4014 6488
536 390 641 446 995

535 507 656 569 fuit,
688 499 942 573 quamdiu
981 498 1112 564 fuit;
1142 510 1263 551 eum
1297 508 1422 547 vero
1457 506 1577 546 esse
1601 489 1805 544 destitit
1826 488 1868 555 ί,
1902 501 2004 540 non
2038 495 2147 537 eSt'

535 595 676 666 quod
727 590 979 660 luitzqui
1024 602 1153 644 vero
1197 602 1302 641 non
1348 578 1807 653 perseveraverit,
1850 576 2118 649 quomodo

536 696 890 758 perseverans
920 681 1052 745 fuit;
1078 693 1200 732 cum
1245 671 1637 746 perseverando
1680 671 1905 739 quisque
1942 675 2117 720 osten-

536 755 626 833 dat
651 792 709 831 se
748 778 1213 845 perseverantem,
1254 765 1396 836 quod
1438 765 1540 818 istc
1584 776 1691 816 non
1731 756 1895 813 fecit?
1922 755 2025 811 Sed
2054 770 2122 809 ne

540 868 819 939 quisquam
850 864 1140 919 reluctetur
1168 868 1223 915 et
1248 859 1389 913 dicat
1415 898 1429 920 ,
1458 856 1514 910 Si
1542 870 1608 908 ex
1635 868 1739 922 quo
1767 849 1941 903 ﬁdelis
1970 848 2119 918 quis-

538 977 643 1031 que
677 959 847 1013 factus
872 963 973 1021 cst,
1009 953 1169 1018 vixit,
1201 950 1351 1005 verbi
1386 948 1553 1019 gratia
1574 985 1589 1011 ,
1619 945 1806 997 decem
1845 955 2045 1006 annos,
2071 948 2125 1003 et

540 1065 727 1105 eorum
756 1046 930 1102 medio
956 1054 1195 1113 tempore
1219 1058 1247 1094 a
1274 1040 1377 1094 lide
1406 1039 1587 1107 lapsus
1622 1043 1732 1099 est,
1766 1047 1941 1086 nonne
1966 1031 2124 1113 quin-

496 1150 647 1212 I'que
671 1154 840 1195 annos
868 1133 1266 1208 perseveravit?
1293 1130 1410 1187 Non
1448 1126 1712 1184 contendo
1740 1125 1808 1180 de
1837 1123 2013 1178 verbis
2036 1163 2052 1189 ,
2082 1121 2127 1176 si

550 1243 605 1289 et
632 1235 717 1288 illa
752 1228 1147 1303 perseverantia
1188 1234 1401 1297 putatur
1435 1237 1555 1276 esse
1592 1217 1846 1284 dicenda,
1878 1225 2126 1286 tanquam

545 1325 800 1395 temporis
826 1323 906 1378 sui
932 1340 943 1375 :
968 1320 1105 1374 hanc
1134 1328 1278 1373 certe
1307 1315 1376 1370 de
1404 1329 1508 1385 qua
1539 1326 1678 1366 nunc
1708 1309 1919 1379 agimus
1945 1320 2130 1377 perse-

544 1419 859 1483 verantiam,
888 1429 990 1485 qua
1030 1413 1081 1466 in
1127 1410 1338 1465 Christo
1366 1412 1739 1481 perseveratur
1769 1414 1938 1471 usque
1980 1398 2037 1453 in
2066 1396 2130 1450 ﬁ-

545 1525 689 1572 nem,
721 1507 862 1561 nullo
892 1504 1051 1560 modo
1071 1502 1320 1556 habuisse
1340 1496 1599 1561 dicendus
1625 1504 1726 1562 est,
1757 1493 1847 1565 qui
1876 1506 1980 1546 non
2008 1504 2131 1559 per-

548 1598 873 1654 severaverit
914 1610 1082 1663 usque
1123 1593 1175 1647 in
1213 1594 1412 1655 tinem;
1454 1588 1732 1658 potiusque
1775 1584 1913 1638 hanc
1950 1580 2132 1636 habuit

550 1694 711 1748 unius
749 1691 873 1745 anni
904 1688 1077 1743 ﬁdelis
1096 1729 1110 1753 ,
1137 1695 1189 1741 et
1219 1691 1473 1754 quantum
1504 1679 1639 1735 infra
1668 1676 1890 1748 cogitari
1916 1682 2131 1747 potest,

554 1790 598 1841 si
628 1787 813 1857 .doncc
853 1793 1151 1839 moreretur
1195 1780 1420 1835 ﬁdeliter
1446 1776 1614 1839 vixit,
1646 1786 1806 1843 quam
1846 1768 2135 1823 multorum

550 1895 837 1945 annorum,
864 1879 909 1931 si
937 1875 1184 1946 exiguum
1216 1869 1469 1942 temporis
1515 1876 1643 1923 ante
1685 1871 1915 1937 mortem
1956 1876 1985 1913 a
2013 1855 2134 1912 fidei

550 1971 838 2026 stabilitate
866 1968 1080 2024 defecit.

622 2062 849 2119 CAPUT
880 2062 943 2117 ll.
971 2091 1040 2101 ——
1062 2060 1118 2114 Ξ.
1160 2058 1277 2126 Quo
1304 2054 1614 2118 constituto,
1642 2049 1919 2105 videamus
1958 2053 2135 2100 utrum

555 2157 671 2213 hinc
695 2154 1107 2226 perseverantia,
1135 2152 1201 2207 de
1231 2165 1333 2221 qua
1363 2149 1562 2203 dictum
1590 2153 1691 2211 est,
1724 2142 1824 2207 Qui
1852 2154 2139 2211 persevera-

552 2251 676 2305 verit
708 2266 862 2319 usque
888 2248 941 2301 in
970 2247 1121 2315 ﬁnem
1144 2286 1159 2311 ,
1191 2244 1272 2299 hic
1312 2242 1482 2303 salvus
1529 2238 1623 2293 erit
1654 2234 1879 2309 (Matth.
1908 2248 1963 2298 x,
1992 2231 2100 2302 22)
2122 2271 2137 2297 ,

555 2345 758 2398 donum
787 2342 857 2395 sit
884 2340 997 2395 Dei.
1024 2336 1176 2404 Quod
1216 2335 1262 2390 si
1291 2349 1397 2389 non
1424 2332 1528 2397 sit,
1558 2326 1827 2400 quomodo
1852 2339 2034 2379 verum
2062 2331 2143 2377 est

559 2435 701 2508 quod
748 2432 1033 2504 Apostolus
1061 2432 1169 2497 ait,
1204 2427 1357 2483 Vobis
1387 2427 1633 2480 donatum
1671 2430 1744 2476 est
1784 2434 1876 2491 pro
1901 2416 2102 2472 Christo
2122 2456 2137 2481 ,

559 2506 659 2581 non
686 2525 848 2579 solum
873 2533 927 2577 ut
953 2521 1168 2583 credatis
1192 2520 1245 2571 in
1274 2532 1409 2581 eum,
1437 2530 1609 2570 verum
1634 2513 1783 2567 etiam
1804 2519 1859 2564 ut
1881 2506 2142 2579 patiamini

561 2633 652 2686 pro
685 2632 741 2669 eo
770 2613 1025 2685 (Philipp.
1053 2628 1092 2677 ι,
1115 2608 1245 2681 29)?
1276 2608 1479 2663 Horum
1502 2604 1698 2676 quippe
1724 2616 1886 2657 unum
1914 2598 2145 2670 pertinet

560 2706 627 2759 ad
658 2705 891 2769 initium,
923 2703 1150 2757 alterum
1179 2698 1247 2754 ad
1292 2698 1450 2753 ﬁnem
1478 2703 1799 2764 :utrumque
1844 2701 2019 2746 tamen
2063 2697 2146 2743 est

566 2798 660 2853 Dei
688 2798 908 2863 donum,
940 2795 1062 2866 quia
1086 2803 1366 2862 utrumque
1390 2790 1591 2845 dictum
1614 2795 1698 2842 est
1722 2797 1841 2843 esse
1867 2782 2139 2846 donatum,

565 2895 703 2945 sicut
728 2898 782 2944 et
805 2887 1051 2958 superius
1072 2885 1181 2955 jam
1211 2882 1463 2937 diximus.
1490 2877 1642 2946 Quod
1664 2877 1805 2933 enim
1828 2883 1910 2930 est
1936 2873 2145 2929 initium

562 2982 742 3036 verius
770 2978 1062 3035 christiano
1082 3017 1095 3041 ,
1123 2989 1284 3046 quam
1324 2971 1549 3029 credere
1587 2971 1641 3025 in
1679 2968 1991 3025 Christum?
2016 2964 2147 3031 Quis

564 3076 688 3129 linis
712 3072 900 3128 melior
940 3078 1051 3136 est,
1079 3083 1236 3139 quam
1277 3067 1387 3137 pati
1424 3079 1522 3137 pro
1556 3063 1771 3119 Christo
1791 3062 1847 3115 ’ἲ
1873 3058 1980 3115 Sed
2005 3056 2149 3129 quod

565 3167 632 3221 ad
659 3164 712 3220 id
739 3164 966 3234 pertinet
989 3168 1050 3215 ut
1071 3159 1319 3215 credatur
1342 3157 1395 3211 in
1418 3155 1686 3211 Christum
1710 3194 1725 3221 ,
1750 3152 2148 3224 qualiscumque

564 3261 781 3314 inventa
811 3263 896 3310 est
919 3250 1291 3316 contradictio,
1336 3256 1398 3303 ut
1424 3248 1623 3302 donum
1650 3244 1744 3301 Dei
1782 3258 1890 3299 non
1917 3240 2145 3305 initium,

565 3350 661 3408 sed
684 3356 1025 3420 augmentum
1052 3343 1179 3400 ﬁdei
1212 3342 1481 3399 diceretur
1504 3356 1518 3392 2
1541 3337 1627 3394 cui
1652 3334 1888 3409 opinioni
1918 3333 2151 3388 donante

570 3443 798 3499 Domino
843 3440 972 3496 satis
1020 3450 1285 3506 superque
1336 3430 1729 3503 respondimus.
1778 3425 1915 3495 Quid
1972 3432 2151 3479 autem

567 3534 673 3595 dici
718 3539 935 3602 potest,
966 3543 1063 3583 cur
1103 3522 1499 3597 perseverantia
1527 3534 1698 3590 usque
1738 3519 1794 3573 in
1835 3516 1995 3570 ﬁnem
2041 3527 2151 3569 non

542 3612 799 3680 donetur
839 3621 891 3676 in
934 3618 1149 3675 Christo
1175 3657 1189 3683 ,
1221 3615 1306 3670 cui
1345 3613 1575 3669 donatur
1615 3610 1723 3680 pati
1768 3622 1868 3680 pro
1902 3604 2151 3667 Christo,

567 3723 698 3781 aut,
749 3722 807 3767 ut
852 3709 1156 3781 expressius
1196 3707 1434 3777 eloquar,
1481 3702 1567 3759 cui
1607 3700 1834 3757 donatur
1871 3696 2007 3752 mori
2054 3710 2153 3768 pro

570 3803 817 3862 Christo?
838 3802 969 3857 Nam
990 3809 1044 3856 et
1066 3800 1255 3856 Petrus
1276 3794 1548 3867 apostolus
1565 3791 1765 3847 donum
1788 3789 1880 3844 Dei
1907 3788 2009 3843 hoc
2034 3800 2155 3843 esse

577 3885 950 3954 demonstrans
977 3911 990 3947 :
1015 3876 1202 3946 Melius
1226 3898 1317 3955 est,
1350 3885 1538 3957 inquit,
1568 3884 1689 3939 bene
1712 3882 1973 3955 facientes,
1999 3879 2043 3936 si
2072 3894 2157 3933 ve-

576 3988 635 4041 lit
664 3987 896 4041 voluntas
920 3982 1050 4049 Dei,
1080 3981 1214 4051 pati,
1241 3994 1393 4051 quam
1420 3980 1551 4031 male
1580 3974 1817 4047 facientes
1838 3971 1880 4042 (l
1906 3968 2048 4024 Petr.
2076 3983 2154 4032 ιιι,

575 4077 690 4148 17).
721 4075 855 4131 Cum
884 4073 1033 4139 dicit,
1065 4072 1108 4126 si
1134 4070 1248 4124 velit
1275 4070 1505 4123 voluntas
1532 4065 1628 4120 Dei
1648 4080 1668 4119 :
1688 4061 1921 4120 ostendit
1947 4060 2049 4115 hoc
2072 4057 2157 4112 di-

573 4170 772 4225 vinitus
798 4165 982 4221 donari
1007 4205 1022 4229 ,
1052 4178 1150 4218 nec
1188 4161 1437 4217 omnibus
1465 4158 1662 4215 sanctis
1682 4199 1696 4223 ,
1724 4167 1784 4211 ut
1820 4168 1918 4224 pro
1944 4152 2157 4209 Christo

577 4260 867 4332 patiantur.
895 4254 1081 4325 Neque
1120 4253 1263 4309 enim
1299 4266 1433 4323 quos
1468 4265 1575 4305 non
1614 4248 1725 4302 vult
1744 4246 1989 4302 voluntas
2019 4243 2114 4298 Dei
2136 4242 2157 4273 ⁸

578 4354 858 4427 pervenire
886 4351 951 4407 ad
977 4348 1362 4421 experientiam
1384 4345 1713 4417 gloriamque
1738 4340 2023 4413 passionis,
2050 4352 2158 4393 non

577 4444 894 4515 perveniunt
939 4441 1005 4497 ad
1050 4454 1271 4511 regnum
1322 4437 1455 4503 Dei,
1500 4434 1547 4490 si
1598 4429 2059 4504 perseveraverint
2108 4430 2160 4483 in

579 4538 797 4599 Christo
820 4549 987 4606 usque
1024 4533 1077 4588 in
1105 4532 1288 4587 ﬁnem.
1320 4528 1424 4585 Sed
1450 4527 1569 4598 quis
1591 4525 1763 4591 dicat,
1790 4524 1907 4579 istis
1933 4537 2042 4578 non
2066 4520 2162 4576 do-

578 4630 695 4685 nari
719 4629 853 4697 hanc
874 4622 1345 4704 perseverantiam,
1374 4619 1462 4691 qui
1484 4617 1796 4690 aegritudine
1815 4615 2054 4686 corporis
2078 4614 2163 4668 vel

579 4732 917 4790 quocumque
957 4731 1083 4771 casu
1130 4712 1431 4769 moriuntur
1473 4709 1527 4764 in
1566 4706 1811 4773 Christo;
1839 4722 1961 4762 cum
2006 4706 2162 4776 longe

581 4809 849 4865 difﬁcilior
882 4807 1107 4873 donetur
1134 4803 1239 4861 illis
1260 4843 1277 4870 ,
1307 4818 1339 4857 a
1366 4801 1558 4873 quibus
1597 4799 1884 4871 suscipitur
1922 4807 1978 4854 et
2014 4812 2162 4853 mors

580 4906 694 4975 ipsa
726 4915 820 4972 pro
845 4899 1097 4955 Christo?
1123 4898 1283 4953 Multo
1308 4895 1503 4966 quippe
1533 4892 1801 4948 difﬁcilius
1838 4905 2153 4961 persevera-

590 5007 697 5061 tur,
725 4993 815 5050 ubi
841 4992 942 5046 hoc
962 4991 1072 5063 agit
1100 4990 1188 5061 qui
1224 4987 1562 5061 persequitur
1584 5000 1652 5041 ne
1679 4994 2071 5056 perseveretur,
2108 4992 2163 5040 et

586 5094 870 5156 propterea
897 5097 1064 5153 usque
1091 5080 1156 5135 ad
1179 5089 1406 5136 mortem
1436 5077 1728 5133 sustinetur
1752 5084 1811 5133 ut
1850 5090 2163 5147 persevere-

591 5188 697 5232 tur.
723 5176 874 5231 Illam
900 5171 1119 5245 proinde
1135 5171 1404 5227 difﬁcilius
1426 5169 1895 5240 perseverantiam,
1914 5168 2067 5223 istam
2092 5166 2167 5220 fa-

587 5273 741 5330 cilius
766 5279 850 5327 est
879 5270 1074 5325 habere
1098 5285 1111 5322 :
1138 5267 1233 5322 sed
1262 5267 1345 5321 cui
1372 5260 1503 5322 nihil
1525 5265 1744 5322 difﬁcile
1767 5275 1868 5331 est,
1901 5264 2056 5319 facile
2084 5273 2166 5319 est

589 5375 868 5433 utramque
892 5360 1110 5415 donare.
1143 5359 1292 5414 Hanc
1312 5358 1454 5413 enim
1485 5357 1729 5427 promisit
1754 5357 1911 5424 Deus,
1939 5356 2124 5410 dicens
2150 5371 2163 5408 :

655 5588 672 5613 ι
700 5581 836 5638 aditi,
864 5580 1065 5631 desistit.
1091 5587 1220 5639 Mss,
1246 5577 1442 5630 destitit.

650 5646 670 5674 ⁸
694 5650 759 5693 tta
784 5656 843 5691 ex
871 5643 1015 5692 editis
1036 5648 1109 5689 Er.
1138 5642 1284 5703 Lugd.
1311 5649 1428 5689 Ven.
1455 5646 1561 5690 Lov.
1588 5647 1637 5691 In
1659 5646 1707 5689 Β.
1736 5640 1977 5704 :Quiﬁnts
1999 5641 2169 5693 melior

650 5718 734 5754 am
764 5705 865 5754 nati
901 5716 989 5754 vro
1019 5703 1248 5754 Christo?
1311 5709 1367 5751 Μ.

590 5718 734 5768 quam
764 5711 865 5767 pali
901 5716 989 5768 pro
1019 5711 1205 5754 Christo
1225 5711 1248 5752 Υ
1311 5711 1367 5751 Μ.

656 5766 807 5815 «mni
828 5775 1026 5834 :_n'eque
1049 5764 1325 5834 quod
1364 5776 1457 5834 non
1480 5764 1575 5816 vult
1603 5773 1744 5817 Deus.
1774 5774 1827 5817 At
1849 5774 1956 5816 Mss.
1980 5781 1993 5817 :
2014 5778 2170 5830 neque

590 5841 715 5881 cnam
738 5830 863 5887 quod
887 5826 979 5879 non
1002 5826 1097 5879 vult
1113 5826 1323 5879 voluntas
1348 5826 1437 5881 Dei

1760 373 1817 431 S.
1858 365 2221 426 AUGUSTINI
2265 362 2571 422 EPISCOPI

3699 364 3798 421 996

2229 478 2483 534 Timorem
2520 494 2684 532 meum
2709 477 2838 530 dabo
2867 477 2921 529 in
2946 492 3032 530 cor
3058 492 3263 543 eorum,
3292 484 3350 541 ut
3373 491 3406 529 α
3431 492 3509 530 me
3542 492 3642 530 non
3667 493 3802 534 recc-

2227 573 2349 626 dant
2382 572 2591 642 (Jerem.
2622 587 2795 636 xxxn,
2822 570 2936 642 40).
2969 569 3120 638 Quod
3146 568 3273 639 quid
3302 578 3386 624 est
3410 568 3553 623 aliud
3576 610 3592 635 ,
3622 584 3801 641 quam,

2227 663 2371 717 Talis
2397 678 2459 717 ac
2485 672 2661 717 tantus
2689 662 2789 716 erit
2829 662 2989 714 timor
3032 676 3203 723 meus,
3247 675 3407 729 quem
3448 659 3588 714 dabo
3630 660 3683 714 in
3712 673 3804 715 cor

2229 770 2434 818 eorum,
2463 764 2520 809 ut
2550 753 2677 808 mihi
2706 761 3109 823 perseveranter
3134 751 3485 807 adhaereant?

2300 846 2353 901 5.
2395 844 2504 898 Cur
2531 853 2706 899 autem
2737 844 3128 913 perseverantia
3165 843 3263 897 ista
3288 843 3529 914 poscitur
3551 857 3582 897 a
3607 843 3734 910 Deo,
3759 844 3805 903 si

2231 950 2337 992 non
2361 934 2515 991 datur
2544 950 2573 988 a
2602 932 2743 989 Deo?
2773 935 2854 993 An
2876 942 2930 988 et
2954 933 3053 989 ista
3078 934 3312 993 irrisoria
3341 933 3536 1003 petitio
3563 942 3665 997 est,
3689 949 3809 993 eum

2234 1029 2285 1083 id
2314 1028 2382 1083 ab
2404 1044 2470 1084 eo
2496 1029 2693 1098 petitur
2712 1027 2852 1097 quod
2877 1026 3042 1081 scitur
3068 1041 3172 1081 non
3200 1026 3375 1095 ipsum
3401 1026 3549 1093 dare,
3574 1026 3667 1085 sed
3697 1028 3811 1099 ipso

2238 1136 2347 1175 non
2376 1119 2536 1175 dante
2575 1134 2695 1174 esse
2743 1119 2797 1172 in
2827 1117 3061 1173 hominis
3090 1126 3387 1187 potestate;
3417 1118 3552 1171 sicut
3581 1118 3814 1173 irrisoria

2235 1224 2318 1270 cst
2364 1215 2524 1269 etiam
2566 1214 2653 1268 illa
2700 1213 2840 1268 actio
2880 1212 3167 1283 gratiarum
3193 1254 3208 1278 ,
3254 1212 3300 1268 si
3346 1228 3413 1268 ex
3453 1212 3553 1268 hoc
3578 1215 3593 1244 ί
3634 1214 3815 1283 gratia:

2235 1317 2463 1379 aguntur
2502 1307 2636 1373 Deo,
2660 1306 2802 1376 quod
2841 1320 2947 1360 non
2986 1304 3202 1360 donavit
3232 1306 3362 1375 ipse,
3388 1321 3488 1361 nec
3507 1304 3674 1359 fecit?
3711 1304 3817 1359 Sed

2236 1398 2377 1470 quod
2412 1399 2483 1454 ibi
2526 1398 2634 1453 dixi
2671 1396 2760 1470 (In
2791 1396 2916 1451 libro
2946 1398 3232 1467 superiore,
3268 1414 3320 1450 η.
3350 1396 3477 1466 59),
3512 1396 3614 1452 hoc
3643 1408 3697 1451 et
3732 1396 3818 1463 hic

2237 1492 2377 1548 dico.
2406 1491 2584 1546 Nolite
2607 1507 2777 1545 errare
2796 1532 2811 1557 ,
2840 1490 3011 1559 inquit
3048 1490 3374 1560 Apostolus;
3404 1490 3539 1545 Deus
3567 1507 3667 1544 non
3704 1491 3821 1543 irri-

2239 1584 2384 1641 detur
2414 1583 2608 1656 (Galat.
2640 1599 2711 1647 vt,
2745 1580 2823 1656 7).
2848 1580 2894 1637 Ο
2929 1581 3107 1647 homo,
3148 1596 3255 1635 non
3293 1580 3579 1636 verborum
3609 1591 3816 1635 tuorum

2240 1684 2445 1731 tantum
2470 1717 2485 1741 ,
2510 1688 2693 1729 verum
2735 1673 2896 1728 etiam
2921 1672 3302 1742 cogitationum
3346 1672 3496 1726 testis
3522 1681 3604 1726 est
3649 1672 3817 1726 Deus:

2242 1766 2287 1821 si
2317 1765 2517 1837 aliquid
2548 1781 2580 1820 a
2610 1774 2757 1820 tanto
2782 1763 2944 1819 divite
2968 1764 3230 1825 veraciter
3257 1778 3320 1819 ac
3346 1763 3571 1819 ﬁdeliter
3609 1764 3819 1834 poscis;

2241 1858 2308 1913 ab
2347 1857 2456 1923 illo,
2481 1872 2511 1911 a
2551 1870 2657 1926 quo
2682 1855 2879 1925 poscis,
2905 1863 2959 1910 te
2992 1854 3234 1924 accipere
3258 1854 3419 1910 crede
3457 1854 3599 1925 quod
3628 1856 3819 1924 poscis.

2241 1952 2359 2007 Noli
2397 1967 2517 2009 eum
2559 1952 2713 2009 labiis
2752 1951 3049 2016 honorare,
3091 1959 3146 2005 et
3184 1966 3346 2021 super
3402 1966 3525 2006 eum
3563 1951 3723 2006 corde
3763 1961 3815 2006 te

2243 2042 2521 2109 extollere,
2566 2040 2792 2096 credens
2828 2056 2858 2095 a
2899 2049 2954 2096 te
2993 2039 3111 2110 ipso
3149 2040 3243 2095 tibi
3278 2054 3417 2107 esse,
3459 2038 3709 2110 quod"hb
3739 2040 3827 2094 illo

2244 2142 2297 2189 te
2323 2132 2479 2203 ﬁngis
2522 2147 2700 2187 orare.
2736 2134 2819 2186 An
2863 2131 2930 2187 ab
2978 2131 3071 2188 illo
3117 2131 3511 2201 perseverantia
3551 2130 3652 2186 ista
3693 2130 3829 2185 forte

2246 2241 2351 2280 non
2384 2224 2657 2295 poscitur?
2686 2222 2804 2279 Jam
2848 2222 2953 2279 hoc
2978 2223 3070 2294 qui
3099 2224 3247 2288 dicit,
3276 2238 3384 2278 non
3412 2223 3549 2278 meis
3586 2222 3829 2293 disputa-

2245 2316 2477 2373 tionibus
2505 2315 2851 2383 refellendus,
2883 2315 2979 2372 sed
3003 2324 3305 2370 sanctorum
3335 2314 3669 2379 orationibus
3692 2329 3828 2369 one-

2245 2411 2443 2467 randus
2470 2418 2555 2467 est
2580 2413 2623 2464 ³.
2656 2412 2740 2465 An
2769 2424 2898 2465 vero
2929 2410 3209 2480 quisquam
3243 2422 3429 2463 eorum
3460 2414 3575 2471 est,
3605 2405 3702 2475 qui
3727 2420 3832 2463 non

2246 2503 2347 2559 sibi
2375 2512 2557 2574 poscat
2579 2517 2610 2557 a
2637 2503 2751 2557 Deo
2779 2510 2837 2557 ut
2866 2508 3173 2571 perseveret
3196 2499 3251 2554 in
3276 2514 3374 2565 eo;
3405 2513 3527 2553 cum
3557 2498 3668 2567 ipsa
3709 2512 3832 2552 ora-

2248 2594 2393 2650 tione
2416 2595 2438 2626 ³
2465 2610 2584 2665 quae
2619 2594 2892 2649 Dominica
2913 2601 3268 2662 nuncupatur,
3296 2590 3419 2660 quia
3438 2604 3555 2644 eam
3578 2586 3835 2642 Dominus

2248 2686 2449 2751 docuit,
2473 2685 2689 2758 quando
2710 2693 2892 2741 oratur
2909 2700 2941 2739 a
2964 2684 3183 2750 sanctis,
3202 2682 3335 2738 nihil
3357 2696 3492 2753 pene
3512 2679 3656 2735 aliud
3674 2692 3835 2750 quam

2249 2779 2644 2848 perseverantia
2676 2778 2825 2849 posci
2852 2777 3212 2847 intelligatur?

2319 2871 2374 2925 4.
2416 2869 2599 2941 Legite
2626 2869 2895 2939 aliquanto
2923 2868 3180 2931 intentius
3204 2866 3318 2938 ejus
3357 2864 3755 2936 expositionem
3782 2862 3838 2929 in

2251 2960 2393 3015 beati
2419 2958 2671 3031 Cypriani
2702 2957 2956 3030 martyris
2984 2957 3143 3023 libro,
3171 2971 3329 3028 quem
3356 2955 3423 3011 de
3448 2955 3549 3011 hac
3568 2969 3631 3010 re
3657 2952 3841 3009 condi-.-

2250 3051 2349 3119 dit,
2380 3051 2529 3121 cujus
2557 3059 2640 3107 est
2668 3050 2849 3105 titulus
2868 3090 2886 3119 ,
2916 3050 2993 3105 De
3022 3048 3296 3104 Dominica
3334 3047 3590 3103 Oratione
3615 3064 3628 3100 :
3657 3055 3713 3103 et
3751 3046 3837 3103 vi-

2251 3139 2375 3197 dete
2402 3149 2526 3197 ante
2551 3148 2679 3211 quot
2698 3153 2887 3207 annos,
2911 3148 3097 3195 contra
3126 3153 3189 3195 ea
3215 3153 3333 3210 qua:
3358 3137 3535 3193 futura
3559 3144 3713 3192 erant
3740 3137 3841 3193 Pe-

2253 3234 2581 3305 lagianorum
2610 3248 2836 3300 venena,
2861 3233 3019 3304 quale
3043 3233 3113 3288 sit
3141 3231 3436 3287 antidotum
3458 3238 3837 3302 prteparatum.

2254 3324 2386 3379 Nam
2416 3324 2518 3379 tria
2545 3332 2705 3391 sunt,
2739 3332 2800 3378 ut
2826 3322 3004 3390 scitis,
3046 3338 3166 3394 quae
3194 3322 3424 3376 maxime
3467 3319 3725 3375 adversus
3749 3334 3843 3375 eos

2254 3415 2515 3471 catholica
2541 3412 2782 3470 defendit
2818 3414 3056 3470 Ecclesia
3081 3430 3095 3468 :
3118 3428 3341 3484 quorum
3373 3419 3456 3467 est
3482 3426 3644 3465 unum
3666 3452 3681 3478 ,
3713 3426 3841 3481 gra-

2257 3511 2384 3565 tiam
2411 3510 2505 3567 Dei
2531 3525 2640 3565 non
2666 3508 2955 3565 secundum
2982 3507 3170 3563 merita
3200 3512 3380 3560 nostra
3411 3503 3559 3568 dari;
3588 3502 3843 3573 quoniam

2257 3600 2352 3656 Dei
2381 3601 2520 3656 dona
2540 3610 2684 3666 sunt,
2705 3609 2760 3657 et
2786 3600 2878 3656 Dei
2903 3599 3071 3670 gratia
3096 3597 3439 3653 conferuntur
3463 3595 3626 3651 etiam
3653 3594 3843 3649 merita

2258 3690 2507 3747 universa
2546 3690 3105 3762 justorumzalterum
3148 3695 3266 3753 est,
3314 3686 3368 3741 in
3418 3692 3847 3756 quantacumque

2256 3783 2459 3853 iustitia
2479 3824 2495 3852 ,
2525 3784 2645 3840 sine
2681 3782 3155 3855 qualibuscumque
3180 3779 3413 3850 peccatis
3439 3779 3492 3833 in
3534 3778 3635 3833 hoc
3658 3792 3849 3833 corru-

2259 3873 2431 3945 ptihili
2457 3888 2685 3945 corpore
2727 3874 2996 3930 neminem
3034 3873 3214 3928 vivere
3243 3888 3256 3924 :
3282 3870 3498 3933 tertium
3526 3878 3644 3936 est,
3673 3868 3847 3923 obno-

2261 3965 2405 4022 xium
2436 3965 2582 4021 nasci
2620 3964 2892 4020 hominem
2917 3972 3140 4035 peccato
3167 3961 3324 4032 primi
3355 3959 3585 4015 hominis
3604 4000 3620 4026 ,
3649 3967 3705 4013 et
3725 3958 3846 4013 vine

2261 4054 2384 4111 culo
2412 4054 2768 4111 damnationis
2793 4053 3128 4120 obstrictum,
3155 4051 3255 4107 nisi
3284 4060 3482 4116 reatus,
3515 4049 3604 4120 qui
3624 4063 3847 4120 genera-

2263 4148 2408 4203 tione
2459 4146 2829 4213 contrahitur,
2880 4143 3285 4217 regeneratione
3338 4142 3591 4198 solvatur.
3645 4140 3848 4203 Horum

2266 4242 2422 4297 trium
2453 4240 2589 4307 hoc,
2617 4240 2759 4311 quod
2790 4239 2910 4296 loco
2939 4239 3126 4294 ultimo
3150 4236 3341 4309 posui,
3391 4235 3565 4291 solum
3597 4247 3705 4287 non
3735 4241 3849 4287 tra-

2264 4341 2436 4389 ctatur
2462 4334 2515 4387 in
2543 4330 2846 4402 supradicto
2879 4328 3101 4401 gloriosi
3130 4326 3380 4398 martyris
3421 4325 3558 4380 libro
3582 4341 3595 4378 :
3618 4324 3689 4379 de
3715 4322 3852 4378 duo-

2265 4427 2366 4482 bus
2395 4440 2524 4480 vero
2548 4424 2759 4479 caeteris
2804 4431 2947 4479 tanta
2991 4421 3103 4477 illic
3136 4418 3512 4492 perspicuitate
3547 4415 3849 4485 disseritur,

2266 4526 2327 4573 ut
2353 4515 2643 4587 supradicti
2686 4514 2956 4582 hazretici,
2989 4512 3113 4568 novi
3156 4510 3356 4566 inimici
3381 4507 3567 4581 gratia:
3609 4505 3851 4573 Christi,

2270 4610 2426 4681 longe
2447 4616 2569 4663 ante
2594 4607 2928 4678 reperiantur
2946 4604 3174 4668 convicti
3199 4618 3318 4659 esse
3339 4616 3498 4673 quam
3524 4598 3656 4655 nati.
3682 4597 3742 4653 In
3769 4596 3855 4653 his

2268 4715 2397 4772 ergo
2426 4699 2629 4756 meritis
2649 4706 2976 4763 sanctorum,
3002 4711 3121 4767 qua:
3143 4694 3285 4759 nulla
3312 4692 3416 4748 nisi
3434 4691 3527 4748 Dei
3548 4689 3688 4746 dona
3703 4698 3853 4755 sunt,

2269 4795 2428 4848 etiam
2458 4790 2906 4862 perseverantiam
2951 4788 3149 4845 donum
3195 4785 3291 4842 Dei
3320 4799 3443 4841 esse
3478 4783 3556 4838 sic
3593 4782 3852 4853 loquitur.

2270 4881 2518 4949 Dicimus,
2551 4880 2743 4951 inquit,
2778 4879 3141 4948 Sanctiﬁcatur
3174 4892 3357 4939 nomen
3385 4884 3526 4929 tuum
3550 4888 3570 4928 :
3590 4888 3693 4927 non
3720 4871 3857 4942 quod

2270 4985 2497 5044 optemus
2527 4971 2634 5028 Deo
2657 5012 2672 5038 ,
2707 4981 2763 5026 ut
2789 4970 3135 5039 sanetiﬁcetur
3171 4966 3482 5027 orationibus
3510 4964 3733 5031 nostris;
3765 4961 3858 5017 sed

2269 5065 2405 5135 quod
2433 5073 2660 5135 petamus
2686 5062 2748 5116 ab
2775 5079 2854 5129 eo,
2881 5071 2939 5117 ut
2967 5078 3150 5116 nomen
3175 5062 3287 5131 ejus
3314 5058 3660 5122 sancti/iretur
3686 5056 3742 5110 in
3763 5071 3857 5109 rio-.-

2272 5156 2367 5208 bis.
2398 5153 2640 5211 Ceterum
2663 5170 2695 5206 a
2719 5168 2818 5222 quo
2852 5152 2987 5208 Deus
3006 5152 3373 5222 sanctiﬁcatum
3403 5150 3488 5221 qui
3526 5150 3636 5219 ipse
3658 5157 3857 5202 saucu-

2271 5247 2389 5317 ﬂcat
2406 5246 2546 5301 ?Sed
2556 5246 2673 5315 quia
2684 5246 2792 5314 ipse
2814 5245 2960 5309 dixit,
2988 5262 3006 5296 ι
3032 5244 3209 5300 Sancti
3228 5252 3397 5308 estote,
3411 5241 3648 5313 quoniam
3663 5249 3713 5294 et
3726 5255 3817 5309 ego
3833 5238 3857 5269 ’⁵

2270 5348 2473 5396 sanctus
2497 5353 2609 5391 sum
2639 5355 2658 5389 ι
2692 5336 2873 5407 (Leuit.
2902 5352 3012 5403 XIX,
3050 5335 3139 5406 ‘3);
3162 5334 3215 5390 id
3247 5335 3459 5405 petimus
3497 5340 3543 5386 et
3594 5345 3855 5401 rogamus,

2338 5580 2352 5610 ¹
2379 5580 2451 5627 Sic
2467 5583 2574 5625 Mss.
2596 5576 2730 5636 Editi,
2755 5577 2798 5627 si
2818 5575 2874 5626 ob
2897 5574 3005 5625 hoc.

2336 5643 2355 5671 ¹
2374 5642 2446 5688 sic
2467 5652 2638 5687 omnes
2801 5646 2856 5688 Ai.
2880 5638 3023 5698 editi,
3047 5634 3341 5687 revocandus
3365 5641 3451 5686 est.

2339 5704 2359 5733 ³
2384 5708 2431 5749 In
2450 5707 2579 5759 Mss,
2597 5700 2764 5748 oratio.

2335 5764 2357 5795 δ
2383 5771 2484 5833 Mss.
2502 5754 2788 5833 .mquornodo
2840 5769 2885 5810 et
2918 5772 3029 5833 ego.
3086 5761 3177 5833 S_ic_
3210 5770 3355 5833 supra
3402 5763 3680 5833 constanter
3730 5754 3861 5807 ferto

2279 5828 2395 5877 baut
2429 5826 2474 5875 in
2510 5819 2629 5874 libro
2652 5823 2715 5873 de
2737 5819 3052 5889 correptione
3075 5829 3127 5877 ct
3146 5819 3317 5885 Gratia,
3353 5833 3403 5871 ιι.
3439 5819 3515 5872 ιο.
3646 5837 3652 5842 ·
