3996 6482
222 388 310 445 99⁸1

228 508 276 555 αι
297 501 376 569 qui
393 500 439 553 in
460 489 720 568 Baptismo
735 500 1031 570 sanctiﬁcati
1070 517 1260 567 sumus,
1304 503 1359 556 in
1397 519 1454 557 ea
1480 504 1618 577 quod
1642 521 1747 559 esse

219 592 425 661 capimus
450 603 833 659 perseveremus.
863 582 930 645 Et
956 592 1111 661 paulo
1139 600 1264 661 post
1301 592 1369 648 de
1408 593 1510 649 hac
1546 596 1658 664 ipsa
1687 611 1747 649 re

222 682 375 737 adhuc
390 679 668 749 disputans,
692 690 748 737 et
766 682 959 737 docens
976 697 1072 737 nos
1093 686 1541 752 perseverantiam
1565 694 1747 755 petere

217 788 242 825 a
266 771 487 835 Domino;
511 769 654 840 quod
687 771 833 826 nullo
858 771 1016 826 modo
1040 782 1183 828 recte
1218 789 1281 828 ac
1306 775 1571 830 veraciter
1598 776 1743 830 face-

217 872 300 924 ret,
326 863 412 917 nisi
431 861 537 931 ejus
559 863 760 917 donum
786 872 840 919 et
865 860 965 919 hoc
1004 874 1184 920 esset:
1214 865 1361 932 Rrec,
1397 867 1588 938 inquit,
1617 885 1742 922 san-

214 952 414 1020 etiﬁcatio
438 961 485 1004 ut
506 951 558 1004 in
587 951 731 1008 nobis
759 964 1047 1024 permaneat
1071 971 1276 1011 oramus
1301 972 1320 1011 :
1344 968 1391 1011 et
1418 959 1537 1027 quia
1563 957 1744 1013 Domi-

219 1058 299 1096 nus
318 1051 360 1095 et
374 1042 520 1112 judea:
542 1056 710 1097 noster
736 1060 914 1100 sanato
939 1063 971 1099 a
999 1063 1053 1101 se
1078 1056 1125 1102 et
1151 1050 1404 1119 viviﬁcato
1426 1054 1443 1085 ί
1471 1053 1743 1105 commina-

215 1142 281 1185 tur
310 1148 397 1197 non
429 1131 738 1202 delinquere,
769 1152 834 1190 ne
864 1138 987 1208 quid
1026 1139 1073 1192 ei
1110 1138 1329 1196 deterius
1354 1141 1446 1211 ﬁat
1473 1143 1651 1214 (Joan.
1682 1160 1735 1213 v,

224 1223 331 1290 ii):
360 1224 470 1277 Ιιαηε
491 1225 738 1281 continuis
776 1229 1084 1286 orationibus
1122 1248 1317 1303 precem
1359 1236 1614 1306 facimus;
1644 1237 1743 1291 hoc

214 1312 356 1369 diebus
377 1323 417 1368 et
440 1315 657 1370 noctibus
681 1320 1015 1387 postulamus,
1053 1334 1111 1376 ut
1134 1325 1468 1394 sanctiﬁcatio
1497 1336 1545 1381 et
1570 1328 1733 1397 viviﬁ-

215 1404 318 1457 cctio
338 1420 437 1474 qua:
457 1406 514 1459 de
532 1404 627 1460 Dei
650 1410 818 1477 gratia
841 1414 1076 1481 sumitur,
1103 1415 1262 1485 ipsius
1287 1419 1597 1487 protectione
1621 1436 1733 1473 ser-

209 1503 334 1547 vetur.
363 1496 411 1550 in
451 1498 864 1556 sanctificatione
907 1501 1067 1573 igitur
1112 1509 1583 1576 perseverantiam,
1630 1510 1732 1567 hoc

208 1594 288 1645 est,
315 1584 434 1638 utin
469 1587 888 1647 sanctificatione
932 1608 1335 1663 perseveremus
1359 1640 1374 1664 ,
1419 1616 1517 1656 nos
1555 1602 1623 1657 ab
1662 1617 1729 1658 eo

207 1682 353 1741 petere
374 1675 461 1730 iste
482 1675 667 1733 doctor
686 1680 952 1754 intelligit,
983 1699 1102 1740 cum
1129 1689 1440 1745 sanetificati
1477 1691 1723 1758 dicimus,

208 1760 515 1834 Sancti/icetur
540 1785 721 1825 nomen
746 1782 907 1827 tuum.
937 1775 1071 1843 Quid
1098 1787 1180 1832 est
1207 1780 1348 1834 enim
1374 1781 1517 1836 aliud
1544 1792 1728 1852 petere

205 1855 317 1924 quod
341 1858 636 1927 accepimus,
670 1863 771 1917 nisi
798 1873 857 1918 ut
880 1865 932 1920 id
956 1883 1169 1938 quoque
1194 1870 1349 1926 nobis
1376 1878 1659 1941 praestetur
1680 1876 1720 1941 ',

206 1964 258 2002 ne
282 1947 448 2005 habere
467 1951 809 2010 desinamus?
838 1956 986 2037 Sicut
1008 1976 1136 2031 ergo
1157 1971 1389 2029 sanctus,
1413 1979 1532 2019 cum
1558 1966 1722 2021 Deum

204 2046 321 2109 rogat
346 2050 394 2094 ut
425 2052 634 2099 sanctus
659 2046 750 2115 sit,
784 2047 837 2103 id
870 2050 1047 2121 utique
1074 2063 1225 2123 rogat
1265 2063 1323 2109 ut
1360 2064 1572 2111 sanctus
1603 2072 1722 2114 esse

204 2140 489 2199 permaneat:
513 2136 583 2190 ita
614 2138 794 2209 utique
818 2149 872 2196 et
897 2152 1095 2210 castus,
1125 2160 1246 2200 eum
1276 2156 1426 2218 rogat
1452 2158 1508 2203 ut
1535 2159 1720 2205 castus

203 2225 279 2288 sit;
303 2226 585 2296 continens,
618 2238 679 2286 ut
718 2232 1000 2291 continens
1028 2238 1133 2304 sit;
1159 2239 1369 2307 justus,
1405 2248 1463 2295 ut
1496 2242 1671 2311 justus
1699 2256 1713 2307 ;

203 2315 307 2383 pius,
332 2326 379 2371 ut
399 2318 540 2388 pius;
572 2330 628 2377 et
654 2332 868 2393 caetera,
893 2342 1012 2395 quae
1037 2339 1223 2385 contra
1243 2330 1555 2402 Pelagianos
1580 2333 1718 2388 dona

202 2406 271 2461 Dei
289 2424 384 2464 esse
404 2410 726 2469 defendimus
752 2431 766 2469 :
791 2416 892 2472 hoc
918 2419 1033 2474 sine
1061 2419 1222 2475 dubio
1245 2431 1448 2492 petunt,
1480 2432 1538 2478 ut
1562 2425 1613 2478 in
1639 2425 1716 2480 eis

204 2512 489 2567 perseverent
510 2504 683 2572 bonis,
714 2523 832 2578 quae
858 2524 917 2566 se
940 2513 1211 2582 accepisse
1239 2525 1517 2570 noverunt.
1561 2518 1715 2586 Quod

202 2589 237 2642 si
255 2592 508 2661 accipiunt,
542 2598 779 2665 profecto
816 2609 872 2655 et
910 2601 1078 2672 ipsam
1106 2609 1554 2673 perseverantiam
1596 2625 1713 2664 ma-

196 2695 316 2748 gnum
341 2684 419 2739 Dei
444 2684 641 2743 donum
667 2729 683 2756 ,
715 2705 821 2761 quo
851 2702 1043 2749 caetera
1068 2694 1206 2751 dona
1233 2696 1348 2768 ejus
1390 2713 1714 2756 conservan-

198 2770 273 2836 tur,
297 2773 550 2843 amipinnt.

244 2864 285 2918 5.
310 2865 462 2932 Quid?
487 2885 606 2925 cum
637 2872 883 2943 dicimus,
922 2876 1101 2932 Veniat
1128 2894 1341 2950 regnum
1370 2890 1548 2947 tuum;
1579 2899 1705 2938 num

195 2953 302 3007 aliud
334 2958 616 3027 poscimus,
663 2964 766 3019 nisi
810 2974 871 3019 ut
912 2968 1090 3022 veniat
1116 2977 1171 3023 et
1194 2968 1376 3038 nobis,
1419 2972 1560 3042 quod
1591 2988 1710 3030 esse

191 3050 413 3103 venturum
455 3066 560 3107 non
600 3054 904 3112 dubitamus
945 3060 1191 3116 omnibus
1234 3064 1464 3119 sanctis?
1494 3066 1632 3137 Ergo
1654 3077 1710 3122 et

190 3134 278 3202 hic,
303 3141 377 3209 qui
409 3141 513 3211 jam
551 3147 723 3201 sancti
751 3158 908 3214 sunt,
952 3151 1079 3221 quid
1116 3162 1306 3220 orant,
1353 3155 1454 3211 nisi
1480 3166 1537 3211 ut
1564 3159 1616 3212 in
1644 3174 1707 3214 ea

188 3229 410 3286 sanctitate
436 3249 551 3303 qua:
576 3235 682 3290 illis
706 3236 825 3292 data
853 3248 935 3294 est
958 3244 1338 3310 perseverent‘l
1361 3245 1542 3317 Neque
1563 3248 1705 3302 enim

187 3319 303 3374 aliter
316 3321 381 3376 eis
400 3325 571 3380 veniet
587 3335 806 3398 regnum
829 3330 944 3397 Dei,
967 3334 1107 3403 quod
1129 3351 1235 3389 non
1255 3336 1391 3403 aliis,
1406 3341 1499 3393 sed
1516 3339 1598 3394 his
1615 3341 1705 3410 qui

187 3422 467 3473 perseverant
480 3430 647 3486 usque
669 3418 721 3472 in
741 3419 916 3486 finem,
936 3431 1138 3477 certum
1160 3434 1240 3480 eSt
1257 3442 1377 3482 esse
1397 3438 1700 3484 venturum.

234 3498 421 3557 CAPUT
457 3504 540 3560 iii.
566 3536 639 3548 ο-
663 3508 713 3563 6.
744 3510 921 3567 Tertia
953 3513 1135 3584 petitio
1163 3525 1282 3581 est,
1330 3517 1451 3573 Fiat
1476 3521 1705 3577 voluntas

186 3591 305 3644 tuin
335 3596 447 3649 malo
472 3608 517 3650 et
559 3599 613 3653 in
637 3608 805 3666 terra;
834 3604 938 3670 vel,
969 3606 1108 3674 quod
1136 3608 1190 3661 in
1218 3608 1483 3680 plerisque
1507 3613 1704 3668 codici-

188 3680 255 3735 bus
271 3683 456 3755 legitur,
476 3690 749 3762 magisque
774 3693 840 3748 ab
866 3697 1139 3752 orantibus
1165 3698 1548 3770 frequentatur,
1572 3706 1702 3761 sicut

186 3773 223 3824 in
244 3778 342 3830 calo
368 3790 411 3833 et
439 3780 491 3834 in
535 3793 669 3837 terra
690 3800 709 3838 :
731 3787 868 3854 quod
912 3790 1149 3859 plerique
1192 3793 1520 3864 intelligunt,
1553 3796 1701 3854 Sient

183 3868 303 3921 sancti
332 3870 509 3942 Angeii
529 3874 549 3906 ³
571 3875 669 3947 (a),
696 3886 746 3933 et
776 3894 872 3934 nos
903 3880 1156 3938 faciamus
1175 3885 1499 3942 voluntatem
1531 3898 1695 3945 tuam.

191 3953 275 4011 Vult
296 3969 456 4017 autem
498 3964 586 4020 ille
626 3966 813 4023 doctor
840 3978 893 4024 et
918 3982 1149 4044 martyr,
1194 3976 1388 4031 etelum
1417 3986 1470 4033 et
1500 3987 1695 4036 terram

179 4044 344 4121 intelligi
373 4055 612 4123 spiritum
640 4068 694 4114 et
721 4075 957 4125 carnem,
986 4073 1042 4118 et
1068 4064 1169 4120 hoc
1193 4082 1290 4122 nos
1315 4083 1489 4135 orare,
1519 4081 1573 4125 ut
1598 4078 1694 4128 Vo-

177 4136 373 4196 iuntatem
399 4145 491 4200 Dei
520 4162 581 4203 re
608 4159 832 4221 utraque
856 4155 1217 4211 concordante
1244 4158 1517 4216 faciamus.
1553 4163 1695 4221 Vidit

175 4225 213 4282 in
232 4230 295 4286 his
320 4237 487 4292 verbis
509 4248 567 4294 et
590 4240 820 4297 alterum
846 4258 1060 4300 sensum
1090 4248 1383 4305 sanissimae
1409 4252 1531 4308 fidei
1560 4270 1692 4309 eon-

173 4334 410 4396 smentem,
442 4330 510 4385 de
531 4336 637 4402 quo
652 4333 762 4403 jam
787 4350 945 4407 supra
971 4338 1131 4394 locuti
1160 4356 1344 4398 sumus
1368 4363 1381 4399 :
1406 4355 1463 4399 ut
1490 4349 1691 4433 scilicet

172 4426 239 4477 pro
256 4416 541 4478 infidelibus
562 4425 651 4494 qui
670 4435 794 4481 sunt
814 4427 986 4484 adhuc
1008 4438 1168 4496 terra,
1194 4443 1463 4491 terrenum
1488 4418 1686 4495 tantum

170 4500 380 4565 hominem
426 4514 595 4582 prima
638 4517 908 4574 nativitate
956 4530 1249 4590 portantes,
1296 4540 1451 4582 orare
1496 4529 1688 4586 intelli-

168 4605 306 4661 gantur
340 4600 543 4671 fideles,
579 4606 671 4676 qui
714 4609 917 4664 etnlesti
954 4610 1167 4669 homine
1198 4615 1399 4683 induti,
1446 4634 1551 4674 non
1583 4621 1685 4675 im-

167 4688 307 4744 merito
351 4693 471 4748 cmli
526 4696 742 4753 nomine
794 4712 1187 4772 nuncupantur.
1244 4705 1345 4762 Ubi
1402 4710 1686 4769 evidenter

164 4780 372 4849 ostendit,
416 4797 471 4841 et
518 4787 725 4845 initium
766 4792 888 4848 fidei
926 4809 1045 4851 esse
1073 4796 1271 4853 donum
1300 4800 1427 4869 Dei,
1468 4807 1681 4874 quando

164 4881 233 4923 non
256 4881 444 4931 tantum
482 4894 581 4949 pro
609 4879 853 4938 fidelibus
891 4894 949 4941 ut
981 4898 1239 4960 augeatur
1262 4891 1314 4946 in
1342 4894 1421 4949 eis
1446 4895 1527 4951 vel
1556 4913 1680 4967 per-

162 4970 317 5019 severet
342 4966 472 5023 fides
495 5011 512 5036 ,
554 4985 737 5028 verum
763 4976 922 5031 etiam
953 4994 1051 5048 pro
1079 4980 1379 5039 infidelibus
1401 4996 1461 5040 ut
1486 4966 1682 5047 habere

161 5048 359 5123 incipiant
381 5074 502 5115 eam
525 5077 683 5132 quam
714 5067 923 5136 penitus
952 5086 1058 5125 non
1089 5071 1384 5144 habebant,
1414 5087 1468 5133 et
1494 5090 1679 5138 contra

158 5158 267 5211 quam
290 5153 447 5206 corda
494 5156 711 5227 insuper
751 5159 963 5217 inimica
991 5165 1300 5233 gestabant,
1349 5182 1530 5227 saneta
1560 5183 1677 5230 orat

158 5230 359 5296 Ecclesia.
388 5238 582 5301 Verum
611 5262 751 5305 nunc
792 5267 898 5306 non
932 5230 1177 5312 de—initio
1202 5258 1324 5315 fidei
1349 5302 1364 5326 ,
1394 5261 1461 5318 de
1489 5278 1595 5334 quo
1623 5267 1675 5324 in

155 5332 375 5396 superiore
403 5334 543 5390 libro
578 5338 742 5394 multa
776 5341 885 5411 jam
916 5343 1144 5401 diximus
1163 5365 1191 5413 ς,
1224 5349 1318 5405 sed
1349 5350 1416 5407 de
1442 5332 1527 5409 illa
1554 5371 1675 5427 qua:

155 5415 341 5477 iubenda
366 5436 449 5481 est
478 5442 646 5498 usque
688 5431 738 5485 in
785 5427 944 5490 tinem
990 5443 1383 5506 perseverantia
1430 5415 1672 5516 disputa—

193 5575 745 5663 ἓξὲίῇειριξξᾈξᾳξαιο
763 5596 809 5639 et
820 5591 1104 5655 justiﬁcata.
1124 5602 1177 5646 at
1192 5597 1335 5660 paulo
1351 5609 1474 5663 post,
1499 5610 1551 5655 ut
1564 5619 1673 5657 san-

153 5634 324 5708 rtiﬁcatio
341 5634 694 5708 etjustiﬁcatt'o.

192 5702 278 5769 {sic
300 5702 402 5753 uss.
420 5702 571 5769 _Bditi,
594 5718 798 5769 praestet.

192 5762 282 5811 'Er.
306 5767 450 5828 Lugd.
479 5762 791 5821 veniettm.
820 5774 896 5826 hic
918 5776 1114 5841 addunt,
1136 5783 1333 5843 faciunt.
1366 5830 1385 5843 ,
1405 5795 1458 5836 Μ..

189 5837 239 5901 (α)
259 5847 479 5910 Subaudi,
505 5848 705 5910 facium.

1196 374 1397 446 LIBER
1436 378 1526 445 DE
1563 389 1743 447 θοΝο
1781 390 2395 463 PERSEVERANTIAZ.

1856 523 2012 575 mus,
2052 529 2208 584 quam
2238 529 2424 588 petunt
2469 526 2647 597 utique
2688 532 2847 588 etiam
2888 526 3058 594 sancti
3090 545 3182 613 qui
3229 545 3431 605 faciunt

1856 599 2177 660 voluntatem
2208 607 2336 676 Dei,
2385 612 2622 673 dicentes
2649 620 2699 675 in
2726 620 3013 696 Oratione,
3053 599 3169 687 Fiat
3195 638 3428 694 voluntas

1873 968 2047 1025 luntas
2073 973 2165 1029 Dei
2202 977 2295 1033 fiat
2331 980 2383 1035 in
2414 984 2580 1051 cteio;
2621 989 2715 1043 sed
2742 968 2800 1046 uit
2829 992 2919 1048 fiat
2960 997 3011 1051 in
3053 1003 3193 1056 terra
3218 1003 3354 1059 sicut
3378 1007 3430 1061 in

1848 1061 1984 1116 caelo
2011 1073 2101 1120 :ut
2148 1074 2287 1123 terra
2326 1072 2531 1130 scilicet
2575 1078 2810 1137 imitetur
2846 1087 3078 1156 omium,
3124 1092 3176 1147 id
3220 1105 3323 1164 est,
3369 1109 3429 1152 ut

1848 1148 2008 1208 homo
2043 1158 2308 1227 angelum,
2339 1164 2423 1219 vel
2467 1167 2693 1226 infidelis
2735 1173 2945 1233 fidelem
2972 1198 2983 1233 :
3010 1148 3076 1238 ac
3100 1198 3196 1252 per
3218 1148 3323 1241 hoc
3456 1164 3469 1199 ²

1844 1253 2055 1301 sanctos
2084 1263 2322 1317 poscere,
2350 1255 2408 1309 ut
2430 1256 2499 1312 sit
2525 1260 2665 1329 quod
2692 1265 2925 1322 nondum
2950 1280 3050 1339 est,
3078 1289 3183 1329 non
3212 1284 3270 1330 ut
3298 1292 3425 1347 per-

1841 1346 2053 1392 severet
2081 1341 2220 1408 quod
2238 1354 2337 1398 est.
2354 1345 2691 1412 Quantalibet
2714 1356 2855 1412 enim
2879 1359 3121 1420 homines
3143 1341 3422 1426 sanctitate

1840 1428 2204 1495 prmpolleant,
2236 1436 2468 1492 nondum
2492 1450 2614 1497 sunt
2638 1448 2869 1516 aequales
2894 1452 3108 1523 Angelis
3132 1457 3225 1512 Dei
3250 1475 3264 1511 :
3288 1476 3422 1517 non-

1839 1513 1963 1570 dum
1996 1534 2124 1590 ergo
2150 1522 2289 1579 sicut
2316 1526 2369 1580 in
2397 1531 2536 1584 coelo
2565 1533 2617 1587 in
2649 1513 2728 1591 eis
2759 1538 2817 1593 fit
2842 1513 3088 1601 voluntas
3112 1547 3228 1604 Dei.
3262 1551 3415 1618 Quod

1836 1607 1880 1660 si
1912 1608 1982 1664 ita
2008 1619 2118 1677 est,
2164 1614 2220 1669 in
2265 1625 2328 1672 ea
2357 1621 2569 1689 quidem
2615 1636 2763 1695 parte
2791 1632 2894 1700 qua
2923 1642 3168 1704 optamus
3210 1651 3269 1696 ut
3312 1642 3415 1699 ho-

1836 1699 2004 1754 mines
2030 1716 2093 1756 ex
2120 1702 2424 1765 infidelibus
2448 1713 2577 1769 fiant
2600 1699 2823 1788 fideles,
2838 1728 2945 1779 non
2960 1699 3374 1796 perseverantia
3397 1778 3411 1799 ,

1833 1789 1927 1844 sed
1965 1790 2175 1849 initium
2217 1794 2425 1855 videtur
2454 1806 2626 1874 optari
2657 1825 2671 1861 :
2704 1809 2756 1865 in
2786 1827 2848 1868 ea
2877 1789 3005 1871 vero
3033 1834 3136 1889 qua
3166 1832 3413 1892 optamus

1833 1888 1889 1933 ut
1916 1879 2157 1941 homines
2187 1886 2239 1941 in
2278 1888 2516 1949 facienda
2548 1897 2821 1958 voluntate
2854 1904 2946 1960 Dei
2992 1879 3270 1980 aequentur
3297 1916 3412 1970 An-

1829 1970 1962 2038 gelis
1990 1972 2123 2041 Dei,
2153 1991 2275 2043 eum
2304 1979 2406 2036 hoc
2431 1996 2586 2041 orant
2612 1993 2803 2061 sancti,
2833 1970 3285 2064 perseverantiam
3312 2007 3412 2062 de-

1830 2078 2191 2127 monstrantur
2219 2089 2401 2144 orare;
2431 2082 2680 2150 quoniam
2710 2102 2870 2145 nemo
2894 2097 3135 2161 perVenit
3160 2092 3227 2153 ad
3258 2101 3405 2157 illam

1827 2169 2087 2213 summam
2112 2202 2127 2226 ,
2172 2178 2292 2232 quae
2332 2167 2385 2221 in
2410 2174 2575 2239 regno
2599 2183 2714 2241 est,
2757 2177 3138 2240 beatitudinem
3162 2229 3181 2253 ,
3221 2191 3319 2245 nisi
3349 2192 3404 2247 in

1825 2261 1889 2301 ea
1914 2251 2192 2307 sanctitate
2216 2270 2375 2325 quam
2401 2264 2626 2331 sumpsit
2667 2265 2723 2321 in
2768 2276 2906 2326 terra
2931 2314 2947 2341 ,
2987 2285 3406 2345 perseveraverit

1826 2355 1991 2410 usque
2018 2343 2071 2397 in
2104 2346 2283 2401 linem.

1894 2430 2117 2489 CAPUT
2142 2436 2230 2492 IV.
2250 2469 2319 2480 —-—
2336 2442 2386 2495 7.
2410 2443 2605 2511 Quarta
2628 2449 2813 2519 petitio
2834 2465 2935 2521 est,
2956 2454 3152 2514 Panem
3174 2472 3402 2519 nostrum

1822 2522 2171 2589 quotidianum
2209 2527 2277 2581 da
2321 2532 2463 2586 nobis
2512 2535 2690 2593 hodie?
2734 2540 2834 2597 Ubi
2879 2545 3062 2603 beatus
3108 2549 3405 2622 Cyprianus

1821 2614 2053 2669 ostendit
2094 2621 2361 2687 quomodo
2404 2634 2460 2680 et
2502 2626 2589 2683 hic
2640 2631 2965 2706 intelligatur
3006 2614 3401 2710 perseverantia

1819 2704 2095 2772 postulari.
2134 2709 2224 2764 Ait
2265 2714 2461 2785 quippe
2506 2719 2647 2776 inter
2691 2704 2882 2782 caetera
2918 2747 2932 2785 :
2969 2704 3174 2790 t-Hunc
3218 2739 3394 2795 autem

1819 2809 2009 2864 panem
2063 2797 2180 2855 dari
2227 2802 2382 2861 nobis
2429 2813 2665 2879 quotidie
2713 2822 3060 2893 postulamus,
3111 2843 3181 2885 ne
3215 2832 3306 2901 qui
3342 2835 3398 2889 in

1819 2885 2033 2944 Christo
2071 2906 2274 2961 sumus,
2316 2907 2370 2953 et
2416 2885 2804 2964 Eueharistiam
2848 2885 3086 2982 quotidie
3127 2885 3398 2980 ad

1817 2976 2003 3033 salutis
2029 2983 2351 3056 accipimus,
2398 2990 2760 3054 intercedente
2799 2976 2978 3074 aliquo
3019 3010 3262 3078 graviore
3303 3014 3399 3071 de-

1817 3067 1944 3124 licto
1962 3112 1976 3137 ,
2024 3073 2148 3129 dum
2176 3077 2405 3137 abstenti
2432 3092 2486 3141 et
2512 3102 2619 3143 non
2647 3097 3103 3157 communicantes
3128 3119 3157 3159 a
3186 3107 3396 3165 caelesti

1813 3171 1953 3229 pane
1997 3164 2379 3238 prohibemur,
2421 3189 2450 3228 a
2490 3176 2689 3262 Christi
2736 3198 2964 3256 corpore
3007 3200 3337 3263 separemur.
3369 3220 3389 3253 ι

1813 3249 1939 3307 limo
1955 3256 2120 3312 verba
2135 3262 2305 3317 sancti
2322 3264 2551 3323 hominis
2567 3257 2683 3339 Dei,
2704 3284 3155 3344 perseverantiam
3174 3301 3395 3355 prorsus

1811 3357 1840 3397 a
1867 3344 2093 3404 Domino
2118 3364 2331 3411 sanctos
2369 3358 2604 3417 indicant
2645 3380 2896 3435 poscere,
2941 3376 3152 3443 quando
3178 3378 3276 3435 hac
3304 3382 3390 3436 in-

1812 3438 2047 3495 tentione
2075 3442 2278 3513 dicunt,
2309 3446 2503 3505 Panem
2529 3464 2754 3510 nostrum
2781 3438 3128 3528 quotidianum
3156 3468 3224 3522 da
3247 3473 3393 3527 nobis

1810 3527 1988 3594 hodie;
2017 3538 2087 3586 ne
2105 3548 2133 3587 a
2155 3533 2350 3593 Christi
2375 3555 2601 3613 corpore
2625 3527 2957 3618 separentur,-
2986 3558 3079 3612 sed
3104 3560 3156 3615 in
3183 3566 3244 3616 ea
3266 3579 3391 3620 san-
3462 3556 3463 3561 “

1807 3617 1988 3675 ctitate
2031 3637 2408 3699 permaneant,
2456 3648 2559 3703 qua
2608 3638 2812 3696 nullum
2841 3659 2946 3714 quo
2988 3647 3111 3705 inde
3150 3659 3388 3723 separari

1807 3716 2133 3779 mereantur,
2160 3714 2360 3774 crimen
2387 3722 2690 3784 admittant.

1878 3788 2103 3858 CAPUT
2148 3806 2377 3865 V.—8.
2417 3814 2612 3881 Quinto
2656 3823 2912 3881 orationis
2958 3826 3077 3885 loco
3120 3832 3380 3903 dicimus,

1804 3889 2016 3948 Dimitte
2038 3899 2180 3952 nobis
2208 3900 2374 3956 debita
2399 3917 2591 3974 nostra,
2624 3912 2752 3967 sicut
2780 3925 2828 3969 et
2854 3935 2946 3974 nos
2971 3921 3269 3982 dimittimus
3297 3931 3387 3985 de-

1804 3980 2043 4038 bitoribus
2083 3990 2284 4045 nostris.
2317 3991 2371 4046 In
2399 4010 2499 4065 qua
2539 3999 2649 4054 sola
2680 4005 2937 4071 petitione
2972 4026 3076 4067 non
3116 4014 3384 4076 invenitur

1804 4074 1951 4140 posci
1998 4084 2413 4144 perseverantia.
2463 4086 2735 4147 Prteterita
2780 4096 2921 4152 enim
2962 4110 3085 4156 sunt
3128 4118 3380 4179 peccata,

1802 4177 1920 4231 qua:
1948 4166 2101 4221 nobis
2128 4177 2186 4223 ut
2212 4171 2543 4232 dimittantur
2564 4194 2813 4238 oramus:
2838 4197 3229 4256 perseverantia
3251 4214 3380 4255 vero

1800 4269 1918 4323 quae
1947 4256 1998 4311 in
2026 4270 2281 4318 aeternum
2308 4267 2482 4324 salvos
2511 4270 2634 4327 facit
2652 4315 2668 4341 ,
2717 4279 2941 4349 tempori
2981 4278 3192 4353 quidem
3220 4290 3380 4362 hujus

1797 4345 1941 4412 vitm,
1982 4364 2089 4404 non
2131 4362 2303 4411 tamen
2330 4370 2566 4427 peracto,
2598 4365 2691 4420 sed
2717 4369 2764 4421 ei
2805 4345 2946 4439 quod
2972 4390 3139 4446 usque
3166 4380 3231 4435 ad
3259 4345 3376 4452 ejus

1798 4436 1958 4492 finem
1985 4452 2170 4511 restat,
2198 4456 2280 4501 est
2306 4456 2622 4509 necessaria.
2641 4436 3073 4532 Operae—pretium
3095 4480 3373 4531 esttamen

1796 4530 2067 4601 paulisper
2115 4534 2348 4607 intueri,-
2390 4547 2657 4612 quomodo
2683 4558 2736 4603 et
2762 4551 2813 4605 in
2842 4530 2941 4609 hac
2966 4559 3221 4626 petitione
3255 4564 3366 4633 jam

1796 4629 1919 4677 tunc
1950 4624 2121 4694 lingua
2145 4627 2414 4702 Cypriani,
2440 4644 2686 4707 tanquam
2716 4644 2821 4698 telo
2859 4624 3207 4708 invictissimo
3231 4657 3247 4686 ¹
3276 4672 3371 4711 ve-

1791 4712 1963 4768 ritatis
1982 4755 1997 4779 ,
2044 4716 2200 4788 longe
2230 4728 2411 4791 postea
2441 4726 2601 4783 futuri
2642 4732 3081 4796 confodiebantur
3110 4742 3366 4803 haeretici.

1790 4801 1960 4858 Etiam
1989 4804 2091 4861 hoc
2116 4810 2258 4865 enim
2288 4813 2553 4885 Pelagiani
2591 4821 2790 4879 audent
2818 4825 3036 4897 dicere,
3090 4832 3363 4895 hominem

1784 4892 1983 4962 justum
2016 4896 2068 4951 in
2100 4898 2199 4954 hac
2226 4902 2330 4958 vita
2360 4907 2563 4963 nullum
2593 4910 2789 4970 habere
2818 4892 3035 4978 omnino
3060 4936 3358 4997 peccatum,

1789 4994 1844 5040 et
1869 4986 1922 5040 in
1951 4987 2142 5046 talibus
2168 4990 2471 5053 hominibus
2513 5016 2633 5057 esse
2670 5005 2780 5073 jam
2823 4986 3077 5079 praesenti
3121 5025 3364 5089 tempore

1788 5078 2081 5138 Eceiesiam
2102 5101 2204 5140 non
2225 5086 2505 5146 habentem
2529 5099 2809 5169 maculam,
2827 5111 2919 5158 aut
2938 5118 3141 5177 rugam,
3162 5115 3365 5170 autali-

1787 5170 1911 5241 quid
1931 5174 2188 5244 ejusmodi
2209 5179 2421 5251 (Ep/tes.
2444 5200 2494 5251 v,
2523 5187 2638 5260 27),
2661 5207 2779 5261 quae
2801 5211 2902 5249 una
2928 5208 2981 5253 et
3002 5170 3137 5257 sola:
3164 5218 3361 5273 sponsa

1785 5264 1855 5319 sit
1873 5265 2360 5343 Christiztanqnam
2387 5291 2582 5347 sponsa
2601 5283 2715 5351 ejus
2736 5302 2840 5342 non
2863 5291 2950 5356 sit,
2983 5308 3102 5361 qua}
3130 5264 3223 5364 per
3244 5299 3360 5353 uni-
3386 5328 3399 5337 ο

1785 5370 1992 5411 versam
2013 5367 2204 5417 terram
2230 5366 2372 5435 quod
2401 5370 2469 5425 ab
2493 5386 2560 5427 eo
2587 5374 2791 5442 didicit,
2814 5370 2961 5449 dicit,
2988 5370 3191 5441 Dimitte
3215 5389 3357 5444 nobis

1785 5442 1949 5505 debita
1968 5463 2157 5510 nostra.
2180 5451 2286 5514 Sed
2312 5464 2567 5521 attendite
2593 5471 2859 5538 quomodo
2880 5474 3010 5530 isms
3031 5477 3354 5547 gloriosissi-

1783 5556 1901 5596 mus
1918 5541 2215 5615 Cyprianus
2237 5550 2523 5610 interimat.
2545 5555 2675 5613 Cum
2699 5563 2839 5616 enim
2861 5541 3229 5636 locum'ipsum
3256 5572 3355 5626 do-

1781 5633 1989 5690 minicae
2013 5640 2269 5696 orationis
2289 5658 2597 5718 exponeret,
2625 5653 2699 5707 ait
2723 5654 2859 5710 inter
2877 5666 3065 5712 etetera
3093 5676 3106 5711 :
3136 5678 3155 5711 ‹
3178 5661 3348 5728 Quam

1780 5727 2079 5782 necessarie
2123 5737 2328 5796 autem,
2380 5751 2536 5804 quam
2588 5743 2922 5809 providenter
2964 5755 3016 5801 et
3062 5750 3341 5809 salubriter

1843 5882 1850 5893 '
1895 5886 1946 5928 tu
1998 5890 2110 5934 ante
2161 5884 2299 5935 editis
2324 5926 2337 5947 ,
2396 5889 2737 5943 ἰηιτετιίεεὶηισο
