3996 6486
201 481 311 538 1001

194 605 434 665 rogamus,
459 604 524 646 ne
549 589 677 660 quis
701 603 760 645 se
783 589 1070 646 insolenter
1104 589 1359 655 extollat,
1386 605 1456 646 ne
1477 589 1596 659 quis
1626 587 1733 644 sibi

186 683 384 757 superbe
439 690 493 738 et
549 692 868 754 arroganter
914 682 1111 754 aliquid
1165 689 1436 747 assumat,
1488 697 1556 736 ne
1613 681 1732 751 quis

184 789 257 836 aut
279 774 619 836 confessionis
643 786 737 832 aut
767 777 1026 847 passionis
1046 777 1268 848 gloriam
1297 793 1446 833 suam
1477 777 1635 832 ducat
1663 777 1679 807 ¹
1718 793 1733 832 :

186 886 284 926 cum
310 866 551 922 Dominus
578 868 698 938 ipse
725 867 1077 925 humilitatem
1105 868 1306 926 docens
1330 912 1344 936 ,
1373 868 1601 942 dixerit,
1644 866 1733 922 Vi-

189 965 315 1035 gilat:
351 968 395 1015 et
457 969 626 1026 orate,
686 978 750 1016 ne
786 963 996 1018 veniatis
1033 964 1085 1018 in
1129 965 1483 1028 tentationem;
1525 961 1733 1032 spiritus

194 1057 360 1127 quidem
378 1064 630 1125 promptus
651 1063 744 1122 est,
772 1073 891 1110 caro
920 1066 1086 1111 autem
1110 1057 1317 1126 infirma
1343 1053 1559 1128 (Matth.
1581 1069 1730 1122 xm,

199 1146 270 1219 ll)
295 1164 307 1200 :
330 1154 375 1199 ut
395 1142 515 1200 dum
539 1145 791 1214 praecedit
817 1146 1028 1202 humilis
1054 1155 1108 1202 et
1133 1146 1396 1202 submissa
1423 1144 1692 1202 confessio
1712 1185 1729 1214 ,

201 1249 242 1296 et
257 1239 387 1294 datur
409 1247 569 1292 totum
599 1238 740 1305 Deo,
768 1239 1020 1319 quidquid
1051 1239 1363 1310 suppliciter
1387 1253 1512 1294 cum
1541 1237 1732 1293 timore

201 1331 274 1386 Dei
300 1330 499 1400 petitur,
531 1329 696 1397 ipsius
726 1330 922 1399 pietate
953 1338 1258 1400 praestetur.
1297 1349 1316 1383 ι

256 1421 450 1479 CAPUT
489 1409 596 1476 Vili.
627 1453 701 1462 —
730 1423 816 1478 15.
857 1423 912 1478 Si
956 1439 1085 1495 ergo
1114 1424 1219 1478 alia
1257 1423 1579 1479 documenta
1625 1427 1734 1477 non

202 1524 377 1580 essent,
423 1513 531 1569 haec
559 1514 826 1570 dominica
855 1517 1027 1572 oratio
1072 1517 1227 1572 nobis
1267 1517 1335 1572 ad
1365 1531 1584 1573 causam
1609 1531 1735 1586 gra-

203 1609 298 1674 tiae,
323 1623 460 1679 quam
505 1605 878 1676 defendimus,
933 1609 1045 1665 sola
1087 1608 1362 1666 sufﬁceret
1393 1627 1406 1662 :
1437 1609 1560 1679 quia
1603 1608 1734 1662 nihil

203 1700 325 1754 nobis
343 1699 540 1770 reliquit
563 1701 607 1768 ⁸,
636 1700 690 1755 in
719 1717 826 1770 quo
853 1709 1102 1770 tauquam
1130 1700 1182 1755 in
1213 1709 1400 1760 nostro
1419 1700 1731 1771 gloriemur.

201 1789 426 1860 Siquidem
453 1801 504 1846 et
531 1800 589 1846 ut
615 1807 720 1846 non
747 1790 1086 1849 discedamus
1115 1807 1144 1846 a
1173 1781 1288 1847 Deo
1307 1834 1322 1857 ,
1353 1807 1460 1846 non
1501 1791 1735 1847 ostendit

201 1881 396 1936 dandum
420 1896 534 1938 esse
559 1882 660 1938 nisi
687 1898 716 1936 a
747 1883 888 1950 Deo,
935 1898 1057 1938 cum
1091 1883 1412 1953 poscendum
1442 1883 1676 1938 ostendit
1705 1897 1734 1935 a

202 1973 305 2028 Deo.
326 1973 412 2042 Qui
435 1975 572 2029 enim
597 1990 703 2030 non
732 1974 958 2035 infcrtur
987 1976 1040 2029 in
1069 1977 1415 2032 tentationem
1436 2017 1451 2043 ,
1483 1991 1591 2030 non
1622 1975 1734 2029 dis-

201 2065 314 2121 cedit
336 2065 508 2126 aDeo.
536 2065 655 2121 Non
677 2074 760 2122 est
786 2065 890 2121 hoc
916 2067 1134 2121 omnino
1156 2066 1211 2121 in
1241 2066 1441 2122 viribus
1471 2065 1625 2120 liberi
1649 2080 1738 2118 ar-

202 2157 347 2225 bitrii,
373 2157 546 2228 quales
568 2175 712 2213 nunc
737 2167 862 2213 sunt
886 2176 898 2212 :
927 2158 1096 2213 fuerat
1125 2158 1176 2213 in
1205 2157 1422 2214 homine
1450 2168 1736 2227 antequam

201 2249 393 2306 caderet.
423 2250 544 2318 Quae
577 2261 752 2306 tamen
794 2251 1011 2307 libertas
1035 2250 1323 2306 voluntatis
1366 2251 1419 2304 in
1453 2249 1594 2304 illius
1624 2247 1736 2319 pri-

203 2358 282 2398 ma:
301 2343 599 2399 conditionis
643 2345 950 2414 praestantia
999 2353 1253 2415 quantum
1279 2343 1534 2409 valuerit,
1573 2355 1739 2412 appa-

202 2434 287 2489 ruit
318 2436 364 2490 in
403 2435 641 2507 Angelis,
672 2438 760 2508 qui
779 2479 794 2505 ,
831 2436 1046 2492 diabolo
1069 2452 1190 2492 cum
1221 2437 1331 2491 suis
1374 2435 1599 2492 cadente
1624 2476 1640 2503 ,
1681 2434 1738 2489 in

203 2529 384 2585 veritate
422 2537 705 2598 steterunt,
739 2538 794 2586 et
820 2530 885 2586 ad
913 2531 1255 2587 securitatem
1288 2536 1597 2600 perpetuam
1627 2542 1736 2586 non

202 2621 417 2690 cadendi,
458 2623 508 2678 in
547 2638 650 2694 qua
699 2637 844 2678 nunc
880 2638 974 2680 eos
1019 2637 1139 2679 esse
1182 2621 1468 2679 certissimi
1509 2635 1694 2677 sumus
1719 2662 1734 2688 ,

201 2714 438 2784 pervenire
493 2725 825 2772 meruerunt.
893 2717 1021 2772 Post
1084 2731 1266 2772 casum
1317 2725 1495 2770 autem
1560 2714 1737 2769 homi—

201 2806 295 2871 Iis,
336 2807 529 2862 nonnisi
576 2807 644 2862 ad
693 2808 917 2879 gratiam
969 2823 1120 2863 suam
1163 2807 1307 2862 Deus
1364 2807 1530 2863 voluit
1572 2806 1740 2877 perti-

202 2914 332 2966 nere,
358 2910 409 2956 ut
433 2901 590 2956 homo
630 2902 849 2958 accedat
877 2901 944 2957 ad
985 2918 1140 2967 eum;
1189 2916 1364 2972 neque
1388 2901 1492 2958 nisi
1517 2899 1584 2956 ad
1613 2915 1740 2972 gra-

200 2989 301 3046 tiam
337 3007 473 3048 suam
527 2994 695 3050 voluit
735 2994 1034 3065 pertinere,
1085 3003 1145 3050 ut
1171 2996 1330 3050 homo
1373 3008 1480 3050 non
1524 2991 1742 3050 recedat

199 3082 346 3139 abeo.

254 3177 328 3233 11.
369 3177 508 3236 Hanc
551 3179 778 3250 gratiam
823 3179 1001 3249 posuit
1039 3179 1096 3236 in
1138 3180 1264 3248 illo,
1297 3180 1349 3235 in
1387 3195 1494 3251 quo
1537 3189 1739 3238 sortem

198 3268 426 3324 consecuti
474 3285 690 3340 sumus,
744 3271 1105 3341 prmdestinati
1153 3269 1446 3328 secundum
1489 3273 1738 3344 proposi-

199 3369 286 3415 tum
325 3361 428 3431 ejus
477 3364 568 3433 qui
611 3363 858 3419 universa
905 3373 1177 3434 operatur.
1227 3364 1306 3420 Ac
1331 3379 1428 3434 per
1452 3362 1560 3420 hoc
1602 3363 1743 3421 sicut

200 3463 408 3522 operatur
431 3464 489 3510 ut
514 3455 834 3511 accedamus
853 3499 869 3524 ,
897 3456 975 3512 sic
1011 3466 1263 3528 operatur
1291 3472 1360 3512 ne
1379 3456 1736 3513 discedamus.

200 3541 383 3616 Propter
422 3547 563 3618 quod
611 3548 661 3604 ei
703 3564 800 3618 per
839 3548 1153 3619 prophetam
1179 3549 1200 3581 ³
1223 3549 1424 3605 dictum
1451 3558 1568 3618 est,
1617 3547 1742 3604 Fiat

200 3654 342 3696 mutus
369 3651 450 3694 tua
484 3658 637 3712 super
662 3642 822 3696 virum
852 3642 1071 3697 dextera
1113 3652 1245 3710 tute,
1292 3652 1339 3698 et
1383 3659 1537 3714 super
1579 3641 1734 3712 ﬁliam

199 3729 376 3788 [taurinis
398 3750 541 3802 quem
561 3734 872 3804 conﬁrmasti
899 3734 1026 3802 tibi;
1074 3743 1122 3790 et
1145 3751 1247 3790 non
1265 3735 1582 3791 discedimus
1624 3753 1656 3790 a
1692 3744 1741 3792 te

201 3819 334 3890 (Psal.
363 3841 547 3891 ωιιιι,
582 3825 804 3892 18,19).
838 3826 942 3880 Iste
989 3835 1135 3881 certe
1177 3841 1282 3881 non
1319 3835 1403 3882 est
1430 3826 1598 3881 Adam
1630 3828 1738 3896 pri-

200 3927 317 3982 mus,
360 3916 408 3970 in
452 3931 558 3986 quo
587 3915 932 3972 discessimus
959 3914 1026 3972 ab
1052 3932 1118 3972 eo
1150 3935 1163 3970 :
1192 3917 1287 3973 sed
1317 3917 1482 3972 Adam
1515 3917 1742 3973 novissi-

200 4020 316 4069 mus,
336 4023 489 4078 super
513 4024 672 4078 quem
701 4010 758 4062 tit
782 4023 968 4063 manus
995 4009 1112 4078 ejus
1129 4051 1145 4078 ,
1177 4019 1236 4064 ut
1263 4025 1369 4064 non
1400 4008 1738 4065 discedamus

197 4097 248 4152 ab
284 4115 357 4154 eo.
399 4101 639 4155 Christus
668 4103 810 4156 enim
853 4109 996 4156 totus
1023 4116 1144 4156 cum
1183 4102 1437 4158 membris
1477 4102 1590 4158 suis
1614 4111 1735 4171 est,

197 4199 377 4260 propter
419 4190 751 4256 Ecslesiam,
800 4207 919 4262 quae
966 4200 1048 4247 est
1073 4207 1268 4262 corpus
1293 4191 1440 4262 ejus,
1468 4193 1739 4262 plenitudo

196 4279 307 4348 ejus.
332 4282 452 4338 Cum
481 4299 611 4356 ergo
639 4285 698 4340 fit
719 4299 878 4354 super
901 4299 1024 4339 eum
1053 4299 1241 4338 manus
1269 4284 1386 4348 Dei,
1414 4293 1599 4340 utnon
1627 4286 1734 4341 dis-

197 4375 408 4432 cedamus
442 4393 471 4431 a
518 4380 664 4444 Deo,
717 4377 784 4433 ad
829 4392 926 4432 nos
973 4378 1154 4447 utique
1199 4378 1438 4446 pervenit
1480 4393 1615 4448 opus
1646 4378 1738 4434 Dei

199 4466 299 4536 (hoc
339 4477 416 4524 est
456 4471 600 4526 enim
631 4468 868 4526 ‘manus
910 4468 1026 4540 Dei)
1066 4468 1250 4539 :quo'
1277 4485 1440 4539 opere
1485 4470 1578 4524 Dei
1605 4469 1662 4524 ﬁt
1682 4480 1741 4526 ut

195 4557 329 4613 simus
350 4559 398 4615 in
419 4561 630 4616 Christo
657 4568 1029 4631 permanentes
1057 4577 1177 4617 cum
1205 4561 1352 4628 Deo;
1386 4577 1490 4617 non
1521 4563 1657 4618 sicut
1684 4564 1738 4619 in

195 4648 357 4717 Adam,
402 4653 733 4710 discedentes
779 4670 810 4708 a
856 4654 986 4709 Deo.
1018 4652 1074 4708 lu
1118 4651 1329 4709 Christo
1356 4654 1500 4709 enim
1538 4665 1739 4711 sortem

195 4748 429 4802 consecuti
471 4763 690 4815 sumus,
743 4747 1108 4818 praedestinati
1149 4747 1442 4803 secundum
1488 4749 1736 4819 proposi-

195 4845 282 4892 tum
321 4840 430 4910 ejus
472 4843 562 4912 qui
602 4841 848 4896 universa
892 4849 1163 4911 operatur.
1205 4841 1390 4896 Manus
1439 4842 1598 4912 igitur
1641 4843 1737 4897 Dei

195 4937 259 4981 est
282 4929 399 4996 ista,
425 4947 532 4986 non
577 4941 758 4987 nostra
779 4973 795 4998 ,
828 4939 886 4986 ut
915 4947 1020 4986 non
1048 4931 1383 4988 discedamus
1409 4948 1440 4987 a
1467 4932 1598 4988 Deo.
1630 4934 1738 4988 Ma-

193 5030 302 5088 lus,
349 5022 589 5093 inquam,
639 5023 756 5094 ejus
804 5031 888 5079 est
934 5023 1067 5088 ista,
1122 5023 1212 5093 qui
1264 5023 1424 5090 dixit,
1481 5023 1738 5080 Timorem

194 5130 327 5169 meum
351 5117 475 5173 dabo
501 5120 557 5172 in
575 5134 662 5173 cor
685 5135 878 5183 eorum,
900 5125 1013 5172 uta
1039 5133 1118 5172 me
1141 5133 1242 5173 non
1268 5118 1503 5173 recedant
1519 5116 1731 5191 (Jerem.

192 5219 316 5262 χιιι]
337 5248 352 5276 ,
374 5208 483 5282 40).

249 5298 326 5353 15.
357 5300 575 5370 Propter
615 5300 759 5371 quod
787 5310 842 5357 et
883 5301 1026 5372 posci
1056 5316 1084 5356 a
1112 5316 1170 5357 se
1197 5303 1392 5370 voluit,
1427 5318 1495 5358 ne
1538 5302 1737 5360 infera-

192 5401 289 5443 ll'llll'
313 5389 363 5445 in
387 5393 733 5448 tentationem
764 5410 778 5447 :
806 5393 928 5464 quia
954 5401 1008 5449 et
1048 5393 1093 5449 si
1119 5407 1224 5449 non
1250 5393 1564 5463 inferimur,
1593 5396 1735 5452 nulla

241 5627 257 5690 ξ
287 5627 424 5690 ﬁdem
441 5629 654 5690 codices.
674 5625 824 5690 dicat-

241 5688 260 5756 ξ
286 5689 465 5756 “illum
485 5698 617 5751 “55-9
640 5687 884 5756 “We

242 5747 262 5824 ξ
287 5747 728 5824 ῥιὶᾷξιοι-διεδῲερετ
747 5747 1059 5824 prophetiam.

243 5813 263 5843 δ
290 5813 530 5875 Hirtium,
552 5813 702 5875 enim,
723 5813 862 5875 abest
891 5829 920 5866 a
941 5817 1101 5867 veteri
1123 5817 1288 5867 codice
1310 5816 1606 5867 Corbeiensi.

239 5875 258 5906 '
284 5877 352 5944 S_ic
371 5874 522 5929 nostri
532 5874 769 5928 omneSet
789 5874 966 5941 Belgici
988 5884 1092 5929 tres
1112 5879 1439 5941 manuscripti.
1464 5879 1581 5930 Editi
1595 5892 1731 5944 vero,

597 6019 824 6087 Sacr.
866 6023 1144 6089 Accusa.
1187 6025 1268 6087 Χ.

1173 475 1374 533 LIBER
1410 475 1498 531 DE
1536 424 1716 530 υόΝο
1752 471 2375 532 ΡΕΒδΕγΕιιΑΝΤιΑς.

3285 477 3422 537 1001

1839 585 1906 641 ab
1929 601 1992 641 eo
2017 587 2224 643 ratione
2249 587 2594 644 discedimus.
2622 587 2774 656 Quod
2805 597 3011 660 poterat
3039 591 3191 648 nobis
3219 599 3276 649 et
3304 607 3418 650 non

1840 679 2114 735 orantibus
2151 680 2263 736 dari
2307 698 2321 735 :
2371 681 2465 738 sed
2502 682 2744 738 oratione
2783 693 2962 738 nostra
2991 699 3090 740 nos
3120 687 3287 742 voluit
3315 686 3416 742 ad—

1840 771 2067 840 moneri,
2092 787 2122 826 a
2148 789 2252 842 quo
2274 773 2591 843 accipiamus
2619 774 2734 831 haec
2753 775 3030 831 beneﬁcia.
3054 776 3099 832 A
3123 793 3228 848 quo
3251 778 3420 848 enim,

1841 859 1943 914 nisi
1969 862 2039 918 ab
2059 862 2152 919 illo
2174 865 2493 934 accipimus,
2526 881 2554 920 a
2577 881 2682 937 quo
2705 867 2914 937 jussum
2941 876 3024 923 est
3049 875 3107 923 ut
3138 873 3421 939 petamus?

1841 953 2069 1012 Prorsus
2111 957 2163 1012 in
2209 957 2307 1014 hac
2350 975 2408 1014 re
2455 975 2564 1015 non
2609 975 2864 1038 operosus
2910 960 3297 1032 disputationes
3322 977 3420 1018 ex-

1841 1057 2046 1117 spectet
2073 1048 2312 1106 Ecclesia
2345 1069 2358 1105 :
2389 1052 2483 1108 sed
2511 1053 2749 1109 attendat
2792 1055 3127 1125 quotidianas
3151 1055 3423 1112 orationes

1840 1153 1985 1197 anas.
2007 1141 2168 1209 Orat,
2198 1151 2256 1199 ut
2279 1145 2538 1202 increduli
2576 1146 2799 1202 credant
2828 1165 2841 1201 :
2873 1148 3012 1202 Deus
3042 1164 3169 1220 ergo
3194 1164 3424 1205 conver-

1841 1231 1903 1289 tit
1929 1233 1996 1290 ad
2023 1234 2178 1290 [idem
2207 1237 2246 1292 ⁸.
2274 1237 2431 1303 Orat,
2464 1246 2521 1292 ut
2547 1238 2828 1294 credentes
2864 1247 3208 1309 perseverent
3237 1259 3250 1294 :
3279 1241 3424 1297 Deus

1841 1339 1970 1395 ergo
1998 1324 2161 1381 donat
2180 1329 2629 1396 perseverantiam
2653 1344 2819 1402 usque
2844 1330 2894 1384 in
2923 1330 3104 1385 ﬁnem.
3132 1330 3258 1386 Haac
3282 1331 3426 1386 Deus

1841 1414 2103 1473 facturum
2134 1435 2192 1474 se
2221 1434 2341 1476 esse
2373 1422 2636 1491 praescivit
2663 1423 2684 1455 ³
2715 1441 2729 1477 :
2762 1422 2879 1493 Ipsa
2909 1431 2992 1480 est
3028 1424 3428 1495 praedestinatio

1842 1521 2147 1566 sanctorum
2168 1555 2182 1580 ,
2214 1527 2350 1584 quos
2371 1515 2517 1585 elegit
2559 1515 2612 1569 in
2648 1512 2850 1571 Christo
2878 1525 2995 1571 ante
3020 1517 3427 1572 constitutionem

1843 1602 2054 1671 mundi,
2084 1613 2140 1657 ut
2161 1613 2340 1660 essent
2363 1607 2527 1659 sancti
2549 1616 2598 1662 et
2624 1608 2933 1663 immaculata
2953 1626 3006 1664 in
3029 1619 3296 1681 conspectu
3316 1609 3430 1681 ejus

1842 1693 1898 1748 in
1943 1695 2228 1762 charitate;
2267 1698 2627 1767 prwdestinans
2653 1715 2748 1756 eos
2770 1701 2823 1755 in
2859 1701 3179 1773 adoptionem
3206 1703 3430 1772 ﬁliorum

1845 1804 1934 1857 per
1956 1786 2134 1844 Jesum
2162 1788 2418 1844 Christum
2451 1792 2502 1845 in
2539 1791 2705 1862 ipsum
2724 1835 2741 1860 ,
2765 1794 3042 1849 secundum
3072 1795 3317 1867 placitum
3343 1811 3431 1850 ua-

1843 1878 2052 1936 luntatis
2078 1897 2184 1936 suae
2210 1883 2264 1936 in
2293 1883 2494 1938 laudem
2521 1885 2698 1955 gloria:
2721 1887 2898 1958 gratia:
2923 1903 3059 1953 sua,
3097 1888 3149 1942 in
3174 1904 3274 1959 qua
3311 1905 3432 1959 gra-

1843 1971 2049 2042 tiﬁcuvit
2077 1989 2170 2029 eos
2192 1975 2245 2029 in
2270 1975 2452 2030 dilecto
2475 1974 2614 2031 Filio
2639 1994 2730 2032 suo
2749 2019 2764 2046 ,
2795 1979 2847 2032 in
2873 1995 2972 2050 quo
2997 1979 3196 2036 habent
3229 1979 3431 2034 redem-

1844 2064 2065 2134 ptionem
2094 2083 2183 2134 per
2205 2067 2498 2137 sanguinem
2523 2068 2687 2139 ipsius
2705 2111 2720 2137 ,
2743 2070 3086 2125 remissionem
3106 2079 3428 2142 peccatorum

1842 2155 2119 2210 secundum
2156 2156 2356 2212 diuitias
2383 2159 2562 2229 gratia:
2590 2161 2734 2232 ejus,
2783 2176 2898 2229 qua:
2918 2163 3194 2217 abundavit
3235 2162 3291 2218 in
3333 2178 3430 2219 eos

1843 2246 1897 2301 in
1922 2247 2059 2301 omni
2087 2249 2332 2319 sapientia
2355 2258 2400 2302 et
2426 2251 2730 2320 prudentia;
2758 2260 2816 2306 ut
2840 2253 3117 2307 ostenderet
3140 2252 3219 2309 eis
3245 2263 3433 2325 mystc-

1844 2337 1980 2390 rium
2033 2338 2304 2393 voluntatis
2364 2356 2472 2395 sua:
2534 2341 2808 2397 secundum
2879 2343 3060 2398 bonam
3123 2345 3431 2400 voluntatem

1843 2445 2021 2495 suum,
2050 2447 2200 2500 quam
2239 2433 2499 2504 praposuit
2534 2435 2588 2487 in
2611 2433 2734 2500 illo,
2766 2435 2820 2489 in
2859 2435 3229 2504 dispensatione
3270 2437 3432 2507 pleni-

1845 2520 2032 2575 tudinis
2053 2531 2366 2591 temporum,
2391 2523 2676 2578 instaurare
2711 2526 2881 2579 omnia
2915 2527 2970 2580 in
2991 2525 3190 2582 Christo
3232 2542 3349 2598 qua:
3376 2528 3430 2583 iu

1843 2613 1982 2668 cretis
2007 2622 2126 2667 sunt
2148 2622 2194 2668 et
2219 2630 2332 2685 quae
2359 2616 2412 2668 in
2435 2616 2579 2670 terris
2603 2616 2656 2671 in
2677 2617 2787 2688 ipso
2803 2634 2824 2683 ;
2851 2619 2904 2672 in
2931 2636 3029 2690 quo
3065 2620 3215 2674 etiam
3243 2630 3289 2674 et
3318 2637 3434 2675 sor-

1844 2711 1944 2760 tem
1976 2710 2224 2762 consecuti
2252 2723 2426 2764 sumus
2448 2747 2464 2773 ,
2515 2709 2858 2777 prwdestinati
2896 2712 3174 2765 secundum
3202 2713 3436 2781 proposi-

1845 2805 1954 2878 tum
1997 2799 2085 2870 qui
2121 2800 2354 2854 universa
2396 2810 2634 2872 operatur
2663 2801 2880 2874 (Ephes.
2934 2820 2987 2873 ι,
3017 2803 3196 2877 4-11).
3239 2806 3435 2862 Contra

1845 2887 2001 2946 istam
2045 2892 2285 2949 veritatis
2331 2902 2439 2949 tam
2476 2895 2674 2950 claram
2719 2890 2934 2965 tubam,
2979 2899 3096 2968 quis
3139 2898 3302 2955 homo
3347 2915 3434 2955 so—

1844 2981 1978 3041 bria:
2019 2985 2390 3058 vigilantiaque
2416 2986 2538 3043 ﬁdei
2577 3002 2738 3045 voces
2784 2989 2920 3048 ullas
2965 2990 3210 3047 admittat
3246 2992 3436 3047 huma-

1739 3116 1753 3134 .
1845 3077 1976 3134 nas?

1917 3170 2144 3228 CAPUT
2172 3172 2308 3229 Vlll.
2338 3203 2409 3215 --
2430 3174 2516 3230 16.
2563 3173 2672 3231 Sed
2702 3193 2722 3227 ι
2751 3191 2848 3231 cur
2867 3218 2880 3244 ,
2917 3197 2936 3230 ι
2966 3177 3170 3249 inquit,
3205 3197 3226 3231 r
3260 3179 3429 3251 gratia

1846 3265 1947 3322 Dei
2001 3282 2108 3322 non
2155 3267 2448 3324 secundum
2492 3270 2678 3325 merita
2725 3269 3002 3328 hominum
3050 3273 3239 3328 datur?
3274 3291 3294 3326 ι
3329 3273 3435 3329 Re-

1845 3358 2104 3429 spondeo,
2133 3358 2393 3428 Quoniam
2423 3361 2562 3415 Deus
2592 3362 2897 3418 misericors
2923 3373 3023 3419 est.
3049 3383 3070 3417 ι
3092 3363 3203 3420 Cur
3227 3380 3375 3436 ergo,
3409 3384 3428 3419 ι

1845 3449 2046 3522 inquit,
2085 3469 2105 3503 ‹
2143 3466 2252 3506 non
2299 3453 2585 3509 omnibus?
2615 3471 2635 3506 ι
2667 3453 2738 3513 Et
2782 3453 2869 3510 hic
2913 3457 3213 3526 respondeo
3236 3498 3252 3523 ,
3284 3456 3432 3526 Quo-

1845 3540 1987 3596 niam
2020 3540 2162 3596 Deus
2183 3541 2351 3611 judex
2394 3539 2546 3598 est".
2597 3545 2676 3600 Ac
2715 3559 2812 3616 per
2855 3544 2957 3601 hoc
2985 3554 3039 3601 et
3081 3547 3247 3618 gratis
3271 3547 3340 3602 ab
3369 3563 3434 3602 co

1845 3629 2004 3688 datur
2027 3633 2222 3704 gratia;
2253 3642 2307 3689 et
2327 3634 2473 3705 justo
2494 3634 2609 3706 ejus
2644 3636 2698 3690 in
2725 3636 2840 3691 aliis
2861 3636 3062 3708 judicio
3087 3637 3430 3695 demonstra-

1847 3731 1968 3791 tur,
1995 3723 2121 3794 quid
2144 3724 2198 3779 in
2220 3723 2244 3756 ⁸
2270 3726 2348 3780 eis
2385 3725 2579 3796 quibus
2621 3725 2780 3782 datur
2804 3727 3048 3783 conferat
3088 3730 3278 3799 gratia.
3313 3729 3427 3784 Non

1847 3817 2025 3886 itaque
2053 3817 2222 3872 simus
2251 3817 2479 3888 ingrati,
2528 3818 2670 3888 quod
2711 3820 3003 3875 secundum
3047 3821 3295 3890 placitum
3339 3835 3435 3876 vo-

1845 3909 2063 3965 luntatis
2089 3924 2200 3965 sua:
2220 3951 2234 3976 ,
2264 3910 2316 3965 in
2344 3910 2555 3966 laudem
2582 3911 2764 3982 gloria:
2803 3914 2987 3984 gratiae
3024 3927 3134 3970 suae.
3161 3923 3268 3968 tam
3290 3915 3432 3970 mul-

1846 4009 1930 4057 tos
1954 4001 2146 4058 liberat
2174 4003 2480 4059 misericors
2507 4003 2647 4059 Deus
2671 4004 2740 4060 de
2763 4015 2870 4060 tam
2895 4005 3076 4062 debita
3108 4007 3430 4077 perditione,

1846 4107 1903 4152 ut
1928 4097 1973 4152 si
1998 4096 2122 4152 inde
2150 4097 2422 4153 neminem
2451 4097 2738 4166 liberaret,
2770 4114 2873 4154 non
2905 4109 3052 4157 esset
3080 4101 3327 4172 injustus.
3350 4104 3434 4158 Ex

1845 4203 1952 4243 uno
1973 4189 2167 4258 quippe
2207 4203 2393 4244 omnes
2421 4189 2473 4244 in
2505 4191 3003 4247 condemnationem
3046 4207 3152 4247 non
3182 4193 3432 4264 injustam

1841 4279 2059 4350 judicati
2080 4289 2202 4336 sunt
2227 4281 2328 4344 ire,
2358 4281 2451 4336 sed
2475 4281 2693 4351 justam.
2718 4281 2819 4350 Qui
2841 4298 2967 4354 ergo
2988 4283 3244 4340 liberatur
3265 4327 3277 4349 ,
3305 4300 3401 4355 gra

1845 4374 1971 4428 tiam
1994 4373 2195 4445 diligat,
2215 4375 2303 4444 qui
2322 4389 2427 4430 non
2455 4375 2731 4442 liberatur,
2752 4375 2988 4431 debitum
3004 4386 3274 4448 agnoscat.
3300 4377 3354 4433 Si
3377 4379 3429 4432 in

1845 4465 2164 4520 remittendo
2179 4465 2358 4521 debito
2371 4467 2657 4532 bonitas,in
2674 4468 2934 4538 exigendo
2953 4471 3175 4538 aequitas
3190 4467 3431 4540 intelligi:

1847 4567 1950 4623 tur,
1991 4572 2252 4628 nusquam
2282 4573 2401 4614 esse
2432 4558 2570 4629 apud
2598 4560 2762 4614 Deum
2789 4560 3038 4630 iniquitas
3065 4560 3353 4616 invenitur.

1916 4648 2002 4703 17.
2038 4667 2060 4702 ί
2090 4648 2195 4705 Sed
2225 4665 2350 4716 cur,
2382 4670 2401 4703 ι
2435 4651 2637 4721 inquit,
2673 4669 2693 4703 c
2731 4665 2834 4705 non
2871 4651 3043 4706 solum
3089 4652 3144 4708 in
3185 4648 3418 4724 parvulo

1842 4756 1992 4806 rum,
2027 4756 2208 4797 verum
2236 4743 2396 4798 etiam
2423 4743 2477 4796 in
2514 4743 2846 4813 geminorum
2908 4761 3009 4800 una
3045 4757 3202 4817 atque
3242 4749 3431 4805 eadem

1843 4847 2039 4900 causa,
2093 4845 2201 4889 tam
2263 4834 2532 4891 diversum
2587 4836 2882 4906 judicium?
2928 4857 2949 4892 ι
3000 4839 3188 4897 Nonne
3241 4843 3431 4901 similis

1845 4927 2069 4998 quaestio
2114 4937 2231 4994 est,
2277 4943 2375 4987 cur
2421 4931 2472 4985 in
2503 4931 2713 4987 diversa
2760 4948 2918 4989 causa
2967 4935 3105 4992 idem
3129 4937 3435 5007 judicium?

1843 5018 2162 5076 Recolamus
2187 5021 2347 5092 igitur
2377 5021 2499 5079 illos
2523 5025 2798 5094 operarios
2828 5026 2880 5080 in
2906 5027 3060 5082 vinea
3088 5029 3177 5100 qui
3205 5040 3314 5086 toto
3344 5032 3432 5087 die

1844 5113 2253 5180 laboraverunt,
2284 5124 2339 5171 et
2359 5131 2453 5171 eos
2476 5116 2568 5187 qui
2593 5117 2723 5173 hora
2751 5135 2855 5174 una
2885 5138 2900 5176 :
2928 5137 3120 5192 nempe
3143 5140 3303 5180 causa
3343 5127 3425 5181 di-

1841 5222 1995 5265 versa
2038 5217 2120 5263 est
2146 5209 2370 5280 impensi
2416 5209 2641 5276 laboris,
2690 5221 2745 5268 et
2773 5223 2952 5269 tamen
2995 5216 3132 5270 idem
3170 5218 3425 5288 judicium

1842 5298 1897 5354 in
1938 5299 2236 5356 redditione
2261 5301 2283 5334 ⁸
2307 5302 2593 5359 mercedis.
2641 5303 2908 5374 Numquid
2941 5315 2995 5362 et
3021 5308 3106 5363 hic
3147 5311 3425 5366 audierunt

1904 5454 1922 5486 ι
1955 5453 2091 5517 mihi,
2141 5454 2368 5508 cmoertit
2401 5469 2482 5508 eos
2518 5456 2584 5509 ad
2628 5455 2796 5522 ﬁdem.
2834 5461 3137 5523 nanuscripti
3181 5469 3423 5526 emtum,

1839 5527 2057 5658 Ϊοίζλειι-
2073 5584 2124 5658 et
2144 5585 2251 5652 εῖναι
2281 5588 2380 5658 eoo
2405 5588 2533 5658 ιξειεδ
2548 5583 3160 5658 [υευνυνηεδεερτιεεσευίεο
3186 5590 3423 5658 cauae:

1838 5646 1955 5689 runt
1978 5643 2316 5708 .Lovanienses
2339 5656 2412 5708 eg
2428 5641 2728 5706 Belgicorum
2753 5654 2857 5695 Mss.
2883 5645 2976 5695 llde
2994 5679 3010 5706 ,
3051 5647 3231 5708 quibus
3259 5645 3422 5697 Gallici

1839 5701 1992 5767 nostri
2005 5710 2069 5767 et
2083 5703 2289 5767 Vaticani
2311 5701 2655 5767 suffragantur.

1904 5764 1926 5834 ξ
1957 5763 2099 5834 ἓᾲᾕῇ,
2116 5763 2560 5834 Ῐιιᾴᾳωλιέεῢιιδξδι.
2589 5770 2754 5834 μηδι,
2767 5768 2957 5834 justus,
2996 5781 3023 5834 ξ
3070 5771 3420 5834 manuscriptis.

1902 5824 2090 5937 adtigit:
2117 5824 2232 5890 Quid
2277 5824 2344 5878 eis
2390 5827 2558 5892 quibus
2580 5824 2751 5893 datur}
2767 5824 2974 5890 omisso,
2998 5828 3067 5891 in,
3092 5833 3220 5896 quod
3263 5824 3426 5885 eistat

1907 5947 1929 5980 ⁸
1961 5945 2128 5998 Plures
2144 5957 2270 6011 Mss,
2295 5948 2624 6008 redhibitione.

2664 6037 3184 6115 (Treanta-deum.)
3275 6118 3288 6127 ﬂ
3345 6056 3352 6059 '
3402 6052 3424 6061 "
