3996 6482
496 431 638 489 1003

494 547 887 601 murmurantes
932 554 965 595 a
1007 535 1385 609 patrei'amilias
1409 578 1424 605 ,
1465 534 1599 602 nisi,
1644 534 1759 591 Hoc
1797 535 1954 590 volo?
1996 533 2072 589 lta

492 638 688 709 quippe
708 634 823 706 ejus
848 648 971 706 erga
996 632 1129 688 alios
1151 630 1249 686 fuit
1274 630 1511 703 largitas,
1541 636 1605 685 ut
1622 645 1747 702 erga
1768 629 1902 685 alios
1930 624 2075 684 nulla

491 736 635 786 esset
660 726 932 798 iniquitas.
965 724 1035 780 Et
1054 722 1141 778 isti
1164 722 1379 795 quidem
1412 721 1625 792 utrique
1655 722 1706 775 in
1730 720 1885 776 bonis
1909 728 2073 777 sunt:

491 833 857 878 verumtamen
894 826 1151 890 quantum
1198 817 1264 873 ad
1303 816 1562 889 justitiam
1614 822 1819 886 spectat
1860 823 1914 869 et
1954 829 2078 887 gra-

490 915 619 971 uiam
639 956 655 980 ,
683 922 859 986 potest
886 922 942 993 et
978 912 1044 967 de
1089 927 1183 968 reo
1211 912 1299 983 qui
1330 910 1616 975 liberatur,
1647 919 1795 965 recte
1831 908 1939 965 dici
1981 925 2076 965 reo

494 1007 578 1078 qui
610 1005 891 1083 damnatur
920 1005 962 1072 ί,
992 1001 1139 1058 Tolle
1177 1001 1313 1076 quod
1360 1011 1500 1056 tuum
1528 1009 1629 1067 est,
1659 1010 1706 1055 et
1747 1000 1912 1066 vade;
1960 1000 2075 1055 huic

464 1096 471 1101 ’
498 1107 657 1152 ιιιιεηι
679 1080 790 1153 colo
811 1096 956 1168 quod
978 1111 1082 1151 non
1108 1094 1332 1151 debetur
1358 1093 1565 1148 donare.
1598 1092 1677 1147 An
1704 1110 1805 1148 non
1825 1092 1938 1148 licet
1980 1094 2077 1146 mi-

489 1189 541 1245 hi
568 1193 735 1261 facere
755 1187 891 1259 quod
928 1187 1077 1241 voto!
1114 1184 1194 1241 An
1219 1185 1392 1240 oculus
1422 1194 1535 1239 tuus
1565 1200 1779 1255 nequam
1814 1193 1886 1238 est
1910 1226 1926 1250 ,
1956 1183 2078 1255 quia

487 1297 581 1353 ego
610 1280 771 1335 bonus
814 1296 926 1333 sum
956 1277 1167 1351 (Matth.
1193 1294 1296 1343 xx,
1327 1275 1521 1348 1-15)?
1553 1276 1648 1332 llic
1691 1276 1779 1332 ille
1808 1276 1853 1330 si
1894 1274 2074 1343 dicat,

489 1372 600 1428 Cur
628 1387 735 1427 non
762 1381 816 1428 et
839 1371 1010 1427 mihi?
1041 1370 1232 1425 merito
1256 1368 1467 1432 audiet,
1503 1368 1547 1421 0
1575 1368 1723 1423 homo
1747 1409 1761 1433 ,
1793 1376 1846 1421 tu
1869 1367 1980 1438 quis
2001 1382 2071 1433 es,

489 1464 577 1534 qui
623 1463 929 1535 respondeas
972 1462 1079 1517 Deo
1122 1460 1297 1537 (Rom.
1325 1478 1407 1529 ιι,
1438 1461 1566 1532 20)?
1614 1459 1788 1531 Quem
1833 1470 1978 1518 certe
2021 1460 2075 1515 in

490 1571 600 1612 uno
660 1564 898 1613 vestrum
971 1554 1407 1626 benignissimum
1477 1554 1817 1626 largitorem,
1898 1552 1954 1619 in
2020 1560 2075 1609 te

489 1664 618 1706 vero
659 1657 963 1706 exactorem
1014 1647 1405 1719 justissimum,
1450 1647 1501 1702 in
1543 1647 1691 1701 nullo
1737 1655 1910 1701 tamen
1959 1659 2077 1699 cer-

489 1744 572 1799 nis
636 1741 912 1814 injustum.
973 1740 1108 1797 Cum
1174 1741 1313 1797 enim
1377 1740 1552 1810 justus
1624 1748 1799 1803 esset,
1866 1736 2075 1793 etiamsi

486 1846 773 1907 utrumque
818 1835 1031 1907 puniret
1080 1851 1095 1888 :
1145 1834 1235 1906 qui
1265 1833 1553 1900 liberatur,
1604 1830 1764 1886 habet
1790 1829 1930 1885 unde
1960 1845 2076 1901 grav

487 1929 591 1985 tias
609 1935 766 2001 agat;
809 1927 900 2000 qui
940 1910 1223 1983 damnatur
1242 1966 1258 1994 ,
1290 1939 1399 1981 non
1431 1923 1589 1979 habet
1612 1922 1753 1994 quod
1781 1922 2076 1993 reprehen-

487 2018 599 2074 dat.

560 2090 648 2166 18.
684 2129 704 2165 ι
738 2090 845 2169 Sed
887 2109 933 2165 si
971 2108 1118 2180 jam,
1169 2127 1189 2162 ι
1224 2108 1427 2179 inquit,
1457 2125 1476 2159 ι
1514 2106 1619 2162 hoc
1665 2106 1974 2176 oportebat,
2020 2113 2079 2160 ut

487 2204 752 2259 damnatis
809 2218 917 2259 non
972 2200 1257 2265 omnibus,
1305 2200 1432 2271 quid
1495 2199 1742 2256 omnibus
1794 2199 2078 2254 deberetur

487 2294 831 2362 ostenderet,
878 2300 1039 2365 atque
1085 2293 1155 2348 ita
1199 2292 1402 2362 gratius
1442 2306 1591 2345 suam
1637 2290 1858 2361 gratiam
1887 2290 2076 2345 vasis'

486 2385 867 2442 misericordiae
897 2383 1330 2446 commendaret;
1358 2397 1455 2436 cur
1499 2382 1553 2435 in
1583 2381 1770 2437 eadem
1799 2396 1958 2435 causa
1992 2396 2079 2436 me

486 2492 647 2547 quam
674 2476 821 2531 illum
852 2476 1025 2545 potius
1055 2474 1274 2544 puniet,
1303 2484 1395 2529 aut
1423 2473 1568 2527 illum
1602 2488 1759 2544 quam
1793 2488 1879 2528 me
1901 2473 2077 2543 potius

488 2565 771 2623 liberabit?
807 2584 827 2620 ι
852 2565 965 2621 Hoc
1003 2580 1110 2621 non
1156 2564 1279 2623 dico
1326 2579 1340 2617 :

487 2659 662 2717 fateor
689 2675 776 2716 me
805 2675 909 2714 non
937 2659 1177 2715 invenire
1205 2658 1332 2733 quid
1370 2658 1562 2713 dicam.
1598 2658 1652 2715 Si
1680 2668 1732 2714 et
1759 2658 1859 2715 hoc
1879 2660 2076 2731 quieris

487 2766 687 2826 quare;
729 2751 849 2823 quia
882 2751 933 2806 in
981 2750 1081 2805 hac
1109 2767 1167 2807 re
1197 2751 1332 2807 sicut
1363 2750 1509 2821 justa
1533 2759 1617 2806 est
1642 2752 1719 2806 ira
1744 2751 1893 2821 ejus,
1941 2753 2078 2809 sicut

487 2857 679 2914 magna
705 2850 792 2901 est
825 2842 1185 2900 misericordia
1210 2842 1361 2913 ejus,
1393 2842 1463 2899 ita
1495 2842 1852 2898 inscrutabilia
1878 2843 2076 2913 judicia

493 2934 631 3006 ejus.

556 3026 645 3084 19.
676 3028 862 3084 Adhuc
897 3016 1083 3100 pergat
1108 3037 1163 3085 et
1192 3028 1366 3094 dicat,
1400 3026 1503 3084 Cur
1529 3029 1829 3100 quibusdam
1852 3032 1938 3102 qui
1964 3048 2079 3088 cum

485 3119 746 3175 coluerunt
777 3120 905 3175 bona
934 3120 1056 3189 ﬁde,
1084 3136 1401 3191 perseverare
1423 3135 1579 3189 usque
1604 3121 1657 3175 in
1681 3121 1835 3191 ﬁnem
1858 3138 1958 3177 non
1984 3123 2075 3176 de-

484 3208 601 3267 dit?
625 3210 734 3265 Cur
760 3206 947 3283 putas,
986 3211 1086 3265 nisi
1115 3211 1237 3283 quia
1265 3227 1371 3266 non
1399 3212 1652 3269 mentitur
1680 3213 1767 3283 qui
1807 3214 1962 3280 dicit,
1996 3214 2081 3270 Ea:

482 3302 624 3359 nobis
644 3304 872 3360 exierunt
891 3344 905 3369 ,
937 3305 1024 3359 sed
1044 3322 1144 3359 non
1182 3316 1324 3360 erant
1353 3323 1415 3362 ea:
1443 3304 1623 3379 nobis;
1651 3324 1770 3361 nam
1794 3309 1838 3362 si
1866 3309 2079 3379 fuissent

482 3410 548 3450 ea:
567 3396 746 3465 nobis,
773 3397 1072 3452 mansissent
1100 3398 1271 3469 utique
1300 3399 1556 3453 nobiscum
1584 3396 1626 3472 (Ι
1655 3398 1811 3455 Joan.
1837 3417 1908 3467 ιι,
1943 3400 2077 3473 i9)?

482 3484 748 3561 Numquid
777 3504 904 3561 ergo
940 3489 1212 3545 hominum
1255 3500 1458 3547 naturas
1483 3491 1601 3547 dum
1630 3492 1789 3549 sunt?
1815 3494 1985 3551 Absit.
2018 3495 2075 3551 Si

481 3579 603 3636 dua:
626 3590 831 3637 natura:
856 3590 1037 3637 essent
1056 3622 1069 3647 ,
1091 3584 1261 3654 gratia
1291 3583 1395 3637 ulla
1425 3598 1532 3638 non
1557 3594 1700 3640 esset
1727 3602 1739 3637 :
1765 3585 1895 3640 nulli
1932 3586 2073 3643 enim

481 3671 701 3730 daretur
743 3674 969 3747 gratuita
1010 3674 1282 3741 liberatio,
1312 3676 1356 3729 si
1387 3686 1589 3732 naturae
1614 3676 1789 3734 debita
1819 3676 2074 3735 reddere-

478 3772 589 3824 tur.
616 3765 932 3824 Hominibus
958 3777 1137 3824 autem
1159 3768 1368 3824 videtur
1388 3810 1402 3835 ,
1432 3784 1619 3827 omnes
1638 3771 1727 3843 qui
1762 3771 1885 3827 boni
1913 3788 2076 3844 appa-

479 3866 600 3915 rent
628 3859 846 3928 ﬁdeles,
877 3861 1328 3931 perseverantiam
1354 3876 1526 3931 usque
1564 3863 1615 3918 in
1647 3861 1804 3919 tinem
1830 3864 2074 3934 accipere

476 3948 746 4007 debuisse.
788 3950 927 4007 Deus
952 3961 1129 4008 autem
1166 3953 1356 4009 melius
1382 3968 1503 4010 esse
1525 3953 1819 4025 judicavit,
1846 3955 2073 4013 miscere

478 4038 738 4110 quosdam
766 4054 871 4095 non
894 4051 1326 4111 perseveraturos
1347 4051 1497 4099 certo
1518 4059 1743 4100 numero
1766 4056 2070 4101 sanctorum

478 4146 730 4201 suorum;
764 4141 831 4195 ut
860 4122 1052 4205 quibus
1078 4150 1181 4190 non
1208 4135 1423 4206 expedit
1454 4138 1505 4190 iu
1551 4135 1707 4208 hujus
1731 4138 1853 4193 vitae
1893 4147 2068 4195 tenta-

480 4226 622 4282 tione
647 4226 935 4293 securitas,
968 4241 1073 4282 non
1104 4228 1309 4297 possint
1334 4241 1455 4283 esse
1482 4230 1678 4285 securi.
1708 4229 1899 4285 Multos
1927 4231 2068 4287 enim

478 4333 509 4371 a
556 4318 853 4389 perniciosa
878 4318 1107 4374 elatione
1144 4317 1389 4388 reprimit
1430 4319 1570 4391 quod
1618 4318 1693 4374 ait
1722 4321 2009 4390 Apostolus
2050 4340 2067 4378 :

481 4412 833 4481 Quapropter,
870 4410 955 4475 qui
985 4410 1181 4465 videtur
1207 4420 1360 4475 stare,
1386 4410 1552 4466 uideat
1600 4427 1663 4466 ne
1694 4411 1841 4467 cadat
1868 4412 1913 4485 (l
1946 4411 2065 4470 Cor.

479 4519 516 4558 ι
536 4544 552 4571 ,
584 4499 695 4574 12).
727 4500 1013 4558 Voluntate
1036 4511 1217 4557 autem
1244 4516 1339 4556 sua
1364 4501 1538 4569 cadit,
1571 4503 1657 4571 qui
1684 4502 1861 4569 cadit;
1890 4513 1944 4559 et
1974 4520 2070 4559 vo-

477 4593 680 4649 luntate
710 4594 802 4649 Dei
841 4602 982 4662 stat,
1009 4592 1101 4664 qui
1135 4601 1258 4649 stat.
1290 4590 1477 4647 Potens
1502 4602 1574 4648 est
1602 4594 1733 4648 enim
1779 4592 1916 4650 Deus
1962 4606 2068 4651 sta-

478 4694 615 4741 tuere
631 4685 776 4740 illum
797 4683 969 4759 (Rom.
1000 4701 1115 4754 xw,
1137 4682 1194 4760 4)
1222 4703 1236 4740 :
1265 4700 1372 4741 non
1392 4699 1519 4757 ergo
1537 4700 1597 4741 se
1628 4686 1638 4739 i
1648 4700 1759 4756 pse,
1784 4687 1876 4742 sed
1904 4689 2063 4746 Deus.

476 4775 855 4833 Verumtamen
881 4777 1080 4832 bonum
1105 4785 1187 4833 est
1208 4793 1315 4831 non
1335 4778 1500 4832 altum
1521 4792 1728 4848 sapere,
1759 4778 1851 4835 sed
1880 4780 2066 4837 timere

476 4870 589 4942 (Id.
617 4887 674 4927 ιι
693 4912 711 4939 ,
734 4868 853 4943 20).
882 4870 942 4926 in
969 4870 1289 4941 cogitatione
1308 4879 1483 4926 autem
1512 4888 1605 4926 sua
1646 4873 1727 4928 vel
1754 4872 1893 4927 cadit
1915 4875 2064 4945 quis-

474 4977 601 5039 que,
622 4964 706 5021 vel
733 4972 858 5019 stat.
882 4962 1027 5019 Sicut
1055 4971 1233 5018 autem
1256 4964 1539 5033 Apostolus
1564 4964 1657 5028 ait,
1682 4965 1821 5036 quod
1851 4966 1902 5020 in
1926 4967 2065 5022 libro

475 5056 753 5127 superiore
773 5054 1084 5120 memoravi,
1111 5052 1232 5110 Non
1247 5073 1422 5111 sumus
1444 5056 1612 5111 idonei
1640 5060 1858 5129 cogitare
1871 5060 2066 5128 aliquid

476 5149 619 5221 quasi
650 5165 714 5205 ex
751 5146 1147 5221 nobismetipsis,
1175 5149 1266 5203 sed
1304 5148 1598 5220 sufﬁcientia
1637 5161 1809 5203 nostra
1846 5167 1909 5205 ea:
1953 5150 2063 5205 Deo

477 5252 547 5296 est
568 5240 636 5314 (ll
662 5238 779 5297 Cor.
813 5256 867 5295 ιιι
886 5281 902 5307 ,
926 5240 1003 5310 5).
1025 5238 1194 5309 Quem
1221 5250 1435 5296 secutus
1462 5250 1515 5294 et
1545 5240 1730 5295 beatus
1751 5240 2063 5297 Ambrosius

475 5333 635 5390 audet
680 5332 735 5390 et
773 5332 903 5388 dicit
941 5349 956 5387 :
999 5329 1120 5387 Non
1159 5333 1293 5387 enim
1315 5332 1369 5386 in
1399 5340 1636 5403 potestate
1662 5343 1833 5387 nostra
1862 5350 1948 5387 cor
1973 5350 2063 5388 no-

476 5438 657 5495 stram,
681 5437 730 5484 et
755 5435 945 5484 nostra:
976 5425 1320 5498 cogitationes.
1348 5424 1501 5492 Quod
1530 5426 1705 5481 omnis
1731 5427 1820 5495 qui
1851 5426 2064 5483 humili-

476 5525 633 5577 teret
656 5518 918 5577 veraciter
949 5517 1065 5590 pius
1090 5523 1175 5574 est
1191 5558 1207 5585 ,
1238 5530 1358 5574 esse
1380 5514 1713 5571 verissimum
1739 5516 1920 5570 sentit.

546 5611 637 5667 20.
666 5609 779 5667 Hoc
819 5619 1001 5667 autem
1050 5609 1362 5665 Ambrosius
1388 5615 1446 5662 ut
1470 5606 1706 5675 diceret,
1755 5623 1806 5661 tu
1833 5622 1900 5688 eo
1927 5607 2064 5666 libro

541 5796 557 5828 ι
592 5783 1335 5853 διοωλιθιίἰιίηοσωάὶά,
1367 5782 1699 5849 Volo:potest
1735 5784 1945 5839 etdeeo
1979 5786 2067 5853 (pd

477 5851 1069 5977 Waﬂu‘uﬁﬁt
1077 5918 1209 5974 ιω..
1230 5909 1284 5964 tn
1302 5906 1447 5964 vasis.

1693 420 1752 479 S.
1790 420 2159 479 AUGUSTINI
2195 414 2497 483 EPISCOPI

1390 2564 1433 2620 si
1481 2566 1677 2635 quaaris
1706 2580 1907 2635 quare;
1955 2566 2079 2635 quia
2106 2606 2119 2615 .

3651 436 3817 497 Π)οι

2193 535 2506 607 loquebatur
2529 551 2686 610 quem
2708 536 2775 595 de
2794 537 2938 613 Fuga
2964 543 3141 599 saeculi
3167 544 3403 616 scripsit,
3428 545 3660 629 docens,
3694 546 3813 604 hoc

2186 628 2439 683 sarculum
2471 644 2576 685 non
2602 644 2826 701 corpore
2848 673 2864 700 ,
2913 632 3008 695 sed
3040 636 3203 692 corde
3245 628 3557 708 fugiendum
3590 656 3606 695 :
3639 637 3809 712 quod

2185 723 2286 777 nisi
2316 724 2515 780 auxilio
2542 723 2634 780 Dei
2676 724 2791 782 fieri
2824 739 2941 782 non’
2970 744 3127 798 posse
3151 730 3423 786 disseruit.
3456 720 3549 786 Ᾱίι
3587 733 3749 789 enim
3788 749 3806 786 :

2188 811 2449 888 Frequens
2487 816 2633 871 nobis
2668 814 2733 871 de
2770 819 3010 890 fugiendo
3046 822 3232 877 sazcuto
3258 822 3355 878 isto
3388 839 3595 887 sermo;
3636 834 3812 895 atque

2185 906 2377 961 utinam
2399 924 2550 978 quam
2576 908 2742 979 facilis
2769 926 2932 966 sermo
2955 952 2971 978 ,
3002 921 3106 967 tam
3128 922 3307 969 cautus
3347 924 3394 969 et
3417 915 3675 971 sollicitus
3708 919 3807 983 af-

2184 996 2343 1066 fectus
2366 1013 2385 1051 :
2409 1001 2498 1053 sed
2521 1040 2538 1065 ,
2568 999 2704 1070 quod
2723 998 2869 1072 peius
2897 1008 2999 1069 est,
3044 1008 3330 1075 frequenter
3352 1006 3532 1081 irrepit
3558 1018 3809 1063 terrena-

2183 1104 2297 1143 rum
2332 1090 2566 1145 illecebra
2599 1094 2963 1164 cupiditatum,
3009 1105 3056 1150 et
3086 1098 3367 1154 vam'tatum
3409 1099 3598 1168 effusio
3645 1119 3808 1156 men-

2153 1178 2159 1185 ’
2184 1180 2283 1233 te'm
2309 1191 2546 1253 occupat;
2574 1190 2627 1237 ut
2654 1190 2787 1254 quod
2812 1186 3015 1241 studeas
3041 1187 3214 1255 vitare,
3246 1189 3341 1247 hoc
3367 1193 3557 1264 cogites
3582 1193 3809 1248 animo-

2182 1286 2277 1341 que
2296 1273 2483 1326 volvas.
2520 1273 2673 1341 Quod
2696 1292 2871 1332 cavere
2906 1276 3107 1350 difﬁcile
3130 1290 3202 1335 est
3224 1280 3457 1350 homini,
3483 1300 3675 1339 exuere
3705 1302 3807 1338 au-

2190 1371 2287 1416 tem
2310 1361 2637 1434 impossibile.
2668 1366 2897 1439 Denique
2915 1370 3016 1424 voti
3043 1372 3205 1443 magis
3229 1388 3340 1427 eam
3365 1391 3472 1431 esse
3500 1393 3608 1432 rem
3632 1393 3804 1447 quam

2198 1450 2425 1522 cﬂ'cctus,
2449 1463 2658 1510 testatur
2679 1458 2928 1531 propheta
2953 1459 3165 1517 dicendo
3189 1505 3205 1530 ,
3236 1463 3480 1519 (Declina
3501 1482 3593 1521 cor
3620 1485 3805 1523 meum

2183 1541 2235 1595 in
2264 1544 2543 1599 testimonia
2571 1557 2679 1616 tua,
2704 1557 2752 1603 et
2794 1566 2897 1606 non
2932 1542 2988 1607 in
3031 1554 3298 1610 avaritiam
3333 1574 3355 1611 ι
3380 1555 3555 1629 (Psal.
3581 1572 3756 1615 cxvm
3781 1601 3801 1629 ,

2184 1633 2296 1705 36).
2356 1632 2479 1691 Non
2524 1638 2655 1694 enim
2702 1641 2757 1696 in
2796 1653 3041 1715 potestate
3068 1659 3242 1703 nostra
3260 1664 3350 1705 cor
3374 1660 3606 1707 nostrum
3634 1663 3684 1707 et
3716 1670 3805 1708 co-

2180 1726 2448 1795 gitationes
2482 1740 2698 1797 nostrae,
2728 1750 2842 1805 qua:
2877 1735 3149 1808 improviso
3190 1737 3372 1808 offusa:
3406 1754 3625 1798 mentem
3669 1745 3800 1799 ani-

2180 1835 2415 1891 mumque
2438 1824 2778 1895 confundunt,
2805 1838 2955 1902 atque
2980 1829 3083 1885 alio
3106 1833 3313 1888 trahunt
3337 1851 3491 1907 quam
3516 1847 3571 1890 tu
3592 1854 3800 1909 propo-

2181 1911 2340 1966 sueris
2368 1927 2389 1966 :
2414 1912 2484 1967 ad
2510 1914 2776 1971 stecularia
2803 1930 3039 1976 revocant
3060 1963 3075 1987 ,
3103 1923 3365 1979 mundana
3401 1926 3631 1982 inserunt
3655 1970 3672 1994 ,
3710 1945 3800 1984 vo.

2182 2002 2441 2073 luptuaria
2464 2006 2701 2079 ingerunt
2731 2008 2789 2080 ί,
2825 2012 3119 2069 itteccbrosa
3146 2014 3379 2073 intexunt
3403 2018 3448 2086 ’,
3477 2019 3697 2094 ipsoque
3740 2021 3801 2076 in

2180 2101 2403 2167 tempore
2427 2096 2527 2169 quo
2548 2099 2741 2156 elevare
2767 2112 2981 2158 mentem
3000 2123 3257 2178 paramus,
3290 2108 3469 2164 inserti
3494 2110 3515 2141 ³
3540 2111 3799 2168 inanibus

2182 2188 2565 2260 cogitationibus
2585 2192 2655 2246 ad
2674 2202 2871 2250 terrena
2891 2196 3186 2273 plerumque
3206 2200 3473 2275 dejicimur
3494 2205 3599 2276 (De
3625 2204 3799 2279 Fuga

2181 2279 2357 2334 surculi
2377 2321 2392 2346 ,
2434 2299 2550 2355 cap.
2578 2284 2658 2356 1).
2689 2283 2803 2341 Non
2843 2288 3021 2361 itaque
3050 2291 3104 2347 in
3132 2292 3405 2351 hominum
3427 2336 3441 2361 ,
3470 2296 3569 2351 sed
3597 2298 3651 2352 in
3688 2298 3798 2353 Dei

2182 2380 2264 2424 est
2311 2380 2611 2441 petestate,
2662 2384 2721 2431 ut
2763 2376 2996 2436 habeant
3048 2382 3289 2440 homines
3336 2395 3656 2457 potestatem
3692 2387 3796 2444 lilii

2182 2460 2274 2515 Dei
2299 2462 2412 2517 ﬁeri
2445 2460 2624 2537 (Joan.
2647 2483 2662 2521 ι
2684 2509 2698 2534 ,
2729 2467 2840 2541 12).
2871 2471 2954 2527 Ab
2978 2472 3094 2543 ipso
3114 2476 3309 2547 quippe
3338 2478 3607 2550 accipiunt
3633 2496 3792 2550 eam,

2181 2554 2273 2625 qui
2292 2554 2380 2611 dat
2403 2558 2551 2613 cordi
2574 2558 2806 2617 humano
2834 2565 3184 2636 cogitationes
3212 2569 3357 2640 pias,
3389 2586 3486 2640 per
3521 2588 3655 2643 quas
3680 2572 3794 2628 ba-

2181 2645 2304 2736 beat
2329 2644 2489 2704 {idem
2508 2692 2522 2717 ,
2549 2666 2667 2721 quae
2705 2663 2958 2723 operetur
2985 2672 3082 2728 per
3108 2656 3448 2717 dilectionem
3477 2660 3675 2736 (Galat.
3709 2660 3748 2719 v
3772 2706 3791 2732 ,

2182 2735 2237 2811 6)
2273 2757 2287 2794 :
2314 2739 2381 2795 ad
2407 2741 2550 2813 quod
2577 2742 2775 2800 bonum
2796 2748 3111 2804 sumendum
3139 2761 3192 2807 et
3220 2735 3529 2821 tenendum,
3552 2763 3609 2811 et
3634 2756 3692 2811 in
3718 2755 3805 2812 eo“

2180 2842 2585 2901 perseveranter
2610 2833 2783 2907 usque'
2805 2837 2857 2891 in
2888 2837 3048 2895 tinem
3091 2841 3475 2911 proﬁciendum
3496 2887 3512 2913 ,
3543 2861 3648 2902 non
3682 2848 3790 2903 su-é

2181 2936 2299 2977 mus
2336 2922 2514 2979 idonei
2553 2926 2787 2997 cogitare
2814 2929 3012 3002 aliquid
3042 2933 3193 3002 quasi
3222 2946 3290 2989 ex
3334 2935 3743 3008 nobismetipsis
3768 2980 3790 3010 ,

2180 3012 2275 3068 sed
2300 3012 2617 3072 sufﬁcientia
2646 3024 2835 3075 nostra'
2867 3036 2932 3077 ex
2966 3022 3071 3078 Deo
3100 3034 3213 3091 est;
3242 3025 3297 3080 in
3335 3029 3485 3097 cujus
3510 3028 3594 3085 est
3619 3039 3791 3102 pote-

2181 3111 2317 3160 state
2341 3121 2436 3160 cor
2458 3116 2700 3163 nostrum
2740 3119 2796 3165 et
2819 3112 3171 3183 cogitationes
3201 3125 3419 3175 nostrae.

2250 3192 2480 3256 CAPUT
2511 3196 2604 3256 tx.
2630 3231 2704 3243 —
2723 3200 2815 3259 2i.
2839 3194 2919 3259 Ex
2950 3204 3157 3263 duobus
3197 3208 3376 3281 itaque
3402 3204 3637 3281 parvulis
3661 3214 3792 3269 ori-

2179 3288 2341 3361 ginali
2362 3294 2578 3361 peccato
2605 3293 2801 3363 pariter
2827 3294 3097 3354 obstrictis
3118 3341 3132 3367 ,
3175 3313 3274 3356 cur
3302 3302 3403 3358 iste
3426 3312 3747 3361 assumatur
3769 3347 3788 3373 ,

2180 3381 2269 3436 ille
2299 3382 2661 3455 relinquatur;
2706 3397 2760 3444 et
2790 3403 2853 3443 ex
2898 3388 3105 3447 duobus
3146 3403 3303 3450 astate
3340 3396 3451 3465 jam
3481 3397 3801 3467 grandibus

2179 3472 2357 3545 impiis
2381 3516 2395 3541 ,
2423 3490 2518 3531 cur
2561 3479 2661 3535 iste
2689 3480 2759 3536 ita
2789 3488 3043 3549 vocetur,
3073 3493 3131 3539 ut
3160 3496 3436 3543 vocantem
3478 3498 3746 3562 sequatur
3768 3534 3788 3563 ,

2179 3564 2269 3621 ille
2294 3574 2471 3623 autem
2501 3577 2593 3624 aut
2628 3584 2737 3627 non
2761 3583 3014 3639 vocetur,
3043 3585 3133 3631 aut
3159 3592 3265 3633 non
3294 3578 3361 3633 ita
3384 3589 3640 3647 vocetur;
3687 3582 3787 3637 in-

2178 3659 2485 3714 scrutabilia'
2519 3670 2644 3716 sunt
2676 3662 2874 3732 judicia
2916 3664 3031 3721 Dei.
3062 3666 3142 3721 Ex
3170 3667 3379 3725 duobus
3417 3680 3593 3726 autem
3626 3671 3741 3743 piis
3769 3716 3786 3741 ,

2176 3763 2272 3803 cur
2302 3748 2425 3805 huic
2466 3749 2696 3807 donetur
2736 3761 3129 3823 perseverantia
3161 3774 3331 3830 usque
3373 3762 3427 3816 in
3456 3760 3653 3827 tinem,
3700 3764 3787 3822 illi

2177 3854 2284 3896 non
2310 3842 2570 3910 donetur;
2612 3844 3038 3935 inscrutabiligra
3083 3860 3209 3906 sunt
3248 3852 3447 3921 judicia
3478 3853 3592 3910 Dei.
3634 3853 3795 3914 Illud

2177 3942 2352 3991 tamen
2384 3934 2627 3993 fidelibus
2656 3938 2813 3995 debet
2843 3934 2965 3997 esse
2992 3944 3370 4012 certissimum,
3396 3946 3537 4003 hunc
3554 3962 3679 4006 esse
3706 3942 3791 4009 ex.

2175 4026 2567 4098 prtedcstinatis
2586 4072 2600 4095 ,
2629 4031 2777 4086 illum
2820 4042 2935 4089 non'
2954 4047 3093 4091 esse.
3120 4033 3260 4091 Nam
3285 4038 3332 4093 si
3356 4039 3569 4111 fuissent
3594 4057 3660 4096 ex
3686 4048 3786 4098 no;

2174 4118 2269 4185 bis,
2296 4121 2370 4173 ait
2398 4136 2532 4176 unus
2556 4122 3076 4195 prmdestinatorum,
3102 4129 3190 4200 qui
3214 4129 3282 4186 de
3311 4138 3527 4202 pectore
3553 4134 3801 4193 Domini'

2172 4211 2379 4268 biberat
2419 4213 2520 4271 hoc
2566 4226 2831 4274 secretum
2856 4260 2873 4285 ,
2928 4223 3227 4278 mansissent
3274 4225 3444 4297 utique
3485 4226 3777 4288 nobiscum.

2171 4302 2308 4372 Quid
2336 4314 2415 4359 est
2439 4347 2455 4374 ,
2483 4318 2683 4377 qttmso,
2709 4305 2831 4364 Nan
2857 4322 3001 4365 erant
3030 4328 3093 4367 ea:
3116 4313 3283 4382 nobis;
3302 4328 3421 4370 nam
3445 4317 3492 4372 si
3511 4319 3734 4391 fuissent
3755 4365 3775 4391 ,

2172 4400 2469 4454 mansissent
2520 4402 2695 4475 utique
2738 4404 3041 4463 nobiscum?
3090 4406 3276 4464 Nonne
3321 4412 3531 4483 utrique
3574 4428 3606 4468 a
3654 4414 3779 4473 Deo

2170 4491 2365 4557 creati,
2398 4494 2608 4563 utrique
2630 4508 2699 4550 ex
2728 4496 2896 4551 Adam
2921 4498 3059 4565 uati,
3101 4501 3313 4571 utrique
3337 4501 3407 4558 de
3449 4511 3589 4560 terra
3632 4503 3776 4564 facti

2170 4592 2343 4653 erant,
2365 4593 2420 4640 et
2446 4585 2600 4661 abeo
2624 4588 2712 4658 qui
2734 4587 2884 4655 dixit,
2916 4587 3129 4645 Omnem
3156 4593 3338 4665 ﬂatum
3358 4611 3448 4667 ego
3474 4594 3579 4665 feci
3604 4595 3774 4670 (Isai.
3804 4671 3813 4675 θ

2169 4689 2307 4742 LVII,
2341 4676 2467 4747 16),
2510 4679 2667 4735 unius
2694 4680 3040 4753 ejusdemque
3072 4692 3275 4741 natum
3302 4687 3506 4745 animas
3528 4705 3773 4763 accepe-

2168 4768 2322 4824 rant?
2348 4767 2538 4825 Nonne
2567 4775 2841 4842 postremo
2875 4775 3083 4846 utrique
3119 4777 3290 4833 vocati
3315 4779 3552 4849 fuerant,
3582 4792 3637 4839 et
3660 4802 3771 4843 vo-

2167 4869 2376 4917 cantem
2407 4862 2610 4930 secuti,
2641 4864 2847 4935 utrique
2873 4878 2935 4920 ex
2961 4867 3136 4938 impiis
3153 4868 3527 4939 juSIillcati‘,~et
3553 4884 3651 4945 per
3678 4877 3772 4935 la;

2169 4969 2383 5009 vacrum
2428 4957 2846 5027 regenerationis
2882 4958 3093 5030 utrique
3122 4963 3358 5016 renovati
3376 4964 3407 5017 ?'
3427 4962 3533 5020 Sed
3558 4968 3603 5021 si
3643 4967 3772 5027 btec

2167 5045 2374 5101 audiret
2413 5046 2531 5111 ille,
2574 5048 2663 5117 qui
2692 5048 2891 5104 sciebat
2920 5051 3108 5120 procul
3142 5050 3304 5108 d'ubio
3331 5054 3481 5127 quod
3509 5056 3766 5131 dicebat,

2166 5138 2492 5207 reSpondere
2524 5148 2702 5208 posset
2727 5148 2781 5195 et
2809 5140 2988 5199 dicere
3017 5161 3032 5200 :
3067 5142 3200 5201 Vera
3238 5155 3363 5200 sunt
3386 5147 3532 5217 haec,
3563 5162 3770 5208 secun-

2167 5227 2292 5283 dum
2322 5229 2437 5284 haec
2464 5232 2640 5285 omnia
2667 5249 2731 5287 ex
2756 5234 2910 5289 nobis
2952 5244 3141 5303 erant;
3170 5247 3536 5296 verumtamen
3563 5240 3768 5301 secutis

2166 5319 2292 5375 dum
2315 5321 2472 5375 aliam
2504 5324 2787 5393 quamdam
2816 5323 3194 5385 discretionem
3225 5343 3330 5386 non
3358 5340 3512 5388 erant
3544 5348 3615 5391 ex
3659 5338 3768 5393 no-

2167 5416 2283 5482 bis;
2313 5430 2433 5471 nam
2465 5417 2509 5471 si
2547 5416 2775 5474 fuissent
2800 5435 2866 5475 ex
2895 5421 3077 5488 nobis,
3106 5422 3428 5481 mansissent
3451 5424 3633 5498 utique
3658 5445 3762 5483 no-

2168 5508 2391 5564 biscum.
2416 5508 2546 5578 Quae
2569 5520 2647 5566 est
2680 5511 2894 5568 tandem
2916 5511 2939 5545 ⁸
2963 5513 3061 5569 ista
3082 5513 3371 5572 discretio?
3397 5516 3585 5574 Patent
3610 5518 3762 5579 Libri

2168 5598 2297 5665 Dei;
2338 5614 2445 5655 non
2470 5610 2770 5659 avertamus
2805 5613 3078 5676 aspectum
3107 5606 3341 5667 :olttmat
3367 5607 3642 5681 Scriptura
3671 5612 3764 5669 di-

2232 5728 2254 5808 i
2605 5734 3210 5808 ἓεέἔὲηθεβίεέτίωιιβδίει.
3224 5736 3494 5805 voluntaria
3513 5741 3762 5808 ἱππί-ια.

2232 5791 2254 5855 ξ
2289 5792 2443 5855 Nostri
2454 5803 2628 5855 omnes
2648 5801 2774 5855 mss"
2796 5799 3069 5855 contextu.

2236 5853 2257 5886 ³
2287 5850 2569 5902 Noalliensis
2589 5860 2695 5914 Ms.,

2234 5915 2256 5946 ἰ
2285 5925 2461 5964 omnes
2485 5922 2610 5977 Mss,
2628 5924 2802 5967 tamen.
