3996 6508
269 526 392 592 i008

258 659 362 717 vina
382 695 400 724 ,
424 612 778 714 adhibeamus
813 654 1075 713 auditum.
1116 654 1233 711 Non
1268 663 1514 713 erantex
1554 654 1670 723 eis,
1700 654 1826 741 quia

248 765 347 810 non
372 756 518 804 erant
540 749 842 805 secundum
865 748 1194 820 propositum
1218 749 1391 804 vocati
1414 764 1429 804 :
1451 760 1563 804 non
1588 753 1746 804 erant
1769 746 1827 802 in

248 840 445 900 Christo
472 840 629 897 eleuti
658 842 785 898 ante
808 841 1242 897 constitutionem
1274 839 1492 907 mundi,
1537 854 1644 895 non
1670 847 1828 913 erant
1868 850 1874 859 ‘

249 933 297 991 in
330 946 392 987 eo
431 940 631 987 sortem
659 932 967 1000 consecuti,
998 946 1104 987 non
1147 941 1303 989 erant
1337 930 1703 1004 praedestinati
1731 942 1823 987 se-

253 1024 461 1085 cundum
484 1025 816 1096 propositum
837 1026 971 1097 ejus,
992 1025 1082 1096 qui
1107 1025 1356 1081 universa
1383 1033 1660 1095 oneratur.
1689 1023 1823 1079 Nam

259 1120 298 1178 si
318 1118 407 1175 hoc
429 1124 627 1182 essent,
655 1130 725 1172 ex
749 1116 857 1176 illis
875 1116 1078 1185 essent,
1108 1125 1307 1174 etcum
1334 1117 1441 1173 illis
1466 1115 1586 1174 sine
1611 1116 1825 1173 dubita-

261 1212 382 1269 tione
400 1208 744 1268 mansissent.

188 1309 193 1313 ’
317 1302 394 1361 αἱ.
424 1301 492 1359 lit
522 1302 804 1360 enini‘non
833 1301 1007 1360 dicam
1043 1317 1202 1375 quam
1247 1302 1319 1359 sit
1367 1301 1623 1376 possibile
1667 1302 1778 1359 Deo
1802 1343 1818 1368 ,

261 1412 451 1455 aversas
470 1404 523 1453 et
548 1395 805 1453 adversas
832 1395 885 1452 in
927 1394 1087 1452 ﬁdem
1114 1411 1265 1452 suam
1291 1394 1568 1452 hominum
1591 1408 1821 1451 conver-

260 1500 356 1549 tere
375 1489 683 1554 voluntates,
711 1496 767 1545 et
793 1488 849 1544 in
878 1502 1066 1545 eorum
1082 1482 1336 1545 cordibus
1354 1488 1586 1560 operari,
1620 1497 1677 1542 ut
1702 1487 1823 1542 nui-

261 1586 316 1640 iis
345 1581 745 1639 sdversitatihus
780 1582 1008 1649 cedant,
1044 1596 1143 1638 nec
1170 1582 1239 1637 ab
1264 1580 1358 1638 illo
1380 1582 1554 1653 aliqua
1582 1580 1822 1653 superati

262 1674 524 1735 testatione
542 1674 862 1741 discedant;
893 1686 1013 1731 cum
1040 1673 1213 1748 possit
1239 1666 1296 1730 et
1323 1671 1463 1746 quod
1489 1672 1565 1730 ait
1584 1673 1819 1745 Apostoz

261 1766 330 1824 lIs
350 1766 548 1834 ﬁcere,
572 1777 632 1821 ut
655 1762 762 1823 non
788 1779 888 1825 eos
906 1766 1177 1841 permittat
1197 1768 1392 1824 tentari
1418 1780 1479 1821 su
1489 1781 1583 1837 per
1603 1765 1659 1822 id
1676 1764 1819 1837 quod

261 1865 454 1931 possunt
478 1855 521 1933 (I
541 1853 662 1914 Cor.
692 1874 727 1914 x
748 1898 767 1927 ,
800 1858 890 1930 i3)
919 1876 934 1914 :
968 1867 1024 1914 ut
1054 1872 1185 1929 ergo
1210 1856 1265 1913 id
1294 1872 1401 1912 non
1425 1856 1598 1911 dicam
1624 1897 1639 1922 ,
1669 1862 1819 1914 certe

259 1954 439 2025 potem
460 1952 577 2009 illos
602 1953 743 2009 Deus
771 1953 1060 2023 praesciens
1087 1966 1210 2009 esse
1237 1953 1503 2023 lapsuros,
1530 1936 1589 2011 ar
1602 1942 1818 2024 tequam

258 2044 307 2100 id
332 2044 470 2101 ﬂeret
488 2085 504 2111 ,
542 2038 755 2101 auferre
772 2043 842 2101 de
863 2043 965 2101 hac
988 2045 1118 2101 vita.
1140 2044 1221 2100 An
1253 2060 1319 2101 eo
1345 2043 1566 2100 redituri
1594 2056 1781 2099 sumus
1798 2084 1814 2111 ,

208 2135 214 2141 ’
259 2147 307 2195 ut
328 2139 485 2195 adhuc
510 2139 863 2210 disputemus,
885 2126 1079 2211 quanta
1105 2126 1433 2194 absurditate
1455 2138 1690 2206 dicatur,
1724 2122 1816 2208 Iu-

258 2228 399 2287 dicari
423 2230 660 2286 homines
696 2241 938 2286 mortuos
965 2231 1125 2286 etiam
1153 2229 1221 2286 de
1262 2230 1344 2285 bis
1383 2229 1652 2300 peccatis,
1693 2243 1816 2300 quae

260 2321 493 2393 praseivit
518 2336 612 2377 eos
637 2322 780 2378 Deus
805 2329 1205 2393 perpetraturos
1235 2314 1434 2389 fuisse,
1461 2323 1508 2379 si
1537 2320 1819 2378 viverent?

259 2410 386 2482 Quod
413 2411 479 2468 ita
497 2408 753 2470 abhorret
781 2428 813 2469 a
842 2415 1088 2471 sensibus
1116 2414 1421 2471 christianis
1439 2456 1454 2482 ,
1479 2423 1571 2470 aut
1598 2429 1817 2485 prorsus

259 2505 475 2562 humanis
495 2548 509 2574 ,
539 2514 599 2562 ut
617 2505 672 2562 id
700 2507 860 2563 etiam
889 2506 1136 2563 refellere
1162 2506 1376 2578 pudeat.
1398 2505 1508 2563 Cur
1525 2506 1667 2562 enim
1707 2520 1815 2562 non

257 2596 465 2665 (licam,
495 2611 549 2656 et
578 2598 751 2672 ipsum
778 2599 1126 2678 Evangelium
1152 2613 1272 2656 cum
1298 2598 1446 2657 tanto
1470 2599 1651 2656 labore
1693 2610 1818 2672 pas-

258 2686 575 2763 sionibusque
602 2696 910 2748 sanctorum
949 2692 1143 2748 frustra
1166 2707 1288 2749 esse
1317 2688 1660 2764 praedicatum
1684 2733 1701 2761 ,
1729 2690 1815 2749 vel

254 2785 403 2842 adhuc
437 2780 593 2845 etiam
633 2786 917 2856 praedicari
950 2804 965 2843 :
996 2786 1041 2841 si
1074 2784 1304 2858 iudicari
1349 2778 1595 2858 poterant
1638 2784 1815 2843 homi-

254 2890 362 2946 nes,
388 2876 540 2934 etiam
568 2894 675 2934 non
719 2878 902 2934 audito
927 2877 1219 2951 Evangelia
1237 2921 1252 2944 ,
1295 2878 1591 2935 secundum
1620 2876 1815 2935 contu-

252 2972 445 3027 maciam
472 2972 555 3029 vei
584 2970 972 3041 obedientiam,
1003 2984 1161 3044 quam
1189 2972 1455 3045 przescivit
1482 2966 1623 3028 Deus
1660 2970 1812 3027 habi-

253 3071 377 3119 turos
395 3063 551 3122 fuisse
574 3068 594 3132 ,'
618 3066 663 3121 si
688 3062 1002 3123 audissent?
1024 3064 1133 3121 Nec
1158 3060 1542 3121 damnarentur
1561 3056 1736 3137 Tyrus
1761 3072 1816 3121 et

252 3153 409 3221 Sidon,
439 3157 678 3228 quamvis
706 3154 987 3213 remissius
1001 3160 1159 3227 q‘uam
1180 3155 1286 3212 illae
1309 3148 1551 3212 civitates
1567 3154 1589 3225 ,‘
1612 3155 1665 3211 in
1691 3154 1812 3225 qui-

251 3246 336 3303 bus
370 3265 466 3304 non
507 3249 854 3306 credentibus
895 3248 933 3305 a'
958 3240 1185 3305 Domino
1211 3247 1427 3305 Christo
1453 3247 1713 3305 mirabilia
1740 3242 1815 3303 si-

252 3340 373 3410 gnat
398 3353 516 3397 sunt
539 3340 678 3398 facta
713 3359 727 3399 :
759 3338 1019 3414 quoniam
1045 3342 1090 3398 si
1114 3340 1254 3413 apud
1285 3340 1402 3397 illas
1431 3338 1566 3397 facta
1592 3336 1773 3398 essent
1792 3383 1808 3408 ,

250 3431 295 3487 in
312 3434 478 3491 cinere
495 3434 550 3491 et
573 3432 751 3490 cilicio
778 3432 1152 3506 pmuitcntiam
1179 3428 1435 3506 egissent;
1468 3424 1605 3489 sicut
1626 3447 1687 3490 se
1715 3431 1813 3488 ha-

249 3522 577 3607 benteloquia
600 3524 872 3597 veritatis,
905 3527 960 3583 in
980 3520 1175 3599 quibus
1199 3526 1380 3583 verbis
1418 3522 1531 3581 suis
1558 3522 1813 3580 Dominus

248 3612 395 3768 1ωέ
420 3616 577 3675 θ’.ιὶήέ
620 3608 775 3676 nobis
822 3614 1143 3693 mysterium
1190 3608 1670 3690 praedestinationis
1719 3631 1811 3674 os-

304 3804 385 3863 25.
406 3804 470 3863 Si
487 3807 632 3863 enim
659 3800 931 3880 quaeratur
952 3804 991 3863 ti
1009 3804 1164 3862 nubis
1183 3850 1198 3875 ,
1241 3800 1337 3863 cur
1371 3798 1523 3877 apud
1544 3804 1640 3862 eos
1665 3804 1811 3862 tanta

160 3924 165 3929 υ
246 3896 470 3955 miracula
508 3899 649 3956 facta
692 3899 800 3955 sint
824 3900 916 3972 qui
946 3899 1189 3956 videntes
1217 3914 1277 3955 ea
1306 3914 1412 3954 non
1444 3894 1654 3954 fuerant
1694 3912 1815 3955 cre-

244 3986 383 4044 dituri
402 4031 417 4058 ,
446 3998 499 4046 et
516 3989 659 4061 apud
682 4005 776 4046 eos
798 3990 933 4046 facta
962 3974 1064 4046 non
1105 3988 1219 4046 sint
1241 3989 1330 4061 qui
1352 3989 1633 4046 crederent
1655 3990 1700 4045 si
1728 3990 1809 4045 vi-

245 4078 425 4147 derent;
447 4082 574 4154 quid
599 4082 1086 4153 respondebimus?
1103 4078 1367 4153 Numquid
1385 4080 1578 4138 dicturi
1601 4082 1811 4149 sumus,

243 4174 364 4243 quod
384 4175 432 4229 in
457 4175 595 4231 libro
616 4174 708 4230 illo
736 4174 882 4243 dixi,
912 4173 1001 4230 ubi
1034 4189 1126 4231 sex
1155 4171 1474 4246 quibusdam
1501 4168 1813 4245 qumstioni-

244 4263 329 4320 bus
354 4266 676 4338 Paganorum
697 4308 712 4332 ,
745 4266 861 4322 sine
887 4265 1196 4337 praeiudicio
1221 4262 1398 4322 tamen
1426 4264 1647 4320 aliarum
1677 4262 1808 4321 cau-

243 4372 397 4415 sarum
417 4404 431 4427 ,
462 4372 595 4433 quas
621 4361 912 4433 prudentes
944 4368 1165 4432 possunt
1188 4358 1455 4432 vestigare
1469 4362 1495 4428 ,’
1517 4342 1813 4431 respondi?

244 4450 342 4510 iioc
363 4455 576 4526 quippe,
612 4456 670 4510 tit
698 4454 879 4520 scitis,
910 4454 1032 4511 cum
1067 4452 1310 4509 Christus
1336 4460 1501 4524 quare
1539 4460 1661 4525 post
1699 4461 1807 4509 tam

241 4542 377 4617 longa
404 4556 643 4619 tempora
680 4547 927 4615 venerit,
959 4554 1292 4617 quaereretur
1314 4587 1328 4612 ,
1361 4546 1470 4603 dixi
1496 4546 1519 4615 ,'
1551 4547 1686 4619 quod
1730 4545 1811 4603 Itis

243 4640 521 4711 temporibus
546 4649 595 4695 ct
638 4639 719 4696 his
746 4640 868 4695 locis
891 4639 1072 4712 quibus
1114 4636 1449 4712 Evangelium
1474 4634 1583 4713 ejus
1611 4636 1811 4696 nonest

242 4731 547 4799 pediculum
570 4774 587 4796 ,
623 4732 751 4788 tales
777 4715 949 4787 omnes
972 4732 1026 4787 in
1065 4732 1175 4803 ejus
1205 4732 1568 4805 praedicatione
1609 4728 1809 4807 futuros

240 4836 331 4878 esse
346 4825 655 4896 prwsciebat,
686 4825 861 4895 quales
888 4823 1039 4879 multi
1054 4825 1110 4879 in
1134 4824 1246 4894 ejus
1265 4822 1523 4895 corporali
1541 4824 1808 4894 praesentia

237 4913 422 4983 fuerunt
439 4960 454 4983 ,
484 4917 645 4987 quiin
674 4932 787 4971 eum
807 4932 896 4970 nec
923 4910 1179 4971 suscitatis
1199 4914 1263 4970 ab
1282 4931 1339 4970 eo
1355 4916 1566 4970 mortuis
1603 4915 1810 4972 credere

236 5003 497 5061 voluerunt.
544 5004 674 5063 item
719 5006 878 5078 paulo
904 5012 1028 5077 post
1069 5005 1122 5060 in
1152 5005 1340 5061 eodem
1372 4998 1537 5071 libro,
1567 5012 1726 5076 atque
1752 5005 1805 5060 in

234 5099 421 5166 eadem,
442 5101 738 5171 qumﬂione
765 5118 778 5154 :
810 5099 947 5169 Quid
980 5100 1164 5154 mirum
1183 5141 1198 5167 ,
1222 5099 1469 5169 inquam,
1497 5098 1545 5154 si
1569 5108 1671 5152 tam
1697 5099 1808 5168 inﬁ-

235 5190 411 5249 delibus
451 5196 658 5267 piatum
694 5194 863 5250 orbem
891 5186 1149 5248 lentarum
1167 5191 1399 5249 Christus
1436 5184 1688 5264 prioribus
1711 5208 1807 5248 sw-

214 5279 348 5338 ‘culis
372 5290 611 5352 noverat,
644 5295 699 5341 ut
742 5286 814 5341 eis
842 5285 1111 5357 praedicari
1145 5286 1321 5339 merito
1348 5282 1533 5349 nollet,
1563 5301 1689 5356 quos
1716 5302 1808 5340 nec

234 5375 377 5434 verbis
419 5394 509 5435 nec
564 5379 827 5434 miraculis
891 5378 998 5433 suis
1050 5377 1325 5433 credituros
1363 5392 1472 5433 esse
1516 5372 1806 5449 priest-iebat

236 5464 409 5540 (Epist.
438 5470 573 5538 102,
604 5478 782 5542 quwst.
804 5466 896 5540 2)?
923 5469 1049 5524 litec
1077 5478 1224 5525 certe
1247 5468 1314 5525 de
1338 5469 1481 5542 Tyro
1516 5460 1578 5524 et~
1605 5458 1806 5525 Sidone

234 5573 329 5615 non
353 5560 634 5633 possumus
655 5560 837 5617 dicere
858 5602 873 5628 ,
906 5570 960 5618 et
985 5560 1039 5615 in
1081 5558 1165 5616 eis
1189 5560 1562 5631 cognoscimus
1599 5560 1665 5614 ad
1711 5574 1803 5617 eas

234 5667 407 5711 ausas
433 5652 915 5726 praedestinatlonis
943 5655 1058 5709 haec
1081 5648 1258 5709 divina
1286 5651 1481 5724 judicia
1512 5653 1800 5723 pertinere,

233 5744 338 5801 sine
362 5762 583 5818 quarum
612 5742 891 5804 causarum
920 5741 1195 5804 latentium
1224 5744 1534 5817 praeiudicio
1555 5753 1678 5800 tunc
1704 5745 1802 5800 ista

130 5840 135 5847 '
233 5838 540 5907 respondere
565 5852 656 5894 me
678 5837 807 5893 dixi.
832 5838 1009 5896 Facile
1036 5849 1119 5895 est
1138 5840 1338 5909 quippe
1357 5845 1416 5892 ut
1438 5836 1803 5893 inﬁdelitatem

233 5942 525 5986 accusemus
549 5928 852 5986 Judaeorum
879 5931 946 5986 de
974 5931 1138 5988 libera
1166 5930 1438 5987 voluntate
1464 5935 1763 5984 venientem
1782 5965 1802 5985 .

305 6041 1197 6110 |aut.lii-.etaliunotuss..etsigna.

1255 532 1460 594 LIBER
1496 531 1586 591 DE
1622 530 1804 592 DONO
1841 530 2461 601 PERSEVERAN'I‘IE.

1935 658 2026 727 qui
2052 654 2206 715 factis
2233 652 2460 747 apudse
2486 660 2595 720 tam
2624 654 2832 740 magnis
2862 652 3140 747 virtutibus
3164 652 3388 732 credere
3432 692 3534 734 no-

1933 747 2166 805 luerunt.
2197 750 2349 819 Quod
2376 744 2430 809 et
2461 746 2715 813 Dominus
2742 744 3033 833 increpans
3050 754 3240 834 arguit,
3272 773 3327 821 et
3351 754 3527 832 dicit:

1942 837 2033 896 γω
2056 839 2183 912 tibi,
2214 834 2500 931 Chorosaiu
2539 842 2588 904 et
2614 847 2890 905 Bethsaida
2920 868 2937 905 :
2969 840 3090 923 quia
3132 853 3178 908 si
3221 855 3277 911 in
3316 836 3451 931 Tyro
3479 869 3529 916 et
3588 891 3597 905 ι

1933 931 2128 988 Sidone
2155 938 2304 1008 forte
2327 928 2537 1008 fuissent
2560 943 2792 1009 virtutes,
2820 959 2934 1015 qua:
2962 946 3114 1019 facta:
3139 932 3258 1001 τωδὶ
3284 947 3335 1002 in
3362 928 3522 1012 nobis.

1930 1025 2052 1081 olim
2088 1026 2141 1081 in
2174 1028 2338 1084 cilicio
2358 1041 2406 1087 et
2428 1032 2593 1089 cinere
2611 1020 2951 1107 panitentiam
2974 1037 3207 1110 egissent.
3238 1038 3343 1096 Sed
3369 1024 3526 1098 num-

1929 1118 2055 1190 quid
2083 1118 2364 1190 possumus
2384 1118 2563 1207 dicere
2583 1168 2598 1207 ,
2626 1126 2787 1185 etiam
2826 1116 3018 1201 Tyrios
3040 1139 3094 1207 et
3119 1124 3373 1189 Sidonios
3400 1135 3521 1207 tali-

1928 1215 2028 1272 bus
2051 1215 2195 1305 apud
2239 1234 2299 1276 se
2340 1204 2625 1305 virtutibus
2668 1214 2820 1305 factis
2859 1204 3085 1305 credere
3116 1220 3388 1305 noluisse,
3414 1204 3523 1305 iiut

1926 1302 2227 1389 credituros
2254 1298 2363 1389 non
2383 1297 2574 1381 fuisse,
2599 1314 2645 1371 si
2671 1296 2898 1373 lienem?
2919 1296 3040 1375 cum
3068 1294 3150 1374 eis
3187 1304 3305 1389 ipse
3334 1292 3521 1379 Domi-

1927 1413 2029 1454 nus
2064 1386 2347 1457 attestatur
2365 1443 2379 1467 ,
2409 1388 2551 1475 quod
2580 1394 2743 1460 acturi
2769 1410 2946 1485 essent
2966 1416 3178 1485 magnae
3207 1386 3519 1485 humilitatis

1927 1486 2296 1575 paenitentiam
2311 1536 2343 1575 ,_
2358 1484 2428 1575 si.
2445 1494 2500 1550 in
2524 1488 2606 1552 eis
2630 1486 2768 1553 facta
2792 1480 2978 1554 essent
2998 1480 3298 1575 divinarum
3324 1480 3419 1575 illa
3432 1497 3527 1575 si-

1923 1576 2028 1659 gna
2077 1572 2363 1643 virtutum.
2407 1556 2477 1643 iit
2522 1582 2700 1643 tamen
2742 1582 2803 1643 in
2845 1584 2936 1644 die
2969 1584 3153 1657 iudicii
3193 1568 3510 1656 immanium

1924 1666 2171 1746 quamvis
2193 1662 2393 1734 minoi'i
2423 1674 2686 1751 supplicuo
2723 1693 2881 1750 quam
2928 1678 3033 1735 ilia:
3071 1679 3316 1737 civitates
3339 1719 3357 1748 ,
3400 1674 3526 1757 quin

1925 1764 2063 1837 apud
2090 1782 2148 1823 se
2178 1764 2459 1825 virtutibus
2499 1770 2650 1824 factis
2690 1766 2913 1826 credere
2958 1770 3267 1828 noluerunt.
3292 1768 3523 1829 Secutus

1922 1859 2065 1943 enim
2107 1848 2363 1917 Dominus
2392 1852 2478 1943 ait
2508 1880 2520 1917 :
2559 1850 2912 1917 Verumtamen
2942 1862 3057 1918 dico
3099 1861 3237 1943 vobis
3258 1905 3277 1943 ,_
3307 1860 3443 1936 Tyro
3473 1871 3522 1920 et

1924 1942 2111 2009 Sidoni
2133 1940 2397 2010 remissius,
2419 1937 2512 2010 erit
2536 1956 2591 2010 in
2616 1954 2698 2009 die
2734 1955 2921 2027 judicii
2951 1973 3101 2026 quam
3138 1938 3277 2012 vobis
3300 1953 3517 2030 (Matth.

1923 2059 1977 2100 ιι
1995 2086 2011 2112 ,
2040 2040 2142 2112 21,
2167 2030 2287 2117 22)..
2314 2042 2564 2102 Severius
2592 2062 2720 2116 ergo
2746 2047 3034 2118 punientur
3068 2040 3187 2114 isti,
3222 2042 3295 2103 illi
3326 2032 3521 2103 remis-

1922 2128 2035 2192 isius
2059 2153 2074 2203 ;
2105 2128 2207 2193 sed
2225 2146 2403 2194 tamen
2424 2130 2736 2209 punientur.
2765 2128 2932 2194 Porro
2957 2139 3003 2194 si
3028 2139 3189 2195 etiam
3224 2122 3519 2194 secundum

1920 2214 2059 2282 facta
2074 2243 2192 2297 qum
2215 2216 2405 2284 facturi
2427 2239 2608 2285 essent
2628 2229 2676 2285 si
2692 2220 2950 2296 viverent,
2974 2231 3167 2286 mortui
3187 2212 3517 2303 judicantur;

1921 2310 2182 2389 profecto,
2206 2320 2327 2393 quia
2359 2320 2543 2377 fideles
2574 2320 2735 2376 futuri
2760 2318 2914 2378 erant
2939 2310 3046 2390 isti,
3071 2322 3117 2378 si
3145 2323 3224 2377 eis
3252 2308 3379 2378 cum
3403 2312 3521 2378 tan-

1922 2410 1991 2466 tis
2037 2410 2313 2469 miraculis
2342 2406 2533 2469 fuisset
2578 2412 2921 2485 Evangeiium
2966 2398 3352 2488 praedicatum,
3408 2432 3543 2477 non

1921 2492 2836 2583 suntutiq'uepuniendi;punientur
2857 2496 3070 2572 autem;
3104 2510 3181 2583 (a)
3205 2492 3391 2565 falsum
3435 2519 3519 2566 est

1919 2584 2082 2668 igitur
2098 2606 2162 2681 get
2181 2588 2475 2655 secundum
2513 2592 2575 2654 ea
2606 2607 2848 2681 mortuos
2889 2596 3115 2670 judicari
3139 2642 3153 2666 ,
3181 2616 3302 2681 quae
3326 2590 3516 2655 facturi

1920 2676 2107 2759 essent
2137 2684 2193 2745 si
2218 2680 2287 2746 ad
2312 2680 2559 2747 viventes
2606 2676 2951 2762 Evangeiinm
2992 2676 3313 2761 perveniret.
3361 2688 3429 2746 Et
3472 2690 3519 2746 si
3610 2695 3621 2702 ‘

1922 2770 2025 2863 boc
2053 2766 2251 2838 faisum‘
2279 2790 2394 2849 est,
2418 2768 2525 2863 non
2556 2793 2638 2839 est
2661 2798 2758 2840 cur
2777 2781 2984 2863 dicatur
3017 2782 3401 2863 de'infantibus
3426 2766 3519 2855 qui

1920 2856 2146 2945 pereunt
2175 2874 2293 2931 sine
2333 2860 2671 2946 Baptis'mate‘
2707 2856 3029 2944 morientes,
3073 2856 3177 2951 hoc
3220 2875 3271 2929 in
3326 2874 3405 2931 eis
3451 2889 3520 2951 eo

1919 2954 2111 3021 merito
2132 2960 2270 3036 fieri,
2298 2956 2420 3053 quia
2441 2952 2713 3057 p'rzescivit
2732 2962 2829 3023 eos
2850 2962 3010 3032 Deus,
3033 2942 3087 3055 si:
3101 2948 3361 3033 viverent,
3388 2981 3521 3057 prse-

1919 2983 2111 3021 meruo
2132 2983 2270 3036 ueri,
2298 2983 2420 3053 quia
2441 2983 2713 3114 praesagit
2732 2983 2827 3023 eos
2850 2983 3010 3032 ueus,
3033 2983 3085 3055 st.
3101 2983 3361 3033 vnverent,
3388 2983 3515 3057 pra:-

1918 3054 2260 3131 dicatumque
2287 3052 2390 3115 illis
2419 3052 2606 3117 inisset
2676 3050 2973 3134 vangeliuin
2998 3103 3012 3123 ,
3044 3059 3333 3135 infideliter
3361 3059 3515 3115 audi-

1922 3138 2087 3205 lnios.
2108 3138 2289 3206 Restat
2311 3138 2471 3224 igitur
2499 3138 2557 3207 ut
2583 3136 2697 3207 snio
2717 3142 2936 3233 peccato
2964 3136 3205 3229 originali
3239 3138 3517 3233 teneantur

1918 3234 2158 3327 obstricti
2175 3242 2198 3308 ,’
2220 3252 2273 3299 et
2294 3230 2515 3327 propter
2538 3230 2641 3302 hoc
2662 3226 2993 3327 soiumiea'n't
3019 3246 3071 3301 in
3093 3226 3512 3327 damnationem;

1918 3324 2069 3406 quod
2110 3323 2361 3393 videmus
2393 3338 2412 3370 ¹
2442 3326 2569 3393 aliis’
2602 3318 2853 3394 eamdem
2893 3332 3210 3394 habentibus
3252 3318 3468 3396 causam
3493 3382 3511 3409 ,

1918 3440 2027 3482 non
2054 3425 2158 3515 nisi
2184 3444 2278 3498 per
2294 3428 2400 3513 ’Dei
2430 3430 2713 3513 gratuitam
2734 3430 2957 3510 gratiam
2987 3431 3392 3502 rcgeneratione
3415 3431 3516 3487 do-

1916 3519 2063 3601 nari;
2090 3512 2149 3574 et
2172 3512 2297 3591 ejus
2322 3512 2569 3601 oecuito,
2603 3512 2749 3592 justo
2781 3532 2971 3601 tamen
2993 3518 3228 3601 judicio,
3260 3512 3514 3601 quoniam

1916 3590 2022 3665 non
2053 3600 2137 3665 est
2163 3590 2421 3682 iniquitas)
2440 3594 2580 3682 aliud
2608 3590 2778 3667 Deum
2811 3590 3005 3685 (Rom.
3037 3630 3092 3669 rx
3118 3656 3132 3681 ,
3181 3590 3303 3691 i4),
3347 3596 3514 3686 quos-

1916 3696 2037 3757 dam
2066 3694 2225 3760 etiam
2268 3710 2389 3776 post
2415 3696 2747 3777 Baptismum
2777 3707 3010 3777 pessime
3037 3707 3268 3764 vivendo
3310 3710 3513 3783 peritu-

1916 3792 2039 3863 rus,
2070 3798 2121 3852 in
2151 3788 2263 3854 hac
2293 3784 2467 3854 tamen
2508 3786 2614 3854 vita
2644 3790 2750 3870 quo
2780 3784 2949 3872 usque
2978 3792 3207 3877 pereant
3239 3788 3509 3871 detineri;

1916 3884 2007 3957 qui
2028 3903 2133 3942 non
2162 3882 2419 3959 perirent,
2450 3878 2505 3944 si
2521 3882 2600 3944 eis
2624 3889 2864 3959 corporis
2888 3880 3052 3957 mors,
3087 3882 3512 3961 lapsumeorum

1916 3972 2291 4055 praeveniens,
2346 3968 2672 4036 subveniret.
2729 3966 2991 4049 Quoniam
3042 3960 3220 4037 nullus
3267 3960 3512 4039 mortuus

1911 4066 2179 4139 iudicatur
2202 4085 2271 4126 ex
2299 4064 2453 4126 bonis
2483 4060 2576 4127 seu
2603 4060 2795 4140 malis,
2828 4088 2948 4165 quae
2988 4058 3162 4131 fuerat
3189 4060 3370 4131 sinon
3395 4068 3513 4161 mo-

1916 4154 2126 4217 feretur
2149 4169 2366 4218 acturus
2397 4154 2417 4218 ε’
2437 4154 2670 4234 alioquin
2699 4152 2857 4237 Tyrii
2874 4173 2929 4220 et
2954 4154 3158 4221 Sidonii
3180 4156 3286 4222 non
3312 4152 3511 4224 secun-

1914 4242 2041 4337 dum
2068 4267 2130 4309 ea
2160 4268 2278 4327 qua:
2296 4246 2591 4337 gesserunt
2617 4240 2803 4327 poenas
2830 4242 3067 4324 luerent;
3097 4244 3191 4314 sed
3214 4238 3510 4337 potius'se-

1913 4326 2147 4402 nundum
2173 4362 2235 4403 ea
2258 4363 2378 4420 qua:
2403 4334 2601 4427 gesturi
2628 4338 2858 4415 fuerant,
2887 4346 2933 4406 si
2960 4350 3014 4406 in
3042 4340 3120 4408 eis
3150 4350 3258 4406 illae
3284 4330 3511 4427 virtutes

1913 4428 2235 4511 evangelicae
2260 4426 2416 4496 factae
2443 4432 2697 4510 fuissent,
2726 4457 2824 4513 per
2851 4442 3109 4516 grandem
3135 4444 3510 4515 paenitentiam

1912 4538 1970 4589 et
1996 4534 2091 4615 per
2115 4533 2312 4589 Christi
2340 4524 2501 4590 fidem
2529 4524 2991 4607 consequerentur
3014 4537 3262 4593 salutem.

1983 4630 2210 4740 CAPUT
2247 4618 2317 4740 ti.
2352 4629 2435 4739 τ’
2458 4650 2549 4707 si.
2590 4642 2835 4733 Quidam.
2860 4632 3161 4727 disputator
3205 4618 3506 4712 catiioiicus

1912 4730 2019 4825 non
2050 4730 2466 4827 ignobilisgbunc
2492 4730 2772 4813 Evangelii
2796 4742 2985 4805 locum
3027 4743 3107 4803 sic
3144 4745 3509 4827 ‘exposuit,‘ut

1912 4818 2114 4911 diceret
2140 4816 2421 4906 praescisse
2449 4822 2731 4890 Dominum
2762 4833 2953 4906 Tyrios
2979 4842 3038 4891 et
3064 4816 3381 4895 Sidonios‘a'
3398 4816 3508 4909 tida

1913 4924 2075 4982 fuisse
2094 4910 2279 4999 postea
2306 4940 2635 4991 recessuros,
2668 4940 2787 4983 cum
2811 4925 2965 5007 factis
2991 4927 3130 4998 apud
3150 4943 3211 4983 se
3234 4929 3505 4989 miraculis

1912 5006 2283 5085 credidissent,
2309 5025 2365 5073 et
2385 5017 2751 5073 misericordia
2778 5019 2954 5099 potius
2983 5036 3087 5075 non
3114 5035 3238 5075 eum
3271 5021 3378 5099 illic
3400 5022 3505 5093 ista

1914 5113 2134 5191 fecisse:
2164 5114 2414 5197 quoniam
2443 5114 2675 5193 graviori
2720 5096 2894 5191 pinum
2939 5117 3158 5174 obnoxii
3207 5096 3423 5189 ﬁerent,
3448 5122 3501 5181 si

1911 5204 2068 5262 iidem
2090 5220 2247 5279 quam
2271 5215 2555 5267 tenuerant
2574 5208 2937 5287 reliquissent,
2962 5225 3123 5283 quam
3144 5210 3189 5266 si
3214 5227 3330 5287 eam
3354 5212 3506 5268 ttulit;

1911 5306 2151 5369 tempore
2179 5290 2496 5355 tenuissent.
2526 5299 2581 5354 in
2608 5315 2710 5371 qua
2733 5284 2994 5356 sententia
3017 5296 3171 5358 docti"
3193 5284 3423 5365 hominis
3444 5311 3503 5359 et

1908 5389 2192 5471 admodum
2220 5392 2381 5456 acuti,
2413 5376 2541 5463 quae,
2558 5393 2664 5449 sint
2692 5393 2865 5450 adhuc
2894 5374 3089 5471 merito,
3109 5394 3426 5466 requirenda
3451 5396 3497 5463 ',

1908 5468 2035 5567 quid
2054 5499 2149 5569 me
2176 5500 2317 5571 nunc
2344 5474 2535 5542 attinet
2563 5470 2764 5561 dicere,
2800 5501 2921 5563 cum
2943 5496 2998 5545 et
3025 5468 3135 5559 ipsa
3166 5484 3322 5573 nobis
3344 5486 3417 5559 ad
3444 5487 3503 5571 id

1908 5574 2048 5657 quod
2071 5577 2275 5649 agimus
2299 5575 2657 5648 suffragetur?
2682 5578 2736 5633 Si
2764 5578 2907 5635 enim
2941 5578 3284 5635 miseratione
3311 5579 3499 5635 Ι)οωί-

1910 5685 2010 5725 nus
2038 5685 2145 5725 non
2175 5668 2300 5727 fecit
2329 5671 2379 5725 in
2423 5669 2537 5726 istis
2572 5669 2818 5735 virtutes,
2849 5686 2945 5741 per
2967 5685 3100 5742 quas
3128 5670 3245 5727 iieri
3274 5679 3497 5742 possent

1946 5858 1991 5909 ,ί
2023 5857 2364 5924 εξοδιεενωῇιὶ
2385 5870 2524 5917 vero,
2540 5858 2769 5924 quadam
2788 5853 3022 5924 eiciamus.
3047 5865 3103 5909 Et
3122 5859 3264 5921 infra,
3292 5866 3381 5924 per
3410 5857 3499 5911 Dei

1906 5918 2167 5983 gratuitmn
2186 5917 2395 5983 gratiam
2413 5917 2817 5983 regenerationem
2837 5917 3026 5983 donari.

1972 5983 1994 6045 ξ
2024 5987 2075 6045 ῳ
2096 5979 2207 6045 ussz
2225 5980 2424 6045 legitur,
2443 5979 2663 6045 (iumst
2683 5979 2843 6045 adhuc
2861 5979 3030 6031 merita
3047 5981 3356 6045 requirenda.

1975 6041 2049 6105 (a)
2082 6042 2166 6091 Hic
2196 6041 2360 6100 incipit
2377 6050 2522 6102 caput
2548 6041 2605 6091 10
2627 6042 2754 6096 apud
2776 6053 2873 6091 Am-
2895 6048 2947 6091 et
2970 6048 3044 6092 Fr.
