4014 6472
525 401 663 460 1007

521 515 725 580 ﬁdeles,
753 527 819 568 ne
839 510 1049 582 gravius
1072 511 1385 581 punirentur
1408 523 1528 564 cum
1554 518 1738 579 postea
1765 509 1952 566 tierent
1980 510 2100 564 inﬁ-

521 607 692 672 deles,
713 604 854 676 quod
881 619 976 662 eos
1002 602 1209 660 futuros
1232 603 1391 659 fuisse
1418 603 1709 672 praeseivit;
1737 604 1867 658 satis
1891 610 2101 672 aperte-

521 713 626 769 que
654 705 1001 765 monstratur,
1045 696 1112 751 de
1151 694 1236 751 his
1278 694 1512 766 peccatis
1561 693 1829 749 neminem
1870 692 2097 762 judicari

516 799 872 858 mortuorum,
901 804 1021 860 quae
1047 787 1311 858 praescivit
1340 786 1504 842 fuisse
1541 786 1820 851 facturum,
1849 785 2096 854 si'aliquo

516 882 676 937 modo
701 882 750 938 ei
779 895 845 935 ne
874 881 960 934 illa
989 879 1145 935 faciat
1173 879 1522 935 subvenitur:
1551 878 1686 932 sicut
1716 877 1889 947 Tyriis
1915 884 1968 930 et
2007 875 2096 932 Si-

513 973 707 1036 doniis,
737 972 780 1027 si
822 971 1084 1026 sententia
1115 971 1200 1024 illa
1248 986 1367 1024 vera
1400 980 1501 1036 est,
1548 969 1859 1024 subvenisse
1901 968 2095 1023 dicitur

511 1065 777 1129 Christus,
810 1080 943 1136 quos
987 1065 1174 1119 maluit
1207 1079 1309 1118 non
1337 1063 1596 1119 accedere
1621 1062 1686 1117 ad
1717 1062 1897 1129 ﬁdem,
1933 1077 2090 1132 quam

510 1158 715 1213 scelere
743 1157 908 1212 multo
933 1157 1173 1227 graviore
1199 1155 1474 1211 discedere
1498 1170 1527 1208 a
1558 1153 1680 1217 fide,
1724 1153 1863 1224 quod
1898 1168 2013 1218 eos,
2045 1152 2091 1208 si

507 1250 880 1316 accessissent,
913 1247 1226 1318 praeviderat
1255 1246 1416 1303 fuisse
1458 1246 1706 1302 facturos.
1757 1245 2009 1312 Quamvis
2045 1246 2091 1300 si

507 1339 733 1407 dicatur,
762 1339 869 1394 Cur
908 1353 1015 1394 non
1045 1338 1237 1393 factum
1268 1347 1350 1393 est
1391 1345 1447 1391 ut
1484 1336 1765 1391 crederent
1807 1336 2004 1404 potius,
2037 1343 2093 1390 et

508 1431 612 1488 hoc
632 1433 710 1488 eis
729 1441 1092 1503 pmstaretur,
1120 1440 1178 1486 ut
1203 1440 1484 1501 antequam
1515 1429 1673 1485 ﬁdem
1701 1429 2083 1499 relinquerent,

503 1539 570 1580 ex
591 1524 689 1580 hac
707 1525 813 1580 vita
833 1523 1157 1596 migrarent?
1173 1523 1299 1593 quid
1320 1521 1633 1592 responderi
1660 1522 1845 1590 possit,
1876 1519 2084 1589 ignoro.

503 1615 606 1683 Qui
633 1617 775 1671 enim
802 1615 950 1683 dicit,
983 1616 1245 1671 relicturis
1279 1614 1434 1669 [idem
1460 1612 1722 1669 beneﬁcio
1765 1612 1925 1666 fuisse
1951 1625 2083 1665 con-

503 1721 736 1775 cessum,
762 1725 829 1763 ne
855 1707 1052 1762 habere
1072 1707 1366 1778 inciperent
1387 1705 1526 1776 quod
1547 1705 1790 1776 graviore
1816 1703 2085 1773 impietate

501 1799 835 1865 desererent,
867 1801 995 1856 satis
1024 1799 1223 1856 indicat
1249 1816 1356 1854 non
1379 1797 1607 1869 judicari
1630 1796 1900 1851 hominem
1933 1811 1996 1850 ex
2019 1809 2084 1849 eo

500 1893 639 1961 quod
667 1894 1016 1963 praenoscitur
1046 1890 1185 1946 male
1207 1889 1367 1945 fuisse
1394 1889 1652 1955 facturus,
1682 1887 1728 1942 si
1755 1889 1803 1943 ei
1831 1901 2084 1956 quocum-

494 2000 600 2054 que
629 1984 887 2040 beneﬁcio
915 1996 974 2040 ut
1005 1985 1055 2040 id
1085 2000 1190 2040 non
1224 1983 1381 2039 faciat
1407 1982 1736 2038 consulatur.
1769 1980 2078 2036 Consultum

495 2084 577 2130 est
608 2076 764 2146 igitur
792 2085 846 2132 et
874 2077 971 2140 illi,
1001 2077 1090 2146 qui
1115 2085 1293 2146 raptus
1311 2083 1403 2138 est,
1438 2089 1501 2128 ne
1524 2072 1732 2148 malitia
1758 2079 1972 2125 mutaret
2000 2070 2079 2122 in-

494 2166 746 2220 tellectum
766 2170 875 2236 ejus
897 2165 1050 2239 (Sap.
1081 2182 1152 2233 Iv,
1185 2163 1294 2236 li).
1313 2162 1417 2219 Sed
1440 2179 1535 2219 cur
1558 2178 1663 2216 non
1688 2163 1756 2216 ita
1778 2162 2078 2216 consultum

490 2256 654 2315 fuerit
676 2259 850 2332 Tyriis
881 2275 944 2314 ac
969 2258 1225 2324 Sidoniis,
1255 2267 1312 2311 ut
1340 2257 1620 2312 crederent
1655 2265 1709 2310 et
1744 2265 2071 2324 raperentur,

492 2365 559 2405 ne
585 2351 785 2406 malitia
817 2360 1046 2406 mutaret
1090 2349 1420 2405 intellectum
1451 2363 1668 2414 eorum;
1716 2347 1935 2402 forsitan
1987 2362 2074 2400 re-

491 2442 779 2513 sponderet
818 2443 925 2505 ille,
959 2443 1043 2499 cui
1089 2443 1288 2512 placuit
1337 2443 1439 2496 isto
1483 2440 1644 2496 modo
1690 2441 1826 2496 hanc
1866 2439 2076 2494 solvere

489 2533 842 2602 qumstionem
869 2552 880 2587 :
909 2549 1008 2604 ego
1036 2549 1163 2588 vero
1190 2543 1447 2603 quantum
1474 2531 1539 2587 ad
1569 2533 1670 2587 hoc
1689 2530 1831 2601 quod
1861 2547 1960 2601 ago
1990 2540 2070 2585 at-

488 2622 642 2689 tinet,
674 2624 922 2678 sufficere
949 2624 1124 2690 video,
1154 2634 1211 2679 ut
1231 2623 1524 2679 secundum
1549 2621 1702 2676 istam
1719 2637 1931 2691 quoque
1946 2637 2072 2676 sen-

403 2755 413 2765 .
489 2716 730 2782 tentiam,
757 2715 1194 2773 demonstrantur
1223 2717 1468 2772 homines
1498 2730 1605 2770 non
1641 2714 1870 2784 judicari
1897 2714 1964 2770 de
1989 2714 2073 2769 his

486 2823 604 2879 quae
629 2823 734 2863 non
757 2807 1016 2874 fecerunt,
1041 2809 1247 2864 etiamsi
1278 2807 1469 2863 facturi
1495 2807 1660 2862 fuisse
1685 2806 1892 2874 prmvisi
1923 2814 2066 2859 sunt.

485 2898 820 2971 Quanquam,
849 2909 908 2956 ut
932 2901 1062 2968 dixi,
1095 2901 1232 2956 hanc
1255 2901 1582 2971 opinionem,
1615 2915 1716 2969 qua
1747 2909 1994 2968 putantur
2015 2900 2067 2954 in

485 2990 836 3046 morientibus
858 2992 939 3048 vel
968 2993 1190 3048 mortuis
1209 2991 1464 3047 vindicari
1492 3001 1705 3062 peccata
1729 2994 1766 3056 ¹,
1800 3010 1916 3062 quae
1934 3007 2071 3062 prte-

484 3081 606 3136 sciti
635 3091 759 3138 sunt
781 3082 968 3138 facturi
999 3098 1120 3140 esse
1147 3084 1189 3138 si
1219 3083 1480 3147 viverent,
1507 3084 1668 3139 etiam
1700 3082 1948 3138 refellere
1970 3097 2070 3155 puo

483 3174 628 3243 deat,
678 3191 748 3232 ne
788 3176 1066 3232 videamur
1111 3186 1166 3234 et
1213 3193 1314 3234 nos
1341 3177 1677 3234 existimasse
1705 3179 1928 3247 alicujus
1949 3194 2070 3236 esse

489 3271 779 3340 momenti,
824 3288 982 3342 quam
1031 3272 1319 3329 maluimus
1370 3273 1727 3344 disputatione
1775 3272 2064 3340 cohibere,

484 3377 641 3430 quam
673 3363 886 3420 silentio
917 3367 1206 3433 praeterire.

558 3452 783 3512 CAPUT
824 3455 916 3510 Xl.
943 3486 1017 3496 —
1058 3455 1151 3512 25.
1193 3456 1446 3526 Proinde,
1492 3457 1630 3514 sicut
1657 3458 1946 3528 Apostolus
1971 3459 2066 3526 ait,

487 3543 606 3600 Non
652 3545 864 3601 volentis
909 3564 1069 3618 neque
1103 3549 1369 3616 canentis,
1409 3548 1501 3603 sed
1527 3547 1806 3604 miserentis
1851 3559 1923 3604 est
1971 3548 2070 3604 Dei

485 3636 660 3709 (Rom.
692 3653 767 3704 rx,
790 3638 880 3710 l6)
903 3658 915 3693 :
939 3639 1027 3710 qui
1057 3648 1112 3694 et
1140 3639 1374 3711 parvulis
1397 3639 1587 3710 quibus
1610 3641 1745 3707 vult,
1773 3641 1932 3696 etiam
1959 3656 2066 3696 non

485 3729 786 3787 volentibus
808 3747 979 3802 neque
993 3733 1331 3789 currentibus
1348 3733 1616 3802 subvenit,
1642 3749 1777 3805 quos
1802 3745 1926 3790 ante
1945 3749 2046 3792 con

484 3823 814 3882 stitutionem
842 3825 1025 3882 mundi
1050 3827 1214 3899 elegit
1240 3828 1295 3884 in
1321 3825 1566 3892 Christo;
1587 3828 1734 3884 datur
1762 3844 1808 3883 IS
1832 3829 1910 3885 eis
1940 3844 2066 3900 gra-

484 3915 613 3971 tiam
638 3918 822 3988 gratis,
865 3919 966 3972 hoc
993 3928 1096 3982 est,
1126 3918 1288 3973 nullis
1316 3934 1501 3974 eorum
1542 3919 1630 3975 vel
1676 3919 1796 3975 ﬁdei
1824 3921 1907 3975 vel
1935 3935 2066 3991 ope-

485 4022 605 4064 rum
649 4007 855 4064 meritis
883 4009 1343 4078 praecedentibus:
1368 4019 1420 4065 et
1449 4009 1737 4079 majoribus
1777 4012 1936 4065 etiam
1981 4011 2066 4065 bis

484 4114 616 4170 quos
644 4100 906 4170 praevidit,
930 4100 976 4154 si
1005 4100 1144 4170 apud
1172 4116 1264 4154 eos
1291 4100 1421 4154 facta
1444 4109 1644 4169 essent,
1666 4101 1777 4155 suis
1798 4102 2068 4156 miraculis

487 4191 807 4257 credituros,
836 4193 1028 4263 quibus
1058 4207 1161 4247 non
1193 4193 1306 4246 vult
1329 4192 1632 4259 subvenire,
1654 4208 1759 4247 non
1785 4193 2061 4260 subvenit;

484 4283 554 4340 de
579 4285 771 4355 quibus
795 4285 848 4340 in
877 4301 970 4340 sua
997 4285 1463 4354 praedestinatione
1487 4285 1691 4340 occulte
1715 4285 1951 4355 quidem,
1972 4284 2067 4341 sed

481 4377 625 4449 juste
667 4378 811 4434 aliud
851 4378 1124 4447 judicavit.
1173 4377 1289 4433 Non
1333 4378 1473 4432 enim
1517 4385 1599 4433 est
1650 4377 1899 4447 iniquitas
1926 4377 2066 4448 apud

488 4471 689 4540 Deum;
712 4473 804 4528 sed
829 4471 1188 4527 inscrutabilia
1227 4481 1350 4526 sunt
1366 4471 1562 4540 judicia
1589 4470 1724 4541 ejus,
1757 4481 1810 4526 et
1851 4472 2067 4527 investi-

485 4564 686 4636 gabiles
709 4567 808 4621 via:
836 4567 950 4636 ejus
977 4565 1085 4638 (Id.
1112 4583 1189 4634 ιι,
1214 4563 1304 4636 55)
1328 4582 1340 4617 :
1366 4565 1624 4618 universae
1648 4575 1825 4619 autem
1843 4564 1940 4617 via:
1959 4563 2066 4618 Do-

487 4657 617 4712 mini
650 4657 1010 4712 misericordia
1041 4667 1093 4713 et
1122 4658 1316 4712 veritas
1346 4655 1516 4730 (Psal.
1549 4671 1696 4723 xxxv,
1746 4655 1858 4727 10).
1910 4655 2064 4711 lnve-

488 4749 747 4821 stigahilis
777 4764 902 4819 ergo
926 4757 1010 4804 est
1039 4750 1416 4814 misericordia,
1449 4765 1547 4818 qua
1577 4747 1727 4819 cujus
1765 4749 1872 4801 vult
1899 4742 2065 4804 mise—

486 4853 657 4909 retur,
686 4842 839 4896 nullis
865 4841 980 4911 ejus
1007 4841 1428 4910 prmeedentibus
1451 4840 1649 4894 meritis
1672 4857 1684 4892 :
1708 4849 1761 4894 et
1781 4839 2063 4911 investiga-

488 4933 613 4989 bilis
639 4933 856 4999 veritas,
889 4947 989 5002 qua
1019 4947 1177 5002 quem
1219 4932 1329 4985 vult
1372 4931 1596 4986 obdurat
1627 4930 1800 5002 (Rom.
1843 4948 1916 4998 ix,
1948 4931 2060 5000 18),

491 5027 608 5098 ejus
635 5026 846 5097 quidem
872 5025 1295 5097 prarcedentibus
1320 5025 1542 5087 meritis,
1566 5025 1659 5080 sed
1683 5040 1801 5079 cum
1829 5040 1893 5079 eo
1915 5023 2063 5094 cujus

489 5119 774 5174 miseretur
803 5119 1114 5188 plerumque
1136 5116 1526 5173 communibus.
1557 5117 1705 5171 Sicut
1732 5116 1954 5171 duorum
1974 5131 2066 5186 ge-

491 5213 778 5278 minorum,
806 5228 1031 5280 quorum
1061 5227 1195 5266 unus
1223 5211 1529 5278 assumitur,
1563 5227 1699 5265 unus
1725 5212 2061 5282 relinquitur,

485 5305 668 5376 dispar
688 5319 771 5362 est
798 5305 989 5368 exitus,
1022 5306 1209 5359 merita
1235 5303 1568 5359 communia:
1593 5304 1643 5357 in
1671 5305 1861 5373 quibus
1887 5313 2062 5357 tamen

489 5396 565 5450 sic
591 5396 724 5450 alter
765 5410 952 5466 magna
981 5395 1072 5450 Dei
1105 5394 1339 5448 bonitate
1364 5393 1640 5459 liberatur,
1673 5402 1728 5446 ut
1758 5394 1890 5447 alter
1918 5392 2060 5446 nulla

487 5485 603 5556 ejus
627 5486 903 5557 iniquitate
919 5485 1219 5540 damnetur.
1246 5482 1509 5554 Numquid
1537 5484 1678 5539 enim
1709 5484 1954 5554 iniquitas
1983 5493 2065 5538 est

488 5579 628 5650 apud
657 5579 860 5634 Deum?
879 5578 1028 5635 Absit
1051 5595 1062 5631 :
1087 5577 1181 5633 sed
1209 5576 1603 5648 investigabiles
1624 5584 1747 5631 sunt
1762 5576 1861 5630 viae
1877 5575 2059 5644 ipsius.

490 5670 672 5742 Itaque
700 5670 1118 5727 misericordiam
1146 5670 1262 5740 ejus
1309 5669 1360 5723 in
1393 5670 1476 5724 his
1523 5669 1612 5741 qni
1656 5669 1966 5734 liberantur,
2007 5674 2064 5722 et

483 5826 828 5955 Ρϐἑᾶίὲτίίιιιθ
867 5834 972 5877 Ms.
995 5860 1011 5889 ,
1037 5823 1276 5880 Mari
1319 5839 1428 5890 qua:
1449 5825 1660 5890 prcesciti
1684 5834 1790 5875 sum
1807 5837 1824 5884 ;
1857 5823 2060 5884 omisso,

1753 396 1810 452 S.
1850 395 2212 454 AUGUSTINI
2249 394 2546 457 EPISCOPI

3647 406 3786 463 {008

2208 512 2482 568 veritatem
2509 517 2561 567 tn
2591 512 2674 569 his
2697 511 2788 584 qui
2817 512 3122 583 puniuntur,
3155 515 3272 572 sine
3297 515 3629 574 dubitatione
3655 533 3781 574 cre-

2205 603 2392 661 damus
2417 623 2428 659 :
2453 619 2627 675 neque
2654 605 3015 662 inscrutabilia
3041 607 3284 674 scrutari”,
3317 618 3410 664 aut
3434 609 3782 682 investigabi-

2201 697 2269 752 lia
2299 699 2558 770 vestigare
2587 712 2860 752 conemur.
2885 697 2963 753 Ex
2991 714 3084 754 ore
3110 701 3304 770 quippe
3323 699 3604 756 infantium
3628 711 3683 758 et
3703 704 3782 758 la-

2200 792 2454 877 etantium
2497 807 2646 848 suam
2701 791 2938 862 perlicit1
2969 792 3179 848 laudem
3233 791 3402 865 (Psal.
3451 809 3569 862 vm,
3601 796 3695 867 3):
3722 805 3782 853 ut

2199 885 2338 956 quod
2356 885 2409 940 in
2428 886 2510 941 his
2528 886 2766 941 videmus
2787 902 3012 956 quorum
3039 887 3406 944 liberationem
3433 888 3570 944 bona
3586 905 3779 946 eorum

2199 979 2384 1032 merita
2410 978 2552 1032 nulla
2581 977 2908 1048 praecedunt,
2947 989 3000 1034 et
3026 979 3079 1033 in
3107 979 3188 1033 his
3216 995 3445 1050 quorum
3473 979 3780 1037 damnatio-

2199 1085 2317 1124 nem
2368 1070 2605 1140 utrisque
2631 1071 2932 1125 communia
2964 1069 3238 1141 originalia
3271 1071 3384 1127 sola
3430 1072 3772 1143 praecedunt;

2197 1159 2298 1216 hoc
2323 1169 2378 1215 et
2403 1161 2452 1214 in
2481 1161 2772 1231 majoribus
2797 1161 2910 1216 ﬁeri
2942 1176 3275 1232 nequaquam
3307 1163 3524 1217 omnino
3561 1172 3780 1220 cuncte-

2195 1269 2334 1320 mur,
2378 1254 2430 1309 id
2469 1265 2570 1320 est,
2601 1270 2704 1310 non
2735 1263 2999 1324 putantes,
3031 1255 3119 1311 vel
3143 1255 3435 1310 secundum
3465 1270 3559 1312 sua
3584 1257 3778 1316 merita

2193 1348 2414 1416 gratiam
2440 1347 2685 1417 cuiquam
2715 1347 2850 1415 dari,
2900 1347 2985 1403 vel
3031 1348 3131 1402 nisi
3179 1348 3290 1404 suis
3332 1349 3540 1405 meritis
3586 1365 3775 1420 quem-

2192 1453 2348 1507 quam
2389 1439 2583 1508 puniri,
2630 1439 2743 1494 sive
2790 1454 2947 1508 pares
2995 1440 3085 1509 qui
3128 1437 3424 1494 liberantur
3465 1449 3624 1510 atque
3670 1455 3776 1510 pu-

2191 1529 2428 1598 niuntur,
2475 1531 2586 1586 sive
2625 1531 2865 1600 dispares
2895 1530 3126 1586 habeant
3151 1545 3340 1586 causas
3369 1532 3562 1598 malas;
3597 1540 3655 1586 ut
3680 1533 3774 1602 qui

2165 1620 2399 1674 -videtur
2429 1630 2589 1688 stare,
2617 1620 2795 1676 videat
2825 1637 2891 1675 ne
2913 1620 3068 1676 cadat
3096 1620 3139 1692 (l
3165 1620 3286 1676 Cor.
3322 1638 3378 1689 ι,
3421 1622 3512 1692 12)
3536 1639 3552 1688 ;
3599 1631 3654 1677 et
3678 1623 3774 1693 qui

2189 1713 2462 1782 gloriatur,
2521 1730 2625 1768 non
2675 1715 2726 1770 in
2777 1730 2834 1770 se
2879 1716 3017 1785 ipso,
3060 1714 3155 1770 sed
3181 1714 3239 1770 in
3265 1714 3493 1772 Domino
3516 1716 3774 1787 glorietur

2192 1803 2300 1876 (Id.
2321 1821 2357 1870 ι,
2381 1805 2494 1876 51).

2256 1895 2344 1951 26.
2387 1895 2492 1950 Cur
2515 1905 2691 1952 autem
2721 1915 2739 1949 ι
2769 1911 2984 1953 causam
3015 1898 3352 1968 parvulorum
3373 1897 3440 1952 ad
3465 1899 3768 1968 exemplum

2163 1986 2469 2060 majorum,
2509 2007 2526 2040 ι
2559 1988 2694 2042 sicut
2742 1989 2972 2043 scribitis
2993 2030 3007 2052 ,
3056 2009 3073 2040 ι
3109 2003 3214 2044 non
3244 1989 3514 2059 patiuntur
3538 1989 3758 2046 afferri»

2189 2079 2405 2152 (Supra,
2428 2081 2481 2134 in
2505 2081 2671 2152 Epist.
2701 2081 2912 2148 Hilarii,
2940 2099 2994 2137 η.
3033 2081 3090 2154 8)
3131 2081 3396 2150 homines,
3435 2085 3523 2154 qui
3571 2091 3764 2140 contra

2182 2172 2494 2243 Pelagianos
2540 2189 2646 2228 non
2691 2172 2936 2229 dubitant
2983 2189 3102 2230 esse
3149 2183 3422 2245 peccatum
3479 2175 3763 2245 originale,

2183 2267 2322 2339 quod
2353 2285 2449 2338 per
2489 2284 2649 2323 unum
2678 2269 2948 2323 hominem
2973 2267 3189 2322 intravit
3216 2268 3269 2322 in
3309 2267 3587 2330 mundum,
3612 2276 3668 2322 et
3690 2282 3762 2322 ex

2181 2375 2288 2414 uno
2311 2377 2494 2414 munes
2524 2361 2628 2414 isse
2651 2360 2702 2414 in
2732 2359 3226 2415 condemnationem
3251 2356 3424 2430 (Rom.
3446 2375 3498 2421 v,
3528 2357 3615 2423 12,
3643 2355 3764 2429 l6)?

2184 2451 2334 2520 Quod
2362 2461 2415 2506 et
2444 2451 2719 2506 Manichaei
2753 2466 2856 2504 non
2879 2450 3165 2518 accipiunt,
3198 2449 3286 2518 qui
3315 2464 3420 2502 non
3447 2447 3620 2503 solum
3640 2463 3763 2502 om-

2182 2557 2276 2595 nes
2307 2541 2515 2597 Veteris
2543 2540 2885 2596 lnstrumenti
2912 2540 3203 2610 scripturas
3227 2541 3282 2593 in
3307 2539 3414 2593 ulla
3442 2538 3763 2593 auctoritate

2179 2648 2285 2688 non
2330 2633 2557 2698 habent;
2597 2648 2783 2689 verum
2811 2633 2968 2689 etiam
3011 2647 3104 2687 eas
3131 2647 3251 2704 quae
3279 2631 3343 2685 ad
3371 2631 3575 2686 Novum
3597 2631 3765 2700 perti-

2180 2735 2305 2779 nent
2333 2725 2732 2780 Testamentum
2759 2725 2836 2780 sic
2859 2726 3146 2795 accipiunt,
3178 2733 3237 2779 ut
3273 2739 3370 2779 suo
3395 2724 3625 2794 quodam
3650 2724 3765 2794 pri-

2177 2816 2389 2887 vilegio,
2421 2816 2529 2871 imo
2569 2815 2869 2886 sacrilegio,
2915 2815 3056 2887 quod
3098 2816 3284 2870 volunt
3330 2823 3566 2879 sumant,
3617 2815 3763 2884 quod

2177 2908 2365 2963 nolunt
2393 2908 2635 2977 rejiciant
2660 2925 2670 2960 :
2695 2917 2880 2962 contra
2910 2922 3044 2979 quos
3072 2907 3291 2977 agebam
3319 2907 3372 2962 in
3401 2907 3548 2961 libris
3576 2904 3642 2960 de
3661 2903 3760 2960 Li-

2180 2999 2308 3054 bero
2332 2999 2583 3065 Arbitrio,
2613 2999 2751 3054 unde
2773 2999 2859 3054 isti
2890 2999 3042 3055 nobis
3069 2997 3520 3069 praeseribendum
3546 3004 3755 3068 putant.

2177 3093 2299 3148 Ideo
2329 3093 2649 3163 quaestiones
2695 3092 3100 3162 operosissimas
3139 3091 3435 3146 incidentes
3477 3089 3758 3145 enucleate

2175 3188 2381 3243 solvere
2409 3187 2575 3254 nolui,
2607 3201 2674 3240 ne
2702 3187 2924 3240 nimium
2952 3186 3170 3256 longum
3199 3199 3333 3255 Opus
3359 3192 3524 3250 esset,
3548 3182 3641 3239 ubi
3662 3196 3754 3238 me

2175 3279 2429 3334 adversus
2451 3287 2558 3332 tam
2575 3292 2854 3348 perversos
2872 3277 3300 3333 testimoniorum
3326 3276 3628 3330 divinorum
3646 3287 3759 3329 non

2175 3369 2460 3441 adjuvabat
2485 3370 2793 3425 auctoritas.
2828 3369 2894 3423 Et
2920 3377 3181 3439 poteram,
3223 3367 3364 3422 sicut
3391 3366 3513 3434 feci,
3539 3363 3756 3436 quodli-

2175 3462 2264 3517 bet
2294 3461 2488 3517 borum
2511 3477 2697 3517 verum
2722 3469 2884 3529 esset,
2915 3475 3036 3532 quae
3055 3476 3164 3516 non
3191 3459 3411 3515 deﬁnite
3441 3459 3754 3528 interpone-

2172 3553 2316 3619 bam,
2365 3561 2509 3609 certa
2547 3561 2724 3608 tamen
2768 3553 2974 3606 ratione
3019 3551 3356 3616 concludere,
3401 3549 3454 3605 in
3509 3547 3758 3603 omnibus

2177 3648 2339 3702 Deum
2370 3660 2490 3702 esse
2511 3644 2855 3710 laudandum,
2886 3645 3000 3699 sine
3028 3645 3134 3698 ulla
3158 3644 3475 3699 necessitate
3499 3639 3756 3698 credendi

2172 3740 2324 3806 duas,
2343 3741 2481 3796 sicut
2503 3739 2579 3793 illi
2601 3739 2801 3805 volunt,
2819 3748 3114 3794 coaeternus
3139 3737 3265 3793 boni
3290 3746 3344 3793 et
3366 3736 3492 3793 mali
3510 3735 3748 3808 permix-

2174 3841 2254 3887 tas
2278 3847 2396 3887 esse
2421 3830 2762 3886 substantias.

2241 3927 2332 3981 27.
2378 3925 2615 3996 Denique
2648 3927 2698 3979 in
2726 3925 2896 3995 primo
2925 3925 3384 3980 Retractationum
3415 3925 3573 3990 libro,
3605 3922 3753 3994 quod

2172 4036 2307 4090 opus
2333 4036 2508 4075 meum
2536 4019 2768 4074 nondum
2801 4019 3022 4089 legistis,
3055 4035 3174 4074 cum
3213 4019 3278 4074 ad
3321 4019 3534 4074 eosdem
3583 4017 3752 4074 libros

2172 4111 2538 4167 retractandos
2565 4111 2848 4174 venissem,
2883 4110 2985 4166 hoc
3023 4121 3124 4177 est,
3173 4111 3240 4166 de
3267 4111 3459 4167 Libero
3490 4110 3747 4179 Arbitrio,

2173 4205 2246 4260 ita
2274 4205 2482 4260 locutus
2505 4218 2622 4259 sum
2646 4222 2660 4258 :
2691 4223 2710 4257 ‹
2739 4204 2794 4258 1η
2824 4204 2926 4271 his,
2965 4223 2984 4256 ι
3011 4204 3249 4275 inquam,
3275 4223 3293 4256 ι
3322 4204 3474 4259 libris
3495 4204 3564 4258 ita
3581 4203 3752 4259 multa

2172 4301 2395 4355 disserta
2423 4309 2568 4365 sunt,
2591 4307 2648 4354 ut
2669 4297 2960 4353 incidentes
2981 4298 3246 4353 nonnulla:
3274 4296 3594 4368 qtuestiones
3617 4309 3752 4367 quas

2171 4395 2254 4450 vel
2281 4393 2512 4449 enodare
2537 4406 2643 4447 non
2674 4399 2932 4461 poteram,
2973 4390 3059 4446 vel
3104 4391 3315 4462 longam
3346 4389 3754 4445 sermocinatio-

2173 4502 2295 4542 nem
2337 4488 2389 4541 in
2435 4485 2680 4556 praesenti
2723 4485 3084 4554 requirebant,
3115 4485 3185 4538 ita
3211 4484 3570 4550 diﬂ'errentur,
3596 4490 3656 4538 ut
3682 4499 3750 4539 ex

2174 4587 2397 4648 utraque
2425 4586 2597 4647 parte,
2629 4576 2712 4631 vel
2759 4592 2823 4630 ex
2869 4577 3115 4631 omnibus
3156 4575 3461 4630 earumdem
3492 4575 3750 4645 qurestio-

2175 4688 2298 4727 num
2337 4672 2596 4742 partibus,
2627 4671 2678 4725 in
2706 4671 2897 4742 quibus
2927 4686 3030 4724 non
3057 4669 3364 4741 apparebat
3397 4669 3523 4741 quid
3570 4670 3751 4740 potius

2173 4775 2491 4840 00ngrueret
2518 4765 2747 4830 veritati,
2775 4764 2843 4819 ad
2869 4765 2970 4820 hoc
2999 4773 3173 4820 tamen
3201 4763 3536 4818 ratiocinatio
3564 4769 3751 4818 nostra

2173 4860 2596 4922 concluderetur,
2623 4866 2680 4910 nt
2707 4857 2981 4927 quodlibet
3008 4871 3194 4912 eorum
3215 4871 3400 4911 verum
3428 4863 3592 4920 esset,
3631 4853 3752 4910 lau-

2173 4953 2379 5010 dandus
2405 4952 2731 5018 crederetur,
2753 4950 2837 5006 vel
2855 4951 3014 5006 etiam
3030 4950 3403 5006 ostenderetur
3426 4950 3587 5006 Deus.
3607 4948 3747 5004 Pro-

2172 5057 2291 5118 pter
2319 5060 2414 5100 eos
2441 5043 2636 5114 quippe
2680 5043 2964 5113 disputatio
2991 5043 3076 5098 illa
3115 5052 3358 5112 suscepta
3386 5050 3490 5108 est,
3523 5040 3613 5112 qui
3642 5054 3748 5097 ne-

2170 5148 2298 5210 gant
2320 5154 2384 5194 ex
2416 5137 2583 5191 libero
2603 5135 2885 5191 voluntatis
2913 5135 3134 5191 arbitrio
3162 5135 3286 5190 mali
3312 5135 3572 5205 originem
3595 5133 3745 5200 duci,

2171 5241 2227 5288 et
2253 5233 2442 5294 Deum,
2467 5231 2511 5286 si
2531 5232 2599 5284 ita
2616 5239 2716 5295 est,
2739 5239 3034 5285 creatorem
3051 5230 3287 5284 omnium
3310 5236 3619 5288 naturarum
3632 5227 3749 5283 cul—

2171 5325 2400 5393 pandum
2418 5336 2536 5378 esse
2554 5321 2879 5376 contendunt
2899 5340 2912 5377 :
2931 5337 2998 5378 eo
3018 5321 3176 5378 modo
3197 5323 3434 5377 volentes
3453 5320 3747 5377 secundum

2171 5431 2280 5471 sua:
2308 5399 2593 5485 impietatis
2607 5429 2841 5470 errorem
2869 5415 3164 5487 (Manichmi
3191 5416 3331 5470 enim
3349 5412 3519 5486 sunt),
3548 5413 3714 5468 immu
3725 5442 3748 5454 -

2175 5509 2388 5565 labilem
2412 5509 2716 5580 quamdam,
2747 5516 2800 5564 et
2829 5509 2939 5564 Deo
2952 5517 3271 5564 coaeternam
3297 5506 3636 5564 introducere
3651 5523 3748 5563 na-

2175 5612 2344 5658 turam
2374 5602 2498 5657 mali
2536 5621 2555 5656 »
2583 5603 2830 5673 (Retract.
2863 5601 2950 5658 lib.
2975 5602 3028 5670 1,
3050 5617 3166 5675 cap.
3192 5601 3245 5669 9,
3275 5618 3330 5656 η.
3357 5600 3437 5674 2).
3467 5600 3602 5658 Item
3624 5611 3748 5672 post

2175 5696 2500 5765 aliquantum
2517 5694 2624 5752 alio
2639 5695 2790 5751 loco:
2821 5713 2844 5749 ‹
2872 5693 3074 5752 Deinde
3097 5694 3299 5752 dictum
3317 5703 3423 5766 est,
3447 5711 3470 5749 ι
3498 5694 3738 5768 inquam,

2233 5898 2249 5929 ¹
2284 5897 2356 5947 sic
2383 5895 2547 5959 plures
2567 5905 2673 5948 Mss.
2699 5897 2839 5963 Edita,
2857 5895 3072 5962 perfecit.
3591 5909 3595 5913 ‘
3717 5908 3762 5946 ικι.
