3996 6474
279 321 399 383 i009

263 464 277 492 ί
310 459 366 496 cx
417 447 505 508 qua
519 430 743 491 miseria
778 429 1114 504 peccantibus
1139 427 1432 498 justissime
1458 423 1674 489 inﬂicta,
1698 423 1830 476 libe-

262 545 335 595 ηι
365 531 480 589 ίυθὶ
505 524 714 596 gratia:
739 525 1048 596 quiathomo
1079 530 1287 591 sponte,
1324 519 1378 573 id
1406 527 1507 581 est,
1545 517 1713 571 libero
1742 529 1830 569 ar-

266 621 409 685 bitrio
437 616 621 671 cadere
645 617 836 685 potuit,
867 631 970 669 non
1001 613 1156 668 etiam
1179 625 1433 680 surgere:
1458 608 1522 662 ad
1549 621 1707 678 quam
1729 607 1827 660 mi-

262 715 442 771 seriam
461 710 616 780 justa:
638 708 992 763 damnationis
1020 703 1249 777 pertinet
1279 704 1570 774 ignorantia
1604 709 1654 753 et
1683 699 1826 752 diffi-

265 806 435 868 cultas,
453 816 608 872 quam
628 801 824 870 patitur
850 798 1022 854 omnis
1041 798 1202 850 homo
1216 794 1284 851 ab
1300 793 1518 850 exordio
1540 789 1831 845 nativitatis

265 913 390 961 suae;
419 909 516 950 nec
541 894 609 948 ab
637 894 740 948 isto
770 893 911 947 malo
941 891 1192 945 liberatur
1233 887 1537 960 quisquam,
1581 884 1683 940 nisi
1733 882 1824 937 Dei

269 987 462 1060 gratia:
505 998 666 1055 quam
717 981 985 1037 miseriam
1033 980 1218 1034 nolunt
1258 978 1528 1048 Pelagiani
1575 991 1640 1030 ex
1679 974 1823 1043 justa

274 1077 584 1135 damnatione
605 1073 954 1140 descendere,
980 1078 1231 1142 negantes
1251 1070 1507 1139 originale
1530 1074 1822 1138 peccatum:

277 1169 486 1244 quamvis
514 1168 810 1239 ignorantia
851 1174 906 1221 et
949 1165 1250 1231 difficultas,
1281 1162 1490 1219 etiamsi
1517 1168 1698 1216 essent
1723 1159 1822 1213 ho-

278 1263 410 1319 minis
450 1259 734 1330 primordia
780 1257 1067 1322 naturalia;
1114 1271 1215 1311 nec
1261 1258 1338 1310 sic
1381 1253 1692 1324 culpandus,
1732 1251 1825 1307 sed
1865 1314 1867 1316 η

280 1352 542 1410 laudandus
570 1359 714 1406 esset
730 1350 887 1413 Deus,
903 1348 1053 1404 sicuti
1081 1349 1134 1402 in
1164 1346 1351 1402 eodem
1384 1345 1518 1399 libro
1540 1345 1695 1399 tertio
1716 1343 1827 1398 dis-

279 1445 564 1518 putavimus.
607 1441 739 1510 Qure
777 1440 1064 1510 disputatio
1118 1447 1300 1494 contra
1347 1436 1667 1492 Manichacus
1723 1435 1815 1490 ha.

279 1538 425 1594 benda
447 1546 543 1602 est,
571 1535 658 1606 qui
691 1549 796 1589 non
825 1534 1090 1604 accipiunt
1115 1533 1406 1603 scripturas
1435 1539 1645 1586 sanctas
1666 1529 1830 1584 Vete-

279 1636 341 1689 ris
370 1630 718 1694 lnstrumenti,
750 1630 802 1683 in
833 1628 1024 1699 quibus
1061 1633 1335 1698 peccatum
1363 1624 1616 1694 originale
1643 1637 1830 1678 narra-

279 1732 375 1790 tur;
399 1730 449 1777 et
474 1719 725 1792 quidquid
765 1720 889 1776 inde
925 1721 977 1774 in
1024 1718 1239 1774 Litteris
1281 1716 1586 1787 apostolicis
1614 1715 1824 1786 legitur,

279 1818 543 1875 detestabili
574 1816 897 1886 impudentia
926 1815 1223 1870 immissum
1253 1811 1418 1868 fuisse
1446 1809 1826 1866 contendunta

277 1912 645 1981 corruptoribus
685 1909 1102 1980 Scripturarum,
1135 1918 1382 1976 tanquam
1431 1922 1533 1958 non
1579 1905 1735 1959 fuerit
1759 1904 1826 1959 ab

279 2003 514 2074 Apostolis
536 2002 754 2056 dictum.
777 2001 975 2055 Contra
997 1999 1306 2069 Pelagianos
1323 2005 1497 2051 autem
1519 1997 1618 2051 hoc
1643 1993 1829 2050 defen-

276 2095 479 2151 dendum
496 2103 594 2157 est,
612 2093 753 2164 quod
773 2102 994 2162 utraque
1009 2091 1278 2158 Scriptura
1296 2087 1650 2150 commendat,
1668 2102 1826 2158 quam

277 2188 562 2258 seaccipere
585 2181 1189 2256 proﬁtentur1(Retract.
1216 2180 1304 2236 lib.
1321 2182 1372 2246 1,
1390 2197 1434 2234 c.
1454 2179 1506 2245 9,
1527 2196 1578 2233 η.
1604 2177 1681 2250 6).
1705 2178 1830 2232 Haec

278 2281 369 2336 dixi
396 2281 441 2333 in
470 2279 638 2348 primo
667 2278 803 2332 libro
830 2275 1309 2341 Retractationum,
1342 2286 1461 2327 cum
1482 2279 1829 2326 retractarem

279 2375 418 2430 libros
436 2373 501 2428 de
525 2372 720 2429 Libero
749 2370 1006 2426 Arbitrio.
1038 2367 1146 2424 Nec
1173 2366 1286 2424 sola
1309 2381 1437 2421 sane
1463 2367 1560 2420 ista
1593 2364 1663 2419 ibi
1691 2380 1717 2416 a
1742 2379 1828 2419 me

276 2469 394 2525 dicta
417 2478 533 2524 sunt
551 2469 618 2524 de
646 2467 731 2523 his
748 2466 929 2532 libris;
951 2480 1136 2521 verum
1162 2471 1218 2518 et
1239 2462 1340 2518 alia
1366 2461 1552 2524 multa,
1571 2475 1688 2530 qua:
1703 2458 1829 2514 huic

277 2563 330 2618 ad
349 2577 433 2619 vos
457 2564 602 2633 Operi
634 2562 872 2616 inserere
900 2561 1112 2630 longum
1145 2555 1343 2628 putavi,
1371 2562 1426 2610 et
1445 2567 1548 2607 non
1579 2565 1826 2608 necessa-

278 2653 580 2724 riumzquod
620 2662 675 2708 et
712 2667 808 2705 vos
850 2650 1098 2706 existimo
1140 2662 1260 2703 esse
1300 2643 1650 2716 iudicaturos,
1701 2658 1826 2699 cum

277 2746 427 2802 omnia
455 2746 705 2817 legeritis.
738 2744 991 2812 Quamvis
1035 2756 1163 2814 ergo
1204 2741 1260 2796 in
1301 2740 1435 2794 libro
1462 2739 1618 2794 tertio
1643 2736 1711 2793 de
1738 2736 1830 2791 Li-

276 2839 388 2893 bero
412 2839 640 2893 Arbitrio
664 2839 734 2892 ita
755 2837 823 2893 de
842 2835 1078 2909 parvulis
1107 2833 1504 2901 disputaverim,
1540 2840 1596 2885 ut
1619 2829 1827 2886 etiamsi

277 2945 434 2984 verum
464 2937 605 2985 esset
644 2927 786 3000 quod
825 2928 1009 2983 dicunt
1052 2924 1338 2995 Pelagiani,
1384 2922 1733 2992 ignorantiam
1774 2928 1829 2976 et

275 3018 635 3086 difficultatem,
677 3020 794 3075 sine
827 3017 1020 3089 quibus
1049 3016 1222 3071 nullus
1249 3015 1522 3069 hominum
1571 3013 1824 3080 nascitur,

276 3112 555 3182 primordia,
589 3125 696 3166 non
740 3111 994 3180 supplicia
1038 3122 1159 3164 esse
1207 3116 1438 3172 naturae;
1487 3107 1828 3161 vincerentur

274 3211 424 3259 tamen
466 3203 768 3270 Manichrei,
811 3202 900 3272 qui
947 3200 1134 3254 volunt
1173 3199 1324 3263 duas,
1368 3198 1491 3252 boni
1536 3197 1739 3252 scilicet
1774 3206 1829 3252 et

274 3296 399 3361 mali,
429 3305 719 3350 coaeternas
751 3309 870 3349 esse
897 3302 1144 3347 naturas:
1176 3290 1431 3361 numquid
1471 3291 1590 3345 ideo
1615 3288 1749 3345 ﬁdes
1772 3289 1826 3344 in

275 3385 466 3442 dubium
485 3386 719 3440 vocanda
743 3385 827 3440 vel
850 3384 1145 3440 deserenda
1163 3392 1262 3446 est,
1283 3398 1441 3453 quam
1469 3389 1650 3437 contra
1683 3381 1828 3452 ipsos

276 3477 562 3550 Pelagianos
591 3477 856 3532 catholica
903 3475 1141 3531 defendit
1180 3473 1438 3542 Ecclesia,
1478 3489 1597 3544 qua:
1638 3473 1830 3528 asserit

273 3569 505 3641 originale
549 3583 671 3624 esse
717 3575 1017 3638 peccatum,
1066 3566 1219 3635 cujus
1263 3574 1442 3620 reatus
1487 3563 1830 3634 generatione

273 3670 572 3728 contractus,
602 3659 1006 3731 regeneratione
1054 3657 1339 3713 solvendus
1379 3657 1493 3711 est?
1521 3655 1672 3724 Quod
1703 3655 1746 3709 si
1775 3665 1831 3710 et

276 3753 348 3806 isti
370 3752 595 3808 fatentur
624 3750 922 3816 nobiscum,
947 3756 1007 3804 ut
1028 3748 1186 3803 simul
1211 3748 1264 3802 in
1285 3748 1387 3802 hac
1407 3761 1564 3801 causa
1593 3745 1830 3816 Pelagia-

275 3860 440 3900 norum
470 3844 812 3900 destruamus
837 3856 1111 3908 errorem;
1157 3855 1253 3896 cur
1295 3847 1480 3910 putant
1507 3853 1626 3894 esse
1670 3837 1828 3894 dubi-

275 3936 490 4004 tandum,
521 3935 664 4007 quod
689 3936 846 3990 ctiam
880 3933 1128 4005 parvulos
1151 3933 1318 4000 Deus,
1350 3932 1541 4002 quibus
1563 3929 1655 3986 dat
1680 3945 1829 3985 suam

273 4030 474 4100 gratiam
513 4043 609 4099 per
652 4025 993 4097 Baptismatis
1021 4031 1434 4089 sacramentum,
1464 4027 1618 4077 eruat
1640 4021 1707 4076 de
1733 4035 1832 4091 po-

276 4128 446 4176 testate
472 4119 837 4184 tenebrarum,
868 4126 922 4172 et
947 4115 1228 4171 transferat
1247 4117 1296 4167 in
1317 4129 1541 4185 regnum
1560 4113 1679 4167 Filii
1697 4112 1827 4167 cha-

275 4213 427 4266 ritatis
450 4228 560 4267 suae
593 4210 809 4283 (Coloss.
832 4225 873 4278 1,
906 4205 1030 4282 l5)?
1059 4207 1111 4262 In
1142 4222 1206 4262 eo
1245 4221 1374 4278 ergo
1402 4205 1542 4276 quod
1569 4206 1686 4261 aliis
1707 4220 1824 4261 eam

275 4302 369 4371 dat,
390 4305 502 4359 aliis
529 4319 634 4359 non
665 4303 777 4370 dat,
806 4317 902 4357 cur
942 4301 1126 4356 nolunt
1145 4309 1359 4355 cantare
1379 4299 1602 4354 Domino
1621 4299 1836 4354 miseri-

275 4395 488 4451 cordiam
520 4394 845 4465 etjudicium
875 4392 1048 4462 (Paul.
1080 4406 1110 4447 c
1129 4433 1142 4455 ,
1168 4389 1258 4462 l)?
1278 4389 1384 4445 Cur
1403 4398 1577 4445 autem
1603 4389 1703 4444 illis
1731 4404 1832 4460 po-

276 4489 368 4542 tius
394 4503 545 4558 quam
592 4487 697 4541 illis
738 4485 914 4551 detur,
945 4484 1073 4552 Quis
1111 4483 1357 4554 cognovit
1384 4496 1599 4537 sensum
1627 4481 1836 4537 Domini

278 4581 446 4653 (Rom.
483 4599 558 4649 ιι,
591 4580 732 4654 34)?
784 4579 912 4648 Quis
962 4576 1324 4632 inscmtabilia
1358 4576 1585 4630 scrutari
1632 4574 1838 4630 valeat?

275 4675 382 4744 quis
406 4673 786 4746 investigabilia
809 4670 1108 4742 vestigare?

338 4787 554 4845 CAPUT
591 4786 786 4843 Xll.—
808 4785 900 4840 28.
950 4783 1246 4840 Conficitur
1271 4782 1449 4854 itaque
1494 4782 1716 4853 gratiam
1741 4780 1839 4837 Dei

279 4895 373 4937 non
393 4881 681 4937 secundum
712 4880 899 4935 merita
939 4877 1309 4947 accipientium
1327 4875 1463 4939 dari,
1512 4873 1608 4929 sed
1645 4887 1842 4930 secun-

280 4974 392 5030 dum
409 4976 657 5046 placitum
679 4973 966 5028 voluntatis
995 4972 1130 5040 ejus,
1179 4971 1230 5024 in
1260 4967 1468 5024 laudem
1520 4974 1574 5022 et
1621 4966 1840 5038 gloriam

282 5066 430 5137 ipsius
476 5067 662 5138 gratia:
706 5063 863 5134 eius(
891 5063 1081 5133 Ephes.
1130 5078 1169 5128 1,
1201 5058 1294 5133 5),
1325 5067 1384 5114 ut
1431 5059 1520 5129 qui
1565 5057 1841 5128 gloriatur,

281 5159 412 5213 nullo
438 5157 598 5212 modo
630 5157 683 5211 in
712 5171 769 5210 se
787 5156 922 5226 ipso,
952 5153 1044 5210 sed
1067 5154 1119 5208 in
1142 5153 1366 5208 Domino
1379 5151 1638 5223 glorietur
1657 5148 1701 5223 (l
1719 5147 1840 5206 Cor.

281 5266 315 5316 1,
331 5249 417 5323 51)
451 5267 464 5304 :
495 5249 583 5320 qui
610 5247 914 5303 horninibus
937 5245 1028 5301 dat
1052 5245 1243 5316 quibus
1285 5243 1418 5308 vult,
1464 5243 1713 5315 quoniam
1740 5243 1846 5297 mi-

283 5343 498 5398 sericors
516 5349 599 5396 est
627 5356 644 5408 ;
684 5338 824 5411 quod
851 5347 906 5394 et
925 5339 968 5392 si
1000 5351 1105 5392 non
1152 5336 1262 5400 det,
1303 5335 1477 5406 justus
1501 5343 1583 5389 est
1613 5351 1627 5387 :
1657 5343 1713 5389 et
1736 5350 1844 5388 non

283 5433 364 5488 dat
388 5435 578 5504 quibus
623 5446 728 5487 non
755 5431 888 5498 vult,
940 5439 998 5485 ut
1044 5439 1196 5483 notas
1241 5426 1401 5483 faciat
1428 5426 1638 5482 divitias
1666 5427 1848 5497 gloriae

284 5538 385 5580 suae
435 5527 488 5582 in
541 5540 668 5581 vasa
707 5523 1085 5581 misericordize
1117 5522 1136 5596 (
1168 5521 1314 5576 Rom.
1360 5537 1448 5587 ιι,
1492 5519 1565 5576 25
1595 5520 1636 5589 ).
1667 5519 1849 5575 Dando

286 5619 416 5673 enim
445 5617 760 5689 quibusdam
804 5616 946 5688 quod
973 5631 1077 5671 non
1121 5621 1409 5679 merentur,
1463 5611 1702 5683 profecto
1729 5625 1852 5680 gra-

287 5730 729 5864 ὡξὲἱιίνιιξὺετει.
744 5756 800 5802 At
808 5756 937 5814 uss,
947 5748 1574 5801 liberat.—net1-actatlones
1583 5745 1662 5796 hic
1669 5745 1851 5809 ferunt,

1237 309 1440 376 LIBER
1467 277 1494 292 ³
1512 306 1602 364 DE
1639 290 1821 363 nouo
1857 298 2484 363 PERSEVERANTUE.

3381 313 3523 376 1010

1938 417 2145 483 tuitam,
2169 427 2223 474 et
2246 434 2341 490 per
2376 419 2479 476 hoc
2497 433 2678 476 veram
2709 436 2855 478 suam
2887 429 3112 495 gratiam
3141 437 3263 483 esse
3302 428 3474 482 voluit
3501 446 3516 482 :

1937 523 2042 562 non
2075 509 2322 563 omnibus
2347 510 2542 575 dando,
2571 513 2696 581 quid
2750 529 2936 569 omnes
2982 525 3254 574 merentur
3282 521 3301 552 ¹
3336 528 3516 575 osten-

1937 601 2033 656 dit.
2056 603 2234 656 Bonus
2265 602 2315 656 in
2344 602 2602 658 beneﬁcio
2639 614 2925 670 certorum,
2975 607 3152 676 justus
3175 611 3227 664 in
3250 611 3517 682 supplicio

1937 704 2250 747 caeterorum
2285 712 2297 747 :
2327 703 2381 748 et
2409 694 2578 750 bonus
2601 695 2650 748 in
2697 696 2965 762 omnibus,
3009 701 3258 767 quoniam
3311 701 3512 760 bonum

1937 794 2036 848 est,
2077 801 2210 839 cum
2253 785 2490 840 debitum
2546 783 2826 852 redditur;
2855 797 2908 842 et
2939 787 3117 858 justus
3164 790 3214 844 in
3242 793 3512 863 omnibus,

1937 877 2184 947 quoniam
2209 877 2409 946 justum
2437 885 2541 945 est,
2568 893 2687 933 cum
2714 878 3005 936 indebitum
3024 882 3044 913 ³
3073 883 3188 940 sine
3202 885 3515 957 cujusquam

1936 966 2122 1024 fraude
2148 969 2394 1024 donatur.

2005 1060 2095 1116 29.
2127 1061 2433 1116 Defenditur
2458 1069 2636 1117 autem
2661 1063 2779 1120 sine
2811 1064 3017 1120 meritis
3067 1066 3159 1121 Dei
3212 1067 3400 1138 gratia,
3442 1069 3500 1126 id

1935 1161 2018 1208 est
2042 1167 2164 1207 vera
2186 1154 2377 1222 gratia,
2399 1153 2608 1210 etiamsi
2639 1155 2839 1224 parvuli
2869 1155 3138 1226 baptizati,
3171 1158 3310 1215 sicut
3363 1159 3517 1216 Pela-

1933 1244 2071 1314 giani
2095 1245 2345 1309 sentiunt,
2367 1261 2472 1299 non
2494 1256 2753 1302 eruuntur
2766 1246 2834 1302 de
2851 1256 3112 1317 potestate
3138 1250 3504 1320 tenebrarum,

1933 1336 2052 1404 quia
2090 1335 2220 1389 nulli
2265 1344 2500 1406 peccato,
2540 1339 2676 1393 sicut
2733 1349 2917 1407 putant
2945 1339 3232 1410 Pelagiani,
3267 1351 3518 1400 tenentur

1933 1427 2165 1491 obnoxii,
2201 1428 2294 1483 sed
2308 1438 2508 1483 tantum
2532 1430 2584 1484 in
2615 1446 2834 1502 regnum
2855 1431 3473 1492 Dominitransferuntur
3499 1455 3518 1495 :

1933 1519 2093 1574 etiam
2123 1520 2200 1574 sic
2225 1521 2368 1575 enim
2400 1522 2516 1576 sine
2561 1523 2683 1576 ullis
2723 1524 2877 1579 bonis
2905 1525 3110 1581 meritis
3139 1527 3293 1581 datur
3320 1529 3401 1584 eis
3423 1543 3515 1586 re-

1931 1625 2092 1681 gnum
2125 1611 2315 1680 quibus
2357 1612 2530 1678 datur,
2573 1621 2626 1667 et
2679 1614 2794 1668 sine
2817 1613 2942 1670 ullis
2980 1616 3134 1670 malis
3178 1617 3381 1673 meritis
3408 1633 3518 1675 non

1935 1701 2090 1757 datur
2117 1704 2195 1756 eis
2222 1704 2411 1772 quibus
2435 1721 2539 1758 non
2590 1706 2765 1760 datur.
2792 1693 2948 1774 Quod
2994 1708 3250 1764 adversus
3296 1711 3516 1769 eosdem

1935 1796 2247 1867 Pelagianos
2269 1797 2450 1853 dicere
2479 1799 2734 1866 solemus,
2775 1801 2989 1869 quando
3042 1803 3193 1858 nobis
3233 1803 3513 1873 objiciunt,

1933 1888 2073 1959 quod
2124 1890 2230 1943 fato
2261 1891 2553 1944 tribuamus
2611 1891 2704 1947 Dei
2733 1892 2978 1961 gratiam,
3003 1893 3230 1949 dicendo
3261 1910 3377 1950 eam
3409 1912 3515 1953 non

1934 1982 2224 2037 secundum
2259 1984 2445 2037 merita
2497 1993 2676 2037 nostra
2726 1984 2861 2038 dari.
2895 1984 2998 2053 Ipsi
3046 1987 3186 2040 cnim
3218 1989 3392 2056 potius
3423 1989 3515 2043 Dei

1933 2074 2156 2143 gratiam
2188 2073 2372 2130 fato’in
2422 2075 2651 2145 parvulis
2707 2076 2964 2142 tribuunt,
2997 2078 3085 2148 qui
3129 2077 3312 2134 dicunt
3349 2078 3517 2134 fatum

1933 2179 2072 2231 esse,
2103 2165 2192 2220 ubi
2219 2167 2464 2221 meritum
2491 2182 2593 2221 non
2638 2176 2722 2222 est
2750 2166 2850 2237 (a).
2895 2168 3049 2223 Nulla
3081 2170 3276 2240 quippe
3303 2171 3515 2240 merita,

1933 2256 2090 2310 etiam
2119 2257 2409 2312 secundum
2434 2260 2576 2327 ipsos
2604 2259 2937 2328 Pelagianos,
2967 2271 3191 2330 possunt
3221 2262 3273 2314 in
3313 2277 3507 2331 parvu-

1937 2347 2003 2401 lis
2021 2347 2267 2415 inveniri,
2298 2363 2394 2404 cur
2432 2349 2518 2402 alii
2547 2364 2730 2404 eorum
2757 2351 3036 2405 mittantur
3060 2352 3111 2405 in
3158 2367 3400 2423 regnum,
3423 2354 3516 2410 alii

1934 2453 2061 2493 vero
2091 2438 2390 2493 alienentur
2417 2454 2447 2493 a
2473 2455 2656 2510 regno.
2682 2439 2830 2495 Sicut
2859 2447 3218 2510 autcm'nunc,
3242 2452 3298 2498 ut
3324 2452 3511 2499 osten-

1931 2530 2115 2587 derem
2144 2532 2364 2600 gratiam
2393 2532 2483 2585 Dei
2509 2546 2614 2586 non
2646 2532 2937 2588 secundum
2985 2534 3174 2589 merita
3202 2544 3384 2590 nostra
3421 2536 3517 2591 da-

1931 2622 1998 2688 ri,
2029 2621 2322 2677 secundum
2337 2629 2620 2693 utrumque
2636 2637 2851 2677 sensum
2878 2624 2980 2679 hoc
2995 2624 3284 2681 defendere
3309 2627 3469 2681 malui
3497 2644 3513 2694 ;

1933 2721 1988 2770 et
2015 2713 2305 2770 secundum
2353 2723 2592 2770 nostrum
2639 2715 2866 2784 scilicet,
2920 2718 3009 2786 qui
3047 2719 3331 2775 obstrictos
3359 2720 3518 2790 origi-

1932 2805 2039 2862 nali
2057 2813 2278 2878 peccato
2317 2807 2570 2877 parvulos
2589 2808 2834 2876 dicimus,
2861 2817 2916 2865 et
2964 2811 3255 2869 secundum
3282 2813 3516 2884 Pelagia-

1934 2911 2148 2962 norum,
2174 2898 2264 2969 qui
2307 2899 2563 2969 originale
2588 2911 2783 2971 negant
2808 2915 2927 2957 esse
2953 2913 3265 2972 peccatum;
3297 2920 3399 2960 nec
3431 2915 3509 2960 ta-

1935 3006 2061 3048 men
2107 2992 2226 3047 ideo
2271 2991 2404 3046 mihi
2459 3001 2542 3048 est
2581 2994 2979 3064 ambigendum,
3023 2996 3221 3053 habere
3267 2997 3518 3068 parvulos

1932 3080 2075 3152 quod
2103 3083 2181 3138 eis
2205 3082 2434 3136 dimittat
2479 3083 2568 3152 qui
2619 3085 2826 3139 salvum
2865 3083 2990 3141 facit
3019 3089 3268 3156 populum
3299 3103 3456 3144 suum
3477 3104 3509 3143 a

1935 3174 2163 3243 peccatis
2188 3188 2372 3230 eorum
2403 3173 2422 3244 (
2450 3173 2640 3230 Matth.
2659 3191 2698 3242 1,
2725 3174 2789 3231 21
2827 3175 2846 3246 )
2877 3193 2890 3228 :
2925 3178 2992 3230 ita
3024 3176 3076 3232 in
3118 3178 3274 3233 tertio
3295 3176 3429 3233 libro
3449 3179 3518 3234 do

1934 3265 2129 3322 Libero
2160 3266 2393 3322 Arbitrio
2438 3267 2727 3323 secundum
2768 3276 3053 3339 utrumque
3104 3284 3319 3325 sensum
3346 3271 3519 3327 restiti

1935 3355 2258 3420 Maniclueis,
2313 3357 2425 3412 sive
2476 3359 2754 3430 supplicia,
2804 3360 2917 3416 sive
2971 3361 3257 3430 primordia
3305 3372 3513 3418 natura:

1932 3449 2037 3504 sint
2062 3449 2353 3519 ignorantia
2384 3449 2759 3518 etdiflicultas,
2811 3452 2926 3506 sine
2977 3452 3169 3523 quibus
3198 3454 3374 3509 nullus
3423 3454 3521 3510 ho-

1934 3538 2138 3594 minum
2159 3541 2433 3605 nascitur;
2462 3551 2516 3595 et
2547 3550 2725 3596 tamen
2773 3558 2936 3597 unum
2987 3544 3178 3599 horum
3234 3555 3410 3612 teneo,
3439 3547 3512 3600 ibi

1935 3645 2146 3702 quoque
2172 3646 2202 3684 a
2245 3646 2330 3686 me
2359 3631 2488 3685 satis
2515 3632 2788 3688 evidenter
2829 3648 3138 3705 expressum
3174 3653 3189 3690 :
3221 3637 3362 3707 quod
3411 3651 3518 3693 non

1936 3722 2128 3778 sitista
2156 3731 2344 3776 natura
2391 3723 2617 3779 instituti
2661 3724 2912 3792 hominis,
2960 3727 3055 3783 sed
3094 3742 3248 3798 poena
3285 3729 3522 3783 damnati

1936 3816 1953 3885 (
1981 3812 2144 3886 Capp.
2169 3814 2240 3869 τ·ὶο
2257 3824 2302 3869 et
2325 3815 2396 3871 25
2410 3815 2453 3885 ).

2006 3905 2095 3961 30.
2120 3905 2338 3960 Frustra
2365 3907 2541 3977 itaque
2566 3908 2696 3964 mihi
2720 3908 2788 3965 de
2834 3911 2978 3967 illius
2999 3911 3117 3966 libri
3148 3914 3252 3969 mei
3281 3923 3521 3972 vetusta-

1938 4005 1995 4054 te
2023 3997 2404 4068 praescribitur,
2436 4014 2504 4054 ne
2532 4015 2683 4070 agam
2709 4016 2924 4058 causam
2979 4006 3117 4059 sicut
3160 4006 3332 4062 debeo
3357 4023 3518 4080 agere

1938 4089 2299 4160 parvulorum,
2325 4098 2380 4144 et
2409 4090 2530 4148 inde
2567 4093 2790 4162 gratiam
2821 4094 2910 4150 Dei
2951 4111 3056 4150 non
3088 4097 3380 4153 secundum
3409 4116 3500 4157 me

1944 4184 2042 4237 rita
2062 4181 2332 4235 hominum
2364 4181 2499 4246 dari,
2530 4187 2826 4254 perspicuae
2867 4188 3103 4242 veritatis
3151 4188 3269 4245 luce
3293 4193 3519 4246 convin-

1939 4289 2076 4329 cam.
2100 4273 2158 4330 Si
2184 4274 2324 4328 enim
2352 4274 2567 4344 quando
2594 4276 2759 4331 libros
2789 4277 2856 4332 de
2877 4277 3071 4333 Libero
3101 4279 3336 4336 Arbitrio
3357 4280 3528 4340 laicus

1941 4368 2099 4437 ccepi,
2123 4368 2402 4438 presbyter
2429 4369 2688 4438 explicavi
2711 4370 2754 4434 ³,
2783 4371 2958 4427 adhuc
2983 4372 3050 4426 de
3079 4373 3525 4430 damnationein-

1941 4457 2164 4512 fantium
2194 4473 2296 4513 non
2329 4462 2718 4515 renascentium
2750 4470 2804 4518 et
2823 4462 2891 4518 de
2910 4465 3302 4519 renascentium
3333 4467 3527 4524 libera-

1945 4552 2088 4606 tione
2107 4551 2404 4607 dubitarem
2429 4569 2444 4617 ;
2470 4567 2647 4618 nemo,
2673 4562 2731 4608 ut
2758 4554 2972 4624 opinor,
3001 4564 3143 4610 esset
3168 4566 3274 4611 tam
3297 4558 3530 4628 iniustus

1944 4651 2101 4714 atque
2127 4643 2353 4708 invidus,
2386 4645 2475 4713 qui
2508 4659 2592 4698 me
2640 4643 2899 4713 proficere
2927 4643 3253 4715 prohiberet,
3290 4656 3453 4719 atque
3475 4652 3530 4706 in

1945 4735 2046 4790 hac
2101 4734 2430 4790 dubitatione
2473 4734 2855 4790 remanendum
2905 4735 3034 4790 mihi
3087 4751 3206 4794 esse
3240 4739 3527 4808 iudicaret.

1944 4827 2078 4883 Cum
2104 4841 2232 4882 vero
2259 4826 2458 4882 rectius
2487 4829 2654 4895 possit
2693 4827 2936 4898 intelligi,
2982 4843 3088 4882 non
3133 4844 3222 4885 me
3247 4842 3532 4902 propterea

1947 4919 2013 4975 de
2042 4919 2141 4973 hac
2160 4935 2218 4973 re
2247 4918 2518 4973 dubitasse
2535 4917 2679 4973 credi
2710 4927 2980 4988 oportere,
2999 4921 3122 4990 quia
3155 4932 3339 4976 contra
3381 4937 3521 4994 quos

1951 5028 2068 5069 mea
2092 5013 2420 5084 dirigebatur
2449 5013 2693 5077 intentio,
2722 5015 2799 5070 sic
2817 5014 2948 5070 mihi
2969 5016 3066 5070 visi
3082 5026 3204 5071 sunt
3221 5013 3528 5083 refellendi,

1951 5108 2137 5164 utsive
2186 5123 2341 5178 poena
2398 5115 2540 5163 esset
2589 5109 2791 5178 peccati
2840 5109 3110 5180 originalis
3172 5111 3223 5164 in
3275 5110 3528 5180 parvulis,

1961 5199 2102 5271 quod
2141 5199 2335 5253 veritas
2373 5198 2567 5265 habet;
2600 5200 2712 5255 sive
2738 5215 2842 5255 non
2889 5209 3063 5265 esset,
3094 5201 3234 5272 quod
3290 5200 3533 5255 nonnulli

1953 5297 2193 5346 errantes
2223 5289 2544 5358 opinantur;
2587 5289 2734 5344 nullo
2769 5289 2930 5346 modo
2960 5299 3137 5346 tamen
3165 5305 3320 5362 quam
3359 5289 3530 5344 Mani-

2018 5443 2037 5475 ι
2071 5442 2145 5493 sic
2165 5450 2272 5492 Mss.
2295 5442 2446 5504 mliti,
2461 5447 2774 5504 mererentur.
3363 5468 3366 5471 -

2016 5505 2056 5574 ξ.
2071 5511 2123 5552 In
2145 5511 2261 5574 ante
2284 5503 2506 5574 excusis,
2530 5503 2760 5556 debitum.
2796 5507 2963 5569 Aptius
2973 5506 3024 5556 in
3041 5506 3293 5557 “emensis
3311 5505 3540 5557 Ecclesia

1954 5565 2150 5624 codice,
2174 5563 2456 5616 indebitum.
2494 5563 2497 5564 ⁷
2599 5581 2602 5583 λ

1955 5627 2254 5740 επὶιῗεῗιιῦἰθι
2288 5633 2382 5688 ω’
2427 5624 2579 5678 tam”
2619 5637 2776 5680 Rm
2797 5627 2936 5693 θανίν
2960 5636 3005 5681 ⁸⁸
3025 5627 3077 5679 in
3108 5628 3271 5693 ΑῙνὶεα
3293 5629 3541 5694 presbyter

1957 5749 2098 5861 “(az
2108 5749 2439 5872 .librum
2471 5749 2500 5799 2
2534 5759 2701 5803 contra
2741 5753 2862 5803 duas
2891 5751 3123 5815 Epistolas
3157 5753 3536 5816 Pelagianorum,
