4014 6486
405 395 537 453 10H

403 511 674 566 clueorum
710 521 861 560 error
916 501 1137 570 inducit,
1186 501 1410 558 duarum
1464 509 1813 567 naturarum,
1864 496 1991 552 boni

405 602 610 657 scilicet
637 607 691 654 et
712 597 860 664 mali,
904 578 1186 667 permixtio
1229 592 1576 647 crederetur:
1605 590 1748 646 absit
1767 598 1824 645 ut
1857 603 1989 643 cau-

401 708 516 750 sam
545 691 886 762 parvulorum
913 687 992 744 sic
1017 686 1403 756 relinquamus,
1434 693 1492 738 ut
1521 697 1642 740 esse
1668 681 1820 737 nobis
1848 680 1989 736 dica-

401 801 524 842 mus
539 785 820 846 incertum,
847 792 1021 836 utrum
1045 781 1096 834 in
1113 779 1329 834 Christo
1344 775 1663 848 regenerati,
1681 774 1728 830 si
1758 773 1991 828 morian-

404 889 488 936 tur
520 877 752 950 parvuli,
785 884 1060 931 transeant
1086 874 1138 928 in
1169 880 1424 927 aeternam
1468 871 1693 927 salutem
1719 886 1733 934 ;
1757 885 1862 923 non
1899 883 1989 922 re-

399 971 635 1044 generati
689 979 867 1025 autem
917 975 1191 1023 transeant
1251 965 1304 1019 in
1350 974 1574 1018 mortem
1642 962 1985 1018 secundam:

399 1064 653 1136 quoniam
676 1062 817 1133 quod
845 1061 1099 1131 scriptum
1138 1068 1240 1126 est,
1278 1059 1380 1113 Per
1404 1073 1560 1112 unum
1586 1055 1839 1110 hominem
1871 1072 1988 1126 pec-

399 1167 573 1214 catum
601 1157 807 1212 intravit
831 1156 884 1210 in
932 1153 1196 1220 mundum,
1229 1162 1274 1207 et
1296 1168 1387 1222 per
1440 1159 1701 1230 peceatum
1733 1165 1866 1203 mors
1892 1166 1909 1213 ;
1939 1158 1987 1201 et

398 1251 475 1306 ita
494 1251 548 1305 in
573 1265 746 1305 omnes
770 1248 996 1302 homines
1021 1240 1312 1318 pertransiit
1333 1245 1350 1316 (
1373 1231 1524 1298 Rom.
1543 1257 1599 1310 v,
1625 1242 1710 1305 12,
1747 1243 1800 1314 );
1831 1242 1990 1296 aliter

398 1349 547 1398 recte
564 1342 781 1411 intelligi
811 1355 915 1395 non
948 1347 1125 1409 potest
1151 1354 1165 1392 :
1196 1351 1294 1392 nec
1317 1344 1540 1391 amorte
1572 1342 1848 1405 perpetua,
1870 1349 1989 1404 quae

393 1436 690 1507 justissime
717 1441 799 1490 est
823 1433 1082 1488 retributa
1135 1439 1376 1503 peccato,
1424 1429 1614 1484 liberat
1658 1443 1982 1499 quemquam

397 1526 712 1596 pusillorum
745 1532 904 1594 atque
930 1537 1263 1592 magnorum,
1292 1519 1391 1575 nisi
1423 1520 1512 1575 ille
1539 1520 1628 1591 qui
1663 1527 1878 1589 propter
1904 1531 1988 1573 re-

357 1693 360 1696 .
403 1619 663 1675 mittenda
692 1624 749 1673 et
775 1615 1048 1686 originalia
1075 1624 1127 1669 et
1143 1613 1368 1694 propria
1393 1621 1568 1666 nostra
1604 1617 1818 1680 peccata
1845 1624 1990 1663 mor-

351 1763 367 1774 ,
399 1720 524 1767 tuus
549 1719 634 1766 est
679 1711 796 1765 sine
830 1708 939 1763 ullo
986 1722 1084 1762 suo
1129 1706 1369 1776 originali
1419 1705 1700 1774 pr0priove
1747 1710 1984 1774 peccato.

396 1803 502 1862 Sed
533 1817 698 1875 quare
736 1803 856 1858 illos
904 1800 1079 1873 potius
1099 1814 1256 1870 quam
1283 1797 1438 1853 illos?
1465 1797 1658 1851 lterum
1702 1804 1862 1866 atque
1892 1795 1989 1849 ite-

394 1913 514 1954 rum
541 1897 789 1961 dicimus,
834 1910 934 1950 nec
964 1909 1062 1949 nos
1089 1893 1249 1963 piget,
1291 1886 1336 1945 0
1379 1891 1545 1950 homo.
1577 1900 1628 1942 tu
1676 1890 1788 1958 quis
1812 1905 1862 1942 es
1887 1889 1974 1958 qui

393 1989 701 2060 respondeas
741 1988 849 2043 Deo
879 1987 897 2060 (
929 1987 1076 2042 Rom.
1127 2001 1200 2051 Is,
1245 1984 1316 2039 20
1345 1982 1409 2056 )Ἰ
1456 1979 1819 2036 Inscrutabilia
1871 1987 1990 2034 sunt

391 2084 588 2160 judicia
611 2085 721 2156 ejus
740 2127 756 2152 ,
785 2093 832 2137 et
858 2079 1224 2162 inuestigabiles
1262 2079 1356 2133 viae
1377 2079 1485 2149 ejus
1514 2076 1530 2148 (
1554 2075 1636 2130 Id.
1662 2091 1734 2138 χι,
1765 2075 1888 2146 55).
1921 2073 1990 2128 Ει

394 2175 500 2232 hoc
527 2176 838 2243 adjiciamus
871 2193 882 2228 :
915 2174 1107 2227 Αίιὶοιγι
1148 2183 1192 2226 te
1232 2189 1293 2225 ne
1319 2170 1596 2239 qumsir'ris,
1631 2179 1678 2224 et
1707 2169 1924 2241 fortiora
1945 2176 1992 2222 te

399 2283 464 2322 ne
485 2275 740 2322 scrutatus
767 2265 923 2336 {ueris
947 2265 966 2334 (
990 2263 1146 2318 Eccli.
1177 2278 1251 2328 Ill,
1279 2261 1351 2316 22
1369 2262 1410 2332 ).

470 2357 559 2416 iii.
581 2357 788 2414 Videtis
813 2359 966 2413 enim
983 2357 1022 2420 ί,
1047 2354 1369 2420 charissimi,
1400 2368 1558 2424 quam
1583 2353 1650 2408 sit
1670 2350 1980 2418 absurdum,

396 2463 452 2508 et
475 2469 503 2507 a
526 2451 648 2506 ildei
678 2451 906 2506 sanitate
935 2457 1094 2520 atque
1141 2446 1446 2502 sinceritate
1468 2446 1707 2500 veritatis
1733 2445 1986 2510 alienum,

393 2555 456 2600 ut
490 2544 728 2599 dicamus
769 2541 1016 2612 parvulos
1046 2548 1284 2594 mortuos
1330 2535 1624 2594 secundum
1654 2551 1716 2593 ea
1739 2536 1990 2607 iudicari,

393 2652 516 2698 quae
563 2634 793 2707 przesciti
837 2643 962 2690 sunt
1001 2631 1190 2688 facturi
1214 2645 1334 2687 esse
1361 2630 1406 2686 si
1436 2630 1692 2685 viverent.
1745 2629 1802 2683 ln
1851 2627 1990 2682 hanc

393 2737 571 2784 autem
595 2727 936 2790 sententiam,
959 2739 1117 2796 quam
1141 2730 1289 2778 certe
1313 2721 1487 2778 omnis
1505 2733 1695 2776 sensus
1718 2717 1984 2774 humanus

392 2818 881 2892 quantulacumque
935 2816 1140 2871 ratione
1166 2811 1442 2875 subnixus,
1471 2814 1809 2882 maximeque
1838 2810 1984 2866 chri-

395 2912 626 2977 stianus,
649 2910 922 2976 exhorret,
955 2908 1034 2963 ire
1077 2905 1342 2977 compulsi
1368 2909 1513 2972 sunt,
1556 2904 1646 2976 qui
1672 2905 1796 2959 sica
1837 2902 1990 2958 Pela-

393 3003 676 3074 gianorum
698 3015 883 3056 errore
909 2999 1069 3055 alieni
1095 3013 1216 3055 esse
1244 2997 1546 3065 voluerunt,
1579 2987 1634 3050 ht
1667 3004 1842 3050 tamen
1863 3009 1987 3065 gra-

394 3095 526 3150 tiam
560 3094 650 3150 Dei
679 3107 777 3166 per
832 3092 1015 3148 Jesum
1064 3089 1336 3147 Christum
1391 3089 1670 3144 Dominum
1715 3091 1982 3152 nostrum,

395 3203 499 3258 qua
523 3185 827 3243 nobis‘una
859 3196 977 3257 post
997 3185 1206 3256 lapsum
1260 3183 1413 3254 primi
1469 3179 1702 3238 hominis
1731 3225 1746 3250 ,
1796 3182 1847 3236 in
1881 3193 1987 3251 quo

397 3293 586 3337 omnes
602 3279 914 3345 cecidimus,
953 3279 1287 3346 subvenitur,
1337 3275 1630 3333 secundum
1663 3276 1852 3331 merita
1882 3285 1985 3331 no-

394 3385 506 3430 stra
534 3372 647 3429 dari
688 3371 788 3429 sibi
819 3372 996 3428 adhuc
1036 3371 1339 3427 existiment
1390 3385 1510 3425 esse
1555 3368 1903 3435 credendum,
1934 3375 1990 3448 et

395 3467 755 3539 disputatione
801 3467 1020 3536 insuper
1063 3463 1461 3536 proferendum.
1489 3463 1640 3534 Quod
1687 3463 1802 3534 ipse
1834 3461 1988 3518 Pela-

393 3562 514 3634 gius
545 3567 670 3615 ante
713 3556 1001 3614 orientales
1029 3557 1311 3630 episcopos
1362 3553 1590 3626 iudices,
1633 3549 1988 3610 damnationis

395 3667 509 3708 sua:
537 3651 727 3708 timore
751 3648 1043 3706 damnavit.
1071 3647 1185 3704 Hoc
1207 3654 1388 3703 autem
1414 3647 1458 3702 si
1506 3662 1611 3702 non
1657 3643 1884 3710 dicatur,
1919 3643 1986 3701 de

395 3751 730 3800 mortuorum
758 3743 964 3800 scilicet
1005 3742 1278 3814 operibus,
1307 3755 1427 3813 qua:
1471 3739 1659 3818 facturi
1705 3740 1913 3818 fuerant
1942 3739 1984 3824 si

394 3836 656 3904 viverent,
683 3836 835 3892 bonis
848 3843 942 3891 aut
966 3835 1142 3902 malis,
1173 3849 1238 3918 ac
1263 3849 1359 3916 per
1407 3832 1512 3888 hoc
1543 3825 1701 3906 nullis
1721 3833 1848 3902 etin
1874 3828 1985 3918 ipsa

396 3930 495 3985 Dei
525 3930 895 4000 praescientia'
925 3945 1028 3983 non
1061 3911 1252 3982 futuris
1275 3911 1298 3980 ’τ’
1328 3924 1432 3983 hoc
1457 3919 1586 3998 ergo
1630 3926 1674 3982 si
1703 3943 1806 3982 non
1838 3911 1988 3983 dica-

396 4031 504 4088 tur,
535 4020 675 4092 quod
701 4017 922 4077 cernitis
937 4027 1137 4092 quanto
1165 4015 1347 4074 errore
1389 4016 1598 4074 dicatur
1621 4034 1637 4084 ;
1659 4019 1793 4089 quid
1822 4025 1990 4074 resta—

399 4112 499 4178 bit,
531 4113 630 4169 nisi
661 4121 718 4168 ut
744 4111 966 4182 gratiam
989 4109 1084 4166 Dei
1115 4126 1220 4166 non
1261 4110 1555 4166 secundum
1579 4109 1770 4166 merita
1801 4121 1983 4166 nostra

399 4205 536 4273 dari,
561 4205 700 4280 quod
732 4213 918 4259 contra
968 4203 1214 4278 hmresitn
1241 4199 1578 4273 Pelagianam
1605 4202 1865 4258 catholica
1893 4201 1986 4260 de-

396 4300 567 4358 {endit
585 4300 842 4364 Ecelesia,
861 4307 1064 4355 remota
1081 4293 1436 4354 contentionis
1452 4298 1676 4370 caligine
1693 4293 1985 4366 fateamur;

399 4403 558 4466 atque
585 4392 637 4448 id
668 4393 896 4448 maxime
919 4393 969 4447 in
1000 4393 1232 4463 parvulis
1257 4388 1583 4448 evidentiore
1609 4391 1830 4447 veritate
1856 4379 1973 4446 eer-

397 4482 589 4543 namus
617 4488 641 4540 Υ
668 4485 850 4556 Neque
895 4479 1036 4539 enim
1082 4469 1192 4540 fato
1219 4471 1427 4554 cogitur
1454 4475 1594 4538 Deus
1624 4483 1728 4537 illis
1773 4481 1992 4539 infanti-

399 4578 501 4635 bus
542 4577 850 4642 subveoire,
885 4577 992 4632 illis
1020 4587 1198 4634 autem
1253 4565 1358 4632 non
1421 4577 1739 4639 subvenire;
1769 4591 1890 4631 cum
1922 4561 1991 4634 sit

400 4673 640 4740 utrisque
669 4685 828 4724 causa
873 4661 1173 4725 communis
1200 4687 1214 4726 :
1237 4680 1328 4724 aut
1367 4684 1453 4726 res
1482 4668 1742 4723 humanas
1790 4667 1840 4724 in
1871 4652 1989 4738 par;

401 4765 538 4819 vulis
563 4753 566 4758 ’
588 4779 693 4817 non
725 4749 900 4817 divina
949 4753 1279 4832 providentia
1305 4803 1321 4829 ,
1352 4745 1444 4816 sed
1475 4745 1708 4817 fortuitis
1737 4762 1818 4833 agi
1851 4743 1989 4816 easi-

399 4856 500 4911 bus
531 4849 889 4925 opinabimur,
920 4841 1044 4908 cum
1093 4851 1382 4932 rationales
1421 4853 1505 4910 vel
1537 4851 1856 4908 damnanda:
1905 4837 1988 4924 vel

403 4947 686 5022 liberandae
724 4947 830 5003 sint
854 4947 1046 5002 anima:
1067 4962 1082 5013 ;
1107 4945 1532 5018 quandoquidem
1563 4963 1662 5002 nec
1692 4964 1875 5018 passer
1897 4964 1984 5002 ca-

397 5042 476 5096 dit
497 5041 548 5096 in
580 5049 775 5095 terram
816 5042 932 5096 sine
963 5041 1232 5094 voluntate
1257 5025 1428 5095 Patris
1449 5039 1615 5096 nostri
1642 5042 1729 5112 qui
1762 5043 1812 5096 in
1836 5039 1989 5097 emlis

403 5141 485 5188 est
513 5131 532 5203 (
565 5117 750 5186 Matth.
800 5147 854 5197 χ,
891 5119 1008 5199 29)
1042 5149 1056 5186 :
1087 5137 1179 5186 aut
1222 5143 1497 5200 parentum
1543 5133 1875 5204 negligentia:
1910 5119 1987 5189 sic

398 5223 736 5281 tribuendum
766 5223 886 5278 est“
909 5207 1094 5296 ,Iquod
1139 5223 1340 5294 parvuli
1371 5213 1838 5296 sine‘Baptismate
1868 5209 1978 5282 me.

395 5317 629 5382 riuntur,
663 5323 720 5370 ut
749 5315 875 5369 nihil
909 5313 978 5368 ibi
1026 5325 1183 5385 agant
1213 5316 1696 5385 supernajudicia;
1732 5300 1982 5390 tanquam

396 5408 497 5478 ipsi
533 5408 621 5478 qui
638 5408 741 5463 hoc
777 5405 939 5462 modo
968 5407 1108 5461 male
1140 5407 1458 5474 moriuntur,
1488 5419 1736 5478 parentes
1761 5413 1860 5468 sibi
1892 5430 1986 5470 ne-

397 5499 656 5569 gligentes
687 5501 958 5554 voluntate
1010 5499 1222 5567 propria
1263 5499 1330 5553 de
1377 5500 1568 5569 quibus
1613 5515 1980 5575 nascerentur,

402 5591 657 5664 elegerint
680 5611 692 5646 :
715 5593 843 5663 quid
875 5593 1066 5657 dicam,
1098 5592 1238 5662 quod
1263 5593 1512 5664 parvulus
1561 5595 1848 5666 aliquando
1885 5615 1980 5654 an-

373 5781 380 5848 λ
459 5763 1644 5862 εἐξωχεεξεξκ,νεςεξλςίιςξτέεῃίροωιεεον
1669 5773 1814 5848 m-

513 5835 643 5890 μοι,
667 5832 936 5893 praesentia.
960 5832 1246 5893 Emendatur
1271 5847 1334 5882 ex
1361 5832 1464 5884 Mss.
1631 5832 1640 5837 ⁷
1715 5841 1736 5848 ’“

461 5891 482 5923 ⁸
512 5891 691 5942 Omnes
712 5899 840 5953 Mss,
869 5891 1225 5944 retribuendum
1246 5901 1333 5946 est.

1625 382 1682 458 s.
1725 376 2090 456 AUGUSTINI
2130 376 2426 466 Episcopi

2099 495 2402 565 tequamilli
2433 510 2529 567 per
2553 496 2909 556 ministerium
2933 497 3253 570 baptizautis
3285 500 3532 568 succurri
3561 515 3684 572 βοε-

2094 587 2163 642 sit
2186 629 2200 651 ,
2232 588 2509 658 exspirat?
2539 589 2861 661 Plerumque
2895 591 3038 646 enim
3066 590 3442 648 festinantibus
3481 608 3677 663 paren-

2096 681 2236 737 tibus
2254 691 2305 736 et
2335 683 2532 751 paratis
2557 683 2815 738 ministris
2836 692 2892 739 ut
2915 683 3219 754 Baptismus
3246 685 3475 755 parvulo
3501 684 3682 754 detur,

2096 776 2207 831 Deo
2231 787 2406 833 tamen
2432 778 2647 834 nolente
2671 792 2797 842 .non
2832 777 3008 841 datur,
3041 778 3131 849 qui
3175 793 3298 834 eum
3329 777 3602 848 paululum
3631 780 3683 834 in

2096 869 2195 925 hac
2220 871 2323 925 vita
2371 886 2475 926 non
2522 871 2692 946 tenuit
2720 881 2778 926 ut
2827 871 3063 926 daretur.
3120 869 3259 941 Quid
3308 871 3493 938 etiam,
3541 871 3687 942 quod

2093 963 2376 1034 aliquando
2416 966 2647 1035 parvulis
2686 964 2977 1021 inﬁdelium
3027 963 3152 1022 ﬁliis
3197 965 3388 1036 potuit,
3427 980 3496 1022 ne
3542 965 3687 1022 irent

2095 1058 2146 1112 in
2177 1058 2549 1127 perditionem,
2595 1067 2648 1113 et
2678 1059 2800 1114 ﬁliis
2848 1058 3082 1116 ﬁdelium
3131 1074 3238 1114 non
3279 1040 3454 1128 potuit
3501 1057 3692 1129 Bapti-

2095 1159 2268 1205 smate
2294 1151 2610 1206 subveniri?
2641 1150 2741 1206 Ubi
2767 1160 2915 1207 certe
2938 1151 3239 1208 ostenditur
3257 1151 3399 1222 quod
3425 1166 3687 1222 persona-

2093 1255 2211 1296 rum
2263 1241 2403 1314 apud
2451 1243 2622 1300 Deum
2659 1259 2767 1298 non
2819 1245 2890 1299 sit
2933 1245 3173 1316 acceptio
3202 1244 3221 1316 (
3248 1243 3403 1300 Rom.
3430 1259 3490 1312 ιι,
3525 1245 3585 1300 Η
3623 1244 3684 1316 ):

2093 1335 2326 1405 alioquin
2371 1337 2638 1391 cultorum
2666 1352 2883 1392 suorum
2917 1337 3113 1407 potius,
3131 1353 3290 1410 quam
3334 1337 3678 1394 inimicorum

2092 1427 2232 1481 ﬁlios
2261 1427 2530 1484 liberaret.
3185 1428 3191 1431 ⁷

2163 1518 2390 1576 CAPUT
2427 1520 2564 1576 Xlll.
2599 1551 2669 1562 —
2690 1521 2779 1578 52.
2807 1521 2925 1578 tam
2954 1537 3102 1589 vero,
3131 1524 3382 1592 quoniam
3404 1522 3471 1579 de
3491 1523 3638 1579 dono
3665 1524 3683 1558 ³

2093 1613 2505 1681 perseverantia:
2551 1629 2693 1669 nunc
2719 1615 2946 1684 agimus,
2975 1613 3105 1686 quid
3130 1625 3213 1670 est
3249 1614 3392 1685 quod
3422 1615 3686 1670 morituro

2093 1719 2200 1759 non
2229 1705 2494 1775 baptizato
2521 1707 2832 1761 subvenitur
2851 1749 2866 1772 ,
2889 1722 2957 1762 ne
2986 1707 3101 1763 sine
3126 1706 3456 1777 Baptismate
3482 1705 3686 1763 moria-

2093 1805 2210 1860 tur;
2246 1804 2300 1850 et
2320 1797 2585 1867 baptizato
2605 1813 2796 1854 casuro
2818 1813 2922 1852 non
2957 1798 3290 1866 subvenitur,
3317 1805 3376 1853 ut
3413 1807 3538 1854 ante
3564 1813 3683 1854 mo-

2092 1887 2302 1943 riatur?
2329 1887 2439 1943 Nisi
2460 1888 2594 1944 forte
2619 1889 2693 1944 illi
2711 1888 2886 1946 adhuc
2903 1889 3217 1946 absurditati
3239 1890 3682 1958 auscultabimus,

2095 1995 2198 2051 qua
2223 1980 2419 2035 dicitur
2459 1981 2593 2036 nihil
2635 1981 2890 2052 prodesse
2935 1983 3182 2054 cuiquam
3221 1983 3359 2038 mori
3398 1991 3684 2053 antequam

2091 2073 2284 2140 cadat,
2327 2073 2450 2144 quia
2495 2076 2788 2132 secundum
2833 2091 2928 2133 eos
2979 2087 3131 2133 actus
3172 2076 3518 2148 judicabitur,
3548 2091 3686 2147 quos

2091 2181 2213 2223 eum
2245 2166 2506 2236 praescivit
2537 2167 2679 2223 Deus
2722 2179 2965 2224 acturum
3003 2168 3168 2225 fuisse
3210 2169 3256 2224 si
3283 2169 3508 2226 viveret.
3533 2168 3687 2231 lianc

2092 2259 2494 2328 perversitatem
2548 2261 2760 2316 sanitati
2815 2260 2938 2317 ﬁdei
2963 2269 3072 2318 tam
3105 2261 3454 2318 vehementer
3481 2261 3679 2318 adver-

2092 2367 2226 2417 sam,
2259 2354 2374 2423 quis
2398 2353 2664 2425 patienter
2683 2353 2900 2410 audiat?
2922 2355 3041 2426 quis
3069 2353 3248 2411 ferat?
3271 2357 3338 2410 Et
3361 2365 3543 2412 tamen
3565 2353 3676 2412 hoc

2093 2443 2272 2500 dicere
2304 2454 2574 2515 urgentur,
2625 2445 2717 2516 qui
2771 2461 2878 2503 non
2926 2447 3158 2503 fatentur
3175 2447 3402 2519 gratiam
3428 2445 3524 2504 Dei
3572 2461 3682 2502 non

2093 2539 2386 2594 secundum
2410 2544 2600 2596 merita
2631 2549 2810 2596 nostra
2841 2539 2977 2602 dari.
3005 2539 3106 2609 Qui
3154 2549 3332 2598 autem
3377 2541 3570 2598 nolunt
3609 2539 3684 2596 di-

2091 2645 2214 2685 cere
2245 2645 2677 2701 unumquemque
2726 2640 3062 2688 mortuorum
3112 2632 3408 2689 secundum
3434 2649 3497 2689 ea
3531 2633 3679 2705 judi-

2092 2721 2223 2786 cari,
2255 2735 2372 2790 qua:
2410 2721 2552 2778 Deus
2577 2721 2724 2776 illum
2751 2722 3015 2791 prtescivit
3059 2730 3300 2780 acturum
3328 2723 3493 2782 fuisse
3519 2725 3567 2784 si
3594 2725 3678 2782 vi-

2093 2821 2262 2876 veret,
2283 2812 2549 2868 intuentes
2575 2828 2734 2882 quam
2781 2811 3058 2870 manifesta
3109 2801 3342 2874 falsitate
3387 2825 3442 2872 et
3469 2826 3670 2887 quanta

2091 2902 2422 2959 absurditate
2477 2904 2719 2970 dicatur;
2753 2919 2858 2961 non
2902 2905 2984 2962 eis
3030 2916 3274 2963 remanet
3325 2922 3422 2964 cur
3469 2907 3677 2975 dicant,

2094 2995 2235 3066 quod
2269 2997 2319 3051 in
2351 2997 2648 3067 Pelagianis
2674 2996 2966 3065 damnavit,
2999 3007 3056 3056 et
3100 2999 3168 3055 ab
3189 3000 3310 3070 ipso
3341 2999 3556 3072 Pelagio
3594 3001 3684 3058 da-

2092 3087 2416 3145 narifecit
2461 3089 2718 3156 Ecclesia,
2765 3091 2985 3160 gratiam
3015 3091 3108 3150 Dei
3163 3092 3454 3149 secundum
3491 3095 3683 3152 merita

2095 3192 2274 3239 nostra
2303 3184 2454 3240 dari:
2486 3199 2607 3239 cum
2656 3185 2870 3240 videant
2915 3186 3051 3241 alios
3071 3187 3320 3257 parvulos
3371 3202 3479 3244 non
3522 3204 3682 3259 rege-

2092 3286 2307 3333 neratos
2332 3276 2398 3332 ad
2426 3286 2684 3332 aeternam
2713 3287 2964 3345 mortem,
2990 3277 3126 3334 alios
3154 3288 3334 3334 autem
3376 3294 3676 3351 regenera-

2091 3380 2176 3427 tos
2203 3369 2269 3426 ad
2319 3379 2576 3426 mternam
2626 3371 2788 3426 vitam
2819 3371 2933 3426 tolli
2967 3370 3036 3427 de
3086 3371 3186 3428 hac
3234 3373 3388 3439 vita;
3431 3375 3682 3445 ipsosque

2090 3472 2456 3535 regeneratos,
2479 3463 2612 3519 alios
2652 3470 3055 3534 perseverantes
3081 3479 3249 3535 usque
3273 3465 3324 3520 in
3353 3466 3510 3520 ﬁnem
3554 3467 3678 3530 hinc

2090 3554 2188 3621 ire,
2219 3554 2354 3609 alios
2407 3569 2684 3625 quousque
2733 3555 2980 3610 decidant
3025 3555 3111 3611 hic
3155 3556 3457 3628 teneri,qui
3500 3559 3683 3629 utique

2092 3663 2198 3703 non
2246 3646 2589 3712 decidissent,
2623 3648 2668 3702 si
2712 3657 2996 3718 antequam
3042 3648 3348 3704 laberentur
3384 3649 3508 3706 hinc
3531 3653 3680 3708 cxis-

2091 3749 2240 3807 sent;
2273 3749 2326 3796 et
2356 3755 2538 3795 rursus
2558 3739 2817 3811 quosdam
2839 3741 3017 3812 lapsos
3033 3757 3308 3814 quousque
3323 3745 3545 3800 redeant
3563 3761 3679 3801 non

2091 3833 2242 3888 exire
2265 3832 2334 3888 de
2359 3831 2459 3887 hac
2491 3834 2620 3900 vita,
2651 3833 2739 3904 qui
2788 3833 2971 3904 utique
3012 3835 3266 3904 perirent,
3311 3835 3357 3890 si
3391 3845 3678 3910 antequam

2091 3924 2348 3991 redirent,
2379 3924 2608 3980 exirent.
2673 3947 2676 3950 ~
2890 3925 2898 3944 '

2165 4015 2254 4069 35.
2281 4013 2437 4070 Unde
2461 4014 2593 4070 satis
2629 4013 2862 4070 dilucide
2908 4015 3226 4085 ostenditur,
3271 4027 3329 4075 et
3370 4019 3680 4088 inchoandi,

2093 4117 2148 4163 et
2176 4107 2342 4176 usque
2373 4106 2424 4160 in
2449 4106 2609 4163 ﬁnem
2658 4108 3033 4178 perseverandi
3081 4111 3304 4180 gratiam
3332 4111 3427 4166 Dei
3457 4125 3562 4167 non
3589 4128 3680 4169 se-r

2091 4199 2323 4255 cundum
2379 4200 2566 4255 merita
2615 4210 2797 4256 nostra
2860 4200 3020 4268 dari;
3067 4203 3162 4259 sed
3223 4203 3337 4260 dari
3385 4207 3681 4262 secundum

2094 4291 2263 4361 ipsius
2308 4292 2720 4348 secretissimam
2745 4295 3162 4377 ,oeamdemque
3199 4296 3572 4367 iustissimam,
3603 4315 3684 4355 sa-

2092 4382 2498 4455 pientissimam,
2540 4383 3076 4442 beneﬁcentissima'm
3125 4387 3448 4446 voluntatem
3491 4409 3507 4446 :
3541 4405 3679 4462 quo-

2094 4476 2234 4530 niam
2261 4490 2395 4545 quos
2441 4477 2855 4547 praedestinavit,
2897 4478 3042 4550 ipsos
3070 4490 3124 4536 et
3167 4483 3377 4538 vocavit
3401 4485 3420 4554 (
3443 4482 3532 4537 Id.
3562 4499 3677 4555 vm,

2093 4567 2164 4623 ὅθ
2189 4568 2209 4639 )
2233 4569 2509 4625 vocatione
2537 4570 2625 4625 illa
2655 4568 2723 4626 de
2745 4587 2845 4641 qua
2868 4571 3066 4628 dictum
3089 4583 3190 4638 est,
3221 4574 3346 4630 Sine
3382 4578 3680 4648 poenitentia

2092 4670 2208 4715 sum
2238 4660 2373 4715 dona
2401 4671 2448 4714 et
2482 4663 2682 4716 vacatio
2706 4661 2803 4718 Dei
2827 4662 2846 4736 (
2874 4662 2958 4719 Id.
3003 4681 3083 4732 ιι,
3111 4666 3182 4722 29
3203 4665 3243 4738 ).
3293 4668 3374 4734 Λᾶ
3412 4685 3569 4740 quam
3587 4683 3684 4725 vo-

2092 4756 2353 4811 cationem
2373 4757 2640 4826 pertinere
2664 4757 2842 4814 nullus
2860 4767 2942 4816 est
2965 4757 3126 4818 homo
3149 4761 3215 4816 ab
3237 4761 3540 4822 hominibus
3562 4779 3684 4820 cer-

2094 4856 2144 4903 ta
2189 4851 2586 4908 asseveratione
2631 4849 2910 4914 dicendus,
2951 4851 3052 4907 nisi
3101 4868 3222 4910 cum
3249 4853 3317 4910 de
3355 4854 3455 4910 hoc
3482 4857 3683 4913 saeculo

2093 4941 2321 4998 exierit:
2353 4942 2404 4998 in
2461 4944 2559 4998 hac
2582 4952 2761 4999 autem
2801 4945 2904 5000 vita
2949 4943 3180 5001 humana
3205 4962 3324 5017 quae
3351 4949 3570 5003 tentatio
3597 4960 3682 5008 est

2091 5047 2252 5102 super
2281 5035 2474 5088 terram
2505 5033 2645 5107 (Job
2683 5051 2784 5103 vn,
2814 5037 2839 5092 1
2870 5032 2914 5108 ),
2953 5037 3042 5108 qui
3063 5037 3272 5116 videtur
3297 5047 3459 5103 stare,
3505 5041 3683 5110 videat

2089 5140 2159 5180 ne
2182 5124 2378 5197 cadat(
2406 5125 2425 5180 l
2455 5125 2572 5182 Cor.
2602 5143 2658 5195 ι,
2693 5128 2760 5190 12
2787 5127 2822 5199 ).
2865 5129 2988 5188 Ideo
3014 5131 3209 5202 quippe
3236 5131 3256 5204 (
3285 5133 3424 5188 sicut
3446 5132 3554 5203 jam
3583 5149 3681 5192 su«

2092 5231 2183 5286 pra
2207 5215 2440 5273 diximus
2459 5217 2608 5291 [Cap.
2633 5219 2699 5285 8,
2729 5236 2784 5276 n.
2818 5219 2941 5294 19]).
2953 5237 3058 5277 non
3081 5226 3466 5292 perseveraturi
3497 5241 3680 5294 perseo

2088 5311 2348 5366 veraturis
2390 5311 2846 5382 providentissima
2905 5315 2998 5371 Dei
3059 5317 3327 5377 voluntate
3364 5319 3678 5389 miscentur,

2090 5410 2292 5456 utesse
2317 5401 2586 5460 discamus
2624 5420 2730 5460 non
2768 5406 2874 5466 alta
2903 5406 3192 5476 sapientes,
3243 5408 3339 5466 sed
3389 5409 3681 5470 humilibus

2089 5494 2486 5550 consentientes
2516 5495 2536 5569 (
2566 5497 2716 5560 Rom.
2748 5513 2847 5565 xu,
2873 5499 2940 5558 16
2971 5497 3014 5570 ),
3044 5507 3237 5556 etcum
3279 5501 3469 5556 timore
3489 5511 3546 5558 et
3573 5513 3683 5560 tre-

2089 5605 2237 5644 more
2269 5600 2504 5647 nostram
2537 5591 2770 5659 ipsorum
2817 5591 3044 5656 salutem
3075 5607 3402 5662 operemur:
3428 5594 3568 5652 Deus
3596 5606 3681 5654 est

2090 5680 2231 5762 enim
2253 5681 2342 5770 qui
2379 5691 2630 5772 operatur
2679 5683 2734 5776 in
2773 5684 2924 5758 nobis
2951 5694 3004 5741 et
3035 5685 3173 5770 velle
3201 5694 3256 5742 et
3302 5687 3535 5780 operari,
3581 5702 3678 5757 pro

2156 5918 2172 5934 -
2206 5914 2306 5952 am.
2330 5906 2402 5952 Er.
2431 5909 2482 5953 et
2503 5909 2633 5967 uss,
2658 5902 2721 5956 de
2739 5904 2876 5957 bono.

3545 383 3682 440 που
3745 414 3760 425 ο
