4014 6478
230 499 366 555 bona
394 493 663 553 voluntate
693 493 958 577 (Philipp.
989 510 1047 564 ιι,
1090 491 1158 550 12
1180 501 1226 549 et
1256 494 1366 567 15).
1394 491 1500 549 Nos
1524 508 1651 565 ergo
1677 492 1829 549 volu-

230 605 368 659 mus,
405 587 665 669 sedDeus
692 588 750 645 in
792 588 949 645 nobis
976 594 1227 663 operatur
1252 594 1307 663 et
1341 585 1481 642 velle
1515 604 1527 639 :
1561 600 1658 640 nos
1703 599 1830 659 ergo

229 696 549 765 operantur,
590 676 690 737 sed
728 682 873 759 Deus
925 683 977 736 in
1010 679 1166 753 nobis
1220 688 1472 761 operatur
1515 688 1569 736 et
1593 677 1827 749 operari,

228 791 322 849 pro
366 776 506 831 bona
548 775 847 841 voluntate.
880 773 992 830 Hoc
1020 773 1172 829 nobis
1198 771 1414 843 expedit
1450 780 1503 827 et
1526 769 1748 827 credere
1774 777 1830 839 et

230 867 406 924 dicere
435 886 451 922 :
484 850 597 943 hoc
638 875 727 923 est
765 867 931 937 pium,
963 864 1066 941 hoc
1094 880 1301 943 verum,
1335 870 1392 919 ut
1418 864 1486 917 sit
1525 860 1741 916 humilis
1762 870 1817 914 et

232 938 503 1016 submissa
523 957 827 1026 confessio,
880 967 934 1013 et
974 938 1131 1013 detur
1156 938 1325 1012 totum
1354 953 1484 1010 Deo.
1515 953 1824 1025 ﬂagitantes

230 1050 494 1107 credimus
520 1093 538 1115 ,
582 1049 881 1121 cogitantes
931 1049 1233 1120 loquimur,
1274 1046 1567 1117 cogitantes
1613 1044 1819 1115 agimus

230 1143 480 1219 quidquid
501 1144 711 1227 agimus
741 1161 755 1198 :
784 1142 928 1221 quod
950 1149 1124 1197 autem
1154 1140 1342 1195 attinet
1370 1138 1436 1193 ad
1457 1137 1666 1209 pictatis
1681 1136 1820 1227 viam

230 1246 492 1293 etverum
526 1226 620 1290 Dei
647 1235 872 1298 cultum,
893 1250 996 1288 non
1035 1247 1222 1288 sumus
1247 1230 1422 1286 idonei
1447 1232 1682 1301 cogitare
1713 1226 1820 1284 ali-

231 1327 344 1401 quid
365 1338 629 1398 tanquam
646 1342 710 1381 ex
731 1307 1127 1397 nobismetipsis
1149 1368 1163 1393 ,
1187 1323 1279 1379 sed
1297 1322 1610 1381 sufﬁcientia
1637 1330 1821 1377 nostra

232 1400 288 1478 ex
310 1422 428 1478 Deo
462 1430 551 1476 est
576 1419 594 1490 (
622 1418 799 1477 llCor.
833 1435 910 1484 ιιι,
935 1420 969 1475 5
994 1400 1032 1491 ).
1080 1437 1100 1472 ι
1135 1417 1254 1474 Νοιι
1296 1418 1437 1473 enim
1467 1425 1547 1473 est
1594 1417 1644 1470 in
1674 1424 1825 1487 pote-

230 1523 355 1570 state
399 1522 591 1570 nostra
635 1528 730 1570 cor
764 1522 1007 1571 nostrum
1050 1520 1101 1575 et
1151 1520 1346 1569 nostra:
1376 1509 1762 1585 cogitationes:
1799 1526 1819 1585 ι

233 1607 363 1664 unde
384 1607 537 1663 idem
568 1606 659 1679 qui
687 1606 788 1662 hoc
802 1607 895 1669 ait,
929 1606 1056 1660 item
1087 1602 1544 1660 dicitAntbrosius
1574 1600 1687 1675 (De
1713 1599 1826 1655 Fu-

235 1717 293 1773 ga
316 1699 517 1768 saeculi,
569 1717 685 1771 cap.
714 1700 736 1754 1
761 1698 805 1773 ),
840 1719 859 1752 ι
892 1698 1022 1770 Quis
1066 1706 1244 1753 autem
1274 1706 1379 1752 tam
1431 1695 1616 1757 beatus
1648 1696 1735 1766 qui
1768 1693 1822 1753 in

238 1791 387 1847 corde
402 1806 505 1846 suo
536 1805 753 1862 semper
773 1788 1072 1845 ascendat?
1109 1788 1214 1845 Sed
1245 1790 1343 1842 hoc
1380 1788 1494 1843 sine
1520 1786 1703 1842 divino
1724 1801 1823 1842 au-

239 1882 454 1955 xilioqui
477 1882 595 1937 fieri
629 1882 850 1953 potest?
882 1882 1025 1936 nullo
1048 1880 1286 1952 profecto
1314 1880 1491 1935 modo.
1516 1881 1771 1953 Denique,
1797 1898 1817 1953 ι

240 1972 416 2044 inquit,
451 1991 473 2027 ι
503 1988 668 2044 supra
688 1974 876 2028 eadem
902 1973 1172 2043 Scriptura
1203 1973 1349 2038 dicit,
1380 1970 1563 2043 Beatus
1587 1973 1661 2027 vir
1676 1972 1823 2043 cujus

243 2067 570 2122 utensilium
591 2069 702 2138 ejus
735 2068 825 2121 abs
866 2077 941 2132 te,
987 2066 1202 2127 Domine
1226 2084 1245 2133 ;
1286 2084 1523 2127 ascensus
1569 2066 1623 2121 in
1671 2066 1825 2122 corde

240 2159 340 2231 ejus
362 2177 383 2212 ι
411 2161 431 2231 (
468 2158 620 2215 Psai.
663 2175 883 2225 Lxsxm,
916 2157 949 2215 6
974 2158 1013 2231 ).
1037 2159 1147 2213 lloe
1187 2159 1366 2235 utique
1397 2167 1451 2213 ut
1474 2158 1694 2225 diceret,
1718 2174 1824 2213 non

246 2250 399 2305 solum
419 2248 472 2305 in
498 2249 717 2325 Litteris
753 2252 918 2319 sacris
948 2249 1174 2320 legebat,
1207 2248 1300 2304 sed
1330 2249 1467 2323 sicut
1493 2247 1559 2304 de
1602 2249 1693 2303 illo
1711 2248 1827 2304 viro

253 2340 698 2398 sineduhitatione
734 2340 1061 2398 credendum
1088 2350 1189 2409 est,
1228 2341 1389 2397 etiam
1437 2342 1490 2396 in
1519 2339 1682 2396 corde
1726 2355 1826 2398 suo

254 2436 844 2491 sentiebatAmbrosius.
863 2435 1015 2505 Quod
1042 2450 1170 2508 ergo
1206 2435 1261 2513 in
1309 2437 1657 2490 sacramentis
1687 2434 1822 2493 lide-

247 2527 366 2583 lium
388 2528 596 2594 dicitur,
629 2540 683 2584 ut
706 2545 919 2584 sursum
952 2543 1048 2585 cor
1072 2527 1361 2584 habeamus
1409 2528 1474 2582 ad
1518 2528 1822 2609 Dominum,

246 2634 418 2675 munus
456 2629 540 2676 est
571 2619 819 2693 Domini:
848 2619 915 2676 de
939 2636 1045 2692 quo
1077 2635 1298 2675 munere
1330 2620 1429 2697 ipsi
1457 2620 1687 2677 Domino
1713 2622 1824 2676 Deo

242 2715 631 2785 nostrogratias
671 2729 852 2797 agere,
891 2728 922 2768 a
952 2712 1228 2769 sacerdote
1262 2722 1407 2784 post
1447 2712 1583 2768 hanc
1638 2728 1825 2769 vocem

241 2804 414 2883 quibus
440 2803 549 2860 hoc
567 2804 764 2861 dicitur
787 2802 1178 2872 admonentur;
1206 2813 1260 2860 et
1298 2804 1514 2876 dignum
1536 2820 1600 2859 ac
1623 2805 1825 2883 justum

240 2912 344 2957 esse
362 2900 695 2971 respondent
724 2898 744 2974 (
770 2897 839 2955 In
862 2898 1161 2971 prtefatione
1193 2898 1262 2953 ad
1299 2915 1544 2955 canonem
1578 2896 1754 2955 Misere
1779 2901 1820 2975 ).

238 2992 354 3053 Cum
381 2995 531 3051 enim
557 3009 666 3050 non
692 2995 761 3049 sit
789 2994 841 3049 in
872 3003 1050 3048 nostra
1095 3001 1360 3065 potestate
1410 3008 1505 3049 cor
1558 3000 1821 3071 nostrum,

238 3085 319 3143 sed
362 3087 552 3142 divino
594 3087 900 3142 sublevetur
937 3085 1158 3151 auxilio,
1210 3094 1267 3140 ut
1294 3083 1576 3153 ascendat,
1606 3094 1660 3139 et
1702 3101 1823 3163 qua:

237 3193 430 3235 sursum
452 3189 584 3235 sunt
608 3180 795 3251 sapiat,
819 3177 908 3234 ubi
923 3177 1164 3234 Christus
1187 3186 1269 3233 est
1312 3177 1367 3233 in
1407 3176 1594 3232 dextra
1618 3177 1711 3241 Dei
1738 3193 1823 3233 se-

236 3270 369 3338 dens,
401 3288 517 3329 non
545 3288 665 3344 qure
684 3287 847 3343 super
886 3282 1082 3327 terram
1109 3269 1129 3342 (
1160 3268 1357 3326 Colon.
1388 3287 1466 3337 ιιι,
1502 3271 1553 3335 1,
1579 3270 1656 3341 2)
1692 3288 1705 3324 :
1734 3268 1820 3329 cui

235 3365 294 3422 de
316 3367 588 3422 hac-tanta
620 3381 679 3421 re
700 3363 920 3433 ageudte
945 3372 1068 3419 sunt
1088 3363 1290 3434 gratim,
1329 3362 1427 3417 nisi
1459 3360 1561 3418 hoc
1606 3360 1821 3417 facienti

235 3456 446 3513 Domino
470 3457 586 3513 Deo
620 3464 827 3522 nostro,
863 3454 953 3527 qui
979 3470 1079 3509 nos
1103 3470 1195 3525 per
1222 3453 1326 3509 tale
1342 3452 1659 3509 beneficium
1688 3452 1822 3509 libe-

234 3549 474 3607 randode
500 3549 770 3621 profundo
810 3548 968 3616 hujus
1024 3544 1225 3611 mundi,
1268 3545 1447 3617 elegit,
1471 3545 1819 3617 etprtcdesti-

234 3644 362 3699 navit
383 3652 520 3699 ante
546 3640 980 3698 constitutionem
1009 3638 1192 3694 mundi
1216 3638 1240 3692 τ

292 3754 520 3813 CAPUT
549 3752 766 3811 XlV.-
781 3753 869 3819 54.
885 3750 990 3807 Sed
1013 3750 1161 3805 aiunt
1177 3767 1196 3801 ι
1222 3747 1706 3820 prmdestiuationis
1720 3748 1825 3804 de-‘

232 3826 520 3921 ﬁnitionem
550 3835 769 3915 utilitati
792 3843 1183 3917 prtedicationis
1210 3842 1485 3909 adversam
1511 3842 1729 3917 (Supra,
1763 3843 1819 3913 in

233 3940 465 4017 Epistolis
504 3939 701 3997 Hilarii
744 3948 790 3993 et
838 3937 1110 4011 Prosperi,
1163 3935 1262 3991 col.
1317 3934 1549 3993 947-954
1570 3935 1611 4007 ).
1653 3935 1817 4006 Quasi

232 4048 345 4107 vero
374 4035 663 4103 adversati
687 4029 1029 4104 sitApostolo
1046 4028 1372 4103 praedicanti.
1396 4027 1583 4087 Nonne
1607 4028 1693 4087 ille
1720 4027 1818 4084 do-

230 4108 334 4184 cier
359 4126 620 4199 Gentium
657 4128 709 4183 in
745 4125 850 4181 ﬁde
877 4133 931 4181 et
960 4122 1181 4181 veritate
1218 4133 1270 4178 et
1293 4122 1817 4196 praedestinationem

234 4222 373 4279 toties
414 4217 860 4295 commendavit,
903 4224 957 4287 et
997 4214 1218 4271 verbum
1252 4214 1343 4270 Dei
1372 4214 1667 4287 prgcdicare
1709 4230 1818 4271 non

230 4313 425 4391 destitit
445 4315 473 4371 Ἰ
499 4311 767 4387 Numquid
794 4309 918 4381 quia
944 4307 1097 4385 dixit,
1130 4306 1265 4361 Deus
1296 4316 1366 4361 est
1389 4307 1475 4379 qui
1503 4315 1740 4377 operatur
1762 4307 1816 4361 in

229 4411 353 4462 nocte
371 4418 423 4461 et
449 4407 581 4462 uile
603 4414 647 4458 et
673 4401 894 4477 operari,
919 4417 1011 4473 pro
1037 4400 1167 4457 bona
1189 4399 1440 4454 voluntate
1461 4396 1730 4471 (Philipp.
1754 4414 1813 4466 ιι,

231 4497 291 4555 l3
309 4498 364 4571 );
394 4498 525 4556 ideo
551 4512 656 4552 non
678 4497 821 4569 ipse,
848 4501 903 4550 et
927 4501 984 4559 ut
1010 4490 1231 4547 velimus
1253 4506 1371 4562 qua:
1395 4489 1507 4563 Deo
1532 4491 1813 4560 placeant,

228 4598 275 4657 et
300 4600 353 4651 ut
382 4603 711 4663 operemur,
754 4585 997 4661 hortatus
1025 4582 1148 4638 est?
1175 4591 1267 4636 aut
1294 4581 1415 4653 quia
1444 4580 1595 4653 dixit,
1631 4580 1732 4647 Qui
1760 4583 1815 4636 in

227 4679 351 4735 vobis
377 4681 576 4753 bonum
603 4694 730 4750 opus
756 4676 928 4755 empti,
958 4672 1181 4759 perﬁciet
1208 4689 1363 4745 usque
1391 4671 1443 4726 in
1472 4672 1603 4737 diem
1628 4672 1814 4745 Christi

227 4774 342 4839 Iesu
366 4775 503 4849 (id.
536 4791 575 4851 ι,
607 4774 659 4835 6.
683 4773 704 4846 )
728 4790 743 4839 ;
776 4771 897 4849 ideo
926 4780 984 4843 ut
1012 4768 1305 4841 inciperent
1337 4765 1582 4825 homines
1609 4777 1662 4821 et
1692 4781 1813 4836 per-

228 4880 542 4939 severarent
565 4884 735 4943 usque
764 4868 817 4923 in
846 4866 1027 4932 finem,
1072 4864 1185 4935 ipse
1225 4879 1330 4917 non
1361 4860 1568 4917 suasit?
1612 4859 1815 4930 Nempe

225 4964 329 5035 ipse
355 4964 622 5037 Dominus
645 4957 948 5029 hominibus
976 4954 1227 5027 pra-cepit
1253 4964 1308 5008 ut
1332 4952 1631 5019 crederent,
1655 4962 1819 5022 atque

223 5057 325 5125 ait,
349 5053 590 5123 Credite‘
612 5053 665 5115 in
688 5050 848 5126 Deum
867 5091 881 5116 ,
914 5058 958 5107 et
980 5048 1033 5103 in
1058 5063 1136 5105 tne
1158 5045 1345 5101 credite
1366 5044 1386 5116 (
1404 5041 1563 5101 Joun.
1589 5040 1732 5113 siml
1755 5042 1810 5115 ):

226 5164 318 5205 nec
346 5161 533 5211 tamen
560 5146 679 5203 ideo
707 5145 821 5215 ejus
847 5142 980 5201 falsa
1007 5140 1265 5197 sententia
1293 5146 1394 5203 est,
1430 5154 1526 5193 nec
1554 5153 1688 5195 Vana
1715 5138 1813 5195 de-

228 5241 394 5303 finitio
424 5240 518 5301 ubi
543 5239 638 5305 ait,
670 5236 835 5299 Nemo
859 5236 988 5291 venit
1011 5232 1079 5290 ad
1105 5249 1202 5301 me,
1231 5234 1281 5289 id
1308 5242 1410 5296 est,
1447 5245 1605 5297 nemo
1646 5232 1817 5289 credit

226 5334 271 5399 in
298 5350 423 5403 me.
458 5333 555 5393 nisi
580 5330 735 5403 Merit
761 5329 811 5399 ei
835 5328 1009 5383 datuut
1036 5343 1068 5383 a
1093 5324 1252 5385 Patre
1278 5342 1385 5381 meo
1410 5325 1428 5397 (
1449 5323 1537 5385 Id.
1570 5342 1645 5392 ιιι,
1676 5326 1746 5385 66
1770 5326 1811 5397 ).

225 5402 327 5483 Nec
365 5402 589 5492 rimae,
616 5422 742 5497 quia
780 5434 908 5479 vera
952 5426 1037 5481 est
1078 5417 1193 5472 ham
1232 5406 1645 5483 delinitio,ideo
1677 5432 1817 5475 vana

228 5526 303 5574 est
331 5496 424 5579 illa
451 5498 754 5587 pmceptio.
788 5510 896 5577 Cur
922 5525 1050 5583 ergo
1078 5508 1467 5579 praedicationi,
1500 5509 1816 5579 praeceptio-

227 5609 305 5678 Iti.
338 5604 698 5673 exhortationi
721 5644 736 5671 ,
765 5599 1087 5673 correptioni
1109 5640 1124 5668 ,
1153 5614 1273 5670 quae
1301 5598 1479 5655 omnia
1512 5597 1817 5669 frequentat

227 5698 498 5771 Scriptum
539 5696 741 5765 divina,
778 5693 1147 5765 existimamus
1175 5688 1418 5747 inutilem
1449 5688 1812 5746 deﬁnitionem

194 5780 208 5821 δ
284 5858 302 5892 ι
338 5861 473 5922 εον..
509 5851 729 5911 deditis
763 5858 863 5902 Am.
887 5855 963 5903 Er.
1005 5853 1059 5902 et
1089 5853 1217 5912 llas,
1262 5845 1477 5912 credite;
1511 5847 1654 5912 juxta
1689 5858 1816 5911 gras-

228 5933 347 5973 eum.

1258 371 1462 431 LIBER
1501 372 1588 429 DE
1631 372 1810 430 DONO
1847 370 2462 430 PERSEVERANTIA‘J.

3383 381 3523 442 1014

1937 490 2442 573 ριωιιεειίιιιιιίοηὶε,
2470 507 2631 569 quam
2659 495 2997 553 commendat
3024 497 3212 557 eadem
3239 497 3517 571 Scriptura

1940 585 2138 640 divina.

2006 678 2095 745 '55.
2136 678 2219 734 An
2244 678 2523 751 quisquam
2549 677 2727 749 dicere
2749 679 2986 759 audebit,
3012 678 3183 739 Deum
3208 699 3315 757 non
3341 698 3516 755 praes-

1933 768 2073 825 cisse
2101 768 2293 841 quibus
2319 777 2465 825 esset
2490 768 2712 843 daturus
2740 780 2799 837 ut
2820 770 3125 841 crederent,
3155 783 3246 828 aut
3269 764 3400 847 quos
3425 773 3524 841 da-

1936 868 2088 914 turus
2116 868 2259 916 esset
2286 859 2425 918 Filio
2449 875 2568 929 suo,
2600 871 2657 917 ut
2684 877 2750 918 ex
2789 862 2868 918 eis
2907 877 3011 918 non
3044 862 3296 936 perderet
3331 879 3522 949 gnem-

1932 968 2093 1024 quam
2123 951 2300 1025 (Joan.
2328 970 2486 1025 xvnt,
2510 954 2609 1028 9)?
2636 954 2766 1023 Qute
2790 956 2975 1029 utique
3002 956 3047 1012 si
3080 956 3370 1029 praescivit,
3392 972 3525 1029 pro-

1933 1041 2073 1101 fecto
2114 1045 2369 1101 beneficia
2412 1061 2541 1121 sua,
2589 1048 2779 1121 quibus
2823 1064 2921 1103 nos
2962 1047 3211 1121 dignatur
3251 1048 3519 1119 liberare,

1932 1140 2220 1209 prazscivit.
2270 1134 2394 1196 llaec
2436 1151 2519 1215 est
2562 1141 2957 1213 prtedestinatio
3002 1149 3332 1221 sanctorum,
3386 1142 3520 1217 nihil

1932 1231 2075 1285 aliud
2107 1250 2119 1286 :
2155 1234 2485 1303 praescientia
2532 1234 2731 1291 scilicet
2757 1235 2775 1267 ⁸
2798 1277 2817 1304 ,
2847 1245 2900 1289 et
2944 1236 3266 1313 praeparatio
3309 1234 3517 1294 beneﬁ-
3562 1290 3569 1297 .

1931 1324 2136 1380 ciorum
2167 1326 2279 1394 Dei,
2311 1328 2503 1399 quibus
2526 1328 2825 1387 certissime
2851 1327 3165 1403 liberantur,
3199 1332 3523 1403 quicumque

1931 1419 2243 1476 liberantur.
2272 1420 2467 1477 Caeteri
2492 1434 2669 1477 autem
2692 1421 2780 1478 ubi
2802 1424 2902 1478 nisi
2927 1426 2979 1478 in
3001 1439 3175 1479 massa
3202 1423 3525 1497 perditionis

1926 1510 2073 1581 justo
2113 1510 2294 1568 divino
2325 1512 2527 1584 judicio
2568 1514 2983 1589 relinquuntur?
3026 1513 3127 1573 Ubi
3156 1514 3303 1587 Tyrii
3348 1515 3526 1577 relicti

1932 1613 2055 1657 sunt
2085 1614 2140 1658 et
2167 1604 2392 1669 Sidonii,
2420 1606 2507 1677 qui
2538 1607 2696 1662 etiam
2724 1608 2944 1663 credere
2971 1616 3279 1683 potuerunt,
3310 1607 3359 1664 si
3383 1609 3547 1664 mira-

1932 1696 2018 1751 illa
2041 1694 2237 1755 Christi
2260 1700 2407 1769 signa
2430 1699 2699 1756 vidissent.
2725 1698 2831 1756 Sed
2857 1702 3108 1775 quoniam
3134 1711 3188 1761 ut
3209 1700 3522 1773 crederent,

1933 1806 2038 1847 non
2066 1802 2184 1867 erat
2209 1792 2287 1847 eis
2311 1792 2491 1848 datum
2512 1836 2528 1867 ,
2576 1795 2736 1850 etiam
2766 1794 2904 1850 unde
2931 1795 3215 1851 crederent
3243 1804 3329 1855 est
3359 1811 3527 1869 nega-

1933 1891 2065 1937 tum.
2102 1884 2175 1941 [Sx
2205 1900 2311 1955 quo
2338 1897 2558 1963 apparet
2584 1885 2784 1943 habere
2806 1887 3065 1959 quosdam
3092 1888 3144 1942 in
3173 1888 3290 1962 ipso
3312 1888 3527 1960 ingenio

1930 1975 2170 2031 divinum
2196 1978 2507 2033 naturaliter
2528 1995 2719 2035 munus
2740 1979 3127 2052 intelligentiae.
3153 1997 3260 2057 quo
3281 1996 3528 2037 movean-

1933 2077 2016 2123 tur
2042 2068 2107 2123 ad
2137 2067 2293 2124 ﬁdem
2322 2111 2335 2133 ,
2368 2070 2411 2124 si
2441 2085 2671 2141 congrua
2714 2072 2826 2141 suis
2856 2072 3155 2147 mentibus,
3188 2074 3272 2137 vel
3302 2070 3528 2129 audiant

1931 2161 2113 2229 verba,
2142 2162 2224 2218 vel
2255 2164 2401 2235 signa
2436 2165 2768 2237 conspiciant
2800 2184 2813 2218 :
2848 2176 2900 2220 et
2928 2174 3106 2221 tamen
3135 2167 3179 2229 si
3212 2166 3305 2221 Dei
3330 2164 3525 2225 altiore

1923 2252 2146 2323 judicio,
2178 2270 2208 2308 a
2236 2254 2549 2327 perditionis
2584 2270 2759 2312 massa
2785 2271 2889 2313 non
2919 2264 3041 2311 sunt
3067 2256 3252 2330 gratiae
3280 2256 3528 2328 praedes-

1931 2345 2189 2402 tinatione
2224 2344 2478 2415 discreti,
2522 2362 2621 2404 nec
2646 2348 2760 2418 ipsa
2792 2348 2871 2403 eis
2907 2346 3227 2417 adhibentur
3255 2346 3340 2402 vel
3378 2346 3525 2402 dicta

1929 2437 2105 2493 divina
2135 2439 2217 2499 vel
2244 2438 2405 2505 facta,
2439 2457 2533 2511 per
2556 2457 2675 2511 qua:
2700 2451 2921 2521 possent
2944 2440 3184 2515 credere,
3211 2441 3257 2505 si
3281 2440 3532 2496 audirent

1932 2522 2115 2596 utique
2144 2523 2268 2580 talia
2297 2526 2380 2581 vel
2408 2524 2669 2582 viderent.
2702 2524 2760 2581 ln
2790 2524 2975 2582 eadem
3006 2524 3320 2598 perditionis
3348 2540 3528 2582 massa

1932 2617 2099 2671 relicti
2128 2628 2251 2672 sunt
2283 2619 2442 2673 etiam
2482 2618 2682 2686 Judtei,
2720 2619 2812 2691 qui
2843 2633 2948 2675 non
2988 2626 3278 2692 potuerunt
3304 2617 3529 2675 credere

1932 2709 2087 2765 factis
2116 2710 2168 2766 in
2199 2721 2495 2782 conspectu
2525 2728 2623 2768 suo
2651 2722 2757 2767 tam
2786 2712 2994 2784 magnis
3021 2712 3289 2785 clarisque
3313 2710 3525 2768 virtuti-

1934 2806 2053 2861 bus.
2077 2805 2186 2861 Cur
2206 2808 2347 2861 enim
2373 2822 2476 2862 non
2500 2816 2745 2878 poterant
2766 2806 3011 2873 credere,
3034 2822 3141 2864 non
3167 2806 3330 2863 tacuit
3350 2804 3528 2861 Evan-

1929 2898 2125 2968 gelinm
2145 2940 2157 2963 ,
2187 2898 2372 2954 dicens
2402 2918 2414 2953 :
2443 2898 2569 2956 Cum
2593 2909 2762 2955 autem
2789 2908 2929 2955 tanta
2953 2902 3102 2972 signa
3127 2899 3323 2970 fecisset
3350 2913 3525 2953 coram

1930 2990 2020 3055 eis,
2052 3006 2152 3044 non
2175 2991 2493 3045 crediderunt
2523 2992 2577 3045 in
2606 3008 2718 3046 eum
2741 3008 2761 3057 ;
2797 3000 2852 3047 ut
2893 3007 3056 3046 sermo
3083 2988 3239 3047 Isaia
3264 2988 3528 3062 propth

1928 3082 2223 3152 impleretur
2240 3124 2255 3145 ,
2296 3098 2443 3153 quem
2467 3082 2599 3137 dixit
2619 3099 2637 3137 :
2660 3081 2877 3138 Domine
2894 3125 2911 3151 ,
2947 3083 3061 3154 quis
3084 3081 3295 3138 credidit
3323 3080 3527 3135 attditui

1929 3183 2099 3230 nostra
2123 3174 2148 3230 7
2176 3185 2220 3229 et
2246 3174 2506 3230 brachium
2535 3174 2743 3231 Domini
2772 3176 2854 3231 cui
2876 3174 3148 3231 revelatum
3175 3184 3247 3232 est
3268 3176 3294 3230 ν
3320 3173 3385 3230 Et
3406 3175 3520 3230 ideo

1929 3282 2029 3320 non
2061 3275 2291 3337 poterant
2319 3268 2543 3333 credere,
2572 3268 2691 3339 quia
2719 3268 2901 3322 iterum
2930 3267 3059 3322 dixit
3087 3264 3258 3323 Isaias
3286 3284 3299 3322 :
3327 3263 3518 3322 Excre-

1926 3361 2055 3412 cavit
2081 3360 2251 3413 oculos
2277 3375 2469 3425 eorum,
2499 3367 2543 3411 et
2574 3358 2828 3413 induravit
2854 3375 2942 3413 cor
2968 3357 3216 3423 illorum;
3242 3366 3294 3412 ut
3318 3373 3419 3412 non
3444 3355 3525 3410 vi-

1926 3448 2074 3503 deant
2106 3448 2293 3516 ocutis,
2335 3467 2424 3505 nec
2447 3449 2731 3523 intelligant
2758 3449 2942 3521 corde,
2977 3460 3025 3505 et
3053 3459 3410 3506 convertantur
3428 3491 3444 3518 ,
3473 3456 3522 3504 et

1926 3558 2099 3595 canem
2138 3540 2257 3597 illos
2298 3539 2474 3611 (Joan.
2520 3557 2593 3597 xu
2618 3584 2633 3610 ,
2678 3540 2895 3612 5740).
2938 3540 3056 3598 Non
3096 3551 3251 3598 erant
3289 3556 3416 3614 ergo
3443 3541 3523 3597 sic

1926 3633 2177 3689 θιοωοιιιὶ
2217 3633 2356 3689 oculi
2378 3675 2392 3699 ,
2436 3648 2536 3689 nec
2561 3633 2640 3690 sic
2672 3634 2975 3689 induratum
3016 3648 3112 3689 cor
3148 3632 3435 3707 Tyriorum
3465 3638 3526 3689 et

1926 3725 2268 3782 Sidoniorum
2299 3743 2313 3779 :
2344 3727 2595 3796 quoniam
2642 3725 3033 3794 credidissent,
3063 3729 3107 3781 si
3141 3727 3316 3797 qualia
3362 3726 3520 3781 vide-

1924 3828 2050 3875 runt
2090 3819 2174 3874 isti
2204 3817 2354 3889 signa
2385 3818 2661 3875 vidissent.
2705 3816 2810 3875 Sed
2842 3833 2941 3875 nec
2984 3817 3090 3874 illis
3134 3817 3333 3890 profuit
3369 3818 3515 3890 quod

1925 3921 2171 3983 poterant
2197 3912 2422 3967 credere
2442 3954 2457 3979 ,
2487 3912 2610 3984 quia
2636 3912 2998 3984 prcrdestinati
3024 3900 3311 3968 nouerant
3335 3910 3403 3968 ab
3427 3925 3519 3980 eo,

1922 4003 2075 4077 cujus
2101 4003 2461 4061 lnscrutabilia
2487 4013 2610 4060 sunt
2630 4002 2851 4075 judicia,
2881 4012 2935 4061 ct
2960 4004 3353 4074 investigabiles
3375 4004 3515 4079 vite;

1925 4112 2026 4154 nec
2052 4097 2170 4154 istis
2198 4097 2457 4154 obruisset
2495 4097 2637 4169 quod
2671 4113 2777 4153 non
2812 4106 3057 4168 poterant
3083 4096 3323 4163 credere,
3358 4097 3403 4152 sl
3445 4096 3517 4154 ita

1925 4188 2285 4259 prmdestinati
2317 4197 2525 4256 essent,
2560 4197 2617 4244 ut
2642 4203 2739 4245 eos
2775 4203 2947 4245 cmcos
2982 4189 3124 4245 Deus
3160 4172 3516 4254 illuminaret,

1922 4293 1977 4338 et
2001 4280 2259 4338 induratis
2287 4298 2381 4337 cor
2406 4281 2673 4353 lapideum
2699 4282 2861 4338 vellet
2884 4280 3117 4339 auferre.
3145 4280 3348 4339 Verum
3374 4280 3517 4354 quod

1923 4377 2056 4433 dixit
2085 4375 2335 4432 Dominus
2361 4372 2427 4433 de
2450 4375 2629 4450 Tyriis
2654 4386 2707 4432 et
2732 4374 2988 4446 Sidoniis,
3015 4377 3194 4450 aliquo
3220 4377 3326 4434 alio
3350 4376 3510 4434 modo

1924 4478 2101 4541 potest
2138 4467 2383 4525 fortassis
2425 4469 2646 4545 intelligi
2680 4487 2695 4524 :
2729 4471 2998 4527 neminem
3030 4454 3205 4527 tamen
3235 4470 3417 4526 venire
3445 4467 3514 4526 ad

1928 4559 2223 4628 Christum,
2253 4558 2352 4616 nisi
2377 4560 2462 4617 cui
2488 4559 2643 4617 fuerit
2670 4560 2873 4630 datum,
2902 4571 2955 4617 et
2983 4562 3063 4618 eis
3086 4561 3201 4617 dari
3227 4563 3313 4632 qui
3341 4561 3394 4617 in
3422 4560 3517 4623 illo
3584 4594 3593 4599 -

1923 4650 2079 4723 electi
2110 4659 2235 4707 sunt
2271 4662 2393 4707 ante
2421 4651 2852 4708 constitutionem
2884 4650 3104 4721 mundi,
3138 4654 3322 4723 procul
3350 4651 3512 4710 dubio

1921 4742 2223 4810 conﬁtetur,
2257 4759 2286 4798 a
2317 4758 2423 4814 quo
2452 4758 2555 4798 non
2587 4742 2762 4797 surdis
2789 4743 3007 4798 auribus
3036 4730 3215 4811 cordis
3242 4743 3509 4816 eloquium

1921 4833 2160 4888 divinum
2191 4833 2410 4888 auribus
2445 4834 2620 4888 carnis
2649 4834 2879 4891 auditur.
2917 4834 2983 4889 Et
3026 4846 3203 4892 tamen
3232 4836 3348 4893 haec
3376 4853 3515 4909 pra:-

1921 4923 2205 4980 dcstinatio
2225 4965 2240 4991 ,
2277 4939 2396 4995 qua:
2425 4925 2555 4980 satis
2581 4934 2766 4996 aperte
2794 4925 2952 4982 etiam
2982 4927 3158 4983 verbis
3186 4928 3513 5001 evangelicis

1923 5017 2221 5087 explicatur
2240 5058 2255 5082 ,
2288 5031 2394 5071 non
2427 5016 2699 5087 prohibuit
2731 5019 3016 5075 Dominum
3047 5027 3100 5075 et
3129 5029 3347 5092 propter
3377 5021 3512 5078 inci-

1923 5104 2173 5180 piendum
2201 5106 2399 5173 dicere,
2429 5102 2570 5179 quod
2588 5108 2753 5179 paulo
2779 5120 2903 5165 ante
2928 5112 3363 5177 commemoravi,
3396 5112 3507 5180 Cre,

1922 5200 2028 5254 dite
2050 5200 2103 5254 in
2126 5197 2313 5266 Deum,
2341 5209 2389 5253 et
2414 5199 2467 5253 in
2494 5215 2572 5254 me
2596 5199 2824 5255 credite:
2848 5211 2899 5256 et
2926 5210 3144 5272 propter
3167 5214 3514 5272 perseveran-

1924 5294 2070 5360 dum,
2100 5292 2309 5364 Oportet
2335 5309 2531 5366 semper
2555 5310 2721 5361 orare,
2746 5304 2916 5349 etnon
2936 5293 3151 5365 deﬁcere
3171 5293 3320 5368 (Luc.
3351 5310 3509 5363 xvut,

1923 5387 1949 5441 1
1980 5386 2018 5457 ).
2063 5383 2296 5441 Audiunt
2320 5387 2461 5442 enim
2501 5385 2616 5441 haec
2642 5396 2696 5442 ct
2721 5384 2942 5456 faciunt,
2971 5389 3163 5460 quibus
3183 5387 3361 5445 datum
3389 5397 3509 5445 est:

1923 5491 2028 5532 non
2069 5485 2246 5532 autem
2288 5475 2507 5546 faciunt,
2548 5476 2661 5533 sive
2699 5477 2937 5548 audiant,
2981 5479 3093 5536 sive
3127 5493 3231 5535 non
3267 5477 3507 5552 audiant,

1922 5570 2115 5640 quibus
2140 5585 2248 5625 non
2277 5570 2458 5625 datum
2488 5578 2589 5626 est.
2638 5570 2771 5636 Quia
2798 5571 2965 5639 vobis,
2997 5570 3199 5641 inquit,
3228 5570 3406 5629 datum
3433 5583 3510 5630 est

1921 5656 2065 5717 nosse
2107 5662 2401 5734 mysterium
2440 5663 2585 5735 regni
2618 5654 2903 5731 caelorum;
2937 5660 3044 5720 illis
3084 5673 3252 5720 autem
3293 5682 3395 5725 non
3434 5676 3509 5724 est

1921 5756 2096 5809 datum
2136 5754 2347 5827 (Matth.
2378 5772 2468 5811 xm
2491 5797 2505 5823 ,
2536 5753 2647 5830 11).
2676 5757 2911 5823 Quorum
2937 5754 3166 5813 alterum
3190 5759 3260 5813 ad
3288 5756 3505 5814 miseri-

1989 5848 2005 5917 }
2042 5854 2108 5917 tta
2136 5854 2251 5917 μεθ».
2279 5846 2473 5897 Αιθίιίιι
2498 5860 2511 5917 ε
2540 5854 2654 5917 ηῳσ
2695 5843 3056 5917 primm
3074 5854 3348 5907 statuarum
3382 5844 3510 5904 nihil

1925 5907 2982 5974 aﬁudeuquwnprwsdatdasciﬁceketc.
