4014 6498
467 321 608 379 1013

467 436 725 502 cordiam,
748 435 971 493 alterum
995 433 1060 491 ad
1078 433 1334 506 judicium
1355 433 1589 505 pertinet
1608 431 1751 488 illius
1771 473 1786 498 ,
1813 427 1900 487 cui
1921 427 2053 484 dicit

466 531 642 585 anima
672 538 872 597 nostra,
907 527 1316 584 Misericordiam
1347 536 1394 582 et
1412 525 1672 599 judicium
1700 521 1912 580 cantabo
1941 523 2051 591 tibi,

480 622 688 678 Domine
709 621 879 695 (Psal.
909 638 961 689 c,
994 622 1070 694 l).

539 716 626 770 '56.
666 715 775 771 Nec
802 714 1282 786 praedestinationis
1303 715 1463 786 igitur
1485 711 1868 786 prredicatione
1887 709 2051 781 impe-

483 805 657 861 lienda
682 816 764 861 est
789 806 1096 875 prtedicatio
1126 805 1245 861 ﬁdei
1272 805 1660 875 perseverantis
1687 812 1741 858 et
1767 802 2040 872 proﬁcien-

468 900 565 965 tis,
604 907 664 954 ut
698 898 840 968 quod
882 907 1093 970 oportet
1123 899 1372 966 audiant,
1410 898 1602 970 quibus
1640 897 1822 952 datum
1867 905 1951 953 est
1995 905 2052 952 ut

466 990 721 1046 obediant
750 992 768 1023 ¹
803 991 1112 1062 :quomodo
1150 990 1294 1046 enim
1321 991 1537 1046 audient
1573 987 1688 1045 sine
1724 990 2046 1060 prmdicante

465 1082 643 1156 (Rom.
669 1100 733 1151 x,
766 1084 896 1158 l4)?
931 1084 1042 1141 Nec
1071 1101 1285 1153 rursus,
1317 1084 1702 1155 praedicatione
1731 1084 1853 1140 ﬁdei
1881 1084 2049 1156 proﬁ-

461 1175 652 1230 cientis
674 1183 728 1232 et
751 1190 915 1246 usque
933 1175 999 1231 ad
1022 1177 1270 1232 ultimum
1292 1177 1672 1247 permanentia,
1699 1176 2033 1248 impedienda

461 1283 546 1328 est
585 1273 890 1344 praedicatio
933 1272 1446 1344 praedestinationis,
1489 1281 1546 1328 ut
1589 1273 1675 1343 qui
1720 1273 1950 1329 fideliter
1992 1281 2049 1329 et

459 1365 773 1421 obedienter
796 1367 958 1432 vivit,
990 1381 1094 1421 non
1124 1366 1192 1420 de
1225 1364 1337 1437 ipsa
1368 1365 1672 1420 obedientia
1700 1373 1950 1435 tanquam
1979 1364 2046 1420 de

457 1473 558 1515 sno
589 1474 693 1514 non
721 1469 944 1530 accepto
975 1458 1116 1515 bono
1145 1459 1434 1514 extollatur
1461 1477 1475 1512 :
1505 1457 1599 1514 sed
1627 1459 1716 1529 qui
1747 1459 2002 1530 gloriatur
2030 1501 2046 1527 ,

458 1550 512 1606 in
544 1552 769 1621 Domino
795 1552 1056 1623 glorietur
1083 1551 1126 1624 (l
1155 1549 1273 1608 Cor.
1305 1567 1344 1619 ι,
1371 1553 1485 1625 3i).
1521 1571 1542 1606 ι
1577 1551 1633 1608 lu
1665 1552 1812 1607 nullo
1845 1571 1865 1605 ι
1899 1553 2041 1607 enim

464 1665 483 1699 ι
511 1646 868 1718 gloriandum,
898 1647 1112 1718 quando
1140 1655 1379 1702 nostrum
1410 1646 1538 1701 nihil
1565 1646 1652 1700 sit.
1687 1664 1706 1698 ›
1731 1645 1882 1713 Quod
1912 1647 2044 1701 vidit

458 1739 766 1797 ﬁdelissime
784 1742 806 1773 ⁸
827 1740 1126 1813 Cyprianus
1143 1783 1159 1807 ,
1189 1749 1243 1796 et
1271 1739 1619 1796 ﬁdentissime
1639 1738 1879 1794 deﬁnivit
1903 1737 2037 1809 (Lib.

457 1830 492 1886 ὅ
516 1831 584 1884 ad
613 1831 838 1900 Quirin.,
869 1850 985 1904 cap.
1006 1833 1084 1904 4),
1117 1849 1214 1904 per
1240 1833 1380 1906 quod
1410 1834 1590 1904 utique
1619 1832 2044 1903 pmdcstinatio-

456 1940 578 1978 nem
604 1924 960 1980 certissimam
988 1926 1364 1996 pronuntiavit.
1395 1925 1525 1981 Nam
1553 1925 1598 1980 si
1624 1944 1645 1978 ι
1675 1926 1728 1979 in
1756 1923 1903 1978 nullo
1925 1923 2042 1994 glo-

454 2016 702 2072 riandum
724 2026 823 2084 est,
849 2018 1062 2089 quando
1085 2028 1325 2074 nostrum
1347 2020 1478 2074 nihil
1500 2019 1599 2074 sit:
1632 2038 1651 2071 »
1678 2016 1919 2089 profecto
1945 2032 2044 2074 nec

453 2106 522 2163 de
548 2107 848 2165 obedientia
876 2111 1400 2180 perseverantissimo
1427 2109 1763 2182 gloriandum
1795 2119 1912 2177 est;
1944 2124 2041 2165 nec

454 2199 526 2254 ita
557 2209 740 2256 nostra
764 2245 778 2270 ,
811 2209 1062 2273 tanquam
1095 2219 1198 2259 non
1230 2205 1300 2259 sit
1328 2205 1483 2259 nobis
1526 2203 1758 2275 desuper
1797 2203 1995 2259 donata
2021 2246 2038 2271 ,

406 2370 409 2372 _
459 2292 682 2348 dicenda
713 2301 813 2349 est.
857 2293 929 2350 Et
956 2295 1066 2365 ipsa
1099 2295 1257 2366 igitur
1296 2297 1390 2352 Dei
1423 2296 1622 2350 donum
1650 2304 1766 2359 est,
1801 2295 1941 2366 quod
1985 2311 2043 2352 se

453 2385 697 2441 daturum
730 2386 871 2443 Deus
897 2389 1100 2443 vocatis
1149 2389 1260 2442 suis
1304 2389 1388 2442 illa
1418 2389 1715 2456 vocatione,
1744 2389 1810 2445 de
1838 2405 1938 2459 qua
1970 2389 2044 2444 di-

455 2489 600 2535 ctum
624 2480 860 2548 est,Sine
879 2483 1166 2552 panitentia
1185 2491 1302 2537 sunt
1323 2483 1459 2538 dona
1478 2494 1524 2538 et
1542 2484 1734 2539 vacatio
1748 2482 1845 2538 Dei
1857 2483 2039 2554 (Rom.

452 2588 545 2641 ιιι,
587 2573 715 2645 29),
744 2577 888 2630 omni
932 2576 1224 2631 christiano
1264 2576 1550 2633 conﬁtente
1590 2577 1875 2650 prmscivit.
1914 2577 2040 2634 limo

455 2678 536 2726 est
564 2670 724 2741 igitur
748 2669 1170 2740 prmdestinatio,
1197 2685 1354 2741 quam
1387 2671 1612 2727 fideliter
1640 2679 1796 2742 atque
1825 2671 2041 2726 humili-

451 2773 534 2820 ter
571 2765 944 2834 praedicamus.
985 2764 1094 2821 Nec
1133 2774 1310 2821 tamen
1352 2764 1492 2821 idem
1531 2765 1720 2820 doctor
1748 2772 1804 2820 et
1827 2763 2038 2830 factor,

452 2857 542 2928 qui
584 2867 637 2913 et
676 2857 728 2912 in
766 2855 1033 2912 Christum
1077 2857 1320 2921 credidit,
1362 2866 1416 2912 et
1445 2858 1496 2911 in
1526 2866 1704 2912 sancta
1736 2857 2036 2912 obedientia

457 2966 626 3021 usque
667 2950 732 3004 ad
774 2951 1075 3020 passionem
1124 2966 1220 3020 pro
1259 2947 1472 3006 Christo
1514 2950 2038 3020 perseverantissime

457 3043 609 3105 vixit,
644 3041 763 3097 ideo
793 3042 1019 3098 cessavit
1047 3042 1338 3113 praedicare
1367 3041 1732 3111 Evangelium,
1765 3038 2038 3096 exhortari

450 3135 515 3190 ad
559 3134 718 3190 ﬁdem
758 3135 978 3205 piosque
1018 3148 1216 3198 mores,
1263 3142 1421 3205 atque
1460 3133 1524 3186 ad
1567 3132 1732 3202 ipsam
1773 3147 1942 3202 usque
1982 3133 2036 3188 in

453 3216 613 3283 ﬁnem
642 3228 1116 3298 perseverantiam,
1150 3227 1398 3296 quoniam
1426 3226 1576 3291 dixit,
1615 3243 1634 3277 ι
1669 3225 1724 3280 in
1751 3226 1898 3279 nullo
1923 3225 2035 3294 glo-

451 3319 716 3382 riandum,
749 3321 964 3390 quando
993 3328 1231 3374 nostrum
1263 3318 1391 3372 nihil
1419 3318 1524 3389 sit;
1564 3335 1581 3369 ι
1611 3316 1700 3384 ubi
1727 3332 1906 3372 veram
1940 3317 2034 3372 Dei

449 3409 698 3480 gratiam,
751 3410 802 3464 id
840 3419 940 3474 est,
984 3425 1102 3480 quae
1143 3425 1248 3465 non
1285 3409 1577 3464 secundum
1620 3408 1806 3464 merita
1851 3416 2033 3463 nostra

456 3501 632 3566 datur,
664 3501 778 3557 sine
806 3501 913 3556 ulla
943 3503 1286 3573 ambiguitate
1312 3501 1602 3558 declaravit
1629 3519 1642 3555 :
1673 3516 1829 3570 quam
1857 3515 1917 3556 se
1940 3501 2036 3558 da-

455 3601 631 3647 turum
665 3593 916 3663 quoniam
947 3594 1214 3664 praescivit
1243 3594 1382 3649 Deus
1407 3636 1421 3660 ,
1454 3593 1536 3648 his
1565 3591 1813 3666 Cypriani
1855 3593 2033 3649 verbis

449 3688 638 3757 procul
686 3687 850 3742 dubio
895 3687 1292 3759 pnrdestinatio
1335 3688 1618 3758 praedicata
1666 3695 1749 3744 est
1779 3705 1792 3742 :
1821 3703 1940 3758 quae
1989 3687 2035 3742 si

447 3777 773 3854 Cyprianum
800 3797 829 3836 a
857 3781 1235 3851 praedicatione
1260 3781 1579 3838 obedientiae
1605 3795 1711 3848 non
1736 3779 2032 3851 prohibuit,

445 3886 549 3927 nec
579 3885 679 3928 nos
705 3873 886 3942 utique
916 3872 1078 3929 debet
1109 3873 1411 3943 prohibere.

519 3964 608 4018 57.
649 3964 900 4030 Quamvis
941 3980 1069 4036 ergo
1108 3964 1346 4021 dicamus
1383 3964 1480 4020 Dei
1515 3964 1714 4020 donum
1755 3979 1874 4020 esse
1901 3965 2032 4022 obe-

447 4054 700 4110 dientiam
726 4072 741 4120 ;
775 4063 949 4110 tamen
981 4054 1225 4110 homines
1247 4055 1268 4088 ⁸
1291 4055 1635 4111 exhortamur
1663 4053 1728 4109 ad
1758 4069 1897 4110 eam.
1927 4055 2035 4112 Sed

415 4207 420 4218 I
448 4147 554 4202 illis
581 4146 671 4216 qui
700 4146 937 4202 veritatis
968 4147 1391 4202 exhortationem
1430 4145 1745 4201 obedienter
1780 4146 2032 4214 audiunt,

448 4237 620 4308 ipsum
648 4238 844 4292 donum
875 4238 964 4292 Dei
993 4237 1176 4293 datum
1205 4245 1310 4302 est,
1346 4235 1448 4293 hoc
1473 4245 1575 4304 est,
1607 4237 1918 4294 obedienter
1942 4254 2034 4294 au-

447 4331 564 4387 dire
592 4349 606 4387 :
636 4332 739 4386 illis
769 4339 944 4387 autem
973 4331 1062 4402 qui
1090 4346 1194 4386 non
1220 4331 1298 4387 sic
1320 4331 1561 4400 audiunt,
1588 4346 1694 4387 non
1721 4339 1805 4388 est
1829 4331 2030 4388 datum.

448 4423 562 4478 Non
593 4425 736 4480 enim
767 4425 1114 4496 quicumque,
1150 4423 1244 4480 sed
1274 4423 1516 4480 Christus
1536 4465 1551 4488 ,
1584 4422 1751 4480 Nemo
1775 4468 1790 4491 ,
1823 4426 2030 4496 inquit,

446 4519 579 4572 venit
600 4518 671 4572 ad
693 4535 789 4582 me,
818 4518 916 4572 nisi
943 4518 1094 4590 fuerit
1118 4518 1163 4572 ei
1187 4518 1358 4573 datum
1385 4534 1416 4571 a
1442 4515 1599 4572 Patre
1620 4535 1731 4574 meo
1753 4517 1929 4591 (Joan.
1953 4536 2030 4588 vr,

447 4609 539 4681 66)
564 4628 580 4666 :
603 4619 676 4675 et,
732 4611 878 4665 Vobis
907 4610 1082 4665 datum
1111 4618 1183 4665 est
1212 4626 1358 4665 nosse
1390 4611 1680 4682 mysterium
1708 4611 1851 4678 regni
1878 4611 2053 4676 castor

445 4718 582 4766 rum,
609 4701 713 4756 illis
733 4711 899 4756 autem
921 4719 1021 4757 non
1046 4711 1119 4758 est
1143 4701 1316 4756 datum
1340 4701 1550 4771 (Matth.
1583 4719 1695 4767 xm,
1729 4703 1840 4774 Η).
1872 4702 1940 4758 Ει
1963 4703 2032 4760 de

445 4794 770 4850 continentia
801 4813 814 4849 :
846 4793 965 4848 Non
996 4811 1195 4858 omnes,
1226 4795 1414 4865 inquit,
1443 4794 1647 4866 capiunt
1672 4796 1874 4853 uerbum
1901 4797 2028 4862 hoc,

445 4886 536 4941 sed
563 4884 743 4956 quibus
771 4885 946 4940 datum
973 4895 1044 4940 est
1071 4883 1180 4956 (Id.
1214 4902 1322 4949 χιιι,
1355 4883 1465 4958 Η).
1501 4887 1565 4941 Ει
1591 4901 1712 4942 cum
1742 4888 2030 4958 Apostolus

449 4978 513 5033 ad
544 4977 850 5049 pudicitiam
884 4978 1218 5050 coniugalem
1245 4977 1498 5049 coniuges
1527 4979 1827 5034 hortaretur
1859 4999 1871 5034 :
1912 4978 2053 5049 γει.-

448 5071 580 5134 lem,
612 5069 815 5139 inquit,
848 5085 1017 5125 omnes
1053 5067 1278 5124 homines
1302 5086 1408 5123 esse
1447 5069 1575 5124 sicut
1604 5087 1682 5124 me
1708 5070 1916 5140 ipsum;
1941 5071 2032 5125 sed

447 5163 784 5235 unusquisque
811 5164 1074 5233 proprium
1103 5162 1291 5217 donum
1331 5162 1478 5218 habet
1517 5179 1547 5216 a
1581 5162 1684 5217 Deo
1710 5205 1724 5229 ,
1757 5163 1889 5217 alius
1921 5163 2026 5231 sic,

444 5258 578 5314 alius
613 5265 779 5312 autem
805 5255 876 5310 sic
900 5253 941 5328 (l
966 5253 1083 5310 Cor.
1115 5270 1188 5310 vn
1206 5255 1306 5325 ,7).
1338 5253 1438 5311 Ubi
1468 5255 1595 5311 satis
1623 5254 1890 5318 ostendit,
1924 5269 2027 5310 non

449 5357 650 5406 tantum
678 5347 1057 5404 continentiam
1087 5347 1282 5402 donum
1312 5347 1406 5403 Dei
1433 5361 1572 5411 esse,
1603 5346 1695 5401 sed
1723 5347 2046 5418 conjugato-g

448 5457 565 5496 rum
593 5439 753 5496 etiam
779 5438 1100 5495 castitatem.
1127 5437 1256 5508 Quae
1283 5453 1401 5492 cum
1430 5452 1554 5492 vera
1585 5437 1724 5504 sint,
1755 5436 2029 5494 hortamur

509 5636 523 5666 ι
562 5633 701 5694 editi,
716 5637 763 5685 ct
785 5633 955 5699 qtnbus
976 5631 1144 5684 datum
1162 5636 1234 5685 est
1251 5637 1301 5683 ut
1331 5629 1568 5683 obediant.
1590 5629 1937 5695 nxpnnximus,
1959 5633 2023 5693 et,

445 5699 732 5747 auctoritate
763 5704 867 5746 Mss.

508 5762 528 5791 ¹
562 5759 868 5820 (Lorbeiensis
887 5766 991 5817 Ms.,
1015 5753 1343 5820 ﬁdelissitnus.

510 5822 531 5855 ⁸
564 5819 842 5871 Noaillensis
865 5829 942 5869 Ms.
959 5819 1169 5880 ,onmes.

1709 313 1768 372 S.
1810 311 2175 371 AUGUSTINI
2217 311 2515 370 EPISCOPI

3606 333 3741 392 “illi

2169 435 2345 485 tamen
2372 431 2438 486 ad
2467 433 2580 490 haec
2603 477 2618 502 ,
2656 443 2910 506 quantum
2951 437 3142 510 cuique
3179 447 3420 498 nostrum
3456 443 3638 503 datum
3666 465 3748 508 est

2163 531 2224 580 ut
2250 526 2417 596 possit
2446 527 2645 585 hortari
2669 547 2684 595 ;
2715 531 2839 602 quia
2855 541 2919 594 ,et
2945 533 3045 590 hoc
3068 533 3183 606 ejus
3211 536 3407 594 donum
3435 549 3540 610 est,
3573 545 3625 600 in
3652 563 3744 602 cu-

2158 619 2246 690 jus
2275 635 2434 676 manu
2465 633 2586 677 sunt
2620 633 2673 679 et
2700 640 2799 682 nos
2840 637 2893 682 et
2923 643 3201 686 sermones
3229 634 3397 688 nostri
3429 633 3582 708 (Sap.
3624 655 3697 696 vlt
3720 682 3740 710 ,

2162 712 2272 783 16).
2309 715 2461 771 Unde
2501 727 2551 770 et
2581 717 2868 787 Apostolus
2888 761 2904 786 ,
2938 719 3229 778 Secundum
3254 727 3469 796 gratiam
3489 769 3505 795 ,
3539 729 3704 801 inquit
3728 775 3743 796 ,

2161 821 2272 875 qua:
2294 806 2414 859 data
2436 817 2510 862 est
2534 809 2690 875 mihi,
2722 818 2777 863 ut
2799 812 3000 881 sapiens
3027 814 3326 872 architectus
3351 818 3740 889 fundamentum

2160 899 2324 968 posui.
2356 899 2421 953 Et
2444 900 2547 953 alio
2578 901 2692 956 loco
2716 943 2729 968 ,
2762 900 3076 976 Unicuique,
3110 906 3308 978 inquit,
3336 911 3476 966 sicut
3498 913 3748 972 Dominus

2160 987 2298 1042 dedit
2319 1005 2336 1042 :
2354 1006 2445 1059 ego
2471 991 2713 1059 plantavi,
2744 995 2927 1063 Apollo
2950 997 3128 1065 rigavit
3149 1015 3170 1064 ;
3194 1000 3284 1054 sed
3307 1001 3445 1058 Deus
3467 1005 3748 1063 incremen-

2159 1087 2264 1173 tum
2289 1081 2441 1135 dedit.
2475 1082 2656 1156 Itaque
2681 1103 2838 1157 neque
2861 1089 2945 1156 qui
2969 1090 3199 1160 plantat,
3231 1092 3427 1165 aliquid
3451 1107 3558 1166 est,
3589 1118 3750 1173 neque

2157 1172 2434 1261 quiirigat;
2454 1175 2542 1229 sed
2563 1177 2649 1244 qui
2666 1178 3025 1235 incrementum
3047 1182 3134 1236 dat
3158 1181 3298 1240 Deus
3320 1186 3365 1256 (1
3398 1185 3518 1244 Cor.
3547 1205 3620 1257 ιιι,
3652 1172 3742 1261 l0,

2157 1261 2211 1328 5,
2239 1260 2293 1330 6,
2323 1262 2398 1336 7).
2428 1266 2506 1320 Ac
2529 1282 2623 1336 per
2645 1269 2745 1323 hoc
2765 1270 2903 1325 sicut
2925 1273 3244 1331 exhortatur
3266 1289 3319 1333 et
3343 1280 3598 1348 praedicat
3616 1260 3742 1340 rec?

2159 1364 2210 1410 te
2230 1398 2244 1422 ,
2273 1355 2368 1410 sed
2394 1357 2483 1413 ille
2505 1359 2594 1430 qui
2620 1363 2826 1432 accepit
2849 1363 2950 1420 hoc
2982 1365 3182 1423 donum
3221 1386 3236 1424 :
3273 1369 3343 1426 ita
3371 1371 3742 1433 exhortantem

2155 1455 2301 1502 recte
2317 1456 2476 1520 atque
2493 1451 2867 1521 przedicantem
2888 1456 3128 1526 profecto
3145 1460 3234 1518 ille
3249 1462 3561 1522 obedienter
3572 1469 3739 1536 audit,

2155 1541 2245 1611 qui
2270 1543 2475 1612 accepit
2499 1543 2602 1602 hoc
2622 1545 2838 1602 donum.
2871 1549 3005 1607 Hinc
3032 1561 3114 1608 est
3138 1555 3280 1625 quod
3311 1556 3584 1626 Dominus,
3613 1577 3738 1620 cum

2156 1631 2233 1686 eis
2249 1632 2570 1704 loqueretur,
2591 1639 2679 1708 qui
2701 1639 2876 1695 carnis
2897 1657 3051 1697 aures
3072 1654 3282 1713 apertas
3305 1646 3584 1718 haberent,
3604 1653 3743 1709 dice-

2153 1721 2245 1777 bat
2266 1733 2462 1792 tamen,
2495 1726 2598 1795 Qui
2619 1729 2764 1785 habet
2786 1748 2934 1788 aures
2958 1735 3216 1803 audiendi,
3247 1740 3423 1794 audiat
3443 1739 3596 1813 (Luc.
3623 1761 3736 1813 vm,

2153 1816 2213 1888 8)
2243 1834 2256 1871 :
2286 1833 2418 1889 quas
2447 1837 2551 1876 non
2582 1837 2768 1879 omnes
2795 1824 2994 1882 habere
3021 1831 3206 1900 procul
3230 1831 3392 1888 dubio
3421 1846 3663 1891 noverat.
3692 1840 3733 1893 A

2153 1924 2261 1980 quo
2279 1920 2457 1968 autem
2482 1913 2730 1984 habeant,
2754 1918 3073 1989 quicumque
3101 1921 3316 1990 habent,
3340 1925 3455 1994 ipse
3482 1926 3742 1985 Dominus

2152 2003 2407 2071 ostendit,
2436 2005 2525 2062 ubi
2550 2007 2624 2062 ait
2647 2025 2659 2062 :
2685 2006 2831 2063 Dabo
2855 2011 2925 2066 eis
2949 2028 3036 2066 cor
3062 2016 3397 2085 cognoscendi
3419 2035 3498 2072 me
3518 2029 3566 2074 et
3589 2037 3740 2078 aures

2153 2097 2413 2154 audientes
2437 2096 2661 2170 (Barach
2687 2117 2746 2168 ιι,
2776 2102 2887 2176 3i).
2917 2105 3089 2162 Aures
3113 2123 3241 2179 ergo
3264 2109 3534 2177 audiendi,
3563 2114 3737 2184 ipsum

2154 2201 2237 2245 est
2260 2192 2460 2246 donum
2487 2192 2791 2262 obediendi,
2820 2205 2876 2251 ut
2902 2198 2990 2267 qui
3020 2197 3070 2253 id
3099 2199 3374 2268 haberent,
3405 2202 3646 2260 venirent
3668 2207 3740 2262 ad

2150 2296 2296 2350 eum,
2325 2283 2390 2338 ad
2418 2299 2576 2355 quem
2605 2301 2764 2343 nemo
2787 2289 2953 2355 venit,
2986 2290 3085 2346 nisi
3110 2289 3270 2348 fuerit
3292 2293 3344 2349 ei
3368 2294 3548 2351 datum
3575 2313 3604 2352 a
3633 2299 3740 2354 Pa-

2153 2383 2233 2430 tre
2261 2374 2447 2445 ipsius.
2491 2377 2845 2435 Exhortamur
2873 2397 2999 2451 ergo
3024 2392 3182 2454 atque
3210 2386 3561 2456 praedicamus
3595 2408 3608 2443 :
3641 2391 3740 2448 sed

2150 2466 2238 2537 qui
2269 2465 2463 2523 habent
2493 2484 2650 2526 aures
2679 2471 2962 2539 audiendi,
2997 2475 3311 2533 obedienter
3335 2493 3434 2534 nos
3462 2480 3685 2537 audiunt
3719 2501 3733 2539 :

2148 2562 2238 2631 qui
2265 2578 2396 2618 vero
2422 2578 2514 2619 eas
2540 2580 2645 2622 non
2669 2566 2885 2631 habent,
2920 2569 2973 2623 ﬁt
3000 2570 3049 2624 in
3077 2570 3154 2625 eis
3180 2572 3321 2642 quod
3350 2575 3603 2644 scriptum
3627 2587 3733 2645 est,

2147 2665 2208 2709 ut
2233 2657 2493 2712 audientes
2522 2676 2621 2714 non
2659 2661 2872 2716 audiant
2900 2662 3110 2733 (Matth.
3142 2681 3258 2732 xm,
3291 2668 3422 2737 15);
3455 2670 3738 2727 audientes

2146 2750 2396 2805 videlicet
2419 2755 2662 2823 corporis
2686 2769 2866 2820 sensu,
2901 2772 3003 2812 non
3034 2758 3254 2815 audiant
3280 2762 3458 2817 cordis
3485 2778 3732 2820 assensu.

2145 2839 2256 2926 Cur
2293 2853 2468 2899 autem
2507 2846 2578 2900 illi
2617 2845 2848 2903 habeant
2887 2865 3042 2904 aures
3074 2851 3343 2917 audiendi,
3387 2854 3461 2908 illi
3492 2871 3598 2910 non
3631 2854 3733 2910 ha-

2145 2932 2339 3002 beant,
2368 2935 2471 2992 hoc
2498 2946 2580 2993 est
2594 2940 2620 3005 ,’
2641 2954 2736 2994 cur
2762 2939 2864 2995 illis
2890 2940 3070 2997 datum
3099 2944 3218 2998 sita
3249 2943 3406 3000 Patre
3432 2955 3488 3001 ut
3515 2948 3738 3003 veniant

2143 3028 2209 3082 ad
2250 3027 2463 3090 Filium,
2498 3031 2600 3086 illis
2628 3041 2804 3088 autem
2844 3050 2949 3089 non
2983 3035 3051 3089 sit
3078 3035 3288 3104 datum,
3337 3040 3455 3108 quis
3485 3044 3737 3110 cognovit

2143 3134 2359 3176 sensum
2390 3123 2618 3192 Domini,
2654 3134 2745 3180 aut
2773 3127 2889 3196 quis
2913 3127 3029 3196 ejus
3055 3129 3390 3185 consiliarius
3419 3131 3516 3186 fuit
3548 3132 3731 3205 (Rom.

2141 3228 2218 3281 ιι,
2249 3213 2390 3282 34)?
2416 3222 2508 3271 aut
2536 3223 2592 3270 tu
2619 3217 2737 3288 quis
2761 3234 2840 3285 es,
2873 3236 2904 3272 ο
2937 3219 3115 3282 Ιιοιηο,
3153 3223 3242 3292 qui
3271 3225 3592 3294 respondeas
3620 3227 3734 3281 Deo

2147 3305 2256 3380 (Id.
2287 3325 2367 3376 ιιι,
2393 3310 2487 3381 20)
2505 3310 2528 3364 ?
2546 3309 2810 3380 Numquid
2837 3313 2956 3368 ideo
2980 3315 3280 3386 negandum
3305 3326 3386 3372 est
3407 3319 3549 3388 quod
3573 3336 3734 3391 aper-

2144 3412 2253 3458 tum
2279 3413 2379 3470 est,
2407 3405 2526 3476 quia
2552 3405 2934 3477 comprehendi
2960 3425 3065 3466 non
3088 3418 3266 3481 potest
3289 3412 3430 3482 quod
3456 3414 3731 3472 occultum

2142 3498 2264 3554 est?
2288 3499 2564 3569 numquid,
2594 3500 2830 3572 inquam,
2854 3511 3133 3573 propterea
3161 3503 3354 3560 dicturi
3377 3521 3561 3561 sumus
3583 3508 3728 3578 quod

2141 3589 2213 3644 ita
2244 3605 2364 3646 esse
2392 3592 2745 3662 perspicimus
2769 3635 2782 3657 ,
2815 3608 2921 3648 non
2961 3593 3032 3649 ita
3061 3610 3180 3652 esse
3204 3638 3219 3664 ,
3251 3598 3500 3668 quoniam
3530 3615 3628 3655 cur
3657 3601 3730 3656 ita

2140 3684 2210 3739 sit
2233 3700 2341 3739 non
2369 3699 2650 3753 possumus
2675 3686 2957 3741 invenire?

2209 3776 2437 3834 CAPUT
2477 3776 2592 3834 XV.
2628 3807 2702 3820 —
2737 3777 2826 3834 38.
2867 3778 2972 3836 Sed
3001 3779 3168 3846 aiunt,
3199 3789 3255 3836 ut
3278 3781 3532 3850 scribitis,
3566 3803 3586 3837 ι
3612 3785 3729 3841 Ne-

2139 3871 2337 3928 minem
2365 3886 2523 3941 posse
2543 3871 2894 3942 correptionis
2918 3871 3148 3928 stimulis
3176 3873 3417 3941 excitari,
3444 3875 3488 3930 si
3518 3875 3732 3934 dicatur

2140 3969 2197 4020 in
2221 3974 2485 4020 conventu
2512 3963 2763 4019 Ecclesiae
2779 3964 3116 4020 audientibus
3144 3966 3321 4020 multis
3347 3984 3360 4020 :
3383 3965 3459 4022 ita
3486 3982 3545 4024 se
3568 3969 3732 4026 habet

2139 4055 2208 4112 de
2228 4056 2693 4127 praedestinatlone
2721 4055 2938 4111 deﬁnita
2973 4057 3238 4112 sententia
3273 4057 3560 4114 voluntatis
3590 4061 3728 4131 Dei,

2139 4154 2198 4201 ιιι
2225 4146 2311 4200 alii
2351 4162 2418 4202 ex
2450 4147 2602 4202 vobis
2626 4145 2694 4202 de
2719 4146 3031 4204 inﬁdelitate
3059 4157 3278 4219 accepta
3298 4150 3583 4208 obediendi
3626 4170 3729 4209 vo-

2139 4241 2343 4295 luntate
2378 4238 2627 4295 veneritis
2652 4238 2715 4292 ad
2743 4239 2897 4295 ﬁdem
2923 4281 2939 4305 ,
2967 4238 3053 4296 vel
3090 4250 3306 4312 accepta
3331 4231 3750 4312 perseverantia

2139 4333 2398 4388 maneatis
2426 4332 2476 4386 in
2499 4329 2605 4388 ﬁde
2628 4349 2641 4397 ;
2665 4333 2844 4387 caeteri
2867 4346 2997 4389 vero
3035 4333 3125 4404 qui
3169 4332 3223 4388 in
3257 4344 3594 4404 peccatorum
3624 4337 3728 4394 de-

2139 4409 2418 4480 lectation'e
2447 4424 2808 4490 remoramini,
2832 4423 2954 4480 ideo
2975 4424 3211 4479 nondum
3239 4426 3567 4494 surrexistis,
3597 4429 3726 4498 quia

2139 4517 2364 4573 necdum
2416 4531 2513 4571 vos
2569 4514 2892 4586 adjutorium
2950 4516 3136 4586 gratiae
3185 4517 3488 4572 miserantis
3531 4521 3721 4576 erexit.

2138 4608 2515 4665 Verumtamen
2543 4607 2587 4662 si
2634 4608 2720 4677 qui
2747 4607 2876 4663 estis
2907 4607 3132 4664 necdum
3155 4610 3348 4677 vocati,
3384 4625 3517 4682 quos
3554 4613 3726 4682 gratia

2138 4715 2232 4756 sua
2287 4699 2742 4772 praedestinaverit
2793 4699 3102 4772 eligendos,
3151 4701 3424 4771 accipietis
3475 4703 3722 4760 eamdem

2137 4791 2382 4864 gratiam,
2405 4807 2508 4864 qua
2535 4791 2705 4848 velitis
2731 4801 2780 4846 ct
2813 4792 2928 4848 sitis
2956 4791 3114 4849 electi
3143 4809 3156 4846 :
3185 4803 3242 4848 et
3263 4793 3306 4847 si
3334 4793 3424 4864 qui
3451 4793 3680 4852 obeditis
3701 4837 3720 4865 ,

2137 4886 2182 4941 si
2204 4884 2566 4956 prtedestinati
2585 4885 2715 4940 estis
2740 4884 3032 4953 rejiciendi,
3062 4885 3440 4941 subtrahentur
3462 4885 3724 4943 obedien-

2135 4977 2188 5034 di
2216 4979 2373 5044 vires,
2411 4988 2469 5033 ut
2489 4977 2710 5033 obedire
2739 4978 2978 5033 cessetis.
3015 4998 3035 5033 ι
3063 4979 3164 5034 Ista
3192 4993 3312 5034 cum
3352 4979 3617 5048 dicuntur,
3648 4981 3721 5039 ita

2136 5078 2235 5119 nos
2253 5079 2282 5117 a
2303 5061 2602 5119 conﬁtenda
2624 5077 2748 5117 vera
2777 5063 2870 5119 Dei
2896 5065 3087 5134 gratia,
3116 5063 3169 5119 id
3193 5073 3297 5132 est,
3331 5082 3450 5136 qua:
3486 5081 3593 5122 non
3635 5083 3723 5124 se-

2135 5155 2364 5210 cundum
2385 5155 2573 5209 merita
2593 5161 2777 5209 nostra
2812 5155 2985 5223 datur,
3022 5166 3076 5211 et
3120 5171 3149 5210 a
3176 5157 3475 5212 conﬁtenda
3523 5172 3720 5214 secun-

2134 5246 2258 5302 dum
2286 5261 2404 5302 eam
2456 5245 2922 5317 prmdestinatione
2970 5255 3273 5303 sanctorum
3305 5247 3578 5304 deterrere
3610 5265 3719 5306 non

2133 5339 2364 5404 debent;
2394 5340 2530 5395 sicut
2556 5355 2660 5396 non
2687 5339 3022 5396 deterremur
3045 5357 3076 5397 a
3107 5341 3405 5399 conﬁtenda
3427 5344 3718 5414 praescion-

2134 5433 2205 5488 tia
2237 5433 2365 5498 Dei,
2393 5432 2437 5487 si
2465 5433 2586 5504 quis
2609 5432 2677 5488 de
2705 5433 2793 5488 illa
2823 5434 3018 5504 populo
3045 5434 3123 5490 sic
3151 5435 3414 5504 loquatur,
3444 5444 3501 5491 ut
3528 5436 3670 5493 dicat
3701 5457 3716 5493 τ

2139 5547 2160 5580 ι
2183 5527 2306 5583 Sive
2327 5542 2468 5582 nunc
2497 5535 2640 5582 recte
2664 5526 2854 5582 vivatis
2872 5569 2887 5594 ,
2915 5528 3028 5583 sive
3058 5543 3164 5582 non
3194 5535 3336 5583 recte
3360 5572 3373 5593 ,
3405 5530 3537 5585 tales
3567 5531 3715 5588 eritis

2134 5629 2337 5692 postea,
2361 5619 2543 5688 quales
2567 5635 2660 5674 vos
2681 5619 2824 5675 Deus
2846 5619 3050 5674 futuros
3077 5634 3196 5675 esse
3217 5621 3502 5690 praescivit,
3521 5621 3602 5677 vel
3619 5621 3715 5678 ho‘

2133 5715 2185 5769 ni
2213 5714 2257 5768 si
2282 5713 2449 5768 bonos
2475 5755 2488 5776 ,
2517 5713 2598 5767 vel
2626 5713 2750 5767 mali
2780 5713 2822 5766 si
2855 5713 3041 5768 malos.
3067 5730 3087 5764 ι
3143 5711 3402 5784 Numquid
3453 5713 3617 5781 enim,
3668 5715 3712 5770 si

2133 5805 2238 5861 hoc
2263 5803 2441 5860 audito
2467 5803 2707 5860 nonnulli
2731 5804 2784 5859 in
2808 5811 3074 5875 torporem
3095 5804 3478 5875 segnitiemque
3499 5813 3712 5860 vertan-
