3996 6484
195 400 314 462 1017

195 531 282 582 tur,
302 521 396 570 eta
422 505 603 565 labore
636 504 894 579 proclives
920 503 985 559 ad
1027 501 1295 560 libidinem
1337 510 1459 573 post
1493 499 1744 569 concupi-

197 608 394 666 scentias
418 617 539 658 suas
567 611 719 664 eant,
754 607 1033 669 propterea
1061 597 1126 652 de
1164 595 1496 668 praescientia
1523 594 1618 650 Dei
1649 593 1745 646 fal-

194 719 289 759 sum
323 695 602 769 putandum
647 702 729 747 est
763 707 902 758 esse,
927 681 1065 762 quad
1101 690 1302 744 dictum
1339 697 1420 744 est
1436 689 1458 741 ’ἒ
1486 687 1672 742 Nonne
1698 684 1744 740 si

197 799 311 852 Deus
334 791 444 844 illos
463 789 631 842 bonos
659 785 862 840 futuros
890 798 1008 839 esse
1036 782 1324 853 przescivit,
1343 781 1468 836 boni
1491 787 1666 840 erunt,
1690 778 1744 832 in

195 883 482 959 quantalibet
510 895 652 934 nunc
670 878 994 949 malignitate
1023 884 1334 940 versentur;
1366 875 1408 928 si
1435 884 1608 928 autem
1633 884 1745 924 ma-

198 982 278 1044 los,
301 975 414 1030 mali
443 982 620 1036 erunt,
645 974 697 1026 in
728 970 1055 1040 quantalibet
1082 984 1223 1024 nunc
1251 969 1484 1024 bonitate
1519 981 1745 1020 cernan-

198 1072 296 1127 tur?
319 1069 426 1122 Fuit
451 1065 664 1134 quidam
716 1064 766 1118 iu
812 1073 998 1118 nostro
1047 1062 1391 1126 monasterio,
1440 1059 1526 1130 qui
1577 1057 1745 1112 corri-

199 1160 423 1235 pientibus
451 1156 702 1211 fratribus
730 1170 827 1210 cur
851 1154 1090 1225 quaedam
1125 1168 1229 1208 non
1261 1151 1496 1207 facienda
1521 1149 1739 1217 faceret,

199 1265 240 1309 et
260 1249 473 1306 facienda
499 1263 604 1303 non
635 1246 858 1314 faceret,
892 1245 1248 1313 respondebat
1283 1261 1298 1299 :
1330 1243 1742 1312 Qualiscumque

200 1358 312 1400 nunc
345 1342 457 1405 sim,
489 1339 610 1395 talis
644 1355 736 1393 cro
765 1339 974 1410 qualem
1011 1352 1095 1391 me
1151 1336 1295 1391 Deus
1347 1334 1579 1390 futurum
1624 1348 1743 1389 esse

202 1432 437 1506 prescivit.
465 1429 566 1498 Qui
598 1428 836 1500 profecto
855 1439 909 1482 et
938 1443 1122 1482 verum
1149 1410 1376 1490 dicebat,
1409 1434 1463 1479 et
1490 1425 1590 1480 hoc
1613 1439 1742 1480 vero

204 1543 283 1581 non
307 1522 598 1595 proﬁciebat
633 1523 684 1575 in
715 1521 910 1576 bonum
947 1539 958 1574 :
987 1520 1079 1576 sed
1134 1535 1301 1590 usque
1348 1519 1483 1574 adeo
1521 1518 1744 1589 profecit

206 1620 245 1673 in
271 1617 463 1679 malum,
488 1622 546 1670 ut
571 1615 784 1669 deserta
807 1612 1115 1669 monasterii
1146 1612 1398 1666 societate
1419 1610 1570 1666 fieret
1595 1611 1742 1666 canis

205 1723 410 1766 reversus
432 1705 497 1761 ad
517 1722 672 1761 suum
696 1707 952 1760 vomitum
977 1724 989 1759 :
1013 1715 1069 1760 et
1090 1714 1264 1758 tamen
1285 1702 1459 1758 adhuc
1479 1703 1648 1772 qualis
1673 1703 1742 1757 sit

203 1804 388 1864 futurus,
411 1801 666 1854 incertum
684 1806 786 1854 est.
809 1797 1073 1868 Numquid
1095 1811 1222 1868 ergo
1239 1805 1455 1866 prouter
1472 1795 1741 1865 hujusmo-

203 1897 242 1951 di
264 1896 441 1950 animas
462 1894 478 1924 ⁸
505 1907 567 1947 ea
590 1907 710 1963 quae
737 1891 805 1948 de
830 1889 1162 1962 praescientia
1197 1889 1287 1944 Dei
1329 1903 1449 1943 vera
1471 1886 1737 1950 dicuntur,

203 1988 265 2043 vel
288 1985 499 2057 neganda
534 1993 660 2039 sunt
688 1983 769 2038 vel
799 1980 1054 2047 tacenda;
1099 1987 1226 2034 tunc
1266 1977 1488 2044 scilicet,
1530 1976 1741 2048 quando

204 2085 336 2138 sinon
361 2081 612 2145 dicantur,
647 2078 700 2133 in
724 2076 859 2132 alios
886 2077 992 2130 itur
1007 2073 1258 2129 errores?

256 2171 448 2228 CAPUT
485 2169 626 2225 XVI.
666 2198 738 2209 —
773 2168 862 2224 39.
903 2166 1038 2223 Sunt
1061 2165 1219 2221 etiam
1241 2163 1328 2234 qui
1351 2171 1627 2234 prepterea
1653 2160 1740 2216 vel

205 2280 284 2319 non
307 2271 460 2329 orant,
486 2260 573 2316 vel
595 2250 786 2331 frigide
807 2265 983 2324 orant,
1011 2257 1262 2328 quoniam
1288 2256 1513 2310 Domino
1531 2253 1740 2308 dicente

206 2355 468 2419 didicerunt,
510 2353 651 2407 scire
686 2351 854 2406 Deum
889 2349 1014 2421 quid
1064 2348 1216 2404 nobis
1258 2346 1616 2402 necessarium
1647 2347 1736 2414 sit,

208 2449 456 2518 priusquam
478 2455 722 2516 petamus
747 2445 813 2499 ab
838 2458 904 2499 eo
927 2442 1224 2515 (Mettium,
1257 2442 1332 2511 8).
1361 2440 1493 2494 Num
1525 2448 1741 2511 propter

209 2541 305 2595 tales
325 2539 466 2609 hujus
490 2538 770 2592 sententiae
801 2539 997 2590 veritas
1025 2533 1340 2599 deserenda,
1361 2540 1451 2586 aut
1473 2547 1538 2587 ex
1563 2532 1739 2586 Evan-

201 2633 307 2702 gelio
329 2629 540 2686 delenda
567 2627 887 2700 putabitur?
911 2626 1020 2681 lmo
1037 2641 1156 2679 cum
1179 2633 1385 2680 constet
1413 2623 1511 2678 alia
1547 2623 1734 2689 Deum,

201 2725 336 2780 danda
356 2724 503 2779 etiam
529 2736 637 2778 non
665 2721 940 2776 orantibus
967 2719 1011 2784 ⁸,
1041 2718 1177 2772 sicut
1204 2717 1411 2770 initium
1437 2714 1556 2769 fidei
1579 2730 1594 2779 ;
1635 2713 1739 2768 alia

201 2817 368 2872 nonnisi
397 2814 670 2869 orantibus
692 2824 1038 2883 praeparasse,
1071 2809 1210 2864 sicut
1253 2823 1420 2877 usque
1470 2808 1524 2862 in
1575 2805 1737 2861 finem

199 2909 599 2980 perseverantiam
625 2925 640 2963 :
665 2907 901 2978 profecto
933 2899 1025 2976 qui
1051 2918 1119 2958 ex
1149 2918 1205 2956 se
1225 2903 1348 2978 ipso
1380 2901 1515 2955 lianc
1555 2914 1614 2954 se
1644 2897 1739 2953 ha-

199 3002 297 3056 bere
321 3012 488 3072 putat,
513 3015 619 3055 non
652 3009 768 3054 orat
796 3006 854 3053 ut
880 2997 1092 3051 habeat.
1114 2994 1420 3050 Cavendum
1446 3003 1529 3048 est
1559 2993 1732 3063 igitur,

198 3109 251 3148 ne
278 3093 386 3148 dum
413 3094 658 3148 timemus
693 3107 759 3146 ne
792 3097 1029 3160 tepescat
1079 3087 1329 3155 hortatio,
1375 3089 1740 3157 extinguatur

196 3187 348 3253 oratio,
376 3185 692 3240 accendatur
719 3183 899 3238 elatio.

248 3277 321 3332 40.
357 3276 564 3332 Dicatur
591 3290 720 3348 ergo
741 3289 946 3340 verum,
977 3273 1204 3328 maxime
1221 3271 1493 3342 ubialiqua
1513 3271 1738 3341 quaestio

197 3379 240 3425 ut
260 3369 436 3424 dicatur
460 3369 718 3440 impellit;
751 3377 805 3424 et.
831 3367 1041 3438 capiant
1077 3367 1166 3437 qui
1202 3375 1424 3441 possunt
1457 3383 1468 3417 :
1500 3382 1566 3419 ne
1603 3365 1738 3421 forte

195 3478 288 3518 cum
308 3472 493 3519 tacetur
520 3471 739 3533 propter
765 3475 858 3516 eos
883 3461 972 3531 qui
1007 3474 1197 3530 capere
1225 3474 1328 3512 non
1361 3468 1601 3529 possunt,
1631 3474 1736 3513 non

195 3556 332 3610 solum
355 3557 566 3611 veritate
598 3555 909 3609 fraudentur
931 3595 946 3620 ,
969 3567 1152 3607 verum
1184 3552 1342 3605 etiam
1381 3549 1616 3606 falsitate
1647 3565 1741 3606 ca-

197 3649 396 3716 piantur,
440 3647 528 3717 qui
577 3661 763 3701 verunt
809 3660 1021 3715 capere,
1069 3658 1176 3714 quo
1215 3652 1464 3697 caveatur
1515 3643 1736 3712 falsitas,

196 3749 395 3808 possunt.
430 3737 608 3794 Facile
643 3745 727 3793 est
749 3737 914 3800 enim,
947 3737 1053 3789 imo
1091 3745 1144 3790 et
1189 3736 1337 3802 utile,
1389 3743 1446 3789 ut
1501 3744 1740 3792 taceatur

194 3832 370 3903 aliquod
399 3849 580 3888 verum
608 3840 826 3902 propter
848 3831 1144 3899 incapaccs.
1172 3829 1304 3883 Nam
1333 3829 1472 3884 unde
1497 3837 1581 3884 est
1607 3829 1740 3886 illud

197 3925 386 3988 Domini,
417 3925 595 3979 Adhuc
624 3924 784 3978 multa
811 3925 968 3977 habeo
1003 3922 1139 3976 vobis
1175 3922 1358 3988 dicere,
1391 3921 1478 3975 sed
1508 3937 1608 3976 non
1654 3939 1740 3994 po-

195 4019 302 4072 testis
321 4017 403 4071 illa
425 4027 623 4087 portare
650 4016 800 4070 modo
833 4014 1011 4087 (Joan.
1043 4030 1155 4080 xw,
1187 4014 1315 4086 12)?
1349 4022 1404 4068 et
1437 4014 1563 4068 illttd
1593 4015 1739 4084 Apo-

195 4115 310 4181 stoli,
337 4114 448 4169 Non
490 4115 632 4185 potui
677 4115 813 4168 vobis
864 4113 999 4182 loqui
1048 4111 1193 4182 quasi
1237 4109 1613 4176 spiritttalibus,
1649 4109 1740 4164 sed

195 4210 309 4272 quasi
327 4209 606 4262 carnalibus
638 4208 824 4278 :quasi
877 4206 1101 4277 parvulis
1144 4206 1197 4258 in
1247 4203 1445 4259 Christo
1489 4205 1566 4257 lac
1605 4204 1739 4260 vobis

197 4311 337 4367 potum
355 4302 484 4366 dedi,
509 4317 611 4354 non
640 4316 803 4354 escam
827 4297 1089 4362 ;nondum
1108 4298 1240 4351 enim
1268 4297 1525 4366 poteratis,
1548 4297 1636 4350 sed
1651 4314 1740 4351 uec

195 4393 332 4444 adhuc
345 4393 536 4462 quidem
565 4393 769 4463 potestis
786 4391 828 4458 (l
855 4391 971 4444 Cor.
1007 4406 1083 4453 Ill,
1111 4391 1161 4455 1,
1188 4388 1243 4460 2)
1263 4389 1286 4442 ?
1303 4387 1560 4455 Quamvis
1581 4389 1739 4444 modo

194 4483 386 4552 quodam
412 4483 622 4539 dicendi
657 4482 772 4538 fieri
827 4483 1010 4552 possit,
1039 4489 1096 4536 ut
1138 4480 1192 4535 id
1237 4479 1379 4551 quod
1419 4479 1633 4549 dicitur,
1686 4491 1742 4538 et

196 4581 392 4647 parvulis
417 4582 514 4645 lac,
545 4589 600 4636 et
617 4577 907 4650 grandibus
927 4591 1047 4633 esca
1079 4577 1166 4631 sit.
1197 4575 1365 4640 Sicut,
1401 4574 1466 4629 In
1493 4576 1739 4648 principio

194 4683 276 4725 erat
306 4671 531 4739 Verbum,
554 4682 602 4727 et
637 4669 852 4726 Verbum
875 4679 980 4724 erat
1005 4668 1144 4738 apud
1169 4667 1334 4722 Deum
1358 4709 1371 4734 ,
1397 4676 1443 4721 et
1473 4667 1609 4721 Deus
1632 4676 1740 4722 erat

202 4761 382 4818 Veroum
403 4763 578 4837 (Joan.
614 4779 652 4830 ι,
685 4764 774 4833 1),
801 4761 920 4832 quis
953 4760 1274 4816 Christianus
1311 4770 1483 4814 tacere
1526 4759 1737 4829 potest?

193 4859 285 4926 quis
298 4873 480 4929 capere
498 4858 521 4912 ?
541 4864 635 4912 aut
658 4855 782 4926 quid
811 4855 862 4909 in
891 4853 1132 4910 doctrina
1155 4868 1284 4908 sana
1312 4862 1484 4923 potest
1514 4853 1738 4908 inveniri

192 4951 406 5018 grandius
421 4952 444 4992 ’ν
468 4951 621 5020 Quod
650 4960 823 5005 tamen
845 4957 899 5002 ct
918 4948 1150 5019 parvulis
1177 4963 1280 5001 non
1301 4956 1566 5002 tacctnret
1583 4962 1737 5016 gran-

193 5044 338 5110 dibus,
367 5061 462 5101 ncc
490 5043 728 5116 parvulis
751 5043 1047 5098 occultatur
1072 5056 1100 5094 a
1122 5040 1410 5111 grandibus
1433 5039 1474 5093 ³.
1503 5039 1606 5094 Sed
1635 5040 1738 5095 alia

194 5149 256 5192 est
279 5141 402 5196 ratio
431 5155 612 5196 verum
645 5137 873 5203 tacendi,
909 5137 1008 5190 alia
1048 5150 1229 5189 verum
1261 5134 1467 5190 dicendi
1500 5134 1738 5189 necessi-

195 5238 272 5284 las.
297 5230 486 5289 Causas
509 5248 693 5289 verum
725 5229 934 5285 tacendi
960 5230 1174 5298 longum
1195 5236 1274 5282 est
1292 5241 1478 5281 omnes
1499 5241 1740 5297 quaerere

192 5325 258 5378 vel
272 5324 492 5381 inserere
514 5343 526 5378 :
546 5337 773 5395 quarum
793 5331 968 5376 tamen
989 5329 1070 5376 est
1090 5328 1145 5375 et
1165 5319 1279 5375 haec
1294 5333 1418 5384 una,
1445 5332 1511 5372 nc
1531 5317 1742 5389 pejores

242 5521 257 5592 ξ
288 5522 422 5583 Editi,
461 5525 659 5588 propter
702 5517 981 5582 hujusmodt‘
1018 5530 1205 5569 causas.
1240 5525 1418 5567 omnes
1439 5529 1591 5579 prope
1612 5522 1740 5580 Mss,

193 5593 406 5705 Milia,
435 5656 534 5697 Ima
550 5659 660 5696 cum
676 5648 853 5695 constet
877 5651 1031 5694 Deum
1051 5641 1150 5693 alia
1181 5641 1326 5705 etiam
1346 5652 1439 5691 non
1461 5637 1712 5705 orantibus
1725 5676 1738 5702 ,

194 5709 359 5770 omisso,
384 5703 563 5768 danda,
588 5707 720 5771 quod
747 5709 951 5755 verbum
975 5707 1023 5754 in
1049 5706 1191 5755 editis
1211 5704 1317 5753 aliis
1341 5711 1393 5754 et
1406 5703 1744 5765 manuscriptls

370 5839 472 5883 Mss.
501 5838 559 5894 At,
579 5831 717 5892 editi,
732 5837 778 5894 et
799 5830 1012 5894 parvulis
1025 5843 1119 5882 non
1141 5834 1322 5882 tacetur
1335 5863 1351 5890 ,
1374 5833 1518 5881 etnec
1539 5827 1742 5892 grands-

196 5891 266 5943 οας
285 5893 589 5960 uecparvult's
623 5891 906 5946 oceuttdtur.

1217 383 1422 444 LIBER
1457 382 1546 439 DE
1585 378 1766 438 DONO
1802 379 2426 440 PERSEVERANTIE.

3290 391 3433 449 1018

1853 498 2106 553 faciamus
2131 514 2224 554 eos
2257 500 2344 570 qui
2371 515 2475 554 non
2505 499 2820 572 intelligunt,
2839 500 2964 557 dum
2977 504 3326 562 volumuseos
3343 509 3434 577 qui

1849 590 2148 659 intelligunt
2159 590 2331 647 facere
2345 591 2610 648 doctiores
2627 609 2642 658 ;
2658 594 2746 664 qui
2765 594 2916 650 nobis
2929 594 3122 664 aliquid
3135 597 3239 654 tale
3258 607 3434 655 tacen-

1850 683 1990 738 tibus
2010 683 2276 740 doctiores
2292 684 2503 754 quidem
2523 701 2626 740 non
2644 685 2890 749 fiunt,sed
2910 701 3008 742 nec
3038 688 3243 758 pejores
3275 689 3409 745 fiunt

1847 776 1979 832 Cum
1993 789 2166 833 autem
2190 795 2278 834 res
2297 794 2421 834 vera
2440 779 2507 832 ita
2522 793 2579 834 se
2599 779 2775 847 habet,
2794 789 2851 835 ut
2866 779 2957 835 fiat
2973 781 3122 852 pejor
3137 783 3288 839 nobis
3307 800 3413 840 ean

1848 869 2164 934 dicentibus,
2195 871 2280 925 ille
2307 873 2395 942 qui
2435 886 2626 942 capere
2663 887 2766 926 non
2801 881 3014 942 potest;
3062 873 3218 928 nobis
3255 883 3431 932 autem

1850 962 2160 1026 tacentibus,
2183 962 2269 1017 ille
2291 963 2382 1033 qui
2407 973 2579 1034 potest
2605 981 2619 1018 :
2650 963 2773 1033 quid
2805 973 3050 1033 putamus
3075 979 3197 1021 esse
3225 964 3426 1022 facien-

1848 1056 2014 1111 dum?
2038 1057 2221 1111 Nonne
2246 1059 2420 1128 potius
2450 1067 2530 1112 est
2555 1057 2834 1112 dicendum
2865 1075 3047 1113 verum
3067 1101 3080 1124 ,
3106 1068 3165 1114 ut
3194 1059 3284 1130 qui
3336 1075 3434 1130 po-

1850 1157 1952 1203 test
1987 1164 2179 1218 capere
2207 1150 2416 1219 capiat;
2456 1165 2615 1220 quam
2659 1150 2962 1218 tacendum,
3003 1159 3062 1205 ut
3105 1165 3210 1205 non
3260 1152 3431 1206 solum

1848 1241 1900 1296 id
1922 1242 2081 1296 ambo
2111 1257 2215 1296 non
2245 1243 2477 1311 capiant,
2506 1258 2686 1297 verum
2712 1243 2871 1297 etiam
2899 1242 2988 1313 qui
3014 1250 3100 1298 est
3126 1242 3431 1313 intelligen-

1849 1335 1968 1400 tior,
1991 1336 2104 1407 ipse
2125 1335 2193 1390 sit
2213 1335 2400 1405 pejor?
2423 1334 2522 1403 Qui
2537 1335 2580 1388 si
2603 1334 2811 1388 audiret
2835 1344 2890 1388 et
2915 1341 3149 1404 caperet,
3175 1351 3269 1404 per
3285 1335 3433 1390 illum

1846 1429 2004 1484 etiam
2058 1429 2238 1499 plures
2276 1428 2559 1483 discerent.
2609 1427 2727 1496 Quo
2765 1429 2906 1482 enim
2957 1437 3040 1504 est
3089 1426 3336 1498 capacior
3378 1437 3436 1482 ut

1846 1523 2036 1589 discat,
2059 1538 2125 1578 eo
2152 1523 2319 1592 magis
2344 1531 2426 1577 est
2469 1522 2690 1576 idoneus
2727 1531 2785 1576 ut
2822 1521 2956 1577 alios
3006 1519 3216 1577 doceat.
3269 1522 3435 1576 Instat

1847 1616 2090 1670 inimicus
2109 1615 2312 1686 gratiae,
2340 1622 2498 1684 atque
2533 1623 2682 1684 urget
2713 1613 2886 1668 modis
2908 1613 3175 1679 omnibus,
3218 1622 3274 1668 ut
3312 1629 3432 1669 cre-

1846 1706 2003 1761 datur
2027 1705 2318 1761 secundum
2347 1707 2533 1760 merita
2561 1715 2746 1762 nostra
2765 1705 2900 1772 dari,
2927 1720 2992 1760 ac
3011 1705 3089 1760 sic
3114 1707 3280 1776 gratia
3316 1706 3428 1775 jam

1847 1814 1952 1853 non
1978 1799 2046 1852 sit
2079 1799 2244 1868 gratia
2275 1797 2449 1868 (Rom.
2483 1813 2560 1861 χι,
2607 1795 2662 1868 6)
2689 1815 2701 1850 :
2731 1804 2786 1852 et
2821 1812 2920 1852 nos
2948 1797 3197 1852 nolumus
3223 1797 3425 1862 dicere,

1845 1891 1986 1962 quod
2019 1901 2153 1946 teste
2177 1891 2450 1959 Scriptura
2477 1905 2760 1961 possumus
2781 1889 2960 1945 dicere
2975 1890 2998 1942 ?
3013 1891 3262 1945 timemus
3283 1889 3426 1944 enim

1843 1983 2109 2049 videlicet,
2135 1998 2200 2037 ne
2227 1982 2564 2052 loquentibus
2586 1983 2738 2038 nobis
2767 1982 3081 2046 offendatur,
3110 1983 3198 2052 qui
3233 1983 3430 2036 verita-

1847 2083 1950 2129 tem
1975 2089 2077 2129 non
2101 2082 2274 2144 potest
2294 2089 2518 2144 capere;
2543 2084 2598 2128 ct
2617 2091 2722 2129 non
2747 2076 3014 2142 timemus,
3039 2091 3106 2131 ne
3133 2075 3430 2130 tacentibus

1845 2167 2016 2233 nobis,
2041 2168 2128 2237 qui
2152 2166 2425 2221 veritatem
2483 2176 2655 2237 potest
2705 2182 2916 2236 capere,
2961 2167 3192 2222 falsitate
3244 2168 3426 2237 capia-

1845 2268 1930 2314 tur
1949 2261 1973 2313 Ὺ

1914 2354 2002 2408 Al.
2046 2354 2150 2407 Aut
2200 2353 2340 2408 enim
2369 2353 2446 2408 sic
2488 2351 2885 2422 praedestinatio
2935 2352 3269 2424 praedicanda
3320 2363 3427 2423 est,

1842 2445 2290 2518 quemadmodum
2327 2461 2443 2499 eam
2487 2453 2664 2500 sancta
2697 2444 2968 2513 Scriptura
2997 2443 3271 2500 evidenter
3313 2446 3430 2500 elo-

1843 2539 2041 2610 quitur,
2070 2547 2130 2594 ut
2156 2539 2206 2594 in
2238 2538 2628 2610 prmdestinatis
2662 2538 2777 2592 sine
2807 2537 3118 2606 paenitentia
3161 2538 3267 2593 sint
3289 2537 3428 2594 dona

1842 2643 1897 2688 et
1921 2632 2130 2686 vocatio
2181 2631 2310 2696 Dei;
2343 2640 2432 2685 aut
2483 2631 2705 2701 gratiam
2757 2631 2848 2686 Dei
2895 2629 3186 2685 secundum
3243 2631 3432 2686 merita

1844 2735 2024 2782 nostra
2069 2725 2182 2780 dari
2235 2724 2628 2790 confitendum,
2675 2725 2814 2796 quod
2865 2726 3078 2796 sapiunt
3128 2726 3432 2797 Pelagiani,

1843 2818 2084 2889 quamvis
2111 2819 2211 2873 ista
2240 2817 2526 2885 sententia,
2547 2817 2688 2888 quod
2709 2832 2852 2891 saepe
2868 2819 2978 2889 jam
3008 2819 3258 2885 diximus,
3291 2820 3436 2891 lega-

1845 2920 1930 2966 tur
1949 2911 2112 2981 gestis
2139 2910 2510 2979 episc0porum
2533 2908 2871 2965 orientalium
2899 2911 3059 2965 etiam
3086 2911 3254 2980 ipsius
3280 2911 3435 2966 Pela-

1841 3003 1913 3072 gii
1941 3018 2034 3057 ore
2058 3002 2306 3056 damnata
2335 3001 2438 3072 (De
2481 3000 2645 3057 Gestis
2687 3001 2906 3074 Pelagii,
2955 3020 3008 3056 η.
3060 3003 3174 3076 50).
3203 3006 3247 3058 Δ
3279 3004 3470 3060 Pela-‘

1840 3097 2121 3169 gianorum
2177 3111 2338 3167 porro
2379 3096 2636 3152 haeretica
2686 3097 3035 3167 perversitate
3088 3106 3292 3153 tantum
3345 3099 3431 3156 isti

1844 3189 2035 3245 remoti
2066 3197 2209 3256 sunt,
2242 3198 2462 3261 propter
2487 3204 2620 3258 quos
2647 3189 2762 3244 haec
2798 3190 3024 3260 agimus,
3051 3201 3107 3246 ut
3130 3193 3254 3248 licet
3298 3209 3434 3247 non-

1843 3281 1968 3336 dum
1998 3281 2164 3336 velint
2208 3281 2358 3335 fateri
2410 3281 2818 3352 praedestinatos
2862 3298 3001 3348 esse,
3058 3285 3146 3354 qui
3198 3299 3293 3354 per
3336 3285 3430 3342 Dei

1840 3374 2064 3446 gratiam
2091 3373 2220 3428 fiant
2248 3373 2557 3429 obedientes
2591 3383 2750 3444 atque
2787 3385 3165 3445 permaneant;
3202 3377 3311 3446 jam
3343 3387 3427 3432 ta-

1842 3485 1963 3524 men
2017 3468 2304 3535 fateantur,
2349 3467 2490 3538 quod
2531 3479 2716 3524 eorum
2755 3470 3044 3539 praeveniat
3095 3469 3428 3526 voluntatem

1844 3563 2040 3635 quibus
2065 3561 2224 3616 datur
2251 3560 2366 3615 haec
2388 3560 2558 3630 gratia
2586 3577 2599 3612 :
2625 3560 2746 3616 ideo
2771 3561 2955 3631 utique
2979 3603 2994 3626 ,
3023 3576 3090 3616 ne
3128 3577 3234 3616 non
3267 3563 3433 3634 gratis

1841 3655 1959 3712 dari
1998 3654 2246 3710 credatur
2281 3653 2478 3723 gratia,
2510 3653 2646 3708 sicut
2673 3654 2873 3708 veritas
2907 3653 3170 3724 loquitur;
3209 3653 3302 3710 sed
3335 3669 3435 3725 pec

1843 3749 1946 3803 tius
1981 3746 2272 3803 secundum
2324 3745 2672 3816 praecedentis
2704 3746 2894 3800 merita
2932 3746 3254 3812 voluntatis,
3297 3747 3435 3802 sicut

1843 3848 2028 3895 contra
2049 3839 2327 3893 veritatem
2357 3837 2671 3906 Pelagianus
2701 3852 2853 3891 error
2871 3837 3190 3907 obloquitur
3222 3838 3434 3895 Praeve-

1843 3933 1922 3987 nit
1939 3946 2067 4003 ergo
2095 3939 2148 3984 ct
2169 3930 2326 3985 fidem
2352 3931 2520 4001 gratia
2556 3948 2568 3984 :
2595 3931 2826 4001 alioquin
2856 3932 2901 3985 si
2925 3931 3054 3987 fides
3084 3947 3203 3987 eam
3226 3945 3430 4003 preve-

1843 4027 1940 4090 nit,
1963 4025 2146 4094 procul
2167 4023 2330 4094 dubio
2357 4023 2687 4094 praevenitet
2713 4023 2978 4087 voluntas,
3020 4025 3266 4093 quoniam
3300 4025 3434 4081 fides

1843 4119 1959 4175 sine
1981 4118 2252 4172 voluntate
2275 4131 2378 4170 non
2405 4123 2580 4185 potest
2605 4130 2749 4171 esse.
2770 4114 2827 4171 Si
2849 4126 3024 4170 autem
3042 4117 3210 4186 gratia
3230 4132 3434 4188 prteve-

1845 4214 1922 4269 nit
1951 4212 2132 4277 ﬁdem,
2174 4210 2425 4282 quoniam
2477 4209 2735 4280 praevenit
2781 4209 3140 4274 voluntatem;
3191 4209 3434 4280 profecto

1846 4305 2104 4377 praevenit
2130 4318 2341 4358 omnem
2371 4301 2765 4366 obedientiam;
2804 4301 3062 4372 praevenit
3099 4301 3258 4356 etiam
3297 4301 3430 4356 clta-

1843 4401 2076 4467 ritatem,
2108 4415 2210 4470 qua
2241 4412 2342 4452 una
2365 4397 2474 4451 Deo
2517 4396 2778 4451 veraciter
2810 4404 2865 4449 et
2892 4395 3124 4450 suaviter
3150 4395 3430 4464 obeditur;

1845 4502 1899 4548 et
1923 4492 2039 4547 haec
2065 4491 2243 4546 omnia
2283 4489 2452 4560 gratia
2489 4489 2541 4542 in
2575 4502 2642 4543 eo
2681 4487 2765 4543 cui
2804 4486 2980 4556 datur,
3017 4496 3072 4543 et
3125 4488 3277 4560 cujus
3316 4489 3433 4561 haec

1844 4586 2021 4640 omnia
2046 4582 2319 4654 praevenit,
2353 4590 2623 4651 operatur.

1915 4677 2140 4735 CAPUT
2179 4675 2342 4730 XVII.
2382 4703 2454 4714 —
2491 4673 2677 4728 Restat
2699 4673 2752 4727 in
2783 4672 2866 4727 his
2897 4672 3050 4728 bonis
3085 4687 3254 4744 usque
3283 4673 3336 4728 in
3367 4673 3434 4730 ﬂ-

1844 4787 1965 4826 nem
1995 4767 2410 4840 perseverantia,
2456 4780 2574 4835 quae
2615 4763 2809 4819 frustra
2855 4763 3089 4835 quotidie
3133 4780 3162 4818 a
3208 4765 3433 4822 Domino

1841 4864 2100 4937 poscitur,
2137 4862 2182 4918 si
2213 4876 2318 4916 non
2345 4875 2462 4915 eam
2502 4858 2755 4912 Dominus
2792 4875 2886 4928 pcr
2917 4859 3137 4928 gratiam
3187 4873 3335 4914 suam
3379 4861 3431 4916 in

1845 4957 1954 5023 illo,
1977 4954 2130 5026 cujus
2165 4951 2436 5006 orationes
2469 4949 2705 5016 exaudit,
2739 4958 3008 5020 operatur.
3039 4947 3228 5004 Videte
3249 4949 3361 5020 jam
3400 4965 3429 5007 a

1843 5047 2069 5104 veritate
2099 5060 2256 5116 quam
2291 5043 2360 5098 sit
2395 5043 2648 5109 alienum,
2695 5058 2889 5113 negare
2924 5041 3123 5098 donum
3167 5042 3258 5097 Dei
3313 5058 3436 5100 esse
3477 5027 3480 5030 ’

1845 5137 2298 5212 perseverantiam
2327 5150 2494 5206 usque
2519 5135 2571 5189 in
2602 5136 2760 5188 finem
2792 5133 2948 5202 hujus
2974 5134 3096 5188 vitae
3124 5151 3136 5187 :
3169 5147 3290 5187 cum
3314 5134 3435 5188 vita.-

1847 5235 1989 5300 huic,
2013 5231 2226 5304 quando
2267 5229 2512 5294 voluerit,
2545 5229 2658 5298 ipse
2682 5226 2773 5282 det
2809 5227 2998 5291 finem;
3051 5241 3210 5297 quem
3256 5226 3299 5280 si
3345 5226 3438 5281 dat

1846 5333 1969 5381 ante
1987 5325 2353 5378 imminentem
2377 5320 2601 5390 lapsum,
2638 5318 2760 5373 facit
2785 5317 3051 5372 hominem
3092 5332 3436 5386 perseverare

1764 5434 1771 5441 '
1846 5432 2016 5488 usque
2037 5417 2088 5471 in
2116 5415 2296 5470 finem.
2329 5412 2435 5470 Sed
2467 5411 2757 5467 mirabilior
2782 5421 2835 5466 et
2870 5411 3117 5467 fidelibus
3137 5409 3438 5466 evidentior

1850 5509 2066 5580 largitas
2104 5507 2354 5562 bonitatis
2385 5506 2473 5562 Dei
2497 5514 2598 5568 est,
2623 5503 2764 5574 quod
2793 5503 2954 5559 etiam
2975 5501 3226 5573 parvulis,
3241 5502 3438 5572 quibus

1848 5601 2147 5658 obedientia
2200 5615 2304 5656 non
2341 5607 2424 5656 est
2457 5597 2599 5653 illius
2634 5596 2806 5651 aetatis
2836 5603 2896 5650 ut
2921 5594 3095 5660 detur,
3125 5591 3283 5648 datur
3322 5593 3438 5653 haec

1848 5695 2036 5765 gratia.
2067 5692 2171 5748 Ista
2213 5693 2371 5764 igitur
2409 5706 2502 5746 sua
2531 5691 2668 5747 dona
2697 5689 3118 5760 quibuscumque
3158 5686 3301 5743 Deus
3334 5687 3430 5744 do-

1848 5794 1960 5853 nat,
1986 5787 2170 5857 procul
2187 5786 2351 5841 dubio
2373 5801 2431 5841 se
2463 5785 2785 5841 donaturum
2809 5797 2930 5838 esse
2954 5782 3224 5852 praescivit
3247 5825 3262 5850 ,
3291 5792 3347 5839 et
3379 5783 3435 5838 iu

1850 5894 1943 5936 sua
1968 5877 2302 5950 praescientia
2334 5878 2668 5948 praeparavit.
2690 5876 2835 5942 Quos
2850 5889 2980 5945 ergo
3007 5873 3428 5946 praedestinavit.
