3996 6474
132 501 318 563 stimulis
342 497 602 555 adversus
630 512 695 554 se
739 498 904 569 ipsos,
927 495 1043 554 sed:
1067 493 1240 565 potius
1277 493 1536 550 adversus
1575 505 1677 547 nos

133 599 409 660 excitentur,
436 592 563 663 quia
603 607 704 648 eos
745 591 1060 661 corripimus
1097 587 1214 642 haec
1249 602 1357 642 non
1394 586 1675 652 habentes,

134 705 225 761 qus:
246 684 334 755 ipsi
356 681 586 741 dicimus
617 696 730 737 non
756 682 986 737 humana
1008 678 1279 734 voluntate
1306 678 1554 748 proferri,
1583 676 1679 732 sed

135 780 276 839 anno
294 774 530 844 largitate
547 773 784 830 donari?
805 771 913 828 Cur
933 770 1162 841 denique
1184 770 1356 840 ipsum
1377 768 1679 840 apostolum

134 864 522 935 lambum'hujus
534 864 728 935 gratia:
756 863 1057 935 praedicatio
1087 878 1191 917 non
1210 861 1485 917 deterruit
1507 859 1682 914 corri-

133 976 236 1027 pere
266 957 539 1028 inquietos,
570 965 626 1011 et
656 955 856 1023 dicere,
889 954 951 1009 Si
989 954 1152 1009 zelum
1191 969 1424 1007 amarum
1465 951 1678 1017 habetis,

136 1032 499 1117 acontentiones
527 1056 649 1103 sunt
691 1048 745 1107 in
778 1044 1013 1103 cordibus
1050 1045 1244 1109 vestris,
1275 1042 1431 1099 nolite
1472 1042 1682 1114 gloriari

138 1155 171 1207 st
192 1143 425 1199 νικύλεα
469 1156 581 1195 esse
619 1141 858 1197 aduet'sits
898 1138 1151 1195 veritatem
1172 1152 1193 1193 :
1212 1153 1313 1192 non
1349 1145 1424 1192 est
1456 1136 1555 1191 ista
1593 1153 1679 1191 sa-

138 1236 289 1307 pientia
325 1231 589 1287 desursum
643 1229 984 1296 descendens;
1011 1228 1101 1284 sed
1151 1238 1366 1292 terrena,
1419 1227 1677 1295 animalis,

138 1326 341 1382 diabolica
367 1338 385 1377 :
413 1322 496 1379 ubi
525 1322 662 1378 enim
679 1322 817 1376 zelus
840 1332 887 1375 et
908 1319 1183 1385 contentio,
1213 1318 1284 1374 ibi
1310 1319 1673 1387 inconstantia,

139 1430 450 1485 amomis
475 1429 690 1485 pravum
738 1412 944 1484 (Jacobi
970 1428 1047 1477 nl,
1078 1410 1317 1483 H46)?
1362 1410 1509 1468 Sicut
1554 1418 1683 1482 ergo

139 1505 404 1578 corripiendi
430 1513 555 1560 sunt
583 1504 827 1575 inquieti,
879 1512 933 1560 et
956 1502 1149 1560 divinis
1177 1502 1405 1573 eloquiis
1428 1503 1675 1570 testibus,

138 1612 179 1658 et
198 1601 306 1671 ipsis
323 1612 455 1670 quos
475 1598 755 1655 nobiscum
792 1597 880 1655 isti
900 1612 1212 1654 communes
1238 1595 1441 1652 habent
1473 1595 1682 1663 aetibus

140 1692 329 1756 nostris;
354 1704 527 1760 neque
560 1688 701 1745 hanc
727 1687 956 1759 impedit
982 1687 1399 1758 correptionem,
1431 1687 1575 1757 quod
1595 1702 1683 1742 sa-

139 1783 342 1856 pientiam
368 1780 671 1851 paciﬁcam,
697 1796 805 1853 qua
824 1779 1141 1837 contentiosi
1164 1780 1503 1849 corriguntur
1524 1787 1684 1849 atque

139 1883 367 1940 sanantur,
385 1872 581 1929 donum
605 1872 836 1929 Deiesse
855 1870 1205 1943 praedicamus
1229 1889 1245 1927 :
1269 1869 1338 1925 ita
1361 1869 1684 1940 corripiendi

141 1975 235 2023 sunt
271 1964 518 2030 inﬁdeles,
552 1963 636 2021 vel
664 1963 720 2019 in
748 1963 851 2019 ﬁde
893 1979 1000 2018 non
1029 1971 1423 2033 permanentes,
1451 1976 1558 2018 non
1580 1960 1682 2015 im-

140 2058 341 2129 pediente
392 2056 548 2111 istam
613 2055 1008 2124 correptionem
1076 2052 1456 2124 praedicatione
1500 2052 1686 2122 gratiae

141 2150 228 2214 Dei,
259 2163 364 2219 quae
400 2146 560 2202 ﬁdem
604 2161 817 2217 quoque
857 2145 1030 2215 ipsam
1074 2156 1127 2201 et
1173 2148 1230 2200 in
1254 2159 1317 2200 ea
1357 2143 1685 2214 permansio-

141 2256 234 2296 πω
252 2238 373 2294 dona
402 2237 498 2295 Dei
519 2252 646 2295 esse
671 2237 1032 2295 commendat.
1066 2235 1203 2303 Quia
1226 2235 1327 2291 etsi
1355 2250 1420 2291 ex
1451 2235 1556 2289 ﬁde
1586 2238 1687 2290 im-

141 2341 328 2406 petratur
368 2330 655 2406 sapientia,
685 2330 823 2386 sicut
866 2330 983 2400 ipse
1009 2327 1245 2384 lacubus
1268 2342 1392 2383 cum
1440 2326 1682 2393 dixisset,

142 2424 294 2495 Siquis
330 2432 547 2478 oestrum
586 2421 776 2493 indiget
829 2422 1100 2494 sapientia,
1135 2419 1349 2490 postulet
1379 2417 1563 2485 aDco,
1600 2419 1686 2490 qui

140 2516 207 2571 dot
235 2515 441 2573 omnibus
475 2515 755 2587 aﬂuenter,
783 2524 829 2571 et
865 2530 967 2568 non
1009 2514 1340 2587 inproperat,
1380 2521 1428 2571 et
1471 2510 1670 2567 dabitur

140 2601 201 2667 ei;
221 2616 322 2677 mox
344 2579 571 2665 addidit,
602 2579 831 2662 Postulat
859 2609 1028 2655 autem
1058 2579 1110 2661 iit
1139 2579 1262 2668 ﬁde,
1286 2579 1414 2655 ἨΜ
1442 2596 1682 2653 hwsitans

143 2690 221 2763 (id.
251 2706 296 2757 ι,
321 2691 372 2759 5,
406 2689 459 2763 6)
488 2708 504 2746 :
534 2706 644 2749 non
671 2699 846 2747 tamen
872 2690 1122 2762 quoniam
1150 2688 1285 2747 ﬁdes
1324 2688 1481 2751 datur
1507 2688 1678 2758 prius.

141 2797 262 2853 quam
284 2783 577 2855 postuletur
604 2782 674 2839 ab
704 2782 794 2859 illo
838 2782 923 2841 cui
953 2782 1143 2849 datur,
1189 2782 1309 2849 ideo
1352 2780 1577 2839 dicenda
1604 2791 1686 2848 est

140 2893 219 2935 non
241 2877 561 2935 essedonum
590 2876 687 2941 Dei
711 2918 726 2943 ,
757 2875 854 2941 sed
880 2890 1000 2935 esse
1023 2891 1054 2937 a
1081 2875 1232 2941 nobis
1256 2916 1272 2942 ,
1301 2875 1421 2946 quia
1453 2874 1574 2933 data
1602 2883 1686 2937 est

140 2971 273 3037 nobis,
291 2986 387 3037 non
415 2970 727 3043 petentibus
754 2970 925 3051 nobis.
954 2970 1243 3040 Apostolus
1283 2968 1425 3025 enim
1454 2968 1683 3039 apertis-

140 3064 241 3129 Sitnc
266 3052 381 3123 dicit
407 3082 422 3120 :
455 3061 580 3129 Pas;
625 3063 866 3136 fratribus
904 3071 949 3117 et
986 3061 1208 3125 charitas
1234 3077 1350 3117 cum
1391 3060 1492 3129 [ide
1515 3077 1549 3117 a
1576 3059 1684 3116 Dee

141 3154 260 3223 Retro
276 3166 318 3215 et
351 3154 571 3223 Domino
595 3153 723 3221 Iesu
754 3153 955 3211 Christo
996 3152 1210 3225 (Ephes.
1240 3169 1294 3209 Vt
1313 3196 1329 3221 ,
1357 3152 1472 3226 25).
1500 3154 1546 3215 Α
1574 3167 1682 3225 quo

140 3264 237 3321 ergo
277 3264 365 3318 pax
416 3259 475 3307 et
526 3249 797 3314 Charitas,
842 3246 911 3302 ab
939 3247 1030 3305 illo
1067 3255 1150 3302 est
1192 3254 1247 3301 et
1275 3246 1429 3315 ﬁdes,
1462 3255 1685 3317 propter

140 3340 313 3411 quodah
338 3341 426 3398 illo
446 3356 567 3397 eam
595 3355 703 3395 non
729 3339 899 3397 solum
925 3323 1108 3409 augeri
1138 3336 1475 3405 habentibus,
1499 3353 1683 3395 verum

140 3432 261 3497 etiam
284 3447 380 3487 non
404 3430 728 3491 habentibus
759 3429 1029 3500 poscimus
1052 3427 1191 3493 dari.

189 3524 457 3596 tiaeque
510 3524 635 3603 isti,
668 3531 885 3595 propter
931 3536 1065 3593 quos
1108 3521 1226 3589 lucc
1278 3519 1504 3592 dicimus
1530 3561 1545 3589 ,
1587 3520 1681 3595 qui

138 3614 466 3687 praedicatione
512 3613 996 3695 praedestinationis
1036 3619 1092 3669 et
1116 3612 1302 3683 gratia:
1350 3610 1683 3678 exhortatio-

138 3722 230 3765 nem
251 3707 512 3779 clamitant
534 3702 882 3777 impediri,ad
904 3704 1017 3779 sola
1037 3702 1126 3771 illa
1150 3700 1499 3775 exhortantur
1517 3701 1680 3775 dona,

138 3812 228 3868 quae
262 3812 357 3875 poo
384 3813 412 3853 a
459 3776 713 3869 Deoidari
740 3836 755 3861 ,
784 3794 875 3852 sed
905 3809 936 3851 a
963 3776 1116 3851 nabis
1151 3806 1270 3869 esse
1316 3791 1679 3861 contendunt,

137 3894 371 3969 sicutsunt
405 3893 616 3969 initium
646 3890 769 3967 ﬁdei
788 3932 805 3957 ,
830 3898 886 3949 et
918 3890 970 3949 in
992 3903 1055 3947 ea
1087 3902 1255 3973 usque
1286 3903 1338 3942 m
1366 3887 1527 3945 [intem
1555 3901 1683 3958 per-

137 3985 382 4061 severantia
415 4002 428 4038 :
458 3983 602 4059 quod
625 3983 807 4061 utique
834 3980 1014 4039 facere
1041 3979 1299 4051 deberent
1331 4019 1345 4046 ,
1371 3986 1428 4037 ut
1453 3987 1684 4037 tantum-

136 4066 259 4149 modo
281 4060 516 4149 inﬁdeles
544 4060 888 4132 hortarentur
917 4081 973 4129 ut
1000 4071 1300 4147 crederent,
1332 4079 1387 4127 et
1413 4070 1597 4155 ﬁdeles
1626 4079 1687 4147 ut

136 4166 312 4227 credere
339 4169 356 4200 ⁸
382 4173 780 4246 permanerent.
810 4165 885 4221 Ea
932 4180 1060 4223 vero
1108 4179 1228 4237 qua:
1267 4154 1544 4225 nobiscum
1592 4163 1684 4223 Dei

134 4258 242 4315 dona
262 4276 372 4318 esse
416 4276 526 4317 non
559 4270 751 4331 negant
770 4267 879 4328 ,‘ut
919 4258 1194 4317 nobiscum
1222 4258 1565 4333 Pelagiaputn
1590 4257 1688 4333 de-

134 4353 375 4410 moliantur
419 4369 664 4413 errorem
687 4395 703 4421 ,
733 4354 871 4423 sicut
899 4360 984 4417 est
1006 4351 1293 4422 pudicitia,
1319 4351 1645 4409 continentia
1666 4391 1682 4416 ,

134 4445 342 4515 patientia
362 4489 376 4512 ,
408 4456 463 4505 et
506 4454 700 4505 caetera
731 4446 923 4521 quibus
961 4453 1106 4503 recte
1135 4443 1363 4511 vivitur,
1394 4451 1448 4517 et
1476 4459 1543 4501 ex
1583 4442 1687 4519 ﬁde
1718 4449 1741 4453 “

135 4534 441 4613 inpetrantur
468 4553 501 4596 a
554 4536 778 4610 Domino
806 4577 822 4603 ,
854 4535 1058 4611 oranda
1082 4542 1384 4591 monstrare
1426 4542 1480 4595 et
1530 4548 1687 4593 orare

133 4628 268 4683 solum
297 4630 375 4707 vel
399 4629 502 4701 sibi
532 4628 615 4707 vel
645 4628 763 4687 aliis
790 4626 1123 4707 debuerunt;
1154 4639 1258 4681 non
1288 4632 1463 4683 autem
1492 4639 1685 4701 quem-

134 4734 289 4799 quam,
316 4731 371 4778 ut
406 4738 471 4778 ea
516 4728 820 4795 capesseret
852 4728 904 4777 et
951 4717 1257 4809 retineret,
1292 4714 1511 4803 hortari.
1551 4714 1686 4795 cum

134 4823 234 4866 vero
271 4822 320 4868 et
364 4812 434 4868 ad
462 4813 581 4867 haec
623 4809 1006 4875 exhortantur,
1041 4817 1098 4863 ut
1129 4814 1381 4878 possunt,
1412 4816 1572 4877 atque
1596 4822 1689 4862 cx—

135 4904 385 4960 hortandos
413 4919 539 4961 esse
567 4903 814 4959 homines
851 4900 1205 4967 conﬁtentur;
1236 4899 1366 4955 satis
1388 4899 1572 4973 utique
1597 4915 1687 4955 os-

135 4988 345 5062 tendunt,
370 5002 472 5051 nec
496 4996 563 5051 ea
589 4992 963 5075 praedicatione
982 4990 1232 5073 impediri
1263 4989 1684 5075 exhortationes,

133 5086 217 5143 sive
236 5088 295 5151 ad
316 5078 498 5156 ﬁdem,
522 5085 635 5155 sive
659 5070 724 5154 ad
756 5070 1202 5158 perseverantiam
1226 5070 1399 5157 rusque
1422 5070 1475 5147 in
1502 5070 1685 5153 linem;

132 5179 225 5267 quia
267 5189 318 5271 et
356 5174 462 5271 ista
492 5181 582 5236 Dei
627 5180 765 5271 dona
794 5170 915 5269 esse
934 5222 947 5245 ,
971 5184 1077 5236 nec
1118 5194 1148 5267 a
1177 5182 1237 5234 Se
1265 5178 1382 5251 ipso
1406 5165 1685 5271 cuiquam;

132 5256 401 5339 sed'as‘nib
429 5250 589 5339 ti'ib'ui
619 5250 986 5345 i'rm'diéainus.
1135 5256 1143 5267 '
1410 5258 1415 5267 '

414 5356 581 5455 enim,
620 5376 641 5420 t
676 5366 805 5455 vitio
834 5381 931 5455 suo
954 5356 1208 5455 quisque
1253 5364 1452 5441 deserit
1490 5364 1685 5455 ﬁdem,

131 5439 383 5521 cuincedit
430 5439 714 5525 tentationi
756 5442 913 5531 atque
954 5439 1250 5527 cbnsentit,
1280 5475 1384 5530 qua
1426 5474 1549 5521 cum
1595 5439 1688 5526 illo

130 5550 269 5622 igitur
293 5562 351 5633 ut
372 5553 607 5625 deserat
650 5551 827 5633 ﬁdem.
857 5571 875 5633 t
910 5550 1040 5629 Quis
1072 5538 1267 5625 negat?
1298 5551 1405 5623 Sed
1433 5566 1542 5633 non
1568 5550 1688 5606 ideo

131 5626 339 5698 omnes"
366 5632 452 5707 est
508 5643 561 5705 in
611 5626 716 5703 ﬁde
760 5626 1145 5714 perseverantia
1193 5660 1298 5703 non
1335 5628 1686 5705 essedarium

414 5736 560 5831 enim
592 5734 1015 5815 quotidie'poscit
1035 5779 1050 5806 ,
1072 5737 1161 5821 qui
1190 5735 1353 5811 dicit,
1388 5733 1471 5823 Ille
1492 5724 1581 5823 nos
1608 5737 1689 5815 in-

180 5909 199 5943 ⁸
222 5918 315 5964 sm.
332 5919 388 5968 et
405 5918 512 5976 Et,
542 5920 599 5965 ut
620 5911 882 5970 credmtes.
917 5915 1199 5970 loalltensis
1225 5924 1327 5982 tte,
1349 5921 1399 5968 ut
1418 5912 1628 5968 creduli.

1151 376 1354 435 LIBER
1386 375 1482 437 ne
1514 370 1705 431 DONO
1736 358 2359 437 rsassvsnsurm.

1788 501 1923 563 [eras
1950 494 2003 550 in
2032 496 2351 553 tentationem
2390 494 2603 569 (Matth.
2629 513 2682 554 Vt
2701 539 2718 568 ,
2745 497 2838 571 i5)
2861 514 2879 566 ;
2905 508 2961 557 et
2995 500 3043 558 si
3069 503 3370 571 exauditur.

1787 585 1925 643 hanc
1975 588 2169 659 accipit
2204 607 2218 643 :
2255 604 2318 645 ac
2368 605 2465 660 per
2500 589 2631 658 hoc,
2676 591 2913 663 quatidie
2953 602 3010 649 ut
3060 605 3374 665 perseveret

1786 687 1999 748 petens,
2032 681 2272 750 profecto
2298 683 2715 752 perseverantiae
2757 699 2870 740 sua:
2894 698 3048 754 spem
3075 702 3180 743 non
3208 689 3263 744 in
3312 703 3373 747 se

1787 770 1902 841 ipso
1924 812 1941 840 ,
1970 772 2067 828 sed
2113 773 2168 832 in
2195 772 2309 829 Deo
2334 775 2500 844 ponit.
2530 774 2644 846 Ego
2689 783 2868 831 autem
2906 778 3032 846 nolo
3052 776 3373 850 exaggerare

1787 863 1922 944 meis
1940 862 2118 920 verbis
2139 904 2155 931 ,
2187 866 2295 920 sed
2310 865 2413 920 illis
2433 866 2771 937 cogitandum
2800 868 2974 937 potius
3002 867 3245 940 relinquo
3269 911 3285 936 ,
3314 880 3373 927 ut

1787 951 2003 1007 videant
2053 954 2209 1023 quale
2238 955 2309 1011 sit
2345 957 2486 1027 quod
2531 957 2632 1013 sibi
2679 967 3091 1029 persuaserunt,
3118 979 3141 1014 s
3164 960 3372 1029 praedi-

1787 1044 1995 1100 catione
2042 1044 2530 1117 prtedeStinationis
2576 1050 2913 1106 audientibus
2956 1051 3072 1120 plus
3114 1051 3375 1123 despera-

1791 1138 1946 1192 tionis
1973 1154 2131 1209 quam
2172 1140 2558 1198 exhortationis
2581 1142 2783 1199 aﬂ'erri.
2815 1162 2837 1197 ι
2874 1144 2986 1200 Hoc
3006 1154 3091 1212 est
3113 1146 3255 1201 enim
3293 1144 3379 1201 di-

1787 1242 1932 1296 cere,
1964 1236 2093 1286 tunc
2116 1230 2184 1287 de
2209 1246 2303 1287 sua
2331 1233 2501 1289 salute
2530 1218 2802 1290 hominem
2832 1234 3140 1305 desperare,
3160 1234 3375 1308 quando

1787 1335 1936 1392 spem
1962 1336 2115 1386 suam
2158 1339 2265 1380 non
2295 1326 2347 1380 in
2390 1340 2452 1382 se
2472 1326 2587 1397 ipso
2610 1367 2626 1395 ,
2653 1326 2749 1383 sed
2768 1329 2821 1383 in
2860 1328 2973 1383 Deo
3009 1327 3256 1386 didicerit
3274 1343 3376 1401 po-

1788 1430 1920 1471 nere
1957 1434 1970 1470 :
2002 1433 2122 1472 cum
2169 1418 2427 1488 propheta
2477 1421 2699 1486 clamet,
2744 1421 3051 1476 Maledictus
3076 1422 3239 1480 omnis
3284 1423 3376 1495 qui

1786 1523 1927 1579 spem
1950 1508 2097 1563 habet
2121 1510 2175 1564 in
2200 1511 2401 1566 homine
2426 1510 2640 1581 (Jerem.
2666 1514 2772 1571 svn
2792 1554 2806 1579 ,
2835 1513 2923 1585 ὅ).

1857 1601 1947 1656 47.
1992 1601 2119 1657 Hmc
2144 1603 2320 1674 itaque
2361 1604 2500 1659 dona
2531 1605 2657 1671 Dei,
2696 1622 2814 1676 quae
2842 1606 3047 1662 dantur
3076 1607 3263 1665 electis
3290 1623 3378 1667 se-

1790 1693 2023 1749 cundum
2051 1695 2146 1751 Dei
2188 1698 2518 1767 prepositum
2549 1696 2784 1767 vocatis,
2811 1700 2865 1755 in
2894 1702 3090 1771 quibus
3112 1701 3268 1758 donis
3291 1712 3377 1759 est

1789 1796 1844 1840 et
1890 1785 2125 1858 incipere
2149 1788 2372 1847 credere
2394 1830 2409 1855 ,
2434 1796 2488 1844 et
2517 1790 2573 1845 in
2600 1789 2705 1846 ﬁde
2747 1806 2918 1862 usque
2943 1791 3009 1846 ad
3050 1793 3175 1846 vitze
3214 1792 3375 1863 hujus

1791 1877 2073 1933 terminum
2114 1894 2488 1948 perseverare,
2534 1882 2671 1937 sicut
2711 1890 2855 1937 tanta
2906 1883 3171 1939 rationum
3213 1893 3377 1956 atque

1789 1969 2158 2024 auctoritatum
2181 1973 2569 2028 contestatione
2588 1973 2949 2044 probavimus;
2971 1976 3107 2044 hinc,
3132 1975 3372 2048 inquam,

1791 2057 1886 2113 Dei
1922 2059 2098 2128 dona,
2129 2062 2172 2117 si
2204 2062 2345 2117 nulla
2374 2072 2456 2119 est
2486 2065 2887 2134 pnedestinatio
2929 2082 3088 2137 quam
3127 2067 3382 2153 delendi;

1789 2165 1942 2215 mus,
1971 2168 2077 2208 non
2124 2154 2479 2221 praesciuntur
2515 2170 2545 2210 a
2577 2156 2735 2211 Dee:
2768 2157 3120 2227 praesciuntur
3157 2169 3373 2225 autem;

1791 2244 1908 2299 haec
1930 2253 2015 2299 est
2044 2245 2201 2316 igitur
2224 2247 2619 2315 praedestinalio
2645 2265 2803 2320 quam
2832 2250 3189 2307 defendimus.
3476 2298 3485 2307 .

1859 2334 2087 2392 CAPUT
2135 2336 2320 2397 XVIII.
2349 2368 2422 2379 —
2448 2338 2603 2395 Unde
2626 2340 2911 2411 aliquando
2944 2341 3131 2411 eadem
3163 2341 3374 2412 prude-

1791 2424 2010 2481 stinatio
2035 2428 2364 2498 signiﬁcatur
2387 2430 2547 2485 etiam
2590 2432 2810 2486 nomine
2838 2434 3207 2502 prmscientite,
3230 2433 3372 2507 sicut

1790 2518 1866 2573 ait
1889 2519 2175 2588 Apostolus
2195 2561 2210 2586 ,
2241 2520 2364 2579 Non
2404 2522 2589 2592 repulit
2614 2521 2752 2578 Deus
2786 2524 2980 2595 plebem
3002 2541 3148 2579 suam
3168 2568 3182 2591 ,
3223 2540 3379 2595 quam

1791 2611 2057 2683 prcscieit.
2083 2612 2180 2667 llic
2204 2613 2346 2684 quod
2368 2612 2475 2679 ait,
2508 2614 2756 2684 pmscivit
2774 2656 2790 2682 ,
2820 2631 2926 2671 non
2953 2625 3099 2689 recte
3125 2615 3379 2687 intelligi-

1792 2711 1911 2773 tur,
1942 2704 2079 2771 nisi,
2124 2706 2520 2776 prredestinavit
2551 2725 2564 2761 :
2594 2707 2741 2779 quod
2784 2709 3181 2765 circumstantia
3208 2708 3380 2780 ipsius

1791 2795 2036 2852 lectionis
2058 2798 2075 2830 ¹
2105 2798 2359 2856 ostendit.
2390 2798 2728 2871 Loquebatur
2753 2801 2897 2857 enim
2927 2800 2998 2857 de
3023 2802 3262 2874 reliquiis
3283 2803 3380 2860 Ju-
3430 2824 3433 2827 π

1790 2886 2029 2944 datorum
2050 2930 2065 2952 ,
2091 2904 2211 2959 quae
2234 2890 2396 2945 salvae
2420 2889 2573 2946 [actm
2594 2899 2751 2959 sunt,
2782 2875 3125 2962 pereuntibus
3144 2894 3376 2952 caeteris.

1788 2980 1923 3037 Nam
1950 2981 2199 3052 superius
2216 2982 2466 3051 dixerat,
2492 2983 2560 3039 ad
2606 2984 2769 3041 Israel
2792 2985 2992 3041 dixisse
3016 2985 3332 3056 prophetam
3357 3028 3375 3056 ,

1792 3072 1920 3128 Tota
1943 3074 2027 3129 die
2046 3076 2247 3130 extendi
2268 3091 2449 3131 manus
2466 3092 2604 3131 meas
2621 3076 2690 3130 ad
2711 3077 2955 3148 papulum
2973 3094 3075 3133 non
3096 3077 3377 3135 credentem

1788 3174 1838 3219 et
1858 3165 2281 3221 contradicentem
2298 3181 2318 3221 :
2332 3175 2387 3221 et
2403 3177 2654 3239 tanquam
2677 3166 3110 3239 responderetur,
3135 3167 3230 3227 Ubi
3249 3176 3379 3227 sunt

1790 3274 1916 3329 ergo
1942 3259 2101 3317 facta:
2121 3262 2504 3332 promissiones
2530 3262 2622 3317 Dei
2647 3261 2714 3317 ad
2739 3262 2942 3319 Israel?
2970 3262 3227 3319 continuo
3250 3262 3380 3319 sub-

1786 3350 1979 3423 junxit,
2003 3351 2133 3409 Dico
2155 3369 2295 3425 ergo,
2316 3353 2580 3426 Numquid
2604 3353 2791 3424 repulit
2814 3353 2952 3409 Deus
2972 3353 3165 3425 plebem
3184 3368 3333 3429 suam
3351 3353 3381 3413 2

1787 3442 1931 3499 Absit
1960 3462 1979 3500 :
2009 3462 2130 3500 nam
2165 3454 2213 3500 et
2249 3462 2342 3518 ego
2364 3444 2604 3509 Israelita
2639 3462 2752 3501 sum
2787 3446 3061 3501 exsensine
3078 3445 3336 3503 Abraham
3354 3487 3376 3516 ,

1791 3537 1922 3591 tribu
1941 3535 2211 3609 Benjamin
2222 3540 2244 3570 ¹
2270 3556 2286 3594 :
2310 3548 2559 3609 tanquam
2587 3538 2812 3605 diceret,
2828 3538 2963 3594 Nam
2988 3546 3044 3595 et
3058 3553 3162 3609 ego
3177 3554 3245 3599 ex
3265 3538 3382 3608 ipsa

1790 3629 1946 3699 plebe
1973 3646 2114 3687 sum.
2150 3629 2352 3687 Deinde
2378 3630 2583 3693 addidit
2610 3630 2750 3685 unde
2794 3645 2935 3686 nunc
2962 3631 3168 3701 agimus
3190 3672 3206 3698 ,
3254 3628 3381 3687 Non

1787 3727 1974 3797 repulit
1996 3725 2133 3781 Deus
2155 3726 2350 3797 plebem
2369 3742 2535 3792 suam,
2554 3742 2708 3797 quam
2726 3725 2999 3796 praecinit.
3023 3726 3197 3795 Atque
3214 3733 3275 3781 ut
3290 3739 3381 3803 os-

1792 3818 2037 3874 tenderet
2059 3819 2151 3874 Dei
2177 3820 2347 3889 gratia
2378 3818 2540 3872 fuisse
2563 3816 2777 3871 relictas
2798 3816 3050 3886 reliquias
3069 3857 3085 3883 ,
3114 3829 3219 3871 non
3258 3829 3379 3875 nic—

1788 3911 1908 3966 ritis
1931 3925 2152 3981 cperum
2178 3923 2399 3972 eorum,
2430 3917 2647 3983 secutus
2669 3906 2915 3977 adiunxit
2934 3948 2949 3972 ,
2979 3906 3060 3965 An
3087 3908 3287 3967 nescitis
3320 3908 3380 3969 in

1790 4002 1911 4058 Elia
1946 4002 2069 4073 quid
2110 4001 2232 4056 dicit
2274 4000 2581 4072 Scriptura;
2628 4000 3056 4071 quemadmodum
3078 3997 3381 4069 interpellat

1792 4097 1957 4152 Deum
1975 4096 2215 4150 adversus
2236 4093 2506 4150 Isracl?ct
2528 4100 2744 4150 cetera.
2772 4092 2879 4149 Sed
2896 4092 3022 4164 quid
3041 4092 3162 4149 dicit
3182 4092 3280 4160 illi,
3296 4092 3385 4151 in-

1791 4190 1921 4261 quit,
1944 4205 2241 4260 responsum
2260 4186 2522 4242 divinum?
2539 4185 2744 4258 Reliqui
2766 4185 2894 4258 mihi
2912 4195 3099 4258 septem
3120 4185 3281 4244 millia
3306 4185 3383 4242 vi-

1789 4299 1966 4337 rorum
1985 4323 1999 4345 ,
2025 4281 2110 4352 qui
2134 4297 2235 4335 non
2257 4287 2590 4334 curvaverant
2621 4294 2752 4349 genu
2786 4287 2902 4333 ante
2922 4276 3071 4334 Bonl.
3095 4277 3209 4335 Non
3231 4276 3379 4342 sitim
3475 4294 3483 4302 ί

1790 4376 1885 4440 ait,
1910 4374 2113 4429 Relicta
2139 4381 2264 4428 sunt
2284 4371 2444 4438 mihi;
2468 4379 2580 4439 aut,
2598 4371 2955 4455 ‘llcliquerunt
2980 4385 3039 4427 se
3066 4369 3195 4426 mihi
3220 4387 3233 4424 :
3255 4369 3375 4435 sed.

1790 4468 1971 4541 reliqui
1992 4466 2134 4521 mihi.
2160 4464 2249 4522 Sic
2270 4462 2406 4537 ergo,
2438 4464 2627 4535 inquit,
2655 4472 2702 4518 et
2724 4463 2779 4519 in
2801 4463 2895 4517 hac
2914 4471 3137 4534 tempore
3153 4462 3382 4531 reliquias

1792 4580 1881 4634 per
1898 4561 2190 4616 electionem
2209 4559 2387 4631 gratia
2404 4557 2426 4593 ³
2457 4558 2606 4629 facta
2621 4565 2760 4612 sunt.
2785 4556 2847 4610 Si
2867 4566 3032 4610 autem
3053 4556 3217 4625 gratia
3234 4595 3252 4622 ,
3267 4556 3384 4626 jam

1793 4648 1894 4710 rion
1916 4671 1979 4710 ex
2011 4652 2281 4723 operibus;
2310 4649 2536 4721 alioquin
2568 4649 2731 4721 gratia
2741 4649 2857 4721 jam
2890 4664 2991 4702 non
3010 4656 3084 4702 est
3105 4648 3290 4719 gratia.
3316 4648 3384 4706 Et
3456 4716 3463 4719 ι

1792 4754 2117 4803 connectens
2142 4743 2232 4800 illa
2256 4759 2374 4814 qum
2392 4742 2503 4813 jam
2526 4755 2684 4809 supra
2716 4739 3027 4810 interposui,
3060 4738 3198 4805 Quid
3216 4756 3337 4811 ergo
3357 4742 3383 4796 ?

1793 4850 1848 4897 et
1872 4840 1997 4895 huic
2023 4835 2420 4907 interrogationi
2450 4832 2798 4904 respondens,
2825 4832 2974 4899 Quod
2996 4832 3269 4902 quaerebat,
3293 4833 3380 4889 in-

1792 4933 1928 5005 quit,
1958 4929 2143 4995 lsrael,
2171 4929 2265 4983 hoc
2287 4943 2387 4981 non
2408 4935 2480 4980 est
2511 4933 2843 4988 consecutus;
2870 4923 3045 4978 electio
3069 4933 3239 4978 autem
3257 4939 3385 4980 conc

1792 5032 1963 5083 secuta
1983 5032 2086 5091 est;
2108 5023 2277 5077 creteri
2295 5035 2408 5074 vero
2433 5018 2669 5073 caementi
2691 5026 2807 5071 sunt
2832 5015 3008 5085 (Rom.
3038 5033 3091 5083 χ,
3112 5015 3279 5083 Ἦ-χι,
3307 5016 3382 5088 7).

1794 5120 1851 5177 In
1879 5120 1980 5175 hac
2001 5133 2127 5187 ergo
2152 5116 2438 5179 electione,
2461 5111 2593 5168 etin
2626 5110 2708 5165 his
2733 5111 2992 5182 reliquiis,
3018 5126 3134 5180 qua:
3156 5126 3253 5181 per
3277 5111 3387 5165 elc-

1795 5214 2025 5269 ctionem
2054 5210 2240 5282 gratia:
2269 5206 2422 5262 facta:
2463 5198 2622 5270 sunt,
2654 5204 2821 5259 voluit
2864 5203 3101 5270 intelligi.
3127 5203 3338 5273 plebem
3367 5245 3380 5268 ,

1794 5321 1951 5377 quam
1981 5309 2255 5373 propterea
2282 5298 2425 5355 Deus
2440 5312 2546 5353 non
2566 5295 2779 5374 repulit,
2800 5296 2923 5366 quia
2952 5294 3233 5364 praescivit.
3258 5292 3383 5347 Haec

1794 5406 1878 5455 est
1904 5397 1991 5454 illa‘
2017 5390 2207 5452 electio
2226 5435 2240 5461 ,
2269 5408 2372 5464 qua
2396 5408 2490 5449 eos
2517 5404 2651 5462 quos
2676 5384 2844 5445 valuit
2862 5430 2878 5455 ,
2906 5388 3065 5458 elegit
3092 5388 3141 5441 in
3166 5386 3381 5442 Christo

1860 5603 1874 5632 ²
1913 5597 2032 5649 Editi
2050 5633 2066 5660 ,
2091 5589 2453 5649 circwnsttmtia
2480 5588 2635 5656 ipsius
2674 5586 2943 5641 locutionis.
2967 5582 3137 5635 Melius
3155 5588 3284 5645 Mss,
3312 5582 3384 5635 le.

1791 5660 2023 5727 dionis.”
2433 5715 2445 5727 ,
2533 5713 2545 5726 ,
2857 5710 2909 5727 λ,
2983 5719 3005 5727 -
3045 5708 3309 5727 ___-_-__,__

1856 5710 2594 5803 ‘mi’ﬂaﬁtuezdm-
2638 5714 2814 5791 est.
2847 5710 2937 5771 αι’
2981 5719 3009 5759 ο
3044 5710 3383 5797 eumue

1793 5788 2588 5967 αιδῖοωῗάἷίὲξᾜιουῗῗξᾶωω.
2610 5846 2709 5891 non
2731 5842 2809 5889 est
2827 5836 2881 5886 tn
2902 5840 3009 5895 Itis-
3027 5831 3190 5887 nocio
3218 5844 3384 5899 greco

1793 5918 2093 5967 texmAnos‘
2148 5911 2179 5962 '.
2466 5916 2477 5933 “
2505 5908 2509 5919 θ
2656 5926 2663 5929 ⁷
3246 5918 3251 5925 ’

1792 5920 1938 5968 textu
1952 5909 2179 5982 Apostoli.
2466 5916 2477 5933 “
2505 5908 2509 5919 δ
2656 5926 2663 5929 ⁷
3246 5918 3251 5925 ’
