3996 6482
607 495 731 543 ante
754 483 1187 541 constitutionem
1208 487 1421 550 mnum,
1439 493 1500 537 ut
1521 489 1702 537 essent
1726 480 1893 535 sancti
1917 490 1971 536 et
1999 481 2186 535 imma—

607 576 768 633 culati
796 578 849 631 in
863 585 1154 647 conspectu
1175 575 1313 645 ejus,
1333 574 1385 629 in
1400 574 1680 639 charitate,
1697 570 2081 644 prtedestinans
2095 586 2188 626 eos

1843 362 1903 420 S.
1940 358 2308 421 AUGUSTINI
2343 360 2651 422 EPISCOPI

3741 377 3872 437 1024

2296 478 2513 536 vissime
2530 482 2839 552 complexus
2855 493 2941 542 est
2960 486 3197 543 omnium
3214 502 3412 560 genera
3432 490 3769 561 meritorum,
3787 501 3870 567 qui

2296 568 2455 637 dicit,
2493 588 2514 624 ι
2542 572 2608 629 In
2634 575 2782 632 nullo
2816 579 3148 650 gloriandum
3168 623 3185 649 ,
3225 583 3440 653 quando
3468 595 3709 642 nostrum
3747 591 3872 649 nihil

606 672 662 726 in
687 669 1027 739 adoptionem
1051 668 1280 723 ﬁliorum
1302 666 1515 738 (Ephes.
1542 682 1561 721 ι
1579 707 1594 731 ,
1622 666 1655 720 4
1673 707 1687 731 ,
1715 664 1794 737 5).
1820 663 2005 718 Nullus
2032 663 2189 733 igitur
2295 663 2384 717 sit.
2422 682 2442 717 ι
2474 662 2578 734 Qui
2603 681 2731 722 vero
2759 669 2868 736 ait,
2904 689 2925 723 ι
2960 671 3077 727 Non
3100 681 3183 727 est
3210 673 3264 728 in
3297 683 3478 730 nostra
3497 687 3767 747 potestate
3786 694 3872 738 eo:

605 763 697 834 qui
721 760 837 817 hac
880 760 1157 831 intelligit,
1190 773 1386 828 negare
1425 756 1511 811 vel
1538 756 1780 811 dubitare
1825 754 2184 824 permittitur,

603 854 697 909 ubi
737 855 813 908 ait
856 850 1177 921 Apostolus,
1220 848 1343 903 Non
1378 848 1563 919 repulit
1601 845 1737 900 Deus
1773 845 1963 916 plebem
1998 860 2144 899 suam
2165 886 2184 914 ,

601 961 755 1016 quam
776 943 1041 1015 prcsciuit,
1059 939 1580 1012 praedestinationem
1607 936 1908 1005 signiﬁcare
1929 934 2182 991 voluisse.

603 1037 882 1096 Pratscivit
903 1036 1046 1091 enim
1071 1033 1322 1104 reliquias
1341 1072 1357 1096 ,
1388 1045 1519 1101 quas
1543 1027 1836 1083 secundum
1866 1026 2183 1082 electionem

601 1131 784 1202 gratiae
809 1128 986 1183 fuerat
1024 1128 1139 1197 ipse
1181 1125 1432 1179 facturus.
1476 1120 1590 1175 Hoc
1614 1128 1697 1174 est
1735 1133 1865 1189 ergo
1904 1116 2183 1188 pnedesti-

600 1220 747 1275 navit
778 1237 792 1273 :
824 1218 941 1273 sine
978 1216 1140 1271 dubio
1165 1214 1308 1270 enim
1337 1210 1635 1283 praescivit,
1663 1209 1710 1265 si
1740 1207 2135 1279 prcedestinavit
2164 1224 2178 1261 :

601 1313 695 1368 sed
722 1311 1148 1383 praadestinasse,
1176 1319 1258 1363 est
1281 1306 1383 1361 hoc
1408 1304 1685 1376 praescisse
1708 1301 1849 1374 quod
1875 1300 2048 1357 fuerat
2067 1301 2183 1372 ipse

597 1405 853 1462 facturus.

666 1494 895 1551 CAPUT
915 1492 1058 1549 XIX.
1074 1490 1247 1546 -48.
1265 1486 1403 1558 Quid
1417 1502 1547 1559 ergo
1566 1500 1665 1543 nos
1683 1483 1949 1556 prohibet,
1968 1483 2181 1555 quando

596 1588 737 1660 apud
759 1587 967 1658 aliquos
991 1583 1138 1639 verbi
1168 1581 1263 1637 Dei
1300 1588 1617 1636 tractatores
1645 1578 1873 1649 legimus
1919 1576 2013 1632 Dei
2040 1591 2179 1647 prte-

600 1680 903 1746 scientiam,
921 1685 974 1732 et
1002 1675 1176 1745 agitur
1198 1673 1265 1728 de
1288 1672 1567 1728 vocatione
1592 1670 1907 1735 electorum,
1935 1665 2179 1723 eamdem

593 1771 1116 1845 praedestinationem
1164 1765 1500 1837 intelligere?
1528 1762 1693 1835 Magis
1737 1764 1880 1817 enim
1904 1764 1920 1795 ί
1951 1762 2179 1817 fortasse

594 1865 879 1920 voluerunt
906 1862 1009 1916 hoc
1026 1859 1193 1914 verbo
1220 1857 1274 1912 in
1300 1872 1364 1912 ea
1391 1873 1450 1912 re
1478 1857 1550 1911 uti
1572 1897 1587 1922 ,
1615 1854 1758 1925 quod
1781 1864 1837 1910 et
1860 1852 2070 1909 facilius
2096 1854 2178 1909 in-

596 1957 881 2027 telligitur,
911 1961 965 2008 et
999 1968 1105 2008 non
1130 1957 1423 2021 repugnat,
1455 1949 1564 2003 imo
1592 1955 1644 2001 et
1681 1946 1926 2017 congruit
1963 1945 2177 2002 veritati

591 2066 711 2132 quas
734 2049 802 2105 de
825 2045 1291 2119 praedestinatione
1315 2042 1502 2114 gratiae
1531 2038 1871 2110 praedicatur.
1901 2038 2011 2094 Hoc
2038 2039 2171 2104 scio,

590 2143 859 2199 neminem
889 2147 1075 2194 contra
1116 2138 1269 2192 istam
1312 2132 1833 2205 prcdestinationem
1854 2172 1870 2197 ,
1899 2145 2058 2202 quam
2084 2144 2175 2187 se-

588 2235 821 2292 cundum
849 2232 1152 2303 Scripturas
1174 2236 1387 2285 sanctas
1414 2224 1751 2282 defendimus
1768 2266 1783 2289 ,
1819 2225 1919 2279 nisi
1946 2223 2175 2281 errando

588 2330 859 2400 disputare
882 2325 1137 2396 potuisse.
1169 2322 1303 2377 Puto
1326 2329 1504 2375 tamen
1528 2320 1609 2375 eis
1634 2319 1724 2389 qui
1749 2318 1817 2374 de
1842 2317 1943 2373 hac
1967 2332 2028 2374 re
2052 2332 2174 2374 sen-

588 2422 780 2478 tentias
804 2426 1154 2475 tractatorum
1174 2414 1470 2485 requirunt,
1493 2419 1708 2467 sanctos
1728 2419 1782 2467 et
1807 2411 1860 2466 in
1888 2410 1991 2467 ﬁde
2013 2417 2173 2482 atque

588 2512 831 2568 doctrina
851 2508 1141 2564 christiana
1168 2505 1506 2561 laudabiliter
1526 2518 1908 2576 usquequaque
1933 2502 2176 2560 diti‘ama-

589 2613 671 2660 tos
694 2604 859 2669 viros,
877 2601 1201 2673 Cyprianum
1226 2606 1280 2653 et
1308 2596 1668 2661 Ambrosium,
1688 2610 1913 2667 quorum
1943 2606 2048 2650 tam
2063 2595 2174 2652 cla-

586 2711 644 2750 ra
689 2694 987 2749 testimonia
1019 2689 1291 2761 posuimus
1311 2731 1326 2756 ,
1352 2688 1551 2744 debere
1576 2686 1821 2743 sufﬁcere
1840 2730 1855 2751 ,
1885 2694 1938 2744 et
1974 2687 2172 2745 debere

585 2786 652 2840 ad
681 2794 985 2855 utrumque,
1017 2782 1070 2837 id
1095 2789 1336 2849 est,utet
1356 2779 1580 2851 gratiam
1614 2780 1705 2835 Dei
1731 2781 2037 2850 gratuitam,
2067 2780 2174 2836 sic-

588 2887 650 2934 ut
668 2876 933 2935 credenda
974 2883 1133 2947 atque
1168 2873 1502 2944 praedicanda
1524 2881 1626 2940 est,
1646 2888 1743 2943 per
1759 2875 1931 2927 omnia
1954 2873 2173 2930 credant

586 2979 642 3027 et
666 2985 763 3042 per
790 2969 968 3025 omnia
1014 2967 1334 3039 praedicent,
1367 2977 1421 3020 et
1463 2964 1704 3021 eamdem
1737 2965 2169 3037 praedicationem

588 3062 948 3135 praedicationi
969 3076 1071 3132 qua
1091 3061 1368 3114 hortamur
1392 3059 1589 3129 pigros,
1609 3058 1690 3112 vel
1719 3058 2038 3129 corripimus
2056 3073 2172 3113 ma-

584 3157 685 3223 los,
708 3171 815 3211 non
844 3156 1131 3225 opinentur
1143 3152 1420 3207 adversam
1446 3169 1460 3205 :
1485 3152 1605 3221 quia
1626 3160 1679 3205 ct
1699 3150 1786 3206 isti
1803 3151 1923 3216 viri,
1953 3166 2071 3206 cum
2093 3152 2172 3207 sic

585 3248 934 3321 praedicarent
961 3246 1052 3301 Dei
1076 3246 1318 3316 gratiam,
1349 3255 1406 3297 ut
1433 3259 1571 3297 unus
1598 3258 1783 3299 eorum
1813 3243 2033 3309 diceret,
2062 3262 2084 3297 ι
2111 3244 2168 3300 1η

584 3342 733 3397 nullo
756 3339 1114 3413 gloriandum,
1133 3339 1345 3409 quando
1368 3345 1606 3391 nostrum
1630 3336 1761 3391 nihil
1790 3336 1860 3391 sit
1886 3356 1905 3389 ι
1934 3336 2169 3408 (Cypria—

582 3451 700 3500 nus,
727 3432 795 3486 ad
822 3432 1107 3500 Quirinum,
1136 3428 1225 3485 lib.
1258 3431 1313 3496 5,
1342 3445 1457 3501 cap.
1490 3428 1571 3497 4);
1601 3429 1736 3483 alter
1760 3437 1956 3494 autem,
1995 3447 2015 3481 ι
2051 3429 2167 3485 Νοη

583 3534 666 3584 est
689 3526 741 3581 in
773 3532 1035 3596 potestate
1065 3534 1244 3578 nostra
1274 3537 1369 3577 cor
1394 3529 1634 3575 nostrum
1663 3530 1718 3575 et
1741 3530 1936 3576 nostrae
1968 3522 2169 3591 cogita-

584 3619 758 3673 tiones
795 3635 814 3670 ι
853 3615 1186 3689 (Ambrosius,
1215 3613 1277 3667 de
1297 3610 1449 3684 Fuga
1475 3612 1670 3677 sceculi,
1703 3628 1813 3683 cap.
1846 3610 1922 3682 l);
1953 3627 2059 3667 non
2087 3619 2169 3666 ta-

581 3726 703 3767 men
724 3708 923 3765 hortari
951 3715 1005 3763 et
1025 3707 1297 3776 corripere
1320 3704 1659 3769 destiterunt,
1679 3712 1735 3757 ut
1761 3702 1951 3759 ﬁerent
1970 3718 2169 3774 praece-

580 3812 670 3876 pta
697 3803 894 3858 divina.
924 3800 1032 3856 Nec
1061 3800 1350 3854 timuerunt
1372 3811 1441 3851 ne
1468 3795 1738 3851 diceretur
1761 3796 1839 3851 eis
1856 3839 1872 3861 ,
1900 3795 2038 3863 Quid
2068 3811 2167 3852 nos

582 3892 908 3951 hortamini?
937 3891 1062 3963 quid
1081 3899 1138 3946 et
1163 3888 1465 3960 corripitis,
1495 3888 1538 3942 si
1570 3887 1701 3941 nihil
1731 3887 1855 3941 boni
1885 3897 1942 3942 ut
1965 3887 2164 3944 habea-

583 4002 703 4042 mus
721 3993 803 4040 est
822 3990 1059 4039 nostrum
1077 3984 1119 4047 ⁸,
1143 3989 1197 4037 et
1218 3979 1266 4036 si
1284 3995 1391 4034 non
1410 3979 1565 4035 estin
1584 3988 1847 4049 potestate
1875 3987 2052 4034 nostra
2072 3995 2167 4037 cor

580 4077 858 4136 nostrum?
879 4074 1003 4131 llaec
1031 4089 1102 4130 ne
1126 4074 1431 4130 dicerentur
1458 4073 1555 4138 eis,
1585 4087 1914 4143 nequaquam
1946 4073 2021 4128 illi
2043 4089 2166 4129 san-

581 4177 651 4231 cti
680 4188 744 4229 ea
768 4180 948 4228 mente
980 4171 1167 4226 timere
1186 4177 1492 4241 potuerunt,
1511 4183 1614 4239 qua
1645 4168 2011 4238 intclligebant
2035 4185 2166 4239 pau-

580 4265 812 4323 cissimis
834 4278 953 4318 esse
976 4262 1254 4324 donatum,
1272 4268 1329 4315 ut
1349 4259 1497 4315 nullo
1511 4260 1612 4315 sibi
1636 4260 1849 4315 homine
1872 4261 2165 4329 praedican-

560 4364 655 4423 .te,
679 4370 774 4428 per
803 4356 975 4425 ipsum
1008 4354 1170 4408 Deum
1195 4352 1276 4406 vel
1306 4366 1403 4422 per
1423 4351 1654 4422 Angelos
1677 4351 1938 4408 ctelorum
1963 4351 2164 4409 doctri-

581 4463 703 4503 nam
729 4446 913 4502 salutis
933 4445 1214 4515 accipiant;
1235 4442 1415 4499 multis
1440 4457 1567 4498 vero
1594 4441 1647 4498 id
1666 4457 1786 4499 esse
1810 4443 2086 4510 donatum,
2106 4453 2164 4503 ut

582 4541 691 4595 Deo
714 4555 807 4610 per
827 4539 1072 4594 homines
1098 4535 1338 4593 credant.
1361 4534 1609 4604 Quolibet
1629 4544 1805 4591 tamen
1830 4535 1988 4591 modo
2013 4537 2162 4595 dica.

582 4640 669 4686 tur
695 4630 895 4685 homini
919 4629 1137 4686 verbum
1163 4628 1276 4692 Dei,
1297 4625 1480 4697 procul
1508 4625 1690 4692 dubio,
1711 4642 1818 4698 quo
1843 4628 1921 4685 sic
1939 4628 2119 4686 audiat
2137 4629 2163 4663 ⁸

581 4730 638 4776 ut
660 4721 734 4777 illi
755 4719 992 4787 ohediat,
1010 4719 1208 4774 donum
1233 4720 1325 4775 Dei
1351 4728 1451 4772 cst.

652 4812 744 4868 49.
775 4805 928 4868 Unde
954 4826 1109 4881 supra
1131 4811 1255 4865 dicti
1288 4819 1598 4866 tractatores
1623 4811 2052 4869 excellentissimi
2074 4815 2158 4870 di-

583 4904 824 4958 vinorum
846 4902 1199 4971 e‘loquiorum,
1217 4911 1270 4955 et
1287 4902 1511 4971 gratiam
1536 4902 1628 4957 Dei
1651 4916 1850 4967 veram,
1869 4904 2005 4959 sicut
2026 4921 2161 4975 prte-

579 4993 803 5050 dicanda
829 5000 913 5049 est
932 5034 945 5057 ,
978 4991 1364 5062 praedicarunt,
1399 4991 1450 5047 id
1479 5000 1595 5058 est,
1617 5007 1774 5063 quam
1806 4994 1949 5049 nulla
1969 4996 2158 5054 merita

582 5086 808 5141 humana
842 5083 1180 5155 prmcrdnnt;
1211 5091 1265 5139 et
1308 5082 1373 5137 ad
1416 5081 1656 5149 facienda
1686 5084 1862 5139 divina
1891 5097 2159 5158 praecepta

582 5178 842 5232 instanter
872 5174 1067 5228 hortati
1111 5181 1267 5241 sunt,
1296 5181 1355 5227 ut
1383 5174 1470 5243 qni
1504 5173 1757 5228 haberent
1782 5174 1979 5230 donum
2024 5178 2156 5233 obe-

578 5268 812 5334 dientite,
839 5266 1030 5336 quibus
1050 5265 1213 5335 jussis
1237 5264 1589 5321 obediendum
1615 5254 1776 5331 esset,
1805 5268 2068 5324 audirent.
2099 5270 2157 5327 Si

577 5362 719 5416 enim
745 5359 967 5431 gratiam
992 5358 1180 5413 merita
1206 5357 1311 5413 ulla
1341 5365 1519 5411 nostra
1548 5348 1853 5427 prtccedunt
1871 5401 1885 5425 ,
1920 5360 2157 5430 profecto

577 5459 669 5506 aut
694 5450 814 5505 facti
841 5448 1097 5519 alicujus,
1127 5458 1220 5503 aut
1256 5447 1416 5516 dicti,
1440 5456 1532 5502 aut
1559 5449 1893 5518 cogitationis
1931 5460 2013 5507 est
2039 5468 2155 5510 me-

576 5543 758 5612 ritum,
789 5543 876 5599 ubi
903 5551 958 5598 et
978 5542 1091 5612 ipsa
1118 5540 1426 5611 intelligitur
1453 5541 1698 5596 voluntas
1723 5541 1859 5597 bona
1885 5560 1900 5597 :
1922 5543 2014 5599 sed
2038 5544 2157 5602 bre-

642 5705 660 5735 ι
694 5701 832 5759 aditi,
852 5708 1027 5753 autem.
1054 5707 1181 5760 Mss,
1205 5698 1348 5752 enim

644 5765 846 5829 sunt,
886 5762 1209 5829 smmum
1242 5760 1740 5829 habeamusquodstl
1772 5768 2157 5819 manumma-

794 5824 1018 5898 vewntm
1044 5825 1263 5898 stadim!!!
1293 5824 1571 5898 ῑθαίοειεξώο

641 5892 663 5924 ³
692 5892 976 5940 status.“
998 5885 1340 5950 editi,quiaic
1363 5887 1515 5939 audit.

2291 761 2535 809 nostrum
2555 797 2574 824 ,
2609 764 2666 813 et
2688 770 2885 815 nostrae
2907 764 3288 833 cogitationes,
3318 783 3349 819 -ι
3382 781 3487 822 nec
3507 767 3621 837 ipsa
3657 768 3798 826 facta
3821 781 3872 832 et

2289 845 2431 902 dicta
2453 851 2709 918 praeteritt
2738 868 2755 905 :
2787 867 2892 908 non
2923 855 3064 909 enim
3085 865 3169 911 est
3195 857 3359 912 ullum
3386 856 3585 923 factum
3605 859 3858 920 dictumvi

2292 937 2556 1008 hominis,
2586 942 2724 1011 quod
2755 959 2865 999 non
2893 959 2958 1000 ex
2983 945 3147 1003 corde
3170 955 3226 1003 et
3249 948 3573 1019 cogitatione
3600 952 3867 1021 procedat.

2289 1031 2426 1101 Quid
2454 1044 2632 1091 autem
2659 1037 2887 1106 amplius
2919 1038 2987 1093 de
3013 1040 3114 1095 hac
3130 1056 3191 1096 re
3219 1056 3379 1112 agere
3401 1040 3706 1115 Cyprianus
3731 1061 3869 1102 mar-

2292 1131 2376 1194 tyr
2395 1125 2813 1194 gloriosissimus
2835 1137 2890 1183 et
2907 1128 3094 1185 doctor
3118 1131 3478 1189 lucidissimus
3498 1135 3691 1204 potuit,
3715 1153 3869 1207 quam

2289 1214 2378 1269 ubi
2407 1230 2504 1271 nos
2525 1217 2579 1270 in
2608 1219 2849 1275 oratione
2875 1219 3136 1276 dominica
3167 1224 3328 1279 etiam
3351 1240 3449 1295 pro
3487 1227 3719 1283 inimicis
3749 1228 3870 1287 fidei

2287 1304 2590 1362 christiana:
2617 1323 2775 1365 orare
2819 1321 3069 1379 oportere
3095 1316 3465 1370 commonuit?
3495 1317 3587 1372 ubi
3612 1318 3680 1374 de
3722 1320 3873 1376 initio

2288 1396 2433 1464 ﬁdei,
2448 1398 2590 1468 quod
2618 1399 2778 1455 etiam
2809 1401 2911 1457 hoc
2930 1401 3127 1459 donum
3155 1404 3249 1459 Dei
3277 1406 3368 1472 sit,
3385 1406 3515 1476 quid
3543 1408 3873 1464 sentiretos-

2287 1487 2454 1542 tendit
2485 1505 2500 1542 :
2532 1497 2588 1545 et
2609 1506 2709 1560 pro
2733 1496 3131 1562 perseverantia
3155 1510 3323 1567 usque
3343 1497 3395 1551 in
3425 1498 3588 1553 ﬁnem
3607 1541 3623 1566 ,
3655 1500 3779 1570 quia
3819 1508 3871 1557 et

2286 1581 2454 1652 ipsam
2478 1583 2689 1639 nonnisi
2710 1585 2849 1641 Deus
2869 1588 2951 1642 eis
2970 1589 3060 1659 qui
3084 1592 3543 1659 perseveraverint
3563 1592 3753 1660 donat,
3774 1594 3872 1649 Ec-

2284 1674 2502 1728 clesiam
2517 1675 2712 1731 Christi
2733 1677 2970 1747 quotidie
2993 1695 3151 1735 orare
3169 1683 3507 1737 monstravit.
3528 1683 3725 1738 Beatus
3738 1699 3869 1754 quo-

2284 1781 2388 1834 que
2413 1766 2724 1822 Ambrosius
2747 1782 2869 1823 cum
2907 1772 3201 1841 exponeret
3222 1772 3363 1843 quod
3390 1774 3466 1828 ait
3501 1773 3676 1829 Lucas
3701 1790 3845 1830 evan

2282 1858 2489 1927 gelista,
2531 1856 2708 1913 Visum
2727 1870 2804 1915 est
2829 1869 2879 1915 et
2904 1863 3029 1917 mihi
3058 1861 3210 1935 (Luc.
3239 1880 3278 1933 t,
3306 1867 3364 1936 3)
3397 1883 3411 1919 :
3449 1885 3471 1920 ι
3498 1867 3707 1933 Potest,
3735 1887 3757 1921 ι
3790 1869 3855 1925 in-

2281 1951 2416 2021 quit,
2452 1961 2616 2006 t‘non
2646 1953 2745 2007 soli
2774 1953 2944 2008 visum
2973 1970 3114 2023 esse,
3142 1957 3284 2027 quod
3307 1958 3409 2013 sibi
3431 1959 3606 2013 visum
3628 1975 3751 2015 esse
3777 1961 3867 2017 dc-

2281 2042 2467 2097 clarat.
2492 2041 2605 2097 Non
2627 2041 2770 2099 enim
2790 2045 3066 2102 voluntate
3085 2055 3289 2103 tantum
3319 2051 3550 2105 humana
3571 2050 3744 2105 visum
3766 2060 3865 2119 est,

2280 2133 2373 2188 sed
2394 2134 2531 2188 sicut
2555 2133 2751 2203 placuit
2775 2136 2825 2191 ei
2851 2137 2940 2207 qui
2966 2137 3020 2192 in
3047 2153 3134 2193 me
3160 2139 3394 2210 loquitur
3414 2140 3681 2205 Christus,
3701 2142 3791 2213 qui
3809 2151 3869 2199 ut

2281 2224 2333 2279 id
2363 2225 2502 2293 quod
2532 2224 2730 2280 bonum
2759 2234 2875 2294 est,
2900 2227 3054 2285 nobis
3082 2245 3293 2300 quoque
3318 2230 3489 2287 videri
3508 2232 3710 2287 bonum
3740 2249 3865 2304 pos-

2279 2316 2367 2384 sit,
2384 2323 2667 2386 operatur:
2691 2333 2852 2388 quem
2875 2320 3019 2375 enim
3046 2321 3349 2390 miseratur,
3370 2334 3425 2378 et
3447 2332 3626 2398 vocat.
3658 2323 3730 2380 Et
3747 2324 3867 2383 ideo

2278 2410 2367 2481 qui
2381 2408 2652 2465 Christum
2672 2412 2931 2481 sequitur,
2954 2420 3129 2483 potest
3148 2414 3507 2486 interrogatus
3525 2432 3625 2472 cur
3644 2433 3764 2473 esse
3782 2433 3867 2474 vo-

2280 2503 2437 2559 luerit
2453 2505 2797 2576 christianus,
2815 2509 3162 2578 respondere,
3190 2507 3365 2564 Visum
3384 2520 3458 2565 est
3478 2520 3524 2566 et
3545 2513 3692 2566 mihi.
3715 2513 3864 2583 Quod

2277 2595 2560 2662 cumdieit,
2580 2613 2686 2654 non
2710 2608 2868 2670 negat
2892 2599 3232 2669 Dcovisum;
3262 2617 3293 2657 a
3324 2603 3443 2663 Deo,
3477 2607 3623 2660 enim
3654 2622 3858 2679 praepa-

2275 2700 2423 2745 ratur
2447 2692 2687 2748 voluntas
2709 2694 2981 2749 hominum
3014 2713 3035 2748 ι
3056 2693 3237 2769 (Prov.
3266 2712 3354 2752 vin
3375 2740 3388 2762 ,
3417 2715 3518 2753 sec.
3546 2699 3718 2773 LXX)
3744 2701 3866 2759 .tUt

2274 2781 2419 2836 enim
2440 2782 2577 2838 Deus
2598 2783 2979 2841 honoriﬁcctur
2998 2800 3028 2840 a
3048 2795 3253 2856 sancto,
3276 2789 3366 2844 Dei
3388 2791 3558 2860 gratia
3579 2802 3665 2848 est
3690 2811 3712 2846 ι
3738 2792 3864 2862 (Su-

2276 2889 2365 2943 per
2392 2871 2605 2944 Lucam,
2621 2876 2677 2931 in
2697 2878 3008 2947 expositione
3034 2878 3302 2953 praemii).
3329 2880 3569 2952 itemque
3594 2881 3648 2936 in
3674 2885 3863 2940 eodem

2276 2981 2456 3036 opere,
2476 2965 2576 3022 hoc
2595 2976 2699 3035 est,
2719 2969 2771 3023 in
2796 2970 3140 3039 Expositione
3161 2972 3400 3043 ejusdem
3423 2973 3723 3047 Evangelii,
3743 2992 3864 3037 cum

2274 3058 2341 3112 ad
2367 3058 2515 3113 illum
2542 3060 2781 3116 venisset
2806 3060 2980 3117 locum
2999 3103 3017 3129 ,
3047 3063 3137 3118 ubi
3163 3064 3445 3119 Dominum
3470 3067 3539 3120 ad
3564 3066 3864 3129 Jerusalem

2276 3160 2581 3223 pergentem
2619 3153 2937 3209 Samaritani
2976 3157 3217 3226 recipere
3254 3158 3543 3214 noluerunt
3576 3178 3592 3216 :
3630 3179 3652 3215 ι
3687 3161 3864 3220 Simul

2274 3242 2451 3310 disce,
2491 3261 2513 3297 ι
2548 3244 2752 3315 inquit,
2791 3264 2810 3298 ι
2849 3248 2971 3315 quia
3013 3249 3179 3319 recipi
3219 3251 3386 3305 noluit
3416 3266 3447 3306 a
3477 3267 3585 3308 non
3630 3255 3863 3327 simplici

2275 3347 2454 3393 mente
2480 3339 2775 3394 conversis.
2808 3340 2937 3394 Nam
2969 3342 3013 3395 si
3044 3342 3332 3411 voluisset,
3373 3360 3438 3399 ex
3468 3345 3741 3403 indevotis
3769 3349 3863 3406 dc-

2272 3438 2426 3486 votos
2450 3429 2683 3487 fecisset.
2707 3432 2817 3487 Cur
2843 3443 3020 3488 autem
3046 3450 3151 3489 non
3172 3439 3474 3508 receperint
3499 3455 3624 3495 eum
3645 3438 3867 3510 ,Evan-

2272 3524 2459 3594 gelista
2485 3523 2603 3595 ipse
2642 3529 3083 3583 commemoravit
3120 3528 3307 3585 dicens
3337 3549 3351 3584 :
3384 3531 3519 3598 Quia
3548 3536 3708 3605 facies
3754 3538 3865 3608 ejus

2272 3623 2380 3669 erat
2405 3615 2569 3671 antis
2589 3616 2643 3670 in
2653 3614 2969 3672 Jerusalem»
2985 3618 3137 3690 (Luc.
3150 3637 3225 3690 tx,
3242 3621 3386 3695 53).t
3399 3624 3655 3695 Discipuli
3677 3638 3864 3685 autem

2273 3708 2437 3779 recipi
2462 3708 2599 3764 intra
2620 3703 2914 3765 Samariam
2939 3714 3256 3783 gestiebant.
3279 3715 3386 3772 Sed
3409 3717 3551 3775 Deus
3572 3735 3707 3792 quos
3733 3724 3753 3755 ¹
3786 3723 3868 3779 di-

2270 3809 2463 3872 gnatur
2488 3811 2678 3870 vocat,
2706 3812 2761 3858 et
2788 3818 2945 3874 quem
2973 3807 3085 3861 vult
3107 3807 3414 3879 religiosum
3437 3810 3565 3867 facit
3602 3832 3622 3866 ι
3659 3813 3803 3887 (Lib.
3831 3817 3863 3873 7

2269 3893 2323 3947 in
2349 3892 2539 3948 Lucam
2557 3936 2572 3959 ,
2606 3912 2660 3949 η.
2688 3893 2802 3967 27).
2831 3895 2966 3965 Quid
2995 3899 3296 3957 evidentius
3314 3943 3329 3969 ,
3370 3904 3497 3974 quid
3537 3904 3806 3963 illustrius
3832 3925 3864 3966 a

2271 3990 2416 4045 verbi
2448 3990 2540 4045 Dei
2573 3991 2943 4047 tractatoribus
2966 3993 3255 4062 quaerimus
3273 4038 3289 4062 ,
3318 3997 3359 4051 si
3383 4006 3436 4051 et
3464 3998 3533 4052 ab
3556 3999 3687 4069 ipsis
3715 4001 3863 4072 quod

2273 4081 2325 4135 in
2347 4078 2638 4150 Scripturis
2658 4080 2858 4136 clarum
2882 4092 2983 4149 est,
3001 4084 3187 4141 audire
3211 4085 3473 4142 delectat?
3488 4089 3595 4145 Sed
3619 4090 3706 4148 his
3727 4093 3862 4149 duo-

2270 4170 2386 4235 bus,
2418 4171 2507 4241 qui
2538 4171 2786 4228 sufﬁcere
2805 4173 3125 4243 debuerunt,
3156 4187 3395 4233 sanctum
3421 4177 3742 4251 Gregorium
3768 4185 3863 4241 ad-

2269 4265 2457 4321 damus
2485 4272 2542 4320 et
2579 4267 2824 4331 tertium,
2855 4269 2944 4338 qui
2972 4277 3027 4324 et
3063 4270 3283 4326 credere
3313 4272 3365 4327 in
3394 4273 3562 4327 Deum
3585 4316 3599 4337 ,
3631 4285 3687 4332 et
3715 4279 3860 4350 quod

2268 4358 2535 4413 credimus
2563 4358 2825 4424 conﬁteri,
2859 4360 2949 4415 Dei
2976 4360 3171 4416 donum
3199 4377 3320 4418 esse
3348 4372 3592 4432 testatur,
3627 4366 3858 4426 dicens:

2274 4469 2295 4503 ι
2329 4448 2498 4507 Unius
2523 4450 2754 4518 deitatis,
2787 4467 2970 4523 qumso
2993 4468 3111 4519 vos,
3138 4455 3463 4511 conﬁtemini
3489 4456 3815 4517 Trinitatem
3841 4477 3859 4517 :

2268 4543 2313 4599 si
2332 4557 2460 4599 vero
2479 4544 2631 4599 aliter
2648 4544 2830 4609 vultis,
2847 4543 3005 4601 dicite
3025 4546 3181 4602 unius
3202 4562 3320 4603 esse
3343 4556 3571 4615 naturae;
3589 4559 3649 4606 et
3671 4552 3815 4608 Deus
3835 4555 3858 4587 ί

2267 4652 2454 4693 vocem
2477 4637 2590 4692 dari
2612 4638 2765 4693 vobis
2791 4653 2821 4692 a
2851 4647 3037 4697 sancto
3057 4638 3257 4709 Spiritu
3284 4640 3663 4712 deprecabitur
3693 4663 3710 4701 :
3752 4665 3771 4700 ι
3806 4646 3859 4702 id

2266 4735 2382 4795 est,
2415 4727 2687 4800 rogabitur
2713 4727 2852 4784 Deus
2871 4771 2886 4795 ,
2915 4736 2974 4784 ut
2998 4729 3269 4800 permittat
3290 4731 3444 4788 vobis
3469 4732 3585 4789 dari
3618 4750 3814 4793 vocem
3834 4777 3856 4805 ,

2329 4906 2347 4938 ι
2380 4903 2570 4967 Aliquot
2601 4911 2726 4966 Mss,

2327 4968 2350 4999 ³
2380 4964 2433 5014 in
2454 4964 2688 5032 Vfaticanis
2708 4964 2952 5032 codicibus
2970 4971 3204 5020 omittitur
3222 5005 3239 5032 ,
3278 4979 3423 5025 Deus.
3458 4979 3638 5025 verum
3660 4978 3858 5032 simiam

2263 5005 2688 5105 ιεοοιιένὶῖῖῖὲιῖίιῖ
3262 5005 3857 5105 sireis?sz

2264 5090 2336 5166 931°
2346 5090 2551 5166 ,ἶ
2564 5088 2690 5166 iii?"
2712 5088 2953 5166 τηερξέεοξο
2966 5091 2995 5143 ο
3179 5094 3270 5166 ib}.
3284 5094 3460 5166 πίειάα

2264 5140 2657 5232 έμϋὲτξέξὶεζτς
3317 5140 3857 5232 ’τῖἐὅίωῗαῖᾶ

2264 5213 2838 5285 tott‘Pnettmatqs
2859 5213 3131 5285 aitésomea-
3308 5218 3430 5285 σὰν,
3465 5213 3527 5272 εὖ
3568 5213 3787 5285 οἱάα,’ό
3808 5213 3857 5277 εὖ

2263 5271 2434 5339 ρνριοη
2453 5272 2591 5339 doits,
2606 5273 2687 5326 Καὶ
2701 5276 2747 5339 te
2768 5275 3012 5339 deuteron,
3040 5275 3119 5329 Icci
3140 5271 3350 5331 malista'.
3373 5271 3428 5332 ut
3445 5271 3523 5333 est
3754 5271 3857 5339 aa;

2264 5399 2678 5473 mancipatum“:
2700 5405 2849 5473 atun
2875 5399 2998 5473 ham:
3035 5399 3250 5473 vocern_,_'
3274 5399 3418 5473 Deus,
3462 5419 3495 5455 a
3515 5399 3699 5473 Spiritu
3721 5399 3855 5462 vobis

2751 4917 2907 4968 quem.

2263 5458 2586 5533 grecabimur.
2626 5469 2745 5533 Nam
2764 5458 2849 5533 'qui
2883 5463 3093 5529 premar:
3110 5458 3264 5527 dedit,
3288 5458 3422 5533 dabit
3444 5458 3854 5533 profecto’secur—t;

2266 5521 2415 5602 una.
2449 5522 2600 5602 itm
2617 5521 2931 5602 ροιεεεξιῖιειπξτο
2950 5521 3466 5602 vanamvanam

2263 5584 2492 5659 99?.“an
2518 5584 2672 5659 ldum
2693 5586 2839 5659 ﬁmi
2866 5589 3159 5659 etrsmvlaris
3179 5591 3364 5659 copiam
3387 5604 3483 5659 non.
3502 5584 3678 5659 .haBuit
3694 5630 3711 5655 ο
3753 5584 3853 5647 noxi

2635 5683 2650 5707 ’
3099 5665 3186 5713 pro
3198 5687 3219 5717 ,ν
3241 5645 3643 5717 eam,

2263 5687 2418 5783 seu.
2435 5687 2670 5783 nam.
3086 5687 3849 5783 ξιξξδαιῑενξῇῑῖιῑέηέέηιῒιῑῖίῐ

2263 5770 2562 5844 saltuatim
2583 5783 2727 5844 causa
2744 5804 2760 5831 ν
2778 5770 2831 5844 it!
2848 5779 2956 5844 ρει,
2978 5770 3246 5844 rogabitur:
3256 5784 3413 5844 Deus.
3427 5784 3524 5827 etc-
3545 5784 3672 5844 item
3695 5770 3849 5844 inin;

2262 5830 2501 5899 quidedit
2524 5830 2754 5899 credere,
2775 5830 2991 5899 dubitet
3024 5830 3258 5899 cimﬁteri,
3285 5830 3524 5889 exhibent
3544 5830 3709 5893 italico
3730 5830 3848 5894 ob;

2262 5893 2456 5944 ractere
2470 5926 2487 5953 ,
2509 5893 2791 5946 dubitantes
2808 5906 2873 5943 an
2891 5897 2957 5946 sit
2974 5893 3261 5959 interpretis
3276 5932 3294 5961 ,
3326 5912 3388 5949 an
3412 5903 3685 5964 Augustini.
