3996 6512
159 433 269 492 1025

155 563 235 621 qua
260 539 385 613 quod
427 536 674 602 creditis,
707 535 948 592 conﬁteri
976 534 1205 606 possitis.
1244 553 1262 586 t
1302 531 1454 588 Dabit
1490 533 1634 588 cnim
1660 571 1674 596 ,

157 648 298 695 certus
318 649 457 697 sum;
480 632 571 701 qui
601 631 746 686 dedit
770 629 912 701 quod
933 631 1158 700 primum
1180 635 1281 694 est,
1303 627 1447 682 dabit
1466 635 1520 682 et
1539 623 1680 696 quod

157 727 399 786 secundum
433 733 516 780 est
562 742 582 777 ι
635 722 947 795 (Gregorius
987 720 1342 775 Nazianzenus
1366 762 1380 786 ,
1427 719 1571 773 Orat.
1613 716 1684 771 44

156 826 195 876 in
227 815 590 889 Pentecoslen);
631 816 723 887 qui
768 815 914 870 dedit
958 814 1178 871 credere
1203 856 1219 883 ,
1259 812 1405 868 dabit
1449 819 1504 868 et
1549 823 1683 865 con-

157 912 280 968 litori.

211 1003 282 1059 50.
304 1001 382 1057 isti
402 999 532 1055 tales
555 999 789 1069 tantique
803 998 1047 1053 doctores
1064 997 1302 1052 dicentes
1324 1010 1427 1050 non
1449 1008 1567 1049 esse
1586 992 1684 1048 ali-

160 1095 271 1168 quid,
287 1092 345 1148 de
366 1108 467 1162 quo
489 1100 739 1160 tanquam
762 1091 829 1145 de
857 1100 1057 1154 nostro,
1077 1088 1218 1160 quod
1240 1088 1394 1143 nobis
1417 1087 1556 1142 Deus
1577 1101 1684 1140 non

161 1185 349 1246 dederit,
375 1182 695 1253 gloriemur;
727 1197 823 1236 nec
851 1183 1021 1250 ipsum
1053 1195 1146 1235 cor
1181 1188 1418 1234 nostrum
1447 1187 1500 1233 et
1533 1177 1680 1248 cogi-

163 1279 342 1333 tationes
367 1284 573 1328 nostras
615 1275 669 1327 in
715 1283 973 1342 potestate
1021 1283 1199 1328 nostra
1231 1286 1383 1338 esse;
1425 1279 1478 1326 et
1519 1280 1686 1326 totum

162 1369 308 1424 dantes
332 1365 430 1419 Deo
450 1406 462 1424 ,
495 1375 653 1434 atque
683 1364 750 1418 ab
782 1364 897 1436 ipso
938 1380 1033 1419 nos
1059 1364 1299 1433 accipere
1327 1365 1644 1418 coniitentes
1667 1401 1684 1429 ,

165 1469 207 1515 ut
235 1457 532 1528 permansuri
563 1465 938 1511 convertamur
968 1455 1032 1510 ad
1074 1471 1228 1519 eum;
1261 1463 1316 1509 ut
1340 1455 1392 1509 id
1418 1454 1558 1524 quod
1590 1454 1688 1508 bo-

166 1564 259 1613 num
283 1555 382 1613 est,
421 1545 573 1601 nobis
599 1562 811 1616 quoque
848 1545 1090 1602 videatur
1116 1547 1312 1600 bonum
1336 1587 1351 1613 ,
1384 1555 1437 1600 et
1466 1545 1688 1600 velimus

166 1639 261 1701 illud
276 1681 288 1704 ,
317 1647 365 1694 ut
384 1638 705 1693 honoremus
729 1639 893 1694 Deum
914 1680 928 1705 ,
952 1646 1008 1693 et
1030 1637 1347 1707 recipiamus
1369 1635 1646 1692 Christum
1670 1677 1684 1702 ,

167 1739 278 1787 uter
304 1729 548 1786 indevotis
576 1729 873 1785 efliciamur
901 1730 1076 1785 devoti
1103 1739 1156 1786 et
1181 1730 1432 1800 religiosi,
1453 1738 1509 1784 ut
1539 1731 1588 1783 in
1611 1729 1693 1799 ip-

167 1837 252 1889 sam
274 1819 565 1875 Trinitatem
595 1821 896 1886 credamus,
922 1830 976 1876 et
1004 1821 1355 1877 conﬁteamur
1379 1821 1538 1876 etiam
1560 1835 1690 1876 voce

168 1913 271 1984 quod
295 1912 541 1968 credimus
577 1929 590 1966 :
626 1913 743 1969 hate
772 1897 954 1982 utique
973 1913 1159 1984 gratiae
1179 1912 1273 1967 Dei
1301 1911 1565 1978 tribuunt,
1596 1911 1691 1966 Dei

169 2020 337 2060 munera
371 2013 698 2074 agnoscunt,
729 2005 797 2059 ab
827 2005 943 2074 ipso
969 2005 1121 2060 nobis
1141 2047 1155 2072 ,
1184 2019 1288 2059 non
1319 2020 1348 2058 a
1381 2004 1533 2059 nobis
1571 2018 1693 2059 esse

171 2106 394 2154 testantur.
417 2096 685 2168 Numquid
707 2107 884 2152 autem
907 2098 1188 2168 quisquam
1211 2113 1304 2154 eos
1329 2097 1566 2153 dicturus
1587 2107 1688 2161 est,

172 2192 221 2244 ita
240 2187 476 2244 confessos
505 2190 669 2244 istam
695 2190 787 2244 Dei
825 2193 1084 2260 gratiam,
1127 2197 1186 2243 ut
1209 2188 1472 2244 auderent
1500 2203 1694 2258 negare

173 2282 255 2353 ejus
274 2283 638 2352 prtescieatiam
661 2325 676 2348 ,
708 2297 865 2353 quam
893 2299 999 2348 non
1027 2282 1198 2337 solum
1225 2281 1404 2348 docti,
1428 2281 1521 2336 sed
1543 2281 1693 2336 indoo

173 2375 221 2428 cli
241 2375 368 2429 etiam
403 2374 768 2429 conﬁtentur?
794 2375 961 2430 Porro
998 2375 1042 2428 si
1072 2374 1185 2428 haec
1224 2374 1293 2428 ita
1323 2374 1487 2428 Deum
1529 2387 1694 2428 nove-

171 2473 262 2519 rant
296 2464 439 2532 dare,
467 2474 533 2520 ut
563 2481 672 2521 non
713 2466 1021 2536 ignorarent
1046 2481 1166 2520 eum
1206 2466 1451 2521 daturum
1481 2480 1542 2520 se
1577 2480 1697 2521 esse

173 2559 389 2627 praescisse
406 2598 421 2624 ,
447 2568 509 2616 et
533 2559 727 2628 quibus
763 2559 982 2614 daturus
1007 2567 1279 2615 essetnon
1309 2560 1548 2629 potuisse
1599 2574 1695 2613 ne-

174 2650 301 2714 scire;
322 2651 496 2720 procul
517 2650 683 2705 dubio
702 2660 958 2705 noverant
985 2649 1697 2720 praedestinationem,quam

174 2759 242 2812 per
253 2742 509 2812 Apostolos
525 2741 866 2815 praadicatam
887 2750 1070 2796 contra
1087 2755 1255 2796 novos
1277 2740 1556 2796 haereticos
1571 2756 1700 2810 ope-

174 2838 304 2891 rosius
324 2835 728 2908 diligentiusque
748 2835 1079 2891 defendimus
1103 2852 1117 2888 :
1143 2851 1242 2890 nec
1265 2844 1438 2890 tamen
1467 2836 1546 2890 eis
1571 2835 1700 2890 obe-

172 2926 368 2982 dientiam
390 2927 828 2998 praedicantibus,
851 2937 905 2983 et
922 2928 989 2982 ad
1009 2942 1128 2983 eam
1149 2927 1287 2983 sicut
1307 2928 1528 2998 quisque
1554 2936 1702 2998 pote-

172 3029 233 3073 rat
243 3017 479 3076 ferventer
497 3020 854 3086 hortantibus,
874 3021 982 3076 ullo
996 3020 1156 3077 modo
1173 3032 1318 3076 recte
1334 3020 1620 3088 diceretur,
1642 3021 1701 3076 Si

173 3126 252 3167 non
268 3111 405 3169 vultis
416 3112 800 3180 obedientiam,
818 3113 885 3168 ad
901 3129 1057 3184 quam
1081 3129 1178 3168 nos
1202 3113 1511 3181 accenditis,
1533 3113 1583 3167 in
1609 3130 1704 3167 no-

174 3211 258 3258 stro
278 3205 418 3261 corde
439 3203 734 3275 frigescere
753 3247 768 3272 ,
802 3205 969 3261 nolite
994 3205 1148 3261 nobis
1171 3205 1326 3260 istam
1357 3205 1451 3260 Dei
1477 3203 1703 3275 gratiam

174 3295 444 3364 praedicare,
474 3313 579 3367 qua
611 3297 782 3354 Deum
806 3297 934 3353 dare
963 3297 1234 3366 fatemini,
1262 3312 1381 3368 quae
1419 3305 1477 3351 ut
1499 3311 1596 3352 nos
1624 3297 1703 3350 fa-

173 3383 333 3442 ciamus
354 3386 660 3444 hortamini.

224 3477 416 3536 CAPUT
444 3478 568 3534 XX.
598 3508 672 3520 —
697 3479 788 3536 5i.
817 3479 1172 3548 Quamobrem
1194 3477 1237 3532 si
1265 3488 1317 3534 et
1343 3476 1583 3548 Apostoli
1603 3518 1618 3541 ,
1653 3484 1707 3532 et

175 3569 374 3626 doctores
395 3571 656 3627 Ecclesiae
674 3571 764 3642 qui
792 3571 871 3626 eis
898 3579 1269 3626 successerunt
1293 3585 1490 3641 eosque
1519 3568 1707 3624 imitati

174 3671 298 3728 sunt,
337 3671 619 3732 utrumque
649 3661 942 3726 faciebant,
990 3661 1041 3716 id
1067 3670 1179 3726 est,
1211 3670 1264 3717 et
1305 3661 1395 3716 Dei
1440 3661 1663 3731 gratiam
1689 3702 1704 3726 ,

175 3768 265 3822 quae
291 3769 385 3808 non
428 3754 725 3809 secundum
770 3753 960 3808 merita
1005 3761 1181 3807 nostra
1213 3748 1401 3819 (ἰδία,
1450 3754 1709 3807 veraciter

175 3844 495 3914 pradicabant
514 3889 528 3914 ,
557 3855 614 3902 et
641 3846 782 3916 piam
806 3845 1161 3900 obedientiam
1185 3844 1463 3916 praeceptis
1488 3845 1710 3899 salubri-

176 3933 251 3992 bus
275 3937 596 3993 instruebant
626 3955 639 3991 ε
673 3937 798 4008 quid
825 3945 907 3992 est
929 3937 1069 4008 quod
1094 3936 1294 3992 invicta
1331 3937 1565 3992 conclusi
1595 3937 1710 3992 vino

176 4025 303 4082 lentia
326 4030 563 4085 veritatis
587 4040 732 4085 recte
757 4045 815 4084 se
842 4029 926 4083 isti
967 4029 1132 4084 nostri
1162 4027 1343 4083 dicere
1367 4027 1709 4094 existimant,

179 4134 194 4166 ι
223 4119 316 4173 Etsi
344 4135 526 4176 verum
547 4129 631 4176 est
657 4118 804 4191 quod
831 4119 1024 4174 dicitur
1048 4118 1114 4174 de
1137 4118 1598 4188 prmdestinatione
1623 4119 1715 4174 be-

177 4212 447 4269 neﬁciorum
471 4215 587 4279 Dei,
607 4230 713 4268 non
734 4223 815 4269 est
836 4223 1010 4268 tamen
1037 4213 1244 4282 populis
1270 4211 1660 4281 praedicandum
1691 4230 1711 4264 ι

178 4305 362 4377 (Supra,
379 4309 431 4362 in
477 4309 699 4378 epistolis
723 4306 961 4378 Prosperi
981 4315 1026 4360 et
1056 4303 1290 4375 Hilarii).
1320 4303 1716 4359 Pricdicandunt

178 4405 243 4451 est
259 4414 483 4468 prorsus,
509 4409 566 4454 ut
587 4399 674 4471 qui
701 4399 860 4454 habet
891 4412 1044 4454 aures
1065 4397 1332 4464 audiendi,
1362 4397 1542 4453 audiat
1567 4396 1715 4466 (Luc.

176 4504 278 4558 vui,
303 4491 375 4564 8).
404 4493 532 4562 Quis
559 4503 733 4548 autem
767 4493 956 4557 habet,
991 4491 1036 4546 si
1061 4507 1164 4545 non
1191 4490 1398 4560 accepit
1424 4489 1491 4544 ab
1515 4489 1604 4544 illo
1630 4475 1721 4561 qui

179 4584 249 4648 ait,
267 4585 402 4641 Dabo
418 4589 488 4640 eis
508 4605 598 4654 cor
621 4586 952 4658 cognoscendi
970 4601 1067 4650 me,
1087 4594 1132 4638 et
1155 4601 1300 4638 aures
1326 4584 1580 4638 audientes
1600 4581 1724 4653 (Ba-

178 4678 280 4731 mb
305 4694 374 4744 n,
407 4678 535 4751 5i)?
561 4679 715 4733 Certe
745 4678 833 4747 qui
867 4691 971 4731 non
1011 4677 1212 4747 accepit
1234 4677 1245 4706 '
1269 4717 1284 4743 ,
1316 4675 1520 4745 rejiciat
1550 4691 1564 4726 :
1597 4673 1722 4728 dum

182 4775 329 4824 tamen
359 4772 445 4840 qui
471 4771 635 4841 capit,
666 4777 840 4824 sumat
864 4776 917 4822 et
941 4767 1106 4832 bibat,
1140 4767 1282 4820 bibat
1305 4773 1361 4821 et
1384 4767 1543 4820 vivat.
1579 4764 1728 4820 Sicut

180 4863 301 4917 enim
328 4863 661 4933 praedicanda
688 4871 767 4916 est
793 4863 982 4932 pietas,
1003 4868 1062 4915 ut
1085 4860 1152 4914 al)
1177 4874 1242 4914 eo
1268 4859 1356 4928 qui
1388 4857 1546 4912 habet
1570 4869 1728 4910 aures

181 4955 436 5024 audiendi,
470 4955 612 5010 Deus
641 4963 783 5008 recte
813 4952 1048 5016 colatur;
1092 4949 1423 5020 praedicanda
1453 4957 1534 5002 est
1576 4946 1728 5016 pudi-

181 5047 314 5112 citia,
345 5059 398 5103 ut
422 5048 489 5102 ab
522 5062 589 5102 eo
613 5045 702 5116 qui
730 5043 889 5099 habet
918 5059 1070 5097 aures
1108 5039 1352 5095 audiendi
1378 5081 1390 5104 ,
1422 5038 1550 5092 nihil
1581 5037 1730 5106 geni-

183 5137 664 5199 talibusmembris-
697 5135 934 5190 illicitum
981 5142 1349 5204 perpetretur;
1400 5128 1730 5201 praedicanda

183 5241 250 5286 est
289 5232 546 5296 charitas,
600 5237 660 5285 ut
701 5229 768 5284 ab
811 5243 876 5284 eo
913 5227 1001 5298 qui
1041 5226 1200 5280 habet
1245 5240 1400 5280 aures
1444 5222 1730 5289 audiendi,

184 5322 308 5379 Deus
349 5335 397 5380 et
441 5323 713 5394 proximus
752 5321 996 5390 diligatur
1029 5336 1042 5372 :
1075 5319 1145 5372 ita
1186 5316 1518 5386 praedicanda
1559 5325 1640 5369 est
1681 5324 1736 5370 et

187 5412 271 5467 ista
312 5413 702 5484 prredestinatio
747 5409 1122 5466 beneﬁciorum
1168 5409 1296 5473 Dei,
1345 5417 1398 5461 ut
1447 5405 1534 5476 qui
1581 5404 1738 5460 habet

185 5517 328 5560 aures
351 5505 597 5562 audiendi
623 5544 640 5571 ,
675 5517 777 5558 non
807 5500 862 5556 in
890 5515 948 5556 se
975 5499 1091 5571 ipso
1113 5541 1128 5567 ,
1163 5499 1256 5555 sed
1288 5498 1338 5552 in
1373 5496 1594 5551 Domino
1617 5495 1738 5566 glo-

188 5597 353 5654 rietur.

250 5690 334 5746 52.
369 5689 518 5759 Quod
548 5696 729 5744 autem
758 5685 975 5751 dicunt,
1010 5703 1030 5738 ‹
1055 5699 1159 5738 non
1188 5697 1320 5752 opus
1357 5679 1520 5735 fuisse
1557 5677 1740 5747 hujus-

189 5784 378 5840 cemodi
407 5779 784 5855 disputationis
807 5778 1009 5836 incerto
1037 5778 1210 5834 minus
1237 5772 1640 5845 intelligentiam
1667 5776 1746 5825 tot

251 5911 269 5948 ι
303 5914 569 5968 basiliensis
595 5920 704 5972 Μεη
726 5921 820 5962 non
839 5908 978 5974 capit.

1129 418 1331 476 LIBER
1369 418 1456 474 DE
1494 417 1674 473 ΒΟΝο
1710 417 2324 478 ΡΕκεΕνΕΒΑΝΊ-ω.

3227 421 3364 479 1026

1788 531 1950 588 corda
1976 533 2171 588 turbari
2202 551 2215 586 :
2245 533 2491 603 quoniam
2516 547 2624 588 non
2650 533 2826 590 minus
2852 536 3054 592 utiliter
3099 536 3215 593 sine
3262 537 3364 596 hac

1788 621 2094 679 deﬁnitione
2114 623 2587 699 praedestinationis
2616 640 2710 694 per
2744 632 2820 680 tot
2847 641 3016 680 annos
3043 627 3255 684 defensa
3282 635 3365 684 est

1788 715 2042 770 catholica
2074 715 2205 772 ﬁdes
2229 756 2245 783 ,
2278 725 2387 771 tum
2413 725 2600 772 contra
2627 718 2761 772 alios
2785 759 2802 782 ,
2833 726 2941 772 tum
2975 720 3202 776 maxime
3229 736 3360 778 con-

1790 814 1868 861 tra
1895 807 2202 878 Pelagianos
2225 847 2240 875 ,
2273 816 2350 863 tot
2387 808 2765 863 catholicorum
2811 817 2865 863 et
2901 809 3124 863 aliorum
3169 820 3222 863 et
3261 827 3361 866 no-

1789 899 1914 955 stris
1939 900 2357 969 praecedentibus
2383 901 2530 956 libris
2556 921 2574 954 r
2602 900 2818 974 (Supra,
2843 902 2896 954 in
2921 902 3131 971 epistola
3156 901 3364 970 Hilarii,

1790 1009 1843 1046 n.
1872 993 1926 1059 8,
1960 994 2057 1046 col.
2098 992 2396 1067 957-958):
2438 995 2656 1049 multum
2695 995 2860 1048 miror
2883 1010 2975 1048 eos
3011 994 3230 1060 dicere;
3270 1009 3369 1050 nec

1791 1084 2062 1139 attendere
2089 1127 2101 1151 ,
2135 1094 2192 1138 ut
2218 1085 2285 1140 de
2319 1085 2439 1140 aliis
2484 1085 2570 1140 hic
2607 1095 2806 1140 taceam
2833 1125 2847 1150 ,
2890 1085 3033 1154 ipsos
3071 1085 3234 1141 libros
3267 1101 3369 1140 no-

1793 1186 1932 1232 stros
1950 1185 2006 1232 et
2031 1185 2315 1247 antequam
2339 1177 2604 1248 Pelagiani
2624 1193 2882 1246 apparere
2907 1177 3214 1246 coepissent,
3243 1191 3373 1232 con-

1793 1269 2017 1338 scriptos
2045 1278 2098 1324 et
2129 1270 2299 1324 editos
2323 1312 2338 1336 ,
2367 1277 2420 1324 et
2442 1269 2618 1325 videre
2639 1285 2795 1340 quam
2825 1271 3005 1324 multis
3025 1285 3208 1324 eorum
3237 1269 3369 1327 locis

1793 1361 2022 1419 futuram
2055 1363 2352 1418 nescientes
2377 1363 2708 1433 Pelagianam
2734 1363 2980 1418 haeresim
3001 1362 3370 1428 caedebamus,

1792 1454 2131 1524 praedicando
2158 1457 2382 1525 gratiam
2409 1497 2422 1521 ,
2456 1471 2559 1524 qua
2602 1470 2698 1509 nos
2734 1455 2872 1510 Deus
2912 1453 3104 1509 liberat
3141 1468 3172 1507 a
3219 1453 3373 1510 malis

1793 1547 2062 1600 erroribus
2093 1557 2145 1601 et
2171 1546 2410 1602 moribus
2436 1547 2630 1601 nostris
2656 1589 2668 1612 ,
2699 1561 2801 1599 non
2829 1543 3250 1614 praecedentibus
3276 1542 3374 1597 bo-

1792 1638 1877 1693 nis
1907 1639 2108 1693 meritis
2137 1639 2332 1693 nostris
2361 1681 2376 1705 ,
2409 1636 2609 1693 faciens
2639 1639 2740 1693 hoc
2766 1636 3060 1693 secundum
3087 1635 3376 1706 gratuitam

1793 1731 2212 1787 misericordiam
2243 1747 2413 1787 suam.
2441 1730 2592 1798 Quod
2622 1730 2830 1800 plenius
2855 1745 3044 1800 sapere
3068 1729 3207 1800 coepi
3230 1729 3284 1783 in
3309 1743 3376 1786 ea

1793 1823 2184 1894 disputatione,
2215 1840 2370 1895 quam
2398 1824 2586 1893 scripsi
2617 1823 2681 1878 ad
2719 1823 2887 1878 beata:
2928 1823 3198 1878 memoriae
3233 1822 3376 1880 Sim-

1795 1918 2077 1988 plicianum
2101 1919 2408 1990 episcopum
2431 1916 2843 1973 Mediolanensis
2868 1917 3117 1972 Ecclesiae
3140 1959 3154 1983 ,
3187 1916 3242 1970 in
3267 1915 3377 1971 mei

1795 2013 2127 2081 episcopatus
2155 2011 2373 2066 exordio
2399 2054 2412 2076 ,
2443 2009 2655 2080 quando
2695 2018 2750 2065 et
2791 2008 2996 2064 initium
3025 2007 3147 2064 ﬁdei
3175 2006 3376 2063 donum
3409 2053 3416 2064 .

1797 2102 1893 2160 Dei
1924 2119 2042 2159 esse
2070 2103 2293 2174 cognovi
2318 2144 2333 2170 ,
2367 2113 2421 2158 et
2449 2103 2674 2157 asserui.

1869 2196 1956 2250 5'5.
1997 2194 2132 2264 Quid
2161 2203 2336 2249 autem
2369 2209 2606 2248 meorum
2635 2193 3010 2262 opusculorum
3050 2190 3378 2262 frequentius

1797 2297 1852 2345 et
1880 2287 2240 2344 delectabilius
2271 2287 2603 2341 innotescere
2630 2283 2837 2354 potuit,
2886 2300 3040 2353 quam
3072 2283 3189 2338 libri
3233 2283 3377 2338 Con-

1801 2381 2087 2436 fessionum
2114 2378 2389 2434 mearum?
2411 2379 2543 2434 Cum
2567 2385 2622 2432 et
2648 2376 2794 2446 ipsos
2815 2375 3068 2430 ediderim
3095 2383 3378 2445 antequam

1803 2472 2086 2544 Pelagiana
2113 2471 2336 2526 haeresis
2364 2470 2693 2533 exstitisset;
2724 2468 2775 2522 in
2820 2468 2898 2523 eis
2933 2476 3077 2522 certe
3115 2467 3222 2521 dixi
3267 2465 3380 2521 Deo

1802 2573 1989 2618 nostro
2009 2605 2024 2628 ,
2057 2572 2110 2618 et
2135 2577 2276 2632 saepe
2301 2561 2408 2617 dixi
2434 2580 2448 2616 :
2482 2580 2501 2612 ι
2534 2561 2607 2614 Da
2635 2559 2774 2630 quod
2798 2559 2953 2629 jubes
2976 2600 2990 2624 ,
3015 2567 3068 2614 et
3086 2558 3213 2636 iube
3237 2555 3380 2628 quod

1801 2655 1882 2710 vis
1917 2673 1937 2706 ι
1969 2655 1987 2725 (
2018 2653 2130 2708 Lib.
2163 2654 2228 2709 10
2249 2695 2263 2719 ,
2295 2669 2445 2724 capp.
2473 2651 2574 2719 i9,
2601 2651 2660 2706 5i
2693 2693 2706 2715 ,
2752 2651 2819 2707 57
2850 2651 2888 2719 ).
2915 2650 3045 2717 Quae
3075 2664 3191 2704 mea
3223 2647 3382 2703 verba

1804 2746 2049 2816 Pelagius
2073 2746 2254 2800 Romae
2278 2787 2293 2812 ,
2325 2760 2446 2800 cum
2475 2759 2504 2798 a
2534 2743 2763 2813 quodam
2793 2741 2959 2796 fratre
2986 2753 3039 2796 et
3067 2739 3384 2810 coepiscopo

1805 2853 1924 2893 meo
1957 2838 2177 2892 fuissent
2207 2851 2272 2890 eo
2315 2844 2580 2906 praesente
2624 2841 3036 2891 commemorata
3065 2873 3078 2898 ,
3112 2831 3252 2886 ferre
3279 2845 3386 2885 non

1810 2930 1980 2999 p0tuit
2007 2970 2020 2993 ,
2056 2937 2108 2982 et
2133 2927 2505 2983 contradicens
2543 2925 2816 2995 aliquanto
2853 2923 3172 2978 commotius
3197 2963 3210 2987 ,
3251 2929 3388 2991 pene

1805 3035 1929 3074 cum
1955 3035 2019 3074 eo
2045 3019 2133 3089 qui
2163 3019 2248 3072 illa
2278 3025 2790 3073 commetnoraverat
2817 3015 3055 3084 litigavit.
3097 3011 3233 3082 Quid
3259 3026 3389 3068 vero

1806 3111 2052 3181 primitus
2075 3118 2129 3164 et
2158 3109 2385 3164 maxime
2415 3109 2555 3163 Deus
2588 3107 2777 3178 jubet,
2809 3106 2909 3161 nisi
2942 3114 3000 3160 ut
3026 3105 3305 3160 credamus
3333 3102 3406 3157 in

1808 3227 1928 3267 eum
1951 3211 1977 3263 ?
2006 3210 2073 3265 Et
2097 3209 2201 3265 hoc
2226 3223 2354 3279 ergo
2381 3207 2498 3279 ipse
2526 3205 2616 3261 dat
2644 3245 2659 3271 ,
2687 3205 2731 3259 si
2757 3203 2893 3259 bene
2931 3202 3004 3256 illi
3041 3201 3239 3257 dictum
3266 3206 3387 3263 est,

1810 3324 1831 3358 ι
1867 3307 1941 3360 Da
1970 3303 2109 3374 quod
2133 3303 2310 3372 jubes.
2343 3319 2362 3352 ›
2393 3299 2458 3353 Et
2487 3303 2538 3352 in
2564 3295 2766 3352 eisdem
2794 3297 2953 3350 etiarn
2981 3292 3132 3348 libris
3155 3289 3295 3361 quod
3319 3288 3392 3344 de

1809 3413 1925 3453 mea
1952 3396 2298 3452 conversione
2326 3392 2533 3447 narravi
2565 3389 2719 3464 (Lib.
2742 3390 2806 3455 5,
2846 3404 2995 3459 capp.
3037 3385 3099 3440 ii
3123 3427 3139 3453 ,
3189 3383 3256 3438 12
3278 3423 3294 3450 ,
3341 3389 3391 3437 et

1811 3491 1899 3546 lib.
1930 3492 1994 3559 9,
2018 3507 2131 3560 cap.
2165 3489 2199 3544 8
2224 3491 2264 3560 ),
2293 3488 2402 3542 Deo
2430 3501 2517 3541 me
2541 3492 2884 3541 convertente
2924 3481 2991 3536 ad
3037 3495 3154 3536 eam
3193 3478 3352 3534 fidem
3375 3518 3390 3543 ,

1811 3598 1969 3654 quam
1987 3578 2287 3635 miserrima
2309 3587 2361 3632 et
2384 3575 2730 3632 furiosissima
2747 3573 3065 3641 loquacitate
3085 3568 3359 3625 vastabam
3374 3609 3392 3636 ,

1814 3689 1991 3728 nonne
2021 3673 2092 3726 ita
2126 3679 2394 3725 narratum
2423 3682 2542 3724 esse
2573 3665 2889 3721 meministis
2913 3707 2927 3731 ,
2958 3670 3015 3718 ut
3054 3660 3394 3718 ostenderem

1814 3779 1900 3820 me
1928 3762 2174 3818 ﬁdelibus
2201 3770 2256 3815 et
2282 3758 2606 3830 qu0tidianis
2632 3756 2819 3812 matris
2854 3769 2988 3810 mea:
3032 3753 3282 3825 lacrymis
3329 3765 3398 3806 ne

1817 3856 2045 3925 perirem
2092 3853 2253 3908 fuisse
2296 3848 2655 3907 concessum?
2698 3847 2799 3904 Ubi
2849 3846 3030 3918 utique
3074 3844 3353 3916 praedicavi
3375 3879 3393 3912 ,

1818 3966 1923 4005 non
1951 3949 2121 4007 solum
2147 3962 2363 4004 aversas
2386 3963 2416 4002 a
2448 3956 2595 4003 recta
2621 3945 2724 4003 ﬁde
2746 3987 2762 4013 ,
2805 3944 2913 4006 sed,
2945 3943 3197 3999 adversas
3237 3940 3398 3997 etiam

1818 4049 1978 4096 rectae
2006 4039 2163 4105 ﬁdei,
2197 4039 2360 4093 Deum
2388 4051 2483 4092 sua
2509 4037 2677 4108 gratia
2702 4035 2769 4090 ad
2795 4049 2913 4090 eam
2954 4042 3273 4088 convertere
3304 4029 3405 4086 ho-

1821 4137 2022 4191 minum
2045 4134 2366 4190 voluntatee.
2391 4132 2470 4187 De
2486 4131 2802 4202 proﬁciente
2823 4143 2984 4199 porro
3004 4125 3400 4198 perseverantia

1821 4225 2266 4298 quemadmodum
2296 4225 2464 4279 Deum
2491 4222 2789 4293 rogaverim
2808 4261 2825 4288 ,
2859 4230 2912 4276 et
2948 4219 3094 4276 scitis
3116 4261 3133 4287 ,
3160 4225 3215 4275 et
3248 4225 3403 4289 pote-

1823 4319 1918 4374 stis
1949 4333 2226 4374 recensere
2253 4331 2373 4371 cum
2393 4314 2570 4369 vultis.
2588 4313 2774 4368 Omnia
2804 4313 2981 4383 itaque
3005 4311 3098 4367 Dei
3120 4310 3258 4366 dona
3282 4325 3402 4380 qua:

1827 4410 1878 4464 in
1907 4409 2096 4464 eodem
2127 4422 2291 4477 Opere
2315 4407 2426 4462 sive
2454 4406 2630 4476 optavi
2656 4447 2671 4472 ,
2704 4405 2815 4459 sive
2845 4403 3094 4469 laudavi,
3121 4402 3270 4472 quis,
3300 4415 3404 4455 non

1826 4503 1998 4559 dicam
2029 4483 2224 4572 negare
2242 4542 2254 4565 ,
2284 4500 2376 4555 sed
2409 4499 2652 4554 dubitare
2680 4498 2872 4553 saltem
2893 4495 3084 4550 audeat
3112 4493 3280 4549 Deum
3306 4491 3405 4547 da-

1829 4608 2002 4653 turum
2029 4611 2088 4650 se
2113 4609 2232 4650 esse
2256 4593 2537 4664 praescisse
2560 4633 2572 4656 ,
2622 4600 2676 4645 et
2713 4589 2904 4660 quibus
2950 4586 3167 4642 daturus
3202 4583 3405 4651 fuerit,

1831 4703 2098 4760 nunquam
2136 4685 2370 4756 potuisse
2414 4681 2663 4738 nescire?
2709 4679 2832 4734 Haec
2874 4687 2956 4733 est
3008 4675 3406 4760 praedestinatio

1832 4780 2108 4836 manifesta
2127 4787 2182 4833 et
2201 4787 2342 4832 certa
2364 4783 2667 4831 sanctorum
2692 4789 2705 4825 :
2725 4785 2882 4842 quam
2904 4777 3086 4840 postea
3102 4766 3411 4838 diligentius

1832 4886 1884 4932 et
1909 4874 2184 4945 Operosius
2210 4912 2226 4938 ,
2256 4885 2374 4925 cum
2397 4869 2506 4939 jam
2532 4874 2714 4922 contra
2755 4864 3067 4934 Pelagianos
3108 4862 3409 4931 disputare-

1834 4985 1952 5026 mus
1977 5011 1991 5036 ,
2019 4966 2306 5024 defendere
2337 4963 2626 5020 necessitas
2650 4960 2924 5030 compulit.
2956 4958 3244 5014 Didicimus
3265 4957 3411 5012 enim

1837 5061 2070 5133 singulas
2097 5071 2332 5129 quasque
2357 5055 2587 5110 hazreses
2617 5051 2860 5107 intulisse
2884 5049 3137 5105 Ecclesiae
3167 5048 3412 5119 proprias

1838 5152 2159 5224 qumstiones
2231 5155 2415 5202 contra
2467 5159 2600 5215 quas
2667 5142 2972 5213 diligentius
3034 5139 3413 5196 defenderetur

1838 5243 2113 5313 Scriptura
2142 5238 2318 5294 divina
2343 5279 2357 5302 ,
2389 5250 2548 5306 quam
2574 5233 2618 5288 si
2647 5232 2792 5288 nulla
2839 5231 2958 5287 talis
3003 5230 3294 5286 necessitas
3322 5242 3416 5284 co-

1840 5343 2006 5407 geret.
2037 5331 2173 5401 Quid
2199 5337 2376 5386 autem
2404 5327 2578 5398 coegit
2604 5326 2720 5380 loca
2760 5323 3153 5394 Scripturarum
3180 5364 3195 5389 ,
3227 5321 3418 5391 quibus

1845 5421 2238 5498 praedestinatio
2263 5418 2631 5476 commendata
2657 5424 2738 5472 est
2757 5457 2774 5484 ,
2797 5414 3062 5486 copiosius
3093 5421 3146 5468 et
3169 5410 3420 5466 enuclea-

1848 5520 1950 5574 tius
1976 5517 2079 5572 isto
2106 5522 2290 5570 nostro
2319 5511 2500 5567 labore
2527 5506 2777 5574 defendi,
2815 5507 2921 5562 nisi
2968 5503 3109 5576 quod
3152 5501 3421 5570 Pelagiani

1848 5612 2030 5667 dicunt
2056 5593 2291 5681 gratiam,
2329 5605 2423 5661 Dei
2468 5601 2758 5660 secundum
2798 5599 2987 5656 merita
3032 5604 3214 5650 nostra
3259 5591 3421 5649 dari?

1851 5703 1990 5778 quod
2017 5702 2140 5774 quid
2167 5710 2249 5757 est
2274 5695 2416 5756 aliud
2442 5711 2598 5768 quam
2627 5694 2811 5767 gratiae
2835 5690 3051 5748 omnino
3075 5686 3334 5758 negatio?

1921 5793 2145 5853 CAPUT
2174 5792 2316 5848 XXI.
2338 5819 2410 5832 —-
2428 5791 2515 5846 54.
2549 5785 2674 5842 Haec
2698 5800 2825 5856 ergo
2847 5791 2906 5838 ut
2933 5782 3136 5850 ingrata
3165 5778 3275 5834 Deo
3299 5792 3424 5832 seu-

1859 5889 2023 5949 tentia
2050 5888 2349 5945 destruatur
2372 5922 2387 5953 ,
2415 5881 2657 5954 gratuitis
2676 5878 2771 5938 Dei
2789 5873 3057 5936 beneﬁciis
3077 5871 3269 5945 quibus
3290 5869 3425 5928 iibes
