3996 6496
562 408 738 517 ltoa'l
1834 418 1891 478 s.
1931 410 2143 517 sucu;

568 524 779 599 ramur
806 530 1059 608 inimica,
1095 524 1151 597 ei
1184 524 1395 595 iniiiu'iii
1440 518 1597 603 fidéi,‘
1633 522 1688 593 é‘t
1728 536 1779 591 in
1824 550 1885 589 ea
1930 522 2099 606 usque
2127 531 2182 591 in

598 632 756 690 linem
809 618 1259 704 perseverantiam
1309 631 1599 686 secundum
1647 618 1991 699 Scripturas,
2041 616 2183 685 unde

591 727 701 799 jam
733 724 897 781 multa
928 716 1158 782 diximus
1180 766 1195 791 ,
1217 718 1355 780 dona
1384 720 1485 780 Dei
1504 739 1623 779 esse
1650 720 2005 795 defendimus.
2033 716 2181 813 Quo-

595 814 739 874 niam
786 820 831 874 si
878 834 907 874 a
957 819 1110 873 nobis
1156 832 1277 873 esse
1322 816 1547 871 dicimus
1595 816 1798 895 initium
1842 812 2002 878 fidei,
2036 812 2091 895 ut
2115 827 2181 895 eo

592 904 787 966 caetera
816 908 909 966 Dei
931 910 1071 966 dona
1096 925 1397 965 mereamur
1422 887 2053 985 accipereiconcludunt
2078 906 2179 985 Pe;

594 998 787 1075 lagiani
812 1046 826 1068 ,
870 1006 1095 1077 gratiam
1135 1004 1226 1060 Dei
1266 1003 1555 1061 secundum
1590 998 1777 1057 merita
1817 1009 1998 1057 nostra
2040 998 2175 1087 dari.

592 1097 747 1165 Quod
768 1090 837 1151 ita
861 1096 1137 1153 exhorruit
1158 1097 1418 1152 catholica
1442 1094 1572 1175 fides
1589 1137 1601 1158 ,
1618 1102 1674 1148 ut
1691 1092 1930 1183 damnari
1961 1092 2177 1160 timens,

595 1184 693 1246 hoc
723 1186 968 1263 Pelagius
996 1192 1111 1262 ipse
1134 1190 1483 1246 damnaverit.
1524 1188 1761 1261 itemque
1805 1188 1849 1242 si
1895 1186 2120 1243 dicimus
2146 1202 2179 1243 a

594 1270 747 1338 nodis
772 1299 892 1339 esse
920 1283 1366 1353 perseverantiam
1398 1289 1636 1337 nostram
1663 1323 1678 1348 ,
1720 1295 1827 1335 non
1857 1295 1886 1333 a
1912 1279 2137 1333 Domino
2161 1296 2176 1346 ;

591 1362 916 1449 respondent
944 1368 1016 1433 illi
1046 1418 1063 1444 ,
1097 1370 1165 1432 ita
1197 1392 1293 1432 nos
1315 1392 1345 1430 a
1374 1376 1528 1430 nobis
1552 1374 1751 1429 habere
1776 1374 1983 1428 initium
2013 1372 2132 1427 fidei
2159 1414 2175 1439 ,

592 1468 729 1528 sicut
780 1456 976 1539 finem,
1022 1466 1102 1526 Sic
1142 1479 1618 1542 argumentantes,
1662 1468 1830 1523 multo
1869 1467 2037 1539 magis
2081 1480 2179 1523 uos

590 1556 790 1622 habere
816 1568 844 1620 a
873 1564 1027 1622 nobis
1050 1564 1174 1620 illud
1197 1564 1407 1618 initium
1433 1606 1449 1632 ,
1472 1554 1516 1619 si
1544 1578 1572 1618 a
1600 1561 1753 1618 nobis
1775 1561 2031 1617 habemus
2058 1576 2179 1630 per-

590 1640 810 1715 inauere
830 1674 995 1730 usque
1021 1652 1252 1737 inﬁnem
1281 1700 1293 1723 ,
1319 1673 1439 1711 cum
1464 1655 1720 1731 perficere
1744 1669 1901 1729 quam
1926 1651 2179 1739 inchoare

592 1738 659 1804 sit
686 1750 857 1821 majus
884 1768 897 1802 :
927 1764 991 1804 ac
1016 1748 1093 1803 sic
1120 1744 1409 1803 identidem
1441 1745 1801 1811 concludunt,
1828 1738 2054 1819 gratiam
2080 1742 2177 1799 Dei

588 1840 879 1896 secundum
920 1841 1108 1896 merita
1150 1847 1329 1917 nostra
1372 1837 1508 1895 dari.
1561 1836 1616 1892 Si
1666 1845 1842 1891 autem
1896 1845 2177 1911 utrumque

593 1914 691 1987 Dei
716 1932 909 1986 donum
939 1940 1022 1987 est
1048 1973 1061 1995 ,
1093 1924 1148 1987 et
1176 1914 1290 1985 haec
1314 1914 1453 1985 Deus
1479 1929 1617 1983 dona
1648 1944 1741 1984 sua
1774 1928 1790 1999 (
1813 1926 1953 1998 quod
1982 1918 2178 1998 negare

498 2032 503 2037 '
587 2020 704 2098 ciuis
733 2025 950 2097 potest?
977 2026 995 2097 )
1026 2023 1271 2080 daturum
1304 2038 1361 2079 se
1397 2038 1517 2078 esse
1561 2021 1864 2092 prmseivit;
1893 2014 2177 2094 praedesti-

588 2118 734 2172 natio
761 2116 1099 2189 praedicanda
1129 2126 1210 2171 est
1237 2157 1251 2180 ,
1285 2123 1341 2168 ut
1369 2113 1544 2186 possit.
1567 2129 1688 2168 vera
1720 2112 1811 2167 Dei
1838 2112 2005 2183 gratia
2028 2152 2044 2178 ,
2073 2108 2179 2199 hoc

587 2210 671 2263 est
695 2251 709 2274 ,
736 2196 855 2278 qum.
882 2208 991 2262 non
1017 2206 1307 2262 secundum
1356 2206 1543 2261 merita
1580 2214 1761 2260 nostra
1806 2203 1995 2271 datur,
2026 2196 2177 2259 insu-

587 2282 1395 2379 perabilimunitionedel‘endi.‘
1506 2372 1509 2375 Δ

662 2394 750 2452 55.
797 2394 861 2449 Et
884 2410 984 2465 ego
1011 2392 1226 2467 quidem
1255 2394 1305 2447 in
1338 2380 1428 2447 illo
1457 2391 1596 2447 libro
1619 2432 1634 2459 ,
1662 2389 1814 2463 cujus
1840 2397 1923 2447 est
1946 2389 2133 2446 titulus
2157 2430 2174 2459 ,

590 2480 664 2545 De
694 2474 1046 2555 correptione
1084 2494 1138 2541 et
1171 2484 1351 2541 Gratia
1377 2527 1391 2551 ,
1442 2484 1532 2555 qui
1579 2481 1822 2539 sufficere
1856 2498 1963 2538 non
2004 2482 2179 2553 potuit

589 2576 836 2634 omnibus
864 2577 1209 2634 dilectoribus
1238 2577 1435 2633 nostris
1459 2618 1476 2648 ,
1519 2586 1645 2648 puto
1679 2593 1766 2633 me
1812 2579 1885 2633 ita
1931 2576 2176 2648 posuisse

585 2669 782 2726 donum
815 2670 904 2726 Dei
930 2686 1049 2725 esse
1072 2712 1089 2740 ,
1138 2671 1295 2729 etiam
1337 2685 1686 2741 perseverare
1726 2654 1901 2741 usque
1928 2668 1979 2723 in
2013 2668 2174 2727 finem

592 2764 611 2837 (
640 2752 715 2818 De
740 2762 1063 2833 Correptione
1087 2773 1133 2817 et
1163 2760 1339 2817 Gratia
1365 2805 1380 2830 ,
1409 2780 1461 2817 η.
1494 2761 1560 2818 10
1583 2761 1627 2836 ).
1660 2771 1719 2817 ut
1760 2762 1860 2819 hoc
1902 2769 2058 2818 antea
2084 2803 2099 2827 ,
2128 2761 2176 2817 si

587 2873 672 2911 me
702 2872 807 2910 non
836 2853 970 2911 fallit
993 2854 1188 2913 oblivio
1211 2897 1226 2924 ,
1254 2842 1362 2909 tam
1390 2869 1644 2924 expresse
1670 2862 1829 2926 atque
1853 2853 2128 2910 evidenter
2154 2894 2171 2919 ,

588 2948 675 3023 vel
704 2964 964 3020 nusquam
990 2989 1005 3014 ,
1038 2947 1121 3002 vel
1150 2946 1294 3019 pene'
1316 2962 1575 3020 nusquam
1607 2930 1935 3016 scripserim.
1966 2946 2074 3004 Sed
2102 2949 2175 3005 ita

508 3092 515 3093 ,
588 3041 691 3095 hoc
719 3055 859 3101 nunc
883 3040 991 3095 dixi
1021 3080 1034 3105 ,
1063 3046 1122 3094 ut
1147 3049 1407 3121 ponente
1435 3054 1522 3096 me
1551 3054 1710 3095 nemo
1726 3039 1952 3121 dixerit.
1976 3024 2176 3096 Beatus

584 3131 777 3202 quippe
804 3120 1103 3204 Cyprianus
1129 3116 1185 3186 in
1223 3116 1476 3187 Oratione
1518 3116 1830 3197 Dominica,
1880 3131 2020 3187 sicut
2059 3131 2172 3205 jam

590 3224 951 3291 ostendimus,
993 3224 1278 3299 petitiones
1324 3216 1536 3279 nostras
1579 3223 1649 3279 ita
1688 3224 1973 3294 exposuit,
2014 3233 2072 3280 ut
2120 3224 2172 3280 in

584 3316 696 3389 ipsa
725 3317 892 3387 prima
923 3317 1181 3388 petitione
1207 3303 1661 3391 perseverantiam
1694 3332 1793 3374 nos
1816 3316 2021 3373 diceret
2051 3330 2173 3387 pos-

583 3426 705 3465 cere
730 3427 745 3476 ;
774 3410 825 3465 id
852 3424 950 3465 nos
978 3426 1133 3465 orare
1164 3402 1413 3465 asserens
1436 3451 1451 3475 ,
1494 3408 1723 3464 dicendo
1749 3452 1764 3476 ,
1811 3408 2173 3479 Sancﬁ/icetur

583 3517 761 3554 nomen
793 3509 933 3554 tuum
962 3499 982 3579 (
1009 3498 1197 3553 Matth.
1228 3515 1280 3555 vn
1307 3541 1322 3568 ,
1350 3498 1447 3571 9),
1478 3514 1599 3554 cum
1622 3499 1731 3569 jam
1761 3499 1814 3554 in
1846 3499 2172 3575 Baptismate

582 3590 895 3649 sanctificati
925 3590 1214 3657 fuerimus;
1249 3602 1305 3646 ut
1331 3588 1391 3646 in
1423 3608 1489 3647 eo
1529 3593 1669 3667 quod
1710 3608 1831 3649 esse
1864 3594 2165 3665 cmpimus,

580 3701 1004 3763 perseveremus.
1042 3683 1274 3741 Videant
1306 3696 1483 3741 tamen
1520 3684 1590 3753 ii,
1616 3685 1828 3765 [quibus
1865 3687 2169 3744 amantibus

580 3795 668 3834 me
692 3820 707 3847 ,
738 3779 978 3849 ingratus
999 3794 1119 3835 esse
1144 3792 1255 3835 non
1283 3775 1455 3835 debeo
1479 3818 1494 3842 ,
1523 3775 1613 3849 qui
1640 3787 1837 3848 praeter
1878 3777 1980 3834 hoc
2025 3777 2170 3850 quod

579 3864 631 3925 iri
661 3871 1011 3942 quzestionem
1037 3870 1217 3955 venit,
1247 3870 1425 3927 omnia
1456 3886 1576 3927 mea
1600 3911 1617 3938 ,
1650 3872 1789 3927 sicut
1814 3871 2077 3939 scribitis,
2108 3886 2170 3931 se

580 3948 898 4039 profitentur
942 3948 1193 4038 amplecti
1238 3982 1253 4022 :
1291 3963 1542 4039 videant,
1590 3965 1837 4038 inquam,
1885 3974 2062 4022 utrum
2114 3967 2167 4022 in

577 4056 734 4127 primi
783 4038 903 4110 libri
952 4050 1340 4128 posterioribus
1376 4038 1652 4129 partibus,
1698 4072 1911 4139 eorum.
1941 4057 2167 4113 duorum

576 4164 710 4220 quos
767 4148 871 4203 mei
924 4140 1262 4220 episcopatus
1311 4148 1501 4214 initio,
1547 4157 1832 4219 antequam
1886 4149 2169 4232 Pelagiana

576 4239 798 4296 bteresis
823 4250 1142 4313 appareret,
1174 4238 1240 4296 ad
1279 4230 1677 4311 Simplicianum
1718 4230 2166 4300 Mediolanensem

575 4328 881 4407 episcopum
929 4331 1121 4405 scripsl
1146 4375 1161 4401 ,
1201 4332 1520 4389 remanserit
1560 4333 1758 4407 aliquid
1800 4350 1904 4406 quo
1946 4345 2168 4392 vocetur

574 4426 629 4481 in
656 4426 875 4482 dubium
902 4468 915 4489 ,
945 4427 1167 4498 gratiam
1194 4424 1286 4480 Dei
1317 4439 1421 4479 non
1449 4424 1742 4503 secundum
1772 4427 1956 4481 merita
1984 4436 2166 4485 nostra

574 4518 688 4573 dari
720 4537 734 4573 :
765 4527 819 4573 et
849 4510 1024 4573 utrum
1058 4514 1127 4573 ibi
1158 4532 1263 4572 non
1303 4512 1437 4572 satis
1471 4518 1674 4589 egerim
1701 4559 1716 4583 .
1761 4519 1918 4587 etiam
1957 4520 2164 4575 initium

575 4608 697 4663 fidei
726 4624 844 4664 esse
872 4607 1070 4663 donum
1104 4592 1196 4663 Dei
1226 4626 1238 4662 :
1268 4616 1323 4664 ot
1351 4616 1526 4669 utrum
1554 4624 1619 4664 ex
1661 4608 1726 4665 iis
1753 4625 1872 4687 qua:
1912 4611 1981 4667 ibi
2023 4611 2165 4667 dicta

573 4710 737 4766 sunt,
766 4717 869 4756 non
897 4712 1286 4775 consequenter
1309 4703 1551 4772 eluceat,
1581 4705 1679 4760 etsi
1710 4719 1815 4761 non
1844 4704 1913 4761 sit
1941 4722 2164 4781 expres-

573 4810 689 4851 sum
720 4836 735 4862 ,
767 4797 928 4851 etiam
957 4811 1127 4868 usque
1154 4798 1206 4853 in
1238 4797 1396 4852 finem
1425 4801 1877 4873 perseverantiam
1914 4818 2018 4859 non
2062 4804 2165 4860 nisi

573 4890 640 4945 ab
665 4905 729 4945 eo
753 4889 939 4945 donari
965 4932 981 4958 ,
1012 4891 1099 4961 qui
1128 4906 1225 4946 nos
1254 4892 1653 4962 prmdestiuavit
1678 4895 1731 4951 in
1757 4911 1910 4952 suum
1938 4913 2161 4969 regnum

573 4990 627 5037 et
652 4981 896 5052 gloriam.
934 4981 1135 5037 Deinde
1166 4983 1332 5053 ipsam
1363 4985 1640 5055 epistolam
1670 5029 1684 5053 ,
1711 5004 1868 5059 quam
1894 4989 2005 5061 jam
2026 5006 2159 5047 con.-

574 5082 651 5128 tra
684 5073 993 5145 Pelagianos
1015 5062 1087 5128 ad
1107 5082 1345 5130 sanetum
1370 5076 1643 5157 Paulinum
1670 5078 1928 5136 Nolanum
1950 5082 2159 5151 episco-

573 5181 698 5237 pum
729 5163 863 5231 feci,
892 5154 979 5220 cui
1003 5164 1242 5235 epistolae
1270 5154 1638 5243 contradicere
1662 5170 1820 5233 modo
1839 5182 2119 5243 coeperunt
2139 5214 2156 5240 ,

572 5272 752 5314 nonne
776 5264 901 5312 ante
926 5272 1096 5314 annos
1137 5257 1396 5335 plurimos
1416 5258 1619 5339 edidi?
1673 5261 1803 5318 Eam
1834 5279 2045 5337 quoque
2074 5264 2160 5323 in-

576 5352 847 5423 spiciant,
877 5366 1033 5423 quam
1077 5350 1198 5409 dedi
1246 5351 1564 5429 adSixtum
1607 5353 1863 5412 Romana:
1908 5357 2161 5417 Ecclesia:

575 5443 947 5516 presbyterum
972 5485 988 5511 ,
1030 5443 1243 5519 quando
1272 5444 1529 5503 adversus
1554 5446 1869 5521 Pelagianos
1895 5455 2158 5519 acerrima

570 5534 964 5609 conflictatione
991 5538 1351 5611 certavimus;
1377 5548 1434 5597 et
1462 5540 1619 5598 talem
1648 5542 1954 5613 reperient,
1984 5548 2158 5619 qualis

570 5624 663 5683 illa
687 5637 771 5685 est
796 5628 863 5685 ad
891 5628 1193 5688 Paulinum.
1221 5629 1376 5690 Unde
1402 5634 1681 5705 recolant,
1702 5636 1961 5696 adversus
1988 5642 2160 5700 haere-

572 5720 672 5778 sim
699 5722 1037 5794 Pelagianam
1053 5723 1165 5798 jam
1184 5733 1309 5785 ante
1334 5724 1535 5803 aliquot
1559 5744 1729 5789 annos
1750 5731 1851 5788 ista
1872 5733 2013 5790 dicta
2036 5750 2158 5794 esse

572 5821 743 5899 atque‘
759 5816 1059 5889 conscripta
1084 5858 1101 5883 ,
1132 5831 1249 5899 quae
1272 5833 1423 5899 nunc
1439 5819 1521 5877 eis
1541 5820 1828 5894 displicere
1853 5809 2156 5885 mirandum

571 5913 673 5961 est.
690 5903 944 5974 Quamvis
966 5908 1235 5965 neminem
1250 5910 1408 5968 velim
1426 5910 1504 5969 sic
1523 5914 1769 5985 amplecti
1791 5917 1972 5974 omnia
1991 5932 2108 5977 mea
2127 5961 2142 5986 ,

1834 418 1891 478 s.
1931 379 2298 475 iustissimi
2335 404 2639 475 EPISCOPI

3736 425 3876 482 1028

2289 522 2348 592 ui
2374 552 2461 593 me
2481 522 2733 609 sequatur
2753 579 2768 607 ,
2792 522 2893 593 nisi
2914 537 2968 593 in
2996 536 3061 596 iis
3087 537 3140 594 in
3164 536 3359 608 quibus
3380 552 3467 611 me
3487 552 3592 594 non
3612 532 3827 598 eirasse
3851 539 3869 571 ¹

2288 629 2636 701 perspexerit.
2688 627 2817 683 Nam
2860 638 3136 700 propterea
3186 644 3329 697 nunc
3374 627 3512 688 facio
3558 629 3758 703 libros,
3816 634 3870 688 in

2287 722 2477 801 quibus
2505 721 2758 792 opuscula
2790 737 2907 779 mea
2932 722 3269 801 retractanda
3296 724 3507 799 suscepi
3531 767 3548 793 ,
3575 735 3632 781 ut
3654 741 3756 783 nec
3783 743 3871 784 me

2287 798 2459 883 ipsum
2493 814 2545 867 iu
2577 815 2825 869 omnibus
2854 831 2940 870 me
2980 825 3221 871 secutum
3254 798 3422 871 fuisse
3458 816 3823 879 demonstrem
3846 863 3864 888 ,

2287 907 2381 963 sed
2403 908 2743 986 prolicienter
2763 922 2848 964 me
2867 907 3112 967 existimo
3130 909 3241 965 Deo
3260 909 3548 983 miserante
3568 911 3867 983 scripsisse,

2287 1018 2393 1057 non
2442 1010 2620 1058 tamen
2669 1018 2698 1058 a
2749 1002 3076 1077 perfectione
3117 1003 3387 1074 cepisse:
3437 1004 3870 1078 quandoquidem

2288 1094 2625 1163 arrogantius
2651 1094 2839 1167 loquor
2862 1110 3020 1169 quam
3046 1095 3223 1151 verius
3241 1136 3256 1159 ,
3288 1096 3335 1151 si
3367 1097 3450 1152 vel
3478 1111 3616 1163 nunc
3637 1097 3757 1155 dico
3782 1080 3868 1156 me

2286 1186 2352 1242 ad
2382 1187 2764 1258 perfectionem
2794 1189 2911 1245 sine
2931 1190 3040 1245 ullo
3059 1204 3244 1246 errore
3268 1189 3539 1248 scribendi
3561 1190 3668 1260 jam
3688 1192 3741 1248 in
3771 1192 3869 1249 ista

2286 1288 2441 1334 tetate
2468 1280 2697 1339 venisse.
2730 1279 2838 1338 Sed
2869 1282 3090 1339 interest
3117 1290 3375 1357 quantum
3406 1292 3461 1339 et
3490 1283 3545 1337 in
3568 1283 3758 1353 quibus
3782 1299 3869 1342 re-

2286 1369 2385 1425 bus
2433 1380 2678 1438 errctur;
2728 1382 2783 1428 et
2825 1389 2984 1445 quam
3033 1373 3187 1429 facile
3224 1373 3450 1445 quisque
3485 1374 3748 1447 corrigat,
3789 1377 3871 1433 vel

2285 1471 2479 1534 quanta
2506 1465 2800 1533 pertinacia
2830 1480 2984 1519 suum
3021 1464 3309 1521 defendere
3348 1474 3572 1523 conetur
3615 1481 3867 1527 errorem.

2289 1556 2447 1612 Bonae
2475 1557 2673 1628 quippe
2700 1558 2813 1629 spei
2841 1568 2924 1613 est
2953 1557 3115 1614 homo
3134 1599 3150 1627 ,
3183 1559 3229 1614 si
3255 1574 3377 1616 eum
3403 1559 3485 1615 sic
3510 1560 3867 1629 proficientem

2285 1647 2400 1704 dies
2430 1649 2654 1707 ultimus
2682 1652 2806 1707 vita:
2837 1650 2996 1723 hujus
3035 1652 3299 1709 invenerit
3322 1693 3338 1719 ,
3383 1662 3440 1708 ut
3476 1651 3797 1723 adjiciantur
3822 1657 3870 1712 ei

2284 1757 2403 1817 qua:
2458 1742 2756 1817 proficienti
2811 1743 3131 1810 defuerunt,
3189 1752 3245 1802 et
3297 1744 3659 1815 perficiendae
3707 1762 3866 1818 quam

2284 1834 2580 1906 puniendus
2606 1834 2785 1909 potius
2804 1831 3101 1905 iudicetur;

2355 1923 2444 1979 56.
2486 1925 2744 1993 Quocirca
2774 1968 2788 1991 ,
2839 1928 2883 1983 si
2930 1926 3279 1995 hominibus,
3324 1928 3413 1998 qui
3459 1938 3736 2000 propterea
3782 1947 3869 1988 me

2284 2019 2621 2089 dilexerunt,
2652 2021 2775 2093 quia
2804 2022 3049 2093 pervenit
3074 2022 3139 2078 ad
3166 2036 3261 2081 eos
3283 2064 3298 2089 ,
3327 2032 3615 2093 antequam
3639 2039 3722 2081 me
3747 2023 3871 2080 diti.

2281 2124 2502 2187 gerent,
2533 2112 2705 2186 aliqua
2736 2116 2837 2171 mei
2870 2116 3070 2179 laboris
3099 2117 3296 2173 utilitas
3318 2159 3332 2182 ,
3366 2117 3493 2173 nolo
3522 2117 3754 2175 existere
3782 2120 3868 2175 in-

2281 2217 2466 2277 gratus
2496 2223 2510 2263 :
2538 2216 2740 2277 quanto
2767 2208 2937 2279 magis
2963 2208 3078 2267 Deo
3098 2249 3114 2273 .
3149 2224 3309 2279 quem
3347 2223 3461 2266 non
3484 2208 3829 2280 diligeremus‘
3848 2252 3863 2277 ,

2283 2295 2387 2352 nisi
2418 2297 2565 2372 prius
2594 2296 2868 2360 dilexisset
2891 2312 2991 2354 nos
3013 2340 3030 2365 ,
3059 2307 3115 2355 et
3142 2297 3363 2356 fecisset
3389 2299 3678 2357 dilectores
3691 2302 3868 2358 suos?

2282 2390 2537 2462 quoniam
2563 2387 2796 2445 charitas
2821 2405 2887 2447 ex
2918 2390 3036 2459 ipso
3072 2397 3156 2447 est
3197 2388 3442 2463 (lJoan.
3472 2406 3548 2459 tv,
3580 2391 3614 2448 7
3639 2392 3661 2463 )
3691 2409 3706 2448 :
3735 2395 3870 2449 sicut

2281 2478 2530 2535 dixerunt
2553 2495 2690 2555 quos
2716 2480 2840 2537 fecit
2864 2496 3086 2553 magnos
3110 2522 3125 2547 ,
3171 2497 3275 2546 non
3322 2481 3498 2539 solum
3535 2492 3801 2539 amatores
3820 2483 3862 2552 ’,

2282 2587 2464 2631 verum
2490 2572 2651 2628 etiam
2676 2572 3059 2645 prtedicatores
3079 2588 3226 2630 suos.
3267 2573 3404 2642 Quid
3441 2582 3528 2631 est
3565 2583 3742 2633 autem
3785 2574 3869 2630 in-

2282 2664 2516 2736 gratius,
2552 2679 2711 2739 quam
2758 2680 2952 2736 negare
2996 2667 3165 2738 ipsam
3204 2668 3430 2738 gratiam
3468 2668 3606 2733 Dei,
3645 2666 3867 2723 dicendo

2280 2770 2398 2812 eam
2427 2756 2719 2817 secundum
2746 2758 2933 2813 merita
2960 2768 3142 2815 nostra
3164 2758 3503 2839 dariiQuud
3550 2760 3603 2817 in
3639 2758 3869 2831 Pelagia—

2282 2850 2367 2909 nis
2396 2850 2531 2908 tldes
2554 2849 2823 2922 catholica
2845 2851 3126 2913 exhorruit
3149 2893 3163 2916 ,
3193 2852 3336 2924 quod
3360 2852 3461 2923 ipsi
3487 2851 3707 2923 Pelagio
3729 2851 3870 2933 capi-

2282 2942 2389 2998 tale
2414 2943 2616 2999 crimen
2645 2943 2845 3014 objecit
2873 2944 3056 3016 :.quod
3083 2945 3198 3016 ipse
3224 2945 3471 3016 Pelagius
3490 2987 3505 3013 ,
3531 2960 3639 3005 non
3659 2945 3867 3017 quidem

2279 3051 2464 3093 amore
2512 3037 2754 3107 veritatis
2803 3038 2941 3106 Dei,
2990 3038 3087 3097 sed
3128 3048 3306 3101 tamen
3348 3056 3463 3097 sum
3513 3040 3869 3097 damnationis

2281 3126 2474 3184 timore
2499 3127 2793 3186 damnavit.
2822 3129 3077 3202 Quisquis
3105 3140 3282 3191 autem
3312 3130 3495 3189 dicere
3522 3133 3745 3203 gratiam
3774 3131 3867 3188 Dei

2278 3220 2573 3279 secundum
2600 3221 2787 3297 merita
2814 3228 3007 3283 nostra
3025 3222 3183 3291 dari,
3204 3223 3345 3283 sicut
3370 3224 3675 3282 catholicus
3704 3223 3868 3281 ﬁdelis

2278 3314 2569 3383 exhorret;
2612 3302 2713 3371 nec
2755 3316 2921 3387 ipsam
2967 3316 3129 3373 fidem
3173 3317 3452 3374 subtrahat
3499 3319 3598 3375 Dei
3645 3318 3863 3392 gratia),

2276 3420 2380 3478 qua
2408 3405 2871 3467 'misericordiam
2905 3416 3225 3467 consecutus
3261 3419 3345 3467 est
3379 3417 3438 3465 ut
3464 3408 3645 3467 ﬁdelis
3687 3410 3863 3466 esset:

2276 3516 2340 3557 ac
2362 3516 2461 3571 per
2487 3498 2589 3558 hoc
2609 3502 2797 3574 gratia:
2826 3502 2921 3558 Dei
2948 3502 3149 3560 tribuat
3176 3504 3627 3574 perseverantiam
3657 3517 3865 3577 quoque

2277 3606 2448 3662 usque
2494 3591 2548 3646 in
2598 3592 2798 3661 tinem,
2854 3608 2958 3664 qua
3009 3593 3449 3651 misericordiam
3481 3597 3863 3667 consequitur,

2276 3697 2434 3753 quam
2464 3683 2943 3755 poscitquotidie,
2986 3700 3056 3743 ne
3095 3684 3355 3743 inferatur
3398 3687 3455 3742 in
3494 3688 3861 3744 tentationem.

2275 3774 2422 3833 Inter
2447 3775 2661 3840 initium,
2680 3787 2863 3835 autem
2889 3778 3009 3835 fidei
3032 3772 3088 3836 et
3107 3779 3486 3850 perfectionem
3515 3793 3865 3852 perseveran-

2276 3869 2365 3925 tia:
2381 3908 2399 3939 ,
2426 3869 2605 3927 media
2625 3880 2752 3929 sunt
2774 3872 2867 3930 illa
2886 3915 2902 3940 ,
2932 3873 3123 3944 quibus
3147 3882 3295 3931 recte
3317 3873 3551 3930 vivimus
3573 3917 3586 3941 ,
3614 3888 3738 3946 quas
3766 3873 3862 3945 ipsi

2275 3965 2438 4021 etiam
2474 3964 2663 4020 donari
2703 3963 2857 4022 nobis
2899 3981 2928 4020 a
2968 3966 3078 4023 Deo
3118 3965 3223 4023 fide
3268 3966 3589 4037 impetrante
3633 3962 3865 4023 consen-

2278 4056 2435 4112 tiunt.
2478 4055 2605 4112 Haec
2646 4067 2826 4114 autem
2873 4058 3088 4126 omnia,
3126 4058 3345 4121 initium-
3381 4060 3588 4117 scilicet
3627 4060 3867 4127 tldei,‘et

2274 4155 2467 4204 caetera
2499 4164 2667 4220 usque
2687 4151 2741 4205 in
2771 4150 2929 4206 finem
2957 4152 3096 4207 dona
3126 4167 3220 4208 sua
3247 4193 3263 4219 ,
3298 4153 3441 4208 Deus
3462 4144 3866 4226 largiturum“

2272 4239 2477 4295 vocatis
2501 4239 2612 4295 suis
2635 4254 2757 4299 esse
2779 4244 3065 4312 prmscivit.
3106 4242 3294 4299 Nimia:
3318 4243 3341 4277 "
3368 4245 3530 4316 igitur
3550 4240 3859 4303 contentio-

2273 4331 2359 4389 nis
2377 4340 2490 4399 est,
2515 4332 2967 4402 prmdestinationi
3002 4335 3373 4393 contradicere
3390 4379 3406 4405 ,
3431 4336 3514 4393 vel
3542 4335 3611 4394 de
3645 4338 3862 4410 praede-

2271 4421 2562 4481 stinatione
2589 4423 2853 4489 dubitare.

2343 4513 2570 4571 CAPUT
2596 4514 2760 4571 XXII.
2787 4546 2860 4558 --
2883 4516 2974 4572 57.
3014 4517 3145 4584 Quae
3184 4527 3361 4577 tamen
3393 4534 3498 4576 non
3533 4520 3607 4576 ita
3648 4521 3864 4594 populis

2271 4604 2607 4674 praedicanda
2637 4615 2751 4673 est,
2782 4615 2841 4663 ut
2861 4607 3007 4679 apud
3050 4608 3349 4680 imperitam
3378 4613 3462 4667 vel
3491 4611 3750 4668 tardioris
3776 4614 3857 4669 in-

2270 4694 2575 4766 telligentia:
2606 4696 2997 4755 multitudinem
3028 4699 3271 4771 redargui
3295 4702 3526 4774 quodam
3557 4705 3723 4761 modo
3749 4706 3860 4777 ipsa

2269 4800 2365 4845 sua
2393 4786 2767 4858 praedicatione
2795 4789 3071 4847 videatur:
3097 4791 3232 4847 sicut
3274 4794 3521 4865 redargui
3552 4795 3773 4853 videtur
3813 4805 3862 4853 et

2269 4882 2603 4952 prmscientia
2631 4883 2730 4939 Dei
2756 4884 2933 4955 (quam
2962 4893 3110 4942 certe
3136 4902 3332 4956 negare
3361 4904 3467 4943 non
3496 4893 3790 4961 possunt),
3818 4890 3859 4947 si

2268 4974 2479 5031 dicatur
2514 4975 2854 5043 hominibus,
2892 4996 2913 5031 ι
2942 4977 3067 5035 Sive
3112 4980 3366 5045 curratis,
3396 4982 3512 5038 sive
3553 4981 3857 5050 dormiatis,

2268 5068 2409 5139 quod
2435 5085 2531 5124 vos
2555 5071 2829 5141 praescivit
2851 5071 2941 5142 qui
2972 5073 3083 5131 falli
3112 5088 3218 5129 non
3251 5083 3430 5145 potest
3448 5118 3462 5142 ,
3492 5076 3596 5133 hoc
3622 5078 3801 5135 eritis.
3835 5097 3853 5131 ›

2268 5160 2449 5217 Dolosi
2477 5171 2655 5218 autem
2684 5164 2767 5220 vel
2797 5164 3028 5236 imperiti
3051 5165 3243 5222 medici
3264 5176 3345 5223 est
3361 5209 3379 5233 ,
3401 5168 3563 5223 etiam
3585 5170 3719 5226 utile
3744 5185 3847 5225 me;

2267 5251 2624 5311 dicamentum
2646 5256 2727 5314 sic
2742 5256 2987 5329 alligare,
3010 5266 3069 5313 ut
3086 5268 3178 5314 aut
3204 5274 3309 5314 non
3342 5260 3539 5331 prosit,
3574 5270 3670 5317 aut
3694 5261 3854 5318 obsit.

2265 5345 2373 5403 Sed
2401 5346 2683 5403 dicendum
2731 5358 2849 5418 est,
2887 5349 2976 5407 Sic
3018 5350 3250 5420 currite,
3284 5360 3343 5409 ut
3386 5353 3859 5426 comprehendatis

2222 5446 2227 5451 ‘
2266 5435 2453 5508 (lCor.
2496 5454 2572 5507 ix,
2602 5439 2727 5513 2i),
2769 5450 2928 5512 atque
2971 5451 3031 5503 ut
3074 5443 3191 5514 ipso
3232 5458 3393 5501 cursu
3446 5457 3632 5503 vestro
3661 5447 3733 5503 ita
3763 5461 3856 5504 vos

2264 5543 2386 5586 esse
2416 5532 2766 5603 praecognitos
2791 5535 3065 5603 noveritis,
3098 5546 3157 5592 ut
3187 5535 3422 5609 legitime
3440 5539 3771 5597 curreretis:
3805 5545 3861 5598 et

2330 5662 2359 5747 ξ’
2381 5682 2458 5747 sic
2477 5689 2583 5747 Mss.
2618 5691 2672 5737 At
2693 5684 2831 5747 editi,
2863 5698 3051 5740 errare.

2327 5743 2351 5806 ρ
2379 5742 2531 5806 Editlo
2551 5742 2902 5806 Er.,'oratores.

2328 5805 2361 5887 ἶ
2381 5804 2606 5887 Plerique
2636 5804 2942 5887 manuscriptj
2964 5811 3057 5863 hoc
3086 5819 3139 5865 et
3160 5816 3377 5879 proxtnio
3398 5824 3571 5881 postea
3593 5818 3721 5884 loco,
3745 5836 3848 5887 pro

2265 5880 2377 5933 (μίαν
2414 5867 2615 5933 δαὲὶξωι»

2249 5996 2254 6001 μ
2279 5929 2289 5933 ⁷
2334 5931 2355 5963 ι
2387 5929 2670 5984 uoallienSis
2692 5940 2794 5995 Ms,
