3996 6478
190 528 229 583 si
250 537 349 596 quo
369 522 475 579 alio
500 521 666 579 modo
709 521 803 578 Dei
843 520 1176 593 prreseientia
1220 519 1493 591 praedicari
1526 526 1741 591 potest,

189 627 236 673 ut
259 614 480 671 hominis
508 614 734 684 segnitia
766 613 1083 682 repellatur.

240 708 322 766 58.
373 707 627 775 Quamvis
666 721 795 776 ergo
846 706 916 759 ita
961 721 1019 760 se
1048 704 1239 759 haheat
1283 703 1349 759 de
1394 702 1743 773 praedestina-

186 803 310 859 tione
333 798 551 854 deﬁnita
586 798 848 854 sententia
876 795 1160 851 voluntatis
1183 794 1317 863 Dei,
1356 804 1414 851 ut
1444 795 1529 850 alii
1558 810 1626 850 ex
1663 794 1744 848 in-

187 892 444 956 fidelitate,
487 894 705 959 accepta
749 888 1021 943 voluntate
1065 885 1380 947 obediendi,
1426 892 1740 942 convertan-

188 998 258 1041 tur
275 984 337 1040 ad
377 982 539 1039 ﬁdem
564 1024 581 1051 ,
624 980 707 1037 vel
740 988 1083 1052 perseverent
1124 980 1176 1035 in
1218 979 1355 1044 ﬁde;
1398 977 1577 1034 cmteri
1611 991 1740 1032 vero

187 1078 260 1149 qui
282 1078 331 1132 in
374 1084 716 1147 peccatorum
743 1074 1124 1131 damnabilium
1154 1073 1509 1131 delectatione
1554 1087 1740 1127 remo-

189 1177 362 1233 rantur,
390 1165 437 1222 si
480 1173 540 1221 et
580 1165 680 1237 ipsi
709 1165 1070 1236 prtedestinati
1115 1172 1277 1232 sunt,
1326 1163 1448 1220 ideo
1500 1163 1739 1219 nondum

190 1266 544 1326 surrexerunt,
600 1260 721 1329 quia
769 1258 1006 1314 nondum
1045 1273 1141 1313 eos
1191 1256 1513 1327 adiutorium
1552 1256 1740 1327 gratim

189 1351 458 1410 miserantis
482 1349 658 1407 erexit
687 1366 703 1404 :
731 1349 777 1405 si
806 1350 897 1422 qui
924 1350 1067 1408 enim
1098 1348 1333 1405 nondum
1374 1356 1500 1403 sunt
1541 1348 1737 1414 vocali,

190 1458 300 1517 quos
331 1441 496 1517 gratia
536 1456 633 1503 sua
678 1440 1074 1513 przedestinavit
1122 1440 1426 1513 eligendos,
1476 1440 1739 1510 accipient

189 1534 393 1599 eamdem
418 1533 643 1604 gratiam
668 1575 684 1600 ,
710 1547 811 1603 qua
842 1532 999 1589 electi
1020 1546 1140 1589 esse
1167 1531 1186 1565 ¹
1210 1532 1376 1588 velint
1402 1539 1457 1587 et
1494 1530 1642 1597 sint;
1692 1530 1738 1585 si

191 1626 263 1697 qui
283 1633 445 1681 autem
482 1623 743 1683 obedinnt
764 1666 779 1691 ,
808 1624 902 1681 sed
931 1625 988 1681 in
1012 1639 1234 1694 regnum
1261 1623 1378 1699 ejus
1426 1630 1483 1681 et
1515 1622 1738 1695 gloriam

193 1716 514 1791 praedestinati
543 1732 651 1773 non
694 1725 854 1784 sunt,
903 1716 1224 1791 temporales
1252 1725 1396 1781 sunt,
1435 1731 1535 1773 nec
1564 1729 1735 1785 usque

191 1812 232 1865 in
253 1810 393 1867 finem
412 1808 467 1864 in
493 1808 681 1864 eadem
703 1808 1005 1865 obedientia
1031 1806 1421 1878 permanebunt
1449 1823 1462 1861 :
1492 1805 1738 1886 quamvis

190 1917 294 1974 ergo
319 1903 422 1958 huic
448 1916 572 1958 vera
603 1900 743 1970 sint,
785 1916 891 1965 non
936 1910 1114 1958 tamen
1159 1900 1265 1957 isto
1314 1900 1475 1957 modo
1514 1898 1737 1957 dicenda

191 2001 290 2049 sunt
308 1993 634 2049 audientibus
655 1993 857 2058 multis,
883 2002 943 2049 ut
968 2008 1147 2050 sermo
1169 1993 1235 2049 ad
1255 1994 1400 2066 ipsos
1426 1993 1584 2049 etiam
1608 2007 1741 2049 con~

194 2093 409 2150 vertatur,
459 2084 644 2156 eisque
693 2084 940 2141 dicantur
979 2084 1071 2141 illa
1117 2084 1340 2140 istorum
1387 2084 1548 2141 verba
1574 2126 1588 2149 ,
1618 2098 1737 2153 quae

193 2175 347 2232 vestris
367 2176 558 2233 litteris
588 2174 877 2242 indidistis,
902 2186 956 2232 et
982 2192 1099 2247 qua:
1136 2176 1382 2247 superius
1401 2173 1694 2245 interposui
1719 2190 1732 2229 :

200 2268 301 2324 illa
322 2283 373 2324 se
396 2268 555 2325 habet
583 2267 652 2322 de
697 2267 1168 2339 prmdeslinalione
1209 2268 1429 2326 definita
1470 2267 1733 2324 sententia

194 2359 432 2415 voluntatis
456 2358 592 2425 Dei,
625 2367 685 2415 ut
731 2359 821 2414 alii
861 2374 924 2415 ex
957 2359 1109 2414 vobis
1132 2357 1203 2417 de
1252 2352 1597 2421 itindelitate,
1646 2373 1736 2415 ac-

195 2458 313 2520 cepta
338 2448 612 2504 ohediendi
644 2435 939 2516 voluntate,
964 2449 1222 2507 veneritis
1247 2449 1313 2504 ad
1344 2448 1522 2505 ﬁdem.
1554 2466 1572 2501 ι
1600 2447 1737 2515 Quid

196 2554 300 2612 opus
323 2547 397 2596 est
437 2539 575 2604 dici,
633 2558 653 2592 ι
689 2539 778 2596 alii
808 2555 875 2596 ex
906 2539 1097 2595 vobis?
1124 2558 1145 2592 ι
1192 2538 1250 2597 Si
1294 2540 1436 2597 enim
1483 2540 1737 2595 Ecclesim

196 2628 266 2685 Dei
290 2630 559 2700 loquimur,
587 2630 632 2686 si
660 2630 999 2693 credentibus
1027 2630 1317 2701 loquimur,
1355 2646 1451 2686 cur
1476 2631 1611 2687 alios
1640 2646 1735 2687 co-

197 2738 286 2777 rum
310 2723 366 2778 ad
393 2723 549 2779 ﬁdem
577 2722 792 2780 venisse
814 2723 1075 2791 dicentes,
1120 2723 1332 2780 czeteris
1360 2723 1535 2780 fact-re
1558 2722 1740 2778 videa-

196 2832 289 2872 mur
317 2815 591 2887 iujuriam;
622 2831 745 2873 cum
788 2818 1055 2887 possimus
1081 2815 1455 2887 congruentius
1504 2814 1733 2871 dicere:

196 2908 255 2963 ita
270 2924 323 2973 se,
343 2908 494 2967 habet
519 2908 589 2965 de
615 2908 1082 2980 praedestinatione
1114 2906 1333 2963 deﬁnita
1359 2907 1621 2964 sententia
1638 2922 1733 2962 vo-

198 3000 381 3054 Iunlatis
406 2986 515 3069 Dei,
544 3008 606 3056 ut
639 3014 705 3055 ex
736 2998 1046 3056 inﬁdelitate
1074 2999 1327 3055 veneritis
1353 2998 1418 3053 ad
1459 2998 1618 3054 fidem
1646 3013 1738 3054 ac-

195 3104 317 3163 cepta
343 3092 609 3149 voluntate
648 3090 930 3148 obediendi
952 3131 971 3159 ,
1001 3098 1054 3153 et
1081 3100 1299 3162 accepta
1337 3090 1734 3162 perseverantia

195 3183 506 3254 permaneatis
534 3185 590 3238 in
620 3182 764 3238 fide?
854 3198 859 3201 '

248 3277 320 3333 59.
348 3275 449 3332 Nec
476 3264 768 3349 illudquod
795 3273 1052 3346 sequitur,
1078 3280 1163 3331 est
1186 3274 1402 3331 omnino
1426 3272 1733 3341 dicendum,

194 3368 232 3423 id
251 3376 357 3425 est:
391 3385 409 3419 ι
436 3367 627 3423 Cmtcri
655 3380 784 3422 vero
814 3366 901 3437 qui
934 3366 985 3420 in
1012 3373 1350 3436 peccatorum
1382 3364 1735 3421 delectatione

194 3459 531 3527 remoramini,
553 3455 677 3515 ideo
715 3456 948 3513 nondum
980 3456 1309 3525 surrexistis,
1339 3455 1462 3531 quia
1508 3455 1733 3512 necdum

192 3569 264 3609 vos
284 3552 590 3624 adjutorinm
630 3551 817 3625 gratiae
860 3548 1171 3605 miserantis
1198 3549 1390 3605 erexit.
1421 3568 1441 3603 ι
1476 3540 1611 3606 Cum
1638 3549 1734 3604 be-

192 3659 244 3699 ne
268 3652 316 3700 et
340 3643 712 3700 convenienter
732 3640 837 3698 dici
864 3640 1032 3712 possit
1050 3647 1105 3696 et
1124 3638 1342 3708 debeat,
1368 3638 1425 3696 Si
1445 3640 1533 3712 qui
1559 3646 1736 3695 autem

191 3736 334 3794 adhuc
360 3738 409 3792 in
431 3745 771 3810 peccatorum
788 3733 1164 3791 damnabilium
1190 3733 1539 3791 delectatione
1560 3749 1739 3788 remo-

191 3830 355 3886 ramini
389 3873 403 3897 ,
458 3828 842 3902 apprehendite
899 3826 1303 3885 saluberrimam
1357 3825 1735 3897 disciplinam:

192 3921 308 3990 quod
336 3929 505 3977 tamen
555 3936 675 3976 cum
722 3918 990 3985 feceritis,
1034 3918 1197 3974 nolite
1249 3917 1432 3973 extolli
1477 3915 1628 3987 quasi
1670 3916 1738 3972 de

191 4012 406 4082 operibus
431 4012 659 4079 vestris,
687 4018 778 4067 aut
805 4008 1020 4083 gloriari
1059 4008 1209 4079 quasi
1242 4007 1342 4063 hoc
1370 4022 1479 4063 non
1506 4020 1737 4077 accepe-

192 4106 319 4175 ritis;
347 4107 481 4163 Deus
500 4098 589 4164 est'
621 4106 764 4163 enim
792 4094 880 4175 qui
908 4111 1160 4174 operatur
1186 4101 1238 4157 in
1263 4100 1416 4156 vobis
1438 4108 1491 4155 et
1520 4099 1657 4155 velle
1684 4106 1739 4155 et

191 4201 387 4271 operari,
415 4216 509 4272 pro
558 4199 698 4255 bona
742 4176 1013 4252 voluntate
1041 4193 1300 4268 (Philipp.
1359 4210 1414 4261 ιι,
1474 4194 1590 4267 15);
1622 4202 1677 4249 et
1707 4209 1737 4249 a

189 4292 379 4351 Domino
403 4308 619 4369 gressus
643 4292 805 4349 vestri
848 4290 1167 4362 diriguntur,
1205 4301 1265 4346 ut
1291 4289 1410 4361 ejus
1436 4288 1575 4343 viam
1605 4288 1731 4343 veli.

192 4385 244 4442 tis
281 4384 433 4459 (Psal.
466 4401 655 4452 xxxvi,
698 4384 792 4456 23)
826 4382 932 4440 :de
987 4383 1105 4455 ipso
1149 4391 1326 4437 autem
1350 4397 1511 4438 cursu
1555 4388 1736 4436 vestro

190 4476 308 4533 bono
339 4488 589 4551 rectoque
622 4476 915 4533 condiscite
959 4489 1055 4530 vos
1100 4472 1166 4530 ad
1214 4471 1738 4544 prtedestinationem

190 4569 350 4624 divina:
371 4570 554 4643 gratiae
582 4568 895 4645 pertinerea

246 4658 322 4716 60.
344 4660 471 4717 Item
501 4659 643 4732 quod
673 4659 929 4727 sequitur,
962 4664 1018 4712 et
1044 4654 1256 4721 dicitur,
1296 4674 1314 4707 ι
1346 4651 1736 4711 Verumtamen

188 4749 321 4822 siqui
348 4753 470 4807 estis
507 4748 743 4805 nondum
771 4747 963 4812 vocati,
991 4762 1127 4823 quos
1169 4746 1336 4817 gratia
1382 4761 1474 4800 sua
1522 4743 1732 4815 prmde-

188 4843 436 4897 stinaverit
460 4838 768 4913 eligendos,
798 4837 1067 4908 accipietis
1094 4836 1335 4893 eamdem
1358 4836 1601 4906 gratiam,
1634 4850 1736 4905 qua

188 4934 334 4989 velitis
355 4944 405 4989 et
431 4933 552 4988 sitis
579 4932 771 4988 electi:
811 4950 829 4984 ι
863 4930 1048 4985 durius
1074 4928 1268 4984 dicitur
1302 4944 1458 5001 quam
1498 4928 1600 4982 dici
1633 4942 1731 4998 po-

188 5034 291 5094 test,
323 5027 366 5082 si
415 5041 514 5082 nos
562 5040 667 5079 non
712 5022 1035 5093 quibuslibet
1064 5020 1367 5075 hominibus
1413 5018 1586 5090 loqui,
1639 5019 1735 5073 sed

188 5117 353 5174 Christi
378 5114 635 5174 Ecclesiae
664 5116 979 5187 cogitemus.
1017 5114 1127 5169 Cur
1152 5113 1293 5167 enim
1326 5127 1429 5166 non
1466 5111 1638 5181 potius
1668 5110 1737 5164 ita

187 5211 390 5267 dicitur:
419 5206 487 5267 Et
525 5210 572 5265 si
602 5208 691 5280 qui
736 5217 861 5261 sunt
898 5204 1133 5261 nondum
1166 5202 1373 5269 vocati,
1423 5218 1517 5272 pro
1563 5201 1641 5255 eis
1678 5209 1737 5256 ut

189 5313 410 5359 vocentur
452 5282 705 5357 oremus?
753 5297 1018 5353 Fortassis
1061 5292 1203 5351 enim
1259 5294 1337 5348 sic
1377 5290 1737 5364 pra-destinati

188 5402 315 5462 sunt,
358 5402 417 5449 ut
455 5392 657 5447 nostris
706 5388 1031 5444 orationibus
1073 5385 1454 5445 concedantur,
1497 5392 1552 5439 et
1592 5399 1735 5438 acet-

186 5486 309 5556 piant
333 5483 576 5541 eamdem
607 5480 850 5553 gratiam,
878 5482 987 5550 qua
1026 5478 1190 5531 velint
1230 5484 1387 5547 atque
1438 5473 1737 5530 efﬁciantur

186 5575 338 5632 electi.
369 5578 510 5631 Deus
538 5573 686 5629 enim
726 5570 811 5641 qui
842 5570 1015 5625 omnia
1062 5584 1179 5640 quae
1209 5567 1605 5638 praedestinavit
1639 5566 1739 5620 im-

184 5672 343 5742 plevit',
371 5671 492 5727 ideo
514 5675 575 5725 et
604 5681 701 5737 pro
730 5664 954 5720 inimicis
982 5663 1104 5719 ﬁdei
1143 5676 1299 5718 orare
1326 5675 1423 5716 nos
1452 5659 1650 5725 voluit;
1680 5652 1745 5713 ut'

180 5850 268 5963 00:“
281 5846 517 5907 verbum,
556 5850 690 5902 esse,
732 5842 822 5892 hoc
857 5839 963 5894 beo
1000 5839 1153 5892 abfuit
1181 5841 1426 5891 invetere
1463 5835 1739 5886 corlleicnsi

269 5924 341 5963 oe.
1224 5924 1237 5935 .

269 5924 341 5963 ce.
1224 5924 1237 5935 .

1076 394 1083 397 A
1177 405 1379 463 LIBER
1418 404 1513 463 DE
1547 402 1729 462 00Νο
1761 400 2376 463 "iﬁSEVERANl’Lﬁ.

3291 409 3425 468 i030

1849 516 1973 574 hinc
2014 518 2466 590 intelligeremus,
2511 519 2654 592 quod
2706 518 2827 592 ipse
2869 521 3035 578 etiam
3071 521 3419 581 fnﬁdelibus‘

1845 608 2007 667 donet
2043 620 2100 667 ut
2122 610 2365 680 credant,
2394 618 2450 669 et
2474 612 2715 669 volentes
2742 628 2812 669 ex
2839 604 3146 672 nolentibus
3175 615 3357 673 faciat.

1912 702 2002 758 6t.
2029 702 2146 760 iam
2173 719 2303 762 vero
2331 704 2471 775 quod
2511 705 2616 762 illis
2643 706 2820 762 verbis
2860 708 3221 774 connectitur,
3249 710 3419 767 miror

1842 794 1886 848 si
1915 794 2023 849 ullo
2074 795 2233 852 modo
2276 804 2453 866 potest
2472 797 2525 852 in
2571 797 2770 869 populo
2814 796 3108 854 christiano
3134 799 3417 871 quisquam

1845 885 2085 944 inﬁrmus
2135 891 2398 958 patienter
2442 889 2656 957 audire,
2695 904 2817 945 cum
2847 889 3044 947 dicitur
3071 891 3194 947 eis:
3232 908 3253 945 ε
3284 892 3420 948 Etsi

1842 980 1930 1049 qui
1960 980 2207 1045 obeditis,
2236 982 2281 1037 si
2310 982 2669 1053 praedestinati
2693 984 2824 1038 estis
2849 983 3126 1052 rejiciendi
3144 1024 3160 1050 ,
3205 984 3417 1044 subtra-

1847 1070 2044 1127 hentur
2069 1072 2355 1130 obediendi
2384 1075 2562 1142 vires,
2610 1084 2668 1130 ut
2715 1074 2934 1131 obedire
2983 1076 3225 1132 cessetis.
3259 1075 3426 1134 rlloe

1840 1164 1980 1217 enim
2007 1163 2217 1231 dicere,
2244 1165 2371 1236 quid
2405 1165 2613 1222 videtur
2636 1165 2780 1222 aliud
2805 1180 2929 1225 esse
2948 1206 2963 1230 .
3011 1174 3173 1239 quam
3195 1166 3424 1224 maledi-

1840 1270 1998 1321 cere,
2028 1263 2121 1311 aut
2145 1256 2281 1312 mala
2305 1257 2533 1328 quodam
2582 1257 2741 1313 modo
2768 1259 3123 1329 prophetare?
3149 1258 3259 1316 Sed
3291 1259 3339 1315 si
3362 1267 3419 1315 et
3444 1268 3452 1275 '

1839 1348 1907 1404 de
1926 1348 1993 1405 iis
2019 1350 2110 1419 qui
2138 1364 2242 1405 non
2266 1360 2613 1420 perseverant
2631 1393 2648 1415 .
2671 1351 2871 1422 aliquid
2900 1352 3070 1423 placet
3088 1352 3270 1410 dicere
3287 1391 3302 1418 ι
3329 1353 3415 1408 vel

1840 1452 2062 1499 necesse
2097 1451 2213 1507 est;
2256 1432 2353 1498 cur
2391 1459 2496 1499 non
2543 1444 2716 1514 potius
2744 1446 2818 1499 ita
2873 1444 3064 1500 saltem
3114 1443 3331 1511 dicitur,
3363 1452 3424 1501 ut

1840 1535 2001 1606 paulo
2026 1544 2148 1592 ante
2175 1552 2205 1590 a
2233 1551 2320 1591 me
2338 1535 2540 1593 dictum
2568 1544 2650 1592 est
2676 1554 2692 1592 :
2728 1536 2959 1607 primum
2979 1577 2994 1601 ,
3026 1545 3086 1593 ut
3114 1552 3219 1594 non
3248 1536 3318 1593 de
3342 1537 3423 1608 ipe

1840 1626 1946 1692 sis,
1980 1627 2143 1697 quiin
2176 1627 2371 1697 populo
2401 1628 2654 1692 audiunt,
2704 1628 2804 1682 hoc
2824 1627 3051 1694 dicatur,
3086 1628 3181 1685 sed
3207 1627 3277 1684 de
3298 1628 3421 1684 aliis

1840 1717 1905 1772 ad
1927 1719 2103 1787 ipsos;
2137 1718 2187 1773 id
2218 1725 2321 1784 est,
2354 1729 2541 1774 utnon
2566 1718 2798 1783 dicatur,
2841 1738 2861 1773 ι
2891 1718 2946 1775 Si
2977 1720 3066 1790 qui
3095 1719 3348 1787 obeditis,
3376 1721 3423 1776 si

1838 1809 2201 1878 prtedestinati
2227 1810 2358 1867 estis
2383 1810 2656 1880 rejicioudi
2680 1826 2694 1866 :
2732 1829 2753 1864 ι
2781 1810 2907 1876 sed,
2939 1810 2994 1867 Si
3013 1811 3103 1881 qui
3128 1811 3420 1877 obediunt;

1837 1907 1891 1951 et
1915 1905 2109 1955 Caetera
2140 1915 2233 1967 per
2258 1899 2407 1956 verbi
2436 1915 2714 1971 personam
2765 1899 2975 1957 tertiam
3000 1942 3019 1967 ,
3062 1917 3168 1958 non
3194 1914 3289 1971 per
3317 1916 3409 1960 se-

1837 1987 2062 2049 cundam
2093 1988 2153 2043 ’ἵ
2184 1988 2287 2045 lies
2310 1990 2453 2045 enim
2488 2004 2596 2046 non
2616 1990 2896 2062 optabilis,
2927 1990 3020 2049 sed
3051 1989 3425 2049 abominabilis

1837 2076 2053 2145 dicitur,
2081 2086 2137 2136 et
2164 2080 2448 2137 dnrissime
2488 2088 2646 2151 atque
2684 2081 3021 2141 odiosissima
3049 2073 3291 2152 quasi'in
3318 2097 3419 2147 au-

1837 2168 2093 2227 dientium
2135 2172 2360 2229 frontem
2410 2174 2779 2243 compellando
2805 2174 2826 2207 ³
2868 2174 3161 2241 colliditur,
3210 2176 3423 2246 quatido

1837 2261 1926 2330 qni
1953 2262 2031 2316 eis
2058 2262 2348 2333 loquitur‘,
2371 2263 2528 2327 dicit,
2568 2282 2588 2317 ι
2618 2264 2684 2319 Et
2707 2266 2863 2335 siqui
2892 2267 3022 2322 estis
3049 2266 3140 2336 qui
3164 2266 3417 2333 obedilis,

1837 2352 1882 2407 si
1909 2352 2265 2422 prtedestinati
2291 2356 2420 2412 estis
2444 2356 2740 2425 rejiciendi,
2778 2357 3157 2413 subtrahentur
3175 2358 3420 2415 obedien-

1838 2443 1892 2499 di
1921 2446 2063 2503 vires
2084 2488 2099 2513 ,
2133 2456 2188 2501 ut
2217 2446 2439 2504 obedire
2461 2449 2707 2504 cessetis.
2746 2466 2765 2503 ι
2801 2448 2938 2516 Quid
2967 2451 3108 2505 enim
3138 2452 3419 2507 sententiae

1838 2536 2077 2606 deperit,
2131 2537 2174 2591 si
2216 2538 2285 2592 ita
2316 2537 2524 2597 dicatur
2547 2555 2560 2594 :
2583 2538 2639 2596 Si
2668 2540 2758 2610 qui
2795 2546 2975 2595 autem
3020 2540 3293 2605 obedimtt,
3324 2540 3423 2599 sed

1840 2630 1891 2684 in
1912 2645 2141 2700 regnum
2172 2630 2288 2700 ejus
2322 2640 2376 2686 et
2426 2632 2649 2702 gloriam
2706 2632 3072 2703 praedestinati
3122 2648 3231 2690 non
3271 2644 3419 2702 sunt,

1841 2723 2158 2792 temporales
2187 2731 2331 2791 sunt,
2366 2740 2465 2781 nec
2495 2739 2662 2796 usque
2690 2726 2743 2780 in
2775 2726 2939 2783 finem
2986 2726 3040 2785 in
3068 2727 3257 2784 eadem
3285 2727 3421 2784 obe-

1838 2814 2033 2870 dientia
2060 2815 2486 2885 permanebunt?
2524 2816 2711 2873 Nonne
2738 2828 2795 2873 et
2816 2818 2999 2884 verius
3037 2819 3229 2879 eadem
3257 2835 3345 2876 res
3370 2829 3426 2877 et

1838 2908 2216 2976 congruentius
2245 2906 2463 2976 dicitur,
2486 2920 2671 2966 utnon
2698 2910 2827 2980 ipsis
2854 2918 3057 2968 tantum
3088 2912 3286 2969 malum
3312 2923 3428 2970 tan-

1838 3014 1997 3069 quam
2022 3008 2209 3070 optare
2248 2999 2543 3066 videamur,
2575 3001 2671 3058 sed
2719 3001 2790 3059 de
2840 3002 2961 3059 aliis
3009 3003 3231 3070 referre,
3281 3004 3426 3076 quad

1838 3091 2075 3159 oderint,
2123 3109 2221 3149 nec
2246 3094 2313 3149 ad
2362 3109 2422 3149 se
2469 3095 2783 3152 existiment
2820 3096 3118 3167 pertinere,
3160 3097 3426 3168 sperando

1838 3184 2146 3255 orandoque
2173 3185 2439 3244 meliora?
2470 3186 2564 3242 lllo
2592 3196 2769 3244 autem
2810 3188 2969 3243 modo
2988 3230 3005 3255 ,
3024 3203 3133 3260 quo
3159 3188 3213 3246 id
3237 3190 3420 3246 dicen-

1837 3273 1963 3330 dum
2015 3284 2219 3345 putant,
2270 3275 2458 3333 eadem
2508 3277 2773 3334 sententia
2818 3265 3022 3335 eisdem
3070 3295 3206 3348 pene
3247 3280 3425 3337 verbis

1837 3367 1998 3423 etiam
2035 3366 2105 3425 de
2140 3369 2472 3438 praescientia
2517 3369 2651 3437 Dei,
2694 3385 2852 3439 quam
2892 3379 3039 3426 certe
3075 3385 3272 3440 negare
3309 3385 3424 3429 non

1838 3466 2078 3528 possunt,
2112 3459 2439 3530 pronuntiari
2489 3469 2699 3529 potest,
2737 3469 2795 3516 ut
2840 3460 3069 3529 dicatur,
3106 3479 3126 3514 ι
3166 3463 3230 3518 Et
3258 3462 3304 3517 si
3332 3464 3424 3533 qui

1837 3550 2096 3619 obeditis,
2142 3552 2184 3607 si
2218 3552 2443 3622 prmsciti
2473 3554 2605 3610 estis
2635 3554 2943 3623 rejiciendi,
2991 3554 3211 3611 obedire
3239 3569 3422 3611 cessa-

1836 3642 1981 3699 bitis.
2020 3661 2039 3696 ι
2073 3641 2276 3713 Nempe
2320 3646 2422 3699 hoc
2466 3644 2803 3700 verissimum
2855 3653 2939 3700 est
2968 3662 2981 3700 :
3006 3644 3075 3699 ita
3121 3660 3290 3713 sane,
3327 3645 3424 3703 sed

1836 3736 2312 3807 improbissimum,
2355 3738 2897 3807 importunissininm,
2947 3738 3424 3808 incungruenﬁssr—

1839 3845 2013 3896 mum;
2044 3846 2152 3885 non
2184 3831 2315 3885 falso
2349 3831 2582 3901 eloquio,
2614 3828 2711 3886 sed
2749 3844 2858 3887 non
2888 3828 3178 3885 salubriter
3211 3832 3420 3896 valetu—

1837 3921 1946 3978 dini
1973 3921 2219 3978 humanas
2242 3921 2565 3977 inﬁrmitatis
2592 3920 2856 3991 apposito.
3066 3980 3075 3993 ,

1908 4014 1996 4077 62.
2052 4015 2210 4072 illum
2271 4014 2431 4070 etiam
2474 4014 2711 4080 modum,
2742 4029 2850 4085 quo
2904 4012 3159 4070 utendum
3202 4027 3321 4071 esse
3368 4014 3421 4073 in

1838 4108 2321 4179 praedestinationis
2347 4108 2722 4178 prredicatione
2748 4122 2849 4163 nos
2874 4107 3138 4174 diximus,
3172 4106 3407 4177 loquenti
3495 4127 3507 4136 ·

1837 4198 1976 4270 apud
2006 4199 2254 4269 populum
2282 4215 2387 4255 non
2408 4198 2657 4257 existimo
2676 4198 2873 4255 debere
2894 4197 3163 4271 sufﬁcere,
3192 4198 3294 4255 nisi
3318 4197 3422 4254 hoc

1838 4292 1925 4348 vel
1951 4289 2251 4363 huiusmodi
2284 4290 2491 4363 aliquid
2518 4289 2725 4356 ‘addat,
2777 4298 2836 4344 ut
2887 4290 3029 4345 dicat
3057 4305 3072 4342 :
3106 4289 3212 4345 Vos
3241 4289 3422 4360 itaque

1838 4353 2012 4439 etiam’
2028 4383 2198 4455 ipsam
2223 4358 2505 4438 obediendi
2549 4383 2997 4457 perseverantiam
3054 4397 3084 4435 a
3134 4382 3294 4439 Pat.‘e
3335 4382 3411 4436 lu-

1838 4478 2075 4544 minum,
2107 4491 2137 4531 a
2166 4474 2595 4550 quodescendit
2638 4491 2797 4533 omne
2834 4476 3014 4530 datum
3062 4474 3320 4545 optimum
3345 4483 3421 4531 ~et

1838 4584 1998 4627 omne
2045 4568 2242 4624 donum
2269 4568 2559 4640 perfectum
2605 4566 2815 4640 (Jacobi
2836 4583 2874 4634 ι,
2906 4565 3037 4638 l7),
3069 4580 3289 4637 sperare
3317 4564 3417 4622 de-

1840 4661 1998 4725 betis,
2026 4669 2081 4717 et
2108 4660 2433 4733 quotidianis
2475 4647 2803 4717 orationibus
2841 4674 3098 4731 poscere,
3130 4669 3291 4730 atque
3318 4659 3420 4714 hoc

1840 4751 2082 4827 faciendo
2112 4751 2380 4806 conlidere
2399 4793 2416 4817 ,
2464 4765 2571 4806 non
2599 4765 2693 4806 vos
2740 4765 2860 4806 esse
2888 4766 2918 4805 a
2950 4750 3421 4822 prmdestinatione

1840 4842 2018 4913 populi
2058 4842 2171 4913 ejus
2201 4842 2435 4907 alienos;
2468 4841 2588 4911 quia
2630 4841 2789 4897 etiam
2822 4842 2923 4897 hoc
2960 4850 3017 4897 ut
3047 4842 3272 4908 faciatis,
3306 4843 3419 4912 ipse

1839 4935 2079 5006 largitur.
2107 4933 2259 4989 Absit
2281 4943 2456 4989 autem
2483 4948 2512 4985 a
2539 4932 2690 4987 vobis
2710 4973 2725 4999 ,
2760 4931 2879 4988 ideo
2906 4926 3197 5003 desperare
3225 4933 3291 4987 de
3318 4947 3417 4986 vo-

1839 5028 1951 5092 bis,
1982 5026 2231 5098 quoniam
2266 5041 2413 5097 spem
2441 5035 2669 5080 vestram
2697 5026 2752 5080 in
2783 5027 2899 5097 ipso
2922 5024 3118 5081 habere
3132 5026 3415 5097 jubemini,

1841 5137 1947 5177 non
1977 5120 2028 5175 in
2056 5118 2225 5174 vobis.
2256 5117 2561 5173 Maledictns
2586 5118 2727 5175 enim
2748 5118 2921 5174 omnis
2959 5118 3048 5189 qui
3068 5131 3219 5189 spem
3250 5118 3415 5175 habet

1901 5339 1921 5373 ι
1953 5344 2136 5387 omnes
2150 5338 2280 5393 Mss,
2306 5330 2546 5393 ﬁdelibus.

1901 5401 1922 5431 ¹
1956 5386 2057 5449 Am.
2082 5402 2139 5446 Er
2193 5401 2245 5445 et
2268 5386 2436 5459 plures
2478 5402 2605 5459 Mss,
2649 5404 2737 5457 per
2770 5390 2902 5444 uerbi
2936 5403 3187 5457 personam
3225 5386 3417 5440 tertiam

1838 5459 2091 5519 dicantur,
2112 5469 2206 5507 non
2230 5456 2316 5522 per
2347 5456 2625 5522 semiudum.

1902 5509 1924 5558 ἰ
1944 5509 2027 5573 δίο
2042 5509 2144 5570 Ain.
2167 5509 2242 5571 Erl
2268 5526 2323 5571 et
2340 5526 2445 5569 Mss.
2467 5518 2615 5568 Editio
2636 5529 2754 5569 vero
2773 5522 2905 5575 Lov.,
2918 5509 3266 5576 caspelfendo,
3285 5510 3423 5575 quod

1839 5593 2003 5649 tamen
2026 5580 2623 5649 ριὀν,οοηιρειιωιείοτ..ιιοη
2664 5584 2801 5649 recte
2840 5576 3066 5649 ευιξειίωί
3095 5579 3317 5649 ωοιιειξε

1839 5632 2612 5698 νᾞὲἱιέἑέἰὶι’ὸ’ἃίιοωῐὶοόίὴιιε
2654 5639 2714 5688 ad
2754 5639 2885 5687 hunc
2920 5636 3074 5686 locum
3101 5647 3170 5698 ξι
3208 5632 3421 5696 Respicli"

1845 5695 2103 5768 tam”
2146 5702 2444 5765 ninnt,ud
2484 5702 2808 5768 donationem
2844 5695 3215 5760 pet-secundam
3248 5695 3418 5759 perso-
