4014 6498
487 417 624 473 1051

485 527 540 582 in
567 522 1007 596 homine(.lerem.
1041 519 1256 593 xvu,5)
1291 530 1381 577 :et
1400 519 1597 576 bonum
1623 529 1705 576 est
1730 521 2002 576 conﬁdere
2017 521 2071 575 in

487 618 711 675 Domino
725 632 884 688 quam
897 613 1168 672 conﬁdere
1183 613 1237 668 in
1255 612 1470 668 homine
1486 612 1656 686 (Psal.
1675 627 1838 677 cxvn,
1853 611 1934 682 8);
1953 610 2074 682 quia

486 713 626 770 beati
638 726 825 769 omnes
835 712 924 783 qui
939 709 1214 766 conﬁdunt
1235 708 1286 763 in
1302 724 1422 765 eum
1434 747 1448 762 .
1471 706 1618 762 Hanc
1634 721 1786 776 spem
1809 710 2074 772 tenentes,

487 806 681 861 servile
711 803 935 858 Domino
964 801 1017 856 in
1048 799 1258 866 timore,
1281 809 1335 854 et
1361 799 1624 854 exsultate
1650 797 1698 853 ei
1721 813 1844 852 cum
1872 806 2073 852 tremo-

485 914 547 954 re
575 894 746 972 (Psal.
775 911 830 962 ιι,
866 895 954 962 l5,
988 891 1078 967 ll)
1103 911 1117 948 :
1146 892 1396 964 quoniam
1419 891 1486 946 de
1512 890 1619 945 vita
1649 898 1848 945 :eterna
1875 930 1891 957 ,
1915 902 2075 959 quam

489 990 612 1047 ﬁliis
636 987 1004 1061 promissionis
1056 985 1302 1056 promisit
1345 999 1449 1039 non
1507 981 1737 1038 mendax
1785 981 1926 1036 Deus
1952 988 2078 1034 ante

491 1094 733 1153 tempora
763 1091 984 1149 aeterna,
1015 1095 1174 1135 nemo
1202 1088 1378 1150 potest
1399 1093 1520 1134 esse
1544 1091 1786 1142 securus,
1818 1074 1920 1128 nisi
1948 1088 2078 1128 con-

492 1184 758 1231 summata
784 1171 948 1227 fuerit
976 1171 1078 1227 ista
1103 1171 1210 1225 vita
1232 1212 1247 1237 ,
1272 1185 1392 1241 quae
1423 1167 1646 1224 tentatio
1671 1175 1755 1222 est
1782 1180 1943 1237 super
1972 1173 2078 1220 tero

489 1283 600 1322 ram
635 1265 755 1340 (Job
796 1281 890 1334 vn,
921 1262 974 1336 l)
1011 1263 1141 1320 :sed
1192 1263 1349 1318 faciet
1402 1276 1500 1317 nos
1559 1261 1577 1294 ί
1635 1271 1979 1331 perseverare
2023 1257 2079 1310 in

488 1375 547 1415 se
591 1374 760 1431 usque
814 1359 868 1413 in
919 1357 1036 1428 ejus
1090 1357 1212 1412 vitae
1261 1354 1457 1421 ﬁnem,
1510 1353 1595 1409 cui
1653 1350 1889 1422 quotidie
1941 1349 2080 1405 dici-

489 1470 643 1521 mus,
686 1451 769 1508 Ne
802 1469 894 1507 nos
922 1451 1111 1522 inferas
1148 1451 1202 1504 in
1236 1450 1560 1503 tentationem
1595 1443 1806 1516 (Matth.
1855 1459 1931 1508 v1,
1966 1441 2078 1513 l5).

488 1545 617 1602 Haec
645 1556 805 1614 atque
825 1542 1126 1613 hujusmodi
1155 1557 1274 1596 cum
1307 1540 1574 1602 dicuntur,
1603 1537 1714 1592 sive
1733 1535 1916 1606 paucis
1935 1533 2081 1588 chri-

491 1638 678 1694 stiauis
694 1637 806 1691 sive
825 1634 1148 1690 multitudini
1171 1632 1444 1697 Ecclesiae,
1463 1645 1560 1685 cur
1579 1629 1863 1684 metuimus
1879 1633 2086 1680 sancto-

490 1745 608 1785 rum
631 1728 1154 1800 praedestinationem
1185 1736 1241 1782 et
1263 1740 1444 1780 veram
1475 1723 1568 1778 Dei
1595 1722 1817 1793 gratiam
1844 1761 1858 1784 ,
1893 1718 1948 1774 id
1969 1726 2073 1783 est,

489 1837 611 1892 qua:
638 1838 743 1876 non
787 1820 1080 1876 secundum
1126 1818 1312 1874 merita
1361 1825 1543 1871 nostra
1578 1815 1751 1879 datur,
1803 1813 1940 1868 sicut
1963 1826 2081 1866 eam

491 1920 678 1970 sancta
701 1912 975 1982 Scriptura
997 1910 1266 1982 praedicat,
1291 1908 1618 1980 praedicare?
1634 1907 1715 1962 An
1735 1920 1863 1961 vero
1893 1904 2086 1958 timen-

491 2004 619 2060 dum
641 2013 746 2072 est,
772 2020 838 2059 ne
879 2012 1011 2060 tunc
1033 2003 1102 2059 de
1131 2019 1190 2059 se
1215 2002 1375 2057 homo
1405 2001 1674 2069 desperet,
1701 1996 1914 2069 quando
1953 2011 2080 2066 spes

491 2097 612 2168 ejus
647 2096 892 2168 ponenda
924 2095 1320 2152 demonstratur
1346 2093 1397 2147 in
1443 2092 1584 2157 Deo,
1631 2105 1736 2144 non
1768 2097 1945 2142 autem
1989 2087 2084 2141 de-

489 2199 764 2262 speraret,
795 2191 838 2245 si
865 2206 981 2246 eam
1010 2193 1061 2246 in
1083 2204 1144 2246 se
1167 2189 1283 2260 ipso
1309 2187 1724 2259 superbissimus
1746 2192 1802 2239 et
1825 2181 2081 2238 infelicis-

491 2282 660 2340 simus
678 2285 700 2317 ⁸
732 2281 994 2352 poneret?

561 2376 794 2434 CAPUT
833 2374 1027 2432 XXIII.
1051 2405 1124 2416 —
1143 2375 1232 2430 65.
1261 2375 1436 2445 Atque
1460 2374 1664 2428 utinam
1704 2369 1837 2425 tardi
1866 2368 2030 2425 corde
2059 2367 2082 2398 ³

492 2477 548 2525 et
587 2468 809 2536 inﬁrmi,
837 2469 926 2538 qui
979 2482 1084 2522 non
1133 2461 1394 2537 possunt,
1451 2465 1534 2520 vel
1579 2463 1815 2518 nondum
1859 2468 2083 2531 possunt

493 2558 804 2628 Scripturas
842 2558 932 2613 vel
981 2573 1164 2614 earnm
1213 2557 1576 2627 expositiones
1620 2555 1956 2624 intelligere,
2007 2552 2084 2607 sic

491 2649 740 2707 audirent
766 2651 850 2706 vel
878 2665 981 2705 non
1010 2649 1260 2705 audirent
1289 2649 1342 2702 in
1390 2648 1490 2702 hac
1518 2647 1812 2718 quzestione
1842 2645 2082 2714 disputa-

493 2743 668 2799 tiones
703 2751 915 2797 nostras
935 2783 950 2809 ,
985 2748 1047 2805 ut
1077 2741 1243 2812 magis
1273 2741 1609 2794 intuerentur
1635 2738 1909 2793 orationes
1935 2750 2080 2801 suas,

493 2850 627 2905 quas
660 2849 874 2904 semper
906 2832 1092 2888 habuit
1134 2841 1188 2888 et
1227 2830 1446 2887 habebit
1471 2829 1712 2885 Ecclesia
1754 2829 1821 2883 ab
1846 2826 2085 2882 exordiis

502 2927 639 2994 suis,
663 2925 836 2981 donec
865 2925 1078 2980 ﬁniatur
1120 2924 1224 2978 hoc
1261 2922 1538 2978 saeculum.
1588 2922 1662 2976 De
1687 2920 1788 2975 hac
1814 2919 1958 2974 enim
1988 2935 2078 2985 re,

495 3034 657 3090 quam
689 3033 829 3074 nunc
860 3019 1119 3075 adversus
1161 3031 1328 3072 novos
1359 3015 1659 3079 haereticos,
1706 3029 1811 3068 non
1842 3026 2078 3068 comme-

497 3127 711 3167 morare
742 3119 967 3176 tantum,
1005 3109 1099 3165 sed
1122 3109 1278 3179 plane
1305 3108 1440 3162 tueri
1465 3114 1523 3162 et
1549 3106 1828 3160 defensare
1853 3101 2086 3173 compel-

495 3201 675 3272 limur,
708 3219 978 3274 nunquam
1005 3203 1173 3256 tacuit
1198 3201 1250 3255 in
1283 3200 1530 3271 precibus
1551 3199 1680 3264 suis,
1709 3197 1808 3252 etsi
1843 3197 2085 3266 aliquan-

495 3294 568 3352 do
595 3295 648 3350 in
689 3295 1030 3352 sermonibus
1067 3289 1424 3350 exserendam
1467 3291 1612 3345 nullo
1636 3298 1856 3360 urgente
1893 3288 2087 3344 adver-

495 3386 638 3442 sario
673 3403 778 3442 non
825 3386 1050 3458 putavit.
1081 3385 1306 3453 Quando
1331 3383 1476 3439 enim
1526 3398 1631 3436 non
1677 3391 1888 3436 oratum
1917 3388 2001 3436 est
2027 3379 2083 3436 in

499 3481 735 3537 Ecclesia
765 3496 859 3551 pro
891 3479 1194 3536 inﬁdelibus
1222 3487 1381 3548 atque
1411 3475 1639 3532 inimicis
1665 3475 1782 3544 ejus
1821 3482 1883 3529 ut
1907 3473 2090 3530 crede-

499 3575 652 3632 rent?
676 3575 899 3643 Quando
926 3573 1098 3628 ﬁdelis
1140 3573 1419 3642 quisquam
1464 3570 1715 3633 amicum,
1757 3567 2082 3636 proximum,

499 3669 781 3739 conjugem
805 3667 988 3722 habuit
1016 3665 1304 3728 inlidelem,
1326 3672 1379 3719 et
1405 3678 1508 3717 non
1537 3662 1586 3716 ei
1608 3661 1794 3730 petivit
1813 3675 1841 3713 a
1865 3660 2090 3714 Domino

501 3769 734 3816 mentem
755 3758 1092 3815 obedientem
1124 3756 1177 3812 in
1223 3755 1571 3811 christianam
1603 3752 1804 3808 ﬁdem?
1829 3750 1960 3818 Quis
1998 3766 2092 3805 au-

503 3864 610 3910 tem
641 3852 743 3909 sibi
773 3867 1005 3923 unquam
1038 3867 1145 3905 non
1168 3849 1366 3913 oravit,
1399 3856 1457 3902 ut
1487 3847 1538 3901 in
1563 3846 1792 3901 Domino
1822 3857 2094 3910 permane-

501 3947 616 4002 ret?
638 3947 745 4000 Aut
768 3945 889 4016 quis
918 3942 1254 3999 sacerdotem
1283 3954 1445 4009 super
1479 3937 1666 3993 ﬁdeles
1698 3936 1984 3992 Dominum
2013 3935 2096 3989 in-

504 4050 804 4103 vocantem,
844 4037 889 4092 si
930 4035 1144 4108 quando
1192 4033 1348 4100 dixit,
1393 4033 1467 4086 Da
1499 4031 1625 4095 illis,
1658 4030 1911 4096 Domine,
1953 4029 2006 4083 in
2043 4038 2094 4084 te

505 4145 867 4204 perseverare
899 4144 1066 4199 usque
1111 4129 1162 4182 in
1195 4128 1389 4190 ﬁnem;
1422 4139 1530 4178 non
1560 4123 1731 4178 solum
1760 4137 1890 4176 voca
1932 4135 2095 4175 ausus

505 4235 608 4290 est,
656 4225 750 4282 sed
791 4224 980 4279 saltem
1025 4219 1348 4292 cogitatione
1388 4215 1820 4286 reprehendere;
1876 4229 1940 4268 ac
1989 4227 2095 4267 non

507 4322 682 4394 potius
701 4334 860 4389 super
887 4317 1002 4388 ejus
1033 4315 1194 4370 talem
1219 4311 1650 4368 benedictionem
1677 4351 1692 4375 ,
1716 4318 1772 4364 et
1797 4306 2099 4388 corde‘cre-

507 4417 666 4470 dente
691 4422 745 4468 et
782 4427 877 4467 ore
902 4411 1191 4466 conﬁtente
1230 4406 1523 4477 respondit,
1552 4407 1724 4460 Amen
1751 4419 1766 4456 :
1799 4419 1921 4458 cum
1952 4401 2095 4457 aliud

509 4509 560 4564 in
589 4510 699 4578 ipsa
721 4506 962 4561 oratione
987 4501 1255 4557 dominica
1281 4515 1387 4554 non
1419 4507 1573 4554 orent
1602 4497 1787 4552 ﬁdeles
1807 4537 1823 4563 ,
1852 4495 2094 4551 dicentes

511 4600 741 4654 maxime
762 4595 911 4660 illud,
953 4593 1034 4648 Ne
1059 4609 1150 4648 nos
1179 4593 1369 4664 inferas
1413 4590 1466 4644 in
1507 4588 1830 4642 tentationem
1850 4603 1870 4652 ,°
1907 4586 2011 4641 nisi
2041 4595 2098 4640 ut

513 4693 565 4746 in
607 4701 789 4746 sancta
824 4687 1129 4743 obedientia
1170 4684 1549 4754 perseverent?
1573 4682 1724 4738 Sicut
1761 4696 1890 4750 ergo
1918 4681 1970 4736 in
2013 4679 2097 4735 his

513 4781 861 4844 orationibus,
892 4781 962 4833 ita
990 4788 1043 4833 et
1064 4778 1118 4833 in
1147 4777 1245 4831 hac
1277 4776 1379 4830 ﬁde
1427 4784 1545 4830 nata
1585 4785 1688 4840 est,
1719 4784 1773 4830 et
1798 4774 2011 4839 crescit,
2044 4781 2100 4828 et

512 4875 680 4932 crevit
709 4873 963 4938 Ecclesia,
1014 4888 1115 4942 qua
1167 4870 1270 4924 ﬁde
1311 4868 1550 4923 creditur
1603 4868 1826 4939 gratiam
1857 4867 1951 4923 Dei
1992 4882 2095 4922 non

515 4965 808 5021 secundum
839 4965 1029 5019 merita
1061 4962 1434 5032 accipientium
1475 4960 1610 5016 dari.
1657 4958 2098 5030 Quandoquidem

516 5073 622 5112 non
654 5064 830 5111 oraret
852 5053 1093 5109 Ecclesia
1121 5062 1177 5106 ut
1220 5053 1439 5108 daretur
1466 5051 1768 5106 inﬁdelibus
1809 5050 1958 5115 ﬁdes,
2000 5049 2100 5103 nisi

518 5147 686 5204 Deum
713 5147 959 5203 crederet
981 5156 1035 5201 et
1062 5159 1279 5200 aversas
1327 5154 1382 5199 et
1429 5143 1684 5198 adversas
1717 5142 1992 5196 hominum
2033 5139 2101 5194 ad

518 5257 577 5296 se
607 5250 918 5297 cenvertere
945 5239 1241 5294 voluntates
1266 5255 1278 5290 :
1308 5251 1407 5292 nec
1433 5244 1612 5290 oraret
1638 5233 1877 5288 Ecclesia
1905 5241 1962 5286 ut
1992 5246 2104 5302 per-

517 5343 791 5391 severaret
822 5333 876 5387 in
901 5332 1003 5387 ﬁde
1026 5330 1249 5394 Christi,
1281 5344 1388 5383 non
1413 5328 1635 5397 decepta
1653 5327 1736 5381 vel
1765 5327 1900 5382 victa
1928 5333 2103 5380 tenta-

519 5428 751 5484 tionibus
773 5424 977 5491 mundi,
1001 5424 1103 5478 nisi
1132 5422 1384 5480 crederet
1416 5419 1696 5476 Dominum
1729 5419 1805 5474 sic
1847 5420 1900 5473 in
1947 5427 2106 5490 pote-

519 5528 660 5577 state
688 5519 887 5574 habere
914 5533 1007 5573 cor
1032 5525 1297 5583 nostrum,
1323 5523 1379 5571 ut
1406 5513 1602 5570 bonum
1633 5511 1775 5582 quod
1813 5527 1918 5566 non
1951 5520 2104 5566 tene-

531 5627 654 5667 mus
681 5612 783 5666 nisi
810 5611 1022 5683 propria
1040 5608 1334 5673 voluntate,
1368 5621 1472 5662 non
1497 5616 1674 5660 tamen
1703 5613 1980 5660 teneamus
2002 5603 2106 5659 nisi

520 5703 717 5776 ipsein
757 5703 911 5759 nobis
949 5712 1201 5773 operetur
1243 5709 1299 5757 et
1324 5699 1485 5756 velle.
1513 5697 1646 5755 Nam
1678 5698 1723 5756 si
1750 5698 1868 5756 htec
1894 5697 1963 5756 ab
1988 5699 2107 5770 ipso

586 5815 604 5846 ι
638 5814 846 5866 Vaticani
867 5820 1114 5874 “quos.

584 5877 605 5940 ξ
637 5883 756 5940 Trcs
775 5883 904 5935 Mss,
926 5873 1303 5940 ittﬁdelissirnus.

587 5939 609 5974 ³
640 5937 808 5994 Plures
828 5945 956 6011 uss,
978 5937 1302 5994 tardisordes.

527 6025 552 6045 ί

1691 408 1750 466 8.
1790 400 2158 468 AUGUSTINI
2194 404 2502 463 EPISCOPI

3630 412 3768 470 105%

2184 518 2401 590 quidem
2437 518 2608 589 poscit
2622 519 2859 576 Ecclesia
2877 559 2896 587 ,
2925 518 3020 576 sed
3047 535 3080 576 a
3100 535 3158 577 se
3182 520 3295 592 ipsa
3321 522 3422 578 sibi
3446 521 3560 579 dari
3586 533 3765 595 putat;

2183 630 2288 670 non
2317 629 2505 682 veras,
2550 613 2646 670 sed
2677 614 3063 686 perfunctorias
3091 616 3362 672 orationes
3392 617 3554 674 habet
3585 618 3765 690 :quod

2182 706 2320 762 absit
2342 721 2373 761 a
2403 707 2577 762 nobis.
2601 705 2730 774 Quis
2745 708 2891 763 enim
2919 708 3179 764 veraciter
3204 719 3401 780 gemat,
3444 710 3764 766 desiderans

2181 797 2426 868 accipere
2452 796 2594 868 quod
2620 806 2790 854 orata
2813 799 3059 867 Domino,
3087 800 3133 856 si
3162 801 3264 856 hoc
3291 816 3322 856 a
3345 817 3403 857 se
3439 802 3557 874 ipso
3593 818 3654 859 se
3677 819 3742 858 su

2183 903 2331 944 mere
2359 889 2654 957 existimet,
2685 905 2790 945 non
2816 889 2884 944 ab
2909 890 3036 944 illo?

2254 983 2343 1039 64.
2371 983 2698 1052 Praesertim,
2720 984 2969 1056 quoniam
2997 983 3118 1056 quid
3145 1000 3365 1052 oremus,
3392 986 3520 1041 sicut
3545 995 3773 1058 oportet,

2184 1077 2466 1140 nescimus;
2503 1080 2590 1130 sed
2614 1076 2723 1147 ipse
2757 1075 3002 1145 Spiritus,
3033 1076 3106 1130 ait
3148 1079 3453 1147 Apostolus,
3485 1079 3776 1148 interpellat

2186 1184 2276 1236 pro
2298 1167 2439 1221 nobis
2459 1169 2474 1200 ί
2505 1168 2769 1238 gemitibus
2787 1168 3224 1222 inenarrabilibus.
3259 1168 3356 1235 Qui
3375 1169 3506 1224 enim
3521 1179 3777 1224 scrutatur

2185 1261 2361 1327 corda,
2398 1262 2490 1315 scit
2531 1261 2652 1331 quid
2693 1261 2858 1331 sapiat
2895 1260 3138 1332 Spiritus,
3162 1262 3284 1332 quia
3309 1261 3583 1316 secundum
3613 1261 3776 1315 Deum

2185 1349 2471 1420 interpellat
2495 1368 2586 1421 pro
2615 1352 2802 1406 sanctis
2831 1350 3026 1421 (Rom.
3053 1368 3162 1418 VIII,
3189 1351 3281 1419 26,
3307 1351 3375 1406 27
3401 1353 3441 1423 ).
3491 1352 3627 1420 Quid
3667 1361 3777 1418 est,

2187 1445 2296 1514 ipse
2311 1441 2536 1514 Spiritus
2561 1444 2866 1514 interpellat,
2888 1445 3010 1513 nisi,
3043 1445 3385 1515 Interpellare
3404 1445 3549 1512 facit,
3575 1447 3780 1518 gemiti-

2187 1535 2277 1590 bus
2320 1537 2759 1603 inenarrabilibus,
2807 1537 2900 1592 sed
2937 1538 3245 1604 veracibus,
3295 1539 3544 1609 quoniam
3580 1540 3782 1594 veritas

2187 1639 2271 1684 est
2300 1627 2567 1697 Spiritus?
2613 1629 2731 1699 Ipse
2769 1639 2852 1684 est
2891 1629 3033 1683 enim
3077 1629 3144 1685 de
3191 1646 3296 1700 quo
3321 1631 3427 1686 alio
3457 1632 3572 1686 loco
3607 1631 3780 1687 dicit:

2191 1720 2334 1775 Misit
2360 1719 2502 1774 Deus
2530 1721 2782 1790 Spiritum
2813 1720 2937 1776 Filii
2964 1723 3042 1778 sui
3065 1723 3116 1776 in
3144 1725 3298 1777 corda
3323 1735 3516 1792 nostra,
3545 1726 3784 1779 claman-

2189 1822 2307 1880 tem,
2343 1813 2500 1880 Abba,
2533 1813 2690 1869 Pater
2713 1815 2732 1886 (
2754 1814 2922 1869 Galat.
2955 1832 3026 1884 IV,
3049 1815 3137 1888 6).
3181 1816 3250 1871 Et
3277 1818 3358 1872 hic
3384 1819 3510 1888 quid
3539 1829 3640 1886 est,
3672 1821 3786 1872 cla-

2187 1916 2427 1973 mantem,
2457 1907 2580 1972 nisi,
2610 1907 2851 1963 Clamare
2877 1907 3187 1976 facientem;
3221 1918 3370 1979 tropo
3395 1910 3486 1965 illo
3513 1925 3619 1980 quo
3642 1909 3786 1965 dici-

2189 2015 2307 2054 mus
2331 2000 2510 2054 laetum
2537 2001 2698 2064 diem,
2729 2002 2817 2071 qui
2841 2002 2998 2057 laetos
3025 2000 3182 2057 facit?
3224 2003 3374 2072 Quod
3401 2004 3526 2059 alibi
3554 2003 3792 2060 manife-

2188 2102 2312 2156 stat,
2346 2093 2434 2149 ubi
2464 2093 2591 2148 dicit
2619 2111 2632 2149 :
2669 2093 2789 2147 Non
2815 2095 2945 2147 enim
2971 2096 3232 2165 accepistis
3264 2095 3497 2166 spiritum
3531 2098 3790 2151 servitutis

2187 2184 2368 2237 iterum
2396 2184 2448 2237 in
2475 2185 2652 2238 timore
2673 2199 2694 2249 ,'
2732 2184 2822 2239 sed
2847 2187 3107 2256 accepistis
3133 2186 3383 2254 Spiritum
3405 2187 3695 2257 adoptionis
3719 2189 3792 2257 ﬁ—

2189 2276 2392 2343 liorum,
2416 2277 2469 2330 in
2488 2293 2587 2347 quo
2614 2276 2912 2344 clamamus,
2944 2277 3100 2343 Abba,
3136 2276 3291 2332 Pater
3320 2277 3338 2348 (
3359 2276 3487 2332 Rom
3512 2295 3624 2346 vni,
3649 2277 3787 2351 15).

2189 2367 2266 2422 Ibi
2287 2367 2440 2435 dixit,
2465 2369 2801 2434 clamantem;
2829 2369 2916 2424 hic
2940 2386 3088 2438 vero,
3112 2371 3165 2424 in
3194 2387 3292 2438 quo
3314 2371 3590 2426 clamamus
3621 2387 3792 2444 :ape-

2190 2460 2334 2515 riens
2361 2461 2607 2516 videlicet
2649 2462 2916 2532 quomodo
2960 2463 3173 2530 dixerit,
3213 2462 3532 2528 clamantem,
3576 2462 3628 2518 id
3672 2473 3786 2530 est,

2188 2554 2326 2608 sicut
2337 2554 2445 2624 jam
2465 2555 2958 2624 exposui,clamare
2974 2555 3274 2611 facientem.
3297 2555 3394 2612 Ubi
3414 2557 3786 2628 intelligimus,

2188 2656 2242 2701 et
2269 2646 2367 2702 hoc
2390 2647 2560 2715 ipsum
2585 2661 2704 2701 esse
2723 2647 2921 2702 donum
2948 2648 3060 2713 Dei,
3085 2657 3144 2704 ut
3165 2650 3338 2704 veraci
3362 2651 3526 2706 corde
3550 2660 3603 2706 et
3620 2653 3789 2722 spiri-

2191 2741 2402 2795 tualiter
2414 2740 2706 2796 clamemus
2731 2741 2797 2795 ad
2825 2742 3011 2797 Deum.
3042 2743 3332 2798 Attendant
3357 2760 3484 2815 ergo
3507 2745 3788 2815 quomodo

2190 2831 2555 2902 falluntur,qui
2580 2841 2762 2902 putant
2781 2849 2939 2889 essea
2956 2834 3128 2902 nobis,
3144 2851 3247 2890 non
3269 2835 3382 2891 dari
3412 2837 3581 2902 nobis,
3605 2846 3664 2892 ut
3685 2852 3792 2908 pe-

2192 2933 2384 2992 tamus,
2403 2940 2724 2995 quaeramus,
2751 2926 3016 2995 pulsemus
3033 2945 3046 2981 :
3063 2938 3116 2982 et
3142 2927 3240 2983 hoc
3269 2943 3390 2984 esse
3416 2928 3618 2998 dicunt,
3638 2929 3791 3000 quod

2189 3018 2358 3089 gratia
2386 3017 2704 3088 prmceditur
2722 3019 2913 3074 merito
2933 3030 3136 3088 nostro,
3167 3029 3224 3075 ut
3248 3032 3501 3091 sequatur
3525 3021 3630 3089 illa,
3655 3036 3791 3076 cum

2191 3109 2479 3179 accipimus
2514 3117 2776 3179 petentes,
2807 3118 2862 3165 et
2911 3110 3210 3166 invenimus
3254 3121 3572 3181 quaerentes,
3603 3115 3791 3184 aperi-

2195 3210 2382 3271 turque
2414 3201 2781 3271 pulsantibus:
2807 3217 2906 3258 nec
2931 3203 3120 3258 volunt
3153 3203 3446 3274 intelligere
3481 3205 3639 3259 etiam
3679 3205 3794 3261 hoc

2191 3291 2356 3347 divini
2403 3293 2639 3348 muneris
2677 3307 2815 3359 esse,
2860 3301 2916 3348 ut
2959 3308 3189 3358 oremus,
3232 3293 3334 3349 hoc
3376 3303 3479 3362 est,
3518 3306 3790 3365 petamus,

2193 3402 2517 3458 quaeramus,
2547 3397 2707 3458 atque
2735 3387 3024 3458 pulsemus.
3068 3390 3379 3458 Accepimus
3399 3390 3420 3420 ³
3445 3389 3591 3444 enim
3617 3389 3797 3460 Spiri-

2196 3489 2304 3534 tum
2358 3479 2658 3549 adoptionis
2707 3478 2952 3545 ﬁliorum,
2989 3480 3041 3533 in
3097 3495 3202 3550 quo
3251 3481 3562 3547 clamamus,
3606 3480 3788 3550 Abba,

2195 3573 2373 3628 Pater.
2416 3571 2569 3640 Quod
2617 3571 2746 3626 vidit
2797 3581 2851 3626 et
2889 3571 3078 3626 beatus
3128 3571 3460 3628 Ambrosius.
3511 3573 3601 3628 Ait
3637 3573 3794 3628 enim

2197 3662 2305 3738 (In
2361 3665 2636 3719 Comment.
2681 3680 2833 3735 super
2870 3663 3088 3738 Isaiam)
3131 3681 3144 3719 :
3190 3683 3210 3717 ι
3259 3664 3326 3720 Ει
3377 3679 3534 3722 orare
3571 3664 3745 3722 Deum
3775 3710 3792 3732 ,

2195 3757 2378 3827 gratiae
2421 3757 2710 3827 spiritualis
2761 3766 2844 3814 est
2893 3776 2907 3812 :
2955 3761 3094 3813 sicut
3138 3758 3393 3829 scriptum
3437 3769 3558 3826 est,
3616 3758 3792 3816 Nemo

2197 3851 2348 3916 dicit,
2396 3849 2644 3906 Dominus
2678 3850 2851 3919 Jesus,
2895 3851 2996 3906 nisi
3037 3851 3090 3905 in
3117 3850 3316 3923 Spiritu
3357 3861 3562 3908 sanctos
3597 3851 3637 3923 (Ι
3662 3851 3792 3908 Cor.

2198 3959 2291 4009 xu,
2324 3943 2401 4016 δ).

2271 4033 2361 4089 65.
2411 4034 2534 4088 Haec
2561 4034 2719 4104 igitur
2738 4049 2855 4105 qua:
2877 4037 3046 4106 poscit
3069 4050 3098 4089 a
3123 4035 3369 4103 Domino,
3397 4044 3452 4093 et
3482 4051 3694 4106 semper
3717 4053 3798 4094 ex

2200 4140 2304 4197 quo
2334 4141 2453 4181 esse
2483 4124 2664 4196 coepit,
2708 4130 2951 4200 poposcit
2985 4129 3219 4184 Ecclesia
3241 4173 3257 4196 ,
3302 4129 3375 4185 ita
3417 4131 3552 4185 Deus
3589 4131 3802 4187 vocatis

2200 4218 2311 4273 suis
2339 4217 2581 4273 daturum
2604 4233 2664 4274 se
2683 4234 2802 4275 esse
2829 4220 3112 4289 praascivit,
3128 4230 3186 4276 ut
3214 4221 3268 4275 in
3295 4222 3406 4291 ipsa
3439 4221 3799 4291 praedestina-

2203 4313 2347 4368 tione
2377 4312 2487 4384 jam
2525 4313 2730 4369 dederit
2764 4330 2776 4366 :
2808 4314 2947 4385 quod
2978 4314 3262 4383 Apostolus
3299 4315 3415 4371 sine
3445 4315 3802 4386 ambiguitate

2202 4406 2432 4463 declarat
2485 4407 2737 4463 Scribens
2766 4407 2961 4477 quippe
2993 4408 3057 4462 ad
3095 4407 3430 4463 Timotheum
3457 4407 3788 4476 :Collabora,

2202 4501 2393 4572 inquit,
2420 4500 2694 4572 Esangelio
2720 4501 2994 4554 secundum
3022 4502 3251 4554 virtutem
3277 4499 3371 4554 Dei
3398 4501 3561 4554 salvos
3589 4516 3679 4554 nos
3707 4504 3802 4568 [a-

2203 4594 2397 4662 cientis,
2425 4603 2470 4648 et
2501 4593 2722 4648 vocantis
2749 4595 3008 4647 vocatione
3031 4611 3122 4647 sua
3146 4604 3351 4660 sancta;
3379 4611 3481 4648 non
3509 4594 3797 4648 secundum
3873 4576 3876 4578 Ὺ

2203 4704 2357 4758 opera
2381 4696 2570 4751 nostra,
2599 4688 2687 4742 sed
2733 4687 3006 4740 secundum
3048 4696 3192 4740 suum
3232 4688 3543 4757 propositum
3581 4695 3625 4741 et
3663 4703 3798 4757 gra-

2206 4780 2347 4845 tiam,
2379 4795 2490 4850 quae
2518 4779 2635 4833 data
2659 4788 2731 4834 est
2757 4778 2897 4834 nobis
2926 4779 2976 4832 in
3013 4779 3209 4834 Christo
3249 4777 3375 4834 Iesu
3410 4790 3525 4834 ante
3564 4789 3803 4850 tempora

2205 4886 2414 4941 aeterna,
2443 4874 2763 4945 manifestata
2786 4882 2948 4926 autem
2975 4889 3108 4926 nunc
3136 4889 3223 4944 per
3251 4873 3516 4926 adventum
3557 4872 3804 4927 Salvato-

2206 4967 2276 5020 ris
2306 4968 2461 5020 nostri
2483 4965 2604 5019 Iesu
2625 4965 2812 5020 Christi
2843 4964 2906 5036 (ll
2936 4964 3063 5018 Tim.
3093 4981 3129 5029 ι,
3150 4963 3316 5036 840).
3341 4964 3430 5020 Ille
3458 4965 3633 5036 itaque
3650 4964 3806 5021 dicat

2208 5059 2499 5115 Ecclesiam
2526 5057 2810 5128 aliquando
2848 5059 2901 5112 in
2943 5058 3042 5112 ﬁde
3070 5071 3163 5113 sua
3190 5073 3293 5110 non
3321 5055 3571 5112 habuisse
3595 5056 3807 5111 verita-

2210 5161 2317 5207 tem
2350 5149 2826 5220 praedestinationis
2851 5151 3006 5220 hujus
3032 5161 3083 5205 et
3106 5151 3290 5222 gratia:
3309 5193 3324 5217 ,
3353 5165 3472 5220 quae
3499 5165 3639 5205 nunc
3668 5164 3810 5205 con-

2208 5252 2288 5300 tra
2314 5258 2481 5299 novos
2512 5241 2791 5298 haereticos
2813 5258 2940 5298 cura
2969 5243 3302 5315 diligentiore
3329 5243 3627 5299 defenditur
3649 5260 3665 5298 :
3687 5241 3808 5312 ille,

2211 5337 2446 5406 inquam,
2486 5335 2588 5391 hoc
2628 5335 2787 5402 dicat,
2829 5337 2916 5406 qui
2958 5337 3133 5394 dicere
3159 5338 3321 5392 audet
3355 5337 3639 5409 aliquando
3681 5353 3812 5396 eam

2211 5447 2317 5486 non
2343 5445 2545 5497 orasse,
2571 5429 2658 5485 vel
2686 5445 2788 5485 non
2811 5431 3070 5486 veraciter
3088 5446 3290 5499 orasse,
3307 5431 3418 5487 sive
3441 5440 3499 5487 ut
3517 5431 3813 5489 crederent

2212 5523 2474 5590 inﬁdeles,
2498 5525 2608 5579 sive
2636 5533 2692 5579 ut
2720 5533 3121 5593 perseverarent
3161 5523 3362 5578 ﬁdeles.
3412 5525 3541 5591 Quze
3581 5525 3720 5580 bona
3753 5526 3810 5580 si

2213 5632 2424 5688 semper
2450 5617 2638 5682 oravit,
2665 5631 2880 5687 semper
2904 5633 2962 5672 ea
2997 5615 3086 5670 Dei
3110 5615 3249 5670 dona
3275 5631 3396 5672 esse
3425 5615 3604 5687 utique
3621 5615 3810 5673 credi-

2277 5814 2293 5846 t
2342 5820 2522 5863 omnes
2571 5820 2674 5883 L“‘35.,
2701 5848 2715 5874 ,
2754 5808 3024 5876 interpellat
3065 5810 3316 5875 gmtitibus
3779 5823 3807 5880 ὅ

2217 5887 2412 5938 omisso,
2437 5887 2525 5938 pro

2279 5935 2992 6004 'Sict'tss.Edit.i,accipitmts.
