3996 6526
203 417 313 475 1033

201 534 283 589 dit:
309 540 395 584 nec
417 524 478 578 ab
501 521 596 578 illo
614 536 739 579 esse
763 521 1079 593 praecognita
1105 535 1338 592 unquam
1357 520 1406 575 ei
1433 533 1628 591 negare
1650 517 1728 572 fas

199 625 289 681 fuit.
325 623 392 674 Ac
426 631 516 688 per
549 615 656 670 hoc
691 605 1165 685 praedestinaﬁonis
1203 613 1360 683 hujus
1400 610 1579 677 ﬁdem,
1609 624 1729 678 qua:

199 725 345 775 contra
371 723 526 766 novos
561 707 844 763 haereticos
891 723 1025 762 nova
1060 705 1414 762 sollicitudine
1450 718 1591 759 nunc
1637 701 1731 756 de-

201 785 408 870 fenditur,
438 818 706 872 nunquam
737 801 969 858 Ecclesia
1002 801 1198 856 Christi
1221 817 1327 857 non
1355 799 1558 854 habuit.

249 893 443 955 CAPUT
494 893 686 948 XXIV.
714 923 783 934 —
811 893 900 949 66.
939 892 1044 950 Sed
1073 891 1200 964 quid
1225 893 1411 964 plura?
1455 890 1595 947 Satis
1633 888 1727 944 do-

197 994 334 1049 cuisse
358 1003 436 1043 me
457 987 724 1053 existimo,
749 987 834 1043 vel
873 988 1049 1058 potius
1079 987 1196 1057 plus
1221 1002 1378 1058 quam
1411 987 1562 1054 satis,
1590 985 1728 1039 dona

201 1084 272 1140 Dei
300 1094 420 1146 esse,
447 1088 500 1134 et
529 1079 766 1149 incipere
801 1079 853 1133 in
897 1078 1178 1136 Dominum
1208 1079 1446 1144 credere,
1475 1086 1530 1132 et
1559 1090 1727 1147 usque

197 1178 236 1232 in
261 1175 392 1229 linem
420 1172 470 1225 in
498 1171 724 1226 Domino
749 1187 1080 1241 permanere.
1104 1171 1309 1226 Caetera
1337 1185 1464 1226 vero
1493 1171 1631 1225 bona
1661 1167 1727 1224 ad

199 1269 327 1324 vitam
375 1265 528 1334 piam,
579 1279 683 1334 qua
737 1265 876 1320 Deus
930 1275 1072 1320 recte
1122 1263 1334 1330 colitur,
1387 1262 1722 1334 pertinentia,

199 1363 322 1419 etiam
357 1357 445 1428 ipsi
489 1366 711 1427 propter
749 1373 882 1428 quos
911 1357 1032 1413 hmc
1059 1357 1283 1426 agimus,
1319 1356 1409 1410 Dei
1441 1356 1577 1410 dona
1604 1369 1724 1410 esse

199 1451 460 1510 concedunt.
501 1449 694 1505 Omnia
733 1466 892 1520 porro
917 1449 1057 1505 dona
1084 1464 1200 1516 sua,
1230 1458 1283 1504 ct
1307 1448 1499 1518 quibus
1517 1463 1578 1503 ea
1607 1446 1722 1502 fue-

197 1555 257 1601 rat
277 1544 550 1614 largiturus,
608 1543 775 1598 Deum
818 1543 1096 1612 praescisse
1121 1557 1316 1613 negare
1346 1557 1452 1594 non
1477 1547 1718 1610 possunt.

197 1636 310 1691 Sicut
332 1649 444 1704 ergo
468 1641 663 1688 cetera
691 1633 1025 1703 priedicanda
1050 1642 1175 1687 sunt
1194 1675 1208 1697 ,
1241 1621 1298 1687 ut
1322 1633 1412 1702 qui
1441 1647 1502 1686 ea
1529 1630 1721 1700 praedi-

197 1734 274 1789 cat,
297 1724 586 1779 obedienter
608 1724 882 1789 audiatur;
911 1725 983 1779 ita
1012 1723 1407 1794 prmdestinatio
1433 1722 1724 1792 praedican-

196 1818 242 1872 da
263 1826 328 1872 est
347 1857 362 1882 ,
394 1825 444 1869 ut
471 1816 562 1885 qui
590 1816 907 1870 obedienter
931 1816 1045 1870 haec
1074 1814 1240 1881 audit,
1272 1829 1377 1868 non
1403 1813 1455 1868 in
1483 1813 1720 1878 homine,

196 1929 242 1966 ac
266 1926 343 1981 per
370 1911 462 1964 hoc
488 1924 592 1964 nec
622 1910 677 1964 in
704 1925 764 1965 se
793 1910 930 1980 ipso,
961 1909 1054 1965 sed
1082 1909 1134 1964 in
1168 1909 1394 1963 Domino
1419 1906 1677 1978 glorietur
1708 1923 1722 1961 :

195 2007 284 2076 quia
313 2013 359 2060 et
393 2003 490 2059 hoc
534 2003 632 2058 Dei
679 2012 1001 2074 praeceptum
1031 2012 1143 2068 est;
1174 2009 1229 2058 et
1265 2002 1364 2056 hoc
1401 2009 1721 2072 praeceptum

195 2099 445 2154 obedienter
465 2097 677 2160 audire,
706 2097 759 2152 id
787 2106 887 2161 est,
915 2107 970 2150 ut
1008 2097 1096 2167 qui
1129 2096 1395 2166 gloriatur,
1423 2095 1476 2148 in
1502 2093 1723 2148 Domino

194 2192 379 2268 glorietur
402 2189 458 2259 (l
493 2188 611 2245 Cor.
648 2206 687 2253 ι,
711 2190 773 2244 31
799 2189 844 2261 ),
878 2188 1124 2243 similiter
1161 2197 1217 2242 ut
1247 2196 1471 2254 caetera,
1505 2186 1599 2240 Dei
1629 2185 1724 2240 do-

199 2300 289 2337 num
311 2292 399 2337 est.
428 2281 585 2349 Quod
615 2281 817 2336 donum
841 2281 930 2352 qui
958 2296 1065 2335 non
1093 2279 1272 2344 habet,
1305 2295 1410 2334 non
1439 2277 1626 2333 dubito
1644 2277 1722 2332 di-

194 2393 297 2443 cere,
316 2377 404 2431 alia
423 2391 780 2446 quaecumque
809 2375 985 2440 habet,
1018 2375 1246 2429 inaniter
1278 2373 1455 2428 habet.
1489 2373 1600 2427 Hoc
1625 2371 1725 2426 Pe-

195 2471 356 2539 lagiani,
377 2479 642 2540 optamus,
685 2479 744 2523 ut
790 2468 1052 2532 habeant;
1103 2467 1188 2521 isti
1236 2477 1410 2520 autem
1455 2464 1621 2518 nostri
1665 2472 1723 2518 ut

194 2563 350 2632 plenius
375 2561 622 2616 habeant.
653 2559 768 2614 Non
798 2560 974 2630 itaque
1007 2559 1172 2613 simus
1203 2559 1252 2612 in
1279 2555 1723 2627 disputationibus

195 2653 392 2721 prompti,
418 2662 470 2706 et
494 2653 544 2706 in
566 2650 898 2706 orationibus
921 2650 1076 2720 pigri.
1101 2648 1350 2714 Oremus,
1367 2645 1720 2722 dilectissimi,

193 2759 378 2811 oremus,
406 2754 458 2797 ut
503 2743 644 2799 Deus
679 2744 864 2814 gratiae
901 2741 991 2796 det
1029 2741 1190 2796 etiam
1231 2740 1458 2794 inimicis
1493 2738 1721 2805 nostris,

193 2835 467 2904 maximeque
513 2833 788 2888 fratribUS'
809 2842 862 2887 et
897 2832 1240 2888 dilectoribus
1281 2835 1497 2892 nostris.
1526 2831 1723 2885 intelli-

189 2941 287 2996 gere
301 2937 344 2982 et
365 2927 620 2993 conﬁteri,
642 2935 763 2996 post
787 2927 1053 2996 ingentem
1073 2934 1130 2980 et
1155 2923 1472 2980 ineﬂ‘abilem
1493 2923 1720 2989 ruinam,

192 3033 279 3086 qua
295 3018 342 3071 in
359 3033 446 3073 uno
470 3035 664 3074 omnes
687 3018 995 3084 cecidimus,
1020 3020 1289 3072 uemincm
1311 3018 1409 3071 nisi
1431 3017 1596 3088 gratia
1630 3017 1722 3070 Dei

190 3107 391 3177 liberari;
431 3126 660 3181 eamque
691 3126 798 3166 non
819 3110 1109 3166 secundum
1141 3110 1328 3166 merita
1356 3107 1725 3178 accipientium

163 3212 389 3272 _tanquam
415 3203 651 3259 debitam
680 3203 828 3259 reddi
847 3247 861 3267 ,
893 3202 987 3259 sed
1015 3211 1260 3273 tanquam
1292 3217 1472 3256 veram
1501 3199 1722 3272 gratiam

189 3294 315 3349 nullis
333 3296 525 3350 meritis
554 3295 981 3366 praecedentibus
1004 3295 1168 3366 gratis
1194 3293 1332 3348 dari.

244 3386 317 3441 67.
356 3387 562 3442 Nullum
607 3396 787 3443 autem
825 3396 911 3442 est
952 3387 1207 3440 illustrius
1249 3383 1727 3456 przedestinationis

186 3481 436 3551 exemplum
464 3499 626 3551 quam
659 3485 773 3552 ipse
791 3481 946 3538 Jesus
974 3498 989 3536 :
1017 3481 1158 3537 unde
1199 3490 1253 3537 et
1295 3482 1347 3536 in
1390 3481 1561 3551 primo
1591 3481 1728 3537 libro

186 3571 267 3641 jam
287 3572 535 3645 disputavi
564 3577 584 3641 (
593 3573 671 3630 De
697 3573 1151 3629 Prwdeslinatione
1179 3571 1502 3639 Sanctorum,
1526 3591 1614 3628 nn.
1636 3574 1724 3640 50,

186 3664 271 3737 3i),
293 3675 342 3721 et
367 3668 413 3721 in
440 3667 601 3738 hujus
630 3669 736 3723 ﬁne
763 3667 1137 3723 commendare
1164 3667 1334 3737 delegi
1359 3682 1372 3719 :
1393 3667 1595 3722 nullum
1625 3675 1727 3732 est,

184 3756 381 3828 inquam,
416 3761 675 3816 illustrius
715 3760 1196 3830 praedestinationis
1241 3761 1540 3832 exemplum
1570 3775 1730 3830 quam

185 3848 271 3919 ipse
298 3851 561 3909 Mediator.
607 3853 859 3925 Quisquis
897 3853 1068 3910 ﬁdelis
1095 3853 1206 3910 vult
1230 3869 1346 3908 eam
1378 3852 1512 3907 bene
1539 3851 1732 3908 intelli-

183 3957 296 4012 gere,
333 3947 570 4002 attendat
621 3948 816 4018 ipsum,
865 3955 1026 4018 atque
1077 3947 1129 4000 in
1181 3946 1269 4000 illo
1313 3946 1543 4001 inveniat
1583 3954 1638 4000 et
1674 3959 1732 3999 se

185 4035 322 4106 ipsum
353 4061 365 4094 :
397 4041 590 4109 ﬁdelis,
638 4043 851 4112 inquam
876 4081 894 4108 ,
931 4040 1021 4112 qui
1060 4039 1111 4094 in
1157 4054 1221 4094 eo
1267 4053 1447 4094 veram
1490 4047 1732 4092 naturam

183 4132 318 4186 credit
338 4143 391 4187 et
417 4136 705 4188 conlitetur
734 4133 1038 4198 humanam,
1070 4131 1121 4186 id
1148 4138 1230 4186 est
1251 4137 1516 4197 nostram,
1545 4145 1734 4200 quam-

185 4223 246 4275 vis
268 4223 594 4294 singulariter
614 4224 937 4296 suscipiente
961 4224 1069 4277 Deo
1093 4221 1288 4286 Verbo,
1317 4221 1369 4274 in
1401 4221 1612 4274 unicum
1647 4219 1735 4275 Fi-

181 4314 284 4369 lium
314 4319 397 4372 Dei
419 4319 783 4385 sublimatam,
813 4319 884 4372 ita
914 4327 971 4371 ut
998 4316 1086 4388 qui
1112 4315 1343 4385 suscepit
1372 4323 1425 4369 et
1444 4314 1585 4383 quod
1612 4328 1734 4369 sus-

184 4409 300 4476 cepit
336 4427 433 4464 una
480 4421 625 4466 esset
663 4411 717 4465 in
761 4411 1015 4464 Trinitate
1055 4421 1298 4478 persona.
1353 4405 1537 4476 Neque
1594 4406 1734 4459 enim

181 4500 363 4558 homine
390 4513 668 4573 assumpto
698 4503 1022 4574 quaternitns
1052 4501 1186 4556 facta
1213 4511 1294 4555 est
1313 4541 1328 4567 ,
1373 4499 1467 4554 sed
1507 4499 1738 4553 Trinitas

182 4594 364 4658 mansit,
388 4595 758 4664 assumptione
778 4595 866 4648 illa
891 4591 1225 4647 ineﬁ‘abiliter
1244 4590 1473 4646 faciente
1498 4607 1738 4661 personae

178 4685 308 4740 unius
361 4688 413 4742 in
464 4689 576 4742 Deo
617 4697 671 4741 et
712 4686 928 4740 homine
973 4685 1273 4739 veritatem.
1325 4683 1584 4750 Quoniam
1632 4697 1742 4737 non

1175 401 1376 460 LIBER
1414 400 1503 457 DE
1541 398 1723 456 DONO
1762 392 2380 454 PERSEVERANTIE.

3277 395 3417 456 1054

1840 531 2006 587 Deum
2032 539 2236 586 tantum
2257 530 2484 586 dicimus
2506 527 2796 597 Christum,
2825 531 2962 587 sicut
2987 532 3226 590 haeretici
3253 533 3419 589 Mani-

1838 624 2009 690 chzei;
2055 640 2156 680 nec
2203 624 2472 680 hominem
2517 633 2740 690 tantum,
2780 624 2919 681 sicut
2955 625 3189 684 haeretici
3231 627 3418 684 Photi-

1838 715 2009 781 niani;
2039 731 2138 772 nec
2159 716 2228 772 ita
2253 717 2542 783 hominem,
2567 725 2626 772 ut
2651 716 2848 787 aliquid
2869 717 3046 772 minus
3066 717 3255 774 habeat
3277 718 3418 790 quod

1837 809 1904 864 ad
1931 809 2217 864 humanam
2247 818 2452 866 certum
2481 819 2562 865 est
2587 811 2858 882 pertinere
2877 819 3140 875 naturam,
3163 813 3276 870 sive
3299 809 3412 872 aui-

1838 915 1978 953 mam
2027 901 2140 956 sive
2176 900 2228 955 in
2267 901 2378 970 ipsa
2423 902 2597 956 anima
2644 912 2878 957 mentem
2919 903 3263 970 rationalem,
3309 904 3420 959 sive

1835 1004 2075 1057 carnem,
2107 1008 2210 1047 non
2238 993 2304 1047 de
2326 993 2518 1048 femina
2542 1002 2826 1065 sumptam,
2854 993 2948 1049 sed
2979 992 3168 1050 factam
3195 994 3265 1051 de
3290 994 3422 1050 Ver-

1839 1083 1907 1137 bo
1936 1084 1990 1138 in
2016 1097 2232 1139 carnem
2251 1099 2510 1141 converso
2534 1096 2696 1157 atque
2721 1095 2952 1152 mutato;
2985 1103 3104 1157 qua:
3123 1087 3301 1142 omnia
3323 1088 3422 1142 tria

1835 1173 1968 1231 falsa
1994 1185 2049 1231 et
2065 1192 2218 1246 vana,
2244 1177 2614 1235 haereticorum
2636 1179 3131 1249 Apollinaristarum
3159 1189 3267 1236 tres
3297 1196 3418 1250 par-

1835 1278 1914 1324 tes
1961 1271 2137 1324 varias
2159 1270 2513 1343 [diversasque
2548 1272 2789 1328 fecerunt
2821 1290 2836 1328 :
2868 1272 2962 1329 sed
2997 1273 3223 1329 dicimus
3260 1271 3419 1328 Chri-

1833 1368 1974 1414 stum
2002 1361 2170 1418 Denm
2199 1377 2400 1428 verum,
2430 1373 2608 1418 natum
2638 1363 2704 1418 de
2736 1365 2846 1419 Deo
2873 1365 3029 1420 Patre
3058 1365 3174 1420 sine
3207 1365 3318 1421 ullo
3342 1365 3422 1420 in-

1832 1449 1928 1505 itio
1952 1453 2235 1522 temporis;
2257 1453 2608 1525 eamdemque
2629 1453 2902 1510 hominem
2922 1471 3130 1522 verum,
3153 1465 3332 1511 natum
3355 1457 3423 1514 de

1835 1543 2051 1598 homine
2091 1553 2263 1600 matre
2303 1556 2447 1601 certa
2492 1547 2817 1616 plenitudine
2842 1549 3130 1618 temporis;
3171 1563 3271 1604 nec
3307 1549 3423 1617 ejus

1833 1633 2243 1703 humanitatem,
2274 1650 2377 1706 qua
2399 1636 2576 1691 minor
2601 1647 2683 1692 est
2705 1637 2864 1693 Patre
2881 1639 2923 1702 ί,
2953 1639 3195 1694 minuere
3222 1637 3422 1708 aliquid

1831 1724 1948 1794 ejus
1989 1725 2308 1795 divinitati”,
2351 1744 2455 1798 qua
2497 1730 2714 1799 aequalis
2759 1740 2842 1786 est
2883 1731 3048 1786 Patri.
3097 1731 3210 1787 Hoc
3243 1740 3422 1786 autem

1832 1825 2116 1888 utrumque
2147 1835 2285 1874 unus
2313 1829 2394 1875 est
2424 1819 2699 1890 Christus,
2729 1823 2820 1894 qui
2852 1831 2906 1878 et
2934 1824 3224 1880 secundum
3255 1825 3422 1880 Deum

1830 1912 2108 1968 verissime
2131 1913 2284 1978 dixit,
2317 1913 2428 1985 Ego
2455 1924 2501 1970 et
2530 1912 2688 1970 Pater
2734 1932 2892 1969 unum
2933 1933 3105 1973 sumus
3147 1915 3327 1990 (lauri.
3360 1934 3418 1984 ι,

1831 2005 1920 2076 50)
1955 2016 2049 2061 :et
2095 2007 2390 2062 secundum
2431 2007 2701 2064 hominem
2742 2010 3021 2066 verissime
3065 2010 3216 2073 dixit,
3263 2009 3419 2066 Pater

1831 2098 1995 2167 major
2024 2113 2103 2152 me
2129 2108 2203 2154 est
2237 2097 2361 2170 (Id.
2388 2115 2494 2164 λιν,
2521 2098 2652 2171 28).
2700 2099 2801 2169 Qui
2843 2116 2972 2172 ergo
3011 2100 3153 2157 hunc
3188 2099 3318 2157 fecit
3351 2117 3421 2157 ex

1830 2189 2034 2244 semine
2077 2189 2241 2244 David
2289 2189 2559 2246 hominem
2599 2190 2826 2262 justum,
2854 2192 2944 2262 qui
2980 2207 3251 2263 nunquam
3278 2199 3423 2248 esset

1831 2278 2062 2348 injustus
2089 2280 2205 2336 sine
2233 2279 2339 2334 ullo
2364 2282 2558 2336 merito
2583 2282 2934 2351 praecedentis
2959 2283 3248 2338 voluntatis
3269 2282 3416 2352 ejus;

1831 2370 1944 2440 ipse
1959 2386 2029 2426 ex
2050 2371 2264 2441 inju‘stis
2285 2373 2411 2427 facit
2424 2371 2618 2442 justus,
2637 2373 2752 2428 sine
2773 2374 2880 2428 ullo
2902 2374 3091 2429 merito
3115 2373 3420 2445 prwceden-

1795 2471 1798 2475 '
1830 2465 1898 2520 tis
1923 2464 2208 2520 voluntatis
2247 2466 2506 2536 ipsorum,
2547 2474 2604 2522 ut
2640 2466 2732 2522 ille
2765 2479 2941 2538 caput,
2967 2468 3022 2523 hi
3051 2470 3288 2524 membra
3313 2469 3422 2524 sint

1829 2557 1966 2629 ejus.
2009 2559 2110 2627 Qui
2157 2573 2286 2632 ergo
2331 2558 2458 2615 fecit
2496 2561 2645 2616 illum
2691 2560 2982 2627 hominem,
3015 2563 3131 2618 sine
3160 2563 3284 2618 ullis
3301 2562 3421 2633 ejus

1829 2650 2255 2720 praecedentibus
2281 2651 2485 2707 meritis
2503 2693 2518 2719 ,
2551 2651 2756 2707 nullum
2783 2653 2924 2724 quod
2951 2653 3000 2708 ei
3025 2653 3383 2710 dimitteretur
3401 2697 3417 2720 ,

1829 2741 1912 2796 vel
1953 2743 2158 2814 origine
2197 2743 2428 2810 trahere,
2453 2745 2538 2800 vel
2564 2746 2836 2801 voluntate
2877 2758 3186 2816 perpetrare
3225 2761 3420 2816 pecca-

1833 2841 1972 2898 tum;
2027 2835 2140 2903 ipse
2177 2835 2340 2890 nullis
2385 2851 2569 2891 eorum
2615 2836 3036 2906 praecedentibus
3063 2837 3270 2892 meritis
3301 2838 3426 2892 facit

1829 2929 2112 2985 credentes
2139 2931 2190 2984 in
2221 2947 2366 2998 eum,
2393 2931 2587 3001 quibus
2626 2930 2857 2986 dimittat
2900 2947 3059 2986 omne
3099 2940 3375 3003 peccatum
3406 2947 3419 2983 :

1831 3022 1921 3093 qui
1950 3022 2074 3079 fecit
2098 3023 2247 3079 illum
2278 3025 2456 3092 talem,
2480 3033 2537 3078 ut
2558 3040 2824 3096 nunquam
2848 3026 3093 3080 habuerit
3118 3024 3424 3079 habiturus-

1831 3131 1935 3186 que
1967 3117 2037 3171 sit
2061 3117 2386 3172 voluntatem
2442 3117 2668 3183 malam;
2721 3117 2834 3187 ipse
2887 3117 3012 3172 facit
3060 3118 3112 3172 in
3165 3117 3422 3173 membris

1831 3208 1947 3278 ejus
1975 3222 2040 3264 ex
2067 3209 2205 3264 mala
2233 3209 2504 3263 voluntate
2539 3209 2754 3264 bonam.
2801 3209 2867 3264 Et
2908 3209 3054 3264 illum
3093 3224 3219 3279 ergo
3243 3216 3297 3263 et
3321 3224 3420 3263 nos

1835 3300 2256 3370 praedestinavit;
2297 3301 2417 3372 quia
2445 3309 2499 3356 et
2530 3301 2581 3354 in
2610 3300 2701 3354 illo
2729 3309 2783 3353 ut
2805 3309 2949 3354 esset
2977 3309 3135 3370 caput
3160 3309 3422 3367 nostrum,

1836 3401 1890 3448 et
1927 3393 1980 3447 in
2019 3393 2172 3446 nobis
2211 3403 2267 3447 ut
2301 3393 2416 3461 ejus
2441 3407 2635 3461 corpus
2665 3407 2926 3459 essemus,
2958 3407 3062 3446 non
3095 3406 3423 3461 praecessura

1833 3483 2024 3539 merita
2054 3493 2255 3550 nostra,
2283 3484 2378 3539 sed
2404 3499 2564 3553 opera
2595 3499 2688 3538 sua
2719 3483 2892 3538 futura
2924 3484 3209 3554 przescivit.

1906 3574 1995 3631 68.
2041 3575 2140 3641 Qui
2183 3575 2365 3644 legunt
2399 3573 2536 3639 haec,
2569 3575 2610 3628 si
2640 3575 2961 3644 intelligunt,
2991 3584 3149 3643 agant
3175 3573 3286 3628 Deo
3308 3587 3430 3643 gra-

1837 3667 1938 3721 tias
1971 3683 1985 3720 :
2013 3667 2102 3738 qui
2131 3677 2308 3722 autem
2349 3681 2455 3721 non
2493 3666 2811 3736 intelligunt,
2838 3676 2994 3720 orent
3032 3675 3090 3719 ut
3126 3681 3312 3720 eorum
3339 3664 3428 3720 ille

1837 3759 1903 3813 sit
1929 3759 2118 3814 doctor
2144 3759 2368 3814 interior
2391 3799 2406 3826 ,
2435 3774 2464 3812 a
2488 3758 2643 3828 cujus
2669 3757 2805 3812 facie
2833 3766 2915 3812 est
2943 3757 3163 3812 scientia
3189 3765 3244 3812 et
3273 3757 3429 3810 intel-

1838 3852 2007 3906 lectus
2035 3849 2216 3926 (Prov.
2240 3867 2298 3916 ιι,
2321 3869 2419 3906 sec.
2444 3851 2633 3920 LXX).
2665 3851 2766 3916 Qui
2785 3865 2912 3904 vero
2937 3865 3117 3905 errare
3141 3865 3226 3903 me
3242 3848 3426 3903 existi-

1839 3957 2007 4013 munt,
2037 3947 2196 4000 etiam
2243 3957 2400 4018 atque
2440 3947 2599 4001 etiam
2643 3945 2926 4016 diligenter
2963 3961 3081 4015 qua:
3121 3953 3247 3999 sunt
3289 3944 3427 3998 dicta

1841 4039 2198 4104 considerent,
2228 4052 2295 4092 ne
2317 4038 2555 4092 fortassis
2587 4037 2686 4106 ipsi
2714 4046 2914 4092 errent.
2962 4036 3074 4106 Ego
3099 4047 3276 4090 autem
3306 4050 3430 4090 cum

1842 4146 1939 4201 per
1967 4144 2062 4185 eos
2095 4130 2183 4200 qui
2215 4144 2362 4184 meos
2388 4129 2600 4184 labores
2625 4128 2827 4199 legunt,
2860 4142 2967 4182 non
2995 4127 3167 4181 solum
3195 4125 3426 4193 doctior,

1843 4237 2027 4276 verum
2072 4221 2233 4276 etiam
2272 4220 2604 4275 emendatior
2642 4225 2730 4285 lio,
2767 4219 3051 4290 propitium
3093 4217 3223 4272 mihi
3263 4219 3430 4272 Deum

1843 4329 2075 4386 agnosco
2101 4332 2114 4368 :
2142 4325 2196 4371 et
2235 4313 2336 4370 hoc
2379 4331 2475 4385 per
2515 4313 2772 4370 Ecclesia:
2798 4313 3046 4368 doctores
3074 4313 3302 4367 maxime
3330 4327 3429 4367 ex-

1845 4416 2054 4476 specto;
2097 4407 2142 4460 si
2184 4415 2238 4461 et
2276 4407 2329 4460 in
2370 4407 2605 4476 ipsorum
2633 4420 2822 4461 manus
2848 4405 3009 4472 venit,
3038 4404 3431 4476 dignanturque

1846 4514 2007 4553 nosse
2035 4497 2177 4568 quod
2196 4497 2392 4553 scribo.

1911 4632 1929 4663 ¹
1963 4638 2142 4694 omnes
2160 4637 2292 4694 Mss}.
2314 4643 2412 4694 qua
2431 4633 2586 4694 Mler
2605 4637 2676 4682 est
2698 4635 2859 4680 Pater-

1909 4693 1930 4725 ³
1946 4693 2037 4743 .sic
2056 4699 2164 4742 Mss.
2183 4689 2658 4754 Editi,’divinitatem.

937 4874 1270 4931 Fumurws
1296 4872 1349 4927 in
1370 4872 1475 4928 ﬁne
1503 4873 1621 4927 libri
1651 4872 1717 4926 de
1746 4870 2114 4926 lncarnatione
2135 4881 2188 4926 et
2211 4869 2392 4926 Gratia
2421 4871 2482 4924 D.
2505 4870 2569 4926 N.
2598 4870 2648 4926 εἰ.

236 4991 365 5046 Deus
394 4993 490 5064 qui
519 4991 792 5046 hominem
817 4989 1076 5056 condidit,
1106 4991 1219 5059 ipse
1241 4985 1708 5058 praedestinatione
1728 4999 1821 5039 sua
1843 4995 1896 5039 et
1916 4984 2114 5040 donum
2135 4985 2534 5040 illuminationis
2556 4985 2623 5039 ad
2645 4985 2994 5051 credendum,
3023 4996 3074 5040 et
3096 4986 3292 5040 donum
3316 5002 3438 5056 per-

178 5087 475 5140 severantiae
506 5085 572 5139 ad
608 5083 991 5154 proﬁciendum
1017 5093 1177 5152 atque
1206 5079 1646 5151 permanendum,
1677 5087 1731 5134 ct
1759 5079 1956 5133 donum
1977 5078 2378 5149 gloriﬁcationis
2399 5077 2464 5132 ad
2494 5078 2840 5150 regnandum,
2871 5079 3062 5148 quibus
3090 5079 3219 5134 dare
3250 5080 3432 5144 voluit,

178 5179 516 5246 prreparavit:
547 5179 747 5249 quippe
775 5193 880 5232 non
909 5177 1062 5230 aliter
1089 5177 1293 5245 perﬁcit
1321 5176 1376 5231 in
1403 5191 1564 5243 opere
1584 5217 1598 5243 ,
1630 5190 1789 5246 quam
1818 5175 1869 5229 in
1899 5188 1996 5230 sua
2022 5175 2340 5243 sempiterna
2374 5183 2533 5242 atque
2559 5173 2972 5228 incommutabili
3015 5173 3175 5228 habet
3214 5175 3439 5243 disposi-

175 5274 267 5321 tum
297 5270 593 5324 voluntate.
629 5269 795 5336 Cujus
820 5267 1296 5337 prmdestinationis
1321 5267 1618 5331 veritatem,
1648 5283 1750 5337 qua
1776 5281 1872 5320 nos
1896 5276 2019 5321 ante
2044 5265 2223 5321 mundi
2254 5265 2685 5320 constitutionem
2716 5265 3114 5334 pnedestinatos
3146 5267 3196 5318 in
3223 5265 3436 5321 Cltrisln

175 5369 378 5418 testatur
410 5364 719 5434 Apostolus,
748 5364 792 5417 si
817 5362 934 5432 quis
960 5361 1217 5416 detrectat
1241 5361 1418 5415 cordis
1443 5361 1754 5416 credulitate
1780 5361 2019 5430 recipere
2039 5403 2054 5427 ,
2092 5361 2174 5415 vel
2199 5360 2306 5415 oris
2332 5359 2664 5415 confessione
2693 5361 2948 5429 proferre,
2976 5361 3019 5413 si
3047 5370 3168 5415 ante
3197 5361 3435 5414 ultimum

171 5452 297 5508 diem
322 5457 453 5510 vita:
481 5454 765 5528 pra-sentis
790 5495 806 5520 ,
837 5453 1120 5522 impietatis
1148 5467 1256 5506 suae
1281 5451 1688 5518 contumaciam,
1718 5469 1818 5522 qua
1848 5453 1959 5506 Deo
1986 5454 2104 5506 vivo
2134 5463 2188 5507 et
2212 5467 2339 5507 vero
2367 5452 2581 5508 rebellis
2610 5452 2836 5517 obsistit,
2861 5469 2964 5506 non
2993 5453 3272 5521 abjeccrit;
3325 5469 3436 5506 ma-

173 5546 412 5602 nifestum
460 5560 540 5604 est
575 5563 700 5603 eum
742 5561 844 5600 non
878 5546 1143 5614 pertinere
1167 5543 1232 5598 ad
1262 5560 1447 5600 eorum
1479 5560 1778 5605 numerum.
1813 5561 1946 5614 quos
1978 5545 2118 5598 Deus
2144 5544 2197 5599 in
2223 5543 2434 5599 Christo
2459 5554 2582 5599 ante
2605 5543 2783 5598 mundi
2813 5544 3236 5596 constitutionem
3276 5546 3439 5612 gratis

169 5639 316 5710 elegit
356 5653 415 5698 et
467 5641 865 5714 praedestinavit
903 5639 969 5694 ad
1011 5654 1249 5710 regnum.
1305 5639 1405 5693 Pro
1445 5638 1632 5708 quibus
1682 5649 1856 5692 tamen
1905 5652 2003 5691 nec
2044 5638 2213 5692 oratio
2253 5635 2486 5691 ﬁdelium
2533 5636 2692 5691 debet
2737 5635 3017 5700 desistere,
3064 5648 3163 5686 nec
3205 5634 3440 5690 Charitas

168 5734 450 5803 aliquando
492 5746 741 5804 torpere;
795 5741 850 5786 ut
893 5733 1034 5788 Deus
1084 5734 1161 5785 eis
1198 5733 1418 5801 gratiam
1463 5746 1573 5784 sua:
1615 5729 2015 5783 illuminationis
2056 5729 2237 5794 donet,
2291 5745 2385 5798 per
2427 5744 2585 5796 quam
2627 5729 2676 5782 in
2728 5728 2853 5796 ipsis
2893 5741 3070 5780 semen
3112 5725 3272 5780 divini
3325 5742 3441 5782 ser-

171 5829 335 5885 monis
365 5829 679 5892 fruttiﬁcet,
713 5827 802 5896 qui
830 5825 1019 5881 frustra
1049 5824 1402 5882 cxxcrinribus
1426 5822 1644 5878 auribus
1673 5831 1844 5888 sonat,
1870 5822 1972 5876 nisi
2002 5823 2140 5878 Deus
2169 5819 2425 5892 spirituali
2457 5836 2677 5876 munere
2701 5819 2936 5874 auditum
2960 5815 3192 5873 hominis
3215 5819 3438 5876 interio—

166 5922 238 5977 ria
260 5922 488 5993 aperiat.

405 6013 636 6077 Sacr.
673 6015 946 6074 Aususr.
989 6012 1069 6073 Χ.
2149 6055 2154 6058 .
2568 6002 3080 6082 (Tremo-troia.)
