4014 6478
525 392 693 457 ross'
1536 362 1909 455 annoumo
1946 396 2014 454 ω
2050 388 2228 457 opus
2264 386 2753 456 tnpsnrsmmi
3666 386 3808 453 mss

691 510 771 571 Ex
795 508 986 572 eodem
1012 508 1293 587 Fulgentio
1313 512 1588 571 ADRIANUS
1616 512 1757 586 Papa
1784 512 1825 581 l,
1851 512 1905 570 in
1936 510 2174 585 Epistola
2200 512 2266 570 ad
2288 512 2515 587 Egiiam,
2538 515 2670 571 etin
2690 510 3023 610 Epistoia‘id
3050 511 3330 587 episcepos
3353 508 3642 585 Hispaniae.

596 628 771 707 Opera
798 627 1177 691 misericordiae
1212 646 1276 686 ac
1307 626 1527 703 iustitiae
1558 626 1874 705 praeparavit
1902 624 2043 686 Deus
2074 628 2127 685 in
2152 630 2452 691 aeternitate
2478 629 3025 689 incommutabilitatis
3048 646 3193 699 suae;
3239 637 3294 687 et
3330 631 3470 686 sicut
3507 626 3806 686 futurorum

524 707 747 797 operum
769 739 985 779 suorum
1012 739 1281 801 nunquam
1314 720 1413 779 fuit
1439 720 1672 797 ignarus,
1701 724 1778 778 sic
1803 720 1855 777 in
1886 721 2195 779 eorumdem
2217 738 2439 794 operum
2473 723 2860 799 praeparatione
2897 739 3167 795 nunquam
3206 716 3553 797 improvidus.
3599 716 3813 793 Praepa-

524 817 664 873 ravit
681 832 810 891 ergo
832 815 1188 891 justiiicandis
1208 816 1515 874 hominibus
1529 816 1739 883 merita,
1764 818 2083 895 praeparavit
2109 817 2297 875 iisdem
2321 818 2684 893 gioriilcandis
2697 806 2763 875 et
2789 820 3029 891 praemia.
3055 818 3207 876 Malis
3226 834 3356 877 vero
3372 835 3479 879 non
3496 819 3814 895 praeparavit

525 908 829 971 voluntates
858 910 1046 981 maias,
1076 918 1168 966 aut
1191 924 1353 987 opera
1385 908 1543 977 maia,
1572 907 1666 967 sed
1697 911 2014 983 praeparavit
2038 910 2116 965 eis
2135 910 2279 983 justa
2310 920 2366 968 et
2388 922 2587 973 mterna
2617 912 2895 987 supplicia.
2921 911 3047 971 Hzec
3073 923 3158 969 est
3180 922 3382 971 :etema
3413 912 3813 987 przedestinatio

522 997 824 1056 futurorum
868 1014 1089 1073 operum
1134 998 1253 1070 Dei,
1300 1016 1458 1077 quam
1510 999 1649 1056 sicut
1693 999 1847 1058 nobis
1895 1002 2186 1075 apostolica
2232 1003 2473 1063 doctrina
2523 1019 2737 1079 semper
2783 1004 3041 1063 insinuari
3086 1006 3478 1079 cognoscimus,
3527 1009 3605 1063 sic
3652 1007 3817 1063 etiam

523 1088 847 1150 ﬁduciaiiter
895 1088 1288 1173 praedicamus,
1339 1103 1445 1150 etc.
1496 1091 1765 1157 Teneatur
1814 1110 1943 1167 ergo
1987 1090 2472 1166 prazdeStinationis
2514 1096 2709 1157 veritas
2756 1094 3081 1153 a'ﬁdeiibus
3128 1098 3377 1154 cunctis:
3410 1099 3532 1173 quia
3577 1098 3816 1171 quisquis

524 1184 763 1249 divinum
798 1200 903 1241 non
933 1184 1105 1243 credit
1138 1185 1192 1241 in
1231 1182 1331 1242 hac
1372 1182 1846 1265 predestinatione
1879 1187 2181 1255 consilium,
2204 1203 2313 1245 non
2339 1190 2614 1261 perveniet
2648 1189 2716 1247 ad
2748 1189 3038 1265 gloriosum
3063 1188 3305 1261 ejusdem
3333 1191 3818 1265 pnedestinationis

525 1270 799 1334 eiiectum.

2571 1402 2581 1411 ν

1774 1700 1843 1758 ΙΝ
1875 1702 2051 1761 OPUS
2086 1701 2572 1762 IMPEHFECTUM

1243 1830 1554 1885 CONTRA
1623 1834 2037 1883 SECUNDAM
2099 1839 2408 1885 JULIANI
2488 1837 3101 1889 ικειιοιαιοπιηί.

1982 1950 2355 2008 sim

604 2064 958 2123 Pervenimue
983 2065 1201 2124 tandem
1222 2066 1290 2122 ad
1316 2065 1561 2122 ultimum
1590 2068 1869 2139 Augustini
1899 2082 2056 2139 opus,
2089 2070 2144 2124 in
2165 2084 2273 2141 quo
2296 2070 2484 2126 beatus
2508 2071 2696 2142 gratiae
2718 2069 2915 2127 Christi
2942 2070 3156 2137 vindex,
3186 2070 3313 2126 dum
3339 2069 3577 2127 haeretici
3604 2065 3811 2127 Iuliani

532 2172 656 2218 eum
680 2162 860 2217 denuo
882 2160 1244 2233 aggredientis
1282 2161 1539 2232 impetum
1569 2164 1907 2234 comprimit,
1956 2164 2193 2219 nondum
2221 2165 2468 2220 absoluto
2501 2164 2691 2223 eodem
2718 2178 2911 2236 opere,
2939 2172 3115 2221 morte
3143 2174 3451 2235 occupatur,
3482 2172 3536 2220 et
3571 2181 3603 2221 e
3633 2163 3819 2220 medio

531 2254 829 2310 certamine
852 2252 921 2308 ad
946 2252 1351 2325 percipiendam
1377 2266 1632 2309 coronam
1661 2263 1884 2311 vocatur
1909 2256 1962 2310 in
1990 2256 2208 2311 emittm.
2241 2256 2441 2311 Verum
2474 2265 2761 2330 antequam
2801 2264 2999 2314 nostra:
3039 2258 3093 2313 in
3131 2257 3185 2313 id
3210 2257 3388 2329 operis
3415 2257 3825 2314 observationes

530 2353 921 2419 proponantur,
950 2346 1091 2401 haud
1117 2346 1216 2401 abs
1242 2360 1305 2401 re
1344 2346 1535 2413 fuerit,
1571 2346 1738 2418 ipsius
1772 2348 1999 2415 Juliani,
2042 2349 2250 2420 patroni
2282 2348 2581 2420 Pelagiana:
2612 2348 2881 2407 inereseos
2917 2358 3116 2422 praeter
3146 2358 3373 2408 caeteros
3409 2350 3723 2407 ardentiset
3744 2351 3829 2406 Ia-

533 2441 701 2508 mosi,
746 2446 907 2511 atque
940 2438 1388 2511 inter-Augustini
1412 2440 1749 2498 adversarios
1783 2442 2188 2498 insolentissimi
2211 2484 2227 2510 ,
2265 2456 2435 2514 genus
2473 2451 2528 2499 et
2564 2457 2746 2501 mores
2784 2441 3002 2512 dicere,
3045 2442 3289 2517 iactaque
3331 2456 3429 2501 seu
3470 2444 3666 2515 scripta
3703 2442 3831 2516 ejus

534 2542 838 2591 meeum.

1112 1398 1948 1409 —-—————————
2225 1409 2250 1416 __
2571 1402 2581 1411 .
3266 1408 3271 1411 _
3490 1404 3599 1410 ,ἢ
3686 1402 3691 1405 .

1626 2627 1715 2682 DE
1752 2625 2041 2685 ΙΠΠΑΝο
2078 2627 2168 2685 ET
2205 2627 2370 2686 EJUS
2408 2627 2731 2687 SCRlPTiS.

607 2738 849 2801 Julianus
871 2754 1002 2814 ergo
1020 2738 1258 2801 Memore
1284 2756 1348 2799 ac
1372 2736 1605 2812 Iuliana,
1634 2732 1857 2817 utroque
1883 2753 2103 2817 parente
2128 2744 2197 2801 ab
2215 2742 2466 2816 opinione
2490 2745 2702 2817 pietatis
2726 2747 2893 2813 claro,
2923 2754 3213 2821 prognatus
3239 2754 3340 2803 est.
3365 2744 3653 2803 Memorem
3682 2750 3834 2803 certe

542 2832 739 2893 Marius
767 2832 1029 2893 Mercator
1052 2835 1108 2893 in
1136 2834 1556 2895 Commonitorio
1590 2837 2024 2894 subnotationum
2054 2839 2105 2893 in
2143 2839 2341 2909 scripta
2365 2836 2561 2895 Juliani
2582 2882 2600 2909 ,
2635 2859 2654 2895 ι
2680 2850 2877 2897 sanctae
2902 2855 2965 2895 ac
2992 2839 3164 2895 beatae
3201 2838 3586 2895 recordationis
3613 2839 3796 2912 episco
3815 2868 3831 2880 -

545 2944 710 3000 palm,
742 2948 762 2983 ι
806 2927 1072 2986 Julianam
1114 2938 1293 2985 autem
1327 2928 1579 2986 Memoris
1606 2930 1917 3005 conjugem,
1965 2951 1984 2983 ‹
2014 2932 2320 3003 primariam
2359 2931 2608 2989 feminam
2637 2952 2658 2986 ι
2694 2941 2877 3002 vocat,
2926 2952 2945 2985 ‹
2974 2950 3074 3003 qua
3108 2930 3270 3001 nihil,
3302 2952 3322 2987 ι
3367 2933 3473 3001 ait,
3511 2951 3530 2986 ‹
3556 2932 3836 2989 honestius

538 3022 680 3078 inter
705 3021 1164 3079 reverentissimas
1206 3031 1480 3079 matronas
1509 3023 1787 3079 invenias:
1818 3044 1837 3077 ι
1869 3034 2030 3097 atque
2056 3040 2182 3080 mox
2207 3024 2275 3081 de
2299 3022 2531 3081 Memore
2556 3022 2715 3081 simul
2741 3041 2804 3081 ac
2837 3022 3044 3080 Juliana
3062 3024 3323 3097 loquens,
3358 3044 3376 3077 ι
3404 3023 3494 3097 qui
3524 3033 3766 3091 sanctos,
3804 3042 3827 3077 ι

539 3114 741 3191 inquit,
775 3132 795 3167 ι
824 3112 1035 3171 illorum
1060 3111 1338 3171 hominum
1370 3129 1568 3183 mores,
1601 3124 1841 3172 sanctam
1872 3117 2067 3184 vitam,
2100 3114 2505 3191 institutumque
2534 3117 2777 3173 noverint
2811 3137 2831 3170 ι
2860 3116 3068 3189 (Infra,
3101 3114 3335 3190 Append.
3376 3125 3519 3191 parte
3543 3116 3635 3190 2).
3666 3113 3825 3170 illum

543 3206 720 3287 ipsum
746 3207 943 3264 Iuliani
981 3216 1185 3280 patrem
1220 3209 1380 3289 etiam
1419 3206 1695 3266 nobilitate
1721 3209 1934 3283 generis
1975 3212 2320 3281 conspicuum
2352 3209 2545 3277 fuisse,
2591 3208 2947 3283 Hieronymus
2981 3206 3282 3283 Vignierius
3320 3208 3373 3265 in
3405 3206 3723 3265 Prtei'alione
3761 3204 3833 3264 ad

537 3302 907 3379 imperfectum
933 3304 1079 3376 Opus
1108 3304 1419 3376 Augustini,
1453 3320 1519 3361 ex
1549 3304 1745 3361 inedita
1790 3305 2018 3383 quadam
2047 3302 2310 3378 Fulgentii
2350 3306 2638 3378 scriptione
2665 3307 2858 3377 prodit.
2887 3302 3017 3362 Inde
3055 3321 3184 3361 vero
3216 3322 3319 3361 non
3353 3306 3526 3360 minus
3551 3319 3835 3363 commen-

540 3398 750 3457 dandus
776 3398 918 3455 idem
951 3394 1177 3467 Memor,
1208 3397 1349 3469 quod
1380 3397 1678 3471 Augustino
1709 3398 1939 3454 amicitia
1970 3407 2023 3456 et
2051 3399 2353 3455 litterarum
2376 3397 2555 3471 ofﬁcio
2579 3398 2897 3469 conjunctus
2928 3398 3084 3453 fuerit
3110 3416 3123 3451 :
3152 3397 3221 3455 de
3244 3414 3351 3469 quo
3385 3406 3601 3452 sanctus
3630 3396 3840 3450 Doctor

537 3498 599 3565 in
621 3496 758 3559 libro
787 3498 960 3568 primo
988 3504 1178 3553 contra
1204 3495 1509 3564 lulianum,
1553 3515 1574 3552 ί
1604 3496 1716 3568 Ego
1744 3505 1891 3555 certe
1918 3495 2088 3553 beatae
2118 3497 2393 3552 memoria:
2435 3494 2688 3551 Memoris
2730 3493 2893 3567 patris
2925 3486 2997 3548 tui
3027 3508 3133 3547 non
3176 3492 3476 3559 immemor,
3508 3488 3597 3562 qui
3624 3505 3840 3545 mecum

538 3607 650 3653 non
678 3606 903 3665 parvam
932 3586 1124 3647 inierat
1151 3588 1441 3667 amicitiam
1464 3588 1733 3661 colloquio
1762 3589 2082 3655 litterarum,
2113 3598 2272 3659 teque
2300 3589 2476 3660 ipsum
2499 3587 2631 3643 mihi
2657 3587 3032 3643 charissimum
3066 3583 3265 3641 iecerat
3288 3604 3307 3637 ι
3334 3582 3549 3659 (Supra,
3567 3578 3845 3638 contrJu-

539 3684 694 3751 lim...
724 3684 809 3743 lib.
842 3684 895 3751 ι,
924 3701 981 3739 n.
1010 3681 1123 3756 i2).
1174 3683 1361 3743 Exstat
1385 3682 1546 3739 etiam
1586 3697 1727 3739 nunc
1766 3683 1963 3753 scripta
1992 3682 2213 3738 Memori
2235 3683 2480 3753 epistola,
2510 3683 2651 3737 inter
2676 3679 3087 3751 Angustiniauas
3108 3676 3299 3735 ordine
3321 3677 3611 3733 centesima
3642 3676 3839 3749 prima.

538 3776 829 3839 Memorem
861 3775 1120 3850 Ugheilus
1140 3775 1409 3853 Capuanis
1431 3774 1723 3851 episcopis,
1751 3775 2156 3853 haudquaquam
2183 3783 2361 3831 tamen
2389 3774 2497 3831 ulla
2526 3770 2715 3830 idonea
2742 3774 3059 3829 auctoritate
3085 3771 3273 3836 fretus,
3301 3769 3560 3844 adjungit,
3587 3771 3839 3843 proximo

540 3878 663 3947 post
689 3869 1026 3931 Vincentium
1054 3869 1196 3938 loco,
1232 3868 1323 3943 qui
1351 3862 1666 3925 Vincentius
1697 3885 1760 3924 ex
1786 3868 2063 3925 Athanasii
2095 3869 2315 3925 historia
2340 3867 2667 3940 perceiebris
2692 3876 2794 3933 est,
2822 3883 2944 3923 eum
2975 3880 3282 3922 recensens.

611 3960 780 4021 Natus
802 3970 887 4021 est
913 3960 1156 4023 lulianus
1180 3960 1235 4017 in
1265 3960 1492 4031 Apulia,
1521 3970 1657 4019 teste
1684 3962 1979 4033 Augustino
2009 3959 2207 4035 (Infra,
2242 3961 2424 4033 Operi:
2449 3962 2654 4033 imperf.
2686 3960 2774 4017 lib.
2802 3959 2857 4027 6,
2887 3976 3003 4035 cap.
3036 3958 3162 4031 i8);
3196 3954 3415 4012 forsitan
3449 3952 3703 4023 Eculani,
3737 3972 3841 4014 seu

540 4056 769 4123 Echui;
796 4057 845 4113 si
866 4065 1049 4115 tamen
1068 4055 1200 4117 urbs
1229 4055 1341 4122 illa,
1366 4055 1476 4127 iam
1503 4055 1626 4111 inde
1650 4071 1685 4113 a
1713 4057 1965 4112 trecentis
1990 4058 2148 4113 annis
2173 4053 2478 4127 Campania:
2510 4055 2716 4111 inclusa
2746 4055 2959 4121 ﬁnibus,
2992 4052 3094 4108 hoc
3123 4052 3339 4108 nomine
3366 4051 3639 4108 iocabatur
3658 4050 3843 4107 adhuc

541 4142 601 4207 in
625 4149 856 4223 Apulia,
880 4148 1025 4220 quod
1051 4148 1182 4207 olim
1209 4148 1348 4204 inter
1372 4148 1579 4223 Apulia:
1605 4147 1768 4205 urbes
1796 4158 2073 4204 numerata
2107 4148 2317 4204 fuisset.
2344 4148 2545 4204 Memor
2580 4148 2695 4219 ejus
2725 4158 2896 4219 pater,
2925 4162 3026 4218 qua
3053 4157 3166 4201 erat
3194 4146 3392 4223 pietate
3413 4186 3429 4210 ,
3458 4143 3622 4203 ﬁlium
3650 4142 3716 4199 ad
3745 4160 3845 4200 ec-

542 4243 768 4309 clesiam
792 4259 954 4317 quam
980 4242 1212 4313 primum
1250 4240 1407 4306 tulit,
1434 4242 1589 4317 eique
1615 4240 1790 4297 adhuc
1813 4240 2003 4301 infanti
2036 4242 2294 4317 Baptismi
2332 4243 2562 4315 gratiam
2590 4241 2705 4299 dari
2734 4241 2903 4297 voluit
2930 4240 3129 4312 (Supra
3169 4249 3347 4293 contra
3370 4234 3575 4292 Julian.
3594 4279 3611 4305 ,
3651 4235 3742 4292 libi
3780 4238 3839 4304 i,

545 4357 604 4403 τι,
619 4338 719 4405 il;
735 4338 895 4412 infra,
927 4336 1108 4410 Operi:
1134 4337 1343 4409 imperf.
1370 4334 1461 4390 lib.
1480 4333 1541 4403 2,
1562 4351 1678 4405 cap.
1706 4336 1787 4406 2),
1812 4353 1833 4388 ι
1856 4338 2101 4394 nesciens
2122 4337 2297 4391 eidem
2316 4337 2499 4408 gratiae
2527 4351 2685 4407 quam
2716 4344 2862 4391 esset
2886 4336 3093 4391 iuturus
3111 4334 3347 4401 ingratus
3371 4350 3389 4384 ι
3413 4330 3633 4401 (Supra,
3656 4341 3844 4388 contra

542 4428 773 4498 Iuliam,
807 4428 894 4485 lib.
917 4430 972 4497 6,
1004 4447 1059 4485 η.
1085 4429 1200 4498 l7).
1253 4427 1387 4484 Huic
1428 4428 1669 4489 attribuit
1713 4427 2021 4487 Gennadius
2067 4431 2337 4501 ingenium
2365 4445 2531 4501 acre,
2573 4446 2821 4501 magnam
2845 4444 3116 4489 sacrarum
3149 4426 3544 4498 Scripturarum
3572 4426 3843 4500 cognitio-

544 4541 702 4595 nem,
735 4536 951 4598 tamque
980 4524 1326 4594 multiplicem
1352 4523 1703 4580 eruditionem
1734 4524 2034 4581 litterarum
2063 4540 2361 4595 graecarum
2395 4535 2451 4582 et
2479 4526 2793 4590 iatinarum,
2822 4533 2882 4583 ut
2902 4522 3166 4586 Julianus.
3193 4524 3499 4593 priusquam
3531 4519 3840 4595 Pelagianae

544 4617 769 4676 haeresis
794 4619 848 4675 in
878 4634 946 4675 eo
973 4615 1468 4689 deprehenderetur
1502 4614 1771 4690 impietas,
1801 4617 2014 4677 celebre
2040 4618 2140 4677 sibi
2165 4634 2362 4677 nomen
2396 4619 2536 4675 inter
2565 4618 2822 4675 Ecclesia:
2848 4617 3101 4675 doctores
3125 4616 3450 4687 compararit
3476 4614 3686 4690 (Infra,
3718 4616 3843 4688 Ap-

545 4711 700 4786 pend.
731 4719 875 4783 parte
899 4710 980 4783 2).
1011 4709 1292 4766 Mercatori
1321 4721 1496 4766 tamen
1523 4709 1666 4766 haud
1698 4712 1892 4782 injuria
1927 4710 2139 4777 dicitur,
2173 4728 2195 4763 ‹
2223 4710 2438 4766 horrida
2466 4711 2808 4783 loquacitate,
2842 4729 2863 4763 ι
2893 4725 3014 4765 cum
3041 4710 3302 4765 adversus
3332 4710 3689 4780 Augustinum
3715 4708 3840 4765 dis-

544 4813 771 4874 sereret,
807 4822 829 4858 c
856 4810 1138 4876 evagatus,
1168 4802 1429 4861 disertum
1456 4818 1519 4860 se
1540 4804 1711 4879 magis
1746 4813 2021 4865 ostentare
2044 4812 2100 4861 et
2122 4804 2345 4860 sciolum
2374 4805 2561 4863 volens
2602 4824 2621 4858 ι
2658 4802 2873 4878 (lbid.).
2898 4803 3074 4875 ipsum
3109 4804 3269 4859 etiam
3291 4820 3320 4857 a
3350 4803 3614 4875 Prospero
3643 4813 3844 4873 putant

549 4896 886 4969 designatum
917 4893 1087 4951 fuisse
1111 4894 1214 4950 hoc
1240 4895 1527 4963 versiculo,
1560 4896 1651 4971 qui
1681 4897 1836 4951 simul
1865 4906 1921 4952 et
1947 4897 2065 4967 ejus
2087 4896 2423 4971 episcopatus
2450 4895 2625 4952 locum
2644 4938 2659 4963 ,
2698 4906 2751 4951 et
2775 4894 3045 4958 scribendi
3070 4894 3442 4950 characterem
3470 4908 3533 4949 ac
3557 4893 3842 4965 ingenium

546 4989 750 5050 referre
775 4999 935 5064 atque
962 4989 1187 5045 innuere
1208 4986 1420 5045 videtur
1443 5006 1458 5045 :

1279 5086 1370 5132 Aut
1388 5076 1503 5132 huic
1520 5088 1756 5146 Campano
1776 5080 1999 5146 gramine
2020 5079 2165 5131 corda
2194 5082 2405 5131 tument.

545 5169 717 5241 Quem
739 5183 949 5225 rursum
989 5164 1220 5239 Prosper
1266 5168 1322 5223 in
1347 5165 1615 5225 Chronico
1660 5165 2103 5238 jactantissimum
2146 5162 2415 5234 Pelagiani
2454 5163 2653 5220 erroris
2695 5172 3023 5220 assertorem
3065 5162 3296 5234 appellat
3351 5158 3564 5235 (Ibid).
3601 5158 3847 5221 Sanctus

546 5276 759 5338 quoque
783 5261 1111 5335 Augustinus
1136 5258 1309 5333 ipsum
1341 5262 1534 5317 merito
1561 5260 1679 5331 jure
1722 5260 1962 5316 nominat
1982 5257 2233 5329 juvenem
2277 5256 2822 5313 conﬁdentisssimum
2850 5248 3071 5331 (Supra,
3099 5264 3273 5311 contra
3311 5255 3599 5321 lulianum,
3640 5252 3729 5311 lib.
3765 5254 3839 5325 2,

546 5376 603 5415 η.
630 5356 748 5431 30);
775 5364 935 5428 atque
976 5372 1097 5413 eum
1125 5355 1325 5427 lingua,
1358 5368 1517 5426 quam
1558 5362 1737 5409 mente
1766 5353 1935 5423 magis
1951 5350 2186 5407 valuisse
2211 5350 2403 5406 aSSerit
2441 5346 2637 5423 (Infra,
2664 5351 2846 5424 Operi:
2872 5349 3093 5422 Imperf.
3128 5350 3215 5405 lib.
3244 5351 3300 5417 3,
3324 5366 3437 5422 cap.
3473 5348 3564 5421 52)
3593 5364 3608 5402 :
3649 5363 3680 5405 a
3721 5364 3845 5421 quo

544 5457 604 5510 et
628 5450 842 5516 dicitur,
868 5466 889 5502 α
920 5447 974 5504 in
1004 5447 1361 5523 disputatione
1412 5446 1836 5521 loquacissimus,
1892 5444 1945 5499 in
2004 5445 2350 5501 contentione
2395 5444 2931 5512 caiumniosissimus,
2957 5442 3013 5499 in
3044 5440 3376 5515 professione
3403 5441 3779 5499 falacissimus
3813 5463 3836 5497 ι

549 5541 713 5619 (Ibid.
741 5542 829 5599 lib.
860 5541 914 5609 t,
937 5558 1052 5614 cap.
1076 5540 1191 5612 50).
2093 5609 2099 5613 _

620 5633 753 5690 Cum
780 5643 937 5692 aetate
954 5633 1063 5705 jam
1088 5628 1268 5689 adulta
1292 5640 1455 5697 esset,
1486 5630 1533 5687 ei
1564 5640 1715 5703 pater
1738 5646 1961 5687 uxorem
1984 5626 2167 5698 dedit;
2216 5634 2545 5701 testaturque
2574 5629 2817 5701 pluribus
2844 5630 2975 5687 iocis
3005 5626 3329 5701 Augustinus
3372 5626 3522 5686 ilium
3559 5628 3843 5702 conjngaii

545 5723 762 5781 vinculo
787 5723 948 5781 fuisse
976 5723 1288 5780 adstrictum
1316 5721 1535 5794 (Supra,
1559 5730 1733 5777 contra
1754 5714 2049 5789 Iulianum,
2101 5720 2191 5778 lib.
2220 5721 2275 5790 3,
2299 5741 2387 5777 nn.
2409 5722 2500 5787 28,
2530 5720 2621 5790 46,
2646 5722 2880 5793 passim).
2921 5721 3215 5777 Fatendum
3240 5728 3325 5778 est
3353 5730 3519 5789 certe,
3558 5736 3678 5778 cum
3712 5722 3843 5793 ejus

547 5810 746 5872 familia
777 5813 1223 5870 necessitudinem
1254 5812 1476 5868 Paulino
1508 5814 1763 5884 episcopo
1781 5812 1997 5868 Nolensi
2025 5813 2391 5870 intercessisse
2438 5815 2596 5884 longe
2620 5815 3009 5880 arctissimam;
3039 5812 3471 5886 quandoquidem
3520 5813 3609 5870 hic
3657 5830 3721 5872 se
3751 5815 3846 5871 in-

550 5902 773 5976 dignum
805 5904 1025 5961 minime
1054 5903 1276 5975 putavit,
1308 5904 1520 5976 nuptias
1544 5905 1687 5962 illius
1716 5906 1803 5977 pio
1830 5907 2193 5978 epithalamio,
2218 5905 2360 5977 quod
2390 5905 2530 5961 inter
2565 5905 2731 5976 ipsius
2780 5921 2944 5977 opera
2969 5905 3233 5978 hodieque
3276 5907 3492 5979 legitur,
3525 5906 3840 5969 celebrare.
