3996 6494
528 336 671 398 1050
1528 336 1900 397 ADMONITIO
1938 334 2002 394 IN
2042 336 2218 397 ΟΡυὸ
2255 335 2745 395 IMPERFECTUM
3679 335 3809 392 1040

525 442 1011 517 plariCorbeiensi,
1043 444 1245 501 nullum
1270 446 1335 502 de
1374 445 1567 503 Juliani
1619 450 1927 519 episc0patu
1964 450 2184 504 verbum
2216 450 2456 520 reperiri.
2491 449 2580 506 Sic
2605 465 2767 522 porro
2795 449 2956 505 etiam
3000 447 3245 520 Prosperi
3296 448 3562 505 editiones
3612 465 3802 506 recen-

524 537 711 603 tiores,
755 551 852 607 pro
878 537 1228 602 Atellanensi,
1265 539 1614 595 Eelanensem
1634 556 1701 596 ex
1728 541 1968 597 melioris
2001 553 2139 595 noue
2179 542 2555 611 manuscriptis
2589 542 2953 599 substituunta
2974 541 3141 611 Quam
3168 542 3378 612 quidem
3414 542 3797 597 correctionem

524 626 657 687 nihil
681 636 920 683 moratus
941 627 1130 684 Petrus
1156 628 1468 684 Franciscus
1493 629 1810 696 Chimetius,
1840 629 2064 700 primam
2093 631 2341 702 Prosperi
2368 631 2653 688 lectionem
2680 633 2784 688 alia
2809 635 3071 702 potiorem
3093 649 3231 697 esse,
3269 648 3332 688 ac
3359 649 3489 689 vere
3532 620 3796 689 Iulianum

522 718 736 788 Atellae,
767 734 887 790 quae
916 720 970 775 in
996 719 1214 776 urbibus
1233 721 1536 791 Campaniae
1564 721 1691 776 olim
1718 720 2107 786 celebrabatur,
2139 729 2196 778 et
2245 737 2279 778 e
2310 724 2461 793 cujus
2490 723 2659 777 ruinis
2714 722 2916 785 Aversa
2963 724 3298 795 postmodum
3352 725 3489 779 inter
3522 722 3789 793 Neapolim

521 811 864 883 Capuamque
883 812 1109 868 excitata
1135 822 1236 879 est,
1260 812 1439 868 sedem
1465 812 1696 867 tenuisse
1724 812 1890 866 voluit
1910 812 1928 883 (
1947 811 2241 883 Chifjletius,
2270 813 2323 867 in
2354 812 2576 868 Paulino
2602 814 2762 868 illast.
2813 824 2957 885 parte
2979 814 3034 878 2,
3067 832 3185 888 cap.
3214 812 3351 886 29).
3382 816 3451 869 At
3485 823 3794 870 controver-

521 903 660 960 siam
685 901 888 959 decidit
916 903 1113 959 Marius
1149 904 1411 959 Mercator
1440 903 1633 959 Iuliani
1660 904 1880 974 mqnalis
1904 912 1957 960 et
1985 904 2227 972 aemulus,
2254 905 2477 976 ejusque
2504 905 2741 977 gentilis,
2772 905 2900 961 dum
2923 906 3101 962 verbis
3132 907 3407 977 conceptis
3454 908 3630 976 ipsum
3677 906 3803 962 alias

521 995 830 1067 episcopum
856 993 1229 1061 Eclanensem,
1256 995 1388 1048 alias
1410 994 1784 1064 exepiscopum
1804 994 1984 1064 oppidi
2020 995 2334 1050 Eelanensis
2359 1004 2517 1051 vocat
2563 993 2760 1069 (Infra,
2784 996 3024 1068 Append.
3056 1009 3201 1071 parte
3222 998 3279 1071 2)
3312 1016 3326 1054 :
3356 1013 3463 1070 quo
3501 1013 3625 1053 cum
3666 997 3801 1054 Mer-

521 1095 705 1144 catore
730 1086 947 1142 Petrum
974 1084 1280 1155 diaconum,
1308 1085 1601 1154 Gelasium,
1634 1101 1696 1142 ac
1718 1086 1938 1158 Bedam,
1965 1104 2067 1144 una
2092 1096 2291 1144 mutata
2316 1088 2402 1145 vel
2433 1090 2757 1162 transposita
2788 1090 2964 1145 littera
3000 1091 3309 1161 conciliare,
3350 1106 3460 1147 non
3505 1091 3578 1146 ita
3629 1107 3801 1164 magni

520 1181 717 1252 negotii
748 1178 926 1237 fuerit.
3786 1240 3794 1248 _

593 1272 783 1330 lsthaec
806 1281 981 1328 autem
1011 1272 1197 1327 civitas
1226 1272 1491 1343 quondam
1517 1273 1659 1329 clara
1678 1315 1693 1339 ,
1726 1288 1868 1329 nunc
1890 1274 2057 1330 ruinis
2086 1274 2197 1329 suis
2232 1274 2473 1344 sepulta,
2503 1274 2733 1345 antiquis
2762 1275 3055 1331 Eculanum
3086 1275 3484 1347 sive:Eclanttm
3529 1276 3675 1334 dicta
3705 1288 3800 1337 est.

520 1366 697 1424 Posita
725 1377 840 1423 erat
862 1367 915 1420 in
948 1366 1181 1436 Hirpinis
1210 1366 1262 1421 in
1302 1366 1541 1422 nlteriori
1569 1368 1871 1437 principatu
1892 1409 1906 1432 ,
1939 1383 1969 1422 a
1998 1367 2304 1422 Benevento
2342 1366 2650 1439 quindecim
2680 1367 2915 1423 millibus
2938 1367 3143 1423 distans
3162 1410 3179 1436 ,
3205 1385 3391 1426 versus
3418 1370 3795 1427 Euro-notum.

519 1455 656 1514 Sunt
678 1457 767 1529 qui
795 1465 981 1527 putent
1001 1456 1239 1511 eamdem
1270 1467 1452 1526 postea
1478 1456 1941 1527 Quintodecimum
1973 1458 2313 1528 appellatam,
2342 1473 2554 1514 necnon
2581 1468 2760 1515 nostra
2793 1458 2892 1515 hac
2922 1462 3177 1516 memoria
3203 1462 3322 1532 ejus
3346 1463 3541 1519 rudera
3563 1464 3800 1534 quredam

519 1564 584 1605 ac
609 1549 900 1621 parietinas
927 1564 1089 1618 prope
1114 1548 1439 1604 Mirabellam
1460 1549 1716 1621 conspici.
1742 1549 2071 1620 Episcopalis
2098 1550 2253 1605 sedes
2276 1549 2476 1605 Eclano
2502 1548 2882 1620 Frequentum,
2914 1550 3092 1607 italice
3116 1549 3383 1624 Frigeato,
3412 1569 3510 1608 seu
3537 1551 3800 1621 Fricento,

521 1643 775 1698 translata
802 1642 919 1697 fuit.
948 1641 1307 1712 Frequentum
1339 1657 1467 1697 vero
1495 1643 1647 1697 nonis
1686 1643 1845 1697 maiis‘
1868 1643 1991 1696 anni
2032 1657 2193 1713 supra
2223 1642 2563 1697 millesimum
2606 1642 3117 1714 quadringentesimi
3147 1644 3466 1715 sexagesimi
3510 1646 3680 1715 quinti
3709 1655 3797 1701 aut

520 1734 659 1792 sexti
684 1734 1011 1791 Abellinensi
1038 1734 1369 1805 episcopatui
1397 1735 1736 1805 conjunctum
1766 1744 1866 1790 est.
1900 1734 2199 1805 Regionem
2223 1734 2362 1789 hanc
2388 1734 2602 1789 tradunt
2628 1735 2897 1805 quondam
2924 1735 3129 1806 Apuliae
3156 1735 3410 1792 limitibus
3438 1737 3797 1808 comprehen-

517 1840 635 1882 sam
659 1826 844 1895 fuisse,
863 1835 916 1881 at
932 1841 1059 1881 vero
1083 1826 1388 1897 Campaniae
1413 1827 1704 1884 accessisse
1718 1827 1830 1899 jam
1855 1827 1977 1882 inde
2003 1829 2069 1881 ab
2089 1827 2307 1882 Adriani
2329 1828 2657 1897 temporibus
2674 1826 2857 1898 (Naris
2875 1871 2889 1894 ,
2917 1826 3162 1885 Historia:
3191 1829 3370 1901 Pelag.
3389 1831 3476 1887 lib.
3493 1833 3677 1903 I,cap.
3693 1831 3805 1904 18).

590 1920 907 1977 Parentibus
930 1919 1224 1977 demortuis
1250 1920 1413 1991 (quod
1442 1935 1674 1991 quonam
1698 1935 1841 1975 anno
1866 1919 2174 1990 contigerit,
2206 1921 2445 1976 invenire
2474 1921 2717 1991 nuspiam
2743 1920 2886 1993 fuit),
2915 1921 3157 1977 Julianus
3182 1921 3405 1977 duarum
3431 1938 3679 1979 sororum
3709 1939 3803 1981 cu-

518 2026 633 2069 ram
656 2027 778 2069 cum
806 2013 1163 2083 suscepisset,
1194 2027 1259 2067 eo
1286 2022 1508 2068 munere
1532 2026 1630 2067 nec
1656 2011 1756 2067 sibi
1780 2028 1879 2069 nec
1909 2013 2011 2068 illis
2043 2012 2334 2069 honoriﬁce
2364 2012 2671 2084 perfunctus
2696 2024 2799 2070 est.
2832 2033 2852 2067 ‹
2880 2013 3166 2082 Novimus,
3197 2017 3475 2085 novimus,
3504 2036 3525 2071 ι
3559 2018 3635 2072 ait
3663 2018 3803 2075 Mer-

426 2158 433 2163 .
516 2113 703 2171 calor,
742 2121 761 2157 ι
794 2104 919 2174 quid
949 2103 1045 2159 tibi
1075 2118 1176 2158 una
1201 2118 1417 2169 earum,
1446 2119 1565 2159 cum
1589 2112 1646 2158 tu
1670 2104 1828 2158 nimis
1857 2118 2077 2159 severus
2106 2102 2159 2158 in
2183 2104 2299 2174 ejus
2326 2103 2537 2159 ruinam
2566 2104 2785 2173 pudoris
2811 2105 3152 2177 insurgeres,
3181 2106 3459 2178 objecerit,
3490 2107 3575 2163 vel
3603 2123 3801 2180 expro~

516 2196 788 2263 braverit;
817 2204 978 2266 atque
1006 2203 1061 2251 tu
1091 2203 1269 2250 mutus
1300 2194 1439 2250 illico
1465 2211 1572 2252 non
1590 2210 1751 2251 ausus
1777 2210 1836 2251 es
1867 2195 2088 2250 ulterius
2117 2210 2356 2251 censurae
2383 2204 2486 2250 tuae
2515 2195 2651 2251 ullas
2673 2195 2843 2251 dolori
2873 2196 2989 2268 ejus
3016 2194 3218 2253 inferre
3242 2198 3510 2253 molestias
3544 2218 3563 2253 ι
3605 2197 3803 2272 (Infra,

515 2285 755 2361 Append.
803 2295 949 2360 parte
990 2286 1111 2359 2).,
1140 2285 1343 2358 Nempe
1395 2284 1518 2343 ﬁdei
1567 2286 1968 2357 corruptionem
2021 2286 2276 2341 continuo
2330 2301 2578 2354 morum,
2628 2293 2686 2342 ut
2745 2286 2916 2353 solet,
2963 2287 3019 2343 in
3055 2285 3268 2344 Iuliano
3306 2298 3488 2345 secuta
3537 2293 3809 2361 corruptio

519 2386 621 2436 est.

588 2471 707 2539 Quo
728 2468 820 2525 ille
844 2477 1084 2539 tempore
1109 2469 1253 2524 virus
1278 2467 1575 2539 Pelagiana:
1600 2467 1869 2524 haereseos
1895 2482 2088 2539 sugere
2112 2469 2358 2539 casperit,
2384 2468 2600 2523 minime
2612 2478 2969 2540 compertum.
2994 2469 3136 2528 Beda
3161 2471 3378 2528 doctum
3404 2488 3526 2529 eum
3548 2489 3576 2527 a
3600 2472 3811 2546 Pelagio

524 2579 548 2616 ι
585 2561 861 2633 puerulum
889 2579 909 2614 ι
937 2561 1132 2628 adhuc,
1160 2570 1216 2616 et
1237 2561 1305 2616 ab
1332 2561 1448 2631 ipso
1477 2578 1498 2613 ι
1529 2560 1679 2631 quasi
1704 2560 1758 2614 in
1786 2575 2011 2615 caverna
2043 2559 2246 2615 colubri
2274 2559 2539 2631 regulum,
2569 2580 2588 2613 ι
2620 2576 2740 2616 cum
2768 2577 2906 2616 anno
2931 2561 3128 2618 Christi
3159 2563 3683 2635 quadringentesimo
3714 2565 3810 2622 de-

520 2655 665 2711 oimo
706 2654 896 2724 quinto
917 2652 1156 2723 dialogos
1199 2667 1326 2708 suos
1368 2650 1629 2707 adversus
1657 2649 1973 2721 Pelagianos
2000 2650 2353 2722 Hieronymus
2384 2650 2609 2716 edebat,
2657 2652 2913 2706 nutritum
2956 2668 3095 2732 esse.
3117 2653 3299 2709 scribit
3325 2652 3533 2728 (Ibid)
3567 2654 3676 2710 Sed
3694 2654 3809 2711 haec

525 2747 685 2804 Beda:
711 2746 872 2803 verba
906 2747 952 2801 si
979 2760 1164 2816 presse
1189 2754 1351 2816 atque
1377 2743 1443 2799 ad
1475 2744 1656 2814 apices
1682 2744 2028 2812 exposueris,
2060 2742 2216 2812 plane
2246 2742 2378 2798 falsa
2402 2743 2640 2812 reperies
2673 2761 2688 2798 :
2732 2744 2995 2815 siquidem
3028 2745 3195 2800 multo
3234 2755 3358 2802 ante
3387 2762 3586 2801 annum
3617 2748 3811 2802 Christi

519 2838 1098 2911 quadringentesimum
1124 2836 1388 2891 decimum
1404 2835 1645 2907 quintum
1661 2833 1904 2889 Julianus
1924 2833 2169 2903 pueritiae
2188 2848 2358 2890 annos
2383 2843 2722 2900 excesserat;
2748 2850 2922 2906 neque
2944 2836 3235 2895 verisimile
3253 2845 3355 2894 est.
3381 2853 3527 2901 eum,
3550 2838 3651 2892 nisi
3679 2837 3812 2893 forte

519 2935 661 2993 idem
683 2937 795 3005 ipse
813 2937 882 2991 sit
901 2935 989 3007 qui
1012 2934 1284 2990 Annianus
1300 2932 1758 3003 pseudodiaconus
1776 2928 2083 2987 Celedensis
2099 2930 2167 2985 ab
2185 2929 2508 3000 llieronymo
2528 2938 2765 2994 vocatur,
2791 2940 2915 2987 tunc
2933 2933 3187 3001 temporis
3207 2933 3258 2987 in
3279 2931 3581 2998 Palmstina,
3601 2933 3689 2987 ubi
3711 2932 3813 2987 Pe-

516 3025 687 3099 lagius
707 3027 807 3083 hoc
823 3041 962 3081 anno
984 3024 1226 3094 degebat,
1249 3023 1534 3079 exstitisse.
1551 3024 1620 3077 At
1634 3021 1801 3092 potuit
1820 3030 1999 3077 mutua
2019 3021 2193 3092 aliqua
2218 3020 2356 3075 inter
2373 3035 2466 3074 eos
2482 3021 2713 3091 cognitio
2729 3019 2913 3076 Romae
2932 3023 3074 3077 nasci
3096 3033 3220 3079 ante
3240 3039 3436 3077 annum
3453 3024 3812 3095 quadringen-

522 3118 768 3174 tesimum
785 3126 1053 3183 octavum,
1071 3126 1161 3170 aut
1180 3113 1757 3186 quadringentesimum
1774 3111 2060 3177 decimum,
2081 3125 2187 3181 quo
2207 3124 2348 3165 anno
2368 3110 2529 3165 exivit
2549 3127 2613 3166 ex
2630 3110 2772 3167 Urbe
2790 3113 3052 3182 Pelagius.
3077 3115 3251 3184 Atque
3273 3114 3410 3169 idem
3434 3116 3549 3186 ipse
3571 3115 3811 3171 Julianus

518 3206 657 3265 forte
677 3207 1069 3263 non‘immerito
1088 3205 1395 3261 censebitur
1413 3219 1477 3260 ex
1500 3204 1601 3259 illis
1623 3203 1807 3270 fuisse,
1827 3204 1894 3258 de
1913 3202 2105 3273 quibus
2126 3217 2267 3256 anno
2282 3202 2476 3257 Christi
2494 3202 3013 3274 quadringentesimo
3033 3206 3243 3261 decimo
3262 3209 3511 3278 septimo,
3536 3208 3714 3263 statim
3741 3208 3808 3264 ab

518 3299 807 3357 Innocentii
824 3314 976 3372 papae
993 3298 1159 3364 obitu,
1180 3296 1507 3368 Augustinus
1526 3294 1593 3350 ad
1613 3293 1891 3351 Paulinum
1912 3293 2159 3363 scripsit;
2183 3292 2378 3364 quique
2393 3292 2634 3349 dicebant
2652 3295 2808 3350 citius
2827 3311 2885 3351 se
2904 3296 3205 3353 defecturos
3224 3313 3255 3351 a
3274 3298 3504 3371 Pelagio,
3523 3315 3683 3369 quam
3705 3300 3813 3353 ori-

516 3393 693 3465 ginale
717 3399 987 3463 peccatum
1006 3391 1308 3463 agnituros:
1337 3402 1636 3459 quanquam
1657 3402 1722 3442 ex
1742 3384 1955 3441 civitate
1973 3384 2188 3441 Nolensi
2206 3399 2326 3439 esse
2341 3383 2440 3440 hos
2460 3385 2755 3455 Augustino
2775 3387 3071 3441 nuntiatum
3092 3397 3235 3444 esset
3257 3386 3447 3463 (Epist.
3474 3389 3597 3456 186,
3618 3407 3670 3443 n.
3694 3388 3808 3464 29).

519 3484 658 3541 Dicit
681 3485 786 3541 alio
810 3484 929 3541 loco
951 3492 1167 3538 sanctus
1193 3482 1388 3536 Doctor
1411 3479 1701 3544 Iulianum,
1729 3478 1776 3533 si
1799 3479 2055 3534 Romana
2080 3476 2339 3547 Ecclesia:
2367 3475 2738 3547 praesidentem
2761 3477 2973 3533 beatum
2998 3479 3365 3536 Innocentium
3391 3480 3576 3536 audire
3604 3481 3808 3537 voluis-

518 3587 633 3648 set,
653 3576 765 3650 jam
793 3584 918 3633 tunc
947 3574 1297 3646 periculosam
1326 3572 1653 3645 juventutem
1679 3584 1829 3627 suam
1870 3568 2167 3641 Pelagianis
2196 3568 2400 3639 laqueis
2428 3567 2801 3639 expediturum
2831 3567 2999 3625 fuisse
3025 3569 3258 3642 (Supra,
3290 3580 3470 3626 contra
3494 3570 3767 3628 lulianum
3792 3614 3809 3639 ,

520 3669 613 3727 lib.
640 3670 697 3739 1,
723 3686 776 3724 η.
806 3665 919 3740 15).
943 3667 1102 3733 Eum,
1130 3662 1308 3737 quoad
1326 3669 1654 3719 memoratus
1673 3660 1909 3732 pontifex
1935 3659 2086 3727 vixit,
2109 3659 2427 3715 catholicam
2448 3659 2767 3715 sententiam
2791 3660 3075 3716 retinuisse
3103 3669 3328 3717 testatur
3354 3661 3619 3719 Mercator
3644 3681 3657 3717 :
3690 3680 3811 3735 quae

517 3780 608 3821 res
628 3778 698 3822 eo
720 3761 1004 3820 commode
1030 3768 1204 3832 potest
1224 3756 1415 3815 referri
1433 3796 1453 3825 ,
1489 3754 1631 3827 quod
1657 3755 1798 3811 idem
1835 3761 2023 3811 auctor
2049 3753 2238 3808 eodem
2267 3753 2386 3809 loco
2429 3752 2591 3818 dicit,
2621 3751 2890 3809 Iulianum
2915 3769 2944 3806 a
2973 3753 3350 3810 communione
3385 3754 3706 3823 Innocentii,
3739 3773 3810 3813 ne

517 3854 783 3912 damnatis
804 3851 1019 3923 quidem
1048 3849 1265 3922 Pelagio
1292 3858 1349 3906 et
1374 3845 1631 3905 Caelestio
1656 3846 1977 3911 recessisse,
2004 3844 2100 3900 sed
2127 3844 2227 3913 ipsi
2258 3859 2445 3899 eorum
2476 3843 2773 3899 damnatori
2804 3859 2971 3915 usque
3005 3844 3070 3899 ad
3096 3845 3214 3915 ejus
3239 3856 3466 3902 mortem
3500 3849 3806 3904 communi-

518 3959 672 4002 casse
700 3942 906 4017 (Infra,
936 3941 1171 4012 Appena.
1203 3949 1346 4011 parte
1370 3938 1455 4010 2).
1477 3935 1586 3996 Sed
1609 3951 1733 3993 eum
1760 3944 1936 3992 tamen
1963 3936 2252 4005 superstite
2276 3934 2452 3991 adhuc
2478 3933 2792 3991 Innocentio
2816 3934 3066 3990 hteresim
3096 3938 3399 4008 amplexum
3429 3954 3570 4006 esse,
3604 3940 3807 4011 liquido

517 4037 755 4095 declarat
779 4032 1104 4104 Augustinus
1143 4031 1247 4086 illis
1277 4029 1405 4101 ipsis
1434 4028 1613 4085 verbis
1637 4046 1649 4081 :
1693 4046 1714 4081 ι
1754 4027 1870 4082 Iam
1898 4036 2022 4081 tunc
2051 4024 2405 4095 periculosam
2429 4025 2763 4095 juventutem
2795 4035 2936 4080 tuam
2964 4026 3265 4096 Pelagianis
3291 4028 3499 4099 laqueis
3514 4030 3756 4087 exuisses
3780 4052 3803 4087 ι

521 4130 540 4203 (
571 4129 777 4201 Supra,
809 4136 984 4180 contra
1007 4122 1275 4178 Iulianum
1297 4164 1312 4189 ,
1344 4121 1432 4176 lib.
1460 4122 1514 4187 1,
1543 4137 1596 4174 η.
1626 4120 1692 4174 15
1719 4118 1761 4190 ).
1797 4118 2025 4172 Narrant
2052 4118 2218 4186 ipsius
2243 4116 2525 4187 quemdam
2556 4116 2968 4186 paralogismum
2987 4157 3001 4182 ,
3030 4132 3138 4188 quo
3164 4119 3349 4174 Romae
3373 4135 3496 4176 cum
3524 4124 3812 4193 praecipuis

517 4220 765 4279 factionis
793 4217 1017 4274 ducibus
1042 4229 1223 4285 agens,
1253 4229 1285 4268 a
1308 4211 1611 4268 rudioribus
1636 4210 1925 4265 conabatur
1950 4217 2291 4277 extorquere,
2325 4215 2383 4262 ut
2409 4207 2630 4278 originis
2657 4206 2868 4279 culpam
2900 4223 3105 4264 merum
3133 4220 3495 4268 commentum
3521 4227 3640 4267 esse
3668 4213 3807 4270 late-

517 4322 704 4372 rentur
733 4309 938 4384 (Infra,
978 4306 1213 4378 Append.
1258 4315 1398 4376 parte
1423 4303 1515 4375 2);
1560 4300 1723 4373 quod,
1760 4299 1984 4355 Joannis
2023 4296 2267 4354 Garnerii
2305 4296 2542 4367 judicio,
2586 4298 2642 4353 in
2677 4313 2876 4353 annum
2915 4299 3497 4371 quadringentesimum
3536 4303 3808 4360 decimum

518 4406 803 4478 septimum
845 4400 1105 4472 quadrare
1132 4406 1307 4471 potest
1345 4394 1677 4470 (Carnarius,
1707 4394 1762 4446 in
1804 4390 2017 4445 Mercat.
2059 4390 2263 4445 dissert.
2292 4390 2321 4445 1
2344 4430 2360 4454 ,
2392 4406 2507 4461 cap.
2541 4388 2605 4457 6,
2637 4390 2699 4445 de
2734 4388 2996 4463 Iuliano).
3038 4391 3092 4447 Si
3128 4392 3461 4450 deﬁnitiones
3490 4395 3639 4455 illas.
3671 4410 3808 4466 quas

517 4498 655 4555 libro
683 4497 751 4554 de
776 4492 1110 4551 Perfectione
1135 4490 1353 4561 justitiae
1382 4486 1615 4542 hominis
1639 4484 1831 4540 refellit
1858 4482 2201 4552 Augustinus,
2239 4480 2411 4536 eidem
2439 4496 2559 4549 nos,
2592 4480 2667 4536 uti
2692 4480 2982 4538 Garnerius
3005 4492 3224 4549 censet,
3256 4484 3492 4539 tribuere
3521 4496 3805 4555 oporteat;

518 4592 739 4648 dubiant
767 4604 873 4643 non
900 4587 1003 4643 erit
1028 4584 1153 4655 quin
1177 4582 1285 4654 jatn
1315 4581 1437 4636 inde
1464 4580 1531 4634 ab
1555 4594 1696 4631 anno
1726 4572 2485 4647 quadringentesimo'decimo
2508 4573 2696 4643 quinto
2722 4574 2989 4644 perfectus
3029 4575 3189 4631 fuerit
3217 4576 3549 4647 Pelagianus.
3585 4577 3719 4632 Illud
3750 4579 3804 4633 in

519 4682 766 4739 confesso
789 4688 899 4745 est,
931 4675 1194 4733 damnatis
1232 4691 1263 4727 a
1289 4672 1504 4727 Zosimo
1532 4683 1664 4739 papa
1692 4682 1832 4721 anno
1871 4664 2393 4737 quadringentesimo
2419 4663 2628 4719 decimo
2670 4671 2860 4719 octavo
2888 4664 3186 4735 Pelagianis
3212 4706 3227 4732 ,
3258 4665 3505 4725 eumdem
3528 4666 3803 4723 lulianum

519 4772 854 4831 subscribere
881 4766 1202 4838 pontiﬁciam
1229 4763 1548 4819 sententiam
1577 4760 1842 4821 noluisse,
1873 4765 2033 4827 atque
2064 4756 2134 4810 ob
2163 4770 2282 4810 eam
2306 4770 2421 4810 rem
2457 4755 2525 4811 ab
2552 4754 2643 4811 illo
2672 4754 2927 4827 dignitate
2953 4756 3238 4825 Spoliatum
3266 4756 3453 4825 luisse,
3477 4766 3533 4813 et
3556 4774 3620 4813 ex
3652 4757 3804 4815 Italia

520 4865 748 4937 ejectum
777 4859 953 4934 (Infra
972 4899 988 4925 ,
1015 4855 1248 4928 Append.
1279 4865 1420 4925 parte
1444 4852 1521 4925 2).
1553 4852 1683 4907 Huic
1709 4850 1808 4921 ipsi
1838 4848 2073 4933 pontiﬁci
2107 4847 2254 4901 binas
2278 4861 2438 4917 super
2459 4846 2843 4917 quaestionibus
2871 4845 2939 4902 de
2961 4848 3132 4917 gratia
3157 4847 3412 4916 epistolas
3437 4847 3652 4905 dedisse
3676 4864 3802 4907 eum

520 4957 815 5028 reperimus
840 4951 1016 5027 (Infra
1035 4990 1048 5011 ,
1084 4947 1267 5019 Operis
1293 4945 1498 5017 imperi.
1526 4943 1615 4999 lib.
1650 4945 1701 5009 1,
1733 4960 1848 5013 cap.
1878 4940 1992 5012 18).
3844 4938 3850 4945 ”

592 5052 945 5123 Hieronymus
984 5048 1282 5121 Vignierius
1322 5046 1506 5116 primis
1532 5042 1859 5112 temporibus
1895 5039 2163 5095 haereseos
2202 5035 2393 5095 Iuliani
2422 5037 2656 5107 assignat
2695 5036 2749 5091 id
2782 5035 2924 5107 quod
2947 5034 3110 5093 habet
3141 5037 3482 5118 Gennadius,
3509 5038 3659 5094 illum
3704 5054 3805 5111 per

519 5146 715 5206 famem
738 5155 897 5217 atque
921 5152 1212 5215 egestatem
1239 5141 1502 5211 publicam
1540 5137 1860 5209 pauperibus
1888 5135 2191 5205 dilargitum
2220 5149 2341 5189 esse
2370 5147 2493 5188 suas
2514 5132 2791 5189 facultates
2810 5174 2826 5198 ,
2853 5142 2907 5188 et
2937 5133 3099 5190 haece
3124 5134 3401 5192 cbaritatis
3433 5137 3612 5206 specie
3635 5152 3798 5208 quam

519 5241 780 5311 plurimos
803 5238 868 5292 ad
897 5252 1045 5291 suam
1078 5233 1324 5290 haeresim
1345 5274 1361 5299 ,
1398 5230 1626 5285 maxime
1654 5245 1718 5283 ex
1741 5241 1939 5299 genere
1964 5241 2148 5280 eorum
2188 5225 2280 5295 qui
2312 5224 2493 5293 pietati
2525 5222 2844 5278 addictiores
2873 5224 3219 5291 videbantur,
3251 5226 3561 5296 adiunxisse
3585 5226 3762 5300 (Infra
3780 5268 3799 5296 ,

518 5328 753 5403 Append.
785 5336 929 5399 parte
947 5326 1024 5397 2).
1052 5324 1164 5393 Qua
1196 5324 1264 5379 de
1294 5337 1353 5377 re
1395 5321 1447 5376 id
1484 5320 1636 5375 nobis
1677 5335 1839 5373 unum
1870 5318 2154 5373 observare
2192 5316 2355 5381 licet,
2386 5315 2439 5368 in
2482 5323 2752 5386 postremo
2776 5330 2875 5372 suo
2900 5331 3063 5386 opere
3091 5318 3360 5374 afﬁrmare
3400 5319 3755 5389 Augustinum
3778 5360 3797 5389 ,

518 5423 668 5478 illum
698 5439 726 5475 a
758 5419 966 5476 miseris
995 5434 1127 5487 quos
1153 5416 1457 5484 deceperat,
1487 5411 1716 5465 otiosum
1745 5411 1811 5463 ali
1842 5408 2050 5479 (Infra,
2087 5407 2267 5478 Operi:
2290 5406 2492 5477 imperf.
2524 5406 2611 5460 lib.
2640 5405 2696 5473 2,
2726 5423 2843 5478 cap.
2870 5407 2962 5477 51)
2989 5423 3004 5472 ;
3037 5424 3135 5464 nec
3164 5423 3322 5479 posse
3351 5410 3523 5479 ipsum
3556 5410 3801 5466 scriben-

517 5512 599 5569 dis
625 5527 687 5568 ac
707 5507 964 5566 dictandis
989 5506 1141 5563 libris
1165 5520 1373 5567 vacare,
1390 5504 1432 5557 si
1461 5500 1631 5556 nolint
1655 5499 1900 5554 homines
1924 5500 1972 5554 ei
1998 5500 2196 5554 victum
2220 5497 2629 5552 subministrare
2653 5505 3004 5570 sumptusque
3026 5512 3381 5570 congruentes
3408 5500 3596 5571 (Ibid.,
3622 5500 3712 5556 lib.
3737 5503 3796 5571 3,

516 5620 669 5677 capp.
699 5603 754 5672 1,
781 5602 873 5675 44)
897 5618 912 5656 :
943 5598 1087 5672 quod
1110 5596 1325 5669 quidem
1352 5609 1472 5651 eum
1501 5603 1626 5648 tunc
1653 5592 1795 5647 nullo
1821 5601 2079 5663 proventu
2106 5605 2203 5645 suo
2232 5590 2316 5644 vel
2342 5590 2600 5646 fructibus
2626 5587 2840 5657 vixisse,
2870 5589 3000 5647 satis
3020 5590 3298 5663 designat;
3326 5607 3432 5648 non
3462 5604 3642 5649 tamen
3669 5591 3797 5651 inde

516 5696 795 5768 quisquam
819 5693 1065 5764 colligat,
1096 5688 1393 5762 Augustino
1421 5685 1753 5757 exploratum
1788 5683 1970 5749 fuisse,
2003 5684 2152 5738 illum
2179 5681 2501 5751 impendisse
2524 5682 2724 5749 omnia,
2751 5696 2858 5753 quo
2885 5681 3161 5751 penuriam
3190 5682 3421 5739 alienam
3446 5683 3673 5739 levaret.

587 5792 776 5856 Anno,
804 5797 863 5844 ut
885 5785 1098 5858 quidem
1135 5783 1370 5848 videtur,
1403 5775 1923 5851 quadringentesimo
1961 5774 2168 5831 decimo
2199 5790 2372 5840 nono,
2404 5774 2449 5829 is
2489 5790 2590 5829 una
2618 5788 2739 5829 eum
2780 5774 2900 5828 aliis
2941 5773 3179 5843 ejusdem
3224 5783 3384 5830 sectte
3415 5774 3685 5845 episcopis
3725 5772 3793 5832 ad

511 5880 712 5975 Mpm
744 5878 1272 5941 Thessalonicensem
1303 5873 1591 5951 antistitem
1620 5870 1865 5938 scripsit;
1899 5882 2105 5924 necnon
2133 5866 2357 5929 Romam
2387 5865 2452 5921 ad
2482 5865 2701 5931 amicos,
2732 5873 2787 5919 ut
2813 5864 2869 5920 in
2897 5878 3078 5922 errore
3102 5864 3225 5921 illos
3248 5864 3612 5931 conﬁrmaret.
3643 5865 3792 5925 litte-
