3996 6476
176 459 290 521 1011
1066 456 1335 515 CONTRA
1370 455 1737 515 SECUNDAM
1775 454 2038 514 JULIANI
2078 453 2619 514 RESPONSIONEM.
3304 456 3446 516 1M!

173 589 251 634 ras
272 570 450 628 misit:
478 569 588 628 sub
612 572 760 644 quod
783 575 942 630 etiam
965 581 1170 643 tempus
1189 570 1422 643 priorem
1450 569 1726 642 Augustini
1747 568 1939 625 librum
1970 568 2038 624 de
2064 567 2269 640 Nuptiis
2294 577 2349 626 et
2372 568 2809 641 Concupiscentia
2834 577 3060 643 quatuor
3076 570 3441 630 voluminibus

176 666 403 725 refellere
427 675 663 720 conatus
692 678 799 722 est.
1586 704 1589 707 -

233 757 357 814 Cum
382 766 577 826 postea
607 758 784 813 solum
813 766 1015 813 vertere
1038 764 1179 811 esset
1198 765 1435 829 coactus,
1456 754 1621 811 maria
1645 762 1701 811 et
1727 761 1898 811 terras
1918 768 2038 810 cum
2064 754 2264 811 erroris
2289 752 2371 812 sui
2394 753 2556 811 sociis
2579 761 2633 811 et
2656 752 2875 826 collegis
2900 758 3231 828 peragravit;
3256 757 3449 815 Orien-

176 860 300 914 tem,
328 848 380 903 id
408 856 529 914 est,
563 849 752 904 Asiam
782 850 1041 904 minorem
1067 848 1349 914 lustravit;
1381 857 1433 903 et
1459 846 1671 903 tandem
1704 846 1755 900 in
1775 843 1956 900 Cilicia
1986 846 2124 916 apud
2150 844 2489 901 Theodorum
2516 846 2941 916 Mopsuesteuum
2968 862 3125 918 quem
3148 846 3446 919 Pelagianae

176 940 373 998 haeresis
397 954 558 1010 aeque
588 950 866 1011 parentem
895 956 958 996 ac
983 939 1312 995 Nestoriauae
1339 939 1571 1005 faciunt,
1604 937 1783 1009 quiete
1811 938 2063 992 nonnulla
2094 937 2293 1008 potitus
2330 949 2430 992 est.
2466 938 2574 992 lllic
2602 938 2735 993 alios
2764 946 2885 1013 octo
2913 938 3076 994 libros
3112 940 3163 995 in
3195 940 3443 1010 Augusti-

178 1047 287 1087 num
312 1028 581 1084 condidit.
616 1029 723 1084 Sed
747 1046 921 1102 neque
942 1030 1360 1102 dubitaverimns
1379 1030 1506 1100 quin
1536 1029 1634 1100 ipsi
1664 1027 1966 1094 Theodoro,
1998 1036 2055 1082 ut
2082 1028 2335 1084 adversus
2360 1030 2634 1101 originalis
2663 1031 2860 1099 peccati
2889 1040 3186 1086 assertores
3212 1031 3445 1103 quinque

178 1137 288 1178 suos
314 1120 481 1175 libros
505 1121 802 1184 emitteret,
830 1130 1015 1177 auctor
1033 1120 1213 1177 fuerit.
1240 1120 1615 1176 Verumtamen
1644 1136 1675 1174 e
1694 1117 1878 1174 Cilicia
1899 1119 2113 1174 vixdum
2131 1131 2451 1187 excesserat,
2481 1136 2601 1176 cum
2633 1123 2681 1178 ei
2708 1121 3019 1178 Theodorus
3047 1124 3131 1179 ille
3154 1123 3206 1178 in
3228 1123 3449 1194 provin-

179 1214 282 1269 ciali
323 1210 534 1284 synodo
574 1213 933 1268 anathematis
975 1223 1155 1268 notam
1202 1213 1390 1268 inussit
1430 1212 1639 1284 (Infra,
1671 1212 1901 1283 Append.
1933 1220 2075 1282 parte
2096 1211 2174 1283 2).
2205 1211 2407 1267 Italiam
2452 1230 2594 1268 anno
2632 1215 3158 1287 quadringentesimo
3185 1217 3447 1289 vigesimo

181 1307 334 1377 primo
363 1317 469 1375 quo
499 1304 729 1377 Alypius
758 1306 1039 1374 episcopus
1076 1320 1169 1361 sex
1197 1304 1475 1376 Augustini
1505 1304 1671 1360 libros
1712 1303 1968 1359 adversus
2012 1302 2260 1358 eumdem
2293 1304 2418 1359 illuc
2446 1305 2666 1373 detulit,
2688 1305 2799 1377 jam
2831 1309 3115 1378 reliquerat
3151 1326 3164 1362 :
3200 1308 3445 1381 quando-

182 1396 399 1467 quidem,
429 1409 558 1449 cum
596 1402 721 1451 octo
750 1410 877 1451 suos
899 1395 952 1450 in
977 1404 1218 1451 sanctum
1247 1396 1529 1452 Ductorem
1567 1394 1761 1462 edidit,
1791 1394 2013 1450 omnino
2059 1394 2128 1450 de
2175 1394 2349 1451 isthoc
2397 1396 2538 1452 illius
2580 1414 2743 1469 opere
2788 1400 2919 1455 nihil
2964 1401 3203 1457 audierat
3246 1400 3443 1476 (Infra,

186 1486 342 1560 Oper-is
363 1486 575 1557 imperf.
607 1486 698 1542 lib.
724 1488 779 1552 4,
808 1504 922 1559 cap.
953 1488 1066 1560 58).

158 1634 163 1649 ,
241 1580 355 1649 Ejus
379 1579 714 1634 mentionem
736 1595 804 1635 ex
835 1595 942 1651 quo
967 1579 1212 1655 migravit
1229 1594 1260 1635 e
1284 1577 1469 1635 Cilicia
1485 1578 1539 1634 in
1559 1592 1756 1632 annum
1781 1590 1948 1648 usque
1970 1575 2549 1647 quadringentesimum
2578 1578 2893 1650 vigesimum
2914 1588 3159 1637 octavum
3183 1596 3447 1655 nusquam

184 1644 468 1743 reperimus.
502 1672 576 1725 At
600 1670 819 1742 ponitur
841 1644 1083 1727 Juliaiiu's
1108 1670 1267 1726 veluti
1306 1670 1411 1726 dux
1442 1684 1505 1725 ac
1534 1669 1833 1741 primipilus
1860 1644 2042 1723 eorum
2070 1644 2473 1738 episcoporum,
2514 1668 2605 1739 qui
2635 1644 2705 1723 ob
2739 1678 2985 1741 negatum
3023 1671 3282 1742 originale
3302 1644 3448 1742 .pec-

185 1774 332 1819 catum
356 1760 538 1817 oflicio
565 1761 818 1828 abdicati,
845 1761 1073 1819 Nestorii
1099 1761 1402 1832 praesidium
1428 1761 1643 1817 circiter
1670 1761 1842 1830 ipsum
1873 1773 2070 1812 annum
2106 1757 2684 1829 quadringentesimum
2712 1760 3026 1833 vigesimum
3068 1769 3314 1816 octavum
3346 1763 3450 1818 im-

187 1856 449 1927 plorat-unt.
477 1853 620 1909 Hinc
648 1854 932 1922 Mercator,
956 1854 1275 1910 Praefatione
1299 1853 1366 1907 ad
1391 1853 1620 1908 Nestorii
1642 1851 1897 1907 adversus
1924 1851 2260 1922 Pelagianam
2284 1850 2528 1906 haeresim
2555 1865 2831 1908 sermones
2858 1870 2872 1908 :
2902 1871 2920 1903 ι
2953 1853 3149 1908 Contra
3173 1853 3393 1926 Pelagii,
3424 1874 3444 1908 ι

188 1950 275 2015 ait,
310 1966 328 2000 ι
354 1960 447 2001 seu
470 1946 723 2002 leestii
755 1963 969 2017 pravam
997 1956 1051 2002 et
1075 1946 1291 2017 impiam
1322 1946 1683 2001 definitionem
1712 1944 1953 2015 quamvis
1983 1953 2128 1999 recte
2153 1943 2376 1999 sentiret
2399 1952 2453 1999 et
2476 1944 2693 1999 doceret
2724 1963 2744 1997 ι
2776 1944 3079 2011 Nestorius;
3114 1964 3134 1999 ι
3173 1946 3450 2003 Julianum

192 2051 342 2097 tamen
368 2040 754 2111 exepiscopum
785 2040 1158 2108 Eclanensem,
1187 2055 1307 2096 cum
1343 2039 1687 2110 participibus
1716 2038 1826 2093 suis
1846 2079 1860 2102 ,
1889 2036 2039 2105 cujus
2069 2036 2287 2091 haeresis
2314 2036 2621 2107 signiferum
2653 2048 2706 2092 et
2736 2038 3138 2107 antesignanum
3166 2081 3179 2104 ,
3211 2039 3342 2095 olim
3382 2038 3450 2095 ab

193 2132 446 2203 apostolica
471 2132 747 2186 sententia
771 2140 1172 2188 exauctoratum
1198 2139 1355 2202 atque
1383 2128 1703 2200 depositum,
1733 2128 1784 2182 in
1810 2127 2097 2181 amicitiam
2124 2126 2335 2181 interim
2360 2128 2566 2182 censuit
2587 2127 3007 2199 suscipiendum,
3038 2145 3188 2199 spem
3209 2130 3259 2186 ei
3282 2129 3444 2186 abso-

191 2221 371 2276 lutionis
396 2222 725 2291 promittens
750 2241 764 2277 :
793 2222 965 2292 ipsum
990 2236 1204 2293 quoque
1228 2220 1539 2276 leestium
1561 2219 1755 2274 litteris
1776 2218 1907 2285 suis,
1940 2233 2162 2288 quarum
2189 2217 2429 2287 exempla
2459 2217 2811 2287 suhdidimus,
2834 2220 3139 2275 consolatus
3165 2229 3266 2276 est.
3291 2220 3445 2291 Quod

194 2323 336 2368 utrum
362 2314 567 2369 malitia
600 2330 668 2369 an
697 2314 944 2371 vecordia
969 2314 1177 2380 fecerit,
1202 2330 1306 2369 non
1334 2312 1485 2369 facile
1510 2312 1655 2368 nosci
1685 2320 1859 2381 potest
1886 2329 1898 2364 :
1929 2318 1987 2365 ut
2014 2319 2197 2365 contra
2227 2326 2450 2382 quorum
2481 2310 2730 2365 distortas
2762 2314 3073 2385 sententias,
3105 2322 3298 2384 praeter
3320 2327 3446 2383 pro-

195 2405 329 2476 priam
353 2406 685 2476 impietatem
713 2422 832 2477 quae
860 2407 1008 2463 illum
1035 2406 1101 2461 ad
1127 2405 1522 2463 damnationem
1549 2419 1716 2475 usque
1740 2401 2020 2474 perduxit,
2045 2403 2345 2458 rectissime
2382 2401 2645 2457 sentiebat
2672 2411 2726 2458 et
2755 2402 3013 2470 docebat,
3042 2418 3137 2459 eos
3164 2412 3217 2458 et
3246 2404 3450 2460 amicos

198 2497 398 2563 haberet,
423 2506 478 2553 et
503 2513 609 2569 spe
632 2513 784 2555 vana:
808 2499 1174 2569 promissionis
1202 2496 1458 2553 fovendos
1482 2504 1537 2552 et
1558 2494 1831 2551 lactandos
1853 2503 2092 2564 putaret;
2122 2494 2319 2565 quique
2348 2509 2467 2549 cum
2492 2502 2716 2564 patrono
2739 2504 3033 2549 memorato
3054 2496 3106 2549 in
3132 2495 3447 2566 Ephesiensi

193 2587 383 2644 concilio
404 2604 436 2643 a
464 2590 720 2647 ducentis
740 2592 1071 2662 septuaginta
1096 2597 1153 2646 et
1173 2598 1401 2662 quatuor
1419 2588 1685 2659 episcopis
1709 2589 1897 2642 iterum
1928 2586 2229 2657 iterumque
2255 2586 2487 2641 damnati
2515 2594 2657 2642 sunt.
2690 2606 2709 2639 ι
2738 2587 2999 2646 Caeterum
3029 2586 3187 2643 iidem
3215 2587 3451 2643 haeretici

194 2695 271 2750 per
294 2679 589 2736 Nestorium
625 2682 882 2752 consequi
923 2696 1256 2753 nequaquam
1294 2681 1543 2745 valuere,
1575 2690 1631 2734 ut
1673 2695 1738 2734 ne
1778 2678 2242 2749 Constantinopoli
2280 2687 2549 2750 praecepto
2578 2679 2911 2749 imperatoris
2938 2679 3266 2749 Theodosii,
3307 2679 3452 2737 unde

192 2770 393 2829 Julianus
416 2775 586 2829 etiam
618 2776 766 2845 prius
793 2775 1048 2833 Ctelestio
1077 2773 1279 2846 ejectus
1302 2782 1404 2840 est,
1432 2773 1780 2845 pellerentur.
1813 2770 1958 2826 Idem
1988 2770 2230 2826 Julianus
2258 2786 2362 2825 non
2389 2772 2559 2825 solum
2591 2776 2642 2826 in
2674 2779 2897 2842 utraque
2922 2771 3152 2828 Nestorii
3178 2772 3244 2827 ad
3269 2771 3450 2828 Caele-

196 2864 362 2919 stinum
394 2866 630 2936 cpistola
668 2867 969 2937 Pelagianis
996 2865 1114 2921 aliis
1157 2865 1423 2935 episcopis
1450 2864 1517 2920 de
1560 2862 1847 2919 Occidente
1890 2861 2075 2932 ejectis
2117 2862 2485 2930 praemittitur,
2520 2862 2613 2917 sed
2641 2863 2886 2919 similiter
2926 2874 3042 2932 post
3084 2863 3354 2936 Pelagium
3399 2871 3456 2920 et

197 2954 463 3013 (helenium
505 2959 715 3029 primus
753 2958 1059 3015 nominatur
1089 2958 1228 3012 inter
1268 2957 1503 3028 insignes
1532 2956 1653 3011 illos
1679 2955 2023 3024 Pelagianos,
2056 2969 2281 3025 quorum
2308 2953 2576 3009 damnatio
2618 2970 2760 3011 anno
2800 2956 3327 3028 quadringentesimo
3352 2956 3455 3011 tri-

198 3046 368 3116 gesimo
389 3048 569 3118 primo
592 3049 648 3104 in
677 3048 945 3121 Ephesina
974 3048 1179 3122 synodo
1209 3049 1341 3104 lecta
1369 3056 1454 3103 est
1479 3056 1532 3103 et
1560 3045 1872 3103 confirmata
1900 3044 2098 3120 (Infra,
2132 3044 2367 3118 Append.
2400 3055 2545 3119 parte
2570 3046 2654 3119 2).

260 3156 389 3217 Haud
416 3162 598 3219 multo
623 3172 767 3234 post,
795 3163 897 3219 sub
922 3163 1232 3234 pontificatu
1254 3161 1387 3219 Sixti
1418 3159 1513 3231 ill,
1545 3169 1600 3218 et
1625 3175 1786 3227 anno,
1820 3161 1864 3216 si
1889 3161 2140 3232 Prosperi
2168 3159 2440 3218 Chronico
2461 3161 2719 3219 debeatur
2748 3162 2901 3232 fides,
2932 3164 3456 3238 quadringentesimo

195 3252 431 3325 trigesimo
453 3270 622 3323 nono,
656 3256 909 3313 Ecclesia:
931 3255 1095 3312 variis
1119 3256 1329 3311 artibus
1359 3256 1654 3326 imponere,
1684 3264 1844 3325 atque
1870 3255 1921 3309 in
1949 3255 2065 3325 ejus
2089 3255 2519 3311 communionem
2548 3254 2677 3312 falsa
2703 3258 2883 3328 specie
2900 3258 3290 3315 emendationis
3318 3260 3456 3317 irre-

197 3359 299 3415 pere
318 3355 394 3402 est
417 3347 668 3415 molitus,
699 3358 757 3403 ut
777 3347 1136 3419 episcopalem
1160 3348 1495 3419 dignitatem,
1522 3361 1626 3418 qua
1657 3361 1715 3401 se
1734 3346 1934 3400 tamdiu
1955 3355 2174 3402 exutum
2199 3346 2435 3412 dolebat,
2459 3330 2876 3419 reciperethed
2898 3349 3174 3408 Romanus
3192 3351 3453 3423 pontifex,

196 3437 359 3495 Leonis
398 3440 619 3497 diaconi
659 3441 829 3512 (illius
857 3440 1000 3496 haud
1033 3440 1196 3496 dubie
1234 3440 1324 3511 qui
1365 3439 1539 3495 eidem
1584 3439 1637 3493 in
1668 3438 1960 3510 apostolica
1991 3437 2133 3495 Sede
2164 3439 2448 3510 successit)
2470 3439 2685 3496 hortatu
2714 3440 3020 3511 roboratus,
3052 3442 3324 3516 vigilantia
3356 3459 3454 3501 sua

195 3532 321 3589 istius
338 3533 557 3590 fraudes
582 3533 799 3603 retexit,
828 3535 907 3590 eis
934 3534 1141 3591 fortiter
1167 3535 1441 3598 occurrit,
1465 3532 1685 3590 nefariis
1713 3533 1829 3603 ejus
1872 3531 2109 3588 consiliis
2147 3530 2322 3587 aditus
2363 3546 2549 3587 omnes
2590 3533 2920 3601 interclusit,
2952 3534 3258 3607 rejectaque
3277 3535 3457 3607 fallaci

194 3626 619 3686 batisuniversos
658 3630 936 3685 catholicae
968 3628 1360 3685 communionis
1377 3627 1693 3685 exhilaravit
1728 3626 1940 3698 (lbid.).
1975 3625 2223 3682 Affirmat
2254 3626 2615 3698 Hieronymus
2638 3625 2977 3698 Vignierius,
3008 3627 3111 3684 sibi
3142 3638 3456 3700 argumenta

194 3734 311 3788 esse,
337 3702 530 3792 quibus
560 3721 945 3792 persuadeatur
969 3721 1241 3777 Julianum
1269 3737 1335 3776 ex
1372 3720 1522 3775 Italia
1567 3734 1752 3774 rursus
1792 3718 1974 3791 fugere
2009 3734 2041 3774 a
2080 3718 2231 3773 Sixto
2253 3734 2388 3789 papa
2417 3728 2663 3774 coactum
2685 3762 2700 3787 ,
2734 3718 2787 3773 in
2828 3719 3180 3777 Lerinensem
3224 3723 3454 3778 insulam

195 3814 395 3880 venisse,
429 3814 517 3870 ubi
547 3830 672 3870 cum
702 3831 800 3886 per
822 3815 1027 3885 aliquot
1047 3829 1259 3871 menses
1284 3822 1607 3880 moraretur,
1632 3828 1660 3866 a
1695 3811 1915 3877 Fausto,
1946 3812 2238 3883 Regiorum
2262 3822 2443 3882 postea
2472 3813 2747 3885 episcopo,
2782 3822 3057 3883 exceptus,
3088 3813 3262 3871 eidem
3285 3815 3458 3872 haere-

196 3903 371 3961 sissute
393 3907 544 3961 virus
571 3907 913 3978 propinavit:
951 3906 1123 3975 Quod,
1153 3906 1227 3961 ait
1255 3905 1576 3976 Vignierius,
1603 3921 1693 3958 suo
1715 3904 1824 3959 loco
1849 3905 2094 3966 dicemus,
2127 3905 2171 3958 si
2190 3902 2330 3958 Deus
2350 3904 2478 3959 uires
2497 3913 2544 3958 et
2570 3922 2733 3959 annos
2758 3904 3013 3972 suﬁ'ecerit
3032 3948 3048 3975 ,
3080 3906 3233 3978 idque
3264 3909 3457 3965 ceteris

196 3998 544 4065 probationibus
579 4010 685 4052 tam
724 4014 790 4053 ea:
820 3997 1093 4070 Fulgentia
1114 4038 1129 4063 ,
1161 4014 1314 4069 quam
1344 4013 1408 4052 ea:
1428 3996 1545 4051 aliis
1564 4037 1580 4062 ,
1608 3995 1855 4068 pluraque
1889 3995 1944 4049 id
1980 3996 2177 4067 generis
2219 4010 2335 4068 qua:
2366 3997 2550 4050 multos
2588 3996 2779 4063 latent,
2807 4013 3085 4053 asseremus
3113 3997 3454 4072 (Vignierius,

198 4088 379 4163 Prcfat.
405 4094 468 4148 in
490 4093 635 4164 Opus
660 4096 1008 4167 imperfectum
1038 4091 1081 4166 ).
1114 4093 1195 4148 Ad
1236 4093 1350 4148 haec
1397 4092 1651 4161 Vignierii
1681 4090 1839 4147 verba
1870 4090 2104 4145 Joannes
2142 4090 2436 4146 Garnerius
2462 4108 2476 4155 ;
2507 4089 2755 4163 Intelligit
2782 4103 2949 4147 autem
2970 4134 2984 4159 ,
3017 4093 3207 4164 inquit,
3238 4094 3313 4149 vir
3335 4111 3456 4149 eru-

198 4183 309 4238 ditus
328 4188 534 4241 nomine
552 4185 838 4259 Fulgentii,
875 4186 1027 4243 libros
1056 4202 1181 4257 quos
1203 4198 1407 4241 sanctus
1449 4185 1537 4240 ille
1571 4185 1834 4256 episcopus
1867 4185 2103 4239 adversus
2129 4182 2377 4238 Faustum
2418 4184 2652 4256 scripsit,
2684 4202 2907 4257 quosque
2943 4186 3084 4257 apud
3115 4204 3170 4242 se
3205 4187 3380 4242 habuit
3400 4189 3456 4245 in

196 4284 512 4349 uanuscripto
539 4280 710 4334 codice
747 4278 885 4335 idem
918 4279 1232 4349 Vignierius,
1262 4294 1375 4332 cum
1401 4278 1579 4356 viveret
1608 4274 1909 4346 (Garnerius
1927 4316 1945 4341 ,
1966 4277 2020 4330 in
2052 4275 2267 4330 Mercrt.
2292 4276 2494 4331 dissert.
2528 4277 2577 4341 l,
2605 4294 2720 4347 cap.
2748 4280 2801 4344 6,
2833 4277 2897 4331 de
2916 4276 3179 4351 Iuliano).

250 4372 393 4431 Sixto
421 4376 527 4430 vita
557 4374 741 4431 functo
764 4374 911 4430 illum
949 4374 1175 4431 rediisse
1197 4372 1250 4429 in
1294 4373 1500 4428 Italiam
1525 4412 1542 4440 ,
1568 4370 1712 4426 unde
1755 4374 1944 4426 iterum
1975 4386 2004 4425 a
2028 4370 2209 4427 Leone
2244 4386 2376 4441 papa
2421 4371 2607 4443 pulsus
2634 4370 2823 4437 fuerit,
2858 4372 2983 4428 hinc
3004 4373 3133 4428 licet
3158 4372 3448 4445 conjicere,

194 4469 309 4538 quod
344 4469 592 4539 ejusdem
615 4469 871 4539 temporis
900 4477 1085 4523 auctor
1105 4468 1156 4521 in
1176 4467 1313 4524 libro
1342 4466 1410 4522 de
1428 4465 1877 4522 Promissionibus
1915 4474 1969 4519 et
1994 4464 2436 4520 Praedictionibus
2473 4465 2602 4532 Dei,
2634 4472 2788 4535 parte
2816 4475 3034 4536 quarta,
3066 4467 3238 4537 capite
3276 4476 3455 4536 sexto,

196 4558 483 4633 Pelagianos
525 4571 574 4615 et
612 4560 830 4615 maxim
854 4558 1121 4614 lulianum
1152 4573 1182 4613 a
1210 4559 1366 4613 beato
1407 4556 1657 4623 pontifice
1682 4556 1922 4610 contritas
1948 4554 2112 4610 fuisse
2152 4555 2358 4625 prodat.
2392 4555 2551 4610 Addit
2576 4553 2881 4626 Vignierius
2916 4555 3057 4611 hunc
3079 4555 3250 4628 ipsum
3282 4556 3458 4613 infeli-
3480 4620 3495 4641 '

195 4666 290 4707 cem
319 4655 665 4718 haereticum,
693 4661 816 4724 post
840 4652 1026 4722 longas
1052 4650 1152 4706 hac
1177 4651 1298 4706 illac
1319 4649 1636 4718 errationes,
1665 4648 1735 4704 ob
1754 4664 1885 4720 quas
1913 4664 2027 4702 eum
2060 4647 2359 4721 Fulgentius
2377 4691 2392 4716 ,
2420 4656 2478 4704 ut
2507 4648 2653 4713 dicit,
2679 4649 2893 4703 alterum
2919 4649 3045 4704 Cain
3064 4690 3078 4716 ,
3110 4651 3206 4705 hoc
3234 4659 3308 4706 est
3333 4668 3455 4724 pro-

196 4747 358 4814 fagum
385 4755 432 4799 et
456 4746 595 4799 omni
622 4744 736 4799 loco
762 4754 1031 4817 extorrem,
1062 4740 1308 4814 appellat,
1334 4741 1503 4796 ultimi
1532 4740 1745 4796 demum
1774 4739 1994 4812 perfugii
2025 4740 2145 4796 loco
2172 4742 2400 4795 vicnlum
2428 4741 2709 4812 quemdam
2740 4742 2790 4796 in
2814 4740 2991 4797 Sicilia
3020 4742 3328 4810 incoluisse,
3358 4745 3451 4801 ub'i
3480 4752 3485 4763 ‘

193 4849 286 4890 suae
305 4846 471 4893 secta:
500 4836 747 4892 homines
775 4834 1003 4892 docebat
1025 4835 1247 4901 litteras,
1279 4834 1450 4889 factus
1476 4850 1544 4889 ex
1569 4833 1821 4903 episcopo
1849 4832 2233 4903 ludimagister.
2268 4834 2413 4888 lianc
2448 4833 2522 4889 illi
2562 4836 2965 4905 occupationem
2990 4878 3006 4905 ,
3039 4838 3191 4909 quasi
3212 4839 3456 4893 omnium

194 4931 404 4985 maxime
433 4938 820 5000 congruentem
849 4937 906 4985 et
929 4927 1044 4999 ejus
1066 4929 1118 4982 in
1149 4926 1310 4983 hasce
1333 4926 1640 4998 disciplinas
1668 4926 1862 4992 studio,
1893 4934 1947 4981 et
1968 4940 2118 4981 vanae
2142 4927 2324 4997 gloriae
2348 4943 2506 4999 quam
2528 4944 2594 4983 ex
2622 4944 2807 4985 earum
2836 4930 3139 5003 cognitione
3169 4932 3420 5004 captabat
3438 4973 3457 5001 ,

196 5030 300 5075 ante
325 5021 529 5077 multos
554 5035 722 5075 annos
750 5021 829 5073 de
847 5020 1104 5074 tinaverat
1133 5018 1462 5091 Augustinus
1487 5017 1506 5091 (
1532 5015 1703 5089 Infra,
1732 5016 1913 5088 Operis
1940 5019 2145 5091 imperi.
2174 5019 2261 5074 lib.
2288 5019 2345 5086 2,
2375 5035 2490 5091 cap.
2524 5018 2637 5093 51).

253 5111 364 5167 Huc
385 5112 571 5182 adjicit
599 5110 919 5182 Vignierius,
955 5122 1237 5182 postquam
1268 5110 1313 5166 is
1340 5109 1535 5165 ibidem
1564 5112 1743 5167 vivere
1762 5111 2027 5178 desiisset,
2056 5111 2367 5183 Pelagianos
2389 5112 2592 5167 tumulo
2620 5114 2737 5186 ejus
2761 5113 2865 5172 hoc
2887 5114 3117 5188 elogium
3144 5118 3461 5190 scripsisse:

199 5195 309 5256 Heia
330 5204 385 5258 in
410 5219 539 5274 pace
566 5202 775 5276 quiescit
800 5200 1043 5256 Julianus
1081 5203 1347 5274 episcopus
1385 5202 1678 5259 catholicus.
1713 5203 1865 5273 Quod
1910 5203 2239 5275 epitaphium
2269 5218 2389 5259 cum
2428 5220 2571 5262 nono
2606 5208 2802 5265 saeculo
2838 5209 3001 5266 etiam
3022 5217 3133 5265 tum
3161 5212 3456 5285 legeretur,

198 5295 390 5364 quidam
416 5294 962 5365 Semipelagianorum
986 5294 1293 5366 dogmatum
1317 5293 1559 5351 fautores
1580 5296 1723 5351 illius
1745 5296 2055 5351 memoriam
2102 5296 2382 5353 restituere
2405 5299 2580 5354 conati
2612 5309 2753 5356 sunt.
2786 5303 2854 5357 At
2874 5301 3307 5359 demonstrarunt
3330 5320 3458 5361 eru-

199 5382 278 5439 diti
301 5386 566 5442 antistites
590 5370 984 5442 Catholicorum
1015 5400 1212 5444 nomen
1239 5402 1505 5457 nunquam
1528 5402 1633 5441 non
1655 5402 1943 5457 usurpasse
1968 5388 2315 5458 Pelagianos;
2344 5405 2408 5445 ac
2434 5391 2656 5462 proinde
2682 5393 2814 5448 nihil
2849 5395 3139 5466 prohibere
3156 5397 3459 5469 hujusmodi

200 5473 419 5544 titulum;
438 5475 731 5548 quominus
752 5475 840 5531 ille
867 5476 919 5531 in
950 5475 1144 5531 haeresi
1170 5490 1263 5531 sua
1276 5485 1513 5533 mortuus
1526 5477 1801 5533 habeatur.
1828 5476 1991 5545 Ohiit,
2011 5487 2068 5533 ut
2088 5479 2275 5534 scribit
2294 5481 2618 5550 Gennadius,
2647 5484 2942 5555 imperante
2965 5486 3338 5546 Valentiniano
3367 5490 3460 5561 ill,

199 5562 474 5625 Constantii
513 5566 661 5633 filio,
703 5576 758 5623 et
808 5567 886 5623 sic
925 5579 1048 5623 ante
1076 5583 1273 5623 annum
1303 5566 1504 5624 Christi
1544 5569 2125 5641 quadringentesimum
2164 5573 2660 5648 quinquagesimum
2699 5578 2943 5651 quintum
2977 5578 3188 5652 (Infra,
3222 5581 3457 5657 Append.

202 5668 325 5724 parte
345 5658 427 5731 2).
457 5661 713 5714 Attamen
740 5673 907 5730 usque
930 5659 997 5714 ad
1022 5668 1232 5716 aetatem
1262 5660 1523 5733 Fulgentii
1552 5662 1722 5733 (juxta
1745 5662 1958 5717 Petrum
2003 5663 2347 5721 Franciscum
2372 5666 2697 5726 Chiflletium
2722 5713 2738 5740 ,
2768 5686 2907 5725 anno
2933 5672 3462 5747 quadringentesimo

200 5753 518 5825 sexagesimo
537 5752 769 5823 septimo
788 5754 918 5820 nati,
946 5762 1001 5808 et
1036 5769 1175 5809 anno
1211 5755 1632 5827 quingentesimo
1670 5756 1897 5826 septimo
1941 5758 1993 5813 in
2037 5760 2344 5830 episcopum
2381 5764 2678 5820 consecrati
2714 5760 3035 5838 [Chiﬂletius
3055 5807 3070 5835 ,
3099 5765 3226 5826 Not.
3256 5771 3308 5826 in
3331 5770 3462 5829 Ful-

203 5849 335 5910 σοιϋί
363 5847 558 5915 Vitam,
582 5863 704 5918 pag.
727 5846 873 5921 355])
901 5849 1058 5903 vitam
1080 5848 1396 5920 produxisse
1415 5849 1689 5906 contendit
1711 5848 2033 5920 Vignierius.

262 5934 466 5996 Gelasio
497 5937 703 5995 Sedem
729 5938 1071 6008 apostolicam
1096 5948 1332 6007 tenente,
1362 5940 1593 5998 Joannes
1612 5940 2004 6000 Alexandrinus
2033 5945 2352 6016 patriarcha,
2382 5955 2492 6004 uta
2521 5948 2711 6006 Photio
2736 5956 2955 6009 notatur
2983 5953 3192 6027 (Infra,
3220 5958 3458 6029 Appeal.
