3996 6544
500 483 642 542 tots
1262 441 1272 455 ’
1518 480 1887 541 annoanno
1922 480 1991 540 IN
2025 480 2203 540 opus
2240 480 2733 546 lapsanum!
3640 491 3780 554 sou

493 608 636 670 parte
659 596 736 669 2),
764 596 1045 655 anathema
1073 598 1331 656 Ctelestio
1355 611 1420 656 ac
1435 597 1649 656 Juliano
1678 598 2042 671 pronuntiavit
2071 598 2363 669 :itiemqoa
2394 599 2522 663 halt
2547 601 2603 657 in
2636 616 2735 659 sua
2774 602 2845 661 ad
2868 601 3207 674 bizantium
3224 610 3288 666 ει
3327 601 3463 665 alios
3486 616 3559 669 es.
3594 602 3776 669 Africa
3826 648 3829 653 .

482 693 773 769 episcopos
798 694 1012 750 exsules
1039 694 1262 764 epistola
1292 694 1479 751 Petrus
1502 693 1779 749 diaconus.

565 786 716 861 Quod
746 787 813 849 ad
838 786 1032 850 Juliani
1053 787 1250 858 scripta
1277 794 1479 857 spectat
1504 830 1519 853 ,
1547 800 1852 858 quanquam
1874 799 1995 840 eum
2024 784 2169 841 dicat
2205 784 2544 855 Gennadius,
2570 786 3186 860 priusquaminpiotetsst
3212 785 3412 859 Pelagii
3438 788 3496 851 in
3514 803 3571 851 se
3595 790 3778 860 apart.

488 891 583 952 ret,
609 882 803 943 clarum
828 882 880 937 in
901 880 1186 942 doctoribus
1212 878 1453 936 Ecclesia:
1490 881 1647 951 fuisse
1670 878 1864 952 (Infra,
1890 878 2124 950 Append.
2172 889 2315 951 parte
2335 879 2426 953 2);
2456 889 2691 939 attamen
2719 880 2863 951 quod
2881 880 3049 951 periti
3078 879 3337 950 tomacula
3360 881 3413 945 in
3439 880 3615 945 iussin
3644 881 3769 949 odio

488 976 646 1044 derit,
679 976 808 1039 nihil
830 975 1087 1031 hactenus
1110 982 1380 1045 repertum
1413 982 1513 1037 est.
1537 973 1642 1031 Sed
1667 986 1732 1029 ex
1761 989 1867 1043 quo
1894 971 2032 1029 hanc
2062 974 2308 1030 haeresim
2341 975 2513 1046 palam
2555 975 2796 1046 proilteri
2820 975 3020 1045 capit,
3045 975 3180 1032 alios
3196 974 3414 1043 scriptis
3430 976 3540 1037 suis
3564 975 3623 1041 in
3650 975 3775 1047 eius

487 1069 708 1149 laqueos
752 1067 1004 1125 inducere
1034 1084 1308 1145 nunquam
1339 1066 1563 1123 destitit.
1596 1065 1671 1121 Ea
1697 1066 1764 1122 de
1783 1081 1938 1122 causa
1962 1064 2183 1149 Zosimn
2211 1081 2360 1137 papae
2387 1066 2521 1122 duas
2546 1067 2801 1138 epistolas
2843 1081 2984 1123 anno
3009 1065 3538 1138 quadringentesimo
3560 1066 3780 1133 decima

485 1146 674 1225 octavo
694 1162 905 1217 direxit.
944 1160 1144 1217 Deinde
1184 1176 1303 1216 cum
1336 1159 1661 1230 Augustinus
1692 1157 1886 1213 librum
1926 1156 1993 1213 de
2037 1146 2244 1229 Nuptiis
2285 1163 2341 1212 et
2377 1157 2823 1229 Concupiscentia
2860 1158 3091 1229 primum
3113 1155 3183 1213 ad
3215 1156 3484 1218 Valerium
3509 1160 3777 1223 comitem

485 1255 808 1334 scripsisset,
836 1252 976 1308 idem
996 1252 1238 1311 Julianus
1280 1258 1504 1321 quatuor
1544 1248 1743 1315 libros,
1766 1248 1959 1320 quibus
2000 1248 2147 1304 illum
2189 1249 2401 1303 unicum
2445 1247 2725 1316 refutant,
2746 1249 2815 1305 ad
2853 1248 3203 1305 Turbantiutn
3228 1248 3541 1319 episcopum
3580 1249 3778 1315 edidit.

484 1346 672 1419 Porro,
705 1362 825 1401 cum
855 1354 1104 1415 excerpta
1124 1360 1187 1407 ex
1227 1343 1332 1398 hoc
1354 1340 1549 1398 Juliani
1576 1356 1737 1411 Opere
1762 1337 1955 1396 tradita
1998 1348 2179 1395 essent
2204 1338 2436 1407 Valerio,
2467 1338 2554 1396 hie
2581 1341 2875 1412 Augustino
2915 1338 3230 1411 perferenda
3267 1338 3356 1400 illa
3384 1340 3616 1409 curavit.
3650 1342 3779 1412 tittiv

482 1441 584 1496 bus
612 1449 827 1496 sanctus
856 1439 1052 1493 Doctor
1075 1437 1251 1492 statim
1278 1434 1554 1506 reSpondit
1581 1433 1725 1489 edito
1768 1433 1935 1488 altam
1976 1431 2215 1501 ejusdem
2246 1431 2382 1487 tituli
2406 1473 2422 1499 ,
2450 1447 2559 1503 quo
2577 1433 2848 1503 superior,
2879 1432 2931 1487 id
2957 1440 3064 1498 est,
3095 1432 3163 1488 de
3183 1431 3390 1502 Nuptiis
3414 1444 3468 1493 et
3485 1431 3769 1504 Goneupiq-

483 1536 687 1599 scentis
705 1534 841 1597 libro
862 1534 1133 1595 secundo:
1164 1540 1218 1587 et
1244 1530 1434 1587 eodem
1458 1538 1697 1605 tempore
1727 1527 2028 1598 composuit
2052 1534 2279 1597 quatuor
2299 1539 2425 1580 suos
2456 1525 2629 1581 libros
2652 1524 2718 1581 ad
2746 1524 3105 1590 Bonifacium,
3135 1532 3195 1580 ut
3216 1524 3351 1583 duas
3368 1526 3640 1596 Epistolas
3668 1527 3776 1589 Po.

483 1624 815 1697 lagianorum
847 1666 861 1691 .
889 1639 1021 1699 quas
1063 1622 1203 1683 idem
1246 1621 1394 1693 ipse,
1425 1629 1482 1675 ut
1516 1618 1763 1686 videtur,
1810 1616 2054 1682 Julianus
2089 1617 2353 1673 continuo
2402 1624 2523 1688 post
2567 1617 2815 1673 emissam
2853 1618 3078 1699 prlmpm
3112 1617 3178 1677 ad
3216 1631 3352 1688 opus
3378 1618 3449 1678 de
3483 1618 3698 1690 Nuptiis
3719 1627 3777 1675 et

480 1678 925 1797 (Ξὲιιοιιρὶδίιίξηιίεῖι⁵
949 1678 1351 1790 responsionem
1384 1720 1712 1796 scripserat,
1746 1715 2054 1771 retunderet
2084 1732 2098 1770 :
2133 1713 2455 1784 tandemque
2497 1721 2716 1783 accepta
2738 1712 2827 1767 illa
2854 1678 3023 1781 prim’a
3048 1710 3246 1767 luliani
3270 1712 3626 1785 responsione
3645 1728 3777 1784 qua

477 1811 632 1873 libris
659 1821 885 1891 quatuor
903 1815 1201 1883 constabat,
1225 1830 1343 1870 eam
1372 1814 1570 1882 ingenti
1603 1827 1767 1883 opere
1785 1853 1800 1883 ,
1830 1808 1969 1881 quod
2008 1808 2063 1863 in
2089 1822 2183 1864 sex
2215 1806 2378 1863 libros
2409 1806 2636 1877 partitus
2660 1806 2770 1872 est’,
2800 1806 3009 1863 revisit.
3038 1805 3245 1860 Interea
3272 1820 3404 1860 vero
3421 1820 3545 1864 eum
3569 1821 3774 1869 secun-

476 1902 577 1965 dus
599 1904 734 1965 liber
758 1904 824 1969 de
849 1904 1058 1976 Nuptiis
1085 1914 1140 1965 et
1174 1903 1614 1980 Concupiscentia
1656 1899 1925 1962 incidisset
1958 1900 2010 1953 in
2052 1912 2240 1953 manus
2276 1897 2508 1965 Juliani,
2538 1896 2628 1953 hic
2656 1897 2822 1952 libros
2849 1905 2975 1952 octo
3013 1895 3277 1955 adversus
3310 1910 3475 1953 unum
3514 1897 3681 1959 istum
3711 1899 3771 1961 in

476 1994 668 2063 aciem,
696 2004 753 2055 ut
773 1996 849 2051 sic
873 1996 1134 2065 dicamus,
1157 1995 1364 2069 eduxit,
1396 2011 1529 2067 quos
1558 1992 1883 2065 Augustinus
1924 1992 2110 2045 ultimo
2140 2004 2239 2046 suo
2259 2004 2445 2062 opere,
2475 1990 2544 2045 de
2574 2005 2680 2060 quo
2706 2004 2827 2046 mox
2854 1988 3050 2045 dicturi
3079 2003 3285 2057 sturnus,
3313 1988 3634 2062 proﬂigavit.
3662 1990 3769 2055 Vi.

474 2087 714 2158 ﬁnierius
744 2088 1006 2165 Fulgentii
1036 2106 1099 2153 ex
1132 2089 1333 2151 inedita
1354 2089 1584 2165 quodam
1609 2104 1770 2160 apere
1810 2086 2014 2163 profert
2043 2084 2180 2139 hanc
2212 2085 2263 2139 ln
2304 2100 2421 2140 rem
2450 2084 2617 2140 verba
2642 2084 2731 2138 illa
2760 2101 2775 2139 ι
2809 2082 2923 2140 Neo
2947 2084 3027 2139 illi
3052 2083 3325 2156 suﬁciebst
3354 2095 3582 2155 paterna
3611 2087 3767 2146 ηοω,

474 2175 643 2247 litati,
666 2176 1003 2239 zEtniliorttm
1033 2184 1195 2255 fasces
1216 2179 1496 2241 admovisse
1514 2220 1528 2244 ,
1558 2196 1682 2257 quos
1720 2176 1900 2232 Iiwresi
1943 2174 2185 2246 degenere
2212 2177 2427 2248 turpiter
2463 2175 2754 2230 maculauit.
2784 2174 3049 2231 Seniorem
3087 2178 3427 2247 Augustinum
3449 2216 3465 2241 ,
3490 2187 3546 2233 tu
3568 2179 3772 2237 clarior

472 2270 614 2338 ﬁeret
633 2310 648 2339 ,
671 2270 889 2347 juvenili
914 2272 1083 2333 calore
1094 2290 1388 2347 aggressus,
1422 2270 1511 2333 sed
1536 2287 1792 2347 repressus
1817 2314 1831 2343 ,
1863 2279 2055 2325 tantam
2083 2269 2180 2325 sibi
2203 2267 2491 2323 conciliavit
2514 2284 2603 2340 per
2631 2267 2801 2323 orbem
2830 2277 3079 2327 terrarum
3108 2269 3370 2337 uvidi”,
3401 2278 3641 2341 mata.
3665 2272 3772 2328 si“

470 2362 612 2433 apud
638 2345 814 2425 omnes
833 2345 1266 2443 stMueratTacere
1284 2345 1612 2429 claritatem;
1639 2373 1686 2417 et
1713 2361 1849 2434 quod
1876 2364 1927 2416 in
1958 2361 2270 2416 occasionem
2302 2356 2543 2432 gloriola:
2580 2361 2868 2430 arriqu
2886 2399 2901 2426 ,
2929 2358 3274 2415 subsultim:
3302 2360 3527 2417 Dom
3560 2376 3769 2421 οεηαιιι

470 2465 544 2513 eat
569 2456 624 2517 in
648 2457 977 2533 opprobrium
1005 2456 1348 2533 (Vignierias,
1377 2457 1598 2537 Prtefat.
1630 2457 1685 2511 in
1718 2455 1859 2529 Opus
1888 2453 2285 2535 imperfectum).

542 2547 809 2639 Praeterea
832 2549 983 2613 libris
1007 2549 1158 2639 istius
1190 2551 1426 2613 haeretici
1456 2559 1771 2611 annumerat
1798 2548 1939 2605 Beda
1965 2546 2424 2639 Commentarium
2445 2544 2713 2639 quoddam
2738 2546 2794 2602 in
2812 2545 3054 2616 Cantica,
3075 2546 3163 2606 eui
3174 2554 3442 2639 tractatus

470 2632 652 2710 batur,
684 2637 808 2701 ideo
832 2632 1131 2719 inscriptus
1145 2642 1210 2703 de
1235 2644 1439 2711 Amore,
1466 2642 1587 2720 quia
1614 2640 1815 2703 amoris
1838 2640 1977 2697 sacri
2002 2655 2066 2694 ac
2090 2637 2304 2719 profani
2330 2638 2383 2694 in
2409 2651 2477 2694 eo
2499 2637 2789 2695 discrimen
2814 2639 3031 2711 aperire
3046 2638 3427 2697 destinaverat.
3457 2636 3569 2695 Sed
3598 2654 3727 2697 eum
3745 2680 3764 2710 ,

476 2727 605 2791 dum
634 2730 766 2797 illud
788 2734 1087 2811 argumenti
1110 2742 1341 2797 tractare
1365 2751 1425 2793 se
1442 2733 1581 2795 velle
1602 2733 1904 2796 simulabat.
1927 2731 2202 2793 ﬁrmanda:
2226 2747 2335 2788 sum
2353 2729 2542 2787 haeresi
2564 2729 2838 2788 laborasse
2864 2741 3137 2789 asseverat
3160 2732 3304 2789 Beda
3332 2750 3347 2786 :
3376 2732 3470 2805 qui
3493 2742 3554 2789 et
3578 2735 3765 2791 varios

467 2818 616 2885 locos
647 2832 758 2885 tum
782 2838 853 2886 ex
885 2824 990 2889 hoc
1016 2833 1262 2893 tractato,
1295 2834 1405 2889 tum
1433 2843 1499 2882 ex
1530 2825 1738 2898 reliquo
1765 2824 2166 2881 Commentario
2186 2822 2351 2879 refert
2377 2832 2431 2879 et
2461 2822 2693 2890 refellit;
2715 2823 2981 2896 simulque
3007 2835 3210 2894 monet,
3240 2824 3359 2881 hanc
3395 2826 3617 2881 nonnisi
3635 2840 3761 2882 sna.

466 2927 573 2983 {illa
595 2914 832 2980 adhibita
861 2918 1110 2981 cautione
1131 2919 1354 2996 legenda
1381 2934 1500 2979 esse
1521 2961 1535 2989 ,
1564 2928 1654 2981 aut
1681 2918 1859 2997 potius
1884 2915 2105 2971 omnino
2134 2930 2240 2971 non
2270 2913 2515 2988 legenda.
2545 2913 2782 2971 Meminit
2809 2927 3067 2986 praeterea
3107 2911 3384 2987 cujusdam
3402 2916 3760 2979 Commta.

464 3006 650 3072 tionis,
682 3024 785 3078 qua
814 3009 906 3065 ille
936 3026 1000 3065 ae
1025 3010 1170 3065 Bono
1194 3013 1492 3075 constantia:
1514 3010 1819 3091 disputabat
1849 3008 2046 3091 (Infra,
2074 3006 2311 3090 Append.
2334 3020 2478 3082 parte
2497 3006 2579 3084 2).
2601 3008 2735 3067 Nam
2754 3010 3036 3082 epistolam
3058 3012 3127 3068 ad
3149 3010 3569 3084 Demetriadem,
3597 3030 3759 3088 quali

465 3098 639 3160 eidem
669 3101 758 3158 ille
785 3101 1073 3181 adjudicat,
1105 3104 1270 3177 ipsius
1296 3121 1417 3169 esse
1441 3105 1637 3176 Pelagii
1669 3105 1720 3159 in
1749 3101 1997 3160 confesso
2021 3110 2124 3160 est.
3285 3167 3289 3172 ,

533 3192 800 3255 Julianum
853 3210 1064 3276 quoque
1101 3198 1261 3254 tradit
1298 3194 1493 3259 Marius
1534 3196 1794 3255 Mercator
1822 3196 1913 3271 (In
1957 3198 2157 3254 subnot.
2203 3210 2320 3269 cap.
2343 3196 2422 3271 6),
2454 3196 2693 3269 pluribus
2712 3199 2767 3255 id
2791 3199 2941 3256 libris
2963 3200 3308 3272 defendisse,
3333 3203 3480 3275 quod
3506 3203 3756 3277 Pelagius

462 3285 872 3365 dogmatizabat,
899 3289 1190 3359 hominem,
1223 3293 1268 3347 si
1299 3291 1475 3358 vellet,
1502 3292 1616 3348 sine
1633 3302 1852 3363 peccato
1875 3304 1994 3347 esse
2022 3305 2201 3362 posse.
2245 3290 2360 3357 Qua
2382 3296 2560 3348 tamen
2583 3290 2650 3346 de
2668 3306 2729 3347 re
2752 3291 2995 3349 Julianus
3014 3293 3069 3350 in
3087 3295 3199 3350 suis
3222 3294 3394 3363 libris.
3417 3297 3512 3367 qui
3534 3297 3759 3368 quid“

452 3385 694 3454 exstent,
726 3378 899 3443 rarius
929 3382 1184 3455 loquitur.
1217 3384 1283 3440 Et
1312 3382 1437 3440 hinc
1456 3392 1745 3465 auguratur
1766 3382 2001 3439 Joannes
2038 3381 2331 3439 Garnerlus
2355 3383 2489 3440 alios
2516 3382 2666 3440 illum
2710 3384 2931 3441 lorsitan
2959 3386 3232 3449 edidisset
3262 3402 3374 3459 qua
3396 3389 3564 3448 etiam
3592 3406 3757 3462 arguo

460 3484 646 3537 metito
665 3474 950 3533 adducitur
980 3487 1037 3532 ut
1063 3477 1403 3539 deﬁnitiones
1424 3479 1564 3547 illas,
1591 3494 1724 3550 quas
1752 3479 1802 3533 ln
1837 3477 1972 3533 libro
1991 3476 2056 3531 de
2083 3475 2420 3533 Perfectione
2444 3480 2663 3548 iustitiae
2683 3478 2914 3537 hominis
2929 3480 3170 3535 eonfutat
3195 3482 3546 3553 Augustinus,
3572 3483 3750 3547 niden

459 3564 845 3628 adscribendas
871 3578 1039 3647 putet.
1067 3569 1451 3633 Verumtamen
1478 3571 1822 3642 Pelagianam
1852 3569 2021 3625 hocce
2046 3568 2297 3639 placitum
2316 3582 2383 3624 eo
2410 3569 2529 3625 solo
2552 3571 2740 3626 nititur
2758 3569 3105 3627 fundamento
3126 3612 3144 3639 ,
3169 3571 3315 3643 quod
3348 3572 3442 3633 ille
3465 3572 3755 3641 [tantist]

456 3667 706 3719 naturam
727 3660 1019 3721 etiamnum
1064 3678 1216 3733 reque
1242 3662 1472 3718 validam
1492 3671 1653 3733 atque
1676 3676 1865 3718 sanam
1889 3674 2013 3717 esse
2037 3661 2089 3715 in
2115 3660 2366 3715 omnibus
2384 3659 2712 3728 hominibus,
2732 3669 2894 3734 atque
2919 3661 2974 3719 in
2995 3662 3167 3720 Adam
3195 3661 3317 3733 iuit,
3342 3665 3753 3735 contendebat;

456 3753 514 3810 in
543 3770 649 3832 quo
673 3754 1057 3833 propugnando
1080 3764 1366 3828 perpetuus
1393 3765 1476 3813 est
1502 3752 1762 3813 Julianus.

531 3847 668 3905 Huic
687 3846 910 3927 insuper
929 3848 1223 3909 Garnerius
1251 3848 1340 3931 (In
1366 3848 1582 3906 Mei-cat.
1616 3850 1814 3907 dissert.
1847 3851 1902 3919 5,
1934 3859 1982 3906 et
2007 3852 2062 3905 in
2085 3849 2309 3922 append.
2332 3850 2403 3905 ad
2420 3849 2622 3905 dissert.
2652 3849 2688 3906 6
2708 3892 2722 3917 ,
2754 3866 2871 3922 esp.
2896 3850 2953 3922 ι)
2982 3850 3170 3915 ttiltuit
3188 3851 3409 3915 latinam
3427 3892 3447 3923 ,
3468 3869 3635 3927 quam
3658 3855 3754 3919 ιι.

460 3942 629 4000 oobus
656 3942 975 4007 Sirmondus
1002 3964 1067 4003 ex
1089 3947 1321 4025 antiquis
1346 3946 1622 4036 codicibus
1642 3947 1802 4012 eruit,
1835 3946 2329 4021 interpretationem
2361 3944 2524 4001 libelli
2555 3942 2698 4010 ildei,
2723 3958 2756 4000 a
2786 3944 2977 4006 Ruﬁno
2997 3945 3279 4033 Paluatinas
3298 3947 3595 4018 provincia
3618 3965 3752 4023 pro.

457 4038 681 4113 sbytero
702 4053 878 4111 graece
902 4041 1105 4114 scripti.
1134 4042 1307 4098 Alium
1329 4024 1510 4103 itidem
1540 4041 1661 4097 fidei
1686 4040 1922 4096 libellum
1990 4036 2182 4112 (Infra,
2212 4037 2445 4110 Append.
2475 4046 2619 4110 parte
2650 4037 2709 4111 Ι)
2740 4037 2906 4095 latine
2931 4024 3322 4109 suntpositum,
3351 4049 3409 4098 et
3434 4040 3503 4097 ad
3529 4055 3756 4114 aposto-

457 4130 617 4189 licam
650 4129 842 4193 Sedem
872 4133 1135 4190 directum
1177 4135 1393 4194 nomine
1432 4136 1804 4206 episcoporum
1848 4133 2050 4205 aliquot
2086 4132 2567 4199 beterodoxorum,
2600 4130 2693 4204 qui
2720 4131 2921 4203 Pelagii
2971 4149 3037 4189 ac
3060 4134 3301 4197 leestii
3343 4135 3752 4205 damnauerat

454 4224 797 4285 subscribere
822 4227 1177 4291 detrectantes
1199 4237 1488 4299 provocant
1514 4226 1580 4283 ad
1609 4227 1900 4298 plenariam
1928 4224 2191 4298 synodum
2216 4269 2231 4292 ,
2257 4223 2431 4281 eidem
2453 4226 2658 4281 auctori
2684 4224 2920 4294 Sullano,
2950 4227 3094 4283 haud
3131 4228 3339 4291 levibus
3370 4231 3640 4304 impulsus
3662 4250 3754 4291 η.

454 4316 716 4389 tionibus,
745 4319 1001 4391 assignat.
1030 4319 1160 4391 Ejus
1189 4318 1420 4397 denique
1446 4321 1626 4377 stilum
1657 4336 1764 4377 non
1794 4319 1971 4375 minus
1994 4318 2235 4376 referunt
2262 4318 2494 4376 homiliae
2522 4317 2744 4374 Joannis
2769 4316 3139 4392 Chrysostoml
3163 4322 3407 4394 quaedam
3434 4339 3668 4397 estnon
3694 4330 3751 4387 in

452 4408 676 4469 latinum
699 4408 988 4488 interprete
1009 4411 1254 4468 Anniano
1278 4414 1563 4473 translatae.
1603 4413 1895 4469 Enimvero
1937 4426 2041 4468 non
2083 4413 2255 4468 solum
2304 4425 2531 4481 pronum
2565 4408 3103 4469 fuitamanuensihs
3150 4414 3207 4470 in
3249 4417 3487 4474 auctoris
3524 4423 3750 4479 nomine

451 4499 579 4575 labi,
615 4511 672 4557 ut
697 4511 945 4576 corrupta
992 4518 1089 4577 per
1111 4519 1205 4560 eos
1246 4505 1447 4579 syllaba
1484 4505 1652 4575 prima
1696 4504 1931 4575 prodiret
1971 4519 2038 4561 ex
2081 4503 2294 4561 Juliano
2336 4502 2650 4571 Annianus:
2680 4503 2778 4559 sed
2803 4505 2963 4560 etiam
2990 4504 3189 4569 Juliani
3209 4506 3483 4578 iqeniusu
3523 4512 3578 4577 in
3608 4526 3751 4585 pra.

453 4590 639 4653 missis
663 4593 731 4649 ad
760 4595 975 4652 easdem
1008 4596 1253 4652 homilias
1285 4597 1527 4675 epistolis
1552 4599 1952 4670 nuncupatoriis
1975 4638 1989 4663 ,
2013 4597 2307 4655 sententias
2346 4603 2403 4652 et
2434 4596 2681 4667 proprias
2711 4596 2879 4668 ipsius
2902 4597 3167 4655 dictiones
3192 4600 3374 4658 inesse
3392 4603 3748 4669 ohsarvamus

453 4684 651 4770 (Infra,
676 4687 911 4763 Append.
945 4700 1088 4762 parte
1112 4688 1166 4758 2,
1192 4690 1256 4745 de
1292 4691 1527 4746 Anniano
1559 4691 1965 4766 pseudodiacono
2010 4688 2317 4762 Celedensi).
2349 4688 2428 4745 Ad
2473 4690 2608 4755 hate,
2633 4692 2773 4745 sicut
2804 4690 3164 4763 Hieronymus
3196 4693 3267 4759 de
3308 4696 3748 4765 psoudodiacoao

453 4776 737 4836 Celedensi
769 4781 1014 4837 Anniano
1043 4782 1272 4851 dicebat,
1296 4780 1650 4853 Copiosissime
1677 4786 1900 4854 pascitur
1923 4823 1937 4846 ,
1961 4792 2017 4836 at
2061 4782 2242 4837 alienas
2281 4781 2607 4851 blasphemia:
2645 4784 2797 4841 verba
2824 4784 3008 4855 frivola
3034 4785 3378 4842 subministrat
3397 4787 3595 4864 (ιωι.)
3623 4811 3642 4850 ι
3664 4796 3747 4865 εἰς

455 4872 791 4944 Augustinus
810 4873 861 4928 in
876 4875 1219 4951 subsequenti
1251 4893 1414 4948 opere
1437 4877 1716 4948 aliquoties
1736 4876 1969 4948 oblectat
1992 4875 2224 4945 Juliano,
2254 4877 2399 4948 pasci
2427 4878 2601 4949 ipsum
2624 4894 2655 4934 a
2676 4878 2918 4950 deceptis
2938 4879 3170 4949 miseris,
3192 4892 3254 4939 ut
3279 4883 3435 4943 libris
3458 4898 3562 4959 pro
3578 4866 3744 4949 Pd...

446 4978 601 5053 siam
623 4960 818 5022 haeresi
844 4966 1143 5024 scribendis
1161 4976 1315 5031 vacet
1342 4967 1534 5042 (Infra,
1569 4967 1749 5043 Operis
1769 4970 1973 5040 imperf.
1998 4967 2085 5022 lib.
2109 4966 2166 5045 2,
2193 4985 2309 5042 cap.
2338 4968 2432 5038 51,
2456 4979 2506 5026 et
2529 4970 2617 5025 tib.
2646 4971 2700 5039 ii,
2731 4986 2883 5044 capp.
2919 4974 2971 5039 1,
3001 4973 3116 5046 44).

1657 5106 1747 5168 DE
1781 5104 1865 5167 δυ
1874 5105 2277 5175 BSEQUENTE
2311 5106 2560 5171 OPERE.

516 5242 634 5301 Jam
661 5253 787 5301 ante
815 5245 1117 5305 notavimus
1143 5288 1161 5316 ,
1188 5245 1399 5305 emissis
1421 5260 1450 5301 a
1477 5244 1688 5302 Iuliano
1717 5260 1812 5317 pro
1854 5245 2203 5317 responsione
2238 5243 2305 5300 ad
2346 5244 2578 5316 primum
2616 5245 2813 5307 librum
2851 5247 2920 5305 de
2944 5248 3161 5323 Nuptiis
3191 5259 3249 5308 et
3278 5250 3735 5328 dominantia

439 5350 670 5415 quatuor
693 5338 863 5417 libris,
896 5340 1137 5417 quaedam
1162 5356 1230 5398 ex
1251 5341 1442 5399 horum
1466 5341 1639 5411 primo
1665 5348 1915 5411 excerpta
1943 5348 2184 5394 sanctum
2208 5336 2491 5396 Ductorem
2516 5340 2753 5397 secundo
2770 5357 2873 5399 suo
2894 5344 2961 5400 de
2981 5344 3192 5416 Nuptiis
3211 5357 3267 5404 et
3284 5341 3738 5422 meme.

443 5431 730 5500 reiutasse,
760 5447 824 5488 ac
848 5442 1032 5507 postea
1073 5433 1231 5489 simul
1272 5442 1500 5507 quatuor
1532 5431 1747 5491 eosdem
1787 5432 1954 5487 libros
1995 5431 2285 5502 dlssipasse
2324 5433 2551 5505 pleniori
2599 5448 2765 5504 apere
2800 5450 2893 5492 sex
2918 5438 3177 5496 librorum
3202 5452 3389 5499 contra
3431 5444 3733 5507 Iulianum.

439 5523 662 5599 Alypius
691 5524 984 5585 secundum
1006 5526 1153 5585 illum
1183 5526 1248 5583 de
1267 5525 1479 5599 Nuptiis
1508 5535 1563 5582 et
1590 5525 2032 5599 Concupiscentia
2070 5525 2262 5581 librum
2289 5568 2305 5595 ,
2330 5528 2546 5583 circiter
2572 5542 2773 5584 annum
2812 5527 3009 5587 Christi
3037 5534 3622 5608 quadringentesimum
3654 5546 3737 5600 vi-

440 5617 702 5689 gesimum
732 5620 962 5695 primum
981 5635 1184 5686 ,secum
1226 5620 1279 5674 in
1310 5617 1512 5679 italiam
1554 5615 1743 5675 detulit
1769 5614 1929 5688 (Ibid.
1955 5616 2043 5672 lib.
2067 5617 2120 5684 i,
2147 5632 2263 5693 cap.
2294 5618 2371 5688 7).
2406 5616 2559 5673 Hunc
2602 5620 2895 5676 secundum
2944 5622 3134 5678 librum
3186 5626 3366 5682 statim
3396 5629 3619 5688 adortus
3644 5638 3734 5690 est

439 5704 682 5765 Julianus
702 5710 867 5766 altera
893 5712 1266 5788 responsione,
1298 5725 1419 5764 cum
1443 5725 1534 5763 sex
1569 5708 1754 5773 libros,
1790 5708 1981 5777 quibus
2010 5709 2177 5779 prima
2219 5724 2316 5766 sua
2347 5710 2627 5780 responsio
2656 5711 2909 5784 dissipata
2941 5714 3113 5771 fuerat
3141 5717 3209 5773 ab
3236 5720 3555 5792 Augustino,
3588 5738 3701 5782 non

438 5798 566 5856 dum
596 5798 839 5868 vidisset,
870 5819 1045 5875 neque
1064 5803 1351 5874 quidquam
1383 5802 1450 5857 de
1481 5803 1544 5857 iis
1566 5801 1649 5855 vel
1679 5801 1945 5857 auditione
1976 5803 2272 5874 accepisset
2300 5823 2313 5859 :
2346 5803 2775 5876 quandoquidem
2816 5817 2992 5864 utrum
3022 5824 3051 5864 a
3081 5822 3270 5869 sancto
3293 5815 3522 5875 Doctore
3552 5822 3728 5893 prima

405 5948 410 5957 ,
435 5892 534 5953 ista
556 5894 834 5967 responsio
860 5897 997 5955 lecta
1024 5906 1185 5963 esset,
1217 5896 1390 5958 adhuc
1414 5894 1689 5965 ignorabat
1740 5893 1898 5961 (Ibid.
1932 5895 2022 5950 lib.
2047 5897 2102 5962 4,
2130 5913 2245 5968 cap.
2275 5896 2388 5966 58).
2417 5896 2603 5969 Neque
2627 5913 2755 5954 vero
2784 5901 2979 5956 mirum
3015 5919 3135 5961 esse
3164 5906 3357 5976 debet,
3390 5912 3492 5969 hoc
3519 5892 3591 5972 ita
3618 5917 3725 5973 hac-

432 5980 589 6053 bere;
618 6002 846 6058 namque
870 5997 985 6044 erat
1012 5987 1252 6044 Julianus
1278 5989 1330 6043 in
1356 5985 1539 6043 Cilicia
1565 6027 1578 6053 ,
1609 6001 1715 6058 quo
1745 5994 1983 6060 tempore
2011 5988 2235 6046 alteram
2270 6006 2419 6047 suam
2461 5993 2865 6065 responsionem
2895 5982 2950 6052 hi
2977 5998 3329 6072 Augustinum
3358 6007 3583 6069 molitus
3608 6022 3718 6071 est.

3575 6202 3609 6231 η
