4014 6516
443 399 582 457 1047
670 395 1036 454 ADMONITIO
1075 397 1141 454 IN
1177 397 1354 456 OPUS
1391 396 1883 455 IMPERFECTUM
1922 397 2188 453 CONTRA
2231 396 2602 454 SECUNDAM
2641 397 2902 455 JULIANI
2944 398 3488 457 RESPONSIONEM.
3575 403 3715 461 1048

448 517 808 573 revincuntur.
845 515 1250 586 Propugnantur
1281 524 1478 570 tentata
1503 517 1569 570 ab
1592 517 1778 571 eodem
1803 516 1916 570 loca
1949 531 2014 570 ex
2045 515 2229 585 primis
2259 516 2494 585 partibus
2525 516 2643 570 libri
2675 515 2892 570 secundi
2918 515 2983 569 de
3008 515 3214 585 Nuptiis
3241 525 3294 570 et
3322 514 3717 586 Concupiscen—

441 612 510 664 tia
538 618 591 663 et
616 625 678 663 ex
704 609 840 662 libro
865 609 1032 677 primo
1056 619 1238 662 contra
1263 609 1401 662 Duas
1426 609 1691 678 Epistolas
1713 609 2133 678 Pelagianorum.
2171 610 2560 678 Scripturarum
2583 609 2744 662 etiam
2769 623 2865 678 pro
2886 609 3054 678 gratia
3079 608 3346 677 quaedam,
3368 624 3504 680 quas
3523 626 3718 664 secun-

445 701 565 762 dum
596 703 933 773 Pelagianam
964 701 1153 772 dogma
1183 702 1500 772 exponebat,
1533 702 1880 756 auctoritates
1900 702 2259 755 vindicantur.

513 795 566 849 ln
595 796 853 858 secundo,
886 797 1158 850 excutitur
1188 795 1322 849 liber
1346 795 1542 850 Juliani
1569 794 1857 859 secundus,
1891 794 1957 848 de
1989 794 2069 848 his
2093 809 2256 863 agens
2286 793 2461 848 verbis
2485 791 2721 862 Apostoli
2750 791 2815 845 ad
2857 791 3146 856 Romanos,
3176 792 3350 861 capite
3374 791 3581 862 quinto,
3615 791 3722 847 Per

439 903 596 942 unum
635 887 884 941 hominem
934 897 1189 956 peccatum
1225 886 1279 939 in
1325 887 1458 939 hunc
1488 883 1732 937 mundum
1776 884 2001 949 intravit,
2033 893 2157 948 etc.,
2188 882 2592 952 ostenditurque
2637 881 2924 945 Julianum,
2965 881 3244 950 repudiato
3264 881 3530 936 catholico
3558 897 3720 937 sensu

439 977 472 1054 ι(
477 980 765 1036 secundum
787 995 944 1050 quem
976 980 1323 1050 Augustinus,
1351 978 1490 1033 libro
1515 977 1750 1032 secundo
1777 975 1845 1031 de
1872 975 2081 1045 Nuptiis
2108 984 2161 1029 et
2185 970 2647 1043 concupiscentia,
2677 975 2849 1044 capite
2881 972 3136 1042 vigesimo
3178 974 3426 1042 septimo,
3459 989 3520 1028 ea
3559 974 3722 1028 verba

437 1075 506 1132 de
532 1075 661 1130 Δότε
689 1084 904 1145 peccato
933 1073 1276 1145 generatione
1304 1072 1356 1126 in
1379 1086 1566 1126 omnes
1590 1071 1756 1140 ipsius
1787 1077 2035 1139 posteros
2065 1071 2379 1123 transmisso
2400 1067 2701 1138 exposuit),
2727 1066 2923 1120 frustra
2960 1065 3206 1121 laborare
3230 1076 3288 1120 ut
3311 1066 3601 1122 secundum
3624 1067 3724 1121 Pc-

438 1163 697 1234 lagianam
745 1163 991 1220 haeresim
1035 1164 1102 1218 de
1130 1161 1377 1234 exemplo
1404 1164 1626 1234 peccati,
1660 1176 1765 1216 non
1794 1162 1850 1216 in
1891 1175 2080 1216 omnes
2125 1170 2389 1230 posteros,
2421 1159 2515 1215 sed
2565 1161 2617 1215 in
2673 1167 2958 1230 peccantes
3005 1157 3372 1214 tantummodo
3417 1158 3721 1214 imitatione

440 1256 760 1310 transeuntis
788 1256 1170 1326 intelligantur.

509 1345 566 1399 ln
595 1346 773 1411 tertio,
801 1354 1130 1400 monstratur
1153 1343 1424 1400 lulianum
1463 1343 1857 1416 Scripturarum
1893 1344 2234 1411 testimoniis,
2263 1343 2657 1398 Deuteronomii
2688 1343 2895 1398 scilicet
2933 1344 3106 1413 capite
3133 1343 3393 1414 vigesimo
3421 1353 3637 1414 quarto,
3667 1353 3724 1400 et

435 1435 558 1491 libri
594 1436 796 1507 Regum
821 1439 993 1507 quarti
1019 1437 1190 1508 capite
1207 1437 1414 1493 decimo
1439 1445 1648 1508 quarto,
1672 1444 1727 1491 et
1754 1436 2046 1492 Ezechielis
2061 1437 2232 1505 capite
2261 1435 2471 1491 decimo
2495 1445 2709 1500 octavo,
2736 1451 2988 1505 perverse
3016 1437 3183 1502 abuti,
3212 1446 3269 1492 ut
3299 1437 3526 1493 suadere
3555 1453 3721 1493 eone-

436 1533 540 1591 tur,
573 1537 787 1596 peccata
819 1537 1096 1597 parentum
1130 1528 1248 1582 filiis
1272 1543 1377 1583 non
1405 1543 1435 1582 a
1465 1529 1574 1582 Deo
1605 1528 1708 1582 ulla
1738 1529 2005 1597 imputari.
2046 1526 2222 1597 Ipsum
2248 1527 2438 1582 deinde
2467 1528 2732 1582 incassum
2763 1526 3106 1590 contendere,
3140 1537 3199 1584 ut
3223 1529 3292 1583 ab
3315 1544 3381 1586 eo
3405 1543 3527 1584 sese
3553 1530 3724 1600 expli-

437 1626 524 1671 cet
551 1617 671 1671 loco
703 1618 956 1688 Epistolas
980 1619 1044 1672 ad
1066 1619 1340 1685 Hebraeos,
1373 1619 1547 1689 capite
1572 1618 1870 1682 undecimo,
1908 1634 2001 1686 per
2043 1633 2200 1687 quem
2247 1618 2530 1672 evertenda
2575 1617 2711 1672 foret
2739 1619 3037 1687 responsio,
3068 1634 3169 1688 qua
3214 1619 3266 1674 in
3307 1621 3583 1690 superiore
3620 1635 3722 1675 suo

441 1706 580 1759 libro
613 1717 887 1777 tantopere
909 1709 1207 1772 inculcavit,
1240 1709 1357 1764 ideo
1383 1709 1451 1762 ab
1483 1709 1758 1778 Apostolo,
1791 1708 1856 1762 ad
1887 1709 2177 1773 Romanos,
2206 1710 2376 1777 capite
2407 1711 2613 1777 quinto,
2637 1709 2833 1764 dictum
2857 1725 2994 1776 esse,
3024 1727 3198 1777 unum,
3240 1727 3339 1782 per
3357 1727 3513 1783 quem
3541 1723 3720 1768 trans-

441 1797 538 1852 ivit
569 1810 842 1868 peccatum
863 1843 880 1868 ,
931 1816 1000 1856 ne
1023 1801 1294 1871 generatio
1327 1801 1591 1856 sineretur
1619 1800 1860 1870 intelligi.
1910 1799 2100 1855 Postea
2141 1817 2413 1856 reversum
2439 1802 2504 1856 ad
2537 1802 2676 1856 dicta
2707 1802 2826 1856 libri
2854 1803 3071 1858 secundi
3101 1803 3169 1857 de
3192 1803 3396 1874 Nuptiis
3423 1815 3479 1861 et
3502 1805 3718 1861 Concu-

443 1893 720 1960 piscentia,
746 1893 925 1963 inique
954 1909 1114 1963 agere
1142 1909 1261 1948 cum
1286 1893 1582 1964 Augustino
1610 1892 1858 1948 eumdem
1886 1892 2172 1954 Julianum,
2212 1894 2301 1963 qui
2330 1894 2398 1948 ab
2427 1894 2515 1947 illo
2536 1901 2590 1948 et
2617 1893 2846 1948 hominis
2875 1895 3094 1948 liberum
3123 1895 3422 1962 arbitrium,
3459 1906 3513 1952 et
3543 1897 3713 1952 Deum

439 1984 768 2038 nascentium
799 1986 1128 2040 conditorem
1157 1986 1357 2057 negari,
1383 1985 1558 2040 denuo
1577 1986 1872 2056 queritatur
1895 2003 1910 2041 :
1933 1987 2132 2056 quique
2161 1987 2377 2055 insuper
2404 2002 2526 2041 cum
2553 1986 2694 2040 illius
2721 1986 2877 2040 dictis
2900 1986 3208 2041 hrercticam
3236 1988 3518 2058 quamdam
3549 1990 3719 2045 Mani-

436 2076 572 2131 chaci
611 2076 890 2145 epistolam
921 2092 1256 2148 comparans,
1301 2093 1406 2133 non
1433 2077 1536 2132 alia
1566 2077 1728 2146 quam
1768 2094 1887 2148 qua:
1929 2079 2066 2148 apud
2111 2079 2457 2134 Manicheum
2503 2079 2780 2150 leguntur,
2828 2090 3258 2148 argumentorum
3303 2082 3418 2138 vice
3457 2083 3718 2153 objectari

441 2183 469 2222 a
499 2180 684 2224 sancto
715 2171 940 2226 Doctore
960 2213 975 2238 ,
1016 2172 1082 2226 ab
1110 2185 1278 2240 eoque
1321 2169 1539 2240 perinde
1570 2179 1729 2240 atque
1757 2184 1788 2224 a
1823 2170 2114 2225 Manichan
2155 2179 2396 2224 naturam
2434 2169 2720 2225 humanam
2751 2171 2943 2224 malam
2981 2173 3307 2241 pronuntiari
3339 2173 3716 2231 calumniatur.

511 2264 567 2320 In
593 2275 802 2336 quarto,
829 2269 997 2339 pergit
1020 2269 1348 2339 Augustinus
1367 2266 1612 2323 refellere
1640 2267 2002 2325 adversarium
2033 2283 2131 2322 suo
2154 2275 2344 2337 quarto
2373 2267 2511 2322 libro
2536 2267 2893 2338 disputantem
2927 2268 2979 2322 in
3003 2284 3065 2323 ea
3091 2269 3230 2324 dicta
3251 2270 3370 2325 libri
3399 2271 3620 2326 secundi
3646 2272 3720 2328 de

434 2355 644 2426 Nuptiis
670 2367 724 2413 et
749 2358 1209 2430 Concupiscentia,
1241 2375 1359 2430 qua:
1395 2374 1425 2413 a
1464 2359 1638 2428 capite
1680 2373 1872 2428 quarto
1922 2358 1988 2413 ad
2029 2358 2366 2413 undecimum
2412 2358 2950 2428 comprehenduntur.
2992 2355 3486 2430 Concupiscentiam
3537 2362 3721 2418 carnis

437 2451 633 2505 malam
659 2465 802 2517 esse,
834 2466 1009 2522 neque
1036 2452 1235 2507 homini
1261 2451 1427 2507 fuisse
1455 2465 1485 2505 a
1517 2451 1628 2506 Deo
1657 2451 1933 2505 conditore
1957 2451 2198 2514 inditam,
2234 2460 2531 2520 propugnat
2556 2449 2739 2505 doceri
2764 2465 2830 2506 eo
2859 2450 2974 2520 ipso
3001 2450 3138 2516 loco,
3170 2467 3328 2522 quem
3350 2453 3402 2506 in
3433 2451 3572 2508 hanc
3591 2469 3707 2508 rem

435 2543 681 2598 adhibuit
697 2560 764 2599 ex
791 2543 1013 2599 Joannis
1043 2545 1278 2615 Epistola
1310 2545 1497 2614 prima,
1525 2544 1699 2613 capite
1727 2545 1982 2609 secundo,
2020 2543 2181 2597 Omne
2207 2543 2342 2613 quod
2366 2553 2437 2596 est
2459 2544 2511 2596 in
2540 2542 2750 2608 mundo,
2777 2543 3180 2610 concupiscentia
3207 2544 3377 2598 carnis
3397 2553 3561 2604 εει...
3591 2561 3712 2612 que

431 2650 532 2688 non
559 2644 630 2688 est
657 2650 720 2690 ea:
740 2635 914 2701 Patre,
938 2645 1042 2692 etc.
1071 2636 1245 2706 Atque
1266 2636 1410 2690 illam
1441 2635 1651 2705 quidem
1679 2635 1745 2690 ad
1773 2643 2013 2690 naturam
2040 2636 2266 2705 pecoris,
2297 2634 2391 2689 sed
2417 2635 2482 2688 ad
2507 2635 2672 2704 ipsius
2703 2643 2881 2689 tamen
2912 2650 3122 2705 poenam
3149 2636 3384 2693 hominis
3414 2639 3710 2706 pertinere.

433 2726 695 2782 Pudorem
725 2729 1086 2784 membrorum
1115 2728 1325 2782 nonnisi
1353 2736 1474 2799 post
1501 2736 1776 2797 peccatum
1803 2727 2062 2782 accidisse
2089 2726 2159 2781 ob
2183 2726 2414 2781 libidinis
2442 2726 2669 2780 rebelles
2695 2734 2889 2780 motus.
2943 2726 3115 2781 Porro
3157 2743 3224 2781 ne
3263 2728 3316 2781 in
3352 2727 3566 2782 Christo
3607 2729 3714 2784 ulla

433 2834 651 2889 prorsus
677 2819 839 2876 fuiSSe
870 2829 1082 2890 putetur
1109 2819 1287 2876 carnis
1306 2818 1758 2890 concupiscentia,
1789 2819 1877 2873 hie
1896 2817 2242 2873 vehementer
2267 2826 2436 2872 certat
2461 2825 2647 2871 contra
2671 2815 2808 2871 Julia
2820 2831 2966 2870 num.
2998 2816 3254 2871 Parvulos
3276 2818 3523 2888 originali
3543 2819 3715 2890 culpa:

433 2914 578 2968 nasci
607 2913 888 2979 obnoxios,
921 2929 1024 2970 non
1058 2930 1152 2984 per
1174 2913 1402 2984 propria:
1427 2913 1712 2967 voluntatis
1742 2910 2042 2975 arbitrium,
2074 2909 2170 2965 sed
2209 2925 2305 2979 per
2336 2910 2637 2979 contagium
2668 2909 2870 2978 peccati
2897 2924 2925 2961 a
2957 2908 3127 2977 primo
3171 2920 3391 2978 parente
3432 2910 3714 2967 voluntate

434 3007 726 3060 commissi.
753 3007 954 3062 Locum
983 3022 1111 3062 vero
1135 3021 1166 3061 a
1193 3023 1250 3061 se
1275 3021 1342 3062 ex
1368 3004 1654 3075 Sapientia:
1681 3004 1840 3071 libro,
1868 3003 2040 3074 capite
2060 3002 2400 3067 duodecimo,
2435 3002 2696 3071 prolatum
2718 3043 2734 3068 ,
2779 3001 3019 3068 scilicet,
3052 3001 3172 3056 Non
3209 3003 3451 3073 ignorans
3475 3005 3714 3074 quoniam

432 3116 648 3169 nequam
679 3110 751 3155 est
772 3102 910 3155 natio
934 3102 1160 3165 illorum,
1195 3107 1326 3166 etc.,
1349 3097 1418 3153 ad
1447 3097 1500 3153 id
1523 3099 1680 3152 etiam
1711 3096 1911 3164 valere,
1940 3107 1998 3151 ut
2025 3104 2222 3150 nostra:
2247 3094 2467 3163 originis
2491 3094 2676 3148 vitium
2707 3092 3120 3148 demonstretur.

512 3191 565 3246 In
597 3193 802 3263 quinto,
847 3193 1125 3248 conﬁrmat
1159 3191 1480 3264 Augustinus
1512 3197 1568 3247 et
1599 3190 1668 3245 ab
1700 3189 1990 3245 adversarii
2016 3187 2296 3244 calumniis
2327 3187 2560 3242 vindicat
2593 3201 2656 3242 ea
2697 3201 2815 3257 qute
2854 3186 2906 3239 in
2938 3185 3074 3241 libro
3115 3186 3351 3242 secundo
3391 3186 3460 3243 de
3501 3188 3708 3259 Nuptiis

431 3292 485 3338 et
524 3283 995 3354 Concupiscentia,
1036 3287 1210 3356 capite
1243 3284 1558 3341 duodecimo
1599 3294 1652 3338 et
1697 3284 1898 3354 aliquot
1936 3281 2278 3352 sequentibus
2319 3281 2567 3350 scripsit,
2611 3282 2664 3334 in
2705 3281 2889 3350 primis
2924 3280 3204 3347 videlicet,
3236 3281 3378 3352 quod
3422 3297 3538 3337 eam
3567 3298 3716 3338 com-

431 3378 720 3431 motionem
764 3379 1065 3448 pudendam
1112 3377 1471 3433 membrorum
1521 3392 1627 3430 non
1678 3375 1902 3429 haberet
1949 3382 2136 3428 natura
2163 3387 2312 3437 sana,
2355 3387 2510 3440 quam
2534 3370 2695 3426 habet
2723 3380 2909 3425 natura
2944 3371 3154 3436 vitiata;
3186 3387 3249 3425 ac
3269 3372 3476 3442 perhoc
3499 3372 3639 3444 quod
3669 3373 3715 3429 is

431 3470 519 3537 qui
540 3469 660 3523 inde
679 3471 930 3535 nascitur,
968 3472 1199 3540 indigeat
1217 3470 1444 3526 renasci.
1468 3468 1668 3524 Deinde
1695 3467 1837 3539 quod
1869 3466 1939 3520 ibi
1969 3465 2231 3536 capitibus
2253 3464 2341 3529 M,
2365 3463 2436 3518 20
2457 3474 2508 3517 et
2529 3461 2601 3518 26
2626 3471 2952 3533 conquestus
2978 3471 3078 3526 est,
3109 3461 3374 3518 lulianum
3402 3465 3715 3534 apostolicis

431 3559 641 3614 duobus
663 3562 1006 3627 testimoniis,
1039 3563 1055 3616 l
1081 3562 1205 3616 Cor.
1239 3577 1307 3615 xv
1337 3569 1391 3615 et
1415 3558 2011 3628 Rom.t,sententiaque
2037 3555 2337 3626 evangelica
2371 3554 2554 3608 Matth.
2589 3569 2684 3619 vn,
2714 3554 2799 3616 17,
2822 3569 2916 3607 seu
2939 3569 3033 3617 xu,
3058 3554 3146 3616 55.
3182 3569 3458 3625 perperam
3487 3555 3710 3611 abusum

431 3652 724 3721 esse.Quod
746 3655 917 3724 capite
935 3655 1188 3724 vigesimo
1203 3662 1390 3707 octavo
1403 3652 1650 3717 asseruit,
1675 3650 1871 3704 malum
1900 3665 1996 3704 seu
2024 3648 2350 3702 voluntatem
2374 3646 2567 3700 malam
2591 3645 2710 3700 ideo
2727 3661 2789 3700 ex
2809 3661 2971 3714 opere
3001 3646 3093 3700 Dei
3121 3645 3262 3700 bono
3291 3646 3417 3700 oriri
3447 3645 3708 3717 potuisse,

437 3746 558 3815 quia
588 3745 754 3817 ipsum
787 3761 1086 3816 quanquam
1118 3747 1336 3812 bonum,
1377 3743 1444 3799 de
1469 3743 1636 3798 nihilo
1665 3741 1860 3797 factum
1885 3749 1988 3807 est,
2035 3739 2245 3812 nonde
2271 3739 2402 3794 Deo.
2440 3739 2516 3792 Ac
2561 3746 2830 3807 postremo
2856 3736 2997 3807 quod
3025 3737 3199 3807 capite
3233 3738 3440 3793 decimo
3480 3739 3711 3809 septimo

438 3835 639 3902 docuit,
671 3837 749 3891 sic
781 3836 948 3892 Deum
977 3851 1163 3892 creare
1193 3837 1380 3898 malos,
1413 3833 1680 3904 quomodo
1705 3833 1873 3903 pascit
1898 3841 1952 3887 et
1977 3831 2144 3886 nutrit
2174 3829 2362 3884 malos.

514 3930 569 3984 ln
601 3940 773 3996 sexto,
805 3931 1037 3985 ostendit
1069 3931 1329 3986 lulianum
1357 3928 1497 3984 libro
1517 3943 1614 3982 suo
1639 3934 1791 3982 sexto
1816 3925 2010 3981 frustra
2040 3938 2278 3996 pugnare
2305 3931 2492 3978 contra
2519 3920 2572 3977 id
2592 3921 2731 3992 quod
2759 3922 2810 3975 in
2848 3921 3084 3978 secundo
3111 3921 3178 3977 de
3203 3921 3409 3991 Nuptiis
3430 3932 3490 3996 et
3503 3921 3714 3979 Concu-

435 4020 722 4090 piscentia,
753 4021 926 4089 capite
970 4020 1240 4090 trigesimo
1277 4027 1485 4090 quarto,
1515 4028 1778 4073 assertum
1815 4026 1919 4084 est,
1960 4017 2090 4071 Adae
2128 4015 2333 4071 scilicet
2359 4022 2580 4084 peccato
2609 4022 2852 4068 naturam
2883 4013 3168 4068 humanam
3203 4013 3368 4069 fuisse
3397 4015 3452 4069 in
3478 4015 3715 4074 deterius

431 4119 830 4175 commutatam,
865 4111 933 4166 ita
956 4121 1010 4164 ut
1042 4109 1177 4166 facta
1203 4112 1269 4164 sit
1299 4126 1402 4164 non
1431 4110 1602 4164 solum
1627 4107 1914 4178 peccatrix,
1938 4107 2032 4162 sed
2059 4107 2218 4162 etiam
2247 4107 2470 4176 gignens
2497 4105 2750 4175 deinceps
2764 4113 3096 4176 peccatores.
3116 4105 3296 4161 Liberi
3321 4106 3527 4162 arbitrii
3548 4108 3711 4173 vires.

431 4202 624 4272 quibus
651 4202 868 4272 integris
901 4210 1105 4271 poterat
1127 4200 1306 4264 homo,
1330 4209 1384 4254 et
1409 4209 1552 4254 recte
1577 4213 1737 4269 agere
1779 4213 1900 4253 cum
1951 4198 2136 4262 vellet,
2167 4206 2220 4252 et
2250 4211 2355 4251 non
2386 4211 2606 4265 peccare
2631 4197 2676 4251 si
2716 4197 2902 4264 nollet,
2949 4197 3222 4267 peccando
3251 4214 3371 4253 eum
3413 4199 3714 4269 perdidisse

435 4292 609 4348 iloeet.
643 4293 789 4347 Illam
816 4303 990 4347 autem
1021 4292 1281 4362 improbat
1308 4291 1670 4347 definitionem
1697 4291 1976 4355 libertatis,
2009 4305 2127 4359 qua:
2161 4291 2356 4359 passim
2389 4290 2641 4359 objectari
2665 4289 2733 4344 ab
2775 4289 3087 4346 adversario
3112 4291 3270 4356 solet,
3299 4301 3446 4362 puta,
3475 4311 3494 4345 ι
3527 4293 3713 4348 Possi-

435 4385 608 4440 bilitas
638 4385 892 4454 peccandi
912 4396 966 4441 et
994 4401 1098 4438 non
1126 4383 1397 4453 peccandi,
1437 4401 1455 4434 ι
1489 4391 1594 4438 etc.
1624 4383 1844 4438 Dolores
1875 4383 2213 4454 parientium,
2257 4384 2459 4454 spinas,
2485 4383 2718 4450 labores,
2747 4383 2995 4449 sudores,
3043 4393 3370 4455 exterasque
3409 4387 3713 4443 mortalium

433 4491 700 4529 aerumnas
728 4475 915 4545 probat
945 4489 1127 4544 poenas
1151 4489 1270 4528 esse
1301 4473 1501 4542 peccati
1534 4490 1546 4525 :
1571 4473 1664 4528 sed
1687 4475 1853 4543 ipsam
1883 4475 1933 4528 in
1965 4475 2150 4543 primis
2171 4482 2396 4544 mortem
2428 4475 2694 4544 poenalem
2720 4489 2839 4530 esse
2868 4474 3093 4542 homini,
3125 4477 3214 4546 qui
3245 4477 3322 4532 sic
3347 4477 3601 4534 divinitus
3628 4479 3710 4534 in-

435 4567 654 4620 stitutus
683 4568 871 4630 fuerat,
904 4574 961 4620 ut
987 4565 1084 4620 nisi
1117 4573 1362 4635 peccaret
1381 4580 1484 4617 non
1514 4573 1826 4618 moreretur.
1859 4566 2117 4619 Extrema
2147 4573 2299 4634 parte
2329 4564 2468 4628 libri,
2498 4565 2886 4634 expositionem
2915 4566 2968 4620 in
2994 4566 3121 4620 illud
3145 4568 3386 4636 Apostoli
3409 4567 3428 4621 l
3451 4569 3574 4622 Cor.
3605 4584 3708 4637 xv,

436 4657 583 4712 Sicut
605 4659 660 4712 in
688 4643 851 4711 Adam
876 4675 1045 4712 omnes
1072 4658 1374 4722 moriuntur,
1397 4665 1451 4711 et
1480 4656 1532 4710 in
1555 4657 1826 4726 sequentia
1855 4656 2094 4725 ejusdem
2130 4657 2316 4724 capitis
2336 4655 2498 4723 dicta,
2531 4671 2560 4709 a
2586 4655 2795 4711 Juliano
2825 4656 3084 4726 prolatam
3120 4658 3374 4726 expendit
3407 4668 3460 4714 et
3492 4659 3709 4715 refellit.

436 4747 672 4802 Tandem
701 4763 796 4818 per
822 4755 990 4802 totum
1027 4747 1192 4802 ferme
1216 4748 1407 4801 librum
1434 4745 1622 4817 dogma
1647 4747 1964 4802 catholicum
1996 4746 2062 4802 de
2091 4747 2333 4817 originali
2363 4747 2513 4812 vitio,
2545 4748 2684 4819 quod
2713 4747 2956 4805 Julianus
2982 4748 3050 4805 ad
3080 4749 3424 4805 Manichaeam
3451 4750 3703 4808 hreresim

437 4837 654 4892 trahere
683 4837 877 4908 ubique
905 4837 1141 4904 enititur,
1167 4854 1270 4892 non
1300 4835 1458 4892 modo
1480 4837 1668 4892 abesse
1699 4838 1852 4909 longe
1877 4839 1942 4892 ab
1969 4838 2055 4892 illa
2083 4837 2295 4906 haeresi,
2324 4838 2416 4893 sed
2443 4839 2603 4894 etiam
2633 4841 2878 4896 hmresim
2903 4842 3046 4896 illam
3072 4841 3406 4898 demonstrat
3433 4859 3708 4916 nunquam

438 4942 469 4982 a
497 4927 792 4998 Pelagianis
817 4942 976 4998 posse
1006 4927 1104 4982 nisi
1129 4927 1378 4982 catholici
1406 4928 1569 4998 ipsius
1589 4928 1850 4999 dogmatis
1878 4930 2075 4985 auxilio
2103 4938 2157 4986 et
2176 4928 2512 4999 professione
2540 4943 2800 5001 superari.

1318 5063 1413 5121 EX
1450 5064 1780 5122 EPISTOLA
1817 5066 2073 5124 CCXXIV
2111 5070 2202 5124 AD
2241 5069 2825 5136 QUODVDLTDEUM.

508 5175 826 5246 Respondeo
864 5177 1015 5232 libris
1037 5175 1251 5245 Juliani,
1281 5193 1414 5248 quos
1441 5187 1561 5233 octo
1585 5177 1750 5234 edidit
1790 5188 1913 5250 post
1953 5179 2070 5234 illos
2093 5189 2322 5250 quatuor
2354 5181 2546 5250 quibus
2575 5191 2699 5239 ante
2739 5184 3013 5257 respondi.
3059 5187 3170 5243 Hos
3205 5191 3349 5246 enim
3374 5205 3495 5248 cum
3525 5193 3713 5253 Romae

438 5267 734 5335 accepisset
757 5266 918 5320 frater
945 5267 1184 5338 Alypius,
1216 5267 1446 5322 nondum
1477 5284 1664 5322 omnes
1697 5268 2074 5338 descripserat,
2098 5285 2218 5326 cum
2255 5271 2486 5326 oblatam
2530 5276 2865 5332 occasionem
2902 5279 3075 5334 noluit
3101 5285 3404 5352 prteterire,
3429 5301 3522 5354 per
3549 5304 3710 5356 quam

439 5358 569 5414 mihi
601 5358 832 5429 quinque
859 5359 1184 5425 transmisit;
1212 5361 1524 5428 promittens
1552 5361 1684 5414 alios
1712 5370 1819 5415 tres
1846 5361 1953 5415 cito
1977 5376 2035 5416 se
2061 5376 2180 5417 esse
2204 5363 2514 5432 missurum,
2537 5377 2591 5420 et
2613 5369 2834 5423 multum
2859 5370 3063 5428 instans
3092 5389 3156 5429 ne
3183 5378 3510 5445 respondere
3529 5379 3715 5436 differ-

440 5464 574 5505 rem.
605 5450 764 5521 Cujus
791 5449 1038 5504 instantia
1065 5459 1279 5505 coactus
1312 5467 1426 5505 sum
1468 5453 1742 5506 remissius
1765 5468 1921 5522 agere
1947 5453 2087 5523 quod
2117 5456 2360 5524 agebam,
2397 5467 2453 5512 ut
2482 5461 2629 5528 operi
2657 5463 2865 5532 utrique
2912 5481 3018 5520 non
3066 5466 3337 5534 deessem,
3370 5472 3457 5525 uni
3496 5471 3706 5540 diebus,

441 5543 592 5597 alteri
619 5541 881 5607 noctibus,
922 5541 1133 5611 quando
1170 5541 1298 5597 mihi
1340 5544 1406 5597 ab
1448 5543 1566 5598 aliis
1600 5543 2034 5611 occupationibus
2082 5543 2206 5600 hinc
2242 5555 2400 5616 atque
2442 5548 2566 5604 hinc
2609 5552 2790 5606 venire
2822 5569 2927 5609 non
2961 5555 3344 5614 desistentibus
3379 5575 3708 5631 parceretur.

443 5637 677 5708 Agebam
703 5651 829 5691 vero
852 5652 966 5692 rem
990 5637 1274 5707 plurimum
1300 5640 1651 5692 necessariam
1680 5657 1693 5692 :
1728 5654 1850 5693 nam
1878 5642 2225 5697 retraetabam
2255 5647 2512 5713 opuscula
2557 5664 2691 5714 mea,
2725 5660 2778 5706 et
2825 5654 2870 5708 si
2917 5654 3042 5723 quid
3072 5656 3123 5710 in
3151 5656 3235 5712 eis
3267 5675 3352 5714 me
3389 5660 3709 5730 oll'enderet,
3737 5674 3770 5702 ο

445 5725 526 5825 vel
551 5725 684 5825 alios
705 5727 972 5825 offendere
1000 5731 1417 5825 posset,ipartim
1441 5731 1900 5800 reprehendendo,
1933 5735 2122 5802 partim
2149 5735 2483 5795 defendendo
2511 5743 2654 5811 quod
2678 5743 2781 5814 legi
2829 5745 3048 5802 deberet
3087 5759 3140 5805 et
3179 5760 3381 5820 posset,
3418 5725 3706 5825 operabar.

444 5821 511 5878 Et
537 5820 643 5876 duo
661 5821 928 5877 volumina
950 5823 1059 5893 jam
1082 5824 1432 5890 absolveram,
1463 5827 1764 5882 retractatis
1788 5828 2040 5884 omnibus
2064 5828 2212 5886 libris
2242 5835 2397 5900 meis,
2431 5850 2656 5904 quorum
2688 5853 2969 5897 numerum
2993 5843 3294 5902 nesciebam
3327 5861 3341 5900 :
3370 5820 3569 5917 eosque
3595 5848 3706 5905 du.
