4014 6546
235 621 322 673 xu,
349 603 432 678 8).
463 601 527 660 lu
556 603 684 676 eius
716 608 883 664 minis
911 608 1122 682 legitur,
1154 609 1486 666 interituram
1522 607 1684 664 fuisse
1714 609 1830 662 ani-

230 714 362 754 mam
385 699 636 768 parvuli,
661 701 708 755 si
731 701 819 756 die
849 717 951 757 non
978 702 1444 758 circumcideretur
1465 712 1652 756 octavo
1677 697 1830 772 (Gen.

205 792 355 860 'xvtt,
387 791 506 859 Η).
541 791 602 845 Ιιι
635 791 757 862 ejus
800 793 1086 848 ultionibus
1131 794 1341 864 legitur,
1379 793 1557 864 iussos
1599 791 1832 847 interimi

231 884 382 940 etiam
409 885 698 954 parvulos,
723 897 950 955 quorum
981 896 1222 954 parentes
1253 887 1317 940 ad
1350 882 1676 938 iracundiam
1707 897 1830 952 pro-

231 988 561 1030 vocaverunt
593 977 788 1043 Deum,
817 987 874 1032 ut
905 980 1263 1033 internecione
1306 979 1490 1033 bellica
1526 977 1834 1032 delerentur

237 1067 412 1137 (Iosue
439 1083 520 1130 vs,
543 1069 638 1130 21,
664 1077 711 1121 et
742 1084 800 1131 x,
833 1068 947 1139 59.).

301 1157 364 1211 Υ.
406 1157 533 1214 JUL.
579 1159 724 1213 Nihil
753 1175 883 1236 ergo
910 1178 1001 1231 per
1029 1161 1195 1231 legem
1219 1160 1312 1216 Dei
1341 1161 1421 1230 agi
1453 1169 1623 1230 potest
1645 1170 1828 1213 contra

241 1250 396 1304 Deum
429 1251 571 1321 legis
602 1262 896 1307 auctorem.
919 1253 1034 1320 Quo
1063 1269 1168 1305 uno
1188 1252 1504 1322 compendio
1529 1252 1832 1306 excluditur

237 1341 442 1411 quidem
477 1343 741 1413 quidquid
772 1343 840 1397 ab
873 1344 1171 1398 errantibus
1199 1344 1475 1399 consuevit
1503 1344 1661 1411 objlri
1691 1362 1703 1394 :
1734 1343 1828 1398 sed

237 1449 325 1487 nos
349 1433 416 1486 ad
446 1434 757 1488 docendum
789 1451 943 1505 quam
975 1437 1044 1490 sit
1065 1438 1258 1490 veritas
1287 1437 1519 1506 locuples
1549 1437 1632 1490 cui
1658 1435 1832 1490 credi-

237 1539 365 1591 mus,
390 1526 504 1580 illis
525 1542 741 1596 quoque
763 1527 1153 1597 Scriptnrarnm
1184 1529 1331 1596 locis,
1357 1544 1473 1599 qua:
1499 1530 1824 1583 intellectum

235 1619 512 1670 sententiae
552 1619 917 1673 elocutionum
949 1621 1294 1690 perplexitate
1323 1621 1584 1686 vi-larunt,
1611 1620 1826 1690 exposi—

235 1710 385 1763 tionis
431 1711 615 1765 lucem
656 1712 894 1765 solemus
924 1713 1147 1774 all'erre;
1182 1723 1237 1766 ut
1266 1715 1484 1782 originis
1513 1729 1621 1768 sua:
1650 1713 1826 1781 digni-

234 1812 383 1856 talem
434 1815 677 1858 reserata
717 1807 1042 1873 possideant,
1083 1823 1180 1861 nec
1212 1808 1280 1862 ab
1314 1816 1597 1861 stemmate
1630 1803 1790 1862 sacrd’
1807 1807 1825 1840 ⁸

231 1893 370 1948 velut
397 1895 568 1950 notha
597 1906 687 1950 aut
717 1897 1091 1968 degenerantia
1119 1908 1456 1968 separentur.

295 1990 431 2044 Ave.
479 1990 599 2044 lino
641 2005 771 2044 vero
818 1990 1211 2062 Seriptnrarum
1266 2001 1567 2044 sanctarum
1627 1990 1824 2046 lumina

227 2095 366 2137 certa
403 2084 636 2138 veritate
679 2082 930 2155 fulgentia
966 2100 1059 2138 vos
1097 2100 1378 2156 pravarum
1409 2085 1822 2156 disputationum

230 2176 582 2245 perplexitate
607 2176 899 2230 obscurare
927 2176 1213 2232 conamini.
1238 2177 1374 2244 Quid
1405 2178 1546 2232 enim
1577 2177 1820 2244 lucidius,

232 2282 383 2338 quam
409 2267 468 2320 id
497 2261 641 2338 quod
676 2267 838 2323 modo
866 2268 993 2333 dixi,
1024 2268 1190 2322 Homo
1215 2270 1425 2323 vanitati
1453 2271 1631 2324 similis
1660 2270 1825 2339 factus

239 2369 329 2425 est,
355 2360 463 2414 dies
489 2361 592 2430 ejus
613 2360 750 2414 velut
777 2361 957 2414 umbra
978 2372 1280 2432 prsetercunt
1297 2363 1323 2416 .9
1345 2362 1485 2433 quod
1515 2363 1694 2432 utique
1717 2377 1822 2418 non

237 2454 413 2520 licret,
451 2455 494 2508 si
537 2454 598 2508 ad
639 2454 734 2508 Dei
785 2455 1184 2512 similitudinem
1229 2455 1281 2511 in
1322 2471 1424 2526 qna
1464 2465 1543 2510 est
1577 2455 1823 2511 conditus

228 2554 585 2614 permaneret.
605 2545 747 2613 Quid
783 2545 1032 2612 lucidius,
1058 2562 1216 2617 quam
1246 2546 1296 2602 id
1322 2547 1461 2620 quod
1491 2547 1691 2602 dictum
1718 2558 1819 2614 est,

227 2636 368 2692 Sient!
385 2639 442 2690 in
466 2638 635 2692 Adam
664 2653 840 2692 omnes
867 2640 1169 2705 moriuntur,
1191 2641 1262 2694 sic
1286 2648 1333 2692 et
1360 2639 1413 2692 in
1433 2636 1634 2694 Christo
1655 2655 1823 2694 omnes

224 2729 614 2796 siti/imbuatur
636 2729 655 2801 (
679 2729 698 2784 l
725 2728 845 2786 Cor.
879 2746 970 2798 xv,
991 2730 1126 2802 22)?
1151 2731 1288 2800 Quid
1318 2731 1563 2797 lucidius,
1591 2746 1747 2800 quam
1771 2731 1821 2785 id

222 2821 351 2890 quod
379 2823 596 2876 dictum
625 2831 710 2877 est
730 2865 745 2889 ,
781 2821 908 2890 Quis
937 2824 1067 2877 enim
1093 2832 1167 2877 est
1195 2823 1413 2876 mundus
1441 2839 1472 2876 a
1500 2823 1685 2877 sorde?
1713 2823 1821 2877 Nec

220 2916 402 2987 infans,
435 2918 596 2988 cujus
623 2925 700 2970 est
727 2917 881 2971 unius
907 2918 1008 2971 diei
1032 2919 1133 2971 vita
1156 2933 1310 2988 super
1334 2927 1517 2971 terram
1543 2915 1680 2990 (Job.
1711 2932 1819 2985 xlv,

223 3009 268 3072 Α,
295 3024 396 3061 see.
428 3007 614 3079 LXX)
647 3025 662 3062 :
695 3017 749 3062 et
777 3009 882 3064 alia
923 3010 1145 3080 plurima
1169 3052 1184 3077 ,
1216 3025 1334 3081 quae
1365 3009 1558 3065 vestris
1590 3011 1822 3064 tenebris

225 3099 518 3165 involvere,
545 3109 602 3154 et
631 3100 686 3154 in
711 3109 951 3157 vestrum
981 3117 1294 3172 perversum
1318 3117 1533 3158 sensum
1560 3101 1820 3157 molimini

227 3208 344 3248 vana
379 3195 721 3266 loquacitate
747 3197 1093 3252 convertere?

293 3289 376 3343 Vl.
420 3290 550 3346 Jun.
595 3289 708 3345 Hoc
751 3304 879 3360 ergo
923 3306 990 3346 ex
1029 3299 1213 3345 nostro
1253 3305 1404 3346 more
1437 3290 1611 3345 adhuc
1647 3289 1820 3345 solum

231 3384 439 3454 exsequi
471 3384 802 3454 cogitabam,
827 3382 878 3438 id
903 3393 1005 3451 cst,
1029 3392 1086 3439 ut
1114 3399 1144 3438 a
1168 3382 1618 3439 Traducianorttm
1650 3384 1818 3438 inter-

230 3477 617 3545 pretationibus
648 3476 888 3531 membra
916 3476 1108 3532 divina:
1137 3476 1298 3546 legis,
1331 3493 1448 3547 quae
1479 3476 1823 3547 snbjacebant

229 3570 601 3636 contumelias,
637 3570 920 3626 liberarem
953 3588 966 3624 :
999 3585 1116 3641 quae
1161 3579 1315 3626 erant
1360 3571 1563 3625 scilicet
1607 3570 1816 3638 divina,

228 3661 364 3730 quod
391 3670 578 3716 essent
603 3661 746 3732 justa
772 3662 1144 3716 monstrando.

295 3754 438 3809 Auc.
465 3752 867 3808 Contumelioso
892 3768 987 3808 ore
1008 3753 1370 3808 Traduclanos
1394 3767 1574 3820 vocas,
1598 3753 1818 3824 Cypria—

225 3859 386 3908 num,
417 3844 778 3911 Ambrosium,
802 3843 1138 3914 Gregorium,
1163 3855 1492 3915 cmtcrosque
1521 3846 1694 3899 socios
1721 3859 1816 3899 eo-

227 3951 346 3989 rum
376 3935 694 3992 conﬁtcntes
720 3937 977 4006 originale
1008 3947 1303 4006 peccatum.
1337 3936 1440 3992 Sed
1478 3951 1580 3990 non
1608 3947 1684 3990 cst
1716 3937 1820 3990 mi-

228 4043 344 4084 rum
374 4029 518 4100 quod
551 4032 672 4084 novi
715 4029 953 4086 haeretici
981 4030 1294 4095 Catholicis,
1325 4045 1355 4084 a
1384 4030 1572 4099 quibus
1596 4037 1813 4095 exeunt,

230 4139 426 4178 novum
450 4139 643 4179 nomen
667 4124 979 4195 imponunt:
1001 4123 1103 4179 hoc
1126 4134 1180 4180 et
1206 4124 1292 4179 alii
1323 4122 1582 4191 fecerunt,
1607 4121 1817 4194 quando

228 4215 474 4268 similiter
503 4217 768 4270 exierunt.

301 4305 406 4360 Vli.
453 4305 572 4362 ιω..
620 4306 815 4362 Verum
846 4308 968 4378 quia
999 4307 1051 4362 id
1078 4306 1349 4378 impendio
1379 4307 1682 4378 poposcisti.
1710 4307 1817 4362 imo

227 4397 462 4453 indixisti
494 4401 812 4454 auctoritate
844 4401 1030 4469 patria,
1062 4408 1119 4454 ut
1149 4399 1284 4454 libro
1316 4399 1615 4453 tractatoris
1642 4399 1811 4467 Pmni,

226 4506 382 4560 quem
415 4490 481 4544 ad
511 4491 774 4546 Valerium
801 4493 1050 4546 comitem
1077 4491 1296 4547 vernula
1332 4500 1667 4561 peccatornrn
1696 4490 1812 4559 ejus

226 4584 450 4653 Alypius
481 4597 652 4653 nuper
676 4583 865 4637 detulit
889 4625 903 4649 ,
943 4583 1214 4639 obviarem
1235 4625 1248 4649 ,
1281 4582 1405 4637 binc
1433 4583 1559 4636 mihi
1585 4590 1666 4638 est
1694 4580 1814 4636 lon-

223 4675 338 4745 gior
361 4673 499 4729 facta
527 4675 824 4745 responsio.

294 4770 431 4824 Auc.
465 4767 650 4840 Magna
675 4769 766 4824 tibi
787 4783 944 4840 paena
976 4777 1060 4824 est
1083 4766 1381 4840 disputator
1405 4769 1488 4826 hic
1509 4771 1708 4828 Poenus
1731 4783 1814 4829 :ct

221 4861 382 4932 longe
421 4869 706 4931 antequam
753 4861 1142 4925 iissccrcmini,
1179 4875 1366 4931 magna
1395 4877 1548 4932 poena
1594 4862 1814 4920 hmrcsis

224 4965 417 5010 vestra:
439 4953 636 5009 Paznus
659 4963 988 5024 preparatus
1019 4962 1099 5008 est
1121 4951 1438 5025 Cyprianus.

293 5044 435 5100 Vill.
474 5044 595 5100 JUL.
639 5043 793 5100 Dedit
839 5045 980 5100 enim
1029 5044 1226 5114 ingenii
1264 5045 1346 5100 sui
1382 5043 1558 5100 dcimo
1588 5044 1814 5117 iideiquo

223 5148 593 5204 monumenta,
623 5153 742 5211 quae
771 5137 1133 5209 intelligantur
1151 5139 1173 5172 '
1214 5140 1510 5211 aegerrime,
1539 5154 1814 5210 exponan-

225 5244 310 5290 tur
337 5231 682 5299 dildcililme,
717 5233 804 5287 vix
834 5232 950 5288 sine
984 5230 1210 5287 horrore
1244 5231 1526 5287 audiantur
1550 5247 1565 5298 ;
1587 5233 1810 5290 convin-

225 5337 415 5385 esntur
453 5336 634 5384 autem
677 5324 949 5393 facillime,
987 5324 1362 5381 conlodisntur
1400 5324 1663 5382 acerrime
1687 5323 1732 5393 ³,
1757 5332 1814 5382 et

286 5554 305 5589 ι
338 5552 506 5624 ωορδ.
518 5553 652 5624 ωιτη
668 5549 736 5624 ἀι)
1001 5562 1156 5604 sacro.
1178 5547 1282 5611 Αιίἱ,
1300 5548 1362 5602 ab
1377 5554 1623 5608 deum
1640 5562 1815 5624 mre;

223 5615 271 5665 id
294 5624 368 5665 est
386 5651 403 5672 ,
427 5627 454 5662 a
478 5611 608 5664 linea
631 5611 683 5664 et
704 5611 845 5664 serie
859 5612 1091 5662 librorum
1113 5624 1374 5662 sacrantm.

287 5679 308 5710 ⁸
341 5679 478 5738 aditi,
526 5677 840 5734 documenta,
878 5687 987 5739 qua:
1025 5683 1075 5739 ut
1110 5673 1455 5739 intelligantur.
1499 5682 1602 5725 Mss.
1623 5709 1639 5735 ,
1663 5675 1814 5727 moni-

222 5750 380 5810 menta
399 5736 522 5810 (vel,
548 5736 1026 5810 ηιᾳιιιιηιριζια),ίᾳιιω
1047 5736 1391 5810 inteiiiaantur.
1598 5799 1608 5810 ⁸

286 5803 306 5834 ³
337 5800 677 5864 δὶιέὶιιξιιιιιιιιιε
701 5807 752 5850 et
774 5800 870 5852 duo
906 5800 1006 5864 uss.
1041 5806 1094 5850 At
1128 5800 1430 5864 \ig’nierius,
1475 5800 1814 5856 convincuntur

220 5872 380 5914 autent
406 5863 612 5927 facilius,
632 5868 690 5927 et
703 5869 754 5911 ut
786 5859 1118 5927 confodiantur
1152 5859 1541 5927 aEerrimefDuo
1565 5870 1669 5913 )lss.
1697 5871 1808 5918 Nar.

222 5935 274 5996 et
291 5924 433 5987 tiara,
455 5924 690 5996 aliquanti
713 5924 1045 5996 confodiantur
1063 5924 1330 5996 acerrime;
1355 5938 1465 5996 qua:
1492 5928 1639 5996 verba
1665 5927 1711 5976 in
1733 5940 1814 5978 oo-

219 5991 327 6042 tﬁce
483 5986 639 6042 locata
659 5994 776 6039 sunt
803 5986 939 6050 ante,
957 5987 1292 6050 coan
1307 5986 1467 6046 autem
1486 5986 1732 6055 facilium.
1750 6014 1812 6038 ν-

1613 489 1817 550 ιιιιιιιι
1855 489 2124 552 PRIMUS.

1949 615 2164 679 propter
2189 610 2483 668 honestatis
2511 613 2862 670 reverentiam
2891 612 3144 672 oblivioni
3168 617 3522 676 extet-nim

1942 702 2281 757 mandentur.

2013 794 2150 850 Anc.
2189 793 2305 849 Non
2331 793 2599 865 qumodo
2619 795 2703 850 vis
2723 795 2966 866 judicent
2987 797 3078 868 qui
3107 797 3310 869 legunt.

2013 881 2103 938 lx.
2143 885 2261 941 JUL.
2304 887 2511 942 Primus
2557 888 2717 958 igitur
2753 888 2869 959 ejus
2910 890 3063 956 liber,
3093 891 3182 961 qui
3221 899 3344 946 ante
3379 892 3526 950 hunc

1939 973 2086 1028 solus
2110 987 2191 1030 est
2217 975 2410 1041 editus,
2439 994 2610 1033 novos
2635 994 2734 1034 nos
2763 994 2883 1035 esse
2908 980 3190 1036 haireticos
3212 983 3525 1039 criminatur

1941 1062 2042 1137 (De
2065 1067 2271 1137 Nuptiis
2295 1079 2342 1123 et
2362 1068 2797 1141 Concuplseentia,
2829 1071 2916 1125 litt.
2942 1074 2992 1135 i,
3023 1090 3076 1126 ιι.
3105 1071 3158 1145 i)
3185 1091 3199 1127 :
3221 1075 3344 1143 quia
3367 1090 3522 1143 npu-

1937 1171 2162 1226 gnemns
2184 1161 2440 1228 opinioni,
2465 1177 2584 1230 quas
2613 1161 2842 1216 dealbati
2869 1164 2886 1202 ⁸
2912 1165 3078 1218 instar
3099 1163 3352 1233 sepulcri,
3379 1164 3522 1235 quod

1937 1249 2226 1302 secundum
2267 1250 2538 1321 Evangelii
2583 1255 2901 1309 sententiam
2921 1295 2937 1321 ,
2969 1255 3164 1309 mundo
3191 1257 3524 1312 extrinsecus

1936 1339 2115 1396 colore
2144 1345 2413 1402 vestitum.
2447 1346 2698 1414 spurcitia
2727 1357 2810 1401 cst
2835 1359 2889 1402 et
2916 1349 3194 1436 ipiquitatc
3221 1349 3518 1405 confertum

1940 1428 2150 1500 (Matth.
2176 1449 2326 1495 xxm,
2349 1433 2461 1507 27),
2491 1437 2590 1488 sub
2619 1437 2774 1492 laude
2805 1428 3147 1508 Baptismatts
3174 1449 3378 1495 eructat
3407 1440 3522 1495 la-

1935 1521 2259 1584 nicbarorutn
2289 1526 2477 1584 sordes
2498 1528 2519 1558 ⁸
2539 1543 2600 1588 ac
2628 1529 2872 1588 naturale
2903 1539 3177 1601 peccatum
3195 1571 3210 1595 ,
3246 1539 3304 1594 ut
3333 1531 3518 1592 Emitt-

1933 1615 2028 1676 sita
2052 1616 2331 1676 catholica:
2361 1633 2489 1690 pura
2516 1618 2769 1678 hactenus
2791 1620 3137 1682 Sacramenta
3166 1623 3518 1686 contaminet.

2005 1711 2143 1770 Ave.
2183 1710 2361 1769 Novas
2391 1712 2671 1776 haereticos
2697 1728 2792 1774 vos
2819 1715 3034 1787 antiqua
3062 1716 3319 1774 catitolicét
3352 1716 3516 1790 iides,

1932 1816 2094 1870 quam
2141 1803 2302 1862 modo
2345 1820 2655 1876 Oppugnare
2700 1806 2956 1878 cepistis,
2996 1822 3027 1862 a
3072 1808 3515 1878 praclarissintis,

1929 1897 2019 1965 qui
2059 1896 2273 1954 inerunt
2308 1911 2433 1960 ante
2480 1915 2598 1963 nos.
2634 1900 2940 1960 doctoribus
2965 1901 3250 1969 prtedicata
3289 1901 3514 1962 demon-

1929 1995 2083 2044 strat.
2107 1987 2223 2044 Non
2251 2000 2431 2050 autem
2458 1989 2478 2022 ³
2500 1992 2750 2052 omnibus
2776 1991 3202 2064 reSpoadcndum
3223 2002 3309 2052 est
3335 1979 3518 2050 convi-

1929 2078 2028 2134 ciis
2059 2080 2232 2152 potius
2261 2096 2419 2152 quam
2448 2081 2876 2140 accusationibus
2903 2084 3028 2150 tuis,
3051 2099 3168 2160 quae
3189 2099 3294 2140 non
3323 2083 3374 2140 in
3405 2099 3512 2152 me.

1929 2169 2022 2226 sed
2052 2171 2212 2230 etiam
2254 2172 2305 2230 in
2335 2173 2696 2242 Ambrosium.
2729 2174 3009 2242 Hilarium,
3039 2173 3371 2246 Gregorium.
3403 2173 3512 2250 Cye

1929 2263 2191 2332 prianum,
2238 2263 2475 2338 aliosque
2519 2265 2988 2336 praedicatissimos
3030 2266 3284 2326 Ecclesia
3327 2264 3511 2324 docto-

1927 2367 2036 2422 res,
2087 2356 2261 2414 fronte
2305 2355 2759 2428 impudentissima
2808 2366 2864 2420 et
2913 2357 3088 2432 lingua
3138 2357 3512 2436 procacissiuta

1921 2443 2191 2516 jacniaris.

1998 2537 2066 2600 Χ.
2091 2538 2209 2600 ius.
2235 2539 2440 2602 Laudat
2468 2541 2625 2598 etiam
2653 2548 2923 2616 potentem
2951 2539 3221 2604 hominem
3253 2537 3353 2616 (a),
3372 2539 3514 2614 quod

1928 2632 2126 2690 nostris
2165 2633 2528 2702 petitionibus.
2565 2635 2654 2709 qui
2694 2633 2827 2696 nihil
2851 2632 2996 2694 aliud
3021 2649 3180 2711 quam
3215 2633 3330 2698 dari
3368 2642 3515 2694 tanto

1927 2725 2142 2796 negotio
2165 2725 2378 2800 judices
2406 2725 2853 2793 vociferabantur,
2884 2736 2945 2790 ut
2973 2743 3036 2786 ea
3064 2744 3184 2802 qua:
3211 2729 3512 2802 subreptio-

1927 2816 2083 2874 nibus
2129 2827 2243 2874 acta
2293 2819 2571 2880 constabat
2598 2818 2641 2885 ⁸,
2671 2820 3088 2882 etnendarentur
3119 2821 3324 2895 potius,
3355 2835 3512 2898 quam

1925 2911 2241 2980 punirentur
2267 2913 2511 2976 examine
2535 2912 2580 2980 '.
2609 2913 2752 2974 mole
2779 2929 2890 2970 sua:
2917 2913 3185 2988 dignitatis
3223 2913 3512 2982 obstiterit,

1927 3018 2026 3057 nec
2063 3004 2431 3073 disceptationi
2476 3014 2683 3075 tempus
2713 3003 2734 3036 ‘
2755 3014 2847 3059 aut
2872 3004 3047 3059 locum
3080 3004 3382 3074 permiserit
3414 3005 3514 3068 im-

1925 3102 2155 3166 petrare.
2179 3095 2329 3164 Quod
2369 3103 2543 3158 utrum
2574 3097 2662 3154 ille
2697 3096 2765 3154 sd
2797 3112 2954 3170 quiem
2984 3097 3259 3166 scribitur,
3286 3108 3392 3160 tam
3420 3113 3514 3160 ne-

1925 3196 2100 3258 quiter
2130 3187 2332 3256 iecerit,
2358 3203 2514 3259 quam
2545 3197 2769 3248 testatur
2796 3191 2895 3247 ista
2923 3190 3180 3262 laudatio,
3208 3192 3322 3266 ipse
3357 3190 3511 3254 vide-

1925 3283 2013 3336 rit.
2035 3281 2142 3337 Nos
2174 3291 2351 3338 tamen
2375 3285 2394 3314 "
2427 3285 2475 3337 in
2505 3293 2758 3353 quantum
2785 3283 2853 3339 de
2877 3298 2945 3338 eo
2985 3285 3173 3339 melius
3208 3284 3508 3342 aestimave-

1926 3373 2112 3438 rimus,
2146 3375 2374 3432 nominis
2416 3375 2556 3432 illius
2592 3377 3032 3430 eonnnemoratio
3077 3376 3334 3452 opuesculo
3385 3391 3508 3440 meo

1925 3463 2214 3519 bonoriticc
2259 3465 2452 3522 inserta
2500 3465 2764 3537 patefecit.
2791 3465 2985 3522 Verum
3018 3467 3152 3522 liber
3184 3467 3271 3523 ille
3305 3468 3371 3522 de
3411 3484 3507 3538 pa-

1925 3564 2080 3610 trono
2128 3572 2225 3610 suo
2269 3557 2395 3611 falsa
2443 3556 2671 3612 fortasse
2721 3559 3009 3612 contineat.
3061 3559 3228 3614 Porro
3284 3559 3509 3615 ﬁdeliter

1923 3650 2048 3721 quid
2079 3652 2308 3724 scriptor
2331 3651 2446 3720 ejus
2469 3651 2645 3724 cupiat
2667 3650 2898 3706 ostendit
2922 3669 2935 3706 :
2958 3651 3222 3720 videlicet,
3248 3660 3305 3706 nt
3322 3663 3506 3712 contra

1923 3743 2186 3798 rationem
2217 3742 2260 3808 ⁸,
2311 3751 2496 3800 Contra
2527 3741 2706 3816 iidem,
2736 3752 2920 3800 Contra
2962 3759 3175 3797 onmem
3207 3757 3414 3797 morum
3455 3752 3509 3798 et

1922 3834 2225 3904 degmatum
2273 3836 2632 3902 sanctitatem,
2670 3834 2718 3894 vi
2768 3833 2880 3890 fera
2920 3843 2975 3890 et
3017 3849 3157 3890 caeca
3199 3834 3506 3906 impotentia

1921 3927 2221 3982 dimicetur.

1993 4021 2126 4076 Auc.
2171 4019 2321 4074 Absit
2350 4035 2376 4072 a
2409 4018 2714 4075 Christianis
2747 4020 3096 4094 potestatibus
3137 4028 3360 4075 terrente
3403 4019 3509 4074 rci-

1923 4113 2166 4184 publica),
2191 4120 2246 4166 ut
2270 4112 2337 4170 de
2366 4113 2578 4182 antiqua
2618 4112 2875 4170 cauiolica
2917 4109 3020 4168 iide
3058 4111 3320 4179 dubitent,
3345 4119 3398 4168 et
3435 4112 3504 4170 ob

1922 4206 2026 4261 hoc
2064 4206 2514 4278 oppugnatoribus
2553 4209 2668 4282 ejus
2699 4206 2872 4261 locum
2911 4216 2964 4261 et
3007 4216 3212 4278 tempus
3247 4205 3507 4266 examinis

1922 4300 2224 4369 prmbeant:
2256 4315 2315 4352 ac
2356 4315 2460 4352 non
2507 4299 2681 4369 potius
2720 4299 2773 4354 in
2816 4314 2880 4354 ea
2916 4300 3044 4356 certi
3085 4309 3242 4370 atque
3281 4298 3502 4363 fondati,

1923 4391 2133 4456 talibus,
2182 4391 2366 4460 quales
2409 4403 2503 4444 vos
2547 4389 2697 4457 estis,
2743 4390 2971 4452 inimicis
3015 4391 3128 4460 ejus
3173 4389 3504 4464 disciplinam

1919 4481 2258 4537 coercitionis
2289 4481 2580 4552 imponant.
2606 4482 2758 4548 Quod
2789 4484 2930 4538 enim
2960 4493 3174 4553 promer
3200 4482 3506 4537 Donzitistas

1919 4574 2117 4631 factum
2159 4585 2259 4642 est,
2304 4589 2489 4630 eorum
2535 4575 2932 4632 violentissimas
2965 4576 3130 4630 turbae
3162 4575 3273 4630 ﬁeri
3313 4589 3506 4645 coege-

1919 4676 2065 4734 runt,
2089 4668 2392 4737 Ignorantes
2412 4665 2538 4738 quid
2566 4675 2691 4722 ante
2715 4667 2781 4720 sit
2801 4678 3027 4738 gestum,
3055 4665 3195 4738 quod
3225 4667 3302 4722 eis
3328 4665 3504 4722 fuerat

1919 4757 2303 4814 ostendendum
2330 4757 2550 4831 :qualcs
2573 4771 2670 4812 vos
2699 4757 2882 4812 turbas
2910 4757 3051 4813 Deus
3086 4767 3290 4815 avertat
3324 4769 3380 4816 ut
3407 4758 3503 4815 ba-

1919 4855 2122 4920 beatis;
2153 4855 2261 4908 Deo
2289 4863 2462 4908 tamen
2490 4851 2719 4926 propitio
2744 4867 2848 4907 non
2877 4847 3107 4910 habetis.

1916 4987 2106 5060 Morel,
2128 4983 2277 5060 siem.
2306 4986 2442 5057 Crit,
2465 4998 2514 5050 p.
2531 4983 2643 5046 367,
2673 4992 2810 5049 putat
2831 4984 3043 5060 tollenda
3066 4983 3244 5060 verba.
3265 4985 3503 5060 me

1916 5046 2252 5114 confodiantur
2275 5046 2538 5110 acerrinie,
2578 5046 2690 5113 quae
2721 5060 2786 5098 ex
2810 5049 3030 5112 margine
3067 5046 3258 5100 textum
3281 5046 3405 5102 forte
3435 5051 3506 5100 in-

1918 5119 2165 5166 vaserunt.
2234 5119 2288 5162 ιι.

1984 5179 1999 5207 ι
2038 5183 2179 5235 item,
2202 5171 2438 5235 dealbata.
2717 5232 2729 5235 _
2768 5233 2776 5235 Α
3337 5233 3346 5235 _
3513 5219 3518 5223 .

1981 5237 2002 5270 '
2035 5232 2195 5286 Codeit
2212 5232 2362 5296 coib.,
2390 5237 2577 5286 eructat
2598 5232 2974 5287 mordentem
2994 5235 3138 5286 sorde
3151 5233 3372 5286 naturale
3394 5245 3505 5300 pec-

1983 5363 2004 5426 !
2038 5361 2308 5426 \‘ignierius
2324 5396 2339 5426 ,
2379 5366 2705 5426 truncantem.
2735 5363 2906 5426 verius
2930 5367 3053 5426 itas,
3077 5373 3171 5416 non
3191 5365 3367 5418 autem.
3392 5365 3504 5414 Nam

1916 5421 2334 5487 Juliani'convicia'
2353 5423 2556 5487 spernit,
2583 5437 2681 5473 non
2698 5423 2930 5474 confluat.

1979 5486 2004 5524 δ
2036 5492 2139 5538 Duo
2169 5493 2298 5545 It...
2318 5485 2609 5538 malum.

1978 5548 2002 5611 ε
2038 5555 2178 5606 Mcl,
2207 5546 2748 5611 miserentur

1982 5610 2003 5642 ⁸
2038 5616 2137 5658 Duo
2154 5609 2653 5672 Μεδηγοοειιιεγᾱηιςσ
2677 5609 3082 5672 disceptationem,
3106 5609 3506 5672 kmpusNignie-

1916 5685 2048 5741 rius,
2085 5669 2332 5736 obstitcis't,
2360 5669 2768 5741 disceptantem,
3055 5669 3260 5741 omisso,
3278 5669 3385 5726 nec,
3415 5679 3505 5721 γε·

1917 5737 2020 5792 rius
2045 5744 2163 5786 uen.
2186 5748 2294 5786 cum
2321 5732 2398 5790 iis.
2420 5732 2572 5796 0011).,
2596 5747 2684 5788 nec
2701 5732 3032 5798 disceptatioui
3051 5738 3253 5796 tempus.

1981 5799 2000 5829 "
2039 5804 2116 5846 Ms.
2142 5804 2272 5854 tuan,
2297 5810 2381 5846 nos
2404 5803 2578 5845 autem.
3100 5847 3104 5851 ,

1981 5859 2002 5892 ο
2037 5860 2172 5920 Editi,
2198 5867 2247 5915 ut
2351 5865 2517 5912 contra
2539 5855 2788 5916 rationm.
2815 5863 3149 5919 uenturorum.
3171 5863 3260 5920 est,
3293 5859 3500 5912 auctori-

1916 5930 2018 5974 tate
2053 5929 2501 5982 ntauuscriptorum.

1979 5984 2052 6047 (a)
2073 5985 2330 6045 valet-ium,
2353 5982 2439 6034 lib.
2467 5985 2490 6034 1
2512 5983 2577 6034 de
2599 5983 2782 6047 Νιψιῶ
2801 5992 2856 6044 οι
2872 5985 3285 6049 W
3309 5999 3347 6044 ι
3389 5985 3439 6042 Β.
