4014 6482
472 408 615 474 £055

540 524 634 585 XI.
660 522 780 583 Jun.
806 523 1013 593 Quibus
1035 525 1204 597 gestis
1233 525 1374 582 inter
1395 524 1684 581 voluminis
1711 525 1913 596 primas
1936 540 2061 595 par-

470 629 570 687 tes,
602 634 918 693 progressus
961 629 1045 676 est
1086 620 1154 675 ad
1199 619 1596 677 distinctionem
1623 622 1638 653 ¹
1670 622 1971 691 nuptiarum
2002 629 2058 676 et

467 711 932 782 concupiscentiae,
952 712 1091 768 sicut
1114 711 1284 768 fuerat
1313 712 1449 769 tituli
1481 713 1827 783 inscriptione
1851 713 2057 783 pollici-

468 815 554 862 tus
584 825 601 862 :
626 806 880 879 deditque
904 816 1019 863 toto
1040 806 1298 878 deinceps
1320 822 1485 877 opere
1514 807 1894 863 documentum
1925 808 2056 864 artis

465 910 521 956 et
546 900 758 955 virtutis
786 915 917 956 suae.
939 898 1085 957 Inter
1108 901 1445 972 negationem
1475 900 1617 956 enim
1644 900 2011 957 confessorum
2032 903 2054 936 ³

465 1000 520 1046 et
547 1000 860 1061 negatorum
901 990 1293 1048 confessionem
1335 991 1518 1047 ultima
1548 994 1868 1050 necessitate
1894 1009 2054 1051 vexa-

467 1091 573 1148 tus,
600 1083 727 1153 quid
756 1098 1112 1140 aerumnarum
1144 1093 1414 1156 pateretur
1438 1085 1577 1141 foeda
1602 1087 1929 1143 conscientia
1959 1104 2057 1159 pu-

464 1173 702 1230 blicavit.

535 1266 673 1324 Anc.
712 1264 1029 1326 Conviciare
1050 1278 1306 1362 tutantum
1335 1276 1490 1342 potes
1520 1287 1536 1327 :
1566 1270 1688 1343 quis
1714 1271 1856 1326 enim
1880 1272 2057 1329 convi-

463 1357 642 1414 ciosus
669 1358 775 1415 hoc
802 1375 909 1415 non
931 1357 1148 1432 potest?

537 1468 653 1526 XII.
695 1471 817 1528 Jun.
859 1472 1030 1529 Priori
1079 1489 1208 1545 ergo
1259 1475 1409 1547 operi
1456 1484 1688 1547 quatuor
1730 1477 1924 1534 libellis
1965 1493 2051 1548 ea,

462 1580 623 1637 quam
649 1567 1006 1637 suppeditavit
1028 1571 1246 1636 veritas,
1275 1571 1525 1628 facultate
1551 1572 1802 1643 respondi
1828 1591 1839 1626 :
1865 1573 2055 1643 praifa-

463 1664 550 1712 tus
575 1672 706 1713 sane
735 1660 1129 1730 praeteriturum
1154 1676 1261 1729 me,
1285 1677 1404 1734 quae
1433 1672 1486 1719 et
1513 1677 1612 1734 pro
1631 1664 1881 1735 dogmate
1911 1665 2053 1721 illius

465 1750 597 1806 nihil
646 1737 842 1808 habere
876 1754 1129 1825 ponderis
1172 1758 1481 1827 apparebat,
1513 1767 1566 1813 et
1594 1775 1681 1814 me
1714 1770 1936 1831 possent
1967 1776 2055 1815 ar-

462 1859 625 1916 gnere
667 1847 1006 1917 multiloquii,
1056 1849 1100 1905 si
1147 1848 1368 1906 fuissem
1413 1852 1679 1908 imbecilla
1726 1870 1952 1925 quicque
1997 1863 2051 1911 et

463 1936 642 1992 inania
685 1949 1017 2008 persecutus.
1058 1939 1395 2012 Quanquam,
1433 1944 1478 1998 si
1525 1946 1661 2000 hanc
1704 1947 1963 2017 regulam,
1997 1956 2052 2003 ut

463 2028 663 2092 decuit.
687 2044 906 2087 servare
925 2032 1183 2101 licuisset,
1208 2034 1261 2089 id
1281 2042 1383 2103 est,
1406 2044 1582 2092 utnec
1599 2039 2048 2109 oppugnationem

458 2135 525 2176 ex
555 2121 887 2190 professione
927 2123 1105 2195 inepta
1148 2134 1505 2195 mererentur,
1544 2144 1680 2199 pene
1718 2132 1896 2186 omnia
1933 2131 2051 2201 ejus

458 2210 672 2268 inventa
692 2213 713 2245 ³
733 2214 946 2286 publico
972 2215 1179 2271 fuerant
1204 2218 1503 2287 spernenda
1531 2218 1764 2275 silentio.
1787 2220 1893 2277 Sed
1917 2236 2051 2292 quo-

460 2303 624 2369 niam,
650 2305 811 2361 rebus
841 2306 892 2362 in
924 2307 1162 2379 pejorem
1189 2318 1394 2378 partem
1424 2312 1830 2380 properantibus
1863 2312 2048 2386 (quod

457 2396 643 2452 mundi
674 2397 767 2453 fini
795 2414 896 2455 suo
935 2401 1293 2457 incumbentis
1332 2402 1585 2459 indicium
1613 2413 1696 2461 est
1717 2410 1759 2479 ),
1782 2408 1835 2463 in
1860 2407 2046 2465 Eccle-

456 2487 536 2543 sia
566 2503 778 2560 quoque
805 2490 898 2547 Dei
918 2492 1109 2564 adepta
1130 2503 1213 2549 est
1240 2494 1463 2551 stultitia
1487 2504 1548 2555 ει
1573 2498 1844 2567 turpitudo
1868 2499 2045 2556 domi-

458 2588 674 2647 natum;
700 2596 798 2653 pro
834 2582 1053 2640 Christo
1082 2584 1349 2657 legatione
1379 2587 1666 2659 fungimur,
1698 2598 1753 2646 et
1780 2605 1879 2662 pro
1902 2592 2043 2648 virili

457 2674 702 2742 portione
726 2684 981 2747 quantum
1006 2678 1249 2753 valemus
1276 2681 1394 2751 opis
1418 2679 1443 2714 ⁸
1466 2681 1533 2737 ad
1559 2681 1924 2742 defensionem
1954 2701 2047 2743 ca-

456 2765 669 2823 tholicae
724 2769 998 2840 religionis
1051 2771 1321 2828 afferimus
1369 2792 1383 2828 :
1434 2789 1537 2830 nec
1594 2775 1736 2847 piget
1788 2778 2043 2837 mandare

454 2858 645 2915 litteris
673 2861 928 2931 remedia,
955 2878 1077 2934 quae
1104 2871 1291 2921 contra
1317 2880 1560 2923 errorum
1589 2868 1612 2901 '
1633 2884 1837 2925 venena
1873 2870 2043 2926 confi-

453 2949 644 3006 cimus.

523 3040 661 3100 Aus.
701 3041 937 3101 Stultitia
977 3055 1033 3103 et
1064 3048 1335 3120 turpitudo
1371 3067 1469 3110 vos
1506 3056 1713 3126 peperit
1739 3075 1752 3111 :
1777 3058 1872 3114 sed
1898 3059 1944 3115 si
1985 3060 2038 3118 in

452 3134 693 3192 Ecclesia
732 3136 1060 3195 dominatum
1102 3142 1293 3214 adepta
1336 3154 1498 3213 esset,
1526 3147 1597 3203 ibi
1626 3164 1720 3205 vos
1747 3152 1929 3223 utique
1954 3162 2037 3209 te-

450 3230 672 3287 nuisset.

520 3344 659 3401 Xlll.
699 3344 817 3404 Jun.
858 3345 1109 3405 Testatus
1151 3351 1356 3423 utique,
1392 3361 1452 3408 ut
1487 3353 1621 3424 dixi,
1662 3355 1890 3427 fueram,
1938 3376 2037 3417 nec

448 3446 633 3493 contra
676 3452 867 3494 omnes
914 3455 1003 3496 me
1046 3443 1250 3513 species
1289 3443 1639 3503 defendenda:
1695 3450 1927 3507 traducis
1981 3454 2034 3509 in

449 3529 621 3600 primo
646 3529 999 3588 disserturum
1034 3549 1215 3604 opere,
1251 3550 1355 3593 nec
1378 3548 1591 3608 cuncta,
1622 3558 1740 3611 qua:
1772 3543 1860 3599 ille
1900 3546 2037 3601 liber

448 3620 683 3685 tenebat,
711 3622 1089 3695 replicaturum
1118 3644 1132 3682 :
1161 3628 1254 3683 sed
1283 3643 1405 3685 cum
1436 3629 1521 3687 his
1546 3633 1913 3691 conflicturum
1932 3681 1947 3707 ,
1980 3638 2033 3695 in

446 3714 640 3784 quibus
665 3729 927 3772 summam
954 3727 1007 3773 et
1034 3720 1139 3774 vim
1166 3721 1246 3775 sui
1278 3720 1542 3794 dogmatis
1566 3725 1902 3785 collocasset.
1922 3731 2035 3787 Hoc

444 3816 621 3863 autem
647 3824 734 3865 me
757 3811 1107 3881 sp0pondisse
1144 3812 1391 3883 fideliter,
1420 3817 1741 3890 quicumque
1771 3823 1851 3877 vel
1894 3824 2030 3878 obli-

443 3916 581 3973 quus
630 3902 719 3969 sit,
766 3912 967 3959 tantum
1011 3904 1236 3976 diligens
1284 3908 1563 3981 utriusque
1608 3914 1786 3982 operis
1838 3915 2028 3985 lector,

444 4003 715 4065 agnoscet.
759 3995 870 4066 Ego
914 4004 1094 4052 autem
1144 4000 1487 4057 conscientia:
1545 4004 1825 4063 honestate
1879 4023 2033 4065 secu-

443 4099 536 4140 rus
566 4084 834 4139 inimicum
871 4094 1113 4143 nostrum
1146 4099 1200 4145 et
1223 4082 1497 4158 adhortor,
1528 4104 1583 4151 et
1609 4097 1843 4165 stimulo,
1887 4111 1946 4156 ut
1986 4104 2031 4159 si

445 4176 659 4248 aliquod
697 4193 728 4233 a
768 4192 828 4237 se
866 4180 1153 4251 prolatum,
1184 4199 1212 4238 a
1244 4201 1334 4243 me
1364 4191 1777 4256 praetermissum
1804 4196 2033 4254 aestimat

444 4278 816 4341 argumentum
841 4317 855 4338 ,
888 4274 1030 4344 quod
1061 4276 1353 4349 cujuspiam
1384 4286 1641 4341 momenti
1668 4288 1748 4343 vel
1789 4289 1902 4360 ipse
1943 4295 2030 4363 ju-

443 4360 605 4430 dicet,
654 4362 711 4419 in
755 4363 990 4422 medium
1039 4369 1294 4440 proferat,
1339 4384 1394 4430 et
1436 4391 1525 4433 me
1567 4379 1773 4437 timoris
1819 4360 2030 4457 dolique

442 4458 742 4512 convincat.

401 4529 405 4534 ’
512 4548 650 4603 Avo.
679 4547 795 4604 Non
823 4548 984 4606 credo
1009 4550 1151 4624 quod
1171 4567 1234 4609 ea
1256 4568 1375 4626 quae
1397 4563 1805 4633 praetermisisti,
1830 4567 2027 4627 nullius

441 4638 695 4691 momenti
717 4654 835 4694 esse
864 4643 1133 4711 putaveris
1161 4661 1175 4698 :
1200 4647 1443 4715 quamvis
1462 4659 1514 4704 et
1536 4652 1579 4707 si
1604 4651 1705 4708 hoc
1733 4663 1784 4711 te
1814 4669 2027 4727 putasse

440 4727 758 4792 concedam;
788 4745 893 4785 non
923 4740 1104 4790 tamen
1127 4736 1198 4790 ita
1228 4752 1348 4794 esse
1367 4781 1382 4805 ,
1408 4741 1704 4801 catholicus
1729 4757 1784 4803 et
1824 4750 2025 4808 intelli-

440 4832 591 4889 gens,
623 4819 669 4874 si
692 4827 746 4874 et
771 4835 935 4877 unum
966 4824 1112 4879 illum
1144 4844 1320 4884 meum
1347 4840 1400 4887 et
1432 4841 1549 4891 tuos
1577 4848 1804 4908 quatuor
1825 4841 2028 4900 habue-

441 4909 528 4977 rit,
556 4909 992 4984 diligentiamque
1018 4915 1341 4989 adhibuerit,
1374 4923 1542 4982 lector
1570 4929 1821 4989 inveniet.

514 5020 651 5077 XIV.
680 5023 801 5079 Jun.
830 5025 1223 5098 Scripturarum
1267 5049 1398 5093 sane
1440 5042 1740 5100 testimonia
1779 5048 2023 5118 quaedam

454 5115 596 5171 alius
623 5120 880 5189 exposui,
917 5126 1161 5194 quaedam
1190 5128 1403 5188 brevius
1434 5152 1450 5191 :
1478 5138 1598 5207 quia
1643 5155 1730 5197 me
1771 5115 1927 5213 plene
1971 5146 2024 5202 id

437 5220 687 5267 secuturo
710 5228 871 5284 opere
901 5218 1159 5275 facturum
1185 5228 1465 5296 spopondi.
1488 5229 1629 5287 Nihil
1659 5234 1836 5306 itaque
1866 5238 1934 5294 ibi
1957 5240 2025 5296 de

436 5305 685 5363 Omnibus
709 5310 985 5387 Augustini
1007 5319 1330 5386 argumentis
1352 5330 1409 5377 et
1436 5305 1889 5395 propositionibus
1914 5349 2018 5389 non

436 5400 713 5470 explosum
759 5407 1047 5473 remansit,
1094 5408 1224 5466 nihil
1267 5427 1297 5466 a
1342 5429 1429 5471 me
1454 5418 1729 5489 impletum
1758 5434 1840 5478 est
1868 5424 2025 5482 aliter

500 5598 522 5677 ξ
551 5601 754 5677 sicitas.
780 5611 889 5677 ξων.
906 5614 969 5677 et
980 5608 1111 5677 Oolb.
1134 5612 1257 5664 Editl
1274 5628 1412 5676 vero,
1431 5632 1463 5669 α
1487 5617 1803 5677 distinctione.

501 5662 527 5765 Ξ
557 5662 1294 5765 litigii;
1310 5662 1937 5747 ὖέιῖιὶἱῶἱξπὲῖπῖδδίωάᾶι
1960 5707 2023 5748 eo
2036 5760 2051 5765 1

434 5719 527 5773 loci
542 5759 557 5785 ν
580 5719 818 5798 abestque
840 5719 1246 5802 magna;

499 5785 523 5818 I
554 5787 669 5818 nam
727 5788 831 5818 ηδ...
866 5803 1030 5818 ...Α-ι-
1089 5802 1243 5818 ...Α-ιιμ

500 5787 524 5880 ξ
554 5787 704 5864 editi,
725 5787 831 5862 ejus
1427 5819 1493 5859 ex
1523 5815 1878 5880 manusu'iptis.

500 5906 520 5921 .
550 5856 861 5921 mntem.
882 5867 1060 5921 "Per"-

497 5906 522 5943 ⁸
550 5906 1237 5979 ιάΙιι-ωἰνὸάζζρατωι.

1145 406 1396 468 OPERIS
1431 407 1847 467 IMPERFECTI
1882 406 2157 465 CONTRA
2196 406 2558 479 JULlANUM,
2599 411 2655 469 S.
2686 413 3052 475 AUGUSTlNl

3619 428 3765 488 1056

2166 536 2324 592 quam
2352 524 2667 593 promissum
2697 545 2711 581 :
2740 528 2903 583 multa
2928 529 2981 586 in
3013 531 3243 590 inventis
3266 532 3385 606 ejus
3406 533 3564 608 falsa,
3587 540 3761 599 multa

2165 613 2379 681 stolida,
2407 616 2663 688 sacrilega
2699 622 2865 676 multa
2896 623 3124 679 convici.

2235 708 2371 764 Auo.
2402 708 2513 764 Hoc
2555 711 2769 781 quidem
2811 713 2980 784 dicis,
3024 717 3119 773 sed
3160 726 3213 774 tu
3252 719 3545 796 dicis:qui
3576 736 3757 784 autem

2163 798 2291 871 legit
2335 810 2390 857 et
2434 802 2708 876 intelligit,
2751 808 2795 863 si
2833 824 2937 864 non
2983 810 3299 884 Pelagianus
3339 825 3454 884 est,
3505 834 3610 875 non
3654 819 3763 878 hoc

2162 895 2309 951 dicit.
2457 895 2461 899 ’

2234 988 2349 1046 XV.
2376 991 2494 1048 Jun.
2524 993 2636 1063 Qua
2662 997 2988 1066 professione
3010 1014 3115 1054 non
3139 1012 3219 1058 est
3249 1004 3407 1061 nobis
3429 1009 3755 1080 arrogantiae

2160 1079 2297 1136 fama
2328 1086 2609 1141 metuenda
2638 1105 2651 1141 :
2681 1088 2802 1158 quia
2832 1104 2935 1145 non
2961 1090 3175 1162 ingenio
3201 1110 3322 1150 meo
3351 1079 3632 1154 veritatem
3658 1102 3759 1156 de-

2160 1172 2392 1240 fensam,
2437 1178 2531 1232 sed
2578 1178 2995 1238 imbecillitatem
3048 1186 3216 1242 nostri
3263 1188 3463 1260 ingenii
3513 1193 3756 1249 veritatis

2166 1267 2374 1324 viribus
2398 1271 2717 1329 confitemur
2745 1275 3002 1346 adjutam.

2231 1360 2367 1419 Anc.
2397 1362 2598 1419 Elisam
2630 1366 2877 1435 dixisses,
2906 1370 2950 1425 si
2972 1386 3156 1428 verum
3184 1373 3365 1431 dicere
3384 1377 3667 1437 voluisses.

2230 1450 2370 1508 XVI.
2402 1454 2521 1512 ποι..
2556 1456 2687 1513 Cum
2719 1459 2831 1515 haec
2854 1462 3031 1533 itaque
3062 1467 3199 1521 haud
3230 1468 3389 1524 aliter
3411 1486 3570 1540 quam
3603 1474 3746 1543 dixi,

2158 1554 2366 1601 constet
2394 1548 2639 1618 impleta;
2668 1552 2846 1607 mirari
2873 1556 3004 1609 satis
3042 1572 3249 1628 nequeo
3289 1561 3521 1617 hominis
3564 1565 3747 1633 impu-

2158 1636 2429 1706 dentiam,
2461 1642 2551 1712 qui
2585 1643 2634 1697 in
2670 1645 2771 1700 hoc
2801 1648 2998 1701 recenti
3039 1663 3204 1719 opere
3245 1666 3345 1706 suo
3396 1653 3561 1710 libros
3599 1673 3753 1714 meos

2158 1727 2403 1786 falsitatis
2431 1744 2664 1799 accusat,
2696 1753 2828 1804 quos
2860 1747 3035 1793 tamen
3067 1742 3295 1797 necdum
3330 1744 3380 1798 in
3404 1761 3596 1801 manus
3620 1765 3748 1804 suas

2155 1822 2366 1876 venisse
2388 1832 2611 1879 testatur
2636 1826 2653 1897 (
2678 1826 2752 1881 De
2779 1827 2992 1900 Nuptiis
3017 1841 3063 1886 et
3093 1832 3509 1905 Concupiscentia
3526 1881 3541 1903 ,
3568 1840 3653 1895 lib.
3680 1841 3743 1910 2,

2157 1929 2210 1969 η.
2233 1912 2311 1979 2).
2333 1915 2528 1970 Durum
2549 1918 2785 1988 quidem,
2804 1923 2945 1992 quod
2967 1928 3301 1984 consuetudo
3318 1934 3569 1999 peccandi
3591 1951 3747 1991 amo-

2154 2018 2268 2059 rem
2293 2005 2472 2062 delicti
2498 2007 2622 2064 facit
2648 2029 2662 2065 :
2686 2012 2781 2067 sed
2810 2013 2940 2069 nihil
2963 2016 3168 2082 durius,
3193 2035 3350 2089 quam
3374 2024 3514 2093 quod
3538 2028 3744 2083 exstin-

2152 2096 2267 2168 guit
2309 2098 2600 2168 pudorem;
2635 2104 2774 2173 quod
2825 2106 2949 2161 licet
2991 2123 3055 2163 ex
3109 2110 3462 2181 improbitatis
3493 2133 3589 2172 usu
3617 2135 3743 2178 esse

2152 2197 2455 2258 constaret,
2489 2201 2665 2249 tamen
2694 2197 2922 2267 amplius
2952 2205 3237 2270 praesentia
3267 2208 3497 2275 pericula
3527 2211 3737 2268 docue-

2152 2290 2309 2348 runt,
2339 2299 2497 2354 quam
2543 2288 2823 2359 quisquam
2874 2302 3114 2348 nostrum
3170 2306 3379 2366 poterat
3431 2311 3735 2361 autumare.

2149 2372 2372 2440 Quando
2397 2378 2539 2433 enim
2565 2380 2934 2440 crederem‘eo
2967 2402 3134 2459 usque
3159 2389 3403 2448 Numidae
3426 2395 3739 2456 induruisse

2149 2465 2418 2537 frontem,
2463 2480 2523 2527 ut
2570 2472 2621 2531 in
2668 2490 2774 2531 uno
2817 2492 2980 2547 opere
3024 2492 3078 2536 et
3125 2499 3230 2539 uno
3263 2500 3422 2543 versu
3453 2500 3743 2563 utrumque

2147 2558 2424 2631 fateretur,
2456 2573 2511 2620 et
2533 2580 2622 2623 me
2644 2565 2773 2624 falsa
2801 2568 3039 2646 dixisse,
3075 2584 3131 2630 et
3167 2592 3227 2633 se
3257 2594 3366 2635 non
3394 2581 3579 2653 legisse
3602 2558 3739 2656 quid

2146 2652 2392 2711 dixerim.

2217 2749 2352 2804 Anc.
2380 2747 2439 2805 Si
2465 2748 2567 2807 hoc
2592 2767 2698 2808 non
2732 2753 2924 2823 fecisti,
2959 2757 3050 2814 ille
3078 2759 3205 2817 fecit
3230 2764 3319 2833 qui
3350 2764 3417 2821 de
3445 2766 3595 2823 libris
3627 2770 3739 2828 tuis

2145 2854 2229 2909 ea,
2262 2857 2381 2912 qute
2404 2845 2588 2901 comiti
2618 2846 2834 2904 Valerio
2863 2853 3064 2921 putavit
3090 2855 3348 2912 mittenda
3375 2874 3515 2927 esse,
3545 2862 3739 2919 decer-

2143 2932 2268 3001 psit.
2297 2931 2449 3000 Quod
2475 2951 2596 2991 eum
2627 2954 2735 2995 non
2759 2941 2985 2997 credens
3012 2960 3111 3014 ego
3143 2948 3332 3004 fecisse
3371 2951 3724 3024 mendaciter,

2142 3026 2346 3081 auctori
2375 3027 2535 3083 tribui
2575 3030 2715 3100 quod
2741 3031 3039 3105 decerptori
3066 3037 3245 3115 debui.
3270 3039 3412 3097 Tuos
3440 3043 3635 3115 quippe
3658 3044 3730 3102 li-

2142 3115 2269 3173 bros
2297 3118 2531 3175 nondum
2562 3121 2795 3194 legeram
2820 3165 2834 3190 ,
2863 3127 2958 3181 sed
2996 3144 3115 3198 qua:
3144 3112 3235 3186 ille
3259 3146 3325 3187 ex
3346 3133 3425 3189 eis
3448 3112 3737 3206 decerpse-

2140 3217 2255 3273 rat,
2301 3210 2552 3282 legeram.
2600 3212 2657 3270 Si
2704 3222 2756 3270 te
2804 3216 3074 3274 hominem
3113 3223 3412 3292 cogitares,
3469 3225 3571 3282 hoc
3612 3226 3735 3284 ﬁeri

2142 3301 2378 3370 potuisse
2407 3319 2529 3358 cum
2557 3320 2844 3374 cerneres,
2879 3325 3209 3382 nequaquam
3257 3323 3366 3369 tam
3409 3314 3733 3375 invidiosam

2141 3408 2404 3462 quaereres
2427 3395 2627 3452 homini
2650 3398 2754 3453 hac
2781 3403 3060 3457 occasione
3087 3404 3435 3462 calumniam.

2211 3485 2372 3543 XVII.
2411 3488 2531 3545 Jun.
2570 3491 2703 3547 Nam
2746 3496 2984 3551 scribens
3008 3497 3076 3553 ad
3105 3513 3266 3567 eum,
3294 3518 3453 3571 quem
3498 3504 3732 3564 miratur

2138 3578 2431 3636 studiosum
2458 3596 2579 3638 esse
2608 3584 2860 3641 librorum
2892 3603 3130 3656 suorum,
3154 3607 3277 3647 cum
3304 3594 3373 3649 sit
3404 3595 3605 3654 militia:
3629 3612 3723 3653 su-

2139 3671 2358 3730 doribus
2382 3688 2692 3748 occupatus,
2722 3680 2922 3736 indicat
2946 3683 3013 3738 ab
3040 3685 3234 3758 Alypio
3264 3688 3537 3745 chartulas
3564 3692 3633 3747 ad
3648 3708 3729 3752 ~se

2138 3765 2301 3821 fuisse
2328 3767 2532 3825 delatas
2551 3812 2567 3839 ,
2596 3788 2716 3842 quae
2753 3774 2825 3829 ita
2866 3780 3242 3849 superscripta:
3267 3792 3447 3839 essent
3474 3802 3488 3840 :
3517 3804 3536 3838 ι
3566 3783 3729 3858 Capi-

2141 3860 2246 3914 tula
2282 3859 2349 3915 de
2379 3861 2516 3918 libro
2544 3865 2820 3935 Augustini
2848 3884 3003 3939 quem
3029 3873 3272 3943 scripsit,
3304 3886 3487 3932 contra
3513 3895 3632 3950 qua:
3656 3881 3731 3938 de

2137 3952 2284 4007 libris
2312 3969 2475 4023 pauca
2506 3955 2770 4027 decerpsi.
2803 3960 2901 4015 Hic
2939 3962 3129 4030 video,
3165 3981 3287 4020 eum
3316 3969 3405 4036 qui
3435 3977 3541 4024 tua}
3573 3970 3730 4028 Pras-

2135 4046 2345 4100 stantiaa
2372 4046 2469 4100 ista
2495 4048 2691 4119 scripta
2713 4050 2926 4119 direxit,
2952 4054 3019 4108 de
3045 4057 3227 4111 nescio
3250 4058 3440 4126 quibus
3462 4060 3611 4117 libris
3631 4080 3725 4133 ea,

2135 4149 2313 4201 causa,
2337 4148 2592 4207 quantum
2619 4142 2886 4208 existimo,
2916 4147 3195 4202 celerioris
3225 4154 3589 4220 responsionis
3610 4196 3624 4219 ,
3655 4172 3729 4213 ne

2136 4235 2278 4281 tuam
2323 4227 2561 4286 differret
2608 4232 2947 4302 instantiam,
2997 4240 3229 4296 voluisse
3268 4243 3573 4315 decerpere.
3619 4248 3729 4317 Qui

2133 4328 2309 4374 autem
2339 4321 2446 4374 sint
2470 4323 2552 4376 isti
2581 4323 2702 4380 libri
2733 4343 2851 4383 cum
2883 4330 3195 4402 cogitarem,
3228 4350 3322 4390 eos
3349 4353 3469 4393 esse
3498 4340 3728 4395 arbitra-

2134 4416 2219 4464 tus
2238 4424 2377 4478 sum,
2400 4428 2624 4483 quorum
2656 4420 2977 4475 mentionem
3003 4421 3244 4480 Julianus
3272 4425 3396 4482 facit
3415 4429 3465 4481 in
3491 4432 3726 4500 cpistola

2132 4517 2291 4573 quam
2321 4503 2543 4560 Romam
2583 4508 2765 4577 misit,
2802 4513 2953 4582 cujus
2981 4517 3284 4586 exemplum
3313 4520 3506 4575 simul‘
3537 4522 3600 4577 ad
3634 4539 3728 4580 me

2132 4608 2300 4664 usque
2342 4597 2597 4665 pervenit.
2630 4596 2706 4654 Ibi
2736 4604 2932 4673 quippe
2958 4606 3032 4659 ait
3061 4625 3074 4661 :
3105 4607 3297 4663 Dicunt
3339 4611 3500 4666 etiam
3548 4613 3679 4669 istas
3702 4656 3722 4682 ,

2131 4700 2249 4755 quae
2298 4687 2459 4743 modo
2502 4701 2762 4761 aguntur,
2811 4697 3020 4766 nuptias
3065 4714 3096 4754 a
3142 4699 3253 4756 Deo
3300 4704 3570 4760 institutas
3612 4722 3726 4763 non

2129 4780 2312 4848 fuisse,
2341 4783 2482 4854 quod
2525 4786 2577 4841 in
2605 4787 2740 4841 libro
2780 4791 3061 4862 Augustini
3103 4792 3318 4866 legitur,
3345 4806 3529 4854 contra
3558 4816 3724 4870 quem

2129 4891 2230 4947 ego
2272 4878 2430 4933 modo
2468 4888 2695 4950 quatuor
2724 4882 2917 4940 libellis
2938 4887 2957 4917 ³
2999 4888 3271 4958 respondi.
3305 4910 3324 4942 ι
3354 4890 3421 4945 Ει
3451 4902 3571 4962 post
3599 4893 3719 4951 lucc

2130 4970 2291 5025 verba
2317 4971 2476 5026 infert
2495 4973 2685 5029 iterum
2707 4977 2816 5030 suis
2843 4980 3182 5035 sermonibus
3215 4999 3229 5036 :
3262 5000 3282 5033 ι
3309 4981 3514 5051 Credo,
3538 5001 3607 5040 ex
3637 4986 3726 5043 his

2128 5060 2321 5119 libellis
2345 5063 2442 5118 ista
2468 5063 2717 5137 decerpta
2746 5078 2871 5124 sunt
2899 5087 2912 5123 :
2946 5072 3088 5127 unde
3116 5074 3308 5131 melius
3337 5074 3566 5134 fortasse
3603 5078 3724 5135 fue-

2128 5162 2229 5220 rat,
2262 5163 2322 5209 ut
2346 5157 2595 5212 universo
2620 5158 2720 5230 ipsi
2747 5162 2894 5232 operi
2921 5163 3058 5233 ejus,
3085 5166 3224 5237 quod
3247 5178 3475 5238 quatuor
3493 5171 3724 5226 volumi-

2129 5246 2283 5303 nibus
2323 5249 2637 5319 explicavit,
2682 5252 2976 5312 refellendo
3021 5267 3075 5314 et
3119 5260 3488 5333 redarguendo
3531 5275 3718 5321 nostra

2128 5336 2440 5394 laboraret’
2474 5341 2728 5408 intentio;
2753 5345 2853 5399 nisi
2873 5356 2926 5402 et
2950 5363 3050 5419 ego
3070 5353 3471 5421 responsionem
3503 5354 3723 5413 differre

2129 5431 2413 5487 noluissem
2437 5450 2451 5499 ;
2480 5435 2616 5491 sicut
2646 5453 2744 5495 nec
2775 5450 2829 5494 tu
2858 5444 3316 5501 transmissionem
3347 5449 3668 5533 scgiptorum
3697 5492 3714 5517 ,

2128 5522 2318 5593 quibus
2342 5529 2770 5598 respondendum
2791 5542 2893 5600 est,
2915 5533 3165 5592 distulisti
3190 5555 3209 5590 ι
3231 5537 3253 5610 (
3266 5522 3452 5612 Ιόὶάδ.
3472 5541 3717 5600 Ostendit
3736 5582 3741 5585 -

2192 5699 2657 5783 illic-manuscripti
2675 5714 2997 5783 praetereunt,
3020 5711 3180 5783 εἱηηιέ.
3208 5721 3257 5783 tn_
3280 5713 3405 5768 libro
3426 5731 3624 5783 quoque
3646 5721 3713 5775 de

2126 5764 2785 5847 eticonLcupisceuua
2806 5764 3039 5837 secundo,
3065 5790 3116 5826 n.
3140 5776 3187 5842 2,
3213 5764 3589 5833 aberat'eii'detjn—
3598 5764 3713 5847 in}:

2125 5824 2273 5889 ticula
2294 5839 2327 5889 a7
2346 5824 2567 5889 pluribus
2588 5838 2691 5881 Mss.

2190 5888 2213 5951 ξ
2244 5888 2404 5951 codex
2426 5896 2559 5951 Man,
2583 5889 2741 5943 libris.

2191 5950 2214 5982 ⁸
2243 5948 2375 5999 Idem
2394 5948 2571 6011 codex.
2594 5952 2878 6008 elaboraret.
