3996 6474
204 359 320 420 1057

202 487 307 544 ergo
351 468 431 523 hic
475 466 821 536 apertissime
863 471 1104 532 excerpta
1151 457 1237 512 illa
1284 456 1545 527 suspicari
1598 469 1657 512 se
1696 456 1767 512 de

203 576 338 634 opere
362 574 476 614 meo
498 556 848 612 tumultuarie
870 554 1029 609 fuisse
1048 550 1301 613 collecta;
1327 548 1559 618 integros
1585 557 1764 603 autem

203 656 415 727 ignorare
444 649 632 717 libros,
655 649 851 720 quibus
880 656 1052 702 tamen
1082 641 1243 698 audet
1260 657 1319 697 se
1340 640 1518 696 dicere
1541 653 1768 711 respon-

204 746 311 802 dere
337 741 586 813 p0tuisse.

262 837 380 890 Anc.
401 832 508 886 Cur
534 846 643 887 non
670 830 923 887 auderem
949 871 964 896 ,
994 826 1082 899 qui
1120 836 1174 883 te
1216 827 1269 881 in
1297 827 1374 882 eis
1400 840 1534 881 vana
1565 825 1765 881 dixisse

205 925 413 983 dubitare
438 923 621 993 utique
650 938 760 977 non
784 921 1073 977 deberem?
1097 917 1214 974 Non
1241 919 1383 973 enim
1415 928 1600 974 contra
1635 932 1764 972 vera

207 1031 360 1092 posses
385 1015 523 1086 loqui
555 1014 661 1069 nisi
689 1029 845 1070 vana.
876 1011 1060 1083 Neque
1087 1026 1235 1066 meus
1259 1010 1469 1067 animus
1501 1024 1585 1065 me
1614 1006 1767 1064 fefel-

207 1112 283 1166 lit:
300 1124 383 1165 eos
401 1122 629 1177 namque
655 1107 823 1162 libros
843 1115 960 1160 tuos
982 1104 1115 1159 tales
1137 1103 1334 1170 inveni,
1354 1117 1476 1158 cum
1505 1101 1763 1174 legerem,

210 1204 358 1279 quales
384 1215 827 1273 praesumpseram
857 1214 997 1264 esse,
1027 1206 1312 1269 antequam
1340 1196 1594 1265 legerem.

267 1292 425 1350 XYlll.
440 1290 557 1347 Jun.
579 1291 731 1346 Facit
751 1305 961 1362 quoque
976 1288 1217 1359 epistolae
1233 1287 1581 1353 mentionem,
1603 1300 1763 1357 quam

216 1405 239 1444 a
255 1404 324 1443 me
339 1386 401 1441 ait
419 1384 645 1438 Romam
672 1381 835 1438 fuisse
855 1380 1149 1443 directam;
1176 1379 1272 1436 sed
1300 1394 1392 1450 per
1416 1379 1435 1411 ι
1462 1378 1622 1434 verba
1645 1391 1764 1448 quas
1788 1368 1793 1373 ’

214 1479 384 1552 posuit,
414 1474 751 1548 nequivimus
778 1489 882 1545 quo
909 1472 976 1528 de
1004 1473 1204 1542 scripto
1229 1471 1559 1542 loqueretur,
1591 1483 1761 1541 agno-

215 1587 351 1628 scere.
374 1569 499 1624 Nam
525 1568 592 1623 ad
621 1566 894 1622 Zosimum
925 1564 1194 1637 quondam
1224 1564 1364 1619 illius
1392 1563 1621 1618 civitatis
1650 1560 1763 1631 epi-

217 1680 395 1736 scopum
430 1677 589 1735 super
620 1662 704 1717 his
731 1661 1113 1732 quaestionibus
1150 1657 1282 1713 duas
1312 1657 1568 1728 epistolas
1596 1652 1765 1711 desti-

220 1758 337 1822 navi;
366 1770 539 1813 verum
570 1769 638 1810 eo
664 1762 944 1826 tempore,
981 1768 1088 1825 quo
1127 1750 1302 1807 adhuc
1341 1749 1509 1807 libros
1535 1762 1760 1806 exorsus

221 1865 300 1905 non
323 1862 474 1904 eram.

270 1945 383 1999 Anc.
412 1940 533 1995 Haec
575 1939 803 2011 epistola
848 1954 956 1994 non
999 1946 1084 1994 est
1121 1936 1187 1992 ad
1214 1935 1524 2003 Zosimum;
1571 1935 1665 1992 sed
1693 1934 1761 1991 ad

219 2050 289 2090 eos
310 2030 622 2089 seducendos
646 2031 739 2103 qui
767 2030 951 2086 Romae
980 2038 1200 2101 possent
1243 2028 1336 2084 tali
1374 2029 1623 2084 suasione
1668 2042 1759 2084 se-

221 2127 331 2182 duci.
357 2124 453 2182 Sed
494 2126 540 2181 si
581 2140 700 2180 eam
741 2138 851 2178 non
896 2123 1171 2193 agnoscis;
1202 2135 1360 2189 ecce,
1408 2136 1513 2175 non
1543 2121 1613 2177 sit
1647 2128 1758 2175 tua.

220 2218 391 2276 Utinam
412 2226 464 2273 et
491 2217 566 2272 illi
593 2215 715 2271 libri
745 2231 850 2270 non
878 2221 1063 2270 essent
1091 2212 1186 2277 tui.
1216 2211 1313 2269 sed
1338 2210 1499 2268 alieni
1525 2229 1537 2265 :
1567 2228 1636 2279 ne
1661 2228 1757 2284 per

220 2325 289 2367 cos
312 2319 361 2365 tu
387 2309 537 2380 longe
564 2323 595 2363 a
625 2308 848 2364 veritate
876 2307 1035 2363 fieres
1062 2306 1291 2360 alienus.

270 2404 393 2461 XIX.
421 2403 534 2459 Jun.
574 2402 746 2459 Porro
777 2410 955 2457 utatur
995 2398 1192 2455 indicio
1228 2397 1469 2468 epistolae
1490 2439 1508 2465 ,
1535 2412 1639 2468 qua
1667 2404 1758 2451 aut

220 2498 416 2567 accepit,
461 2503 552 2551 aut
597 2494 750 2551 ﬁnxit
791 2509 878 2549 me
920 2491 1324 2563 responsionem
1371 2496 1557 2544 contra
1595 2502 1762 2543 novos

220 2588 494 2643 Manicbazos
536 2586 696 2659 (quia
734 2594 886 2641 vetus
932 2583 1251 2655 dedignatur
1292 2579 1494 2643 videri)
1536 2588 1764 2649 quatuor

225 2681 538 2737 voluminibus
562 2681 858 2750 explicasse
884 2696 896 2731 :
919 2692 1015 2733 cur
1048 2690 1155 2732 non
1185 2673 1390 2730 curavit
1427 2688 1490 2728 ea
1516 2688 1633 2742 qua:
1662 2671 1761 2727 ob-

221 2775 485 2845 jecissemus
509 2770 820 2828 addiscere?
846 2785 942 2826 cur
966 2783 1070 2823 non
1097 2766 1320 2831 studuit,
1340 2764 1427 2837 qui
1449 2764 1604 2818 cum'
1621 2770 1766 2818 esset

224 2878 584 2935 congressurus,
626 2874 968 2932 agnoscere;
1017 2856 1111 2914 sed
1180 2856 1396 2912 levitate
1458 2852 1763 2923 turpissima

230 2958 475 3011 concitatus
490 2955 537 3009 in
565 2964 839 3009 certamen
863 2951 1151 3005 maximum
1176 2946 1466 3003 luminibus
1487 2944 1757 3010 involutis,

231 3049 566 3104 Andabatarum
589 3060 761 3111 more,
785 3039 1083 3117 processit?
1102 3037 1257 3109 Quod
1280 3038 1476 3093 factum
1499 3033 1765 3107 ejusmodi

225 3140 492 3210 allegatione
515 3137 771 3202 defendit,
799 3145 854 3191 ut
881 3135 1023 3190 dicat
1045 3148 1104 3188 se
1127 3132 1333 3204 patroni
1358 3130 1437 3185 sui
1465 3128 1762 3184 festinatio-

223 3248 338 3300 nem,
360 3247 500 3303 quam
527 3231 615 3286 ille
644 3230 697 3284 in
722 3223 1147 3284 transmittendis
1171 3221 1384 3279 schedis
1406 3220 1614 3288 habuit,
1641 3219 1763 3275 imi-

223 3325 297 3380 tari
323 3323 562 3394 praecipiti
592 3322 947 3393 responsione
975 3317 1204 3374 voluisse
1229 3334 1243 3370 :
1274 3313 1427 3388 quasi
1456 3329 1561 3369 non
1588 3313 1764 3369 hone-

220 3417 413 3472 stissime
437 3415 664 3487 potuerit
692 3414 939 3469 intimare
961 3421 1169 3481 tempus
1188 3408 1289 3465 sibi
1318 3406 1531 3478 aliquod
1563 3405 1764 3462 debere

220 3509 419 3575 concedi,
448 3522 553 3579 quo
576 3506 643 3563 ad
686 3504 972 3563 lectionem
1014 3502 1143 3558 editi
1190 3501 1371 3571 operis
1420 3498 1759 3570 pervenire;

218 3597 429 3670 ﬂagitium
456 3613 573 3655 esse
594 3598 735 3653 inter
757 3594 998 3652 eruditos
1023 3594 1079 3649 in
1100 3590 1367 3649 scribendi
1392 3589 1653 3661 gravitate
1673 3587 1768 3644 de-

218 3690 444 3761 linquere,
477 3700 530 3748 et
560 3687 894 3762 impatientia
923 3684 1253 3744 deliberandi
1281 3685 1594 3756 impugnare
1619 3681 1762 3753 quod

218 3786 405 3843 nescias.
428 3786 545 3842 Huc
573 3783 813 3851 accedit,
843 3782 988 3855 quod
1023 3780 1179 3837 nobis
1207 3779 1516 3835 calliditatis
1548 3778 1767 3833 molitu-

219 3896 286 3935 rus
304 3861 541 3936 invidiam
561 3922 577 3948 ,
608 3894 729 3951 quas
752 3877 1015 3933 dictorum
1044 3874 1161 3946 ejus
1188 3874 1384 3929 seriem
1408 3870 1698 3926 curtaverit
1720 3871 1762 3938 ³,

219 3969 545 4043 hisexcerptis
580 3969 740 4025 fidem
765 3965 1224 4030 accommodavit,
1266 3979 1385 4035 quae
1421 3962 1764 4018 verisimilius

217 4061 403 4120 falsitate
418 4064 539 4136 ejus
564 4074 619 4119 et
648 4062 998 4134 malignitate,
1017 4074 1174 4130 quam
1190 4057 1499 4128 cujusquam
1523 4064 1765 4110 nostrum

216 4155 413 4227 impcrita
446 4158 785 4229 simplicitate
812 4154 1058 4210 videntur
1078 4167 1198 4208 esse
1219 4151 1535 4221 composita.
1562 4147 1765 4205 Verum

215 4245 254 4300 id
272 4250 439 4318 quovis
470 4249 670 4314 animo,
702 4246 891 4318 quovis
916 4252 1135 4300 auctore
1162 4242 1476 4312 contigerit;
1506 4240 1660 4296 nobis
1687 4247 1767 4294 ta-

216 4355 309 4395 men
331 4341 535 4397 duobus
563 4340 885 4413 suffragatur
910 4336 1122 4393 modis:
1151 4337 1275 4407 quia
1317 4334 1473 4389 simul
1517 4333 1687 4404 patuit
1710 4342 1766 4388 et

215 4443 371 4499 quanta
394 4435 462 4490 sit
486 4434 710 4499 levitas,
744 4441 800 4488 et
828 4420 1025 4503 quanta
1064 4428 1402 4485 imbecillitas
1441 4427 1494 4482 in
1524 4427 1765 4483 veritatis

214 4521 412 4592 inimico,
439 4526 532 4597 qui
561 4539 620 4580 se
648 4523 981 4595 approbavit,
1011 4531 1064 4577 et
1090 4536 1209 4577 cum
1238 4519 1381 4591 loqui
1413 4535 1518 4573 non
1541 4518 1759 4586 debeat,

214 4621 357 4670 tacere
383 4632 485 4670 non
514 4631 693 4687 posse,
728 4623 782 4671 et
811 4613 992 4685 paucis
1029 4610 1341 4682 semiplenis
1371 4609 1764 4680 discerptisque

211 4707 346 4777 magis
368 4725 525 4780 quam
548 4706 844 4780 aggregatis
869 4705 1169 4770 sententiis,
1192 4703 1259 4759 de
1279 4704 1453 4774 primo
1477 4688 1766 4758 tamenso-

210 4797 298 4853 Ium
323 4801 452 4857 libro
481 4817 603 4856 meo
633 4801 701 4854 ita
734 4799 961 4854 cessisse
996 4796 1223 4851 fractum
1244 4794 1287 4860 ⁸,
1318 4804 1378 4850 ιιι
1403 4793 1543 4865 vulgi
1585 4794 1638 4848 in
1668 4808 1766 4849 nos

208 4886 421 4947 femineis
471 4890 759 4946 admodum
817 4887 1037 4943 vocibus
1090 4896 1305 4956 pectora
1355 4891 1761 4941 commoveret:

208 4983 325 5052 quod
347 4984 722 5057 disputationis
755 4990 953 5038 nostra:
982 4978 1323 5052 processibus
1347 4976 1642 5048 apparebit.

257 5200 273 5231 ³
302 5199 433 5259 mliti,
459 5200 547 5252 sed
581 5199 744 5260 verba,
782 5199 988 5257 omisso,
1027 5208 1147 5260 per;
1183 5206 1329 5258 quam
1360 5191 1642 5257 particulam
1673 5191 1766 5244 hoc

207 5256 486 5312 locohabent
509 5270 616 5314 uss.
784 5268 895 5310 Mar.
924 5265 977 5309 et
999 5256 1124 5308 Pbrt.

256 5326 275 5354 ⁸
304 5325 723 5387 νὶεηὶειοίυεμυνο,
747 5322 829 5385 qui
852 5320 1167 5387 cum,_invitis
1204 5317 1570 5387 manuscriptis,
1597 5327 1766 5387 corre-

206 5391 345 5456 gerat,
355 5381 454 5448 quo
468 5381 598 5456 cum.
607 5381 899 5456 _l:.oqui'amalt'
910 5382 1249 5456 Julianusncum
1264 5381 1569 5456 'Cicet'ouemac
1584 5385 1766 5456 Teren-

207 5445 279 5511 tio,
298 5442 472 5511 quibus
493 5442 734 5511 lautitiaris
757 5454 833 5511 est
852 5443 937 5494 ille
956 5443 1145 5511 dicendi
1390 5442 1463 5490 sic
1484 5442 1764 5511 Terentius,

206 5502 391 5558 Eunu'di.
416 5508 584 5566 actr4,
610 5521 742 5559 scen.
768 5507 815 5567 6,
843 5519 971 5555 vers.
1006 5504 1063 5554 ‘21
1089 5519 1106 5567 ς
1137 5523 1158 5551 α
1181 5506 1371 5567 quicum
1392 5515 1477 5552 res
1494 5502 1580 5550 tibi
1606 5510 1699 5567 est.

258 5569 278 5601 ⁸
307 5561 583 5633 vignierius
594 5605 609 5628 ,
630 5568 757 5633 quod
775 5561 1167 5633 “dictorum‘fjus
1187 5561 1359 5633 seriem
1382 5561 1685 5633 curtgwerim.
1699 5570 1770 5633 _At.

207 5632 316 5701 Iss3
478 5625 689 5701 (scilicet
717 5629 971 5701 calliditas)
1015 5625 1386 5701 didtqrum__eju.s
1405 5626 1756 5701 ῳνᾷειηνσὶιινιιξ-

206 5686 410 5763 υεζὶίτ-Ᾱι»
434 5686 527 5743 hac
544 5692 755 5763 lectione
771 5686 971 5762 proliius
990 5689 1231 5763 recedens
1251 5686 1501 5738 uenardus
1528 5686 1765 5747 ediderat,

206 5762 278 5846 qui
978 5759 1415 5877 ’m'nm.
1461 5810 1765 5875 vignierius,

206 5874 437 5934 item
454 5876 689 5944 fractam.
1542 5937 1546 5940 j
1670 5940 1676 5944 Α

1550 339 1754 398 LIBER
1790 340 2061 400 PRIMUS.

3315 344 3460 405 £058

1945 457 2079 515 Anc.
2109 456 2245 526 Quid
2273 457 2400 512 mihi
2422 457 2686 521 irasceris,
2709 456 2850 527 quod
2875 457 2943 513 ad
2971 472 3057 514 me
3078 457 3201 515 libri
3227 459 3304 515 tui
3328 474 3452 529 per-

1854 549 2054 605 -venire
2086 549 2286 604 tardius
2319 557 2636 620 potuerunt;
2668 550 2748 604 vel
2777 549 2920 621 quod
2947 565 3038 605 eos
3063 566 3310 621 quaerens
3338 564 3455 607 non

1870 642 2015 713 potui
2042 642 2290 699 celeriter
2315 640 2593 698 invenire?
2622 651 2799 697 tamen
2832 641 2974 711 potui
3011 650 3067 696 et
3100 644 3317 699 omnino
3351 641 3453 699 de—

1870 734 1980 803 bui,
2011 750 2074 792 ea
2099 751 2218 807 quae
2244 734 2371 790 mihi
2416 735 2577 790 missa
2619 732 2857 789 chartula
2900 733 3238 801 continebat,
3267 734 3452 804 cujus-

1868 842 2096 900 cumque
2112 840 2164 885 et
2183 828 2591 900 qualiacumque
2608 837 2808 896 essent,
2826 841 2894 882 ne
2909 836 3219 897 putarentur
3233 826 3452 894 invicta,

1870 921 2025 991 plane
2059 921 2289 991 apertis,
2321 935 2429 974 non
2454 918 2708 974 involutis
2735 917 2904 974 oculis
2934 918 3230 987 inspicere,
3254 927 3310 972 et
3333 917 3451 973 sine

1868 1012 2122 1069 dilatione
2148 1013 2394 1069 refellere
2418 1033 2432 1070 :
2454 1014 2578 1084 quia
2608 1011 2709 1068 etsi
2738 1027 3005 1082 nunquam
3037 1011 3200 1067 libros
3228 1018 3347 1065 tuos
3364 1024 3453 1068 re-

1868 1103 2045 1177 perire
2076 1120 2310 1175 possem.
2339 1104 2576 1174 oportuit
2604 1113 2663 1159 ut
2687 1119 2750 1160 ea
2779 1119 2901 1174 quae
2926 1102 3155 1173 alicujus
3194 1100 3451 1157 momenti

1868 1212 1989 1255 esse
2013 1197 2270 1265 credidit,
2301 1197 2391 1270 qui
2434 1207 2582 1252 tanto
2608 1197 2724 1252 viro
2752 1195 3042 1251 arbitratus
3068 1203 3296 1250 estesse
3330 1193 3454 1250 mit-

1868 1291 2044 1356 tenda,
2077 1299 2332 1363 quantum
2358 1291 2612 1356 valerem,
2640 1306 2708 1345 ne
2734 1288 3016 1377 quisquam
3048 1287 3232 1358 legens
3252 1286 3331 1342 eis
3360 1286 3456 1342 de-

1866 1384 2151 1454 ciperetur,
2184 1399 2481 1456 arguerem.
2518 1382 2638 1439 Non
2677 1398 2806 1453 ergo
2855 1382 2983 1437 mihi
3024 1380 3167 1452 quod
3211 1380 3455 1450 objecistt

1866 1476 2147 1548 objiceres,
2170 1476 2271 1543 nisi
2299 1484 2353 1530 tu
2384 1476 2561 1545 potius
2588 1475 2710 1542 ista,
2741 1484 2797 1529 ut
2820 1491 2926 1528 non
2946 1473 3121 1529 dicam
3151 1472 3450 1535 exstinctis,

1864 1581 2009 1627 certe
2035 1569 2228 1625 clausis
2256 1568 2422 1623 oculis
2451 1568 2766 1640 loquereris.
2798 1565 2955 1623 Nullo
2979 1565 3137 1621 modo
3164 1572 3341 1620 autem
3362 1562 3448 1619 di-

1864 1677 2047 1730 ceres,
2073 1661 2215 1734 vulgi
2240 1678 2270 1716 a
2300 1661 2453 1717 nobis
2481 1661 2532 1716 in
2562 1675 2659 1715 vos
2703 1668 2919 1731 pectora
2948 1655 3312 1722 commoveri,
3345 1653 3450 1711 nisi

1863 1757 2030 1814 scires
2048 1755 2440 1812 multitudinem
2455 1755 2798 1811 christianam
2819 1755 2870 1808 in
2887 1763 3116 1823 utroque
3137 1766 3269 1807 sexu
3290 1749 3451 1806 ﬁdem

1863 1851 2179 1908 catholicam
2209 1867 2313 1907 non
2342 1850 2531 1916 latere,
2564 1863 2723 1920 quam
2743 1848 2956 1902 conaris
2978 1856 3239 1901 evertere.

1934 1944 2055 2001 XX.
2084 1943 2205 2000 Jun.
2228 1942 2506 1999 Admoneo
2535 1932 2713 1997 tamen
2738 1938 2825 1995 hic
2850 1953 3083 2009 quoque,
3112 1936 3252 1992 sicut
3271 1935 3450 2006 priore

1864 2052 1894 2092 a
1919 2036 2073 2092 nobis
2095 2051 2257 2108 Opere
2285 2035 2486 2092 factum
2512 2043 2627 2102 est,
2658 2050 2765 2090 non
2792 2048 2878 2088 me
2904 2032 3080 2089 omnia
3121 2029 3449 2086 examussim

1864 2128 1979 2200 ejus
2004 2129 2163 2185 verba
2193 2128 2519 2198 positurum;
2550 2125 2646 2182 sed
2674 2140 2737 2180 ea
2776 2123 2978 2196 capita,
3021 2122 3214 2194 quibus
3236 2120 3451 2177 destru-

1865 2222 1986 2290 ctis,
2014 2221 2269 2278 naturalis
2297 2220 2422 2276 mali
2451 2218 2631 2291 opinio
2659 2226 2990 2274 conteratur.
3142 2272 3145 2275 λ

1935 2315 2073 2372 Anc.
2115 2314 2225 2368 Ea‘
2254 2328 2373 2383 qua:
2418 2310 2816 2381 praetermittis,
2857 2309 3172 2380 colligentur
3213 2306 3342 2362 forte
3384 2322 3438 2360 se

1865 2407 1950 2463 vel
1979 2422 2010 2461 a
2043 2406 2194 2461 nobis
2221 2405 2304 2460 vel
2320 2403 2397 2461 ab
2434 2403 2589 2471 aliis,
2636 2409 2697 2457 ut
2739 2409 2994 2473 appareat
3019 2416 3116 2456 cur
3148 2399 3446 2470 praetumi-

1865 2499 2022 2555 seris.

1937 2591 2080 2648 XXI.
2105 2591 2225 2648 Jun.
2264 2590 2418 2660 Quod
2460 2590 2587 2646 licet
2625 2588 2784 2660 plene
2824 2586 3000 2658 primo
3037 2598 3202 2655 opere
3241 2590 3452 2639 constet

1865 2684 2153 2743 effectum:
2185 2693 2358 2740 tamen
2412 2682 2661 2754 quoniam
2719 2694 2862 2735 nunc
2914 2677 3170 2734 nonnulla
3220 2676 3288 2732 de
3338 2690 3448 2732 uno

1866 2778 2121 2834 duntaxat
2149 2777 2287 2833 libro
2315 2791 2433 2831 meo
2461 2775 2560 2830 sibi
2593 2771 2881 2829 refellenda
2910 2769 3211 2842 proposuit,
3235 2784 3448 2841 meque,

1865 2879 1927 2926 ut
1950 2869 2266 2942 praelocutus
2286 2870 2308 2901 ¹
2327 2883 2468 2934 sum,
2490 2867 2684 2937 arguit,
2705 2863 2847 2936 quod
2864 2865 3035 2935 capita
3051 2863 3313 2930 dictorum
3338 2862 3454 2933 ejus
3545 2926 3559 2941 .

1867 2980 1985 3036 qua:
2012 2963 2230 3030 inserui,
2262 2976 2451 3032 magna
2480 2975 2546 3017 ex
2580 2969 2729 3030 parte
2757 2956 3143 3022 truncaverim;
3174 2955 3451 3013 ostendam

1868 3058 2062 3129 primo,
2081 3056 2132 3111 id
2154 3054 2293 3127 quod
2319 3052 2679 3124 reprehendit,
2698 3067 2800 3108 nec
2822 3068 2854 3107 a
2875 3066 2960 3108 me
2979 3067 3101 3108 esse
3120 3050 3337 3113 factum,
3359 3059 3415 3106 et
3433 3048 3454 3080 ³

1867 3149 1936 3206 ab
1960 3149 2051 3204 illo
2076 3145 2536 3218 impudentissime
2562 3143 2613 3199 in
2644 3143 2748 3199 hoc
2777 3143 2969 3199 eodem
2998 3156 3163 3211 opere
3200 3139 3452 3210 frequen-

1870 3249 2055 3296 tatum.
2082 3238 2230 3293 Tunc
2259 3236 2512 3308 probabo,
2546 3235 2653 3290 illis
2676 3235 2805 3305 ipsis
2833 3233 3065 3289 concisis
3090 3231 3453 3301 brevibusque

1867 3332 2169 3399 sententiis,
2199 3343 2332 3401 quas
2354 3329 2423 3385 de
2447 3328 2659 3400 scriptis
2688 3327 2842 3392 meis,
2865 3326 3058 3397 quibus
3086 3324 3256 3380 fuerat
3280 3324 3456 3393 impu-

1868 3436 2079 3498 gnatus,
2108 3423 2408 3491 interserit,
2437 3422 2509 3476 ita
2539 3421 2696 3476 nullis
2722 3435 2843 3477 eum
2871 3418 3054 3475 solidis
3090 3418 3455 3488 responsioni-

1869 3518 1971 3575 bus
1997 3515 2289 3582 obstitisse,
2321 3524 2379 3569 nt
2404 3523 2458 3570 et
2486 3514 2574 3568 illa
2600 3515 2845 3568 invexata
2875 3518 3260 3582 permaneant,
3289 3520 3344 3567 et
3365 3510 3453 3565 hic

1872 3612 2078 3684 planius
2105 3607 2417 3665 detestanda
2452 3607 2699 3675 fateatur,
2727 3620 2888 3678 quam
2916 3614 3100 3661 nostra
3129 3604 3304 3661 oratio
3324 3602 3452 3659 ⁸1³-

1868 3706 2150 3762 boraverat
2175 3701 2461 3771 explicare.

1940 3798 2076 3854 Anc.
2105 3795 2223 3850 .lam
2251 3793 2494 3864 superius
2512 3792 2577 3847 ad
2600 3792 2699 3847 ista
2723 3789 2998 3861 respondi.

1940 3888 2107 3943 XXII.
2137 3887 2257 3943 Jun.
2284 3883 2505 3940 Attoniti
2536 3897 2698 3954 ergo,
2729 3880 2857 3953 quid
2895 3889 3080 3937 contra
3106 3895 3195 3937 me
3217 3880 3453 3953 scripse-

1869 3982 1960 4048 rit,
1990 3979 2288 4035 audiamus.
2318 3995 2338 4030 t
2369 3976 2563 4044 Verba,
2596 3995 2615 4028 ι
2641 3975 2831 4046 inquit,
2861 3991 2882 4027 ι
2910 3973 2978 4030 de
2999 3974 3135 4030 libro
3153 3990 3279 4030 meo
3304 3964 3467 4030 tibia

1870 4087 1959 4129 me
1986 4073 2149 4127 misso
2180 4070 2380 4140 tibique
2404 4067 2686 4122 notissimo
2714 4068 2813 4121 ista
2846 4066 3042 4136 posuit,
3068 4082 3189 4137 quae
3217 4065 3452 4122 refutare

1868 4173 2091 4221 conatus
2110 4172 2193 4219 est
2217 4179 2231 4214 :
2256 4162 2606 4216 Damnatores
2634 4172 2731 4213 nos
2751 4171 2873 4213 esse
2902 4158 3225 4227 nuptiarum,
3248 4157 3457 4228 operis-

1869 4272 1972 4329 que
1998 4255 2195 4321 divini,
2229 4269 2334 4324 quo
2362 4268 2430 4309 ex
2454 4251 2693 4307 maribus
2718 4258 2773 4307 et
2800 4250 3013 4305 feminis
3043 4251 3181 4307 Deus
3207 4250 3454 4307 homines

1869 4356 2037 4416 creat,
2056 4345 2467 4402 invidiosissime
2482 4344 2756 4399 clamitant
2778 4359 2793 4396 :
2817 4344 3069 4414 quoniam
3085 4342 3333 4410 dicimus,
3357 4359 3454 4399 eos

1868 4442 1959 4514 qui
1987 4441 2053 4497 de
2079 4440 2172 4496 tali
2190 4433 2906 4504 commixtione‘nascuntur,
2935 4434 3147 4491 trahere
3184 4435 3446 4506 originale

1871 4543 2179 4607 peccatum;
2204 4547 2422 4603 eosque,
2446 4530 2514 4587 de
2538 4530 3015 4601 qualibuscumque
3033 4528 3341 4599 parentibus
3364 4544 3457 4585 na-

1869 4636 2107 4694 scantur,
2137 4640 2244 4683 non
2270 4638 2525 4693 negamus
2562 4621 2736 4677 adhuc
2771 4636 2892 4677 esse
2933 4619 3035 4675 sub
3076 4618 3324 4686 diabolo,
3352 4618 3457 4675 nisi

1868 4724 2217 4774 renascantur
2239 4715 2293 4769 in
2308 4712 2539 4768 Christo.
2561 4709 2619 4766 In
2644 4710 2728 4765 his
2742 4709 2921 4765 verbis
2935 4708 3070 4765 meis
3090 4709 3452 4766 testimonium

1866 4809 2132 4882 Apostoli,
2156 4806 2297 4877 quod
2322 4804 2612 4874 interposui
2640 4803 3003 4873 praetermisit,
3021 4802 3174 4873 cujus
3199 4817 3258 4858 se
3279 4803 3450 4874 premi

1869 4919 2058 4974 magna
2086 4900 2225 4956 mole
2253 4898 2535 4954 sentiebat.
2560 4896 2673 4968 Ego
2702 4895 2845 4950 enim
2880 4910 3000 4952 cum
3028 4895 3316 4963 dixissem,
3351 4895 3450 4951 ho-

1871 4996 2047 5053 mines
2070 4992 2284 5048 trahere
2310 4989 2568 5061 originale
2598 4997 2875 5059 peccatum
2893 5030 2908 5055 ,
2939 5003 3064 5044 mox
3089 4987 3309 5059 adjunxi
3333 5004 3348 5042 :
3376 4987 3455 5044 De

1784 5086 1789 5093 ”
1870 5101 1976 5158 quo
2004 5082 2288 5156 Apostolus
2309 5081 2401 5147 ait,
2430 5078 2536 5134 Per
2558 5096 2717 5135 unum
2741 5078 2994 5133 hominem
3013 5087 3275 5151 peccatum
3288 5079 3455 5133 intra-

1869 5180 1940 5235 vit
1967 5178 2022 5233 in
2047 5176 2312 5241 mundum,
2335 5183 2380 5228 et
2407 5190 2496 5245 per
2518 5181 2775 5243 peccatum
2802 5186 2968 5236 mors;
3001 5178 3047 5225 et
3086 5170 3161 5224 ita
3197 5170 3251 5224 in
3282 5185 3454 5225 omne:

1872 5272 2098 5327 homines
2118 5268 2429 5340 pertransiit,
2455 5267 2510 5320 in
2534 5283 2632 5338 quo
2653 5282 2825 5321 omnes
2846 5272 3173 5336 peccaverunt
3192 5262 3370 5335 (Rom.
3397 5276 3453 5329 ν,

1874 5366 1960 5438 12)
1988 5383 2002 5420 :
2025 5378 2131 5434 quo
2152 5360 2477 5424 testimonio,
2496 5368 2555 5415 ut
2573 5359 2821 5423 diximus,
2853 5355 3230 5428 praetermisso,
3256 5359 3455 5408 caetera
3530 5390 3535 5395 -

1872 5458 1961 5515 illa
1986 5456 2260 5512 contexuit
2294 5470 2415 5524 quae
2457 5467 2619 5523 supra
2658 5455 3073 5506 commemorata
3111 5451 3256 5499 sunt.
3296 5441 3460 5500 Novit

1873 5550 2013 5607 enim
2043 5545 2493 5620 quemadmodum
2529 5545 2735 5603 soleant
2775 5543 2890 5599 haec
2930 5539 3092 5596 verba
3128 5536 3457 5608 apostolica,

1938 5683 1955 5716 ¹
1990 5688 2093 5733 Duo
2114 5690 2242 5740 Mss,
2267 5688 2331 5732 et.

1937 5747 1958 5779 ³
1989 5746 2063 5794 sic
2080 5752 2184 5794 Mss.
2202 5743 2323 5794 mliti
2340 5776 2358 5803 ,
2380 5741 2669 5806 prolocutus.

1939 5807 1960 5871 ἓ
1995 5807 2285 5870 vignierius,
2308 5803 2572 5854 utilelius
2600 5804 2809 5871 Iss.,et.

1940 5869 1961 5903 δ
1993 5868 2100 5920 Mss.
2139 5875 2268 5923 Fort.
2294 5868 2743 5930 etnar.,oporatio.
