3996 6524
454 416 461 425 “
491 398 633 473 i639

491 532 608 596 qua:
638 519 979 593 pmtemisit
1002 561 1018 589 ,
1055 518 1298 593 accipere
1341 516 1722 576 catholicorum
1751 512 1909 573 corda
1944 514 2073 570 iide-

491 612 619 671 iium
650 631 663 668 :
692 598 825 686 qure'
840 613 1001 671 verba
1031 622 1137 669 tam
1167 623 1312 670 recta
1342 622 1396 668 et
1435 619 1577 669 tanta
1623 613 1740 668 luce
1781 607 2035 680 fulgentia
2056 649 2072 674 ,

491 706 788 762 tenebrosis
812 708 867 762 et
905 703 1157 762 tortuosis
1186 702 1714 775 interpretationibus
1740 699 1862 756 novi
1893 700 2067 755 luere-

489 798 577 854 tici
614 800 903 856 obscurare
946 806 1000 854 et
1039 796 1335 868 depravare
1375 792 1684 851 moliuntur.
1731 786 1933 851 Deinde
1972 786 2076 848 alia

489 906 609 947 mea
641 893 797 948 verba
828 890 1115 957 subtexuit,
1144 889 1229 945 ubi
1259 886 1367 946 dixi
1398 904 1410 943 ε
1438 904 1536 945 nec
1573 883 1891 953 advertunt,
1933 885 2079 958 quod

489 982 560 1041 ita
590 986 886 1056 nuptiarum
918 968 1110 1039 bonum
1146 980 1285 1039 malo
1310 980 1552 1055 originali
1579 974 1723 1053 quod
1754 976 1877 1038 inde
1904 974 2078 1044 trahi-

492 1084 577 1131 tur
605 1092 708 1131 non
737 1082 906 1146 potest
934 1074 1203 1140 accusari,
1236 1074 1369 1129 sicut
1398 1069 1778 1127 adulteriorum
1810 1076 1866 1129 et
1895 1068 2071 1127 forni-

490 1167 759 1225 cationum
800 1170 997 1224 malum
1039 1168 1180 1225 bono
1225 1165 1449 1223 naturali
1498 1160 1638 1237 quod
1681 1162 1804 1222 inde
1843 1164 2079 1220 nascitur

491 1270 597 1317 non
631 1269 801 1331 potest
827 1261 1089 1317 excusari.
1120 1256 1250 1315 Nam
1279 1260 1413 1313 sicut
1443 1266 1718 1329 peccatum
1740 1300 1753 1322 ,
1798 1257 1910 1314 sive
1955 1252 2080 1313 hinc

489 1354 603 1411 sive
644 1352 766 1411 inde
793 1370 823 1411 a
851 1354 1085 1427 parvulis
1124 1354 1384 1420 trahatur,
1431 1367 1566 1424 Oplts
1604 1360 1687 1407 est
1730 1346 1967 1415 diaboli;
2000 1348 2079 1406 sic

490 1440 686 1510 homo,
734 1446 845 1500 sive
890 1445 1016 1500 hinc
1059 1446 1171 1500 sive
1210 1440 1332 1500 inde
1378 1449 1649 1509 nascatur,
1680 1457 1815 1512 opus
1841 1449 1925 1496 est
1962 1436 2074 1496 Dei.

491 1532 662 1591 Etiam
693 1537 774 1589 hic
801 1552 862 1591 ea
892 1533 1258 1606 praetermisit,
1302 1535 1353 1587 in
1382 1533 1573 1603 quibus
1607 1546 1765 1588 aures
1789 1529 2079 1587 catholicas

491 1629 685 1687 timuit.
710 1627 840 1683 Nam
873 1636 931 1683 ut
952 1624 1017 1683 ad
1048 1622 1163 1682 haec
1188 1624 1350 1681 verba
1374 1626 1665 1693 veniretur,
1690 1640 1849 1698 supra
1876 1624 2078 1680 dictum

487 1728 603 1774 erat
626 1732 654 1773 a
677 1716 829 1773 nobis
854 1732 867 1773 :
897 1714 1009 1773 Hoc
1032 1732 1163 1788 ergo
1183 1716 1306 1787 quia
1334 1716 1576 1780 dicimus,
1602 1714 1743 1786 quod
1769 1715 2080 1787 antiquissi—

488 1818 573 1863 ma
596 1817 754 1880 atque
777 1806 1081 1863 firmissima
1103 1807 1383 1863 catholica:
1401 1804 1523 1862 fidei
1542 1804 1723 1878 regula
1752 1808 2075 1874 continetur,

490 1900 578 1955 isti
610 1900 804 1956 novelli
831 1904 885 1956 et
911 1886 1145 1969 perversi
1182 1896 1444 1968 dogmatis
1469 1904 1797 1965 assertores,
1830 1897 1919 1970 qui
1948 1892 2079 1954 nihil

490 1993 693 2063 peccati
724 2008 846 2048 esse
876 1990 928 2047 in
959 1988 1195 2062 parvulis
1220 1990 1405 2047 dicunt
1433 1986 1574 2062 quod
1602 1992 1815 2046 lavacro
1852 2000 2078 2063 regene-

488 2087 708 2141 rationis
752 2082 1021 2152 abluatur,
1070 2092 1322 2154 tanquam
1366 2083 1685 2138 damnemus
1732 2081 1980 2154 nuptias,
2026 2090 2082 2139 et

488 2181 735 2247 tanquam
762 2188 897 2249 epos
928 2174 1043 2245 Dei,
1073 2176 1175 2232 hoc
1203 2186 1305 2243 est,
1338 2175 1610 2231 hominem
1640 2176 1728 2248 qui
1756 2188 1823 2232 ex
1850 2170 1955 2231 illis
1984 2188 2081 2231 ua-

487 2272 672 2336 scitur,
700 2286 836 2340 Opus
864 2266 1060 2325 diaboli
1087 2281 1207 2325 esse
1236 2268 1508 2333 dicamus,
1547 2266 1833 2324 inﬁdeliter
1861 2268 1949 2324 vei
1973 2266 2078 2324 lm-

487 2354 659 2433 perite
696 2358 1111 2418 calumniantur.
1154 2361 1250 2417 iiis
1294 2373 1420 2432 ergo
1462 2358 1662 2418 nostris
1707 2359 2079 2433 praetermissis

487 2466 782 2527 sequuntur
802 2450 891 2511 ilia
915 2465 1095 2511 nostra
1125 2466 1242 2526 qua:
1262 2452 1461 2525 posuit,
1486 2456 1799 2526 sicutsupra
1821 2455 2076 2527 scriptum

487 2556 569 2601 est
598 2566 617 2599 ι
652 2545 771 2619 (De
791 2545 1001 2617 Nuptiis
1033 2555 1079 2602 et
1111 2545 1558 2618 Concupiscentt'a,
1584 2546 1754 2611 [117.2,
1782 2564 1870 2601 nn.
1894 2548 1949 2611 5,
1978 2547 2011 2602 4

486 2626 777 2707 Quousque
797 2632 1144 2707 simplicitati,
1171 2638 1262 2708 qui
1290 2633 1404 2693 haec
1423 2634 1683 2708 loqueris,
1703 2632 2078 2709 religiosorum

488 2738 767 2799 peetorum
814 2735 867 2784 et
912 2728 1179 2799 imperitis
1235 2729 1455 2783 auribus
1505 2728 1767 2799 perstabis
1817 2724 2082 2786 lliudere?

488 2832 650 2892 quem
691 2814 759 2876 ad
805 2819 963 2876 linem
1010 2831 1133 2877 sese
1172 2820 1500 2891 impudentia
1526 2819 1785 2877 effrenata
1822 2820 2083 2892 iactabit?

490 2907 631 2966 Nihil
663 2920 735 2979 te,
764 2924 885 2967 cum
914 2908 1027 2967 haec
1055 2911 1342 2977 scriberes,
1369 2922 1595 2967 censura
1621 2912 1897 2968 doctorum
1929 2908 2076 2967 viro-

489 3012 631 3071 rum,
658 3002 791 3058 nihil
820 3000 1116 3060 reverentia
1146 3000 1306 3058 futuri
1326 3000 1535 3074 judicii,
1566 3001 1696 3058 nihil
1720 3002 1835 3075 ipsa
1867 3002 2078 3059 littera-

490 3104 611 3149 rum
662 3100 1005 3149 monumenta
1052 3092 1375 3149 mmorant?
1417 3091 1612 3151 Patere
1649 3091 1762 3166 jam
1816 3092 2081 3151 fallaciam

492 3192 659 3252 tuam,
691 3196 746 3239 et
773 3184 1160 3255 deprehensam
1190 3184 1359 3241 teneri
1390 3197 1497 3241 non
1523 3182 1710 3240 vides?
1728 3182 1865 3253 Qum
1890 3184 1943 3241 in
1967 3186 2081 3259 pri-

492 3290 602 3342 mo,
631 3275 758 3348 quid
789 3277 841 3333 iu
868 3276 1106 3333 secundo
1132 3288 1297 3349 opere
1320 3276 1707 3349 conscripseris
1724 3318 1741 3347 ,
1778 3292 1936 3350 quem
1981 3292 2083 3335 no-

493 3372 664 3425 strum
707 3369 952 3440 ignorare
991 3369 1306 3426 arbitraris?
1330 3368 1508 3426 Libuit
1550 3370 1693 3425 enim
1739 3380 1958 3443 prorsus
1981 3413 1998 3440 ,
2028 3378 2087 3429 et

495 3456 694 3528 decuit,
715 3461 867 3517 histe
890 3461 1217 3532 compellare
1240 3462 1437 3529 modis,
1460 3462 1653 3532 quibus
1678 3463 1733 3517 in
1761 3462 2080 3535 parricidam

495 3555 767 3626 publicum
794 3555 1055 3626 eloquens
1079 3553 1279 3612 Consul
1307 3553 1581 3610 infremuit
1605 3552 1837 3629 (Cicera,
1868 3553 2017 3611 Orat.
2052 3558 2079 3613 1

498 3646 553 3700 tu
574 3640 900 3717 Catilinam).

567 3739 703 3795 Auo.
738 3738 880 3793 Bene
917 3736 1050 3792 facis
1096 3738 1137 3807 ί,
1194 3737 1431 3793 indicare
1478 3736 1651 3802 nobis,
1700 3750 1767 3793 ne
1803 3737 1939 3796 forte
1981 3750 2085 3795 non

497 3844 911 3900 agnosceremus
933 3870 948 3894 ,
980 3829 1050 3885 de
1079 3829 1357 3885 invectivis
1399 3828 1675 3885 Ciceronis
1714 3834 1768 3887 te
1810 3826 1909 3887 ista
1937 3842 2087 3887 stim-

500 3923 674 3991 psissc
716 3926 876 3991 atque
908 3921 1135 3978 vertisse
1168 3936 1185 3975 :
1222 3921 1318 3976 sed
1348 3932 1453 3975 non
1492 3922 1741 3978 timemus
1781 3922 2047 3979 Iulianum
2069 3966 2085 3992 ,

499 4023 622 4068 eum
652 4013 895 4067 videmus
919 4010 1114 4068 factum
1142 4022 1263 4068 esse
1286 4012 1621 4077 Tullianum:
1651 4014 1761 4068 imo
1799 4016 1975 4086 potius
1995 4014 2091 4071 do-

504 4104 678 4159 lemus
719 4105 1001 4171 insanum,
1059 4115 1180 4158 cum
1229 4103 1473 4159 videmus
1524 4114 1743 4160 sensum
1795 4106 2091 4175 perdidisse

504 4197 872 4253 christianum.
900 4197 1039 4263 Quid
1066 4196 1207 4251 enim
1238 4197 1477 4251 insanius
1497 4238 1511 4261 ,
1553 4206 1713 4267 quam
1744 4197 2029 4269 prohibere
2059 4210 2089 4254 a

504 4290 739 4361 parvulis
767 4287 1027 4344 medicum
1063 4285 1335 4344 Christum
1361 4330 1377 4354 ,
1398 4288 1630 4344 dicendo
1655 4304 1763 4344 non
1788 4300 1909 4346 esse
1933 4291 1987 4346 in
2014 4288 2092 4347 eis

503 4383 645 4452 quod
665 4384 689 4415 ⁸
707 4381 850 4436 venit
871 4381 958 4435 ille
974 4380 1199 4436 sanare?
1219 4378 1407 4436 Cicero
1422 4380 1661 4437 invectus
1688 4382 1741 4437 in
1766 4384 1951 4453 patriae
1974 4396 2094 4456 par-

505 4473 756 4542 ricidam,
806 4484 925 4530 eam
961 4473 1281 4530 defendebat
1320 4473 1587 4529 civitatem
1632 4486 1790 4545 quam
1828 4488 1923 4533 rex
1976 4476 2093 4547 ejus

509 4566 787 4629 ltomulus,
817 4567 1157 4638 congregatis
1180 4564 1553 4635 undecumque
1579 4566 1948 4635 peccatoribus
1963 4578 2095 4623 con-

500 4660 668 4717 didit:
687 4669 742 4713 tu
766 4664 944 4715 autem
966 4664 1043 4714 tot
1059 4657 1325 4729 parvulos.
1344 4657 1437 4730 qui
1460 4658 1578 4714 sine
1595 4668 1752 4714 sacro
1770 4658 2096 4731 Baptismatc

508 4753 828 4817 moriuntur,
854 4756 911 4806 et
937 4752 1137 4807 clamas
1159 4756 1434 4822 peccatum
1458 4748 1660 4806 nullum
1696 4749 1917 4822 habere,
1946 4756 1999 4808 et
2027 4752 2092 4808 ad

507 4845 776 4901 civitatem
814 4842 1006 4911 Regis,
1037 4842 1103 4898 ad
1132 4842 1287 4914 cujus
1313 4842 1597 4913 imaginem
1626 4840 1755 4900 facti
1792 4848 1946 4911 sunt,
1987 4852 2096 4901 non

511 4936 779 5012 permittis
802 4934 1080 4990 accedere.

581 5020 769 5083 XXI“.
791 5025 910 5083 ιω..
938 5025 1179 5098 Apostoli
1196 5036 1285 5081 me
1299 5026 1659 5082 testimonium
1688 5026 2097 5098 praetermisisse

511 5123 790 5193 contingis,
812 5123 951 5195 quod
977 5132 1074 5177 uec
1098 5119 1192 5176 tibi
1215 5121 1463 5191 opitulari
1491 5131 1685 5192 potest,
1709 5124 1764 5178 et
1793 5137 1821 5177 a
1846 5138 1932 5177 me
1959 5135 2100 5195 prm-

516 5216 820 5271 tcrmissum
842 5224 949 5269 non
970 5216 1085 5281 est;
1113 5210 1210 5268 sed
1233 5224 1299 5268 eo
1327 5212 1588 5268 insertum
1616 5211 1822 5279 ordine,
1854 5226 1962 5284 quo
1990 5230 2018 5267 a
2046 5222 2098 5270 te

512 5305 689 5364 fin-rat
703 5306 1020 5364 collocatum
1047 5326 1060 5362 :
1086 5314 1250 5378 utque
1265 5307 1316 5361 in
1333 5306 1505 5377 primo
1532 5299 1759 5362 ﬁdeliter
1774 5318 2101 5361 commemor-

510 5404 720 5467 ratum,
764 5401 834 5456 ita
874 5401 1035 5456 etiam
1073 5398 1125 5455 in
1165 5402 1361 5471 quarto
1403 5396 1582 5469 operis
1627 5400 1731 5454 mei
1773 5399 1944 5463 libro,
1978 5400 2100 5454 licet

504 5494 714 5549 cursim
729 5500 784 5548 et
806 5491 1059 5557 breviter,
1086 5490 1428 5561 explanatum
1459 5500 1540 5545 cst
1565 5489 1664 5563 (α).
1696 5486 2101 5546 (Inminentem-

502 5582 715 5644 sionem
741 5596 953 5660 quoque
986 5583 1262 5642 catholicae
1308 5583 1599 5651 Ecclesiae,
1632 5596 1789 5655 quam
1821 5588 1877 5639 tu
1902 5583 1972 5640 ad
2000 5583 2102 5642 hoc

581 5764 599 5796 ¹
632 5761 987 5823 είοιεελὰίιὶ,
1016 5758 1328 5824 betme

578 5826 602 5859 ί
632 5829 881 5883 ulla,
913 5822 1544 5888 quotquot}er

579 5896 1623 5977 (a)Videnpa,lib.6¢on¢rUdhnum,
1670 5900 1825 5955 εμπ.

1162 402 1411 468 OPERIS
1447 403 1856 465 IMPERFECTI
1892 388 2169 461 CONTRA
2204 388 2571 468 JULIANUM,
2613 398 2674 457 8.
2715 390 3085 458 AUGUSTINI

3632 380 3802 447 4060

2182 504 2413 581 feceras,
2440 518 2499 568 ut
2523 510 2857 570 catholicam'
2873 512 3031 569 ﬁdem
3052 512 3367 569 desererent
3389 524 3419 563 a
3442 516 3498 565 te
3521 500 3747 578 decepti
3776 546 3797 572 ,

2180 614 2234 661 et
2263 604 2521 661 catholica
2552 604 2884 662 miserabiles
2909 605 3265 677 appellatione
3292 601 3600 675 gauderent
3619 640 3636 665 ,
3671 614 3796 653 non

2183 699 2517 772 praetermisi.
2552 698 2621 756 Et
2662 698 2903 772 quamvis
2942 694 3087 755 nulla
3118 706 3563 770 argumentorum
3601 694 3685 748 vis
3729 692 3793 748 ih

2181 792 2439 864 ejusmodi
2457 792 2635 848 verbis
2654 803 2814 857 esset,
2836 801 3011 850 tamen
3032 807 3160 849 ame
3180 791 3319 847 haud
3333 791 3493 845 aliter
3504 787 3796 845 dictorum

2182 890 2390 939 tuorum
2419 892 2580 956 caput
2610 884 2937 955 propositum
2964 892 3065 950 est,
3097 899 3255 955 quam
3284 899 3315 938 a
3345 893 3395 937 te
3425 878 3607 937 fuerat
3634 879 3797 935 ordi-

2182 985 2385 1031 natum.
2438 970 2579 1046 Lege
2628 972 2803 1031 editos
2833 973 2997 1030 libros
3050 988 3233 1041 meos;
3291 972 3795 1046 responsionisque

2182 1064 2363 1138 fidem,
2389 1082 2547 1139 quam
2570 1075 2626 1123 tu
2654 1067 2833 1140 arguis
2862 1058 3082 1135 fraudis,
3113 1062 3401 1138 aspiciens,
3442 1076 3533 1120 me
3560 1062 3793 1121 interim

2182 1162 2463 1230 pronuntia
2506 1175 2631 1217 vera
2659 1154 2883 1217 dicere:
2924 1168 2980 1216 tu
3022 1174 3173 1225 vero,
3220 1158 3267 1216 si
3306 1154 3649 1216 causuetudo
3689 1167 3792 1212 tua

2182 1248 2519 1323 permiserit,
2551 1250 2828 1307 erubesce.
2853 1248 2958 1307 Sed
2999 1249 3112 1324 jam
3156 1259 3370 1306 ostensa
3421 1242 3792 1305 inexcusabili

2184 1340 2431 1411 falsitate,
2454 1361 2572 1416 qua:
2593 1361 2807 1416 semper
2826 1340 3039 1417 quidem
3065 1340 3254 1414 turpis,
3281 1343 3340 1398 fit
3360 1351 3543 1401 tamen
3570 1343 3792 1413 turpior

2181 1452 2301 1503 cum
2333 1438 2507 1495 locum
2537 1436 2779 1495 censoris
2817 1434 3047 1504 invadit,
3096 1448 3149 1494 et
3187 1430 3593 1493 deformitatem
3625 1450 3791 1490 suam

2180 1532 2365 1591 decori
2391 1528 2678 1605 exprobrat
2712 1531 2923 1598 alieno;
2952 1522 3249 1603 responde,
3289 1524 3416 1598 quid
3466 1522 3793 1584 Manichaeis

2181 1627 2427 1684 sensibus
2456 1636 2548 1683 aut
2581 1642 2777 1683 nomen
2806 1626 3060 1684 Ecclesiae
3083 1633 3173 1680 aut
3193 1618 3439 1694 Apostoii
3463 1622 3631 1679 verba
3652 1637 3786 1677 con-

2182 1714 2410 1787 ducant,
2445 1729 2594 1777 utea
2631 1735 2753 1776 cum
2798 1727 2907 1775 tam
2944 1734 3129 1788 magna
3173 1716 3371 1773 invidia
3409 1714 3794 1789 praetermissa

2181 1809 2422 1866 causeris
2445 1802 2470 1863 ἲ
2908 1880 2913 1885 η

2256 1902 2390 1958 Αυο.
2421 1900 2540 1957 Jam
2578 1901 2824 1974 superius
2863 1900 3116 1972 respondi
3156 1900 3279 1957 huic
3311 1894 3600 1958 calumnia:
3636 1908 3789 1966 tuae,

2182 2008 2287 2065 qua
2312 1990 2443 2048 mihi
2484 1988 2767 2049 verborum
2800 2004 3008 2048 tuorum
3038 1992 3213 2048 minus
3235 1990 3445 2065 integre
3476 1986 3791 2064 positorum

2182 2082 2369 2155 objicis
2392 2082 2694 2141 falsitatem.
2711 2078 2817 2141 Sed
2828 2084 2969 2156 quod
2989 2080 3115 2140 fecit
3132 2082 3217 2139 iiie
3235 2080 3622 2153 decerptor,'tu
3648 2080 3792 2137 mihi

2185 2178 2292 2231 tam
2318 2170 2545 2232 libenter
2566 2186 2672 2233 non
2699 2173 2987 2245 tribueres,
3022 2177 3067 2231 si
3092 2189 3281 2232 eorum
3302 2173 3394 2248 qui
3418 2168 3534 2231 haec
3562 2174 3788 2246 legunt,

2183 2267 2355 2325 nolles
2381 2282 2502 2324 esse
2520 2260 2797 2340 deceptor.

2254 2344 2446 2417 XXIV.
2466 2361 2586 2419 Jun.
2617 2358 2728 2417 Hoc
2755 2375 2968 2433 semper
2991 2352 3092 2417 fuit
3111 2358 3403 2416 maximum
3431 2352 3580 2416 inter
3605 2352 3790 2415 Mani-

2183 2448 2363 2510 chmos
2385 2450 2798 2527 Catholicosque
2827 2440 3115 2510 discrimen
3140 2496 3155 2521 ,
3182 2462 3238 2513 et
3264 2450 3420 2512 limes
3447 2448 3674 2525 quidam
3701 2453 3793 2508 la-

2183 2544 2440 2609 tissimus,
2455 2561 2563 2621 quo
2576 2563 2607 2603 a
2627 2563 2688 2604 se
2709 2556 2893 2604 mutuo
2913 2546 3124 2621 piorum
3142 2557 3195 2603 et
3218 2546 3503 2619 impiorum
3522 2545 3790 2619 dogmata

2185 2647 2529 2712 separantur,
2572 2639 2682 2694 imo
2724 2650 2913 2710 magna
2963 2632 3183 2696 moles‘
3229 2634 3525 2696 Sententiae
3566 2647 3791 2694 nostras

2185 2731 2336 2806 quasi
2361 2728 2484 2789 coeli
2507 2748 2537 2788 a
2567 2741 2711 2790 terra
2750 2726 3111 2804 profunditate
3136 2724 3471 2805 disjungeus,
3494 2728 3646 2806 quod
3688 2747 3793 2789 nos

2186 2840 2346 2881 omne
2386 2828 2663 2896 peccatum
2692 2824 2952 2883 voluntati
2979 2822 3168 2896 malae,
3200 2826 3276 2881 illi
3303 2841 3431 2882 vero
3467 2823 3630 2882 mala:
3657 2841 3795 2882 con—

2187 2915 2428 2974 scribunt
2448 2927 2651 2974 natura:
2672 2934 2685 2970 :
2705 2917 2794 2988 qui
2816 2931 2939 2973 cum
2960 2917 3202 2974 diversos
3226 2927 3525 2988 sequuntur
3543 2924 3788 2984 errares,

2186 3006 2281 3066 sed
2308 3009 2454 3065 velut
2478 3001 2547 3065 de
2575 3008 2748 3082 capite
2765 3000 2928 3064 fontis
2953 3007 3106 3064 istius
3128 3002 3410 3065 efﬂuentes
3436 3024 3788 3080 consequen-

2189 3110 2271 3157 ter
2297 3100 2364 3158 ad
2390 3100 2668 3172 sacrilegia
2695 3098 2998 3173 ﬂagitiaque
3029 3096 3383 3174 perteniunt;
3414 3103 3557 3160 sicut
3583 3102 3794 3161 Catho-

2188 3192 2275 3249 lici
2295 3208 2327 3248 e
2355 3193 2593 3264 regione,
2625 3209 2654 3247 a
2682 3194 2824 3249 bono
2846 3193 3160 3251 inchoantes
3180 3193 3423 3264 exordio,
3455 3190 3618 3252 bonis
3642 3196 3793 3255 aucti

2188 3288 2560 3359 processibus,
2588 3287 2655 3343 ad
2684 3286 2958 3361 religionis
2986 3304 3276 3355 summam,
3306 3304 3466 3363 quam
3493 3290 3639 3347 ratio
3667 3307 3794 3349 mu-

2190 3373 2268 3434 nit
2287 3387 2341 3434 et
2360 3378 2551 3450 pietas,
2578 3378 2941 3450 pervehuntur
2960 3381 3000 3431 ³.
3025 3368 3104 3437 Tu
3132 3382 3290 3453 igitur
3311 3382 3513 3439 malum
3535 3384 3791 3443 naturale

2189 3483 2414 3542 conatus
2442 3487 2685 3533 asserere
2714 3473 2939 3545 profano
2961 3474 3181 3548 quidem
3206 3486 3332 3532 voto
3348 3518 3364 3545 ,
3390 3476 3489 3534 sed
3514 3476 3791 3535 inefﬁcaci

2190 3562 2489 3621 intentione
2539 3565 2808 3636 usurpasti
2865 3566 3109 3637 Apostoii
3162 3560 3565 3637 testimonium,
3621 3585 3791 3642 quem

2191 3656 2291 3711 hac
2320 3657 2507 3712 eadem
2537 3657 2926 3728 perscriptione
2953 3657 3182 3715 ostendo
3208 3659 3341 3717 nihil
3369 3660 3476 3717 tale
3505 3662 3789 3730 sensisse,

2190 3747 2348 3821 quale
2392 3757 2447 3804 tu
2500 3750 2829 3821 persuadere
2877 3752 3123 3820 conaris,
3163 3746 3305 3825 quod
3359 3756 3791 3829 repugnantibus

2191 3834 2365 3897 modis
2386 3850 2439 3896 et
2466 3834 2615 3895 illum
2636 3841 2959 3898 catholicum
2982 3843 3276 3908 conﬁteris,
3298 3853 3353 3901 et
3376 3843 3523 3903 dicta
3542 3848 3664 3919 ejus
3688 3848 3795 3903 Ma-

2192 3931 2400 3986 nichaee
2426 3931 2661 3989 aestimas
2687 3931 2962 4004 suffragari
2989 3926 3032 3989 ⁸.

2264 4018 2400 4080 Anc.
2430 4021 2575 4092 Quos
2601 4024 2848 4081 doctores
2875 4023 3168 4082 catholicos
3197 4018 3490 4084 Manichaee
3518 4045 3741 4088 asseras
3770 4032 3792 4064 ⁸

2194 4114 2491 4186 suffragari,
2523 4112 2616 4187 qui
2648 4116 2698 4170 iu
2725 4111 2905 4173 verbis
2931 4114 3236 4188 apostolicis
3265 4121 3649 4182 intellexerunt
3683 4136 3793 4183 tra-

2197 4200 2322 4261 bere
2350 4206 2601 4278 parvulos
2629 4206 2887 4279 originale
2922 4219 3238 4282 peccatum,
3272 4230 3373 4270 nec
3415 4227 3596 4273 vestro
3634 4234 3792 4276 more

2196 4300 2384 4355 insano
2412 4299 2558 4357 velut
2585 4314 2768 4355 sanam
2792 4303 3007 4358 laudare
3034 4315 3307 4374 naturam,
3332 4307 3428 4365 sed
3455 4308 3509 4366 ei
3532 4312 3792 4368 sanando:

2195 4384 2551 4449 adhibuerunt
2589 4388 2909 4450 medicinam
2944 4397 3119 4466 potius
3144 4392 3524 4469 christianum,
3555 4403 3601 4459 si
3640 4405 3794 4460 chri—

2196 4478 2369 4538 stiano
2382 4482 2543 4539 corde
2567 4480 2832 4557 cogitares
2850 4528 2865 4556 ,
2889 4482 3236 4546 erubesceres
3251 4532 3269 4561 ,
3299 4495 3752 4554 contremisceres
3774 4539 3790 4563 .

2197 4570 2618 4633 obmutesceres.

2268 4662 2438 4724 XXV.
2460 4664 2581 4724 Jun.
2608 4662 2873 4739 Numquid
2894 4685 3001 4726 non
3028 4664 3191 4740 idem,
3215 4672 3534 4733 Adimantus
3558 4687 3614 4735 et
3645 4680 3792 4739 Fau-

2199 4769 2313 4816 stus
2343 4760 2362 4836 (
2388 4776 2543 4833 quem
2595 4760 2647 4815 in
2689 4757 2835 4815 libris
2862 4754 3227 4820 Confessionis
3269 4774 3371 4819 tum
3402 4779 3793 4840 pra-ceptorem

2200 4860 2348 4909 tuum
2382 4846 2639 4926 loqueris)
2682 4844 2778 4927 [a],
2807 4850 3179 4915 haeresiarchae
3219 4859 3302 4913 sui
3332 4860 3617 4918 traditione
3647 4863 3793 4921 fece—

2201 4956 2347 5015 runt,
2373 4949 2711 5005 obscuriores
2739 4965 2979 5023 quasque
3007 4953 3089 5008 vel
3119 4952 3185 5009 de
3217 4955 3504 5028 Evangelio
3529 4957 3577 5025 ',
3606 4959 3692 5014 vel
3722 4959 3790 5017 de

2200 5036 2580 5109 Apostolorum
2624 5041 2873 5110 Epistolis
2901 5047 3197 5101 sententias
3222 5049 3491 5117 rapientes
3516 5058 3571 5104 et
3597 5065 3789 5107 corra-

2201 5160 2287 5268 ΜΞ
2609 5154 2750 5207 male.
2791 5162 2845 5206 Et
2868 5170 2933 5208 ex
2956 5157 3382 5224 hisuarianensis,
3406 5162 3664 5219 sementim
3682 5178 3792 5219 am-

2267 5282 2291 5345 ξ
2319 5281 2391 5345 sic
2413 5287 2519 5345 Mss,
2539 5286 2649 5329 Mar.
2664 5286 2729 5345 Aet
2751 5287 2875 5331 Port.
2896 5278 3015 5332 miti
3039 5286 3175 5345 vero,
3199 5280 3539 5344 provehantur.

2268 5340 2292 5416 ξ
2323 5340 2762 5416 βίοτςεψεςράωη
2783 5351 2973 5416 censet!
2996 5344 3138 5416 atate
3159 5340 3532 5416 ῖιὶιρεβπαιίετε

2205 5400 2693 5478 ιιιιέλτερςιςπαῖῡίίνῖιιε
2714 5403 2869 5478 ’τισαίξ
2889 5400 2975 5478 ν..εέ
2996 5400 3793 5478 πιαπῖέατλοιέεωηίςᾰηβιᾶὖῗεὶ

2205 5463 2347 5543 «ficte
2373 5463 2499 5543 dte
2516 5463 2782 5543 Matheo
2820 5463 3035 5521 minus
3066 5470 3345 5538 ειιπναςατι.
3393 5463 3511 5543 me
3547 5463 3787 5529 essent;

2205 5524 2514 5591 Critichag.
2539 5524 2647 5576 εδδ,
2715 5534 2772 5579 η,
3123 5524 3150 5535 ι·
3217 5524 3243 5538 υ
3430 5524 3464 5543 σ
3489 5524 3503 5527 ν
3548 5524 3784 5529 ηκνην---

2269 5597 2293 5665 ἶ
2324 5589 2440 5665 ἓάὲἓξ
2467 5624 2482 5649 ν
2500 5586 2785 5665 Μηίίῖλῴ
3013 5592 3134 5665 ’ΐτθε
3148 5601 3279 5665 uss,
3300 5589 3566 5665 ῃωρίεμιφο
3578 5608 3787 5665 (κεκτη

2271 5650 2441 5727 [ν
2454 5650 2844 5727 [Maiorem
2868 5654 2969 5727 (rei
2989 5686 3004 5715 ,
3019 5715 3032 5727 Δ
3043 5650 3415 5727 Ιιςενεδὶηὲειζξδ)
3437 5650 3517 5714 sui
3534 5650 3791 5727 traditione

2836 5711 2935 5791 ιῖίιέ.
2957 5711 3412 5791 υέιίαεξμευφῑθεέίοῖ
3442 5711 3790 5791 musis;

2209 5774 2753 5853 emam-egw
2916 5774 3349 5853 ψείαψηίσιῖεεε
3370 5794 3519 5838 sectae
3542 5774 3793 5853 princes)

2213 5835 2725 5908 regumregum
2749 5835 3051 5908 amre
3069 5846 3301 5908 omne.
3326 5835 3407 5899 etc

2278 5883 2557 5964 ᾗιῖ
2753 5883 2797 5953 Β
2809 5883 3217 5970 ἓοῖὶίῐέἔῶιῖιῖωἻ
3225 5883 3431 5973 abiit
3446 5904 3502 5962 et
3518 5904 3567 5964 7.
