3996 6476
546 477 701 535 datur
724 479 913 545 oratio,
935 477 1046 546 hic,
1074 478 1162 535 hic
1191 479 1376 536 harum
1403 482 1470 538 de
1497 483 1691 553 quibus
1728 484 1935 554 agimus
1962 485 2003 550 ⁸,
2038 499 2130 540 re-

543 576 659 625 rum
684 584 873 641 genus,
898 570 1125 641 species,
1158 570 1487 641 differentia,
1538 574 1729 630 modus
1748 615 1764 641 ,
1796 575 2131 646 qualitasque

541 672 831 718 cernatur:
861 664 969 719 imo
996 663 1274 721 sollicitius
1317 674 1497 721 utrum
1539 668 1669 735 sint,
1718 667 1861 722 unde
1884 666 2008 733 sint,
2039 667 2128 722 ubi

540 754 714 823 sint',
761 756 886 826 quid
916 759 1077 812 etiam
1123 768 1452 826 mereantur,
1497 767 1553 814 et
1595 776 1625 813 a
1652 774 1778 830 quo.
1829 759 1939 814 Hoc
1983 760 2128 815 enim

540 846 700 902 modo
726 862 824 903 nec
848 847 940 904 diu
965 864 1061 919 per
1083 849 1497 922 disputationum
1526 850 1797 908 anfractus
1831 851 2122 922 errabitur,

541 947 597 994 et
620 949 827 996 certum
856 942 998 1012 quod
1032 944 1199 999 teneri
1228 943 1421 999 debeat
1451 943 1746 1014 apparebit.

608 1035 743 1093 Avo.
785 1036 911 1091 Ideo
936 1045 1121 1092 contra
1164 1054 1324 1092 unum
1370 1037 1559 1093 librum
1610 1053 1787 1093 meum
1815 1038 2125 1094 librosocto

536 1126 797 1196 scripsisti
824 1127 903 1201 (α)
926 1169 941 1194 ,
969 1129 1091 1199 quia
1112 1128 1134 1161 ³
1160 1145 1254 1200 per
1279 1141 1363 1186 tua
1387 1129 1701 1200 compendia
1726 1120 2002 1187 dialectica
2031 1131 2123 1186 diu

537 1219 812 1289 disputare
840 1220 1074 1276 noluisti.

613 1311 832 1368 XXXV.
872 1312 993 1369 Jun.
1033 1312 1402 1369 Creatorishic
1440 1313 1599 1385 igitur
1618 1323 1673 1370 et
1699 1323 1959 1371 creaturae
1988 1317 2123 1371 ratio

542 1404 784 1467 vertitur,
817 1404 868 1458 id
909 1414 991 1460 est
1036 1406 1127 1460 Dei
1168 1415 1222 1460 et
1262 1404 1520 1471 hominis;
1549 1405 1752 1474 judicat
1777 1406 1888 1471 ille,
1916 1406 2122 1476 judica-

504 1502 511 1503 ’
540 1503 627 1550 tur
652 1496 754 1550 iste
780 1513 796 1550 :
828 1496 1006 1567 itaque
1025 1496 1246 1566 justitiaa
1275 1507 1328 1551 et
1354 1498 1527 1566 cnlpre
1565 1514 1681 1567 quae
1716 1498 1787 1553 sit
1816 1507 2003 1553 natura
2044 1499 2122 1553 vi~

535 1587 750 1644 deatur.
775 1589 990 1644 Justitia
1015 1600 1119 1657 est,
1147 1598 1202 1643 et
1224 1600 1281 1644 ut
1300 1590 1369 1645 ab
1396 1589 1620 1645 eruditis
1643 1590 1851 1646 definiri
1881 1591 2039 1656 solet,
2067 1600 2124 1646 et

534 1688 594 1735 ut
633 1696 731 1735 nos
777 1681 1071 1751 intelligere
1113 1694 1415 1751 possumus,
1457 1683 1628 1737 virtus
1673 1682 1758 1753 (si
1786 1698 1882 1752 per
1909 1681 2120 1737 Stoicos

529 1772 689 1831 liceat
714 1774 867 1829 alteri
893 1774 1113 1829 alteram
1146 1772 1420 1845 praeferre)
1452 1775 1709 1829 virtutum
1737 1775 1977 1830 omnium
2005 1789 2118 1828 ma-

530 1864 694 1929 xima,
729 1864 953 1935 fungens
978 1864 1262 1937 diligenter
1292 1864 1471 1923 officio
1498 1866 1566 1922 ad
1595 1866 1980 1923 restituendum
2022 1881 2118 1923 sua

529 1957 816 2028 unicuique
837 1957 956 2013 sine
982 1956 1186 2024 fraude,
1219 1958 1335 2013 sine
1360 1959 1549 2028 gratia.

598 2050 733 2107 A06.
775 2050 869 2105 Dic
892 2065 1023 2122 ergo
1051 2067 1154 2122 qua
1178 2051 1381 2121 justitia
1407 2051 1725 2107 retributum
1770 2053 1839 2107 sit
1883 2053 2119 2122 parvulis

523 2154 688 2212 grave
707 2139 895 2212 jugum
923 2150 1030 2196 tam
1061 2157 1267 2213 magnae
1296 2142 1695 2215 manifestisque
1721 2145 1953 2199 miseriae
1987 2162 2001 2199 :
2030 2145 2118 2200 dic

522 2247 625 2304 qua
641 2233 843 2305 justitia
867 2233 957 2290 ille
978 2236 1227 2304 parvulus
1252 2234 1537 2307 adoptetur
1556 2235 1580 2269 ⁸
1622 2238 1675 2291 in
1706 2237 2000 2308 Baptismo,
2026 2239 2117 2295 ille

522 2324 640 2381 sine
655 2323 757 2379 hac
773 2323 1064 2395 adoptione
1084 2327 1372 2393 moriatur;
1402 2342 1499 2382 cur
1512 2342 1622 2383 non
1637 2329 1708 2384 sit
1727 2329 1985 2386 ambobus
2013 2328 2114 2385 bo-

522 2429 621 2471 nor
638 2416 740 2471 iste
763 2417 1083 2483 communis,
1111 2426 1204 2474 aut
1228 2417 1296 2473 ab
1321 2419 1426 2474 isto
1455 2419 1657 2475 honore
1677 2420 1949 2487 alienatio,
1988 2437 2113 2477 cum

520 2506 592 2563 sit
612 2506 872 2563 ambobus
901 2522 995 2564 seu
1015 2508 1154 2564 bona
1179 2523 1274 2565 seu
1298 2510 1437 2565 mala
1463 2525 1624 2566 causa
1648 2513 1966 2567 communis.
1996 2512 2111 2568 Non

522 2599 678 2668 dicis,
709 2603 831 2672 quia
865 2616 965 2659 nec
991 2603 1083 2658 Dei
1113 2605 1360 2675 gratiam,
1392 2621 1490 2661 nec
1523 2606 1615 2661 Dei
1651 2607 1912 2677 justitiam
1951 2606 2114 2664 homo

520 2692 692 2763 magis
717 2692 1030 2765 Pelagianos
1054 2710 1211 2765 quam
1240 2696 1572 2753 Christianus
1599 2699 1762 2769 sapis.

593 2784 838 2841 XXXVI.
878 2786 998 2844 Jun.
1039 2788 1189 2858 Quod
1235 2790 1280 2845 si
1324 2806 1442 2847 eam
1483 2793 1774 2848 maximam
1818 2793 1922 2850 dici
1966 2794 2111 2851 Zeno

519 2890 627 2933 non
655 2878 863 2946 siverit,
892 2879 984 2950 qui
1013 2889 1213 2937 tantam
1243 2883 1495 2939 virtutum
1537 2886 1780 2955 copulam
1825 2888 2108 2944 unitatem-

518 2983 621 3039 que
647 2968 947 3037 conﬁrmat,
981 2980 1038 3026 ut
1069 2972 1155 3027 ubi
1185 2972 1343 3028 fuerit
1377 2990 1501 3042 una,
1534 2990 1720 3033 omnes
1748 2976 1891 3033 dicat
1919 2979 2111 3035 adesse

518 3059 764 3128 virtutes,
793 3069 851 3117 et
874 3062 963 3116 ubi
993 3078 1094 3117 una
1123 3078 1229 3119 non
1256 3063 1450 3133 fuerit,
1483 3081 1669 3122 omnes
1697 3067 1917 3135 deesse;
1948 3079 2109 3140 atque

516 3150 659 3207 illam
688 3170 867 3209 veram
898 3170 1020 3211 esse
1045 3157 1316 3224 virtutem,
1346 3173 1467 3230 quae
1498 3160 1597 3216 hac
1637 3160 1872 3231 quadrua
1909 3162 2106 3234 jugali—

514 3253 623 3301 tate
652 3247 925 3316 perﬁcitur
952 3265 966 3303 :
995 3258 1120 3304 tunc
1145 3265 1359 3321 quoque
1384 3251 1541 3307 nobis
1571 3253 1853 3322 plurimum
1893 3256 2105 3327 praebe—

513 3336 593 3393 bit
613 3339 817 3408 auxilii,
844 3355 968 3396 cum
997 3340 1271 3410 docuerit,
1306 3359 1405 3399 nec
1427 3344 1761 3415 prudentiam
1781 3389 1796 3414 ,
1827 3363 1925 3402 nec
1953 3348 2107 3404 forti-
2136 3360 2145 3369 '

438 3467 447 3473 ε
512 3429 878 3499 tudinem,nec
891 3437 1296 3504 temperantiam
1310 3452 1466 3507 posse
1480 3439 1596 3493 sine
1605 3439 1808 3509 justitia
1820 3442 2101 3510 contineri;

510 3522 803 3579 secundum
828 3539 986 3594 quam
1010 3526 1284 3581 veritatem
1307 3537 1363 3583 et
1388 3528 1738 3585 Ecclesiastes
1763 3535 2099 3602 pronuntiat,

514 3614 615 3683 Qui
628 3616 800 3672 intuta
822 3618 1116 3688 peccauerit,
1139 3620 1300 3674 multa
1320 3622 1451 3675 bona
1472 3621 1644 3691 perdet
1666 3623 1864 3697 (Eccle.
1888 3640 1961 3690 Ix,
1987 3623 2099 3692 l8).

580 3709 717 3765 Ana.
760 3708 898 3764 Audi
927 3710 1175 3766 eumdem
1200 3710 1562 3769 Ecclesiasten
1593 3713 1856 3771 dicentem
1884 3733 1897 3770 :
1938 3714 2100 3770 Vani-

514 3809 594 3855 tas
618 3799 917 3866 sanitatum,
949 3810 997 3856 et
1036 3802 1207 3856 omnia
1233 3804 1430 3859 vanitas
1451 3821 1471 3860 :
1497 3821 1614 3875 quas
1655 3806 1965 3861 abundantia
2003 3809 2100 3863 Ito-

513 3890 666 3945 minis
687 3891 742 3945 in
770 3892 909 3946 omni
943 3891 1114 3948 labore
1137 3910 1251 3960 suo,
1292 3911 1437 3959 quem
1475 3897 1584 3966 ipse
1621 3897 1815 3951 laborat
1855 3899 1947 3953 sub
1993 3899 2101 3955 sole

508 3979 620 4054 (Id.
647 3997 685 4049 t,
705 3980 742 4037 2
759 3992 808 4037 et
828 3984 925 4053 5)?
949 3994 1051 4038 etc.
1077 3984 1146 4039 Et
1171 3985 1257 4040 dic
1284 3986 1412 4041 mihi
1438 4003 1601 4059 quare
1630 3989 1791 4045 homo
1818 3991 1975 4045 etiam
2002 4007 2097 4047 vas

510 4075 661 4129 nitati
688 4075 875 4129 similis
905 4074 1074 4131 factus
1101 4086 1183 4131 est
1225 4076 1411 4149 (Psal.
1455 4094 1617 4135 oxuu
1638 4121 1652 4146 ,
1688 4082 1780 4151 4),
1809 4083 1897 4153 qui
1924 4083 2096 4141 factus

510 4165 686 4222 fuerat
712 4167 903 4223 similis
927 4170 1157 4223 veritati.
1183 4172 1265 4225 An
1294 4170 1417 4226 hinc
1439 4173 1640 4242 excipis
1665 4175 1931 4244 parvulos,
1959 4192 2096 4247 quos

508 4258 753 4314 videmus
772 4260 1089 4327 crescendo,
1113 4261 1212 4316 etsi
1238 4262 1372 4317 bene
1395 4263 1723 4330 erndiantur,
1746 4267 2089 4340 proficiendo,

508 4358 617 4406 tam
662 4366 909 4422 magnam
954 4352 1196 4407 minuere
1220 4394 1237 4421 ,
1282 4368 1404 4408 cum
1432 4370 1534 4425 qua
1574 4356 1681 4411 nati
1710 4366 1855 4424 sunt,
1883 4362 2090 4416 vanita~
2125 4358 2139 4366 ’

507 4453 652 4511 tetu;
684 4460 785 4501 nec
812 4459 876 4501 ea
911 4453 1019 4500 tota
1047 4460 1268 4514 carere,
1311 4447 1416 4503 nisi
1458 4463 1644 4505 omnes
1684 4449 1799 4506 dies
1841 4453 2089 4509 vanitatis

506 4537 651 4592 velut
681 4538 865 4593 umbra
898 4538 1238 4593 transierint?

575 4627 843 4683 XXXVII.
885 4629 1004 4685 JDL.
1046 4629 1171 4686 Haec
1210 4630 1373 4701 igitur
1409 4641 1629 4703 augusta
1664 4636 1852 4703 virtus,
1884 4652 2086 4709 expun-

501 4721 638 4774 ctrix
692 4721 1106 4791 uniuscujusque
1161 4726 1508 4790 meritorum,
1575 4727 1628 4781 in
1677 4730 1926 4798 operibus
1967 4734 2085 4803 qui-

500 4811 622 4867 dem
653 4812 895 4883 imaginis
925 4814 1038 4878 Dei,
1068 4814 1119 4868 id
1149 4824 1233 4869 est
1261 4817 1507 4872 humana:
1532 4821 1758 4889 animae,
1800 4838 1896 4893 pro
1925 4839 2079 4881 crea-

504 4910 636 4957 tura:
662 4902 829 4972 ipsius
854 4904 1014 4958 modo
1044 4914 1097 4959 et
1121 4906 1323 4961 viribus
1359 4906 1699 4967 intermicat:
1729 4913 1782 4968 in
1810 4912 1925 4984 ipso
1952 4931 2080 4972 vero

498 4992 629 5058 Deo,
658 4996 893 5050 omnium
921 5012 1039 5066 qua:
1067 5005 1192 5054 sunt
1218 5014 1284 5054 ex
1309 4999 1475 5057 nihilo
1497 5003 1789 5069 conditore,
1820 5008 2079 5066 immenso

495 5092 549 5139 et
577 5084 724 5141 claro
754 5102 848 5155 per
872 5096 1128 5142 aeternum
1169 5090 1299 5145 orbe
1326 5091 1347 5122 ⁵
1386 5094 1713 5163 resplendet.
1760 5096 1921 5168 Origo
1961 5102 2077 5169 ejus

493 5174 742 5232 divinitas
771 5188 872 5244 est,
901 5188 1029 5233 mtas
1058 5179 1172 5250 ejus
1203 5184 1493 5251 utternitas,
1537 5195 1591 5241 et
1628 5190 1897 5244 aeternitas
1936 5192 2075 5248 ultro

492 5270 629 5326 citro
654 5272 833 5327 nescia
860 5272 946 5328 vel
972 5273 1219 5331 desinere
1248 5277 1331 5331 vel
1360 5280 1606 5348 cmpisse.
1650 5281 1721 5337 Ut
1754 5299 1882 5355 ergo
1906 5301 2073 5356 genus

554 5420 925 5495 flvignier‘ius,‘
951 5420 1104 5495 oratio
1140 5421 1220 5495 hic
1240 5420 1415 5495 harum
1436 5424 1521 5495 de_
1540 5426 1710 5490 quibus
1730 5429 1932 5495 agimus.
1974 5440 2073 5486 Me-

702 5481 871 5541 oratio,
885 5480 953 5533 sic
977 5482 1150 5551 harum
1167 5483 1229 5535 de
1249 5484 1417 5551 quibus
1708 5483 1763 5541 ML

552 5544 573 5616 ξ
605 5543 687 5616 ξμῇο
709 5556 771 5593 ex
795 5546 1129 5616 manuscriptis
1143 5543 1585 5616 restituimusfubi
1604 5552 1713 5603 sint.

551 5603 573 5671 ξ
604 5606 761 5671 ﬁgit"
786 5604 887 5671 qui.
912 5614 967 5671 ,λῃ
988 5603 1116 5663 Mss"
1141 5606 1273 5671 quia.

548 5661 852 5742 tramae
882 5666 1028 5742 ερεαηι
1060 5661 1371 5742 unum
1523 5673 1750 5742 parum

805 5729 1130 5803 ρτεεεςβωέρν
1153 5729 1329 5803 εέφηῖ
1353 5741 1405 5785 ει
1425 5729 1637 5803 With
1670 5729 1940 5803 ᾳάοριοειένξ

546 5787 572 5853 '_
601 5787 1014 5853 ticuianugn'lmi.
1053 5787 1279 5853 At'editi,
1311 5787 1599 5853 Materno
1618 5787 1747 5850 orbe.

546 5806 572 5821 -
601 5806 1014 5853 ιςιωιιιιιιιεα-ιριι.
1053 5806 1109 5841 At
1130 5806 1279 5853 eum,
1420 5806 1599 5848 mmo
1618 5806 1747 5850 orbe.

540 5848 1284 5934 (amantia
1303 5806 2061 5928 gguNuptiisetconwaeeutia.

1219 363 1468 422 OPERIS
1504 364 1917 425 IMPEBFECTI
1954 367 2229 427 CONTRA
2265 367 2626 441 IULIANUM,
2668 373 2729 432 S.
2769 374 3138 437 AUGUSTINI

3683 383 3823 445 ωϐι

2238 484 2357 554 ejus
2381 485 2512 556 (quo
2538 489 2752 545 nomine
2778 492 2911 547 nihil
2939 494 3083 549 aliud
3111 510 3271 566 quam
3298 497 3564 568 originem
3594 499 3820 573 in.elligi

2238 575 2401 647 volo)
2430 577 2571 633 Deus
2599 589 2679 634 est
2712 598 2723 635 :
2759 581 2829 636 ita
2854 584 3063 652 species
3087 585 3202 655 ejus
3230 586 3282 641 in
3313 587 3489 660 legum
3518 590 3823 662 promulga-

2237 666 2382 723 tione
2404 667 2832 741 judiciorumque
2858 684 3080 747 apparet
3106 676 3406 737 ell‘ectibus.

2302 759 2437 816 Anc.
2477 759 2534 817 Si
2561 762 2714 834 origo
2732 763 2954 834 justitia:
2984 768 3123 822 Deus
3147 777 3247 834 est,
3277 780 3334 824 ut
3360 770 3580 839 lateris;
3608 785 3709 828 cur
3730 771 3822 830 bo-

2229 852 2363 908 mini
2399 853 2467 908 ab
2512 856 2626 925 ipso
2681 855 2797 913 dari
2834 858 3091 927 justitiam
3129 875 3235 917 nou
3279 862 3504 931 fateris,
3548 873 3606 921 et
3650 866 3821 934 potius

2230 939 2478 998 humana:
2500 945 2791 1002 voluntatis
2817 949 3115 1017 arbitrium,
3152 967 3310 1022 quam
3348 953 3446 1009 Dei
3485 954 3714 1019 donum,
3740 957 3819 1013 vis

2229 1044 2351 1088 esse
2380 1032 2679 1104 justitiam;
2709 1047 2770 1092 ut
2795 1038 2872 1093 sis
2896 1038 2952 1094 in
2991 1042 3071 1096 eis
3111 1041 3180 1097 de
3219 1043 3409 1113 quibus
3451 1044 3660 1101 dictum
3704 1056 3817 1117 est,

2231 1124 2530 1194 Ignorantes
2559 1129 2656 1185 Dei
2671 1132 2944 1203 justitiam,
2977 1144 3024 1189 et
3062 1152 3208 1190 suam
3247 1136 3467 1194 uolentes
3488 1139 3817 1208 constituere,

2218 1218 2435 1289 justitia
2464 1220 2556 1277 Dei
2579 1240 2679 1278 non
2706 1210 3060 1298 sunt'rubjecti
3085 1228 3261 1301 (Rom.
3293 1246 3345 1296 ι,
3384 1231 3473 1301 3)?
3500 1233 3816 1293 Erubescite

2230 1310 2471 1380 tandem,
2499 1313 2747 1380 obsecro,
2769 1326 2826 1372 et
2850 1318 2919 1373 ab
2944 1318 3037 1374 illo
3053 1318 3315 1389 justitiam
3343 1325 3569 1393 poscite,
3596 1324 3693 1396 qui
3716 1337 3814 1394 est,

2228 1410 2286 1456 ut
2309 1400 2464 1459 fateri
2493 1406 2759 1477 compulsi
2786 1409 2935 1474 estis,
2966 1411 3118 1481 origo
3141 1412 3382 1487 justitia.

2296 1495 2584 1554 XXXVIII.
2623 1499 2744 1555 ιω..
2786 1501 3144 1559 Dill‘erentiam
3186 1521 3317 1561 vero
3354 1506 3472 1579 ejus
3499 1508 3519 1541 ι
3559 1523 3677 1564 non
3716 1510 3812 1566 ab-

2225 1590 2386 1645 surde
2426 1592 2718 1664 intelligere
2744 1610 3046 1665 possumus,
3079 1598 3280 1654 variam
3309 1602 3330 1632 '
3369 1615 3468 1671 pro
3491 1605 3812 1673 opportuni-

2226 1689 2335 1736 tate
2363 1689 2663 1753 temporum
2688 1685 3159 1756 dispensationem.
3193 1689 3353 1746 Verbi
3389 1693 3596 1762 gratia,
3626 1693 3812 1750 hostia:

2218 1771 2291 1828 de
2315 1776 2598 1842 pecoribus
2624 1777 2676 1831 in
2704 1775 2897 1834 Vetere
2917 1779 3258 1836 Testamento
3280 1782 3492 1838 fuerant
3516 1785 3809 1855 imperata.

2224 1863 2282 1919 ld
2309 1874 2436 1921 tunc
2461 1865 2688 1938 implere
2716 1869 3019 1938 pertinebat
3044 1870 3112 1926 ad
3134 1874 3491 1928 reverentiam
3514 1875 3808 1945 jussionis:

2222 1971 2367 2013 nunc
2391 1973 2520 2013 vero
2549 1959 2746 2016 indicta
2774 1976 2961 2017 eorum
2981 1961 3339 2020 dissimulatio
3367 1965 3439 2020 ita
3466 1967 3638 2022 servit
3655 1967 3812 2039 justi-

2227 2048 2312 2102 tiae
2352 2050 2718 2121 prurcipienti,
2770 2062 2824 2106 ut
2872 2062 2996 2109 tunc
3043 2054 3242 2111 oblatio
3286 2058 3573 2113 serviebat.
3625 2059 3811 2117 Modus

2221 2154 2351 2196 vero
2378 2141 2496 2211 ejus
2522 2152 2606 2198 est
2632 2145 2713 2199 vel
2743 2153 2933 2213 status,
2969 2146 3114 2217 quod
3152 2162 3251 2204 nec
3291 2151 3534 2220 cuiquam
3575 2154 3809 2224 amplius

2217 2246 2381 2301 quam
2403 2234 2545 2288 vires
2571 2237 2843 2305 patiuntur
2872 2237 3079 2305 indicit,
3102 2239 3184 2294 vel
3209 2239 3351 2309 quod
3378 2242 3808 2300 misericordiam

2218 2339 2327 2379 non
2367 2325 2621 2380 retundit.
2666 2327 2902 2395 Qualitas
2946 2340 3123 2384 autem
3168 2330 3284 2400 ejus
3326 2332 3661 2404 intelligitur,
3714 2349 3809 2405 per

2216 2430 2374 2487 quam
2404 2418 2504 2487 piis
2533 2420 2803 2475 menttl‘us
2826 2422 2965 2491 sapit
2994 2423 3240 2479 dulciter.
3280 2425 3375 2480 Est
3420 2426 3581 2497 igitur
3621 2429 3808 2498 procul

2217 2507 2380 2565 dubio
2403 2508 2632 2579 justitia,
2662 2512 2779 2567 sine
2807 2527 2909 2583 qua
2947 2513 3119 2570 deitas
3147 2530 3254 2570 non
3298 2525 3416 2585 est;
3444 2533 3566 2589 qua:
3610 2520 3658 2574 si
3703 2535 3806 2576 non

2215 2608 2379 2666 esset,
2410 2600 2554 2656 Deus
2584 2616 2690 2656 non
2721 2613 2903 2660 esset:
2932 2616 3017 2661 est
3052 2615 3231 2663 autem
3277 2608 3454 2676 Deus,
3498 2618 3585 2665 est
3632 2611 3809 2682 itaque

2213 2691 2333 2748 sine
2358 2693 2707 2763 ambiguitate
2728 2694 2951 2765 justitia.
2978 2697 3096 2754 Non
3133 2707 3219 2756 est
3256 2709 3432 2756 autem
3460 2702 3609 2758 aliud
3648 2719 3806 2775 quam

2216 2786 2390 2840 virtus
2413 2788 2592 2843 omnia
2617 2790 2918 2856 continens,
2934 2802 2991 2848 et
3010 2796 3295 2850 restituens
3315 2812 3470 2851 suum
3496 2798 3803 2870 unicuique,

2216 2877 2332 2933 sine
2366 2878 2572 2946 fraude,
2617 2882 2736 2938 sine
2761 2877 2954 2954 gratia.
2985 2885 3237 2943 Constitit
3263 2897 3443 2944 autem
3472 2890 3713 2947 maxime
3752 2892 3804 2947 in

2215 2975 2511 3034 divinitatis
2538 2978 2824 3050 profundo.
3366 2980 3372 2984 ’

2286 3072 2420 3127 Anc.
2466 3072 2704 3129 Deﬁnisti
2733 3089 2855 3130 esse
2879 3075 3137 3145 justitiam
3167 3076 3421 3136 virtutem
3451 3081 3635 3136 omnia
3670 3096 3801 3138 eon-

2212 3160 2495 3229 tinentem,
2527 3173 2583 3218 et
2605 3165 2977 3222 restituentem
3003 3182 3158 3223 suum
3185 3171 3490 3242 unicuique,
3515 3173 3637 3229 sine
3664 3173 3778 3231 frau

2210 3253 2298 3319 de,
2344 3255 2462 3311 sine
2504 3255 2694 3327 gratia.
2735 3257 2966 3315 Proinde
3003 3260 3244 3317 videmus
3285 3278 3403 3319 eam
3447 3266 3565 3320 sine
3614 3267 3803 3325 fraude

2211 3348 2509 3404 restituisse
2531 3349 2809 3407 denarium
2835 3352 2933 3417 eis,
2961 3353 3050 3423 qui
3077 3369 3172 3424 per
3196 3364 3359 3410 totum
3387 3357 3531 3413 diem
3554 3359 3610 3413 in
3637 3374 3803 3430 opere

2207 3443 2380 3498 vinea:
2417 3442 2789 3500 laboraverant
2813 3463 2828 3500 :
2856 3445 2959 3501 hoc
2986 3445 3128 3502 enim
3160 3448 3452 3517 placuerat,
3472 3450 3577 3507 hoc
3603 3467 3803 3509 conve-

2207 3545 2382 3604 nerat,
2410 3536 2477 3591 ad
2508 3537 2646 3593 hanc
2670 3539 2972 3595 mercedem
2998 3555 3059 3595 se
3084 3538 3251 3598 fuisse
3276 3544 3572 3601 conductos
3599 3563 3800 3618 negare

2208 3641 2312 3682 non
2341 3635 2590 3699 poterant
2616 3628 2833 3699 (Matth.
2861 3646 2954 3699 xx,
2985 3632 3107 3687 1-ίὸ
3128 3634 3168 3702 ).
3192 3632 3298 3689 Sed
3321 3635 3410 3691 dic
3434 3636 3589 3703 mihi,
3613 3653 3799 3709 quaeso

2209 3729 2280 3785 te,
2306 3721 2576 3791 quomodo
2609 3721 2691 3778 eis
2735 3722 2852 3778 sine
2894 3724 3062 3794 gratia
3112 3726 3442 3783 tantumdem
3478 3728 3673 3798 dedit,
3709 3731 3798 3802 qui

2207 3828 2310 3868 una
2337 3813 2468 3868 bora
2495 3814 2548 3868 in
2580 3813 2674 3869 illo
2702 3829 2868 3885 opere
2895 3813 3144 3871 fuerunt?
3174 3817 3253 3871 An
3280 3818 3535 3875 amiserat
3562 3820 3798 3878 fortasse

2199 3905 2495 3976 justitiam?
2521 3907 2724 3964 Cohibe
2751 3908 2931 3979 itaque
2959 3918 3011 3964 te
3040 3910 3234 3979 potius.
3268 3910 3546 3968 Neminem
3592 3916 3799 3987 quippe

2200 3999 2409 4054 fraudat
2435 4000 2609 4055 divina
2634 4000 2882 4071 justitia:
2915 4002 3009 4056 sed
3037 4003 3202 4060 multa
3238 4003 3401 4059 donat
3428 4020 3534 4060 non
3569 4022 3795 4064 meren-

2202 4090 2340 4145 tibus
2355 4093 2520 4162 gratia
2541 4091 2584 4147 ⁸.
2610 4091 2904 4148 Curautem
2934 4092 3056 4149 huic
3080 4095 3174 4160 sic,
3196 4096 3268 4151 illi
3293 4107 3473 4154 autem
3493 4100 3593 4166 sic,
3608 4094 3796 4172 aspice

2198 4183 2338 4253 quod
2396 4197 2608 4240 secutus
2633 4185 2895 4257 adjungis.
2927 4187 3215 4243 Verissime
3242 4191 3438 4261 quippe
3464 4194 3618 4259 dicis,
3667 4212 3790 4251 eam

2198 4275 2490 4330 consistere
2502 4277 2731 4333 maxime
2754 4279 2807 4332 in
2833 4279 3120 4335 divinitatis
3143 4280 3423 4350 profundo.
3447 4283 3506 4339 In
3532 4287 3633 4340 hoc
3664 4303 3791 4357 pro-

2198 4368 2361 4423 fundo
2379 4380 2461 4425 est
2477 4368 2520 4436 ⁸,
2545 4370 2687 4441 quod
2699 4386 2871 4441 neque
2894 4373 3145 4439 volentis,
3177 4391 3349 4447 neque
3360 4380 3646 4447 currentis,
3695 4381 3789 4437 srd

2194 4461 2500 4516 miserentis
2513 4471 2596 4516 est
2625 4464 2714 4517 Dei
2743 4462 2918 4535 (Rom.
2948 4480 3020 4533 Ix,
3054 4465 3234 4537 16).ln
3252 4469 3352 4523 hoc
3381 4471 3645 4540 profundo
3680 4482 3782 4539 est,

2192 4554 2331 4625 quod
2353 4554 2442 4610 ille
2471 4556 2723 4626 parvulus
2737 4558 2788 4612 in
2801 4556 3057 4614 honorem
3087 4560 3371 4631 adoptatur
3387 4580 3483 4633 per
3497 4580 3789 4636 regenera-

2192 4644 2352 4700 tionis
2408 4646 2700 4716 lavacrum,
2727 4649 2818 4705 ille
2856 4651 2909 4705 in
2954 4655 3272 4709 contumelia
3299 4656 3635 4727 relinquitur,
3675 4676 3783 4715 non

2188 4734 2546 4793 admittendus
2572 4737 2640 4794 ad
2680 4756 2937 4811 regumn;
2971 4760 3092 4800 cum
3114 4748 3391 4803 amborum
3419 4750 3472 4804 in
3527 4765 3783 4809 neutram
3858 4762 3865 4767 '

2187 4824 2391 4906 partem
2424 4840 2492 4891 sit
2519 4839 2768 4894 meritum
2797 4855 2892 4911 per
2922 4843 3205 4899 voluntatis
3233 4845 3532 4902 arbitrium.

2256 4926 2500 4983 XXXIX.
2540 4929 2658 4985 JUL.
2702 4932 3091 4990 Testimonium
3139 4951 3303 5004 vero,
3344 4947 3401 4993 ut
3443 4939 3511 4994 ab
3548 4952 3777 4998 auctore

2183 5035 2302 5088 suo,
2332 5021 2403 5075 ita
2430 5022 2589 5076 etiam
2618 5025 2699 5077 vel
2728 5040 2757 5077 a
2788 5025 2989 5094 probis,
3018 5029 3101 5082 vel
3127 5029 3193 5083 ab
3223 5030 3478 5100 improbis
3507 5046 3771 5102 meretur,

2182 5109 2324 5180 quod
2350 5119 2406 5164 et
2434 5111 2554 5167 illos
2571 5112 2693 5182 jure
2721 5118 3045 5183 provexerit,
3087 5127 3143 5172 et
3173 5119 3300 5173 istos
3323 5120 3447 5191 jure
3476 5122 3774 5182 damnave-

2185 5199 2276 5255 rit.
2304 5201 2434 5255 Cum
2463 5216 2591 5256 vero
2619 5218 2714 5273 per
2743 5220 2803 5260 se
2828 5220 2926 5261 nec
2944 5206 2966 5238 ³
3003 5207 3128 5262 boni
3166 5210 3449 5282 quidquam
3495 5231 3596 5271 nec
3639 5196 3769 5273 mali

2244 5316 2284 5392 ἶ.
2296 5314 2433 5392 Ψέίίν
2450 5313 2778 5392 αίπθτθπέίίεπ
2798 5332 2909 5371 υενο
2927 5333 3022 5373 ’⁸ου
3039 5322 3266 5385 absim“:
3281 5327 3478 5389 σέων
3503 5327 3649 5392 eius;
3672 5331 3769 5382 sed

2180 5384 2342 5443 exstat
2363 5384 2784 5443 inmanusa'iptis.

2241 5441 2283 5527 ζ.
2297 5440 2582 5527 ξ’ίὲιξῐεξὶξξρ
2610 5440 2884 5527 ςέὶίανίωη·
2908 5446 3156 5514 ναι-σαώθη
3180 5453 3246 5509 ειν
3270 5453 3570 5514 expungitur
3589 5462 3769 5505 δυοπο-

2175 5502 2785 5576 ritatemauusa'iptorum.
2940 5511 2944 5514 ‘
3143 5502 3152 5508 ’
3231 5502 3243 5509 ⁷
3308 5550 3311 5557 .
3337 5502 3351 5512 ’
3437 5502 3469 5514 ν
3596 5502 3619 5505 Ϋ
3666 5502 3698 5505 γ’
3714 5502 3730 5505 ⁷

2241 5565 2364 5633 {sic
2384 5570 2490 5615 Mss.
2515 5566 2634 5615 Edttt
2657 5580 2806 5629 vero,
2828 5567 2913 5618 sed
2934 5569 3135 5621 amitam
3157 5570 3302 5624 domu
3335 5585 3431 5623 ηαη
3468 5577 3766 5629 merentibus

2498 5690 2806 5764 invenimus:
2838 5700 2906 5764 In.
2926 5692 3015 5764 hoc
3051 5694 3290 5760 proﬁme
3323 5702 3427 5758 est;
3462 5712 3551 5761 Pro
3585 5713 3687 5764 quo
3710 5699 3764 5751 in

2176 5749 2318 5815 editis
2340 5749 2594 5815 legebatur
2616 5760 2797 5803 tantum
2814 5788 2829 5815 ,
2852 5753 2906 5805 id
2927 5762 3015 5807 est.
3051 5749 3062 5758 ’
3137 5749 3150 5760 ’
3312 5792 3327 5805 .

2237 5813 2258 5844 ⁵
2291 5820 2385 5887 Hoc
2424 5813 2530 5865 loco
2566 5826 2790 5867 veterum
2816 5813 3050 5870 codicum
3089 5819 3375 5872 auctoritate
3417 5826 3760 5887 τθαιιιιὶω.
