3996 6496
189 439 302 500 1065

188 546 476 609 merentibus
516 538 936 601 misericordiam
969 546 1247 604 liberalem
1275 561 1396 604 esse
1425 549 1716 618 permittit,

187 644 292 702 nihil
316 639 467 696 sentit
494 638 731 709 injuriae;
765 641 887 710 quia
929 649 983 696 et
1027 640 1130 697 hoc
1175 643 1368 712 ipsum,
1410 650 1468 697 ut
1507 643 1577 698 sit
1615 641 1722 697 cle-

188 750 309 794 mens
330 731 470 804 operi
511 745 610 786 suo
642 731 804 797 Deus,
833 746 953 787 cum
981 731 1037 788 in
1063 735 1402 791 severitatem
1431 749 1542 789 non
1568 733 1719 803 cogi-

187 840 269 896 tur,
295 840 404 897 pars
431 837 616 892 magna
639 822 860 891 justitiaa
883 831 983 878 est.

239 922 352 976 Anc.
385 915 577 973 Saltem
599 915 978 972 misericordia:
1004 931 1198 972 nomen
1238 917 1472 982 attende,
1505 924 1562 972 et
1580 914 1722 970 unde

182 1014 292 1070 dicta
307 1010 386 1076 sit,
404 1007 622 1077 respice.
648 1006 786 1077 Quid
808 1009 965 1079 igitur
977 1023 1112 1079 opus
1126 1019 1210 1065 est
1227 1007 1611 1074 misericordia,
1632 1007 1720 1063 ubi

186 1104 296 1162 nulla
305 1108 378 1156 est
396 1097 602 1154 miseria
615 1098 641 1152 ‘l
657 1099 920 1154 Miseriam
939 1115 1100 1169 porro
1126 1100 1178 1154 in
1211 1101 1447 1171 parvulis
1461 1100 1506 1155 si
1520 1099 1720 1154 nullam

185 1193 462 1258 essedicilis,
495 1193 574 1247 eis
609 1193 1028 1249 misericordiam
1049 1193 1388 1263 praebendam
1407 1193 1645 1265 negatis;
1675 1191 1720 1248 si

187 1292 315 1348 ullam
335 1302 442 1344 esse
467 1285 646 1340 dicitis
663 1287 704 1353 ⁸,
732 1287 930 1342 malum
961 1287 1209 1342 meritum
1234 1286 1721 1358 ostenditis.Neque

187 1383 304 1442 enim
335 1381 420 1437 sub
461 1377 572 1433 Deo
607 1377 755 1448 justo
794 1379 960 1435 miser
984 1395 1106 1436 esse
1133 1381 1436 1452 quisquam,
1468 1380 1573 1435 nisi
1601 1395 1714 1435 meo

188 1483 346 1536 natur,
371 1479 557 1541 potest.
587 1470 731 1526 Ecce
759 1470 864 1527 duo
893 1472 1100 1542 parvuli
1126 1473 1340 1543 jacent;
1368 1488 1507 1529 unus
1532 1488 1717 1528 eorum

191 1567 452 1636 baptizatus,
485 1561 623 1616 alter
649 1577 759 1618 non
786 1563 1082 1633 baptizatus
1108 1565 1348 1635 exspirat
1375 1583 1388 1619 :
1416 1564 1502 1619 cui
1530 1579 1714 1620 eorum

187 1659 286 1715 dicis
309 1658 458 1712 Deum
487 1653 656 1710 fuisse
681 1656 1038 1712 clementem?
1077 1656 1134 1712 Si
1176 1655 1304 1723 uni,
1335 1655 1558 1712 ostende
1585 1656 1719 1711 alte-

188 1752 272 1806 rius
293 1749 470 1804 malum
499 1747 777 1815 meritum,
799 1749 888 1817 qui
915 1762 1078 1818 negas
1103 1762 1225 1804 esse
1249 1747 1506 1818 originale
1531 1761 1718 1818 pecca-

188 1850 299 1896 tum:
331 1839 371 1894 si
396 1837 676 1907 ambobus,
723 1838 946 1894 OStende
988 1839 1283 1910 baptiitati‘|
1307 1840 1473 1895 ullum
1515 1840 1715 1896 bonum

186 1934 406 1999 meritum,
431 1932 520 2001 qui
553 1947 719 2003 negas
746 1932 993 2003 gratiam,
1026 1933 1114 1989 ubi
1159 1934 1301 1989 nulla
1349 1942 1431 1989 est
1477 1936 1714 2004 acceptio

188 2041 513 2100 personarum;
560 2036 615 2081 et
651 2025 756 2089 dic,
789 2027 832 2081 si
877 2036 1053 2096 potes,
1097 2043 1193 2082 cur
1233 2027 1419 2082 ambos
1462 2027 1714 2097 adoptare

188 2120 384 2182 noluerit,
409 2120 494 2190 qui
525 2126 677 2175 certe
699 2119 888 2175 ambos
921 2119 988 2176 ad
1022 2120 1306 2192 imaginem
1345 2136 1493 2176 suam
1524 2121 1712 2176 condi-

189 2215 256 2270 dit.
277 2216 343 2269 An
368 2213 431 2267 ita
463 2213 650 2284 justus
675 2223 776 2278 est,
815 2220 875 2269 ut
914 2229 1018 2269 non
1063 2215 1130 2269 sit
1157 2216 1514 2284 omnipotens,
1543 2215 1589 2271 si
1613 2230 1712 2271 vo-

189 2307 256 2362 luit
273 2315 315 2362 et
335 2323 428 2362 non
458 2307 673 2378 potuit?
702 2306 802 2364 Ubi
830 2317 974 2362 certe
1000 2307 1206 2362 illorum
1235 2309 1408 2364 nullus
1432 2308 1621 2376 noluit,
1644 2324 1713 2364 ne

192 2399 570 2472 impedimentum
596 2400 875 2470 potestatis
903 2399 1094 2455 divinae
1109 2401 1350 2456 referatis
1375 2400 1439 2456 ad
1464 2401 1710 2456 meritum

193 2493 416 2548 voluntatis
460 2493 708 2549 humanae
747 2511 760 2547 :
809 2493 894 2548 hic
939 2504 1086 2549 certe
1133 2493 1263 2549 nulli
1303 2509 1487 2550 eorum
1533 2493 1712 2550 dicere

95 2573 100 2580 ’
193 2593 318 2655 potest
347 2585 498 2652 Deus,
527 2585 715 2653 Volui,
743 2595 799 2642 et
828 2586 1062 2641 noluisti.
1093 2587 1198 2641 Aut
1221 2588 1266 2641 si
1298 2595 1575 2657 prepterea
1607 2602 1712 2643 non

189 2680 269 2734 vult
291 2680 455 2746 infans,
498 2681 628 2751 quia
663 2681 836 2750 plorat
859 2695 980 2736 cum
1019 2681 1345 2750 baptizatur;
1387 2681 1546 2736 ambo
1585 2697 1711 2751 ergo

188 2775 508 2845 relinquantur,
572 2774 734 2830 ambo
769 2775 914 2830 enim
963 2775 1151 2830 uolunt
1195 2793 1207 2829 :
1257 2783 1311 2828 et
1355 2783 1532 2829 tamen
1575 2789 1711 2829 unus

189 2867 419 2920 assumitur
439 2875 486 2921 et
515 2866 659 2922 alter
685 2865 1026 2936 relinquitur,
1058 2867 1180 2936 quia
1217 2881 1406 2937 magna
1433 2875 1515 2922 est
1541 2867 1710 2937 gratia

189 2955 286 3021 Dei,
308 2965 354 3012 et
368 2973 512 3028 yerax
536 2957 744 3027 justitia
771 2958 886 3013 Dei.
916 2957 1022 3014 Sed
1049 2974 1214 3027 quare
1240 2959 1328 3014 ille
1353 2959 1528 3029 potius
1553 2974 1708 3030 quam

192 3044 293 3104 ille:
320 3049 652 3104 incrustabilia
685 3057 813 3106 sunt
837 3049 1033 3120 judicia
1063 3050 1176 3106 Dei.

242 3138 332 3195 XL.
363 3141 466 3197 Jun.
507 3142 662 3210 Quos
697 3143 838 3198 enim
872 3141 997 3198 fecit
1031 3143 1154 3213 quia
1195 3143 1398 3210 voluit,
1448 3158 1547 3199 nec
1582 3158 1711 3199 con-

181 3229 356 3288 demnat
386 3235 475 3290 nisi
519 3243 776 3304 spretus:
819 3234 863 3289 si
901 3250 1024 3290 cum
1065 3250 1172 3290 non
1210 3236 1500 3305 spernitur,
1552 3235 1712 3290 faciat

180 3325 525 3381 consecratione
577 3325 871 3391 meliores;
923 3341 1021 3381 nec
1065 3326 1444 3382 detrunentum
1490 3327 1709 3398 justitiae

181 3414 348 3483 patitur,
374 3426 423 3472 et
448 3417 819 3473 munificentia
847 3417 1205 3474 miserationis
1232 3428 1472 3474 ornatur.

226 3509 336 3565 Acs.
375 3508 472 3578 Qui
522 3525 632 3565 non
675 3509 996 3566 condemnat
1022 3511 1125 3566 nisi
1153 3519 1386 3581 spretus,
1418 3512 1504 3567 dic
1531 3521 1707 3568 utrum

179 3613 343 3671 spernat
377 3619 532 3660 suam
575 3605 860 3676 imaginem
901 3605 1000 3660 nisi
1044 3613 1270 3675 spretus.
1319 3605 1472 3674 Quod
1515 3607 1558 3661 si
1601 3621 1708 3662 non

179 3695 308 3762 audes,
335 3697 413 3753 die
438 3698 589 3754 unde
632 3707 850 3768 spernat
882 3712 977 3754 eos
1010 3714 1144 3770 quos
1192 3701 1444 3770 parvulos
1478 3715 1582 3755 non
1613 3700 1710 3756 ad-

181 3797 296 3857 optat,
321 3805 348 3844 a
374 3792 573 3862 quibus
599 3791 620 3824 ³
651 3807 771 3848 eum
795 3801 1028 3863 Spretum
1059 3808 1164 3848 non
1195 3794 1452 3862 invenies,
1488 3793 1589 3850 nisi
1616 3809 1710 3851 eos

177 3875 359 3935 invenias
385 3883 436 3938 in
477 3884 648 3938 Adam
681 3902 694 3937 :
729 3885 815 3940 ubi
846 3885 1004 3940 simul
1050 3885 1310 3954 invenies,
1345 3895 1402 3940 ut
1448 3903 1707 3958 spernan-

176 3976 234 4023 tur
251 3971 412 4028 deberi
443 3975 703 4030 omnibus
732 3992 826 4046 per
849 3976 1130 4045 justitiam,
1164 3993 1261 4032 nec
1306 3987 1482 4033 tamen
1526 3980 1708 4050 sperni

173 4075 312 4119 omnes
337 4075 560 4138 propter
599 4067 918 4124 ineffabilem
950 4078 1004 4124 et
1032 4069 1428 4125 inscrutabilem
1461 4073 1704 4142 gratiam.

217 4154 327 4212 XLI.
363 4158 486 4215 ιω..
529 4158 622 4214 llis
667 4160 823 4230 igitur
867 4161 1104 4230 iustitiae,
1147 4177 1279 4233 quas
1327 4165 1701 4233 praemisimus,

167 4246 466 4307 divisionibus
487 4253 798 4322 explicatis,
835 4253 1180 4309 discutiamus
1217 4271 1335 4325 quae
1373 4257 1441 4311 sit
1474 4257 1710 4313 deﬁnitio

165 4341 343 4406 peccati.
373 4342 642 4414 Equidem
673 4343 870 4398 affatim
914 4344 1041 4398 mihi
1087 4355 1190 4399 tam
1225 4347 1708 4417 philosmihantium

164 4441 284 4496 (tuam
307 4447 489 4487 eorum
529 4434 618 4504 qui
663 4433 906 4489 catholici
956 4433 1206 4504 fuerunt,
1247 4438 1388 4507 quod
1425 4440 1709 4508 quaerimus

159 4521 316 4588 scripta
337 4525 681 4595 suppeditant
705 4544 719 4580 ε
741 4527 835 4581 sed
864 4541 1052 4582 vereor
1099 4543 1166 4583 ne
1199 4527 1477 4600 refrageris
1508 4529 1550 4597 ⁸,
1580 4539 1634 4586 et
1665 4531 1709 4586 si

161 4609 563 4686 philosophorum
591 4632 691 4688 ego
725 4628 967 4673 senatum
995 4618 1346 4686 advocavero,
1376 4629 1430 4675 tu
1458 4623 1710 4678 continuo

157 4705 418 4764 sellulaﬁos
450 4711 673 4780 Opiﬁces
704 4726 971 4782 omneque
1000 4712 1052 4767 in
1091 4727 1188 4767 nos
1221 4715 1406 4784 vulgus
1431 4715 1706 4771 accendas.

209 4798 328 4854 Acs.
369 4799 808 4857 Contumeliosus
858 4817 917 4857 cs
966 4802 1018 4856 in
1077 4803 1283 4858 inﬁrma
1336 4805 1537 4873 mundi,
1593 4823 1710 4876 quae

155 4883 272 4944 Deus
294 4892 455 4963 elegit
481 4903 536 4949 ut
563 4893 919 4950 confunderet
947 4894 1098 4949 fortia
1133 4895 1176 4966 (l
1206 4894 1323 4950 Cor.
1354 4913 1391 4962 ι,
1414 4897 1528 4965 27).
1553 4898 1710 4954 Deni-

157 4994 234 5046 que
251 4983 342 5052 ipsi
372 4985 711 5041 confundunt
725 5003 818 5043 eos
840 4988 928 5058 qui
955 4988 1230 5044 conﬁdunt
1271 4991 1323 5044 in
1358 4991 1551 5046 virtute
1591 5007 1704 5047 sua.

157 5068 232 5128 Ubi
255 5077 376 5147 quid
404 5080 602 5148 dicam,
629 5081 738 5137 Vos
763 5082 935 5137 estis?
960 5082 1188 5138 Prorsus
1207 5099 1294 5139 me
1316 5092 1521 5141 tacente
1541 5101 1706 5158 appa-

153 5167 276 5232 ratis,
299 5185 424 5227 cum
450 5188 545 5228 vos
567 5190 672 5228 non
697 5175 934 5229 taceatis.

208 5255 356 5317 XLII.
399 5263 517 5320 ιω..
563 5264 872 5322 Vociferans
890 5281 1010 5321 cum
1033 5265 1266 5337 feminis,
1293 5270 1602 5341 cunctisque
1622 5286 1710 5326 ca-

201 5478 216 5509 ¹
247 5479 528 5551 Editiones,‘
557 5483 752 5544 omisso,
1037 5524 1051 5551 ,
1091 5487 1160 5536 sic
1181 5486 1425 5551 habebant
1450 5497 1638 5551 :‘Porro
1659 5487 1709 5538 in

148 5540 409 5612 mis..-
428 5524 1160 5612 minacissimus;

147 5603 652 5718 negatis
680 5618 698 5657 :
720 5606 766 5659 si
785 5606 967 5658 nullam
982 5603 1082 5661 esse
1105 5603 1282 5662 dicitis.
1309 5611 1627 5660 Emendautur
1650 5612 1707 5661 ad

241 5677 489 5718 IISCl'iDlOS.

199 5682 489 5729 muscnptos.

199 5725 220 5803 ξ
337 5731 621 5803 res.
637 5729 699 5803 ,ίη
722 5729 970 5803 baptizato-

203 5788 221 5863 ξ
249 5790 446 5863 sic
463 5788 680 5863 Editi,vin
703 5788 888 5863 quibus.

149 5849 369 5970 ᾗ
385 5887 402 5913 ,
423 5867 478 5904 ne
499 5849 762 5920 ﬂangaris.
780 5863 898 5904 't‘res
918 5861 1022 5906 Mss.
1042 5857 1158 5907 Clar.
1187 5867 1294 5907 mar.
1320 5865 1370 5907 et
1394 5865 1537 5921 Port.,
1555 5871 1612 5908 ne
1630 5872 1706 5908 rc-

378 6019 596 6083 Ssac'r.
647 6023 923 6083 Aucusr.
961 6023 1042 6083 X.

1502 429 1710 488 LIBER
1745 433 2018 492 PRIMUS.

3268 453 3408 510 {066

1835 550 2069 620 lonibus,
2101 558 2156 607 et
2204 551 2452 620 tribunis,
2506 553 2698 624 quibus
2747 556 3010 627 octoginta
3054 567 3145 615 aut
3185 562 3416 634 amplius

1831 659 1998 715 equos
2017 653 2129 700 tota
2153 646 2329 702 Africa
2352 647 2619 718 saginatos
2644 648 2846 720 collega
2892 659 3010 706 tuus
3045 668 3214 724 nuper
3239 655 3410 712 addu-

1833 737 1911 792 xit
1939 737 2182 809 Alypius.

1903 832 2036 886 Anc.
2077 833 2184 887 Aut
2209 832 2570 901 calumniaris,
2596 842 2687 889 aut
2706 835 2881 890 nescis
2909 836 3034 906 quid
3065 837 3334 910 loquaris:
3358 851 3414 898 et

1829 921 1972 992 ideo,
2000 932 2091 979 aut
2109 925 2358 991 mendax,
2385 934 2474 980 aut
2507 927 2838 994 temerarius,
2862 927 2962 982 ista
2989 928 3241 1000 loqueris.
3274 931 3412 1000 Quid

1833 1026 1883 1071 te
1907 1025 2084 1071 autem
2106 1018 2330 1087 nequius
2348 1020 2388 1084 ί,
2403 1019 2447 1073 si
2471 1018 2584 1074 haec
2606 1019 2720 1094 ipse
2743 1019 2940 1075 tinxisti
2955 1021 2978 1074 ?
2993 1019 3121 1091 quid
3141 1023 3407 1090 stolidius,

1828 1108 1873 1163 si
1895 1108 2214 1179 ﬁngentibus
2236 1110 2548 1192 credidisti?
2563 1110 2681 1166 Jam
2694 1127 2822 1168 vero
2836 1113 2977 1183 quod
2997 1114 3156 1170 etiam
3175 1116 3412 1171 scribere

1825 1213 1988 1254 ausus
2022 1215 2113 1265 es,
2155 1215 2328 1272 neque
2351 1202 2555 1258 veritus
2579 1219 2647 1259 ne
2670 1203 2736 1258 ad
2766 1219 2828 1260 ea
2857 1204 2970 1259 loca
3008 1205 3126 1261 libri
3165 1208 3412 1276 perveni-

1825 1298 1947 1345 rent
1974 1290 2068 1356 tui,
2101 1307 2220 1360 quae
2245 1300 2382 1347 terra
2418 1293 2656 1364 marique
2683 1303 3042 1351 transeuntem
3069 1312 3163 1352 seu
3189 1298 3412 1354 venien-

1827 1388 1932 1436 tem
1979 1382 2238 1454 collegam
2268 1399 2445 1439 meum
2480 1385 2727 1459 Alypium
2763 1397 3138 1455 susceperunt,
3179 1389 3267 1443 ubi
3306 1389 3409 1460 legi

1823 1475 2158 1545 apertissime
2188 1484 2278 1532 tua
2308 1475 2607 1550 falsiloquia
2636 1479 2750 1534 sine
2790 1488 2878 1535 tua
2910 1480 3156 1538 irrisione
3179 1483 3262 1537 vel
3309 1499 3408 1553 po-

1825 1565 1931 1622 tius
1950 1566 2299 1625 detestatione
2323 1585 2431 1624 non
2450 1581 2674 1640 possunt
2693 1588 2706 1634 ;
2724 1571 2832 1639 cui,
2852 1586 2956 1627 non
2977 1572 3096 1629 dico
3124 1574 3406 1645 impuden-

1823 1658 1932 1723 tiae,
1961 1659 2054 1714 sed
2085 1659 2374 1716 dementia:
2400 1663 2778 1732 comparatur?

1894 1751 2076 1808 XLlll.
2116 1751 2231 1809 Jun.
2265 1753 2606 1826 Nequaquam
2627 1763 2679 1811 te
2699 1756 3038 1828 acquiescere
3067 1757 3402 1814 eruditorum

1821 1845 2124 1912 sententiis,
2157 1855 2214 1900 ut
2242 1846 2427 1910 addas,
2457 1847 2749 1902 secundum
2778 1849 2798 1880 ²
2819 1849 2960 1918 quod
2991 1849 3277 1905 intellectui
3315 1857 3406 1905 tuo

1820 1936 2063 2007 congruit
2091 1935 2288 1993 dixisse
2319 1939 2652 2008 Apostolum,
2685 1940 2804 2010 quia
2836 1940 3053 1995 stultam
3087 1939 3218 1997 fecit
3267 1942 3406 1997 Deus

1818 2027 2130 2098 sapientiam
2153 2029 2332 2084 mundi
2355 2030 2397 2100 (Ι
2418 2028 2534 2085 Cor.
2555 2030 2733 2100 1,20):
2766 2031 3123 2100 disputatores
3145 2046 3273 2086 vero
3306 2046 3406 2087 uo-

1819 2128 1958 2175 stros
1988 2121 2104 2176 sine
2131 2131 2272 2177 metu
2297 2140 2324 2178 a
2356 2133 2405 2178 te
2423 2137 2578 2193 posse
2601 2123 2823 2194 despici,
2843 2123 2986 2194 quod
3005 2123 3149 2180 nulla
3168 2124 3406 2180 auctori-

1819 2220 1926 2267 tate
1957 2213 2136 2267 talium
2162 2215 2435 2282 premaris.
2968 2198 2976 2204 ’

1891 2304 2023 2360 Auc.
2067 2304 2145 2359 Tu
2174 2319 2269 2382 eos
2299 2305 2548 2376 despicis,
2574 2305 2664 2376 qui
2689 2305 2769 2360 eis
2794 2305 3108 2362 docentibus
3135 2307 3398 2378 originale

1818 2410 2093 2467 peccatum
2117 2399 2187 2453 ita
2215 2398 2440 2462 resistis,
2465 2407 2524 2453 ut
2549 2407 2800 2469 tanquam
2829 2400 3149 2457 Mauichaeos
3184 2402 3406 2472 insuper

1817 2492 2138 2559 crimineris,
2168 2507 2253 2548 me
2275 2494 2578 2555 nominans,
2610 2493 2730 2549 illos
2772 2494 3094 2564 signiﬁcans.

1891 2585 2070 2640 XLIV.
2112 2585 2232 2641 Jun.
2275 2585 2409 2653 Quid
2451 2587 2612 2656 ergo?
2643 2587 2990 2657 Acquiescam
3020 2601 3238 2656 prorsus
3267 2587 3400 2655 tibi,

1817 2677 2111 2747 faciamque
2132 2678 2182 2732 in
2213 2678 2313 2732 hoc
2336 2678 2454 2732 loco
2478 2678 2742 2747 jacturam
2779 2679 3017 2732 omnium
3053 2694 3274 2748 quorum
3308 2677 3403 2734 ad-

1816 2771 2072 2826 miniculo
2099 2772 2176 2826 uti
2231 2786 2462 2841 possem,
2510 2781 2896 2843 contentusque
2949 2788 3042 2828 ero
3092 2772 3404 2829 definitione

1815 2878 1935 2933 qua:
1963 2863 2028 2918 ad
2053 2863 2303 2918 indicium
2334 2865 2486 2920 bonae
2514 2871 2717 2920 naturas
2740 2874 2858 2934 post
2882 2864 3296 2920 Manichaeorum
3319 2880 3405 2920 se-

1815 2965 2016 3010 cretum
2057 2955 2124 3010 de
2153 2970 2247 3010 ore
2275 2965 2376 3010 tua:
2416 2954 2710 3011 honestatis
2753 2956 2955 3027 ell'ugit.
3017 2955 3075 3012 ιιι
3133 2973 3198 3012 eo
3244 2957 3404 3028 igitur

1814 3045 1952 3102 libro
1979 3047 2064 3102 cui
2113 3047 2296 3102 titulus
2341 3056 2446 3114 est,
2495 3048 2581 3102 vel
2629 3067 2648 3099 ι
2675 3048 2752 3104 De
2795 3048 3000 3104 duabus
3039 3048 3337 3116 animabus,
3377 3067 3397 3101 ι

1815 3140 1896 3194 vel
1923 3157 1942 3190 ε
1965 3140 2164 3195 Contra
2189 3139 2321 3195 duas
2340 3140 2565 3206 animas,
2597 3159 2618 3192 ι
2650 3140 2723 3195 ita
2756 3140 2990 3211 loqueris
3017 3157 3030 3194 :
3063 3159 3082 3194 ‹
3111 3141 3398 3211 Exspecta,

1814 3233 1930 3287 sine
1958 3233 2104 3302 prius
2134 3243 2406 3303 peccatum
2432 3233 2765 3290 deﬁniamus.
2791 3234 3072 3289 Peccatum
3096 3243 3182 3289 est
3201 3234 3397 3290 volun-

1817 3332 1895 3378 tas
1921 3323 2236 3381 admittendi
2267 3325 2288 3356 ³
2313 3325 2398 3381 vel
2426 3325 2690 3382 retinendi
2717 3325 2858 3395 quod
2898 3325 3104 3396 justitia
3147 3333 3308 3390 vetat,
3344 3333 3410 3380 et.

1813 3417 1954 3472 unde
1999 3417 2222 3473 liberum
2264 3425 2346 3472 est
2382 3417 2670 3474 abstinere.
2725 3416 3039 3488 Quanquam
3084 3416 3131 3471 si
3170 3416 3398 3472 liberum

1813 3527 1920 3567 non
1944 3521 2050 3582 est,
2070 3526 2170 3567 nec
2188 3512 2433 3567 voluntas
2451 3511 2557 3566 diei
2585 3520 2794 3583 potest:
2825 3511 2922 3566 sed
2950 3511 3109 3566 malui
3132 3509 3396 3581 grossius,

1813 3619 1972 3676 quam
1993 3603 2354 3674 scrupulosius
2381 3602 2603 3659 delinire
2632 3622 2651 3656 ι
2685 3603 2834 3674 (Cap.
2868 3604 2978 3673 ll).

1885 3701 2018 3757 Anc.
2058 3698 2158 3754 llic
2181 3707 2452 3768 peccatum
2492 3695 2768 3752 deﬁnitum
2797 3704 2880 3750 est
2907 3693 3048 3765 quod
3077 3702 3398 3750 tantummo-

1813 3792 1883 3848 do
1921 3800 2197 3863 peccatum
2233 3801 2335 3856 est,
2369 3806 2472 3844 non
2513 3788 2653 3859 quod
2682 3788 2841 3844 etiam
2869 3802 3022 3858 ptena
3052 3786 3276 3858 peccati.
3321 3787 3398 3843 De

1813 3885 1918 3941 hoc
1943 3884 2137 3954 quippe
2158 3881 2418 3954 agendum
2449 3880 2567 3948 fuit,
2597 3881 2808 3952 quando
2837 3881 2962 3935 mali
2991 3881 3141 3951 origo
3188 3894 3401 3950 quaere-

1814 3976 1989 4042 batur,
2017 3975 2172 4046 quale
2207 3974 2550 4029 commissum
2581 3982 2664 4028 est
2707 3988 2736 4026 a
2786 3973 2956 4042 primo
3003 3972 3220 4028 homine
3272 3980 3391 4027 ante

1814 4083 1975 4124 omne
2003 4066 2235 4122 hominis
2261 4065 2456 4120 malum
2490 4063 2533 4119 ⁸.
2565 4064 2672 4121 Sed
2703 4074 2757 4120 tu
2785 4073 2876 4120 aut
2916 4080 3020 4120 non
3055 4073 3206 4134 potes
3243 4059 3382 4120 intel~

1813 4162 1997 4233 ligcre,
2027 4168 2120 4214 aut
2148 4175 2252 4214 non
2280 4159 2379 4213 vis.

1886 4252 2044 4308 XLV.
2085 4238 2202 4308 Jun.
2242 4249 2286 4306 Ο
2316 4251 2500 4305 lucens
2519 4265 2706 4305 aurum
2738 4251 2793 4305 in
2831 4260 3067 4306 stercore
3091 4251 3106 4305 l
3133 4250 3270 4317 Quid
3300 4267 3396 4308 ve-

1815 4347 1947 4414 rius,
1992 4345 2118 4416 quid
2162 4344 2372 4414 plenius
2401 4345 2422 4377 ⁸
2449 4345 2551 4399 dici
2585 4360 2616 4399 a
2660 4360 2926 4415 quoquam
2967 4346 3052 4400 vel
3097 4345 3397 4402 orthodoxo

1816 4438 2107 4510 potuisset?
2165 4456 2183 4489 ‹
2209 4439 2492 4494 Peccatum
2539 4447 2640 4504 est,
2675 4459 2694 4491 ι
2731 4439 2938 4508 inquis,
2972 4456 2990 4490 ι
3012 4439 3254 4493 voluntas
3303 4440 3398 4494 ad-

1816 4529 2059 4586 mitteudi
2088 4529 2171 4584 vel
2211 4529 2478 4585 retinendi
2523 4529 2662 4600 quod
2699 4529 2900 4599 justitia
2942 4537 3103 4594 vetat,
3157 4539 3210 4584 et
3257 4530 3397 4586 unde

1817 4623 2046 4678 liberum
2066 4631 2147 4678 est
2172 4623 2460 4677 abstinere.
2494 4641 2511 4674 ι
2540 4620 2783 4676 Ostendit
2808 4622 2906 4675 hoc
2943 4621 3346 4676 Ecclesiasticus
3377 4640 3393 4677 :

1814 4713 1974 4782 Deus,
2005 4713 2193 4783 inquit,
2224 4714 2340 4784 fecit
2369 4713 2639 4778 hominem,
2667 4721 2710 4764 et
2734 4711 2921 4764 dimisit
2947 4728 3060 4765 eum
3087 4713 3136 4766 in
3168 4713 3396 4769 manibus

1814 4807 2012 4861 consilii
2035 4806 2111 4859 sui
2139 4822 2157 4860 :
2182 4806 2348 4876 posuit
2374 4814 2490 4857 ante
2509 4821 2621 4858 eum
2641 4804 2789 4857 vitam
2811 4811 2858 4856 et
2880 4814 3107 4868 mortem,
3129 4822 3313 4877 aquam
3342 4815 3393 4860 et

1815 4902 2016 4971 ignem;
2035 4899 2170 4971 quod
2188 4899 2428 4968 placuerit
2444 4899 2509 4964 ei,
2523 4898 2721 4951 dabitur
2737 4894 2815 4950 illi
2835 4895 3017 4967 (Ec-cli.
3038 4900 3222 4965 xv,ll,
3247 4899 3392 4971 etc.).

1815 4991 1884 5047 Et
1929 5007 2024 5062 per
2067 4990 2252 5046 Isaiam
2303 4991 2483 5044 Deus:
2514 4989 2575 5044 Si
2618 4989 2868 5042 volueritis
2894 5031 2907 5053 ,
2959 4990 3158 5060 inquit,
3207 5001 3250 5045 et
3297 5008 3398 5046 au-

1815 5085 2006 5139 dieritis
2031 5100 2128 5152 me,
2154 5098 2268 5153 qua
2286 5083 2416 5137 bona
2441 5091 2557 5137 sunt
2601 5090 2747 5136 terra
2780 5082 2954 5136 edetis.
3002 5081 3065 5137 Si
3111 5082 3392 5151 nolueritis,

1815 5195 1906 5233 nec
1930 5177 2210 5243 audieritis,
2237 5176 2436 5248 gladius
2456 5192 2539 5230 vos
2558 5174 2779 5230 comedet
2799 5175 2950 5249 (Isai.
2969 5191 3008 5244 t,
3030 5177 3142 5249 l9).
3168 5177 3234 5232 Et
3254 5181 3398 5248 Apo-

1881 5327 1896 5357 ι
1931 5324 2081 5373 Editi:
2107 5322 2231 5384 Quid
2238 5330 2411 5388 autem
2431 5321 2663 5386 nequius;
2684 5324 2880 5384 omisso,
2900 5329 2963 5385 te,
2979 5323 3110 5388 quod
3125 5325 3396 5375 restituitur

1818 5399 1881 5437 ex
1907 5388 2060 5436 tribus
2079 5394 2180 5434 Mss.
2205 5385 2324 5434 Clar.
2350 5393 2461 5434 Mar.
2483 5385 2534 5434 et
2552 5393 2675 5435 Port.

1931 5455 2134 5557 Dixerat,
2179 5448 2474 5508 secundum,
2506 5448 2558 5497 in
2590 5447 2748 5498 editis.
2783 5451 3061 5498 Restitutum
3107 5460 3170 5496 ex
3221 5445 3392 5495 iisdem

1864 5525 1878 5558 ι
1914 5523 1971 5558 us
2025 5524 2089 5558 ss.

1816 5518 1971 5560 tribus
1988 5518 2089 5559 MSS.

1880 5574 1900 5604 ³
1933 5579 1981 5620 In
2007 5572 2166 5631 editis,
2206 5570 2471 5622 amittendi.
2500 5577 2548 5620 tn
2569 5577 2697 5630 Mss,
2736 5569 3019 5621 admittendi
3037 5583 3054 5630 ;
3077 5568 3184 5628 vel,
3221 5568 3395 5631 ainmi-

1815 5633 1963 5696 tendi.
2004 5628 2292 5696 Augustinus
2316 5647 2433 5684 vero
2455 5634 2506 5696 in
2528 5628 2980 5696 citata'deﬁnitione
3001 5628 3396 5696 dixittvoluntas

1814 5693 2053 5764 retinendi
2075 5693 2146 5746 uel
2169 5693 2512 5764 consequendi,
2530 5703 2584 5744 ut
2601 5695 2676 5744 hic
2700 5703 2868 5757 postea
2889 5693 2945 5742 ad
2964 5701 3106 5764 caput
3127 5694 3204 5741 47.
3233 5754 3244 5764 ,

1879 5758 1899 5789 δ
1931 5760 2002 5807 sic
2024 5765 2133 5806 Mar.
2163 5766 2241 5807 Ms.
2280 5754 2333 5808 At
2369 5754 2523 5807 codex
2565 5754 2715 5816 νοτίης
2745 5764 2854 5806 ante
2875 5754 3032 5805 omnis
3065 5754 3268 5806 hamulis
3292 5769 3394 5804 ma-

1815 5817 1930 5868 lum.
1979 5820 2094 5869 Editi
2108 5855 2123 5877 ,
2143 5826 2252 5869 ante
2274 5832 2434 5870 omnes
2462 5818 2672 5869 homines
2700 5817 2895 5868 malum.

1877 5884 1898 5914 ⁸
1932 5890 2055 5931 Port.
2075 5889 2177 5941 hls.,
2203 5880 2559 5944 quidplanius.
2584 5882 2726 5944 Idem
2752 5889 2920 5944 postea
2951 5881 3119 5944 codex
3160 5890 3273 5932 cum
3308 5883 3402 5929 Ita-

1816 5945 2024 5994 riancnsi
2041 5941 2224 6005 habet,
2239 5942 2340 5994 dici
2356 5941 2396 5992 'a
2409 5955 2646 6008 quoquam
2657 5941 2778 5993 uelut
2791 5941 3069 5993 orthodoxa.

2550 6028 3134 6109 (Tanta—qualn.)
