4014 6486
477 390 605 450 10⁸11

478 539 610 591 nes,
652 542 672 577 ι
703 523 902 595 inquit,
933 540 953 577 ι
982 522 1083 587 sub
1108 531 1327 594 peccato
1357 521 1659 588 nascimur,
1701 534 1926 591 quorum
1951 518 2065 588 ipse

472 624 622 673 ortus
650 615 703 671 in
719 616 850 672 vitio
879 626 963 673 est
984 635 1004 669 ι
1033 616 1348 687 (Ambrosius
1367 656 1382 682 ,
1410 615 1473 669 de
1502 613 1836 680 Pcm'tentia,
1876 610 1964 666 lib.
1996 611 2016 665 i
2046 650 2064 676 ,

470 726 586 781 cap.
609 708 645 764 2
668 708 746 765 vel
768 708 850 782 ὅ).
904 708 1043 779 Quid
1080 709 1146 764 ad
1188 708 1292 765 ista
1330 704 1661 778 respondes?
1694 704 1789 761 Illa
1836 703 1904 759 de
1931 704 2062 759 Am-

471 801 652 857 brosio
677 800 813 857 dixit
849 800 1107 871 praeclara
1137 799 1415 871 Pelagius;
1447 798 1549 853 ista
1568 810 1666 867 pro
1692 810 1778 851 me
1801 803 1985 849 contra
2015 801 2066 849 te

473 892 754 949 manifesta
780 892 1139 963 pronuntiavit
1181 891 1496 947 Ambrosius
1528 907 1541 944 :
1570 889 1731 944 istum
1776 887 2068 957 reprehen-

470 983 539 1039 de
567 983 635 1039 de
654 998 761 1055 quo
784 982 914 1039 dicit
955 983 1208 1054 magister
1230 992 1351 1038 tuus
1369 1025 1385 1049 ,
1414 981 1553 1052 quod
1576 995 1699 1036 eum
1728 994 1797 1035 ne
1820 979 2067 1050 inimicus

471 1074 686 1146 quidem
715 1090 878 1131 ausus
908 1082 992 1131 est
1021 1072 1451 1144 reprehendere;
1479 1081 1534 1129 et
1554 1072 1643 1143 qui
1671 1085 1833 1126 sanos
1854 1069 2069 1141 judices

471 1166 705 1238 quaeris,
751 1167 913 1223 istum
952 1181 1089 1238 nega
1134 1181 1356 1232 sanum,
1400 1173 1459 1220 ut
1501 1175 1553 1220 te
1581 1164 1737 1235 plane
1769 1162 2068 1235 profitearis

395 1260 398 1263 “
472 1256 743 1313 insanum.
776 1257 884 1313 Sed
925 1258 1217 1328 indignaris
1246 1257 1409 1313 homo
1435 1256 1736 1326 piissimus,
1777 1254 1918 1326 quod
1946 1269 2068 1325 par-

470 1349 584 1405 vuli
611 1364 719 1405 non
749 1352 958 1419 renati,
1000 1351 1043 1405 si
1073 1349 1370 1405 moriantur
1403 1356 1529 1403 ante
1558 1348 1789 1419 propriae
1820 1346 2064 1402 volunta-

472 1441 544 1498 tis
600 1442 917 1510 arbitrium,
962 1450 1181 1513 propter
1225 1441 1398 1496 aliena
1436 1441 1682 1497 dicantur
1704 1446 1921 1509 peccata
1966 1438 2066 1492 da-

469 1533 674 1600 mnari,
714 1533 782 1590 ab
838 1548 905 1589 eo
947 1533 1040 1604 qui
1078 1532 1419 1589 commendat
1456 1531 1773 1587 charitatem
1806 1545 1958 1586 suam
2011 1530 2067 1584 in

386 1622 395 1689 ἶ
468 1625 658 1693 nobis,
690 1627 781 1696 qui
826 1625 1011 1680 dilexit
1049 1640 1182 1693 nos,
1236 1635 1290 1680 et
1342 1624 1477 1679 Filio
1525 1638 1623 1678 suo
1648 1638 1754 1677 non
1785 1621 2062 1692 pepercit,

469 1716 563 1772 sed
593 1731 693 1787 pro
720 1718 876 1772 nobis
919 1718 1069 1772 illum
1114 1717 1329 1774 tradidit
1357 1732 1371 1770 :
1405 1717 1558 1788 quasi
1601 1731 1707 1771 non
1737 1717 1802 1771 de
1831 1716 1921 1770 illo
1944 1730 2070 1786 gra-

468 1809 584 1865 vius
624 1820 1020 1881 conquerantur
1063 1810 1212 1866 stulti
1240 1820 1294 1865 et
1333 1809 1534 1865 indocti
1572 1810 1777 1865 similes
1820 1810 1930 1872 tui,
1975 1808 2067 1879 qui

470 1899 687 1966 dicunt,
739 1899 930 1972 thuid
973 1912 1156 1970 creat,
1206 1916 1340 1973 quos
1385 1902 1575 1971 impios
1620 1898 1831 1956 futuros
1875 1908 1929 1955 et
1976 1900 2068 1955 da-

468 1992 731 2047 mnandos
758 2006 878 2047 esse
895 1993 1196 2062 praescivit?
1226 1992 1424 2063 thuid
1462 2007 1556 2048 eos
1582 2000 1873 2063 postremo,
1896 1991 2071 2047 donec

466 2083 535 2140 ad
559 2085 888 2154 impietatem
914 2084 1272 2141 damnabilem
1298 2086 1615 2156 perveniant
1643 2087 1682 2149 ί,
1712 2084 1841 2140 facit
1864 2086 2064 2153 vivere,

471 2191 607 2247 quos
645 2185 932 2247 antequam
979 2176 1115 2232 tales
1158 2177 1180 2208 ²
1221 2175 1445 2242 ﬁerent,
1493 2192 1558 2231 ex
1599 2175 1700 2230 hac
1738 2177 1845 2230 vita
1888 2183 2069 2245 posset

466 2267 708 2332 auferre;
758 2269 802 2324 si
835 2272 1044 2324 animas
1088 2277 1265 2336 amat,
1298 2268 1343 2322 si
1371 2268 1713 2323 commendat
1753 2269 2069 2324 charitatem

466 2373 617 2414 suam
639 2360 692 2414 in
715 2359 889 2426 nobis,
910 2360 956 2414 si
971 2359 1110 2414 Filio
1128 2375 1228 2415 suo
1253 2374 1358 2413 non
1389 2360 1659 2429 pepercit;
1681 2359 1775 2415 sed
1794 2375 1891 2430 pro
1911 2361 2068 2416 nobis

466 2450 718 2506 omnibus
749 2450 968 2505 tradidit
1007 2450 1171 2505 eum?
1196 2450 1401 2517 Quibus
1427 2452 1472 2504 si
1499 2450 1728 2517 dicatur,
1756 2451 1800 2505 0
1823 2452 1994 2533 homo,
2012 2460 2069 2506 tu

467 2542 577 2613 quis
601 2558 653 2596 es
670 2542 756 2613 qui
776 2558 818 2595 ν(
829 2543 1079 2613 spondeas
1107 2541 1216 2597 Deo
1239 2542 1413 2612 (Rom.
1441 2558 1516 2609 ιι,
1549 2543 1683 2616 20)?
1708 2544 2070 2601 lnscrutabilia

466 2643 583 2688 sunt
608 2634 812 2705 judicia
832 2636 942 2705 ejus
963 2633 1071 2707 (Id.
1110 2651 1182 2700 xi,
1202 2634 1293 2708 55)
1327 2653 1339 2689 :
1364 2637 1666 2693 irascuntur
1688 2640 1883 2709 potius,
1906 2655 2067 2711 quam

467 2726 774 2781 mitescunt.
797 2727 902 2781 Sed
923 2729 1069 2781 novit
1098 2729 1353 2784 Dominus
1370 2731 1458 2800 qui
1481 2739 1607 2785 sunt
1624 2732 1741 2801 ejus
1764 2733 1829 2805 (ll
1854 2731 1984 2787 Tim.
2004 2750 2063 2802 ιι,

468 2817 579 2891 19).
605 2819 664 2875 Si
691 2834 819 2892 ergo
848 2820 1273 2891 sanisjudicibus
1298 2824 1371 2877 uti
1393 2824 1566 2894 cupis,
1588 2825 1708 2880 audi
1731 2828 2068 2896 judicem'sa-

466 2925 595 2965 num
628 2911 968 2981 singulariter
996 2928 1024 2964 a
1058 2920 1148 2967 tuo
1192 2913 1411 2969 doctore
1455 2914 1749 2970 laudatum.
1784 2935 1804 2969 ι
1837 2916 1990 2984 Fuit,
2038 2935 2062 2971 ι

467 3006 656 3075 inquit,
680 3022 700 3057 ι
728 3004 917 3071 Adam,
943 3014 996 3060 ct
1016 3005 1070 3060 in
1094 3006 1187 3060 illo
1210 3006 1408 3063 fuimus
1430 3023 1654 3076 omnes;
1686 3010 1844 3081 periit
1869 3012 2062 3078 Adam,

466 3108 522 3153 et
567 3099 622 3153 in
667 3098 761 3154 illo
788 3113 978 3153 omnes
1025 3098 1318 3170 perierunt.
1358 3118 1378 3152 ι
1406 3097 1513 3156 Sed
1544 3102 1812 3172 peccatis,
1852 3104 2063 3174 inquis,

466 3189 655 3246 alienis
684 3204 792 3246 non
831 3191 1012 3262 utique
1066 3192 1239 3261 perire
1285 3191 1602 3249 debuerunt.
1666 3194 1855 3251 Aliena
1901 3205 2058 3263 sunt,

464 3285 560 3341 sed
614 3294 834 3356 paterna
880 3295 1005 3341 sunt
1031 3303 1045 3341 :
1079 3300 1143 3341 ac
1170 3301 1266 3356 per
1293 3285 1395 3343 hoc
1435 3286 1558 3358 jure
1586 3288 1953 3346 seminationis
1982 3298 2063 3346 at.

462 3394 569 3450 que
620 3378 1030 3450 germinationis
1079 3388 1135 3435 et
1173 3390 1356 3436 nostra
1383 3390 1526 3437 sunt.
1555 3381 1687 3451 Quis
1708 3383 1776 3438 ab
1805 3383 1905 3440 hac
1933 3399 2061 3456 per-

463 3469 667 3526 ditione
708 3469 932 3535 liberat,
980 3471 1082 3526 nisi
1136 3472 1228 3542 qui
1284 3473 1429 3528 venit
1472 3489 1715 3545 quaerere
1755 3478 1898 3546 quod
1937 3493 2062 3548 per-

466 3563 603 3618 ierat
648 3560 802 3633 (Ltw.
852 3578 982 3630 xxx,
1029 3560 1159 3636 10)?
1198 3562 1257 3619 In
1279 3566 1357 3620 eis
1386 3581 1514 3638 ergo
1537 3582 1671 3637 quos
1697 3568 1916 3639 liberat,
1942 3587 2063 3626 am-

465 3652 767 3727 plectamur
806 3654 1231 3710 misericordiam
1276 3656 1378 3711 :in
1425 3658 1504 3713 eis
1550 3668 1742 3730 autem.
1774 3676 1909 3732 quos
1953 3679 2060 3719 non

464 3745 685 3815 liberat,
713 3761 1068 3819 agnoscamus
1089 3747 1347 3819 judicium
1367 3750 1789 3809 occultissimum
1817 3754 2057 3827 quidem,

463 3838 558 3895 sed
587 3838 703 3895 sine
727 3839 837 3895 ulla
863 3839 1195 3897 dubitatione
1217 3841 1590 3911 justissimum.

533 3929 723 3986 XLIX.
752 3929 873 3987 Jun.
903 3932 1174 4002 Pugnasse
1193 3934 1410 4004 quidem
1439 3934 1461 3966 ³
1489 3950 1611 3991 cum
1642 3938 1883 4009 principe
1909 3948 2060 4011 tene-

461 4024 678 4079 brarum
719 4022 878 4078 deum
910 4024 1078 4089 lucis,
1119 4023 1443 4081 Manichqu
1474 4028 1654 4096 tinxit,
1697 4038 1751 4085 et
1791 4031 2056 4098 credidit;

462 4116 809 4186 addiditque,
837 4116 954 4186 ejus
990 4117 1253 4186 captivam
1286 4118 1455 4173 teneri
1496 4120 1548 4174 in
1600 4120 1701 4176 hoc
1749 4122 1881 4178 orbe
1925 4124 2055 4179 sub-

462 4209 712 4264 stantiam
763 4227 774 4263 :
824 4208 919 4263 scd
972 4204 1174 4264 tantam
1224 4210 1605 4268 infelicitatem
1642 4215 1823 4271 colore
1848 4218 2057 4287 pietatis

465 4300 652 4354 nititur
677 4315 944 4355 excusare
964 4342 978 4366 ,
1024 4300 1298 4357 affirmans
1330 4303 1352 4334 ⁸
1381 4319 1501 4360 eum
1531 4309 1680 4376 quasi
1726 4308 1920 4364 bonum
1958 4327 2056 4382 pro

461 4391 635 4463 patria
669 4391 952 4448 dimicasse
995 4393 1202 4461 civem,
1247 4404 1406 4466 atque
1447 4398 1567 4453 ideo
1594 4401 1855 4469 objecisse
1884 4419 2055 4460 mem-

461 4486 557 4542 bra
578 4529 594 4555 ,
623 4503 690 4543 ne
713 4487 965 4558 perderet
994 4504 1175 4558 regna.
1207 4489 1286 4544 Tu
1315 4491 1401 4559 qui
1431 4491 1547 4546 haec
1565 4492 1858 4564 didiceras,
1886 4514 2055 4569 quan-

464 4592 573 4637 tum
603 4599 665 4637 ea
696 4583 781 4637 vel
807 4583 871 4636 ad
904 4593 1113 4653 tempus
1143 4584 1443 4639 deserendo
1467 4586 1757 4665 profeceris
1796 4589 2004 4647 intuere
2034 4610 2049 4649 :

461 4675 626 4729 dicis.
679 4674 846 4729 Deum
879 4676 1251 4731 necessitatem
1304 4694 1411 4732 non
1462 4679 1740 4747 pertulisse
1770 4681 1930 4749 belli,
1956 4683 2051 4740 sed

459 4767 790 4839 iniquitatem
809 4768 1091 4825 admisisse
1108 4770 1324 4841 judicii;
1347 4787 1444 4827 nec
1467 4773 1762 4829 tenebrosis
1783 4774 2048 4845 hostibus,

461 4859 554 4917 sed
587 4860 883 4930 perspicuis
921 4862 1199 4930 subjaccre
1223 4864 1571 4931 criminibus;
1603 4881 1709 4922 non
1750 4868 2052 4939 impertisse

461 4960 735 5023 postremo
779 4954 1131 5009 substantiam
1171 4972 1354 5021 suam,
1388 4958 1483 5013 sed
1525 4966 1778 5014 aeternam
1822 4964 2049 5020 violasse

454 5046 737 5116 justitiam.
783 5045 902 5114 Quo
948 5048 1067 5117 quis
1113 5058 1346 5104 vestrum
1394 5051 1543 5121 pejor
1587 5053 1659 5107 sit
1686 5053 1727 5120 ⁸,
1759 5054 1878 5109 aliis
1901 5056 2048 5111 aesti-

462 5138 712 5194 mandum
746 5139 1009 5209 relinquo.
1040 5138 1174 5195 Illud
1206 5150 1380 5195 tamen
1423 5143 1622 5214 liquet,
1658 5145 1725 5199 ad
1755 5162 1919 5201 unum
1950 5164 2044 5206 vos

457 5230 728 5303 opinionis
756 5230 907 5287 nefas
934 5232 1129 5288 redire.
1162 5232 1293 5288 Nam
1326 5246 1379 5289 et
1400 5232 1721 5294 Manichaeus
1758 5241 2045 5299 subscribit

456 5322 793 5396 iniquitatem
824 5324 935 5379 Deo
961 5339 1092 5393 suo,
1120 5339 1241 5381 cum
1272 5341 1394 5382 eum
1423 5328 1618 5401 allegat
1641 5332 2035 5406 damnaturum,
2062 5389 2077 5400 ,

519 5459 1360 5524 ξθίοᾏβξ-ιιινίειι-,ρωυεηίαηιι

516 5521 540 5552 ¹
571 5520 787 5590 Ineditis
802 5520 1199 5590 {tales
1218 5524 1453 5590 {etim’ra
1484 5540 1591 5590 pro,
1611 5527 1655 5580 si
1676 5529 1861 5584 animus
1881 5542 2013 5588 (una:

453 5589 684 5659 mune
700 5581 982 5649 legebatur,
1016 5581 1198 5638 animat
1226 5585 1298 5649 is,
1323 5588 1447 5650 apud
1484 5581 1627 5653 item;

451 5644 975 5786 ηῗξᾲξιὶερυθηρεέε
1460 5748 1475 5774 ,
1512 5714 1583 5775 si,
1623 5729 1652 5766 a
1676 5723 2033 5786 manuscriptis,

510 5768 534 5843 ξ
698 5768 888 5843 κὰμ-,ζει
916 5768 1308 5843 pert.,'aﬁir_mat.

510 5831 531 5907 ὲ
552 5831 718 5907 .lsditi:
880 5831 1087 5907 destricti
1115 5831 1255 5902 Mor
1278 5837 1374 5902 sit;
1418 5841 1610 5905 omisso,
1636 5854 1748 5907 quo,
1771 5845 1861 5897 sed
1884 5845 2037 5901 habe-

446 5898 528 5946 tur
549 5894 599 5945 in
621 5894 974 5961 manuscriptis.

1147 386 1390 446 OPERIS
1428 384 1840 444 IMPERFECTI
1876 384 2153 441 CONTRA
2190 383 2552 455 JULIANUM,
2591 386 2649 444 S.
2690 387 3057 448 AUGUSTINI
3162 408 3165 409 '

3614 389 3763 450 10⁸12

2178 523 2234 574 in
2258 521 2449 578 ultimo
2467 520 2555 578 die
2578 524 2818 580 membra
2850 538 2970 595 qua:
2996 523 3212 580 tradidit
3257 540 3272 577 :
3312 531 3369 582 et
3417 533 3474 581 tu
3516 541 3613 596 per
3659 526 3764 583 hoc

2173 614 2321 670 illum
2363 615 2559 672 asseris
2602 616 2866 674 infelicem
2887 658 2903 684 ,
2936 634 3031 688 per
3057 616 3200 690 quod
3234 618 3511 690 corrupit‘
3533 619 3764 691 gloriam

2174 723 2279 780 qua
2306 709 2545 775 cluebat,
2569 719 2624 767 et
2652 712 3019 784 persequendo
3044 712 3403 769 innocentiam
3430 728 3588 784 quam
3608 728 3766 770 crea—

2176 800 2288 868 vit,
2326 801 2559 871 perdidit
2607 802 2865 874 justitiam
2910 821 3014 875 qua
3060 808 3383 865 sacerrimus
3444 807 3561 862 fuit.
3615 808 3766 864 Tan-

2177 900 2288 946 tum
2315 893 2475 963 igitur
2523 892 2682 963 huic,
2733 912 2890 967 quem
2924 906 2979 951 tn
3021 897 3259 965 inducis,
3303 899 3450 964 Deo,
3478 900 3567 955 ille
3599 916 3765 972 quem

2176 984 2429 1055 magister
2456 993 2577 1041 tuus
2614 998 2952 1044 commentus
2986 987 3185 1056 fuerat,
3233 991 3546 1059 antecellit,
3592 1008 3768 1064 quan-

2174 1083 2285 1131 tum
2307 1078 2662 1134 excusabilius
2680 1121 2693 1144 ,
2724 1081 2907 1150 praclio
2935 1091 3241 1152 superatum
3275 1097 3397 1139 esse
3427 1100 3584 1154 quam
3610 1087 3763 1141 vitio.

2244 1168 2379 1226 Anc.
2408 1168 2465 1225 Si
2493 1170 2582 1225 tibi
2611 1171 2783 1241 placet
2806 1173 3107 1228 innocentia
3134 1174 3472 1244 parvulorum
3494 1218 3509 1244 ,
3541 1192 3767 1234 remove

2173 1260 2241 1316 ab
2268 1261 2377 1329 eis,
2429 1263 2475 1319 si
2504 1271 2684 1333 potes,
2728 1280 2888 1334 grave
2923 1265 3107 1337 jugum
3136 1268 3280 1338 quod
3324 1279 3407 1325 est
3430 1284 3594 1341 super
3623 1272 3768 1327 ﬁlios

2173 1354 2343 1410 Adam
2384 1371 2414 1410 a
2453 1355 2541 1412 die
2580 1357 2755 1414 exitus
2794 1358 2862 1413 de
2904 1368 3090 1415 ventre
3117 1361 3305 1416 matris
3355 1376 3541 1417 eorum
3570 1362 3761 1437 (Eccli.

2174 1461 2274 1513 ιι..
2303 1445 2379 1521 1).
2411 1447 2518 1504 Sed
2560 1458 2688 1518 puto
2732 1449 2874 1521 quod
2923 1444 3253 1523 Scriptura,
3281 1470 3401 1526 quae
3445 1455 3546 1510 hoc
3586 1456 3764 1525 dixit,

2173 1533 2364 1589 melius
2390 1543 2440 1589 te
2468 1545 2696 1591 noverat
2723 1537 2850 1608 quid
2876 1546 3021 1594 esset
3049 1541 3352 1596 innocentia
3375 1551 3634 1598 creaturae
3652 1586 3669 1612 ,
3712 1553 3770 1600 et

2172 1625 2299 1697 quid
2322 1625 2526 1696 jnstitia
2566 1627 2857 1685 Creatoris.
2906 1630 3036 1699 Quis
3079 1642 3259 1690 autem
3306 1649 3411 1691 non
3455 1636 3669 1705 videat,
3718 1638 3768 1693 si

2173 1718 2374 1775 habent
2416 1721 2652 1790 parvuli,
2705 1723 2916 1792 qualem
2954 1724 3245 1795 praedicas,
3285 1727 3677 1797 innocentiam,
3708 1731 3767 1785 in

2171 1812 2318 1882 gravi
2359 1812 2489 1884 jugo
2536 1830 2722 1870 eorum
2774 1817 2866 1872 Dei
2910 1832 3016 1872 non
3059 1834 3182 1875 esse
3215 1819 3517 1891 justitiam?
3557 1822 3765 1891 Porro,

2172 1904 2295 1975 quia
2323 1905 2377 1960 in
2399 1906 2528 1977 jugo
2550 1908 2704 1978 gravi
2743 1923 2928 1965 eorum
2973 1910 3149 1966 divina
3176 1912 3377 1983 iustitia
3402 1924 3517 1980 est;
3550 1932 3653 1970 non
3681 1925 3768 1972 est

2173 1995 2226 2052 in
2252 1998 2330 2053 eis
2375 1998 2526 2066 talis,
2556 2000 2765 2070 qualem
2794 2001 3088 2072 praedicas,
3119 2003 3441 2061 innocentia.
3487 2006 3597 2062 Nisi
3625 2006 3769 2065 forte

2172 2089 2266 2144 tibi
2297 2090 2348 2145 in
2377 2093 2477 2147 hac
2503 2094 2797 2164 quaestione
2818 2095 3081 2153 laboranti
3102 2141 3116 2163 ,
3148 2099 3288 2156 Deus
3308 2100 3487 2172 justus
3506 2102 3722 2173 quidem
3745 2144 3766 2172 ,

2172 2183 2265 2237 sed
2312 2183 2553 2241 infirmus
2584 2187 2815 2257 quodam
2842 2190 3004 2247 modo
3030 2192 3315 2249 subvenire
3359 2195 3590 2264 poterit,
3637 2198 3767 2266 quia

2172 2275 2284 2331 suis
2326 2276 2668 2349 imaginibus,
2700 2296 2770 2337 ne
2797 2282 3109 2341 innocentes
3149 2288 3328 2357 gravis
3365 2286 3478 2359 jngi
3509 2288 3769 2344 miseria'

2172 2379 2550 2438 premerentur
2573 2413 2588 2439 ,
2637 2373 2923 2431 subvenire
2960 2392 3069 2432 non
3114 2378 3284 2448 potuit
3315 2396 3328 2433 :
3361 2388 3419 2433 ut
3463 2395 3583 2434 enm
3614 2379 3770 2435 dicas

2173 2461 2406 2518 voluisse
2444 2464 2660 2535 quidem
2682 2507 2696 2531 ,
2724 2467 2846 2537 quia
2882 2467 3062 2538 justus
3098 2476 3212 2537 est,
3241 2470 3334 2525 sed
3376 2486 3482 2526 non
3527 2472 3770 2542 potuisse

2172 2552 2293 2621 quia
2334 2555 2674 2626 omnipotens
2703 2573 2810 2612 non
2858 2569 2973 2626 est;
3001 2570 3161 2632 atque
3204 2563 3276 2617 ita
3306 2562 3374 2618 de
3402 2562 3482 2617 bis
3500 2565 3769 2635 angustiis

2172 2662 2365 2715 exeas,
2409 2656 2468 2703 ut
2495 2649 2618 2706 fidei
2660 2660 2821 2722 caput
2855 2653 3077 2724 perdas,
3114 2670 3217 2726 qua
3259 2656 3364 2713 fide
3407 2657 3654 2728 primitus
3707 2658 3766 2714 in

2172 2737 2427 2811 Symbolo
2473 2742 2793 2799 confitemur
2830 2746 3069 2805 credere.
3089 2763 3190 2805 nos
3230 2748 3281 2804 in
3333 2750 3497 2806 Deum
3545 2750 3766 2808 Patrem

2172 2831 2614 2902 omnipotentem.
2643 2834 2787 2891 Deus
2813 2837 2975 2909 igitur
2997 2847 3117 2895 tuus
3134 2881 3150 2905 ,
3180 2842 3233 2896 in
3255 2849 3335 2897 tot
3370 2850 3427 2898 et
3455 2844 3617 2900 tantis
3642 2860 3766 2901 ma-

2172 2923 2238 2978 lis
2267 2939 2386 2994 quaa
2417 2928 2621 2996 parvuli
2649 2930 2950 2999 patiuntur,
2997 2941 3090 2989 aut
3112 2918 3374 3004 justitiam
3395 2977 3410 3003 ,
3459 2945 3553 2992 aut
3579 2940 3765 2995 omni-

2173 3020 2465 3088 potentiam
2491 3062 2506 3088 ,
2535 3029 2628 3078 aut
2661 3023 2829 3094 ipsam
2859 3041 3045 3083 curam
3087 3044 3264 3085 rerum
3298 3030 3649 3089 humanarum
3677 3034 3766 3091 est

2171 3111 2478 3180 perditurus
2523 3132 2537 3168 :
2581 3116 2858 3186 quodlibet
2893 3127 3072 3177 autem
3117 3121 3341 3180 istorum
3371 3123 3592 3194 dixeris,
3637 3127 3767 3185 vide

2168 3203 2295 3275 quid
2314 3205 2424 3260 eris
2438 3204 2479 3261 ³.

2240 3294 2300 3351 L.
2332 3295 2451 3353 Jun.
2476 3300 2712 3358 Amolire
2737 3311 2792 3359 te
2826 3303 3004 3376 itaque
3037 3321 3159 3361 cum
3186 3307 3274 3363 tali
3303 3305 3415 3365 Deo
3449 3318 3539 3367 tuo
3566 3310 3636 3369 de
3654 3310 3743 3371 Ec

2167 3390 2451 3449 clesiarum
2470 3394 2648 3453 medio
2674 3414 2689 3452 :
2720 3413 2827 3454 non
2856 3407 2941 3455 est
2985 3400 3121 3471 ipse,
3164 3404 3252 3459 cui
3297 3403 3640 3473 Patriarcbas,
3667 3418 3763 3463 cu;

2166 3483 2469 3554 Prophetas,
2487 3488 2573 3544 cui
2615 3490 2857 3561 Apostoli
2886 3493 3248 3562 crediderunt,
3287 3496 3339 3552 in
3365 3514 3472 3568 quo
3520 3499 3763 3571 speravit

2166 3586 2221 3633 et
2244 3587 2426 3648 sperat
2467 3579 2708 3639 Ecclesia
2734 3584 3144 3656 primitivorum,
3174 3604 3294 3660 quae
3336 3592 3636 3664 conscripta
3673 3601 3768 3651 est

2168 3668 2218 3723 in
2245 3670 2396 3726 caelis
2422 3671 2625 3742 (Hebr.
2676 3691 2770 3743 xn,
2795 3677 2939 3751 25):
2969 3695 3074 3735 non
3121 3691 3203 3737 est
3231 3682 3346 3753 ipse
3376 3699 3537 3755 quem
3584 3685 3765 3743 credit

2158 3759 2392 3831 judiecm
2411 3765 2740 3823 rationabilis
2763 3779 3009 3825 creatura
3034 3789 3048 3838 ;
3082 3789 3239 3843 quem
3262 3771 3495 3845 Spiritus
3538 3786 3763 3838 sanctus

2159 3854 2301 3922 juste
2317 3856 2674 3925 judicaturum
2701 3875 2822 3917 esse
2872 3861 3169 3920 denuntiat.
3193 3865 3363 3922 Nemo
3389 3868 3760 3939 prudentium,

2162 3960 2261 4014 pro
2288 3946 2377 4001 tali
2400 3947 2629 4005 Domino
2652 3966 2806 4007 suum
2829 3970 3060 4025 unquam
3104 3960 3418 4029 sanguinem
3479 3961 3708 4019 fudisset
3738 3982 3754 4019 :

2163 4052 2263 4093 nec
2289 4039 2433 4094 enim
2479 4044 2784 4099 merebatur
2830 4046 3132 4119 dilectionis
3170 4050 3438 4120 affectum,
3476 4064 3531 4109 ut
3579 4056 3761 4113 susci-

2163 4132 2367 4201 piendae
2398 4149 2495 4204 pro
2541 4151 2600 4192 se
2638 4126 2773 4193 onus
2824 4138 3123 4211 imponeret
3158 4144 3439 4215 passionis.
3470 4146 3764 4207 Postremo

2161 4222 2261 4278 iste
2284 4240 2444 4294 quem
2460 4218 2688 4302 inducis,
2733 4231 2778 4285 si
2803 4241 2948 4288 esset
2972 4234 3201 4306 uSpiam,
3250 4252 3376 4294 reus
3400 4240 3764 4298 convincere-

2161 4325 2245 4372 tur
2264 4333 2403 4389 esse,
2435 4337 2545 4378 non
2568 4322 2702 4380 deus
2726 4343 2740 4393 ;
2768 4326 3086 4396 judicandus
3114 4346 3142 4384 a
3172 4346 3301 4388 vero
3341 4333 3450 4389 Deo
3472 4348 3613 4402 meo,
3642 4350 3764 4392 non

2154 4409 2486 4479 judicaturus
2513 4432 2609 4487 pro
2631 4418 2759 4473 Deo.
2791 4420 2859 4477 Ut
2888 4421 3045 4492 igitur
3070 4425 3243 4493 prima
3271 4425 3391 4483 fidei
3424 4427 3775 4485 fundamens

2161 4514 2210 4560 ta
2235 4521 2526 4577 cognoscas
2555 4528 2570 4576 ;
2599 4520 2783 4568 noster
2804 4513 2945 4570 Deus
2965 4559 2978 4581 ,
3012 4516 3264 4573 Ecclesiae
3287 4521 3559 4577 catholica:
3586 4522 3761 4594 Deus,

2157 4598 2452 4668 substantia
2481 4602 2635 4657 nobis
2670 4605 2879 4675 ignotus
2909 4616 3010 4675 est,
3044 4620 3098 4664 et
3142 4609 3208 4665 ab
3236 4622 3451 4682 aspectu
3506 4615 3765 4672 similiter

2157 4702 2394 4747 remotus
2424 4710 2439 4759 ;
2470 4709 2629 4764 quem
2655 4697 2785 4752 vidit
2809 4715 2967 4755 nemo
3001 4699 3296 4771 hominum,
3323 4721 3421 4760 nec
3444 4706 3624 4763 videre
3654 4724 3764 4779 po-

2157 4794 2259 4841 test
2284 4786 2303 4859 (
2336 4786 2356 4841 l
2386 4785 2520 4844 Tim.
2566 4806 2639 4859 vr,
2668 4791 2735 4846 16
2763 4791 2783 4866 )
2820 4810 2834 4847 :
2863 4803 2922 4849 ut
2950 4803 3182 4852 aeternus
3205 4797 3322 4854 sine
3365 4800 3649 4872 principio,
3678 4802 3762 4861 ita

2154 4888 2371 4934 sanctus
2415 4879 2696 4952 justusque
2751 4883 2869 4940 sine
2931 4886 3101 4954 vitio;
3155 4889 3757 4963 omnipotentissimus,

2153 4970 2549 5042 mquissimus,
2577 4974 3144 5049 misericordissimus,
3189 4980 3531 5040 innotescens
3578 4985 3700 5041 solo
3733 4985 3761 5020 ’⁸

2151 5061 2433 5130 splendore
2458 5064 2710 5121 virtutum
2742 5084 2757 5133 ;
2784 5066 2955 5125 factor
2981 5073 3218 5127 omnium
3244 5090 3364 5145 quae
3407 5091 3513 5132 non
3553 5088 3756 5150 erant,

2150 5151 2486 5223 dispensator
2504 5173 2689 5213 eorum
2706 5159 2728 5192 ⁸
2754 5176 2872 5232 quae
2892 5172 3032 5230 sunt,
3061 5168 3395 5224 examinator
3431 5180 3756 5230 cunctorum

2150 5245 2237 5314 qui
2267 5254 2321 5300 et
2352 5259 2496 5317 sunt,
2519 5259 2574 5306 et
2600 5250 2761 5308 futuri
2790 5264 2935 5322 sunt,
2968 5267 3021 5312 et
3038 5256 3274 5329 fuerunt,
3308 5262 3359 5316 in
3386 5262 3577 5318 ultimo
3617 5263 3712 5321 die
3732 5283 3752 5323 :

2150 5345 2371 5408 terram,
2402 5343 2619 5410 coelum,
2646 5353 2701 5401 et
2728 5357 2919 5404 cuncta
2971 5349 3129 5406 simul
3159 5352 3423 5409 elementa
3450 5365 3695 5412 moturus
3731 5375 3749 5414 :

2148 5434 2408 5489 excitator
2424 5434 2685 5506 cinerum,
2704 5448 2760 5496 et
2771 5453 3058 5512 corporum
3077 5445 3352 5502 restitutor
3375 5447 3500 5504 :sed
3521 5460 3748 5520 propter

2146 5525 2313 5581 solam
2338 5526 2599 5598 justitiam
2624 5571 2638 5596 ,
2669 5529 2783 5587 haec
2806 5548 2926 5604 qua:
2977 5533 3229 5605 diximus,
3258 5548 3452 5597 cuncta
3480 5541 3749 5603 facturus.

2207 5665 2226 5732 ξ
2264 5672 2343 5716 Ms.
2371 5673 2503 5726 nam,

2205 5728 2227 5796 ξ
2261 5734 2449 5796 iisiiss.
2476 5735 2532 5796 At
2547 5728 2855 5796 editi,ng
2875 5732 2998 5796 jugo
3013 5735 3241 5791 mna.

2207 5790 2229 5869 ξ
2261 5789 2410 5869 ἓξὲξ»
2438 5790 2558 5869 922's
2577 5789 2753 5869 εαςτίξ-
2771 5789 3071 5869 “istisinth
3093 5789 3546 5869 εάῐίιίιιωαίρωι

2206 5849 2232 5927 ξ
2260 5849 2405 5927 φίεῇ
2605 5849 2795 5927 "Verius
2815 5849 2943 5920 Issi,
2966 5859 3082 5913 solo.

2210 5913 2235 5947 ⁸
2266 5913 2427 5968 codex
2467 5922 2614 5979 Port.,
2637 5913 3045 5976 mm
