3996 6482
1200 338 1227 347 ο

240 399 355 464 ιοπ

294 516 410 572 Anc.
425 508 476 567 Si
493 510 662 567 Deum
688 511 1115 569 Patriarcharum
1133 513 1285 582 colis,
1304 528 1471 587 quare
1493 528 1599 570 non
1616 515 1790 571 credis

239 602 657 665 circumcisionem
702 607 878 660 octavi
904 606 1025 673 diei,
1074 622 1190 675 quae
1215 616 1478 679 praecepta
1509 616 1591 664 est
1618 609 1789 665 Abra-

240 693 806 766 hze,prmtigurationem
826 696 988 752 fuisse
1014 699 1432 768 regenerationis
1463 700 1512 753 in
1539 699 1789 757 Christo?

238 792 330 850 Hoc
364 787 490 843 enim
542 786 585 840 si
644 788 916 857 crederes,
947 789 1153 845 videres
1204 806 1308 845 non
1362 792 1594 861 potuisse
1645 792 1797 862 juste

237 883 431 942 animam
470 877 676 948 parvuli
716 881 1058 936 exterminari
1100 880 1168 937 de
1219 883 1415 952 populo
1463 897 1590 952 suo,
1618 884 1663 938 si
1702 885 1789 941 die

237 992 325 1033 non
345 972 803 1029 circumcideretur
832 983 1021 1030 octavo
1047 972 1069 1050 (
1090 973 1216 1029 Gen.
1256 993 1384 1042 xvu,
1411 977 1582 1033 12-14
1610 975 1653 1051 ),
1684 979 1787 1035 nisi

235 1066 360 1124 alicui
380 1063 555 1118 fuisset
580 1062 811 1135 obligata
837 1078 1053 1136 peccato
1080 1066 1104 1119 Υ
1134 1066 1189 1122 Si
1215 1068 1376 1123 Deum
1400 1070 1784 1140 Prophetarum

235 1158 353 1219 colis,
378 1170 466 1210 cur
489 1169 594 1209 non
621 1155 800 1211 credis
837 1157 979 1226 quod
998 1174 1092 1228 per
1115 1173 1209 1214 eos
1226 1160 1380 1215 toties
1405 1161 1541 1216 Deus
1566 1163 1780 1228 dixerit,

238 1248 425 1307 Reddam
451 1256 656 1317 peccata
678 1257 881 1319 patrum
921 1249 975 1303 in
1016 1249 1193 1323 ﬁlios(
1220 1249 1390 1305 Exod.
1439 1265 1622 1319 xxxnv,
1652 1255 1706 1321 7,
1738 1264 1786 1309 et

239 1344 387 1400 Jcrem.
405 1357 566 1407 xxx",
609 1341 721 1412 l8)
750 1341 775 1394 ?
812 1340 869 1397 Si
896 1342 1061 1398 Deum
1108 1344 1486 1413 Apostolorum
1514 1346 1667 1412 colis,
1691 1362 1786 1403 cur

238 1454 320 1494 non
339 1433 514 1490 credis.
545 1448 743 1504 corpus
759 1443 1025 1491 mortuum
1052 1445 1267 1507 propter
1285 1449 1559 1508 peccatum
1589 1438 1788 1519 (Rom.

235 1545 322 1595 rm,
343 1523 569 1596 l0)?Si
591 1525 759 1581 Deum
795 1526 926 1581 colis
976 1527 1027 1582 in
1078 1542 1185 1599 quo
1246 1529 1480 1598 speravit
1506 1540 1562 1586 et
1605 1541 1785 1602 sperat

236 1618 428 1676 Ecclesia
469 1616 881 1687 primitivorum,
916 1634 1036 1689 qua:
1065 1621 1367 1691 conscripta
1414 1625 1575 1678 estin
1605 1624 1779 1691 cmlis,

234 1725 415 1769 curnon
440 1708 610 1763 credis
636 1709 985 1782 baptizandos
1010 1712 1261 1781 parvulos
1288 1713 1403 1768 erui
1444 1713 1511 1770 de
1540 1723 1779 1785 potesta-

236 1803 590 1859 tetenebrarum
626 1800 868 1873 (Coloss.
897 1819 948 1868 ι,
983 1805 1053 1860 15
1075 1802 1119 1876 ),
1151 1820 1274 1861 cum
1320 1822 1413 1861 eos
1436 1816 1658 1879 pr0pter
1679 1809 1782 1866 hoc

235 1894 432 1952 exsquet
457 1902 614 1962 atque
643 1896 910 1950 exorcizct
955 1895 1212 1962 Ecclesia,
1262 1907 1318 1951 ut
1345 1899 1411 1952 ab
1440 1901 1516 1953 eis
1541 1909 1781 1972 potestas

233 1988 525 2043 tenebrarum
575 1988 821 2043 mittatur
866 1988 1056 2044 foras?
1089 1990 1182 2048 Ille
1223 2007 1350 2046 vero
1390 2008 1547 2063 quem
1594 2004 1777 2065 sperat

233 2080 414 2153 judieem
439 2080 709 2135 rationalis
732 2092 998 2150 creatura,
1027 2099 1147 2155 qua:
1176 2084 1229 2139 in
1252 2086 1449 2141 sanctis
1477 2088 1594 2157 ejus
1618 2096 1702 2143 est
1725 2082 1781 2145 ἐι

236 2172 468 2241 ﬁdelibus,
523 2173 642 2244 lege
676 2175 691 2205 ¹
740 2175 932 2243 nobis,
983 2188 1181 2249 prarter
1235 2195 1459 2251 regnum
1517 2181 1674 2239 bonis
1723 2192 1780 2241 et

234 2265 497 2335 supplicium
520 2266 696 2333 malis,
729 2282 886 2337 quem
918 2270 1129 2325 tertium
1175 2271 1350 2327 locum
1398 2278 1780 2345 praeparaverit

234 2358 565 2428 ctpromiscrit
589 2375 694 2415 non
723 2363 1048 2431 regeneratis
1091 2365 1461 2422 innocentibus
1492 2368 1613 2425 tuis.
1634 2370 1777 2438 Quo-

235 2450 354 2505 modo
372 2458 539 2506 autcm
570 2450 725 2520 dicis,
749 2453 1016 2509 neminem
1038 2438 1365 2525 prudentum
1395 2473 1492 2530 pro
1527 2462 1770 2530 Domino,

234 2556 353 2611 quem
385 2539 623 2607 colimus,
656 2544 968 2613 sanguinem
985 2544 1238 2614 fundere;
1280 2563 1400 2605 cum
1442 2566 1563 2607 eum
1594 2553 1778 2610 colue-

236 2633 343 2687 ritct
357 2647 440 2702 pro
463 2647 526 2687 co
551 2633 867 2704 sanguinem
896 2634 1088 2692 fuderit
1111 2639 1528 2708 gloriosissimus
1554 2644 1776 2716 Cypria-

236 2737 330 2790 nus,
353 2724 429 2793 qui
449 2738 541 2780 vos
568 2725 620 2778 in
670 2725 769 2781 ista
794 2728 1089 2796 quaestione
1115 2730 1342 2787 sull‘ocat
1364 2775 1381 2801 ,
1408 2735 1610 2801 dicens,
1645 2751 1773 2806 par-

236 2816 377 2869 vulum
397 2829 456 2871 ex
478 2816 648 2872 Adam
685 2821 969 2888 carnaliter
1007 2832 1210 2892 natum,
1240 2829 1539 2900 contagium
1585 2831 1773 2890 mortis

240 2909 426 2978 antique
455 2909 616 2980 prima
661 2912 936 2969 nativitate
984 2918 1298 2974 contrahere
1328 2921 1346 2991 (
1374 2920 1540 2990 Epist.
1570 2923 1660 2990 64,
1704 2927 1773 2982 ad

247 3000 398 3056 Fidum
418 3003 478 3074 )l
506 3002 818 3062 Videsne‘te
837 3009 1016 3078 potius
1056 3026 1206 3066 reum
1237 3014 1277 3076 ’,
1303 3016 1392 3084 qui
1424 3016 1764 3087 blasphemas

241 3094 368 3151 iStum
402 3105 690 3154 sanctorum
721 3109 1015 3174 martyrum
1074 3103 1285 3160 Deum?
1312 3107 1454 3164 Dicis
1479 3109 1500 3139 ⁸
1518 3118 1569 3165 te
1594 3113 1771 3169 colere

234 3190 779 3261 omnipotentissimum,
798 3196 1185 3265 aequissimum,
1208 3200 1768 3263 misericordissimum

232 3281 519 3339 Deuut:scd
567 3284 682 3356 ipse
709 3296 791 3341 est
841 3289 1413 3359 nmnipotentissimus,
1467 3295 1557 3365 qui
1582 3295 1769 3367 jugum

229 3388 372 3443 grave,
396 3390 494 3445 quo
533 3387 847 3446 premuntur
898 3379 993 3434 ﬁlii
1050 3383 1220 3438 Adam
1259 3401 1322 3440 ex
1368 3386 1455 3442 die
1485 3388 1770 3446 nativitatis

228 3481 329 3531 suae,
349 3468 521 3538 procul
549 3468 713 3525 dubio
734 3470 801 3526 ab
829 3471 909 3526 eis
954 3484 1135 3542 posset
1162 3475 1392 3545 auferre,
1430 3480 1539 3534 imo
1566 3497 1633 3537 ne
1661 3482 1770 3539 ullo

228 3559 295 3612 tali
320 3559 442 3630 ~jugo
488 3576 704 3630 prorsus
733 3573 1082 3633 gravarentur
1106 3567 1322 3624 efﬁcere
1350 3588 1363 3625 :
1390 3571 1480 3625 sed
1510 3572 1625 3642 ipse
1680 3584 1769 3630 est

227 3649 537 3719 nquissimus,
565 3653 658 3723 qui
710 3654 859 3709 nullo
888 3655 1048 3710 modo
1075 3657 1204 3713 illud
1243 3659 1625 3733 imponeret",
1670 3665 1769 3718 im-

226 3742 384 3810 ponive
412 3744 764 3814 permitteret,
788 3746 889 3801 nisi
926 3759 1140 3818 peccata
1191 3751 1244 3805 in
1272 3752 1370 3820 eis,
1412 3769 1530 3808 cum
1579 3756 1770 3825 quibus

226 3834 306 3889 nati
330 3846 460 3900 sunt,
511 3838 791 3906 inveniret,
847 3857 1071 3911 quorum
1124 3853 1330 3899 reatum
1387 3850 1585 3903 renatis
1627 3849 1767 3905 idem

225 3926 308 3997 ipse
326 3929 845 3987 misericordissimus
868 3934 1121 3990 solveret.
1149 3935 1205 3991 Si
1234 3953 1360 4008 ergo
1390 3949 1440 3994 te
1475 3939 1770 3999 delectaret

224 4021 361 4076 divina
385 4022 606 4092 justitia,
630 4025 843 4081 videres
878 4026 1119 4098 profecto
1145 4030 1286 4099 quod
1337 4047 1398 4087 ex
1429 4034 1541 4103 ipsa
1568 4036 1765 4107 veniat,

223 4126 302 4165 non
332 4112 500 4184 utique
528 4114 726 4186 injuste
750 4131 783 4172 a
831 4119 1069 4189 parvulis
1098 4120 1376 4190 incipiens,
1429 4133 1552 4179 nota
1592 4129 1767 4182 omni-

222 4202 297 4258 bus
316 4204 529 4261 humana
545 4209 782 4275 miseria,
798 4225 901 4280 qua
934 4213 1201 4283 peragitur
1229 4214 1343 4270 haec
1380 4216 1504 4281 vita,
1530 4233 1559 4272 a
1582 4219 1768 4287 primis

220 4292 394 4353 ﬂetibus
426 4301 775 4367 nascentium,
825 4316 990 4372 usque
1033 4304 1099 4359 ad
1126 4313 1394 4362 extremos
1432 4307 1629 4365 halitus
1654 4326 1770 4367 mo-

220 4387 461 4456 rientium;
492 4392 691 4447 sanctis
717 4400 919 4447 tantum
947 4403 1002 4449 et
1017 4395 1282 4466 ﬁdelibus,
1310 4399 1405 4455 sed
1431 4400 1482 4456 in
1513 4402 1613 4457 alia
1636 4403 1764 4470 vita,

218 4478 427 4539 felicitate
456 4485 720 4554 promissa
749 4485 790 4540 ⁸.

268 4575 342 4631 Ll.
372 4577 483 4633 Jut.
509 4579 615 4634 Pro
650 4579 752 4635 hoc
776 4580 931 4651 igitur
956 4581 1069 4638 Deo
1105 4598 1249 4652 meo,
1279 4600 1436 4657 quem
1466 4588 1596 4644 mihi
1633 4606 1767 4662 qua-

217 4667 295 4723 lem
333 4672 485 4726 credo
519 4673 694 4727 omnis
741 4683 982 4728 creatura
1015 4683 1070 4730 et
1111 4686 1294 4733 sancta
1352 4679 1620 4750 Scriptura
1672 4683 1766 4739 de.

216 4760 410 4830 nuntiat,
460 4766 659 4820 rectius
705 4764 814 4819 dixi
875 4764 1102 4822 facerem
1134 4767 1176 4834 ⁸,
1208 4768 1254 4823 si
1291 4785 1391 4826 nec
1418 4771 1674 4827 librorum
1715 4785 1767 4831 te

212 4855 570 4911 concertatione
595 4856 815 4927 dignum
838 4866 1101 4927 putarem.
1134 4858 1331 4916 Verum
1361 4864 1612 4933 quoniam
1635 4866 1764 4922 mihi

214 4947 513 5013 potissimum
534 4949 635 5004 hoc
655 4965 685 5005 a
706 4950 902 5005 sanctis
920 4951 1069 5019 viris,
1093 4953 1263 5009 nostri
1279 4956 1533 5025 temporis
1555 4958 1765 5014 confes-

212 5039 409 5107 soribus,
440 5057 633 5099 munus
678 5044 982 5114 impositum
1007 5055 1125 5113 est,
1155 5046 1373 5103 ut’dicta
1404 5060 1489 5103 tua
1516 5053 1639 5122 quid
1668 5053 1761 5109 ha-

215 5130 348 5188 beant
395 5137 645 5206 ponderis
690 5137 1019 5209 rationisque
1060 5140 1358 5207 discutiam,
1409 5153 1764 5214 opportunum

211 5221 289 5280 iuit
304 5229 577 5287 ostendere
601 5232 768 5302 prius,
810 5246 916 5287 non
968 5248 997 5287 a
1037 5241 1091 5289 te
1131 5234 1274 5291 credi
1306 5236 1356 5291 ei
1390 5238 1518 5307 Deo,
1570 5246 1658 5312 qui
1706 5244 1762 5300 in

211 5314 571 5399 catholicarum
596 5338 811 5394 semper
847 5323 1084 5381 Ecclesia
1112 5326 1431 5397 praedicatus
1458 5340 1558 5400 est,
1604 5344 1656 5390 et
1672 5350 1766 5391 us-

261 5477 278 5556 Ῐ
305 5478 541 5556 ltili!“
557 5476 872 5556 leuem
898 5479 1052 5556 "bina
1082 5488 1434 5556 ωβμιιεστίιτιίείο

259 5540 278 5570 ⁸
304 5541 371 5590 sic
391 5549 494 5592 Mss.
520 5548 577 5592 At
599 5540 745 5592 édlti:
777 5540 894 5594 Vide
915 5540 1048 5595 ne'tu
1068 5545 1225 5610 potius
1246 5540 1358 5598 retis
1379 5548 1462 5600 sis.

259 5600 278 5664 Ξ
304 5606 407 5653 Mar.
430 5610 537 5664 Ms.,
560 5602 713 5655 dicas.

463 5660 711 5738 fetarum
747 5666 965 5738 codicum
1003 5668 1218 5738 subsidio
1248 5681 1471 5738 sanatus,
1508 5676 1591 5738 qui
1613 5676 1682 5726 sic
1716 5677 1767 5727 in

215 5720 338 5798 genus
357 5725 564 5798 iacebat,
588 5726 686 5798 imo
707 5739 794 5798 nec
818 5726 914 5779 uua
936 5729 1076 5780 modo
1092 5729 1217 5783 illud
1245 5720 1768 5798 ἰηιροὶξὶνὶιῖὸῶἷεεῖἐ

215 5786 833 5861 Wmuuotalijugo,
858 5799 951 5840 etc.
1314 5786 1325 5798 '
1470 5786 1475 5787 ⁷
1524 5786 1538 5798 ’
1592 5858 1602 5869 .
1684 5786 1694 5788 ἡ

256 5845 281 5940 ῗ
310 5851 599 5940 ἱίὲἓίῗέἓδην
618 5853 1202 5940 ΞῗΡᾶΨξ-ῗλὲἓωὶίὲυδ
1224 5863 1277 5909 εί
1293 5866 1420 5919 MSS»
1445 5872 1697 5924 Ρνοηηδδαο

302 5916 434 5961 Juxta
457 5913 594 5973 vim.
620 5918 676 5963 et
692 5914 1030 5972 Heu..facere.
1098 5925 1152 5967 nt.

1619 402 1825 463 LIBER
1861 404 2133 464 PRIMUS.

3348 425 3487 488 1071

1896 533 1999 588 que
2020 518 2085 573 ad
2103 518 2259 576 linem
2282 523 2371 579 ubi
2393 524 2482 581 illa
2511 525 2670 583 fuerit
2690 530 3087 600 prtedicabitur.

1964 609 2097 667 Auc.
2121 610 2235 682 Ego
2251 614 2428 683 potius
2462 632 2566 673 non
2596 628 2648 675 te
2677 622 2996 692 ostendisse,
3042 628 3183 699 quod
3228 641 3280 689 te
3305 643 3487 690 osten-

1893 698 2037 755 disse
2085 701 2253 772 dicis,
2305 707 2549 777 ostendi;
2577 719 2633 767 et
2673 712 2722 767 ei
2759 729 2846 770 me
2889 716 3002 772 Deo
3044 698 3283 792 credere,
3337 728 3488 795 quia

1893 790 2290 852 Catholicorum
2334 814 2546 871 semper
2562 802 2803 861 Ecclesia
2833 808 3149 879 prazdicatus
3174 790 3275 883 est,
3316 790 3369 873 si
3403 819 3487 876 ni-

1893 886 2059 941 mium
2089 902 2263 945 caecus
2290 906 2397 947 non
2426 896 2521 962 sis,
2553 896 2766 954 edocui.

1961 977 2068 1032 Lll.
2090 978 2209 1037 JuL.
2258 983 2407 1040 Nunc
2436 1002 2563 1043 vero
2591 1002 2986 1063 consequenter
3014 995 3290 1067 inspiciam
3311 1041 3328 1068 ,
3361 1004 3484 1073 qui-

1891 1067 1991 1125 bus
2008 1070 2127 1136 hoc,
2150 1074 2290 1143 quod
2316 1089 2582 1149 expugnat
2604 1080 2734 1138 ﬁdes
2760 1085 2986 1153 piorum,
3008 1089 3322 1147 testimoniis
3337 1067 3485 1148 affir-

1889 1177 2036 1219 mare
2080 1168 2311 1223 coneris.
2333 1170 2436 1225 Sed
2458 1174 2707 1242 quoniam
2731 1176 2932 1232 institui
2954 1180 3090 1234 libro
3111 1190 3201 1237 tuo
3226 1185 3485 1254 secundo,

1888 1268 2045 1323 quem
2062 1256 2280 1328 Alypius
2295 1259 2504 1331 detulit,
2519 1263 2755 1329 obviare,
2777 1283 2844 1323 ne
2853 1269 3267 1328 confunderetur
3284 1277 3482 1330 rescri-

1890 1345 1964 1412 pti
1996 1347 2163 1402 series
2193 1349 2233 1415 ¹,
2258 1352 2444 1420 paucis
2466 1354 2657 1423 adhuc,
2690 1372 2859 1430 usque
2884 1359 3009 1416 dum
3041 1363 3105 1417 ad
3126 1366 3483 1426 testiinonium

1889 1433 2155 1504 Apostoli,
2186 1456 2292 1509 quo
2339 1443 2619 1512 plurimum
2675 1448 2765 1503 tibi
2798 1450 2991 1507 videris
3045 1455 3258 1521 muniri,
3301 1473 3481 1517 sermo

1886 1531 2187 1597 perveniat,
2217 1534 2649 1603 respondendum
2677 1549 2780 1596 est.
2826 1541 2932 1597 Illis
2976 1560 3119 1615 ergo,
3149 1562 3269 1617 quae
3306 1562 3469 1619 supra

1886 1621 2062 1689 posui,
2095 1620 2273 1679 verbis
2302 1625 2405 1681 tuis
2443 1626 2558 1683 haec
2589 1646 2705 1700 quae
2732 1643 3023 1703 sequuntur
3068 1638 3341 1711 adjungis:
3377 1660 3396 1693 ‹
3424 1642 3481 1700 In

1884 1709 1968 1766 his
1993 1713 2170 1785 itaque
2219 1732 2338 1787 quae
2370 1722 2737 1791 praetermisit,
2779 1723 2883 1781 hoc
2915 1728 3105 1795 timuit,
3137 1709 3259 1800 quia
3287 1741 3480 1789 cuncta

1883 1801 2138 1859 Ecclesize
2155 1807 2430 1865 catholicae
2467 1824 2680 1882 pectora
2705 1819 2972 1886 convenit,
3004 1820 3276 1894 [idemque
3302 1825 3473 1896 ipsam

1881 1897 2171 1966 antiquitus
2216 1900 2463 1957 traditam
2510 1914 2669 1974 atque
2726 1908 3014 1979 fundatam,
3064 1913 3207 1970 clara
3246 1918 3474 1988 quodam

1882 1989 2042 2044 modo
2072 2006 2201 2046 voce
2228 1998 2542 2065 compellat,
2580 2009 2635 2054 et
2663 2000 2922 2058 adversus
2951 2020 3043 2060 eos
3063 2008 3472 2065 vehementissi-

1881 2095 1969 2136 me
1996 2095 2271 2151 permovet
2297 2089 2438 2158 quod
2493 2091 2746 2159 diximus,
2793 2097 2915 2166 quia
2946 2099 3075 2155 nihil
3123 2104 3324 2172 peccati
3351 2119 3474 2162 esse

1880 2173 1934 2228 in
1964 2176 2198 2244 parvulis
2223 2179 2424 2248 dicunt,
2446 2184 2588 2253 quod
2610 2184 2821 2241 lavacro
2842 2192 3261 2261 regenerationis
3277 2195 3476 2250 ablua-

1881 2272 1987 2320 tur.
2017 2267 2215 2325 Omnes
2231 2273 2374 2328 enim
2393 2274 2459 2329 ad
2490 2275 2784 2334 Ecclesiam
2814 2296 2916 2335 non
2942 2293 3157 2354 propter
3180 2286 3321 2341 aliud
3343 2302 3468 2343 cum

1880 2359 2115 2427 parvulis
2165 2373 2405 2429 currunt,
2464 2366 2653 2423 nisiut
2697 2371 2748 2425 in
2778 2374 2856 2429 eis
2899 2375 3152 2447 originale
3194 2390 3473 2451 peccatum

1877 2450 2220 2518 generatione
2267 2455 2455 2526 prima:
2500 2460 2788 2517 natiuitatis
2844 2473 3123 2523 attractum
3148 2509 3163 2535 ,
3193 2450 3474 2542 regenera-

1878 2540 2023 2597 tione
2062 2546 2311 2601 secundae
2337 2549 2629 2617 nativitatis
2657 2554 2919 2624 expietur.
2960 2559 3160 2616 Deinde
3183 2540 3273 2618 adv
3290 2573 3473 2622 nostra

1877 2634 2152 2703 superiora
2176 2638 2340 2693 verba
2383 2643 2689 2709 revertitur,
2741 2660 2860 2716 qua:
2881 2649 3066 2704 nescio
3084 2664 3185 2705 cur
3210 2663 3416 2723 repetat
3441 2675 3456 2712 :

1875 2725 1986 2782 Eos
2009 2738 2184 2784 autem
2202 2732 2291 2801 qui
2329 2730 2398 2787 de
2429 2734 2519 2790 tali
2575 2738 2956 2795 commixtione
3003 2751 3312 2812 nascuntur,
3342 2745 3473 2802 dici-

1876 2834 1997 2874 mus
2022 2821 2233 2877 trahere
2253 2824 2512 2895 originale
2551 2838 2825 2896 peccatum
2854 2843 3118 2904 ;.eosque,
3142 2836 3209 2890 de
3232 2840 3469 2907 parenti-

1875 2910 1973 2966 bus
2000 2914 2475 2988 qualibuscumque
2515 2932 2821 2990 nascantur,
2860 2939 2964 2979 non
3006 2941 3263 2997 negamus
3293 2930 3471 2987 adhuc

1874 3016 1995 3057 esse
2042 3002 2143 3058 sub
2176 3003 2407 3072 diabolo,
2458 3009 2561 3063 nisi
2604 3024 2952 3070 renascantur
2991 3017 3045 3071 in
3081 3017 3313 3075 Christo.
3343 3020 3471 3078 Hzcc

1874 3096 2035 3150 verba
2066 3106 2246 3152 nostra
2269 3109 2322 3153 et
2365 3101 2520 3169 paulo
2538 3111 2664 3160 ante
2683 3106 2907 3161 dixerat.
2949 3109 3150 3166 Deinde
3194 3111 3471 3185 subjunxit

1874 3188 2016 3258 quod
2045 3189 2112 3245 de
2141 3189 2352 3247 Christo
2381 3193 2637 3264 diximus,
2659 3198 2761 3267 Qui
2780 3200 2848 3255 de
2872 3203 3058 3259 eadem
3079 3221 3239 3264 sexus
3257 3209 3460 3264 utrius-

1873 3296 1977 3352 que
1998 3283 2376 3340 commixtione
2401 3288 2547 3344 nasci
2577 3289 2765 3346 noluit.
2788 3291 2893 3348 Sed
2935 3295 3093 3349 etiam
3125 3297 3212 3352 hic
3241 3307 3467 3368 praeter-

1874 3372 2018 3427 misit
2041 3374 2183 3444 quod
2226 3390 2325 3445 ego
2363 3377 2550 3445 posui:
2577 3378 2643 3435 Ut
2671 3396 2764 3450 per
2802 3382 2917 3451 ejus
2949 3386 3175 3454 gratiam
3212 3389 3349 3443 eruti
3398 3390 3466 3448 dc

1874 3473 2133 3534 potestate
2154 3470 2513 3535 tenebrarum,
2538 3472 2596 3527 in
2631 3488 2853 3544 regnum
2874 3476 3036 3543 illius,
3058 3480 3152 3550 qui
3188 3480 3257 3536 de
3276 3482 3464 3540 eadem

1873 3571 2034 3614 sexus
2063 3559 2337 3630 utriusque
2364 3563 2744 3620 commixtione
2768 3567 2917 3622 nasci
2929 3568 3471 3641 noluit,transferan:

1873 3656 1979 3702 tur.
2002 3647 2158 3716 Vide,
2187 3651 2413 3706 obsecro
2435 3660 2507 3721 te,
2549 3669 2669 3725 quae
2697 3665 2879 3711 nostra
2921 3659 3082 3714 verba
3109 3662 3309 3729 vitavit,
3343 3675 3460 3720 tan-

1872 3755 2030 3812 quam
2057 3742 2298 3797 inimicus
2316 3745 2535 3801 omnino
2562 3748 2745 3816 gratiae
2772 3749 2888 3817 Dei,
2930 3767 3051 3821 qum
3088 3756 3232 3809 venit
3253 3772 3349 3826 per
3373 3757 3465 3814 Je«

1874 3847 1991 3887 sum
2017 3833 2288 3888 Christum
2332 3835 2614 3892 Dominum
2659 3850 2921 3895 nostrum.
2971 3841 3084 3899 Scit
3108 3847 3250 3900 enim
3279 3848 3346 3902 ab
3372 3849 3463 3907 illa

1875 3925 2111 3995 Apostoli
2151 3928 2433 3995 sententia,
2489 3946 2593 4000 qua
2618 3930 2751 3987 dixit
2790 3933 2858 3989 de
2886 3935 2996 3991 Deo
3021 3937 3200 4006 Patre,
3244 3939 3344 4006 Qui
3374 3959 3464 3998 nos

1872 4018 2003 4072 eruit
2044 4018 2108 4072 de
2149 4029 2394 4089 potestate
2438 4023 2756 4080 tenebran
2776 4069 2790 4095 ,
2822 4038 2868 4082 et
2896 4033 3147 4085 transtulit
3174 4034 3228 4088 in
3256 4052 3467 4105 regnum

1871 4108 2001 4164 Filii
2058 4112 2317 4165 charitatis
2362 4114 2501 4187 8u(B(
2525 4112 2723 4171 Coloss.
2764 4134 2813 4186 ι,
2875 4121 2942 4176 15
2973 4123 2991 4193 )
3021 4142 3035 4191 ;
3068 4124 3465 4194 improbissime

1870 4209 1926 4256 et
1958 4201 2271 4272 impiissime
2303 4207 2324 4237 ³
2346 4207 2595 4275 parvulos
2632 4211 2866 4279 separari
2897 4229 2910 4266 :
2936 4213 3055 4269 ideo
3080 4218 3263 4285 procul
3300 4218 3466 4277 dubio

1869 4293 2031 4348 verba
2044 4294 2141 4350 ista
2155 4298 2557 4366 praetermittere
2572 4316 2729 4371 quam
2754 4316 2952 4372 ponere
2973 4307 3158 4363 maluit
3178 4327 3201 4362 ι
3222 4309 3324 4384 (De
3342 4309 3466 4366 Nu-

1873 4387 1993 4455 ptiis
2035 4397 2082 4441 et
2135 4388 2573 4462 Conwpt’scentt’a,
2607 4392 2693 4447 lib.
2726 4393 2781 4461 2,
2810 4412 2898 4449 nn.
2928 4397 2984 4463 4,
3012 4396 3091 4468 5).
3136 4399 3318 4471 Egone
3343 4416 3465 4460 sum

1871 4476 2117 4533 inimicus
2152 4481 2337 4551 gratiae
2365 4482 2479 4547 Dei,
2513 4482 2675 4538 homo
2704 4486 2944 4542 omnium
2973 4488 3459 4565 impudentissime,

1870 4569 1958 4639 qui
2008 4569 2061 4623 in
2094 4571 2264 4640 primo
2314 4572 2453 4628 libro
2482 4589 2624 4642 meo,
2648 4576 2789 4631 unde
2817 4586 2871 4633 tu
2895 4577 2995 4635 ista
3022 4594 3050 4633 a
3078 4590 3329 4639 contextu
3364 4600 3465 4643 suo

1869 4665 2050 4720 avulsa
2080 4669 2322 4737 rapuisti,
2352 4671 2623 4741 utaliquid
2666 4674 2780 4729 sine
2804 4676 3008 4732 ratione
3053 4680 3307 4750 garrires,
3332 4696 3465 4753 pro-

1869 4757 2100 4814 fessione
2124 4776 2256 4830 pura
2286 4769 2341 4816 et
2388 4764 2539 4832 plena
2575 4779 2636 4821 os
2666 4775 2812 4823 tuum
2843 4772 3113 4841 mysteriis
3140 4771 3464 4832 Manichaeo-

1868 4867 1990 4907 rum
2017 4853 2240 4908 madens
2266 4862 2583 4927 tuorumque
2611 4858 2901 4917 damnavi?

1870 5127 2150 5185 damnasse
2176 5138 2231 5186 te
2263 5130 2433 5200 jactas
2456 5132 2499 5186 ⁸.
2554 5134 2799 5194 Dicturus
2848 5154 2909 5196 es
2936 5184 2952 5209 ,
3003 5141 3460 5217 Manichaeorum;

1872 5221 1963 5275 sed
1988 5230 2044 5276 ut
2060 5222 2369 5290 maledicus,
2402 5240 2510 5281 non
2538 5236 2596 5283 ut
2619 5229 2909 5286 veridicos.
2950 5232 3069 5305 Ego
3093 5237 3237 5293 enim
3268 5247 3323 5293 et
3345 5238 3460 5296 Ma-

1870 5312 2107 5369 nichzeos
2133 5313 2387 5383 detestor,
2423 5327 2478 5374 et
2522 5319 2794 5391 adjutores
2815 5338 3024 5392 eorum,
3051 5326 3107 5382 in
3132 5328 3323 5399 quibus
3351 5344 3459 5402 ap-

1874 5406 2011 5474 petis
2030 5403 2052 5435 ι
2082 5406 2459 5477 principatum,
2493 5421 2547 5466 et
2599 5422 2850 5485 utrosque
2874 5416 3158 5486 adjuvante
3178 5434 3241 5475 ac
3265 5419 3467 5480 subveo

1935 5498 2143 5570 ‘_Edi_ti,_
2162 5510 2222 5551 ne
2262 5501 2583 5570 εοηῆοιᾴαειςν
2614 5505 3092 5570 rescriptis
3114 5516 3172 5561 At
3205 5515 3316 5561 Mss.
3341 5520 3461 5567 ita.

1871 5566 2081 5632 pot-met
2092 5558 2322 5632 plar.,.ne
2343 5563 2714 5632 conﬁgtderetw

1935 5621 1956 5652 ³
1987 5620 2133 5691 Editi,
2157 5620 2577 5694 εξαὶψριινὶέὠπε.
2598 5635 2654 5678 At
2673 5635 2802 5690 Mss,
2825 5620 2900 5681 ut'
2919 5631 2969 5679 in
2990 5632 3209 5684 secundo
3230 5631 3358 5687 libro
3394 5636 3463 5692 de

1935 5682 2068 5731 intiis.
2086 5695 2382 5731 annum.

1870 5689 2068 5746 Nuptiis,

1989 5743 2080 5821 sic
2222 5752 2369 5821 “Fort.
2397 5755 2451 5797 et
2484 5754 2596 5821 star.
2617 5764 2634 5812 ;
2656 5752 2925 5821 vignlerlus
2942 5757 3124 5803 autem:
3150 5756 3243 5821 Dic
3252 5769 3464 5821 quorum

1870 5817 2168 5875 minus,
2200 5819 2451 5871 meumque
2473 5809 2844 5875 dormies,73icut
2866 5814 3183 5869 danmassete
3219 5809 3392 5875 frictas.

1933 5867 1969 5947 ζ
1988 5867 2439 5947 Dtto‘MssLl’ortiet
2457 5879 2591 5947 uaga,
2876 5877 3045 5925 verius
3080 5867 3170 5929 alii
3197 5867 3467 5947 ossis...

1871 5926 1993 5987 petis
2018 5940 2035 5978 :
2057 5929 2122 5977 de
2143 5928 2328 5980 Juliano
2346 5931 2545 5982 dicmm'.
