4014 6486
466 437 600 494 ιθτδ

457 552 634 604 nicnte
652 543 876 601 Domino
915 541 1025 598 Deo
1079 549 1262 595 nostro
1312 538 1573 595 catholica
1603 536 1830 595 veritate
1855 535 2039 591 redar-

451 654 575 711 guo.
601 636 707 693 Sed
744 634 1019 691 ostendam
1049 647 1218 696 meos,
1259 646 1392 701 quos
1420 631 1474 685 in
1516 644 1603 685 me
1645 635 1792 684 tanto
1817 625 2042 701 nequius

454 737 652 802 quanto
672 726 899 782 astutius
936 723 1256 780 criminaris.
1291 720 1349 777 ln
1380 721 1482 777 hac
1533 719 1677 775 enim
1717 731 1899 785 causa,
1949 716 2039 773 ubi

457 820 729 894 originalis
758 818 958 888 peccati
997 815 1220 871 vertitur
1258 815 1501 885 quiestio,
1532 821 1748 883 propter
1773 810 1914 895 quod
1953 825 2041 865 me

460 913 674 969 nomine
693 910 1103 966 Manicbieorum
1124 906 1475 962 atrocissimis
1514 904 1730 975 dignum
1762 903 2039 958 arbitraris

459 1002 773 1075 opprobriis,
802 1014 954 1055 meus
984 1007 1069 1054 est
1115 997 1430 1071 Cyprianus,
1479 997 1570 1067 qui
1617 1012 1738 1051 cum
1792 1009 2040 1066 peccasse

457 1080 586 1150 nihil
613 1092 807 1148 dixerit
836 1090 1110 1161 parvulum
1130 1131 1145 1155 ,
1198 1104 1304 1143 non
1340 1100 1514 1143 tamen
1541 1086 1724 1153 tacuit,
1762 1101 1884 1141 eum
1910 1101 2039 1142 con-

452 1185 683 1241 traxisse
709 1182 908 1253 peccati
937 1197 1002 1237 ex
1028 1181 1198 1235 Adam
1225 1180 1391 1250 prima
1423 1177 1694 1233 nativitate
1740 1178 2039 1247 contagium

456 1277 478 1351 (
515 1275 688 1348 Epist.
706 1275 794 1339 64,
826 1276 893 1328 ad
921 1272 1174 1344 Fidum).
1205 1271 1351 1327 Meus
1380 1279 1464 1326 est
1500 1271 1751 1341 Hilarius,
1781 1269 1869 1339 qui
1915 1284 2040 1324 cum

454 1378 747 1443 exponeret
788 1368 928 1440 quod
975 1368 1028 1423 in
1077 1366 1522 1443 Psalmo'legitur,
1558 1363 1699 1419 Vivet
1723 1365 1893 1418 anima
1931 1380 2041 1418 mea

459 1472 508 1520 et
541 1461 771 1519 laudabit
797 1472 843 1514 te
873 1475 892 1515 :
927 1478 945 1512 ι
994 1459 1184 1514 Vivere
1236 1474 1313 1526 se,
1342 1477 1362 1511 ι
1414 1457 1605 1529 inquit,
1630 1475 1647 1507 ι
1687 1456 1742 1510 in
1797 1456 1895 1508 hac
1932 1455 2039 1509 vita

448 1573 565 1621 ;non
582 1564 825 1626 reputat;
856 1554 1050 1625 quippe
1090 1553 1178 1623 qui
1206 1550 1432 1618 dixerat,
1464 1548 1592 1615 Ecce
1621 1550 1675 1603 in
1697 1548 2041 1618 iniquitatibus

446 1656 723 1721 conceptus
739 1665 867 1711 sum,
883 1656 929 1701 et
949 1648 999 1700 in
1013 1645 1203 1699 delictis
1220 1644 1409 1714 peperit
1427 1659 1503 1696 me
1515 1652 1670 1695 mater
1698 1658 1807 1695 mea
1829 1659 1848 1693 ι
1868 1639 2037 1709 (Psal.

457 1753 510 1806 ι,
528 1738 561 1793 7
589 1737 629 1810 ).
659 1756 680 1790 ‹
707 1738 820 1793 Scit
838 1737 938 1791 sub
962 1735 1162 1806 peccati
1192 1733 1412 1803 origine,
1437 1741 1491 1787 et
1510 1732 1608 1785 sub
1627 1732 1824 1802 peccati
1842 1732 1961 1801 lege
1982 1745 2041 1793 se

455 1838 636 1885 natum
666 1848 687 1883 ι
716 1829 816 1901 (In
861 1827 1004 1883 Psat.
1034 1843 1209 1901 cxvni,
1254 1827 1357 1882 175
1386 1823 1429 1894 ).
1458 1825 1606 1882 Meus
1643 1833 1725 1881 est
1752 1840 1779 1879 a
1810 1832 1898 1879 tuo
1945 1824 2044 1879 do-

457 1931 605 1978 ctore
629 1919 1075 1977 excellentissime
1092 1912 1337 1973 laudatus
1368 1918 1702 1983 Ambrosius,
1725 1919 1813 1988 qui
1850 1916 1983 1971 dixit
2013 1934 2027 1971 :

463 2032 483 2066 ι
515 2011 717 2068 Omnes
770 2011 1015 2066 homines
1068 2009 1169 2066 sub
1216 2018 1434 2079 peccato
1462 2009 1759 2076 nascimur,
1814 2024 2038 2089 quorum

457 2103 570 2173 ipse
600 2111 749 2157 ortus
779 2102 832 2157 in
862 2102 991 2156 vitio
1033 2111 1117 2156 est
1146 2119 1158 2154 :
1187 2100 1325 2155 sicut
1352 2100 1515 2154 habes
1569 2100 1789 2166 lectum,
1822 2099 2034 2154 dicente

454 2194 639 2259 David,
668 2193 801 2249 Ecce
830 2194 961 2248 enim
1001 2194 1056 2246 in
1083 2190 1431 2264 iniquitatibus
1460 2199 1727 2261 conceptus
1756 2207 1889 2256 sum,
1922 2199 1969 2244 et
1989 2190 2042 2243 in

455 2286 647 2341 delictis
666 2287 857 2358 peperit
884 2303 964 2340 me
982 2296 1141 2339 mater
1177 2301 1305 2337 mea.
1332 2283 1455 2338 ideo
1500 2282 1645 2336 Pauli
1675 2298 1821 2347 caro,
1844 2296 2041 2351 corpus

455 2377 640 2433 mortis
658 2386 773 2433 erat
807 2396 826 2429 ι
854 2376 874 2450 (
903 2375 980 2431 De
1022 2374 1345 2440 Paenitentia,
1378 2374 1464 2427 lib.
1512 2374 1566 2440 l,
1587 2388 1701 2444 cap.
1745 2371 1781 2427 2
1804 2373 1844 2444 ).
1898 2373 2043 2428 Meus

456 2477 538 2522 est
553 2466 862 2537 Gregorius,
887 2466 974 2537 qui
992 2480 1110 2519 cum
1125 2463 1191 2518 de
1216 2462 1489 2533 Baptismo
1506 2462 1814 2532 loqueretur
1840 2481 1853 2517 :
1890 2480 1908 2513 i
1934 2461 2041 2517 Vc-

455 2573 665 2625 nerare,
697 2577 716 2610 »
751 2558 941 2628 inquit,
981 2574 999 2608 ‹
1038 2556 1385 2620 nativitatem,
1441 2570 1537 2625 per
1588 2571 1744 2625 quam
1768 2554 1787 2587 ί
1814 2562 2042 2609 terrena:

455 2651 744 2707 nativitatis
769 2648 992 2704 vinculis
1018 2649 1269 2704 liberatus
1292 2661 1351 2704 es
1390 2665 1412 2701 ι
1445 2644 1619 2722 (Orat.
1642 2647 1697 2701 in
1715 2644 1901 2700 Christi
1930 2644 2042 2699 Na-

400 2778 413 2783 ~
455 2741 609 2798 talem
631 2739 676 2812 ).
736 2739 885 2796 Meus
909 2748 992 2796 est
1021 2739 1264 2804 Basilius,
1321 2738 1413 2809 qui
1442 2753 1563 2793 cum
1594 2747 1774 2809 ageret
1808 2738 1873 2792 de
1894 2738 2036 2807 jeju-

457 2834 549 2890 nio
579 2851 591 2888 :
629 2831 805 2899 «Quia
850 2847 956 2888 non
982 2831 1361 2902 jejunavimus,
1398 2849 1417 2884 ι
1456 2830 1650 2900 inquit,
1675 2848 1693 2882 ι
1740 2829 2034 2883 decidimus

454 2926 524 2983 de
561 2925 835 2997 paradiso:
852 2924 1154 2996 jejunemus
1180 2933 1240 2979 ut
1261 2923 1330 2979 ad
1356 2938 1478 2980 eum
1498 2923 1779 2978 redeamus
1813 2940 1835 2976 ι
1870 2922 1887 2993 (
1915 2922 2041 2977 Ser-

456 3019 654 3073 monel
703 3016 767 3072 de
808 3012 1018 3087 Jejunio
1050 3017 1089 3086 ).
1130 3015 1279 3072 Meus
1326 3020 1411 3072 est
1465 3014 1696 3071 Joannes
1737 3014 2040 3069 Constanti-

457 3112 817 3183 nopolitanus,
855 3109 1084 3165 dicens:
1132 3128 1151 3163 ι
1196 3109 1362 3164 Adam
1403 3109 1638 3179 peccavit
1687 3107 1813 3163 illud
1841 3106 2039 3177 grande

459 3211 754 3276 peccatum,
781 3210 839 3257 ct
867 3217 1023 3256 omne
1041 3201 1314 3255 hominum
1355 3216 1522 3272 genus
1548 3202 1599 3255 in
1630 3216 1914 3256 commune
1944 3201 2035 3255 da-

457 3295 660 3352 mnavit
695 3315 715 3349 »
749 3296 768 3365 (
801 3293 1030 3351 Homilia
1058 3294 1122 3349 de
1144 3294 1340 3349 Lazaro
1364 3295 1659 3348 resuscitato
1688 3294 1728 3367 ).
1754 3294 2036 3363 lliomnes,

459 3396 514 3444 et
545 3387 636 3443 alii
664 3387 795 3443 socii
824 3402 1008 3442 eorum
1053 3385 1241 3441 eadem
1282 3387 1593 3448 sentientes,
1642 3399 1775 3455 quos
1800 3401 2038 3439 commc-

458 3495 669 3538 morare
694 3482 907 3549 longum
935 3488 1034 3544 est,
1066 3478 1172 3534 mei
1211 3477 1464 3551 sunt(a):
1498 3478 1541 3533 si
1588 3479 1850 3548 agnoscis,
1881 3486 1936 3532 et
1965 3477 2041 3531 tui

457 3579 627 3638 sunt;
671 3569 766 3626 sed
792 3571 895 3626 mei
926 3570 1193 3636 doctores,
1245 3570 1634 3639 improbatorcs
1688 3569 1782 3622 tui.
1808 3568 2041 3638 Quomo-

458 3665 531 3722 do
547 3664 708 3737 igitur
736 3680 797 3719 os
822 3679 997 3719 meum
1030 3677 1376 3733 meorumque
1414 3660 1677 3716 damnasti
1708 3677 1721 3727 ;
1752 3676 1869 3715 cum
1902 3661 2034 3717 isto-

460 3772 616 3825 rum,
655 3771 792 3828 quos
839 3771 960 3812 esse
1011 3755 1277 3825 conspicis
1320 3769 1471 3809 meos
1495 3796 1511 3821 ,
1542 3754 1963 3809 concordissimo
1989 3762 2043 3808 et

460 3849 803 3903 veracissimo
845 3846 1022 3916 potius
1080 3860 1177 3901 ore
1228 3847 1346 3916 ipse
1400 3843 1718 3900 damneris?
1754 3844 1943 3899 lstisne
1986 3852 2042 3898 tu

460 3939 749 3995 luminibus
767 3937 993 3992 civitatis
1012 3938 1130 4001 Dei,
1152 3944 1331 3991 mente
1373 3935 1833 4002 tenebrosissima,
1861 3934 2036 3990 fronte

414 4024 419 4029 ”
461 4027 946 4098 impudentissima,
996 4028 1172 4098 lingua
1214 4026 1592 4097 procacissima
1648 4026 1813 4081 audes
1839 4027 2042 4082 crimen

462 4120 696 4191 objicere
730 4117 1056 4174 Manicbaai?
1093 4117 1150 4172 Si
1195 4126 1371 4173 autem
1408 4131 1515 4171 non
1561 4116 1750 4184 audes,
1779 4132 1874 4172 cur
1913 4117 2043 4173 mihi

463 4229 570 4269 non
597 4212 666 4267 ob
702 4210 847 4267 aliud
872 4209 1057 4277 audes,
1103 4208 1205 4265 nisi
1239 4209 1359 4279 quia
1386 4207 1487 4263 hoc
1515 4207 1655 4276 dico,
1697 4207 1839 4279 quod
1864 4208 2046 4265 dicunt

463 4302 655 4376 quibus
684 4318 791 4358 non
816 4302 980 4357 audes
1002 4301 1028 4355 τ

534 4414 669 4472 Llll.
710 4415 828 4471 Jun.
860 4413 934 4468 lbi
975 4428 1204 4487 namque
1233 4412 1320 4469 hic
1345 4422 1426 4467 est
1472 4429 1501 4467 a
1534 4428 1619 4469 me
1647 4413 1869 4469 collatus
1910 4413 2044 4490 ordo

464 4509 772 4577 verborum,
827 4523 949 4563 cum
992 4505 1243 4563 dixissem
1292 4516 1566 4562 auctorem
1618 4507 1783 4561 Deum
1831 4508 1952 4565 coeli
1992 4516 2045 4573 et

465 4609 641 4665 terrai,
672 4600 1016 4669 omniumque
1041 4615 1159 4669 qua:
1189 4599 1240 4652 in
1263 4599 1342 4653 eis
1369 4607 1512 4665 sunt,
1540 4613 1601 4653 ac
1628 4615 1722 4669 per
1744 4599 1842 4654 hoc
1868 4609 1921 4653 et
1948 4598 2042 4654 bo-

464 4694 666 4749 minum
693 4701 910 4762 prepter
933 4706 1066 4761 quos
1088 4699 1277 4745 cuncta
1308 4689 1443 4744 facta
1484 4698 1626 4744 sunt.
1660 4707 1680 4740 ‹
1718 4689 1829 4743 Νοη
1867 4699 2042 4746 autem

442 4798 555 4849 ,me
589 4782 741 4853 fugit,
775 4799 796 4836 ι
841 4782 1021 4851 inqnio
1040 4781 1089 4850 ³,
1132 4800 1150 4832 ‹
1190 4796 1306 4835 cum
1352 4780 1466 4835 haec
1508 4779 1751 4843 dicimus,
1800 4780 1926 4835 illud
1978 4782 2044 4836 de

467 4874 621 4930 nobis
647 4871 1100 4928 disseminandum
1131 4888 1269 4935 csse,
1301 4873 1420 4942 quia
1448 4872 1674 4943 gratiam
1720 4871 1917 4927 Christi
1945 4890 2039 4927 nc—

465 4966 749 5022 cessariam
790 4965 1024 5035 parvulis
1077 4980 1180 5019 non
1226 4974 1489 5033 putemus.
1536 4964 1686 5035 Quod
1724 4965 2046 5025 christianos

468 5057 691 5129 populos
714 5056 1049 5111 laudabiliter
1074 5065 1127 5109 et
1154 5056 1499 5111 vehementer
1519 5055 1769 5109 offendit:
1794 5057 1836 5109 si
1867 5066 2043 5119 tamen

466 5146 591 5205 dicti
620 5163 716 5219 per
739 5163 798 5203 se
827 5148 1016 5203 nefarii
1048 5162 1153 5202 non
1196 5162 1294 5201 nos
1331 5147 1716 5201 arbitrarentur
1760 5157 2042 5205 auctores:

467 5257 531 5297 eo
556 5240 698 5298 enim
741 5240 901 5294 modo
945 5255 1043 5294 nec
1072 5237 1138 5294 de
1176 5237 1425 5293 fratribus
1471 5239 1582 5293 suis
1626 5238 1757 5294 falsa
1777 5239 2046 5294 credendo

473 5330 671 5388 crimen
714 5332 1079 5398 incurrerent,
1112 5339 1165 5385 et
1205 5329 1468 5385 studiosos
1514 5344 1572 5385 se
1621 5330 1759 5384 circa
1810 5346 2042 5387 amorem

470 5424 590 5481 ﬁdei
622 5424 1051 5496 comprobarent.
1097 5422 1375 5479 Munienda
1418 5423 1576 5494 igitur
1602 5424 1757 5480 nobis
1797 5426 1894 5487 ista
1922 5442 2044 5503 pars

533 5602 554 5673 ξ
578 5603 704 5673 Fin“
717 5636 735 5664 ν
755 5615 847 5673 βῖο
996 5601 1404 5673 σοφεηάωίφει
1420 5602 1781 5673 ματέρω-

531 5663 554 5696 θ
585 5664 658 5715 sic
675 5663 777 5714 uss;
793 5672 846 5714 At
867 5663 1135 5722 Menardus,
1159 5663 1302 5727 quod.
1322 5663 1613 5727 Viguierius,
1627 5663 1688 5727 iiii
1708 5676 1819 5726 quo.
1838 5671 1949 5717 nec
1969 5674 2049 5718 tu.

650 5727 700 5775 in
734 5739 889 5799 opere
908 5739 1001 5779 suo
1023 5723 1585 5799 admissarium}:
1606 5723 1756 5785 dixit,
1799 5730 2048 5799 regnavit-

470 5798 539 5852 (ιο
588 5785 881 5849 Mm
898 5785 1071 5851 suprti,
1098 5785 1220 5837 lilro
1241 5788 1273 5837 5
1292 5795 1458 5837 contra
1479 5786 1713 5859 lulianum
1732 5821 1747 5847 ,
1789 5802 1837 5862 ῃ.
1862 5788 1912 5850 8,
1936 5804 2042 5863 sqq.

468 5890 479 5895 -
530 5800 723 5915 ὣῃωδ
745 5856 797 5903 et
832 5848 954 5915 alios
1184 5855 1573 5915 mitigavit
1603 5861 1768 5913 supra,
1800 5863 1849 5901 In
1883 5865 2047 5915 priore

468 5908 624 5975 opere
644 5921 806 5962 contra
830 5908 1081 5971 lulianum,
1103 5908 1188 5960 lib.
1216 5910 1262 5973 l,
1286 5923 1392 5972 cap.
1414 5908 1523 5973 3-6,
1538 5917 1632 5965 om.

1128 426 1370 485 OPERIS
1408 423 1820 483 IMPERFECTI
1859 421 2132 480 CONTRA
2169 423 2529 495 JULIANUM,
2570 428 2627 485 S.
2671 428 3035 488 AUGUSTINI

3578 431 3718 491 1076

2147 546 2226 593 est
2253 550 2435 595 contra
2460 541 2716 621 impetum
2734 546 3009 615 vanitatis,
3039 552 3097 603 et
3121 544 3457 606 confessione
3485 548 3635 617 brevi
3653 564 3719 607 os

2147 629 2544 701 obloqueutium
2587 635 2973 691 consuendum.
3040 636 3149 692 Nos
3198 637 3356 708 igitur
3402 639 3456 694 in
3514 648 3724 695 tantum

2147 723 2371 792 gratiam
2397 724 2739 795 Baptismatis
2764 728 3009 784 omnibus
3025 729 3208 785 utilem
3239 731 3481 787 aetatibus
3500 732 3727 789 confite-

2145 828 2283 877 mur,
2335 824 2392 868 ut
2427 824 2649 873 cunctos
2692 818 2781 891 qui
2821 819 2965 875 illam
3013 834 3123 876 non
3163 823 3519 887 necessariam
3560 823 3725 889 etiam

2146 905 2375 974 parvulis
2415 916 2622 976 putant,
2665 920 2867 975 aatcrno
2918 910 3170 965 feriamus
3216 912 3575 968 anathemate.
3618 914 3728 969 Sed

2146 990 2284 1051 hanc
2318 999 2539 1069 gratiam
2593 999 2908 1075 locupletem
2953 1003 3312 1075 spiritualibus
3356 1005 3512 1061 donis
3542 1007 3728 1069 credi-

2145 1103 2282 1151 mus,
2310 1106 2429 1161 qua:
2456 1092 2638 1146 multis
2666 1094 2842 1173 opima
2873 1094 3181 1150 muneribus
3211 1111 3274 1150 ac
3304 1097 3597 1152 reverenda
3619 1098 3731 1153 vir-

2146 1180 2364 1247 tutibus,
2407 1196 2506 1265 pro
2546 1182 2910 1241 inlirntitatum
2953 1186 3234 1259 generibus
3281 1196 3335 1241 et
3371 1187 3731 1255 humanorum

2144 1276 2374 1335 statuunt
2396 1271 2813 1351 diversitatibus,
2866 1290 2991 1343 una,
3019 1284 3124 1331 tam
3154 1277 3512 1343 remediorum
3554 1279 3731 1335 colla-

2146 1360 2279 1417 trice
2304 1361 2323 1395 ⁸
2351 1378 2510 1433 quam
2540 1379 2842 1445 munerum,
2870 1365 3068 1423 virtute
3095 1368 3407 1424 medicatur.
3446 1370 3574 1439 Quin
3603 1386 3728 1426 cum

2143 1453 2454 1510 admovetur
2476 1457 2522 1535 ’ρ
2550 1472 2653 1513 non
2686 1465 2770 1513 est
2795 1459 3045 1514 mutanda
3071 1475 3169 1543 pro
3195 1461 3370 1521 causis
3394 1480 3406 1517 :
3431 1462 3541 1533 jam
3580 1464 3728 1519 enim

2146 1544 2258 1615 ipsa
2288 1544 2427 1601 dona
2457 1561 2553 1603 sua
2587 1562 2684 1623 pro
2708 1549 3075 1605 accedentium
3106 1552 3400 1622 capacitate
3428 1552 3755 1631 dispensat..

2145 1634 2295 1690 Sicut
2316 1639 2460 1691 enim
2489 1647 2633 1693 artes
2659 1654 2847 1696 omnes
2877 1656 2981 1694 non
3019 1656 3117 1721 pro
3143 1641 3451 1707 diversitate
3477 1645 3734 1699 materia-

2144 1742 2285 1795 rum,
2316 1742 2445 1798 quas
2466 1729 2725 1799 arripiunt
2752 1730 3091 1799 excolendas,
3133 1732 3262 1811 ipsa;
3288 1750 3497 1805 quoque
3522 1744 3614 1789 aut
3639 1735 3733 1790 de-

2147 1819 2394 1872 trimenta
2423 1827 2515 1873 aut
2542 1829 2825 1890 augmenta
2849 1823 3141 1892 patiuntur,
3171 1824 3266 1879 sed
3304 1824 3444 1879 idem
3466 1824 3487 1856 ³
3516 1841 3733 1903 semper

2144 1918 2301 1980 atque
2342 1925 2448 1965 uno
2487 1911 2728 1966 modose
2770 1911 3030 1969 habentes
3077 1914 3364 1984 multiplici
3404 1916 3734 1973 decorantur

2144 2000 2335 2057 eﬂ'ectu
2361 2000 2413 2068 ";
2459 2002 2533 2057 ita
2567 2011 2623 2057 et
2668 2005 2959 2059 secundum
3006 2006 3342 2076 Apostolum,
3393 2007 3507 2063 Una
3561 2009 3729 2078 ﬁdes,

2146 2110 2304 2147 imum
2346 2094 2612 2166 Baptisma
2652 2095 2872 2169 (Ephes.
2904 2114 2977 2165 tv,
3024 2097 3080 2172 5)
3107 2117 3120 2153 :
3150 2107 3203 2155 et
3235 2100 3648 2172 multiplicantur
3674 2112 3733 2169 et

2147 2182 2437 2240 dilatantur
2482 2186 2536 2241 in
2567 2186 2743 2252 donis,
2776 2203 2876 2244 nec
2903 2197 3078 2245 tamen
3110 2191 3163 2244 in
3201 2192 3571 2273 mysteriorum
3608 2209 3731 2246 uui-

2146 2283 2326 2331 tantnr
2347 2276 2643 2333 ordinibus.
2692 2278 2800 2335 Sed
2822 2278 2939 2335 haec
2961 2282 3130 2351 gratia
3160 2297 3267 2337 non
3295 2282 3603 2338 adversatur
3639 2283 3732 2363 ju-

2147 2368 2324 2435 stitia,
2348 2385 2469 2440 quae
2492 2370 2725 2427 maculas
2764 2372 2895 2428 eluit
2932 2372 3265 2443 iniquitatis:
3297 2389 3397 2431 nec
3441 2374 3567 2431 facit
3605 2362 3735 2446 pec-

2146 2468 2284 2527 cata,
2320 2460 2415 2515 sed
2436 2469 2662 2533 purgat;
2693 2478 2812 2532 qua:
2850 2460 3079 2519 absolvit
3114 2480 3257 2532 reos,
3300 2481 3406 2522 non
3437 2468 3734 2524 calumnia-

2148 2558 2234 2606 tur
2279 2554 2555 2610 innocuos.
2596 2551 2841 2611 Christus
2870 2555 3012 2613 enim
3042 2558 3133 2629 qui
3186 2569 3269 2623 est
3305 2561 3386 2616 sui
3417 2562 3593 2643 operis
3634 2578 3730 2617 re-

2148 2645 2411 2716 demptor,
2440 2656 2600 2719 auget
2625 2650 2764 2706 circa
2792 2649 3078 2722 imaginem
3104 2669 3256 2711 suam
3284 2656 3535 2711 continua
3562 2657 3731 2730 largi-

2148 2744 2257 2792 tate
2280 2737 2576 2806 benelicia;
2605 2750 2659 2796 et
2682 2756 2817 2812 quos
2844 2741 3046 2798 fecerat
3072 2744 3354 2800 condendo
3382 2738 3570 2813 bonos,
3601 2746 3734 2802 facit

2149 2830 2455 2885 innovando
2473 2831 2882 2905 adoptandoque
2903 2835 3169 2891 meliores.
3211 2856 3230 2889 ι
3262 2837 3409 2894 Hanc
3436 2838 3592 2910 igitur
3610 2856 3737 2911 gra-

2148 2923 2307 2989 tiam,
2352 2941 2447 2995 per
2476 2942 2634 2996 quam
2686 2931 2795 2983 reis
2828 2929 3005 2998 venia,
3053 2929 3371 2986 illuminatio
3409 2933 3730 3004 spiritualis,

2146 3016 2361 3084 adoptio
2388 3016 2613 3071 ﬁliorum
2643 3018 2758 3086 Dei,
2781 3019 3135 3089 municipatus
3150 3019 3443 3076 Jerusalem
3469 3023 3728 3089 cmlestis,

2146 3109 2497 3164 sanctiﬁcatio
2516 3151 2530 3173 ,
2553 3119 2711 3180 atque
2741 3110 2794 3165 in
2822 3107 3019 3167 Christi
3060 3113 3301 3169 membra
3329 3115 3603 3171 translatio
3622 3158 3637 3183 ,
3673 3125 3733 3173 et

2145 3205 2418 3277 possessio
2439 3205 2590 3275 regni
2617 3207 2873 3262 caalorum
2922 3210 3237 3267 mortalibus
3280 3211 3455 3281 datur,
3499 3218 3588 3285 qui
3631 3214 3734 3270 ali-

2145 3296 2336 3365 quibus
2363 3297 2658 3367 negantiam
2685 3307 2861 3369 putat,
2906 3301 3143 3357 omnium
3186 3303 3451 3360 bonorum
3477 3320 3733 3362 exsecra-

2147 3387 2344 3443 tionem
2378 3398 2631 3445 meretur.

2218 3480 2352 3536 Atio.
2383 3479 2437 3533 In
2482 3480 2564 3536 his
2612 3481 2860 3537 omnibus
2904 3498 3024 3567 quin
3062 3490 3495 3545 commemorasti
3540 3491 3732 3573 gratias

2148 3568 2240 3622 Dei
2289 3570 2613 3635 muneribus,
2656 3571 2789 3627 illud
2813 3574 2953 3646 quod
2995 3578 3144 3646 prius
3174 3579 3421 3647 posuisti,
3466 3568 3580 3643 dari
3627 3599 3731 3671 per

2147 3660 2289 3715 illam
2341 3662 2446 3717 rcis
2486 3663 2716 3731 veniam,
2762 3680 2868 3719 non
2905 3666 2989 3723 vis
3030 3666 3097 3722 ad
3146 3669 3393 3738 parvulos
3438 3660 3732 3741 pertinere,

2147 3765 2281 3821 quos
2299 3752 2463 3806 ullum
2493 3762 2697 3808 reatum
2730 3770 2892 3826 negas
2914 3771 2979 3811 ex
3011 3758 3179 3813 Adam
3208 3759 3437 3817 trahere.
3463 3762 3571 3818 Cur
3598 3750 3735 3845 ergo

2147 3849 2341 3896 caetera
2366 3844 2546 3897 multis
2568 3853 2724 3914 negat
2748 3846 2886 3901 Deus
2908 3850 3159 3917 parvulis,
3205 3851 3296 3922 qui
3335 3852 3452 3910 sine
3478 3854 3578 3910 bac
3605 3844 3735 3926 gra-

2149 3931 2219 3985 tia
2248 3932 2302 3987 in
2324 3933 2412 3988 illa
2438 3943 2594 3990 aetate
2620 3938 2967 3994 moriuntur?
2992 3955 3106 4008 cur,
3136 3942 3375 4014 inquam,
3407 3950 3510 4001 non
3538 3934 3619 4003 eis
3641 3947 3738 4004 da-

2149 4029 2235 4077 tur
2259 4023 2577 4080 illuminatio
2601 4027 2910 4096 spiritualis,
2954 4029 3170 4100 adeptio
3194 4034 3421 4089 filiorum
3450 4037 3563 4107 Dei,
3609 4053 3738 4094 mu-

2149 4113 2407 4183 nicipatus
2444 4115 2735 4172 Jerusalem
2781 4120 3038 4189 caelestis,
3078 4125 3451 4196 sanctificatio,
3491 4133 3734 4201 atquein

2148 4202 2344 4257 Christi
2372 4206 2608 4261 membra
2635 4208 2945 4278 translatio,
2997 4219 3051 4266 et
3085 4217 3350 4283 possessio
3387 4221 3533 4289 regni
3557 4223 3736 4276 casio-

2147 4295 2309 4349 rtun?
2338 4296 2585 4353 Haecine
2611 4298 2634 4335 ³
2656 4307 2733 4353 tot
2760 4316 2983 4357 munera
3009 4311 3114 4358 tam
3144 4309 3463 4377 necessaria,
3494 4319 3570 4365 tot
3594 4313 3738 4369 ima-

2147 4388 2356 4459 ginibus
2378 4390 2490 4444 suis
2524 4391 2723 4447 nullum
2766 4395 3057 4450 secundum
3078 4413 3174 4453 vos
3214 4410 3489 4470 peccatum
3515 4404 3733 4462 haben-

2150 4480 2290 4535 tibus
2317 4490 2541 4551 negaret
2564 4483 2721 4549 Deus,
2749 4499 2913 4555 penes
2942 4504 3100 4559 quem
3123 4504 3329 4545 summa
3357 4503 3588 4564 potestas
3618 4507 3733 4566 est,

2147 4586 2266 4626 cum
2317 4570 2419 4627 hoc
2467 4573 2780 4631 beneﬁcium
2831 4592 2936 4631 non
2988 4593 3018 4632 a
3063 4596 3122 4635 se
3167 4583 3442 4651 prohibeat
3482 4586 3736 4647 voluntas

2148 4665 2410 4719 contraria
2434 4666 2809 4736 parvulorum?
2836 4668 2915 4724 Tu
2942 4679 3086 4727 certe
3113 4682 3169 4727 ut
3193 4672 3332 4731 hanc
3359 4692 3387 4731 a
3410 4678 3558 4735 vobis
3577 4695 3737 4737 amo-

2148 4755 2322 4810 lireris
2348 4756 2620 4823 invidiam,
2663 4774 2765 4827 qua
2800 4758 3032 4815 dicimini
3062 4765 3292 4832 parvulis
3321 4766 3572 4838 Baptismi
3600 4787 3695 4842 gra
3714 4807 3734 4816 -

2150 4847 2274 4901 tiam
2295 4847 2577 4919 denegare,
2596 4850 2775 4906 dixisti
2802 4852 2942 4922 quod
2960 4868 3077 4908 eam
3091 4858 3336 4927 gratiam,
3361 4861 3448 4930 qui
3462 4862 3735 4933 aliquibus

2148 4938 2440 5010 negantiam
2489 4949 2658 5009 putat,
2699 4943 2939 4999 omnium
2994 4945 3255 5004 bonorum
3299 4955 3730 5012 exsecrationem

2212 5116 2247 5194 ἱ
3186 5124 3507 5194 alterum,
3532 5132 3735 5194 Visnle-

2148 5177 2434 5257 Ξίὲἓγέέὶῖίθα
2470 5178 2793 5232 remediorum
2832 5181 3091 5241 σοιιαινίοε.
3116 5177 3511 5255 asumma

2148 5245 2543 5372 ῗῖιξῇῗῖπβυδν
2564 5307 2807 5372 War
2828 5313 3105 5372 :mpte.
3126 5308 3177 5359 id
3198 5308 3737 5372 ιιοαιοοοωιιαηυεάο

2148 5362 2487 5438 gantisxpi'ritu
2510 5362 2784 5438 proﬁtetug,
2808 5368 2937 5438 quod
2959 5362 3074 5438 ante
3119 5372 3274 5432 nsum
3306 5362 3738 5438 ΔΡειεηςῖίιξίἷίίίἶ

2148 5421 2296 5501 ιὶςέιρ.
2323 5421 2605 5501 magis
2641 5439 2691 5474 ιι-
2735 5421 2990 5501 τηῑιιτιτξι.
3030 5431 3079 5480 in
3122 5421 3618 5501 Αρνεωίεεξορῖέηιε·

2147 5484 2333 5566 calida,
2386 5502 2409 5531 tt
2432 5486 2688 5566 Baptisms,
2709 5502 2735 5531 ι
2783 5484 2985 5566 "immiti
3028 5508 3058 5566 [ᾳ
3095 5484 3245 5566 “Il-fui“

2157 5525 2180 5590 ii
2201 5525 2379 5627 iiyieinl
2394 5525 2688 5621 sacrit-interni
2703 5525 2953 5600 velli-idin.
2969 5525 3259 5627 iugeribus:

2158 5609 2458 5681 emajoribus
2477 5611 2906 5681 _ass_erin_i_us‘_esse
2939 5609 3349 5681 celeliraudut'nfi
3390 5609 3644 5681 title
3673 5609 3734 5677 iii

2436 5706 2453 5731 ,
2475 5670 2525 5719 in
2556 5670 2739 5722 libello
2756 5673 2869 5725 lidei
2892 5674 3252 5740 Pelagianorum
3262 5717 3282 5749 θ
3303 5695 3357 5741 ῃ.

2177 5744 2409 5780 illlam").

2216 5794 2237 5824 ³
2270 5799 2427 5851 Forte,
2449 5792 2648 5844 andem.

2214 5854 2238 5923 ἒ
2268 5854 2403 5923 editi.
2427 5855 2599 5923 effectu
2627 5869 2644 5906 :
2664 5855 3065 5923 dissentientibus
3082 5867 3192 5923 Ias

2214 5915 2235 5948 ⁸
2270 5915 2607 5979 Editi,ltt8€ne.
2645 5925 2775 5976 Mssa,
2797 5917 3025 5975 bacche.
