4014 6486
477 340 618 400 1079

546 451 704 510 LVII.
734 453 854 511 Jun.
881 453 1196 527 Quanquam
1223 455 1377 521 mihi,
1408 465 1466 511 ut
1493 456 1562 513 de
1587 463 1728 512 statu
1747 452 2067 525 explicando

470 547 731 603 immorer
763 548 1141 618 parvulorum,
1179 549 1559 619 consequentia
1602 547 1828 604 rationis
1861 546 2064 613 indiéit,

469 655 589 710 quae
618 655 814 696 ressua
835 641 953 712 lege
977 653 1288 714 conjunctas
1311 642 1476 698 dividi
1503 659 1607 698 non
1635 644 1780 699 sinit.
1797 642 2062 698 Caeterum

468 729 676 788 facilior
696 743 842 791 esset
875 735 1080 804 jactura
1108 736 1460 803 nascentium,
1490 737 1533 791 si
1565 751 1669 791 non
1693 737 1772 792 eis
1800 735 2065 806 comperi-

465 824 740 882 clitaretur
770 828 938 896 ‘ipsa
991 828 1261 898 majestas.
1309 829 1514 884 Excusa
1561 829 1724 899 igitur
1773 830 1962 897 Deum,
2006 840 2060 884 et

464 931 658 972 accusa
688 920 1010 988 parvulum:
1053 921 1257 991 justum
1301 920 1556 977 doceatur
1605 922 1696 976 ille
1736 921 1880 992 quod
1910 921 2057 990 facit,

465 1010 553 1078 qui
587 1011 925 1081 sinejustitia
945 1013 1087 1069 Deus
1113 1029 1234 1069 esse
1263 1029 1371 1070 non
1397 1023 1600 1085 potest;
1629 1023 1685 1070 et
1709 1017 1912 1086 quaevis
1937 1031 2058 1071 sus-

461 1103 623 1172 cipiat
649 1119 875 1174 persona
903 1106 1246 1176 supplicium.
1284 1105 1554 1164 Caaterum
1597 1123 1739 1165 nunc
1781 1114 1931 1163 extra
1967 1123 2056 1163 sa.

459 1197 738 1270 crilegium
767 1213 855 1254 res
875 1214 1007 1268 quas
1053 1209 1206 1268 putas
1235 1215 1358 1256 esse
1385 1209 1682 1265 consertas,
1731 1209 1918 1256 mutuo
1956 1200 2055 1256 sibi

459 1289 804 1346 vehementer
847 1301 1163 1362 repugnant.
1210 1293 1353 1348 Dicis
1392 1293 1559 1360 enim,
1603 1293 1851 1362 quoniam
1893 1293 2055 1348 unis'

457 1383 745 1455 mysteriis,
797 1382 1091 1438 idololatra:
1140 1399 1203 1439 ac
1246 1383 1525 1454 parricida:
1572 1383 1615 1450 ³,
1663 1384 1973 1439 imbuuntur
2001 1392 2058 1439 et

455 1476 680 1545 parvuli,
707 1491 895 1531 omnes
917 1477 1172 1532 scelestos
1196 1491 1355 1547 posse
1379 1477 1621 1532 convinci
1651 1495 1664 1532 :
1686 1486 1740 1532 et
1760 1476 1912 1531 addis
1940 1492 2052 1532 rem

454 1570 623 1624 multo
647 1569 1042 1637 absurdiorem,
1075 1587 1104 1624 a
1130 1570 1460 1627 Sacramenti
1488 1571 1664 1641 hujus,
1709 1585 1816 1642 quo
1842 1570 1910 1626 de
1936 1571 2050 1641 agi-

452 1677 593 1726 mus,
621 1670 839 1717 auctore
867 1664 1036 1718 aliena
1070 1673 1286 1734 peccata
1324 1665 1697 1720 innocentibus
1739 1662 2048 1735 imputari‘.

451 1752 566 1807 Hoc
591 1763 672 1808 est
694 1754 834 1824 quod
862 1770 1099 1826 pugnare
1123 1755 1254 1819 dixi,
1295 1756 1417 1826 quia
1441 1772 1547 1812 non
1575 1757 1718 1826 capit
1747 1772 1924 1810 rerum
1955 1771 2050 1812 na-

451 1855 567 1900 tura
599 1857 654 1902 ut
689 1866 792 1902 uno
818 1859 1059 1918 tempore
1099 1858 1154 1905 et
1190 1849 1325 1906 adeo
1355 1850 1425 1903 sit
1463 1850 1766 1906 misericors
1798 1849 1962 1916 Deus,
1992 1858 2050 1904 ut

449 1942 658 2010 propria
679 1943 959 2012 unicuique
986 1941 1260 1996 conﬁtenti
1285 1952 1498 2012 peccata
1519 1943 1811 2008 condonet;
1835 1952 1889 1998 et
1911 1941 2048 1999 adeo

446 2032 700 2100 crudelis,
727 2045 782 2088 ut
808 2037 1075 2090 innocenti
1104 2036 1357 2106 impingat
1381 2036 1575 2090 aliena.
1601 2036 1797 2090 Horum
1825 2050 2045 2104 prorsus

445 2137 564 2177 cum
610 2125 835 2180 alterum
875 2126 1108 2193 dederis,
1143 2127 1370 2182 alterum
1401 2127 1566 2182 tulisti
1593 2127 1616 2160 ⁸
1645 2146 1657 2182 :
1685 2129 1729 2182 si
1757 2127 1919 2183 donat
1947 2144 2042 2185 ve-

443 2216 587 2271 niam
611 2201 736 2282 reis,
767 2234 870 2273 non
914 2220 1270 2275 calumniatur
1319 2220 1578 2286 innoxiis;
1609 2221 1656 2275 si
1687 2219 2044 2277 calumniatur

441 2305 706 2375 innocuis,
738 2327 1006 2382 nunquam
1038 2312 1206 2382 parcit
1234 2311 1498 2367 obnoxiis.

512 2405 648 2460 Avo.
681 2404 759 2459 Tu
789 2407 963 2476 potius
1008 2406 1138 2462 facis
1177 2407 1428 2477 injustum
1478 2407 1664 2471 Deum,
1693 2423 1814 2464 cum
1842 2409 1934 2464 tibi
1960 2411 2038 2464 vi-

439 2495 595 2550 detur
623 2497 876 2566 injustum
905 2508 1122 2568 peccata
1152 2508 1360 2569 patrum
1390 2499 1614 2556 reddere
1636 2499 1691 2555 in
1718 2499 1873 2566 ﬁlios,
1893 2502 2035 2572 quod

438 2602 497 2644 se
523 2589 611 2643 illc
638 2588 813 2646 facere
833 2599 887 2644 et
913 2593 1090 2646 verbis
1117 2607 1260 2661 saepe
1286 2600 1510 2647 testatur
1529 2601 1585 2648 et
1597 2593 1756 2648 rebus
1777 2595 2030 2648 ostendit.

437 2681 540 2747 Tu,
571 2683 802 2754 inquam,
832 2681 963 2738 facis
1005 2684 1255 2754 injustum
1302 2685 1490 2752 Deum,
1539 2686 1639 2741 sub
1676 2687 1828 2757 cujus
1857 2688 2032 2741 omni-

435 2775 670 2844 potentis
697 2791 824 2831 cura
850 2791 969 2830 cum
990 2777 1170 2832 videas
1197 2777 1345 2848 gravi
1368 2779 1496 2848 jugo
1524 2779 1755 2833 miseriae
1785 2780 2032 2848 parvulos

435 2866 630 2936 premi,
662 2867 867 2922 nullum
895 2881 988 2922 eos
1017 2877 1289 2937 peccatum
1319 2868 1516 2924 habere
1546 2869 1843 2937 contendis,
1870 2870 2030 2925 simul

435 2973 694 3014 accusans
733 2968 788 3015 et
818 2961 1008 3027 Deum,
1045 2971 1099 3016 et
1138 2961 1427 3017 Ecclesiam
1471 2981 1484 3016 :
1520 2963 1686 3018 Deum
1719 2963 1955 3034 quidem,
1985 2965 2032 3020 si

433 3058 723 3120 gravantur
749 3061 802 3106 et
831 3051 1139 3123 aflliguntur
1162 3053 1442 3120 immeriti;
1476 3055 1770 3110 Ecclesiam
1795 3071 1944 3119 vero,
1983 3059 2028 3112 si

436 3141 788 3198 exsulllantur
825 3159 856 3199 a
897 3145 1015 3214 jure
1060 3146 1336 3202 diabolicae
1385 3148 1663 3217 potestatis
1712 3148 1891 3204 alieni.
1925 3148 2028 3205 Ubi

431 3245 612 3292 autem
643 3237 944 3306 somniasti,
995 3239 1289 3296 idnlolatris
1332 3253 1387 3296 et
1429 3242 1709 3314 parricidis
1747 3243 2026 3314 originalia

430 3331 773 3401 parvulorum
799 3347 898 3388 nos
913 3349 1124 3404 mquare
1146 3333 1401 3405 peccata?
1427 3334 1809 3390 Verumtamen
1832 3345 2028 3408 myste~

432 3421 530 3476 riis
561 3422 724 3476 indita
750 3424 998 3478 remissio
1026 3434 1386 3493 peccatorum,
1419 3425 1471 3480 in
1501 3428 1752 3496 peccatis,
1775 3437 1830 3482 et
1859 3430 2026 3498 majo-

429 3514 598 3579 ribus,
638 3524 692 3570 et
736 3516 1053 3579 minoribus,
1081 3527 1133 3572 et
1175 3518 1430 3586 pluribus,
1479 3527 1536 3572 et
1571 3519 1931 3588 paucioribus,
1971 3530 2026 3576 et

431 3607 677 3678 singulis,
707 3623 828 3662 vera
859 3619 976 3662 est:
1009 3609 1062 3663 in
1091 3609 1248 3664 nullis
1273 3625 1398 3665 vero
1435 3610 1691 3680 peccatis,
1727 3609 1866 3665 sicut
1904 3626 2027 3667 esse

427 3701 772 3770 parvulorum
808 3700 1007 3768 dicitis,
1054 3699 1186 3756 falsa
1217 3711 1315 3756 est.
1351 3702 1438 3756 Sic
1480 3710 1656 3757 autem
1699 3701 1870 3756 aliena
1901 3711 2028 3758 sunt

429 3791 706 3861 originalia
738 3801 953 3861 peccata
997 3801 1218 3863 propter
1254 3792 1456 3846 nullum
1503 3791 1554 3846 in
1603 3791 1680 3846 eis
1711 3803 1908 3849 nostrae
1931 3808 2027 3850 vo,

428 3883 646 3938 luntatis
684 3883 984 3947 arbitrium,
1029 3894 1085 3938 ut
1128 3893 1305 3940 tamen
1353 3893 1568 3955 propter
1594 3883 1815 3956 originis
1842 3893 2025 3941 conta-

427 3977 573 4047 gium
603 3990 724 4032 esse
762 3977 1099 4031 inveniantur
1133 3985 1188 4030 et
1220 3986 1424 4031 nostra.
1451 3976 1587 4045 Quid
1621 3987 1704 4034 est
1727 3995 1856 4050 ergo
1881 3978 2025 4051 quod

427 4061 649 4134 clamas,
672 4077 726 4124 et
753 4067 886 4122 dicis
918 4083 1022 4122 non
1052 4082 1210 4139 posse
1241 4068 1408 4122 Deum
1428 4078 1482 4124 et
1509 4069 1778 4126 dimittere
1809 4081 2022 4142 peccata

427 4160 720 4230 majoribus
757 4164 990 4232 pr0pria,
1020 4173 1075 4216 et
1114 4162 1377 4232 imputare
1408 4163 1642 4232 parvulis
1666 4164 1837 4220 aliena
1878 4183 1891 4219 :
1923 4182 2023 4222 nec

430 4256 512 4308 vis
548 4253 846 4320 attendere,
889 4254 1030 4325 quod
1060 4255 1271 4309 nonnisi
1315 4254 1369 4309 in
1405 4252 1617 4312 Christo
1653 4259 1850 4314 renatis
1872 4268 2024 4314 utra-

427 4360 562 4417 que;
594 4361 702 4401 non
734 4345 933 4401 renatis
961 4355 1138 4401 autem
1166 4347 1221 4402 in
1248 4345 1482 4414 Christo,
1506 4356 1696 4405 neutra
1723 4351 1953 4407 dimittat
1972 4353 2022 4409 °i

429 4440 546 4510 Ipsa
572 4448 698 4494 sunt
721 4440 863 4494 enim
889 4439 1193 4493 Christianae
1215 4440 1402 4510 gratiae
1433 4452 1766 4498 sacramenta
1790 4444 2020 4500 abscon-

425 4535 535 4589 dita
564 4533 890 4604 sapientibus
919 4541 974 4589 et
1011 4533 1384 4605 prudentibus,
1428 4545 1483 4592 et
1526 4537 1756 4593 revelata
1785 4540 2022 4610 parvulis

427 4625 640 4697 (Matth.
661 4641 736 4693 xl,
757 4626 875 4699 25).
903 4627 958 4682 In
977 4628 1170 4699 quibus
1187 4644 1222 4683 ο
1243 4629 1286 4683 si
1308 4643 1477 4696 esses,
1500 4645 1600 4685 nec
1623 4631 1776 4701 quasi
1798 4647 2021 4704 magnus

427 4719 480 4772 in
503 4727 591 4773 tua
621 4719 816 4774 virtute
841 4719 1160 4785 conlideres,
1186 4721 1423 4791 profecto
1441 4721 1784 4793 intelligeres,
1809 4724 1885 4779 sic
1912 4725 2016 4780 im-

428 4813 604 4884 putari
645 4812 911 4882 generatis
961 4813 1194 4881 parvulis
1237 4813 1544 4882 injustitiam
1596 4815 1750 4884 primi
1787 4815 2016 4873 hominis

426 4905 494 4960 ad
515 4903 850 4960 subeundum
891 4904 1228 4975 supplicium,
1257 4907 1701 4977 quemadmodum
1729 4909 2019 4979 imputatur

426 4998 664 5071 parvulis
689 4999 1018 5069 rcgeneratis
1040 4998 1244 5066 justitia
1275 5000 1490 5055 secundi
1531 5000 1763 5056 hominis
1782 5001 1849 5056 ad
1874 5004 2016 5058 obti-

427 5088 662 5146 nendum
695 5103 919 5160 regnum
946 5089 1204 5146 calorum
1233 5109 1246 5143 ε
1276 5091 1516 5161 quamvis
1558 5092 1831 5148 voluntate
1857 5104 2018 5165 atque

425 5195 591 5254 opere
618 5186 835 5253 proprio
873 5197 972 5238 nec
995 5183 1144 5238 illum
1181 5183 1235 5239 in
1274 5183 1434 5251 malo,
1462 5199 1562 5241 nec
1606 5185 1763 5241 istum
1792 5187 1844 5241 in
1876 5163 2022 5243 benti

424 5275 762 5350 reperiantur
788 5275 998 5332 imitati.

487 5461 509 5536 ξ
541 5461 616 5536 ac
635 5465 743 5536 uss-
767 5458 985 5536 ωιξκεί
1004 5472 1222 5536 mm
1328 5459 1706 5536 nasceretur.

485 5522 509 5587 ξ
541 5525 627 5587 ulc
648 5523 1083 5587 manuscripton
1105 5522 1390 5587 auctoritate
1413 5523 1744 5587 restinximus,
1763 5536 1887 5577 tatis.

487 5585 510 5616 ⁸
543 5584 756 5658 Ψίιίηιιζ
769 5584 1040 5658 idplolatrte
1058 5599 1118 5636 ac
1438 5587 1624 5658 χώραν
1645 5584 1778 5650 ιαμ
1814 5588 2014 5651 quibu-

422 5645 532 5722 dam
544 5647 757 5722 ⁸ειμι-[ιιι
778 5648 1052 5722 {dp-Iolaum
1069 5662 1129 5700 ac
1141 5645 1476 5722 'parg'icidw.]_
1607 5645 1617 5650 ⁷

488 5710 510 5740 δ
542 5710 617 5781 sic
653 5718 763 5760 Mss.
787 5710 1253 5781 Editi,_sacram'e_1_tti
1274 5710 1417 5781 huius
1438 5710 1504 5764 He
1525 5726 1620 5780 quo
1639 5711 1828 5781 agimus
1849 5719 2012 5766 aucto-

423 5785 529 5840 rem
549 5771 708 5840 aliena
730 5783 927 5840 peccata
946 5773 1274 5840 inmcctitibus
1290 5771 1546 5840 imputarel

484 5835 506 5897 ξ
540 5837 614 5897 sic
634 5841 742 5886 Itss.
768 5835 904 5897 Editi,
928 5836 1173 5897 sustulisti.

488 5893 510 5930 ⁸
539 5893 1245 5958 ώωεάειίδάὲηάαωκιιν.

1173 337 1416 398 OPERIS
1453 337 1872 398 IMPERFECTI
1907 335 2184 396 CONTRA
2220 335 2583 410 JULIANUM,
2622 340 2680 400 S.
2711 341 3084 404 AUGUSTINI
3168 353 3181 367 '

2250 450 2431 508 LVIII.
2462 454 2582 512 IUL.
2611 455 2754 513 Nihil
2783 459 2959 531 itaque
2998 460 3054 515 in
3081 459 3260 517 verbis
3289 461 3412 528 tuis,
3442 471 3681 530 coactus,
3712 474 3771 520 ut

2175 543 2330 612 dicis,
2379 545 2572 604 timore
2610 551 2864 622 praeterii.
2905 551 3044 621 Quid
3087 553 3230 608 enim
3273 553 3326 608 in
3372 563 3479 610 tam
3506 556 3770 627 elegantis

2176 636 2371 707 ingenii
2403 654 2612 708 possem
2639 657 2829 710 pavere
2857 646 3236 711 monumentis,
3266 645 3369 700 nisi
3395 645 3530 702 forte
3550 645 3651 702 hoc
3670 662 3768 702 so-

2175 727 2304 796 lum,
2331 730 2472 801 quod
2491 731 2771 790 horrorem
2795 733 2862 790 de
2875 735 3223 792 obscenitatis
3241 746 3344 792 tua;
3366 737 3768 810 impugnatione

2173 823 2442 892 perpetior
2455 823 2479 877 ?

2241 916 2377 972 Anc.
2421 916 2475 972 Si
2503 932 2713 976 emeres
2739 920 2838 977 ista
2881 920 3119 979 convicia
3145 963 3161 988 ,
3208 924 3489 996 prodigum
3530 936 3582 984 te
3613 927 3768 985 dice-

2167 1020 2280 1061 rem
2313 1027 2325 1062 :
2351 1009 2519 1079 gratis
2545 1011 2634 1065 tibi
2666 1012 2939 1082 adjacent;
2970 1029 3067 1070 cur
3090 1030 3198 1070 non
3223 1017 3302 1072 eis
3331 1016 3544 1088 fruaris,
3569 1019 3770 1091 quibus

2167 1099 2483 1156 maledicum
2507 1102 2742 1158 animum
2772 1106 2982 1176 pascis?

2235 1191 2372 1248 LIX.
2415 1194 2535 1250 Jun.
2568 1195 2704 1252 Audi
2750 1198 2929 1269 igitur,
2957 1206 3143 1256 contra
3177 1215 3239 1257 ea
3266 1215 3386 1274 quae
3413 1201 3615 1272 dixisti,
3639 1204 3767 1262 bre-

2131 1283 2301 1340 -viter
2331 1303 2345 1341 :
2373 1302 2478 1342 non
2518 1297 2643 1344 sunt
2695 1290 2949 1347 Ecclesiae
2988 1293 3266 1350 catholica
3313 1306 3552 1365 pectora,
3590 1314 3714 1370 quae
3741 1301 3760 1332 ι

2161 1389 2340 1430 sermo
2368 1385 2490 1434 tuus
2518 1382 2788 1449 convenit,
2835 1383 2882 1437 si
2920 1398 2952 1438 a
2982 1385 3181 1454 pietate
3213 1395 3267 1441 et
3304 1388 3511 1444 ratione
3551 1389 3738 1447 discor

2159 1467 2308 1524 dant.
2341 1470 2492 1540 Quod
2522 1483 2807 1546 utrumque
2849 1477 3209 1546 committunt,
3251 1494 3373 1535 cum
3419 1496 3518 1536 nec
3555 1482 3624 1538 de
3662 1484 3757 1539 Dei

2159 1560 2408 1629 aequitate
2434 1562 2572 1618 bene
2597 1565 2882 1632 aestimant,
2913 1582 3012 1623 nec
3050 1569 3425 1641 mysteriorum
3445 1613 3459 1638 ,
3493 1588 3613 1644 qua:
3650 1575 3758 1629 cri-

2159 1651 2452 1723 minantur,
2480 1658 2797 1728 sapientiam
2841 1669 2896 1716 et
2920 1661 3132 1718 divitias
3175 1663 3494 1736 intelligunt.
3527 1666 3645 1722 Non
3671 1678 3756 1722 est

2158 1745 2274 1802 haec
2303 1747 2434 1803 ﬁdes
2485 1751 2779 1822 antiquitus
2829 1753 3018 1808 tradita
3069 1764 3228 1826 atque
3265 1755 3504 1824 fundata,
3554 1759 3657 1813 nisi
3699 1760 3751 1814 in

2156 1839 2401 1896 conciliis
2428 1843 2852 1914 malignantium,
2884 1847 3136 1917 inspirata
3165 1865 3193 1903 a
3225 1849 3458 1916 diabolo,
3482 1852 3686 1922 prolata
3719 1869 3751 1908 a

2152 1928 2464 1997 Maniclueo,
2488 1935 2751 1992 celebrata
2783 1953 2812 1991 a
2848 1939 3135 2008 Marcione,
3177 1941 3395 2008 Fausto,
3435 1944 3748 2012 Adimanto,

2151 2023 2504 2095 omnibusque
2531 2041 2716 2083 eorum
2747 2031 3086 2097 satellitibus,
3138 2042 3193 2088 et
3229 2050 3373 2091 nunc
3406 2050 3436 2089 a
3467 2043 3520 2092 te
3558 2037 3614 2092 in
3642 2035 3734 2092 Ita-

2149 2111 2272 2167 liam
2299 2115 2342 2181 ³,
2370 2116 2514 2186 quod
2543 2119 2780 2189 graviter
2805 2113 3088 2192 gemimus,
3119 2135 3382 2182 eructata.

2217 2205 2353 2264 Anc.
2396 2207 2514 2278 Quo
2550 2226 2666 2281 ore,
2692 2227 2795 2284 qua
2822 2213 2999 2271 fronte
3027 2219 3310 2274 concilium
3339 2220 3742 2294 malignantinm

2145 2298 2301 2366 dicis,
2351 2305 2762 2362 consensionem
2799 2318 2878 2363 tot
2915 2311 3322 2380 catholicorum,
3365 2315 3455 2384 qui
3490 2315 3747 2373 doctores

2145 2391 2507 2450 Ecclesiarum
2538 2397 2750 2455 fuerunt
2778 2409 2902 2457 ante
2932 2405 3067 2458 nos?
3095 2405 3254 2475 Quasi
3283 2423 3432 2476 vero,
3460 2409 3504 2464 si
3531 2409 3584 2464 in
3608 2426 3744 2467 con-

2143 2485 2266 2538 cilio
2296 2488 2690 2559 epiSCOporum,
2719 2495 2862 2565 quod
2885 2512 2988 2550 non
3011 2498 3315 2566 salubriter,
3341 2502 3432 2558 sed
3449 2505 3738 2574 jactanter,

2141 2590 2360 2650 propter
2385 2593 2589 2640 vestras
2616 2589 2941 2658 qnzestiones
2977 2592 3173 2648 debere
3199 2593 3376 2650 dicitis
3399 2601 3736 2670 congregari,

2140 2671 2390 2728 sederent
2415 2676 2647 2750 episcopi
2667 2695 2804 2750 quos
2823 2695 2980 2753 supra
3006 2687 3316 2754 memoravi,
3345 2696 3404 2744 ut
3425 2690 3558 2746 alios
3575 2692 3742 2747 omit-

2141 2774 2282 2856 tam,
2337 2767 2651 2837 Cyprianus,
2714 2771 2975 2843 Hilarius,
3031 2778 3366 2849 Ambrosius,
3420 2781 3734 2856 Gregorius,

2139 2853 2382 2922 Basilius,
2415 2857 2648 2918 Joannes
2677 2861 3330 2940 Constantinopolitanus,
3373 2853 3736 2946 aliquos'eoé

2137 2961 2254 3000 rum
2299 2951 2387 3020 qui
2417 2968 2556 3009 nunc
2587 2963 2809 3014 manent
2845 2957 3000 3016 facile
3035 2962 3376 3037 inveniretis,
3408 2984 3543 3039 quos
3570 2971 3649 3026 eis
3677 2972 3735 3027 in

2134 3039 2378 3099 doctrina
2413 3048 2774 3106 ecclesiastica
2819 3056 3110 3126 antiquitus
3141 3059 3334 3116 tradita
3369 3078 3602 3133 mquare,
3636 3081 3739 3122 ne-

2134 3133 2261 3190 dum
2290 3139 2542 3206 prmferre
2571 3145 2818 3211 possetis.
2847 3146 2982 3202 Cum
3017 3165 3146 3220 ergo
3175 3149 3277 3222 ipsi
3314 3163 3499 3209 contra
3539 3170 3633 3211 vos
3661 3156 3736 3212 de

2132 3238 2357 3300 peccato
2385 3232 2627 3302 originali
2662 3235 2936 3305 proferant
2961 3249 3172 3308 apertas
3210 3243 3486 3315 clarasque
3511 3257 3735 3302 senten-

2134 3318 2254 3385 tias,
2280 3330 2334 3374 et
2363 3338 2495 3392 quas
2527 3325 2682 3394 paulo
2709 3338 2832 3383 ante
2859 3331 3032 3398 posui,
3064 3340 3119 3386 et
3147 3333 3280 3388 alias
3306 3336 3591 3406 plurimas;
3628 3339 3734 3394 ho-

2132 3426 2324 3468 rumne
2355 3414 2407 3468 in
2444 3415 2706 3474 catholica
2737 3422 2959 3479 veritate
2987 3439 3308 3484 consensum
3337 3431 3544 3488 audetis
3574 3434 3735 3489 mali-

2129 3506 2408 3575 gnantium
2436 3511 2706 3581 appellare
2727 3517 3047 3571 concilium?
3072 3529 3126 3574 et
3153 3522 3420 3592 cogitatis,
3462 3525 3586 3595 quid
3611 3527 3733 3584 istis

2131 3597 2510 3654 contradicatis
2536 3600 2579 3668 ‘,
2607 3619 2672 3659 ac
2700 3620 2804 3660 non
2836 3609 3012 3676 potius
3041 3626 3147 3681 quo
3170 3612 3398 3684 fugiatis,
3423 3617 3466 3670 si
3491 3617 3571 3672 eis
3595 3633 3734 3674 con-

2131 3690 2332 3744 sentire
2355 3705 2458 3746 non
2493 3693 2692 3750 vultis?
2714 3696 2817 3752 Sed
2847 3702 3097 3770 quoniam
3131 3719 3217 3758 me
3239 3704 3418 3762 dixisti
3451 3718 3733 3767 eructasse

2130 3782 2184 3874 in
2214 3781 2418 3838 Italiam
2458 3787 2600 3858 quod
2635 3792 2883 3860 gematis,
2927 3793 3172 3851 eumdem
3215 3798 3364 3854 illum
3413 3801 3730 3874 episcopum

2128 3873 2294 3930 Italia
2312 3891 2344 3932 a
2369 3886 2459 3932 tuo
2482 3877 2702 3936 doctore
2729 3882 3000 3940 laudatum
3023 3886 3076 3942 in
3098 3896 3242 3944 tuam
3265 3873 3730 3966 frontem‘replico

2128 3967 2495 4024 Ambrosium.
2527 3989 2547 4023 ι
2579 3970 2778 4029 Omnes
2820 3974 3082 4045 homines,
3115 3997 3134 4030 ι
3183 3981 3372 4053 inquit,
3421 4003 3442 4037 ‹
3473 3986 3574 4042 sub
3601 4002 3734 4057 pec-

2129 4067 2250 4114 cato
2275 4061 2568 4128 nascimur,
2603 4079 2832 4134 quorum
2859 4067 2975 4138 ipse
2995 4079 3146 4127 ortus
3186 4073 3239 4127 in
3276 4075 3404 4131 vitio
3429 4087 3511 4132 est
3539 4097 3551 4132 :
3584 4079 3732 4138 sicut

2129 4148 2294 4206 habes
2339 4152 2558 4222 lectum,
2605 4155 2816 4214 dicente
2865 4159 3053 4230 David,
3104 4163 3238 4220 Ecce
3276 4167 3331 4221 in
3377 4169 3730 4242 iniquitatibus

2128 4253 2398 4313 conceptus
2413 4261 2547 4314 sum,
2568 4256 2616 4301 et
2637 4248 2688 4302 in
2709 4248 2902 4306 delictis
2924 4255 3115 4325 peperit
3136 4273 3214 4311 me
3233 4267 3390 4314 mater
3413 4277 3523 4314 mea
3544 4259 3723 4334 (Psal.

2129 4351 2180 4402 ι,
2214 4335 2291 4406 7).
2328 4337 2451 4393 Ideo
2477 4340 2627 4396 Pauli
2663 4357 2789 4398 caro
2829 4360 3024 4417 corpus
3053 4351 3244 4407 mortis
3272 4364 3407 4420 erat,
3430 4355 3568 4412 sicut
3605 4357 3730 4429 ipse

2127 4427 2234 4480 ait:
2271 4428 2395 4496 Quis
2417 4446 2494 4484 me
2519 4432 2742 4488 liberabit
2772 4435 2835 4490 de
2858 4454 3068 4510 corpore
3093 4444 3267 4498 mortis
3297 4446 3452 4516 hujus
3483 4466 3503 4501 ι
3538 4427 3723 4520 (Rom.

2127 4536 2220 4588 vn,
2243 4521 2364 4594 24)?
2390 4523 2618 4580 «Christi
2634 4536 2810 4584 autem
2831 4544 2962 4586 caro
2983 4531 3253 4591 damnavit
3270 4543 3726 4611 peccatum,quod

2126 4616 2397 4672 nascendo
2426 4632 2534 4674 non
2559 4621 2749 4688 sensit,
2781 4623 2922 4693 quod
2949 4627 3230 4684 moriendo
3260 4632 3546 4700 crucifixit,
3579 4644 3636 4690 ut
3664 4636 3722 4692 in

2125 4723 2288 4767 carne
2322 4719 2502 4768 nostra
2531 4723 2674 4769 esset
2701 4715 3012 4786 justilicatio
3037 4734 3135 4790 per
3178 4723 3423 4792 gratiam,
3471 4727 3560 4782 ubi
3601 4740 3729 4786 erat

2124 4811 2250 4859 ante
2275 4803 2506 4860 colluvio
2523 4821 2620 4877 per
2641 4807 2849 4879 culpam
2875 4828 2896 4862 ι
2923 4809 3027 4885 (De
3043 4811 3368 4885 Pwnitentia,
3397 4818 3486 4877 lib.
3515 4821 3569 4890 l,
3596 4838 3721 4895 cap.

2123 4895 2160 4952 2
2208 4899 2286 4953 vel
2334 4899 2410 4971 ὅ).
2463 4899 2611 4956 Hanc
2635 4917 2764 4974 ergo
2805 4904 2963 4960 [idem
2992 4908 3282 4978 antiquitus
3321 4912 3566 4970 traditam
3597 4915 3724 4974 dico
3806 4946 3813 4953 -

2123 4995 2283 5059 atque
2328 4989 2598 5046 fundatam
2635 5011 2648 5046 :
2692 5003 2745 5048 tu
2788 4998 2986 5063 renuis,
3033 5008 3088 5054 et
3131 5003 3216 5055 cui
3263 5003 3562 5073 relucteris,
3606 5025 3724 5068 non

2123 5081 2366 5152 respicis.
2410 5084 2675 5157 Numquid
2706 5087 2830 5144 huic
2857 5105 2978 5146 eam
3009 5107 3038 5146 a
3071 5091 3286 5150 diabolo
3311 5096 3493 5156 dicere
3514 5105 3721 5171 poteris

2123 5171 2473 5264 inspiratam?
2500 5176 2769 5249 Numquid
2811 5180 2912 5237 iste
2953 5183 3280 5243 Manichaeus
3305 5191 3426 5245 est?
3454 5195 3716 5264 numquid

2122 5263 2378 5333 Marcion,
2410 5266 2656 5334 Faustus,
2684 5270 3034 5331 Adimantus?
3058 5275 3175 5332 Non
3203 5278 3407 5350 utique,
3435 5283 3529 5339 sed
3555 5263 3719 5357 longe

2124 5357 2208 5414 his
2251 5359 2545 5429 dissimilis,
2600 5363 2862 5437 longeque
2909 5373 3230 5427 contrarius.
3281 5374 3524 5448 Pelagius
3563 5391 3719 5438 certe

2122 5454 2267 5510 dicat
2293 5459 2411 5527 quis
2431 5458 2532 5516 iste
2556 5460 2647 5516 sit.
2673 5458 2788 5530 Ille,
2814 5463 2904 5519 ille
2931 5474 3033 5530 est,
3064 5467 3216 5536 cujus
3250 5467 3432 5538 ﬁdem,
3457 5482 3511 5528 et
3538 5476 3714 5544 puris—

2187 5594 2203 5625 ί
2240 5593 2356 5645 Editi
2373 5633 2408 5670 ,ο
2434 5596 2621 5671 quibus.
2645 5606 2703 5651 At
2719 5609 2846 5663 Mss.,
2871 5615 2998 5668 qua.
3022 5606 3228 5718 Resipicit
3265 5608 3480 5662 Julianus
3495 5611 3555 5662 ad
3592 5611 3716 5667 illud

2212 5665 2477 5718 Augustino
2495 5668 2695 5712 enatum
2717 5677 2859 5718 supra
2880 5701 2894 5718 .
2930 5679 3036 5718 can.
3061 5667 3093 5718 5
3137 5681 3151 5718 :
3191 5678 3366 5718 camara
3383 5673 3608 5718 mm
3622 5689 3714 5718 α.

2122 5669 2188 5730 ex
2207 5658 2477 5730 Augustino
2495 5661 2695 5712 citatum
2717 5658 2859 5730 supra
2880 5658 2896 5726 ζ
2930 5679 3036 5730 cap.
3061 5658 3151 5718 5i:
3191 5658 3370 5723 cuncta
3375 5658 3714 5729 ἓᾶιᾶἶέῐ

2119 5717 2310 5770 νιοιίαὲ
2331 5726 2526 5782 pectora
2545 5725 2774 5779 conuenit.

2185 5783 2302 5876 :Sic
2321 5790 2427 5856 uss.
2456 5785 2592 5858 sum,
2619 5787 2773 5840 Italia.
3453 5823 3471 5842 χ

2187 5904 2210 5936 δ
2231 5843 2821 5936 ᾼἯᾎἭὶὲθὲἓὲ
2832 5857 3404 5936 ἮΞΨΞΨΕΑΡΕἮ,

2231 5905 2306 5956 sic
2323 5911 2428 5958 Ill.
2473 5905 2684 5972 st'odlti.
2701 5910 2821 5975 quid
2843 5905 2921 5967 ad
2946 5905 3043 5971 ῐᾶἇ
3058 5905 3314 5973 eam
3186 5905 3251 5912 ἡ
3286 5905 3425 5978 ᾜξίι.
