4014 6488
215 507 403 561 simum
431 501 489 558 in
513 499 816 574 Scriptus-is
855 516 1072 561 sensum
1097 516 1168 558 ne
1192 499 1440 557 inimicus
1465 497 1679 570 quidem
1707 513 1808 553 au-

214 614 302 653 sus
330 607 411 652 est
438 596 868 668 reprehendere.
888 597 1024 667 Quid
1052 606 1155 663 est,
1181 592 1428 650 Iuliane?
1446 593 1534 649 ubi
1560 601 1613 648 te
1637 591 1813 647 vides?

213 691 324 754 Ille,
370 689 526 761 cujus
573 706 642 746 ne
683 691 936 747 inimicus
977 690 1192 763 quidem
1230 687 1623 760 reprehendere
1653 700 1814 742 ausus

211 793 291 838 est
324 781 509 844 Iidem,
541 781 678 837 hanc
707 781 944 839 habebat
965 781 1142 849 ﬁdem,
1170 796 1328 852 quam
1347 788 1404 834 tu
1431 780 1502 834 ita
1528 778 1810 849 reprehen-

213 877 313 943 dis,
347 886 405 930 ut
433 892 554 931 eam
582 876 792 932 tribuas
815 877 1057 933 conciliis
1082 877 1505 948 malignantium.
1532 875 1670 930 Ecce
1701 889 1810 930 non

212 977 290 1025 est
314 983 531 1035 eorum,
559 970 656 1026 sed
681 979 765 1024 est
787 970 1054 1026 Ambrosii
1082 988 1096 1024 :
1118 971 1242 1042 quia
1262 985 1386 1025 vera
1409 978 1511 1034 est,
1535 970 1656 1040 quia
1682 984 1809 1024 sana

210 1072 308 1125 est,
350 1064 504 1132 quia,
549 1072 609 1118 ut
652 1062 783 1131 dixi,
825 1064 1114 1136 antiquitus
1164 1063 1352 1118 tradita
1396 1073 1554 1133 atque
1599 1062 1809 1118 fundata

212 1163 307 1218 est,
345 1154 467 1210 haec
500 1165 556 1209 et
592 1171 711 1210 mea
741 1166 843 1212 est.
874 1155 988 1211 Non
1015 1173 1113 1227 ego
1141 1155 1276 1210 hanc
1314 1156 1366 1210 in
1406 1157 1606 1210 Italiam
1636 1155 1809 1229 (quod

210 1263 302 1302 vos
331 1263 556 1318 gemere
583 1248 786 1320 dicitis)
813 1250 1085 1307 eructavi:
1116 1250 1208 1306 sed
1236 1252 1412 1321 potius
1451 1251 1519 1304 ab
1553 1249 1658 1305 isto
1691 1250 1808 1321 epi-

210 1357 373 1412 scopo
420 1342 590 1398 Italize
632 1343 770 1400 hanc
808 1345 1130 1414 praedicante
1157 1355 1210 1402 et
1238 1347 1464 1402 docente
1491 1347 1506 1378 ³
1538 1346 1806 1403 lavacrum

210 1435 638 1518 regenerationis
689 1437 890 1507 accepi.
939 1437 1196 1505 Quoniam
1238 1437 1369 1494 ﬁdes
1415 1439 1511 1492 ista
1552 1438 1809 1493 catholica

212 1533 311 1589 δι,
334 1535 392 1580 ει
422 1535 604 1581 tamen
635 1535 722 1582 tua
749 1543 854 1582 non
879 1538 960 1584 est
989 1549 1003 1583 :
1037 1538 1090 1584 tu
1120 1545 1248 1601 ergo
1275 1529 1364 1584 ubi
1407 1530 1503 1585 es?
1532 1529 1685 1596 Vide,
1712 1529 1810 1584 ob-

211 1630 380 1683 secro,
412 1625 470 1671 et
498 1617 637 1672 redi.
668 1617 862 1675 Videre
888 1619 979 1674 tibi
1009 1621 1248 1693 expedit,
1282 1635 1385 1676 non
1413 1619 1650 1676 invidere
1677 1638 1692 1675 :
1719 1635 1808 1676 re-

211 1709 319 1764 dire
339 1712 616 1781 cupimus,
650 1727 756 1767 non
787 1713 979 1783 perire.

277 1800 394 1855 LX.
423 1801 548 1857 Jun.
584 1801 724 1856 Nihil
763 1812 847 1858 est
875 1805 1073 1875 peccati
1103 1805 1156 1860 in
1188 1804 1424 1873 homine,
1467 1807 1512 1862 si
1550 1804 1683 1860 nihil
1726 1814 1809 1861 est

217 1894 444 1963 propriae
478 1892 793 1960 voluntatis,
825 1895 907 1951 vel
936 1895 1263 1952 assensionis
1295 1916 1307 1952 :
1349 1897 1452 1953 hoc
1477 1896 1605 1952 mihi
1638 1896 1811 1951 homi-

217 2001 334 2038 num
357 2000 556 2055 genus,
585 1986 727 2056 quod
770 1989 850 2043 vel
902 1989 1087 2043 leviter
1117 1990 1271 2059 sapit,
1317 1990 1434 2045 sine
1480 1989 1809 2044 dubitatione

217 2079 499 2132 consentit.
531 2076 613 2132 ‘l‘u
640 2088 819 2134 autem
849 2079 1100 2136 concedis
1129 2081 1259 2135 nihil
1300 2080 1463 2136 fuisse
1499 2083 1550 2134 in
1575 2081 1808 2151 parvulis

219 2169 442 2238 propria:
468 2169 760 2226 voluntatis
810 2187 824 2226 :
874 2187 978 2226 non
1025 2188 1144 2243 ego,
1192 2173 1287 2228 sed
1327 2175 1463 2228 ratio
1513 2173 1806 2242 concludit,

224 2260 351 2313 nihil
373 2261 531 2331 igitur
550 2263 606 2324 in
627 2263 710 2317 eis
743 2279 866 2320 esse
893 2267 1115 2335 peccati.
1148 2266 1488 2337 Nequaquam
1515 2283 1643 2338 ergo
1680 2283 1807 2338 pro-

235 2361 347 2420 pter
361 2352 462 2407 hoc
483 2353 544 2408 ad
570 2355 869 2412 Ecclesiam
895 2356 1224 2424 deferuntur,
1249 2369 1305 2412 nt
1327 2359 1669 2425 inl‘amentur,
1700 2360 1809 2415 imo

233 2452 286 2525 ut
313 2445 559 2501 infament
581 2449 784 2502 Deum:
812 2449 905 2504 sed
926 2449 1256 2512 deferuntur,
1292 2457 1349 2504 ut
1373 2449 1587 2504 laudent
1615 2452 1802 2518 Deum,

222 2556 374 2609 quem
399 2549 453 2594 et
473 2541 730 2596 bonorum
759 2543 1076 2598 naturalium
1099 2552 1153 2598 et
1171 2544 1430 2599 donorum
1455 2545 1806 2614 spiritualium

220 2643 573 2704 protestantur
601 2644 899 2690 auctorem.

282 2728 420 2782 Anc.
441 2724 563 2780 Non
582 2725 929 2790 infamantur,
947 2742 1071 2782 cum
1093 2725 1478 2793 exsumantur;
1497 2725 1593 2782 sed
1605 2741 1806 2781 eruun-

218 2813 292 2872 tur
329 2817 401 2872 de
441 2827 715 2888 potestate
756 2820 1094 2876 tenebrarum
1129 2839 1141 2872 :
1175 2835 1274 2875 nec
1319 2818 1576 2874 infamant
1610 2818 1804 2888 Deum,

217 2911 294 2965 sed
324 2925 438 2981 quo
467 2923 717 2968 creatore
759 2914 868 2968 nati
912 2923 1055 2980 sunt,
1099 2913 1201 2968 hoc
1241 2914 1475 2984 indigent
1501 2914 1804 2970 salvatore:

221 3015 259 3058 et
280 3004 404 3060 ideo
431 3006 791 3074 renascendo,
839 3023 903 3061 ex
933 3007 1100 3061 Adam
1132 3007 1522 3064 transferuntur
1555 3007 1621 3060 ad
1656 3005 1808 3062 Chri-

220 3104 362 3150 stum.
389 3096 496 3153 Ubi
518 3107 700 3152 autem
729 3097 931 3166 dixisti,
959 3117 979 3150 ‹
1006 3098 1148 3154 Nihil
1169 3093 1252 3154 est
1273 3099 1474 3169 peccati
1497 3099 1550 3154 in
1569 3099 1804 3168 homine,

220 3189 255 3242 si
293 3190 423 3244 nihil
457 3199 544 3245 est
599 3191 828 3260 proprize
877 3191 1183 3258 voluntatis,
1230 3192 1313 3246 vel
1363 3193 1688 3246 assensionis
1730 3210 1742 3246 :
1780 3211 1800 3246 ι

221 3281 410 3350 plenius
438 3297 628 3336 verum
655 3283 882 3345 diceres,
906 3283 951 3336 si
981 3283 1226 3348 adderes,
1254 3283 1345 3337 Vel
1373 3284 1727 3353 contagionis.

278 3373 412 3429 LXI.
446 3373 568 3429 JUL.
598 3372 868 3445 Originale
895 3383 1072 3430 autem
1101 3385 1372 3445 peccatum
1393 3375 1435 3429 si
1462 3376 1805 3446 generatione

218 3467 394 3538 prima:
440 3467 741 3522 nativitatis
768 3467 1072 3532 attrahitur,
1119 3468 1328 3537 nuptias
1357 3467 1571 3538 quidem
1613 3482 1643 3520 a
1696 3467 1806 3524 Deo

219 3558 479 3614 institutas
508 3558 766 3614 damnare
789 3567 985 3628 potest,
1013 3568 1264 3614 caeterum
1293 3559 1486 3613 auferri
1518 3574 1548 3613 a
1570 3559 1804 3629 parvulis

215 3665 312 3704 non
342 3659 520 3720 potest
546 3667 559 3704 :
587 3650 840 3720 quoniam
861 3649 1002 3720 quod
1031 3650 1344 3717 innascitur,
1364 3665 1530 3721 usque
1555 3649 1621 3705 ad
1645 3649 1804 3707 ﬁnem

213 3745 347 3814 ejus,
403 3745 488 3798 cui
544 3759 574 3798 a
624 3745 1004 3815 principiorum
1052 3744 1248 3799 causis
1275 3744 1566 3809 inhzeserit,
1617 3758 1802 3814 perse-

209 3848 386 3895 verat.

277 3931 419 3987 Anc.
451 3929 558 3985 Nec
573 3930 786 4002 nuptias
801 3929 1037 3995 damnat,
1056 3929 1178 4000 quia
1205 3944 1311 3984 non
1340 3929 1468 3999 ipsae
1493 3937 1617 3984 sunt
1642 3941 1802 3984 causa

214 4024 352 4094 ejus;
383 4026 483 4079 et'
504 4026 743 4079 aufertur
781 4025 848 4079 ab
885 4022 1262 4095 Omnipotente
1295 4023 1406 4090 illo,
1448 4024 1538 4094 qui
1565 4032 1618 4079 et
1641 4024 1803 4079 homo

216 4115 354 4169 nasci
379 4115 556 4182 potuit
579 4118 694 4171 sine
712 4115 824 4169 illo.

281 4205 444 4260 LXII.
473 4205 592 4261 ιω..
625 4205 833 4260 Nullam
870 4204 1044 4276 itaque
1075 4205 1167 4261 tibi
1198 4205 1517 4261 calumniam
1557 4220 1800 4262 commo-

220 4312 418 4362 vemus,
451 4297 602 4366 quasi
637 4295 860 4351 damnes
891 4298 1124 4366 nuptias,
1152 4306 1206 4352 et
1225 4296 1376 4368 quasi
1395 4297 1684 4364 hominem,
1712 4298 1800 4369 qui

215 4405 272 4442 ex
300 4389 404 4442 illis
432 4387 690 4451 nascitur,
715 4402 849 4457 Opus
879 4387 1072 4442 diaboli
1099 4403 1219 4443 esse
1239 4389 1414 4455 dicas;
1444 4403 1544 4444 nec
1572 4388 1800 4444 inﬁdeli-

215 4488 292 4533 ter
315 4479 418 4534 hoc
444 4478 746 4548 objicimns,
775 4494 877 4550 nec
918 4479 1161 4550 imperite
1194 4480 1533 4552 colligimus:
1575 4480 1670 4536 sed
1711 4481 1801 4552 qui

214 4571 275 4624 sit
301 4571 742 4642 consequentium
774 4571 1157 4627 sententiarum
1188 4572 1430 4642 effectus,
1475 4575 1702 4631 sollicite
1745 4585 1802 4631 et

212 4662 532 4732 simpliciter
568 4663 858 4720 intuemur.
887 4662 1165 4734 Nunquam
1193 4675 1318 4719 sunt
1348 4667 1486 4721 enim
1519 4667 1634 4722 sine
1663 4681 1804 4723 com-

210 4755 472 4810 mixtione
499 4755 697 4825 nuptiae
723 4757 1049 4828 corporales.
1083 4757 1160 4812 Tu
1191 4757 1344 4824 dicis,
1376 4760 1696 4830 quicumque
1734 4776 1801 4816 ex

209 4847 296 4899 illa
322 4846 717 4902 commixtione
739 4857 1049 4914 nascuntur,
1077 4848 1143 4902 ad
1173 4849 1441 4904 diabolum
1484 4851 1751 4920 pertinere
1785 4869 1798 4905 :

210 4937 370 4991 dubio
395 4937 583 5006 procul
613 4941 924 5008 pronuntias
944 4941 1155 5010 nuptias
1183 4940 1249 4995 ad
1285 4941 1372 5012 jus
1397 4941 1656 4998 daemonis
1678 4957 1800 5014 per-

213 5032 402 5086 tinere.
924 5031 930 5036 ’

277 5129 419 5180 Anc.
451 5121 716 5195 Numquid
743 5139 840 5178 nos
863 5122 1104 5190 dicimus,
1138 5125 1253 5180 sine
1285 5125 1663 5182 commixtione
1684 5143 1806 5183 cor-

211 5214 356 5283 poris
387 5215 603 5284 nuptias
622 5214 677 5270 in
699 5215 946 5286 paradiso
972 5230 1093 5272 esse
1119 5217 1378 5287 potuisse,
1418 5217 1462 5272 si
1486 5233 1643 5275 nemo
1672 5225 1800 5292 pec-

212 5305 428 5362 easset?
451 5304 558 5360 Sed
580 5321 687 5360 non
709 5305 778 5360 ibi
804 5315 946 5361 esset
971 5307 1190 5373 malum,
1209 5323 1315 5378 quo
1328 5323 1466 5364 nunc
1481 5309 1619 5366 bene
1640 5313 1806 5370 utitur

211 5396 464 5467 pudicitia
486 5398 802 5470 conjugalis.
833 5397 961 5454 Illud
988 5409 1163 5454 autem
1191 5400 1386 5455 malum
1409 5409 1490 5456 est
1514 5417 1544 5456 a
1561 5403 1801 5473 vulnere,

213 5489 354 5560 quod
382 5488 642 5544 diabolica
690 5490 881 5543 inﬂixit
910 5491 1122 5545 astutia.
1158 5490 1290 5545 Hine
1321 5507 1410 5546 rea
1443 5500 1654 5548 tenetur
1681 5510 1806 5564 pro-

216 5597 351 5653 pago
381 5583 685 5638 mortalium
718 5599 730 5634 :
776 5580 900 5634 hinc
927 5591 1007 5636 est
1039 5583 1129 5653 qui
1159 5585 1394 5640 nascitur
1437 5586 1536 5641 sub
1563 5586 1804 5659 principe

209 5781 410 5900 “meo
441 5779 798 5845 manuscripti,
824 5786 949 5844 post,
975 5777 1443 5853 hamprwdicante,
1477 5791 1724 5855 omittunt,
1759 5797 1806 5846 α

268 5885 608 5978 mutata-tus,
628 5911 708 5960 ut.
731 5902 905 5956 ιειιω
924 5911 1055 5974 κει,
1076 5917 1141 5965 et.

1609 373 1812 434 LIBER
1846 373 2121 437 PRiMUS.

1928 504 2290 566 peccatorum,
2321 492 2494 552 donec
2517 503 2828 552 renascatur
2851 495 2905 552 in
2929 496 3161 565 Christo,
3191 503 3282 572 qui
3310 504 3512 560 nullum

1923 586 2108 643 habuit
2129 587 2350 642 omnino
2378 597 2688 658 peccatum;
2719 605 2749 644 a
2779 605 2885 659 quo
2913 591 3029 645 solo
3053 594 3320 650 vinculum
3349 598 3514 653 solvi-

1924 687 2012 734 tur
2036 679 2246 746 mortis,
2274 680 2396 748 quia
2424 680 2570 734 solus
2602 680 2698 736 fuit
2721 681 2854 736 liber
2883 682 2934 736 in
2963 685 3206 742 mortuis.

1994 771 2176 828 LXIII.
2195 771 2311 827 Jun.
2335 772 2474 829 Dicis
2496 774 2632 829 trahi
2660 784 2862 830 naturae
2880 777 3186 834 conditione
3212 791 3507 854 peccatum,

1923 866 2121 936 quivis
2153 867 2253 920 hoc
2291 866 2486 922 malum
2520 884 2548 922 a
2579 869 2854 925 voluntate
2903 871 3059 941 primi
3108 872 3339 930 hominis
3376 880 3516 934 acci-

1923 959 2087 1014 disse.
2112 959 2307 1015 Diﬂ'ero
2334 960 2419 1014 hic
2448 963 2876 1031 responsionem,
2905 979 3008 1034 qua
3037 966 3434 1023 convincendus
3454 985 3516 1026 es

1924 1051 2064 1120 quod
2092 1051 2208 1105 sine
2236 1051 2549 1108 verecundia
2579 1055 2872 1108 mentiaris.
2901 1055 3004 1111 Sed
3023 1057 3164 1127 quod
3186 1058 3251 1112 ad
3282 1075 3516 1129 praesen-

1924 1150 2029 1198 tem
2061 1143 2235 1198 locum
2265 1152 2489 1214 spectat,
2535 1145 2746 1216 colligo,
2779 1153 2834 1201 et
2876 1148 3150 1217 sapientia:
3178 1151 3516 1208 ratiocinanti

1922 1236 2104 1301 credo,
2127 1236 2268 1307 quod
2293 1248 2536 1293 naturam
2563 1238 2810 1295 videlicet
2836 1240 3156 1297 diabolicam
3196 1244 3314 1299 sine
3339 1247 3511 1301 ambi-

1920 1329 2119 1401 guitate
2139 1329 2384 1384 definias.
2412 1331 2542 1385 Nam
2565 1332 2607 1386 si
2637 1332 2688 1386 in
2715 1348 2776 1387 ea
2802 1333 2884 1388 vel
2912 1349 3006 1402 per
3025 1349 3142 1388 eam
3164 1343 3265 1403 est,
3297 1347 3516 1407 preptcr

1920 1421 2064 1492 quod
2100 1421 2262 1476 homo
2290 1437 2319 1474 a
2349 1421 2563 1477 diabolo
2613 1424 2947 1492 possidetur;
2979 1424 3377 1482 irrefntabiliter
3404 1430 3518 1483 dia-

1921 1515 2028 1570 boli
2054 1525 2157 1581 est,
2191 1533 2286 1586 per
2305 1517 2445 1587 quod
2473 1517 2565 1572 Dei
2595 1517 2883 1588 imaginem
2906 1519 3008 1573 sibi
3032 1521 3206 1589 potuit
3222 1522 3512 1578 vindicare.

1919 1607 2035 1664 lmo
2065 1625 2164 1665 nec
2191 1611 2366 1681 imago
2388 1611 2479 1666 Dei
2502 1620 2604 1678 est,
2629 1626 2748 1682 quae
2773 1627 2868 1682 per
2887 1622 3136 1668 exortum
3167 1628 3320 1669 suum
3355 1615 3406 1670 in
3434 1631 3517 1671 re-

1917 1716 2024 1772 gno
2051 1701 2248 1756 diaboli
2272 1711 2372 1757 est.

1990 1797 2126 1851 Anc.
2167 1795 2384 1860 Credis,
2431 1795 2523 1850 sed
2563 1795 2800 1866 opinanti
2845 1795 3120 1866 stultitiae,
3162 1813 3270 1854 non
3301 1800 3513 1856 ratioci-

1918 1887 2065 1941 nanti
2092 1887 2387 1956 sapientiae.
2415 1887 2542 1942 Sine
2572 1889 2821 1957 parvulos
2841 1889 2954 1943 erui
2982 1888 3049 1944 de
3071 1899 3334 1960 potestate
3356 1901 3506 1949 tene-

1917 1977 2155 2043 brarum,
2186 1984 2244 2030 ut
2266 1976 2462 2030 Christi
2486 1978 2874 2033 transferantur
2911 1979 2964 2033 in
2992 1995 3232 2050 regnum.
3266 1981 3396 2036 Nam
3427 1983 3512 2038 di-

1917 2070 2088 2126 cendo
2111 2084 2205 2125 eos
2227 2071 2420 2125 veteris
2447 2069 2627 2126 delicti
2657 2085 2763 2125 non
2791 2071 2989 2126 habere
3015 2074 3337 2142 contagium,
3367 2076 3512 2132 etsic

1917 2161 2241 2216 removendo
2257 2177 2286 2215 a
2314 2162 2676 2217 misericordia
2699 2163 3017 2226 Salvatoris,
3048 2166 3136 2234 qui
3158 2166 3360 2220 salvum
3386 2165 3511 2224 facit

1919 2258 2170 2328 pepulum
2188 2272 2340 2311 suum
2356 2273 2384 2311 a
2403 2261 2634 2328 peccatis
2645 2272 2848 2322 eorum,
2867 2257 3006 2312 unde
3021 2267 3238 2314 vocatus
3255 2270 3335 2314 est
3348 2259 3506 2317 Jesus

1919 2350 2140 2423 (Matth.
2161 2367 2197 2417 ι,
2222 2349 2347 2422 2i);
2381 2351 2511 2406 nihil
2540 2352 2674 2422 agis,
2695 2351 2793 2407 nisi
2824 2360 2881 2406 ut
2905 2353 2984 2406 ira
3014 2353 3509 2426 Deimancatsnper

1916 2459 2030 2509 eos,
2049 2444 2116 2499 de
2141 2460 2242 2514 qua
2262 2445 2467 2498 locutus
2479 2455 2561 2499 est
2577 2443 2698 2508 Job,
2717 2443 2899 2499 dicens
2921 2462 2934 2499 :
2955 2443 3121 2499 Homo
3143 2455 3290 2501 natus
3311 2464 3372 2502 ca;
3393 2465 3507 2502 mu-

1916 2537 2054 2601 liere,
2086 2537 2246 2591 brevis
2271 2539 2403 2605 uitw,
2434 2546 2480 2591 et
2505 2538 2683 2607 plenus
2707 2537 2818 2603 ira,
2833 2546 2880 2591 et
2905 2539 3034 2592 sicut
3049 2540 3146 2608 ﬂos
3171 2540 3273 2610 feni
3293 2540 3498 2610 decidit,

1917 2630 2047 2699 fugit
2075 2639 2240 2682 autem
2261 2630 2389 2683 sicut
2417 2628 2627 2694 umbra,
2647 2640 2692 2683 et
2721 2646 2822 2684 non
2845 2630 2995 2684 stabit
3027 2646 3046 2684 :
3071 2647 3235 2686 nonne
3259 2642 3306 2686 et
3349 2634 3505 2704 hujus

1915 2736 2088 2773 curam
2113 2721 2295 2789 fecisti,
2316 2721 2514 2775 ethunc
2536 2722 2695 2793 fecisti
2723 2723 2916 2776 intrare
2945 2723 3000 2776 in
3027 2735 3298 2794 conspectu
3333 2727 3386 2779 in
3417 2728 3508 2797 ju-

1915 2813 2144 2866 dicium?
2173 2812 2299 2884 Quis
2328 2815 2460 2867 enim
2494 2815 2588 2869 erit
2616 2816 2834 2869 mundus
2871 2832 2902 2868 a
2943 2815 3217 2871 sordibus?
3258 2817 3341 2872 Ne
3376 2836 3507 2875 unus

1914 2903 2137 2974 quidem,
2170 2904 2366 2959 etiamsi
2386 2905 2536 2960 unius
2563 2907 2716 2974 fuerit
2740 2907 2839 2960 diei
2866 2907 2964 2961 vita
2986 2909 3097 2979 ejus
3132 2926 3288 2980 super
3323 2921 3508 2966 terram

1920 2995 2074 3068 (Job.
2101 3012 2218 3064 xxv,
2243 2999 2357 3061 1-4,
2381 3016 2480 3054 see.
2503 2998 2702 3071 LXX).
2731 2999 2836 3056 Sed
2863 3001 3127 3069 videlicet,
3157 3003 3317 3059 homo
3341 3006 3502 3060 misc-

1916 3089 2105 3154 ricors,
2141 3090 2410 3144 tuiseraris
2456 3092 2736 3162 imaginem
2778 3093 2892 3161 Dei,
2944 3109 3012 3148 ne
3052 3095 3199 3150 dicas
3238 3111 3354 3151 eam
3401 3098 3500 3152 sub

1915 3191 2136 3252 peccato
2162 3184 2445 3239 carnaliter
2457 3185 2620 3240 nasci.
2639 3184 2686 3242 0
2702 3203 2859 3256 quam
2877 3189 3108 3246 crudelis
3137 3201 3216 3245 est
3248 3191 3344 3246 ista
3365 3207 3501 3248 vana

1916 3273 2276 3327 misericordia
2313 3282 2420 3336 tua,
2451 3291 2567 3346 qua:
2613 3278 2842 3346 parvulis
2883 3289 3040 3351 negat
3081 3281 3499 3338 misericordiam

1912 3365 2203 3422 salvatoris
2217 3367 2299 3421 sui
2327 3386 2339 3420 :
2366 3369 2456 3437 qui
2487 3370 2632 3423 venit
2660 3385 2901 3439 quaerere
2931 3372 3068 3440 quod
3098 3374 3328 3443 perierat
3351 3375 3501 3444 (Luc.

1914 3473 2002 3511 xix
2028 3499 2042 3523 ,
2086 3459 2207 3530 10)!
2238 3457 2343 3514 Per
2369 3460 2485 3514 illas
2513 3459 2672 3530 igitur
2695 3461 2886 3517 sordes
2909 3504 2924 3528 ,
2966 3465 3083 3518 sine
3120 3466 3312 3534 quibus
3343 3467 3505 3523 homo

1915 3551 2014 3606 Dei
2043 3551 2172 3606 dicit
2208 3567 2328 3608 esse
2367 3555 2662 3620 neminem,
2703 3557 2802 3611 etsi
2832 3557 2987 3614 unius
3024 3558 3129 3614 diei
3165 3561 3232 3615 sit
3257 3561 3360 3616 vita
3391 3562 3505 3633 ejus

1912 3655 2076 3713 super
2104 3653 2322 3710 terram,
2365 3646 2464 3700 sibi
2512 3647 2742 3703 vindicat
2778 3647 3022 3705 diabolus
3055 3651 3340 3724 imaginem
3387 3655 3502 3725 Dei,

1912 3748 2028 3806 non”
2069 3750 2164 3804 per
2211 3735 2591 3803 substantiam,
2634 3754 2792 3808 quam
2846 3743 3047 3795 creavit
3089 3743 3249 3798 Deus.
3310 3744 3498 3802 Vitiata

1911 3833 1993 3879 est
2021 3825 2163 3880 enim
2188 3837 2395 3893 natura,
2429 3844 2533 3883 non
2565 3829 2750 3884 vitium
2779 3839 2878 3885 est.
2910 3832 3012 3887 Sed
3035 3835 3134 3901 tu‘,
3175 3854 3193 3887 t
3228 3835 3338 3892 Nec
3361 3838 3495 3891 ima-

1909 3930 1978 3986 go
2006 3917 2098 3972 Dei
2121 3929 2225 3979 est,
2259 3937 2276 3969 ι
2310 3920 2502 3990 inquis,
2539 3939 2558 3973 ι
2597 3937 2713 3991 qua:
2742 3939 2836 3992 per
2861 3935 3105 3980 exortum
3133 3943 3286 3983 suum
3324 3930 3376 3984 in
3411 3946 3503 3986 re-

1908 4024 2015 4080 gno
2053 4009 2247 4065 diaboli
2272 4020 2373 4067 est.
2415 4031 2433 4066 ι
2465 4013 2623 4082 Quid,
2669 4016 2714 4070 si
2754 4018 2848 4071 tibi
2881 4019 3016 4074 alius
3051 4020 3214 4090 dicat,
3264 4023 3380 4079 Non
3421 4031 3503 4081 cst

1909 4102 2084 4173 imago
2108 4104 2222 4170 Dei,
2249 4121 2367 4175 qua:
2413 4106 2560 4160 nullo
2604 4123 2695 4163 rea
2724 4118 2962 4180 peccato,
3001 4127 3105 4166 non
3139 4125 3312 4170 tamen
3341 4116 3503 4173 intrat

1910 4194 1962 4249 in
1985 4210 2204 4265 regnum
2239 4196 2372 4252 Dei?
2398 4214 2594 4265 nonne,
2627 4201 2752 4270 quid
2774 4204 3100 4274 respondeas
3123 4221 3224 4261 non
3259 4208 3498 4275 habebis,

1909 4288 1953 4342 si
1979 4303 2112 4343 vana
2141 4290 2464 4360 respondere
2494 4293 2764 4348 uolueris?
2814 4294 2882 4350 Et
2910 4306 3054 4351 certe
3099 4307 3379 4369 propterea
3419 4311 3503 4358 est

1911 4379 2070 4434 homo
2092 4381 2264 4452 imago
2286 4383 2398 4448 Dei,
2421 4385 2542 4454 quia
2570 4383 2738 4440 lactus
2761 4394 2843 4440 est
2867 4386 2934 4441 ad
2955 4389 3353 4445 similitudinem
3381 4391 3498 4449 Dei.

1909 4471 2016 4528 Cur
2040 4488 2168 4544 ergo
2197 4482 2252 4528 et
2289 4474 2507 4530 vanitati
2533 4476 2723 4531 similis
2754 4476 2927 4533 factus
2971 4490 3072 4546 est,
3103 4489 3320 4551 propter
3359 4484 3500 4552 quod

1908 4564 2023 4621 dies
2050 4569 2165 4636 ejus
2190 4566 2335 4622 velut
2378 4567 2562 4622 umbra
2590 4578 2918 4638 prmtereuot
2944 4570 2964 4640 (
2987 4569 3132 4625 Psal.
3167 4567 3346 4641 cuiu,
3379 4575 3414 4630 4
3437 4574 3500 4646 )?

1909 4654 2026 4711 Non
2058 4656 2200 4711 enim
2229 4657 2298 4711 ab
2339 4657 2438 4712 hac
2468 4661 2700 4712 vanitate
2742 4670 3084 4729 separaturus
3128 4677 3188 4718 es
3227 4664 3496 4735 parvulos,

1908 4763 2027 4802 cum
2057 4748 2171 4804 dies
2197 4765 2382 4804 eorum
2429 4752 2571 4805 velut
2597 4752 2782 4807 umbra
2833 4762 3174 4822 przetcreant.
3213 4758 3495 4815 Postremo

1910 4840 2166 4910 numquid
2197 4855 2290 4895 eos
2329 4849 2384 4896 et
2421 4858 2451 4895 a
2489 4843 2787 4899 viventibus
2833 4849 3142 4916 separabis?
3187 4851 3322 4906 Audi
3374 4869 3504 4922 ergo

1909 4947 2030 4988 eum
2062 4932 2154 5003 qui
2180 4932 2308 4988 dicit
2346 4934 2400 4988 in
2441 4934 2654 4991 Psalmo
2684 4955 2697 4990 :
2740 4936 2874 4993 Ecce
2911 4949 3097 5000 ueteres
3146 4944 3360 5014 posuisti
3397 4945 3501 5000 dies

1909 5042 2064 5092 meos,
2091 5036 2151 5082 ct
2193 5027 2465 5082 substantia
2501 5045 2612 5084 mea
2657 5039 2895 5102 tanquam
2938 5034 3067 5089 nihil
3111 5045 3228 5091 ante
3275 5045 3362 5105 te;
3414 5055 3500 5094 ue-

1909 5127 2190 5173 rumtamen
2231 5119 2462 5175 universa
2489 5123 2706 5188 vanitas,
2735 5126 2898 5180 omnis
2927 5127 3079 5182 homo
3106 5129 3274 5184 vivens
3304 5130 3324 5202 (
3349 5129 3498 5188 Psal.

1911 5226 2132 5275 xxxvnt,
2162 5208 2254 5284 6).
2277 5210 2410 5267 Cum
2441 5228 2569 5284 ergo
2588 5216 2658 5269 sit
2689 5217 2861 5288 imago
2888 5218 2982 5274 Dei
3024 5221 3198 5278 omnis
3229 5221 3389 5278 homo
3415 5223 3497 5277 vi-

1912 5316 2062 5369 vens,
2085 5300 2172 5357 dic
2197 5301 2336 5358 unde
2357 5305 2425 5358 sit
2451 5307 2610 5361 etiam
2645 5309 2852 5366 vanitas
2875 5312 3051 5367 omnis
3090 5313 3250 5370 homo
3292 5315 3498 5370 vivens.

1914 5395 2018 5450 Sed
2041 5395 2167 5466 quid
2186 5396 2426 5453 dicturus
2448 5415 2528 5466 es,
2549 5402 2638 5472 qui
2668 5418 2773 5458 non
2796 5404 2876 5458 vis
2903 5421 3213 5476 agnoscere,
3238 5407 3378 5461 aliud
3404 5408 3500 5464 ho-

1912 5503 2028 5543 rum
2055 5502 2174 5543 esse
2203 5504 2269 5544 ex
2294 5491 2602 5548 conditione
2625 5494 2739 5562 Dei,
2770 5495 2912 5551 aliud
2939 5497 3194 5553 accidisse
3215 5514 3282 5553 ex
3309 5499 3496 5556 condi-

1913 5578 2056 5634 tione
2084 5581 2324 5650 peccati?
2348 5584 2662 5653 Permittite,
2689 5603 3014 5659 quaesumus,
3033 5597 3092 5645 ut
3117 5590 3276 5647 homo
3291 5593 3496 5665 vivens,

1911 5669 2001 5741 qui
2027 5670 2092 5726 ad
2123 5672 2214 5728 Dei
2239 5674 2640 5734 similitudinem
2668 5677 2836 5737 factus
2880 5690 2994 5751 est,
3041 5691 3262 5750 eruatur
3286 5700 3316 5740 a
3344 5696 3496 5758 pote-

1911 5772 2050 5822 state
2076 5767 2431 5836 tenebrarum,
2463 5770 2564 5828 sub
2585 5787 2688 5844 qua
2714 5776 2928 5830 vanitati
2952 5774 3144 5836 similis
3166 5775 3340 5838 factus
3365 5792 3447 5838 est
3472 5798 3488 5837 :

1975 5915 1995 5952 ι
2019 5915 2248 5984 νηπία-ιι
2272 5921 2437 5989 editio,
2463 5889 2578 5981 vim...
2623 5928 2840 5992 mm.
