4014 6550
450 558 670 614 cundum
694 562 863 609 autem
886 546 1131 606 duritiam
1163 556 1300 601 tuam
1343 552 1393 598 et
1442 558 1530 597 cor
1571 538 1889 610 impietatem
1933 536 2047 589 the-

450 649 677 706 saurisas
701 645 790 701 tibi
820 644 952 698 iram
975 642 1031 696 in
1058 640 1139 695 die
1163 640 1254 693 ira:
1282 634 1456 709 (Rom.
1480 648 1539 701 ιι,
1560 632 1597 689 4
1619 639 1665 685 et
1692 630 1771 700 5).
1804 628 2044 683 Exerce-

451 750 540 797 tur
586 752 715 811 ergo
761 735 1013 809 patientia
1060 732 1179 801 Dei,
1237 744 1359 785 cum
1412 741 1522 782 non
1560 725 1753 795 exiguo
1796 729 2042 790 tempore

448 839 791 903 exspectatur
831 828 1063 883 humana
1101 822 1403 880 conversio.
1456 818 1514 873 ln
1572 814 1808 887 parvulis
1855 820 2038 868 autem

455 940 563 982 non
597 932 773 996 potest
790 935 1050 993 apparere
1077 916 1352 989 patientia.
1378 913 1434 969 Si
1455 911 1599 967 enim
1618 916 1800 966 essent
1821 915 2040 979 peccata

454 1025 682 1080 naturas,
710 1028 830 1085 quae
851 1012 932 1069 eis
945 1010 1192 1067 Salvator
1211 1004 1565 1068 adscriberet;
1596 1002 1803 1071 patiens
1824 997 2041 1069 quidem

458 1108 613 1173 falso,
638 1121 813 1161 saevus
854 1118 983 1160 vero
1024 1100 1326 1158 certissime
1369 1096 1657 1151 diceretur.
1701 1091 1816 1146 Non
1864 1096 2044 1161 potest

454 1207 635 1255 autem
674 1198 815 1253 Deus
844 1195 947 1251 nisi
975 1194 1094 1265 pius
1127 1201 1184 1249 et
1215 1192 1393 1262 justus
1424 1201 1578 1253 esse,
1608 1183 1751 1256 quod
1776 1192 1858 1238 est
1900 1183 2042 1238 Deus

456 1305 613 1348 meus
630 1289 787 1347 Jesus
830 1287 1072 1344 Christus
1099 1304 1115 1341 :
1141 1286 1294 1354 cujus
1340 1280 1647 1353 patientiam
1674 1318 1690 1341 ,
1718 1278 1805 1331 vel
1850 1275 2045 1329 Paulus

458 1384 549 1440 diu
576 1389 910 1453 persecutor,
943 1379 1026 1435 vel
1049 1378 1143 1434 alii
1166 1376 1268 1432 sub
1287 1388 1513 1446 quorum
1535 1384 1760 1441 persona
1786 1367 2041 1438 loquitur,

463 1478 670 1551 experti
714 1486 874 1544 sunt;
918 1476 1043 1547 quia
1069 1474 1159 1530 diu
1202 1469 1497 1541 exspectati
1537 1474 1694 1531 sunt,
1747 1463 1880 1519 licet
1922 1476 2045 1518 sero

452 1570 683 1627 liberati.
710 1571 789 1624 Ac
817 1584 911 1639 per
935 1566 1037 1621 hoc
1082 1565 1149 1620 ab
1176 1562 1435 1634 Apostolo
1465 1560 1571 1614 vita
1604 1559 1902 1622 hominum,
1933 1569 2041 1609 non

453 1671 640 1717 natura
666 1660 972 1716 damnatur.
1020 1655 1415 1713 Commendans
1464 1666 1593 1724 ergo
1636 1651 1774 1706 hanc
1816 1647 2044 1718 gratiam

450 1753 672 1820 Iudaeis,
698 1753 822 1824 quia
851 1752 935 1807 lex
974 1750 1123 1821 punit
1175 1747 1455 1810 scelestos,
1505 1759 1607 1799 nec
1655 1742 1817 1798 habet
1845 1738 2035 1795 illam‘

453 1843 795 1900 efficientiam
832 1838 1237 1904 misericordiae,
1288 1851 1450 1907 quam
1499 1834 1795 1907 Baptisms,
1834 1833 1886 1886 in
1938 1845 2046 1901 quo

452 1936 790 1993 confessione
816 1934 966 1990 brevi
991 1941 1204 1987 actuum
1234 1928 1429 1985 delicta
1459 1936 1772 1998 purgantur,
1802 1920 2043 1979 Ostendit

455 2029 651 2087 debere
688 2028 806 2084 illos
857 2040 1075 2082 currere
1102 2023 1169 2079 ad
1212 2022 1509 2087 Christum,
1551 2021 1842 2090 implorare
1884 2031 2043 2087 apem

456 2122 613 2193 hujus
662 2119 1037 2190 indulgentiae;
1082 2126 1137 2173 et
1182 2116 1465 2170 advertere
1507 2112 1648 2184 quod
1694 2111 1783 2166 lex
1835 2124 2045 2165 morum

454 2211 770 2270 vulneribus
793 2209 1173 2275 committetur,
1202 2206 1374 2278 gratia
1408 2220 1536 2260 vero
1565 2202 1859 2259 efficaciter
1896 2200 2044 2256 cele-

452 2308 689 2377 riterque
737 2302 1037 2360 medeatur.
1081 2300 1293 2371 Corpus
1340 2299 1523 2369 itaque
1564 2296 1775 2362 mortis,
1826 2300 2046 2365 peccata

364 2392 375 2405 ’
452 2398 588 2455 dixit
612 2412 754 2466 esse,
788 2412 895 2453 non
917 2409 1136 2451 carnem
1165 2408 1179 2447 ε
1213 2406 1339 2447 nam
1370 2392 1415 2445 si
1448 2390 1517 2445 de
1547 2385 2047 2445 membrorum-mi-

452 2493 591 2550 seria
618 2489 1034 2561 pronuntiasset,
1057 2501 1216 2558 quam
1237 2491 1458 2556 peccato
1483 2483 1717 2537 aestimas
1733 2479 2044 2550 contigisse,

454 2585 655 2642 rectius
679 2591 907 2638 mortem
936 2579 1201 2650 corporis,
1232 2592 1391 2648 quam
1420 2590 1618 2645 corpus
1646 2575 1835 2627 mortis
1866 2586 2048 2627 vocas-

455 2684 555 2733 set.
574 2674 772 2731 Verum
786 2682 845 2730 ut
859 2674 1018 2739 scias,
1031 2670 1324 2727 secundum
1338 2666 1779 2725 consuetudinem
1797 2664 2047 2736 Scriptu-

457 2784 638 2826 rarum
666 2775 883 2839 peccata
910 2765 1151 2822 membra
1176 2763 1313 2831 dici;
1338 2763 1453 2833 lege
1479 2760 1547 2816 ad
1565 2760 1937 2826 Colossenses,
1957 2759 2049 2815 ubi

461 2862 577 2931 ipse
601 2859 890 2930 Apostolus
910 2858 1002 2925 ait,
1028 2856 1336 2926 Mortiﬁcate
1358 2854 1582 2908 membra
1600 2861 1786 2918 vestra,
1803 2866 1919 2924 qua
1933 2860 2052 2907 sunt

456 2968 612 3024 super
628 2962 835 3018 terram;
854 2950 1263 3021 fornicationem,
1287 2946 1685 3011 immunditiam,
1701 2955 1748 2998 et
1760 2944 2047 3011 avaritiam,

458 3052 653 3115 queat
667 3041 1055 3115 simulacrorum
1068 3041 1298 3103 servitus;
1317 3048 1521 3110 propter
1530 3052 1646 3107 quae
1658 3036 1789 3092 venit
1803 3037 1880 3090 ira
1890 3035 1990 3090 Dei
1998 3037 2053 3091 in

458 3103 594 3208 jitios
612 3103 999 3202 incredulitatis“,
1020 3136 1073 3189 in
1094 3134 1271 3205 quibus
1281 3103 1328 3188 ei
1338 3103 1425 3188 vos
1443 3103 1721 3202 aliquando
1735 3130 2048 3197 ambulastis,

459 3245 576 3284 cum
599 3229 824 3284 viveretis
849 3229 905 3283 in
930 3228 1035 3283 illis
1057 3225 1272 3301 (Coloss.
1304 3240 1383 3292 ιιι,
1412 3224 1467 3293 5,
1499 3223 1578 3296 6).
1617 3224 1754 3279 Ecce
1785 3220 2056 3294 quomodo

461 3323 703 3379 membra
729 3322 980 3394 appellat,
999 3337 1118 3392 quae
1149 3330 1364 3391 peccata
1387 3320 1718 3391 pronuntiat.
1737 3317 1945 3388 Corpus
1969 3332 2059 3370 au-

463 3423 573 3471 tem
602 3415 807 3486 peccati
840 3416 927 3469 hic
944 3416 966 3446 ¹
993 3414 1165 3483 ipsum
1189 3412 1256 3467 ad
1279 3406 1568 3477 Romanos,
1607 3408 1762 3464 Vetus
1782 3409 1933 3464 homo
1958 3424 2054 3462 no-

466 3515 588 3571 ster,
602 3506 792 3578 inquit,
813 3503 970 3560 simul
984 3505 1216 3574 conﬁxus
1229 3512 1305 3558 est
1319 3504 1478 3568 cruci,
1497 3511 1554 3556 ut
1568 3502 1861 3557 destruatur
1871 3515 2056 3572 corpus

467 3600 678 3672 peccati,
705 3608 763 3653 ut
790 3598 928 3652 ultra
955 3613 1058 3651 non
1103 3596 1378 3651 serviamus
1421 3603 1626 3665 peccato
1657 3593 1836 3663 (Rom.
1864 3607 1938 3658 vt,
1968 3590 2050 3661 6).

412 3674 418 3683 ’
467 3692 583 3747 Hoc
609 3691 790 3761 itaque
820 3704 969 3745 more
994 3696 1051 3743 et
1079 3687 1165 3743 hic
1212 3686 1534 3742 exclamavit
1577 3684 1677 3739 sub
1718 3698 1970 3755 persona,
2000 3690 2059 3738 ut

461 3784 714 3852 diximus,
761 3781 1065 3837 Iudaeorum
1093 3797 1106 3834 :
1133 3778 1291 3834 Miser
1343 3795 1434 3849 ego
1486 3778 1657 3843 homo,
1712 3776 1824 3847 quis
1865 3792 1947 3830 me
1994 3776 2058 3830 li-

468 3877 657 3934 berabit
682 3877 747 3932 de
770 3891 983 3948 corpore
1007 3875 1181 3929 mortis
1211 3872 1407 3943 hujus?
1433 3870 1485 3926 id
1527 3878 1627 3933 est,
1657 3869 1787 3937 Quis
1814 3885 1899 3924 me
1926 3868 2059 3924 libe-

463 3970 609 4029 sabit
629 3985 658 4025 τι
688 3978 837 4026 reatu
864 3978 1208 4038 peccatorum
1231 3980 1472 4020 meorum
1497 3980 1616 4035 qua:
1642 3964 1907 4029 commisi,
1932 3978 2056 4018 cum

467 4065 636 4118 vitare
678 4059 1007 4132 potuissem?
1059 4072 1179 4129 quae
1225 4057 1360 4128 legis
1408 4057 1669 4111 severitas
1717 4071 1824 4109 non
1868 4054 2053 4120 donat,

466 4151 564 4208 sed
590 4150 894 4216 ulciscitur;
921 4149 1040 4220 quis
1070 4162 1155 4203 me
1183 4147 1249 4203 ab
1291 4145 1376 4201 his
1421 4146 1704 4210 membris,
1729 4145 1781 4199 id
1809 4153 1894 4200 est
1921 4159 1949 4196 a
1981 4145 2059 4198 vi-

467 4245 576 4310 tiis,
604 4258 725 4315 quae
766 4242 1130 4313 improborum
1164 4238 1461 4294 imitatione
1499 4236 1711 4307 collegi,
1744 4243 1806 4291 ut
1849 4235 2054 4305 peccati

469 4338 687 4411 plenum
707 4350 902 4406 corpus
950 4342 1301 4397 exstruerem,
1337 4332 1534 4401 poterit
1561 4329 1870 4385 vindicare?
1900 4330 2051 4400 quis,

467 4428 723 4506 inquam?
752 4426 822 4485 Et
866 4425 1179 4497 respondit,
1230 4425 1383 4496 quasi
1429 4438 1607 4478 rerum
1649 4423 1882 4494 ipsarum
1928 4436 2059 4478 voce

465 4521 825 4580 commonitus
848 4537 862 4573 :
884 4517 1062 4575 Gratia
1085 4518 1184 4573 Dei
1204 4534 1294 4589 per
1310 4515 1488 4572 Iesum
1501 4516 1759 4571 Christum
1781 4513 2060 4569 Dominum

466 4627 713 4673 nostrum.
758 4613 940 4671 Gratia
970 4612 1085 4679 Dei,
1117 4625 1236 4683 qua:
1261 4616 1535 4680 acceptam
1565 4605 1671 4662 fert
1709 4605 1969 4677 justitiam
1992 4605 2058 4659 ti-

467 4710 665 4767 delium
708 4708 824 4763 sine
861 4705 1146 4777 operibus,
1178 4701 1470 4759 secundum
1508 4698 1650 4771 quod
1679 4697 1846 4755 David
1893 4696 2057 4768 dicit,

470 4804 615 4860 Beati
636 4817 851 4874 quorum
867 4801 1090 4855 remissa:
1115 4808 1233 4852 sunt
1259 4798 1571 4865 iniquitates,
1601 4805 1646 4850 et
1674 4811 1891 4868 quorum
1931 4803 2061 4849 tecta

471 4906 587 4952 sunt
622 4903 827 4967 peccata
856 4908 875 4948 :
904 4893 1077 4946 beatus
1115 4892 1191 4944 vir
1237 4890 1319 4943 cui
1364 4905 1464 4955 nou
1507 4888 1778 4958 imputavit
1810 4886 2059 4941 Dominus

471 4983 916 5061 peccatum(Psal.
947 4983 1140 5052 sunt
1164 4992 1209 5037 et
1228 4982 1309 5054 2).
1341 4981 1441 5050 Qui
1466 4996 1595 5053 ergo
1633 4980 1760 5036 facit
1788 4974 2058 5035 hominem

471 5082 704 5144 beatum,
733 5077 892 5132 etiam
933 5075 1048 5146 ipse
1088 5074 1274 5129 beatus
1311 5081 1427 5139 est,
1454 5073 1660 5144 justitia
1697 5072 2057 5142 sempiterna,

469 5186 571 5244 per
593 5184 751 5241 quam
783 5182 887 5223 non
910 5166 1072 5222 donat
1098 5174 1394 5237 peccatum,
1444 5164 1549 5220 nisi
1577 5163 1720 5235 quod
1740 5162 1860 5235 jure
1888 5163 2061 5234 potuit

472 5266 755 5335 imputare.
786 5259 904 5316 Non
929 5267 1108 5315 autem
1130 5258 1252 5330 jure
1277 5256 1449 5331 potuit
1478 5257 1761 5328 imputare,
1791 5256 1834 5311 si
1858 5270 1963 5310 non
1994 5255 2059 5310 il-

471 5355 562 5411 lud
595 5354 681 5409 cui
703 5353 1012 5423 imputatur,
1046 5351 1218 5422 potuit
1239 5360 1293 5404 et
1320 5363 1534 5405 cavere.
1565 5347 1733 5404 Nemo
1763 5355 1939 5402 autem
1967 5360 2064 5416 po-

474 5455 580 5504 test
602 5460 795 5502 cavere
827 5444 1106 5500 naturalia.
1153 5443 1316 5514 Igitur
1360 5441 1540 5498 nullus
1593 5454 1814 5511 prorsus
1861 5439 2063 5496 habere

471 5547 649 5610 potest
673 5536 741 5594 de
765 5546 970 5593 naturae
996 5537 1314 5593 necessitate
1338 5543 1635 5606 peccatum.
1668 5533 1794 5589 Haec
1823 5534 2058 5590 breviter

473 5620 671 5688 dixisse
690 5630 940 5688 sufﬁciat.

547 5727 683 5783 Atta.
714 5722 949 5781 Conatus
972 5738 1032 5781 es
1062 5721 1276 5794 quidem
1302 5720 1443 5793 quod
1471 5721 1547 5777 ait
1590 5721 1897 5793 Apostolus,
1937 5722 2064 5790 Quis

539 5908 558 5942 ι
582 5914 733 5960 vetus
748 5906 906 5957 codex
929 5912 1079 5964 Port.,
1102 5902 1270 5955 ultam

538 5970 562 6005 s
583 5969 717 6005 limit-
743 5966 848 6005 lum-
878 5972 932 6005 At
952 5971 1083 6005 llam.
1109 5964 1204 6005 hic-

583 5969 721 6030 ΕΔΜ.
743 5966 848 6020 hoc.
876 5972 933 6019 Αι
952 5971 1084 6029 ω,
1108 5964 1205 6017 hic.

1156 425 1404 487 OPERIS
1428 419 1841 483 IMPERFECTI
1875 417 2156 478 CONTRA
2192 415 2554 486 IULIANUM,
2593 416 2653 473 S.
2693 414 3063 474 AUGUSTINI

3606 414 3745 474 1088

2156 550 2235 589 me
2279 534 2504 591 liberabit
2543 534 2604 587 de
2636 548 2847 604 corpore
2886 534 3062 588 mortis
3104 533 3298 606 hujus?
3321 534 3376 591 in
3404 548 3622 593 sensum
3652 554 3744 596 ve-

2153 635 2321 683 strum
2341 625 2662 697 disputando
2690 635 3004 682 convertere
3036 646 3050 682 :
3078 626 3174 683 sed
3201 627 3303 683 hoc
3332 637 3385 684 te
3413 644 3519 684 non
3548 644 3738 701 posse,

2152 719 2244 775 ille
2266 719 2456 775 melius
2479 716 2629 784 vidit,
2653 718 2743 789 qui
2764 718 2877 772 viro
2920 717 3113 774 illustri
3154 718 3451 777 chartulam
3478 721 3660 789 misit;
3686 729 3749 778 et

2152 810 2273 867 ideo
2300 809 2462 866 verba
2485 822 2606 864 mea
2631 823 3059 864 commemorans
3083 809 3138 865 id
3161 812 3526 881 praetermisit,
3552 827 3618 868 ne
3646 820 3746 870 tua

2151 904 2418 960 rideretur
2445 911 2753 974 exspectata
2791 911 2847 959 et
2873 904 3081 975 prolata
3109 906 3407 975 responsio.
3434 906 3568 975 Quis
3593 908 3743 964 enim

2150 1012 2258 1051 non
2289 995 2463 1051 rideat
2500 993 2646 1066 quod
2674 994 2856 1049 nescio
2884 1003 3064 1049 utrum
3091 996 3247 1052 vobis
3286 998 3611 1068 persuadere
3639 1014 3745 1070 po-

2153 1089 2380 1154 tueritis,
2426 1096 2481 1143 et
2519 1099 2695 1142 tamen
2726 1086 2844 1142 aliis
2882 1088 3312 1157 persuadendum
3348 1092 3605 1162 putastis,
3649 1092 3751 1149 Ju-

2150 1180 2252 1236 daii
2299 1178 2615 1252 Apostolum
2660 1176 2940 1235 induxisse
2990 1194 3309 1250 personam,
3357 1185 3590 1240 nondum
3642 1186 3751 1243 sub

2152 1275 2349 1331 Christi
2381 1277 2545 1345 gratia
2595 1277 2907 1343 constituti,
2954 1288 3113 1348 atque
3167 1277 3414 1346 dicentis,
3464 1278 3621 1335 Miser
3649 1298 3745 1353 ego

2152 1370 2322 1436 homo,
2344 1371 2455 1440 quis
2478 1387 2557 1424 me
2573 1369 2801 1425 liberabit
2824 1370 2889 1426 de
2919 1388 3130 1443 corpore
3173 1373 3354 1428 mortis
3382 1373 3578 1445 hujus?
3603 1373 3743 1430 Gra-

2152 1463 2222 1516 tia
2255 1462 2345 1517 Dei
2377 1480 2466 1532 per
2491 1461 2670 1519 Iesum
2694 1463 2954 1520 Christum
2994 1462 3277 1519 Dominum
3321 1476 3566 1520 nostrum.
3597 1466 3747 1525 Itane

2152 1572 2280 1612 vero
2316 1557 2551 1636 Judmus,
2592 1561 2937 1631 nondumque
2964 1560 3303 1616 Christianus
3328 1572 3432 1627 est,
3461 1562 3552 1632 qui
3589 1562 3742 1629 dicit,

2153 1649 2247 1705 Dei
2275 1652 2443 1721 gratia
2463 1668 2549 1709 me
2570 1652 2818 1708 liberabit
2835 1668 2933 1724 per
2950 1654 3132 1709 Jesum
3161 1651 3431 1709 Christum
3456 1654 3745 1711 Dominum

2153 1743 2431 1798 nostrum?
2460 1742 2658 1799 Verum
2677 1744 2780 1799 hoc
2806 1745 2997 1799 omitto
3029 1763 3042 1799 :
3073 1745 3202 1800 illud
3231 1754 3408 1801 autem
3432 1746 3552 1816 quis
3582 1744 3745 1814 ferat,

2152 1834 2220 1889 de
2241 1835 2524 1904 praeteritis
2562 1838 2675 1892 suis
2713 1838 2945 1906 peccatis
2998 1846 3184 1908 putare
3221 1837 3491 1893 hominem
3536 1837 3745 1907 dicere,

2155 1926 2283 1993 Quis
2302 1943 2382 1981 me
2412 1928 2642 1983 liberabit
2682 1928 2747 1983 de
2779 1945 2994 2000 corpore
3033 1930 3210 1984 mortis
3248 1930 3443 2000 hujus?
3482 1938 3537 1984 ut
3570 1930 3618 1985 ei
3649 1945 3751 2001 per

2152 2019 2478 2089 ignoscentis
2506 2020 2703 2077 Christi
2728 2022 2952 2091 gratiam
2984 2022 3323 2077 remittantur
3357 2040 3370 2076 :
3403 2038 3524 2076 cum
3553 2022 3750 2078 diluci-

2152 2112 2220 2168 de
2240 2124 2510 2183 appareat,
2535 2114 2677 2169 uude
2696 2114 2763 2169 ad
2785 2115 2883 2170 ista
2902 2115 3060 2170 verba
3086 2115 3410 2185 pervenerit?
3428 2116 3562 2171 Ecce
3583 2116 3750 2172 verba

2152 2206 2269 2274 ejus
2289 2215 2414 2261 sunt
2432 2207 2486 2262 in
2507 2208 2727 2263 auribus
2749 2210 2946 2266 nostris
2973 2227 2984 2262 :
3009 2208 3284 2265 videamus
3304 2224 3453 2281 ergo,
3475 2220 3649 2265 utrum
3672 2226 3744 2267 ex

2152 2298 2373 2368 ecquod
2400 2300 2513 2370 egit
2535 2300 2742 2365 volens,
2765 2301 2838 2356 an'
2853 2316 2920 2356 ex
2949 2316 3015 2356 eo
3043 2300 3184 2371 quod
3215 2301 3321 2370 agit
3346 2302 3553 2369 nolens,
3583 2303 3751 2359 mise-

2153 2406 2273 2445 rum
2312 2407 2371 2446 se
2399 2408 2520 2448 esse
2550 2392 2798 2448 fateatur.
2830 2394 3038 2450 Clamat
3076 2396 3256 2459 homo,
3292 2394 3412 2450 Non
3442 2398 3575 2467 quod
3605 2397 3743 2465 volo,

2153 2499 2287 2553 ago;
2328 2484 2417 2537 sed
2442 2484 2578 2555 quod
2619 2485 2734 2552 odi,
2765 2485 2897 2539 illud
2938 2487 3089 2559 facio.
3120 2485 3348 2553 Clamat,
3378 2486 3501 2542 lam
3527 2506 3629 2543 non
3653 2507 3751 2562 ego

2154 2591 2337 2643 operor
2369 2575 2534 2639 illud,
2604 2576 2691 2630 sed
2736 2576 2791 2630 id
2840 2577 2975 2646 quod
3018 2578 3208 2633 habitat
3244 2578 3298 2632 in
3350 2596 3427 2634 me
3467 2590 3748 2651 peccatum.

2156 2665 2277 2722 Scio
2297 2668 2430 2721 enim
2457 2667 2576 2738 quia
2596 2685 2697 2722 non
2719 2668 2911 2724 habitat
2936 2670 2990 2723 in
3012 2686 3109 2736 me,
3142 2671 3237 2724 hoc
3265 2679 3336 2725 est
3356 2672 3406 2726 in
3438 2689 3591 2727 carne
3612 2691 3751 2742 mea,

2155 2761 2339 2815 bonum
2362 2778 2381 2816 .'
2404 2762 2530 2817 velle
2570 2764 2703 2817 enim
2733 2765 2933 2835 adjacet
2964 2766 3127 2833 mihi;
3171 2768 3413 2838 perficere
3450 2778 3618 2822 autem
3656 2770 3754 2824 bo-

2156 2871 2297 2920 num,
2329 2871 2432 2910 non
2449 2855 2669 2912 invenio.
2703 2856 2826 2911 Non
2868 2859 3003 2912 enim
3030 2860 3168 2930 quod
3190 2864 3301 2915 volo
3319 2901 3335 2925 ,
3364 2862 3498 2932 facio
3527 2861 3753 2929 bonum;

2156 2946 2245 3002 sed
2272 2948 2407 3019 quod
2434 2949 2553 3003 nolo
2596 2949 2807 3013 malum,
2841 2950 2936 3003 hoc
2974 2967 3091 3022 ago.
3125 2949 3241 3005 Non
3292 2950 3386 3018 ait,
3418 2951 3581 3019 Feci;
3616 2952 3753 3021 sed,

2157 3039 2290 3109 facio
2320 3055 2469 3097 :non
2494 3041 2587 3105 ait,
2616 3042 2880 3111 Operatus
2909 3057 3063 3108 sum;
3088 3044 3207 3109 sed,
3238 3060 3420 3116 operor
3450 3060 3468 3099 :
3495 3059 3602 3099 non
3628 3046 3707 3100 ait
3731 3087 3749 3113 ,

2158 3134 2291 3204 Egi;
2314 3135 2431 3203 sed,
2454 3152 2550 3206 ago
2573 3151 2594 3191 :
2614 3138 2791 3191 ethoc
2815 3154 2917 3191 non
2954 3138 3091 3209 quod
3118 3140 3228 3193 volo
3253 3139 3296 3206 ¹,
3316 3137 3414 3194 sed
3448 3139 3584 3210 quod
3608 3140 3752 3199 nolo.

2159 3227 2458 3295 Postremo,
2485 3229 2885 3285 condclectatur
2909 3232 2931 3262 ²
2952 3230 3054 3300 legi
3087 3231 3178 3285 Dei
3206 3231 3498 3286 secundum
3527 3232 3756 3289 interio-

2160 3336 2272 3376 rem
2300 3321 2605 3376 hominem:
2635 3321 2778 3375 videt
2818 3330 2997 3376 autem
3019 3322 3175 3376 aliam
3207 3322 3377 3391 legem
3412 3323 3465 3376 in
3497 3323 3757 3380 membris

2161 3414 2293 3477 suis,
2322 3422 2708 3484 repugnantem
2750 3414 2850 3483 legi
2882 3413 3076 3469 mentis
3106 3430 3249 3478 sum;
3275 3429 3376 3483 qua
3422 3413 3537 3485 lege
3567 3413 3757 3485 utique

2161 3507 2516 3578 compellitur,
2542 3521 2648 3561 non
2675 3506 2815 3576 quod
2843 3508 2973 3571 vult,
3008 3507 3181 3561 facere
3216 3507 3439 3572 bonum,
3470 3506 3564 3562 sed
3602 3506 3756 3578 quod

2162 3614 2271 3654 non
2295 3599 2411 3654 vult
2446 3598 2669 3662 malum,
2703 3597 2805 3653 hoc
2851 3614 3027 3669 agere.
3069 3597 3296 3669 Propter
3318 3599 3418 3653 hoc
3443 3599 3704 3654 exclamat
3736 3617 3755 3656 :

2164 3690 2324 3745 Miser
2349 3707 2440 3762 ego
2469 3688 2639 3755 homo,
2687 3690 2797 3760 quis
2846 3706 2926 3744 me
2973 3689 3204 3745 liberabit
3244 3690 3307 3744 de
3331 3706 3542 3762 corpore
3571 3694 3761 3747 mortis

2163 3785 2316 3856 hujus
2340 3782 2515 3855 (Rom.
2558 3799 2652 3849 vu,
2696 3779 2922 3855 15-25)?
2952 3782 3018 3837 Et
3063 3790 3119 3836 tu
3163 3791 3351 3838 contra
3395 3782 3758 3838 clarissimam

2164 3876 2438 3930 veritatem
2468 3874 2653 3929 oculos
2681 3872 2885 3928 claudis
2904 3913 2919 3937 ,
2963 3873 3328 3944 gemitumque
3354 3873 3470 3943 ejus
3499 3873 3755 3942 exponis,

2164 3982 2271 4022 non
2313 3976 2370 4021 ut
2396 3966 2645 4022 omnibus
2682 3975 2861 4036 patet,
2894 3964 2989 4021 sed
3034 3965 3243 4021 ut‘tibi
3297 3966 3489 4036 placet,
3543 3965 3760 4034 dicens,

2170 4079 2190 4113 s
2228 4058 2353 4127 Quis
2382 4075 2461 4112 me
2484 4058 2712 4112 liberabit
2752 4058 2816 4111 de
2843 4074 3053 4128 corpore
3079 4060 3257 4112 mortis
3283 4059 3480 4130 hujus?
3506 4059 3606 4114 hoc
3631 4068 3722 4114 est
3743 4102 3763 4128 ,

2163 4152 2292 4221 Quis
2317 4166 2403 4205 me
2430 4149 2733 4205 liberabita
2772 4159 2923 4205 reatu
2956 4161 3298 4220 peccatorum
3343 4167 3586 4207 meorum
3629 4168 3765 4222 quae

2163 4240 2439 4297 commisi?
2468 4258 2485 4292 ι
2541 4239 2635 4295 llle
2678 4239 2806 4295 dicit
2842 4239 2881 4306 ³,
2918 4240 3066 4308 Quod
3093 4242 3212 4295 uolo
3240 4242 3452 4305 malum,
3486 4243 3579 4296 hoc
3605 4259 3706 4313 ago
3744 4260 3769 4299 :

2163 4345 2218 4391 et
2251 4343 2306 4389 tu
2335 4333 2469 4389 dicis
2492 4374 2507 4401 ,
2559 4352 2579 4385 ι
2617 4349 2736 4403 quso
2763 4334 3025 4389 commisi.
3058 4353 3077 4387 ι
3110 4334 3291 4405 USque
3319 4336 3523 4390 adeone
3551 4335 3762 4405 despe-

2162 4443 2252 4485 ras
2280 4427 2347 4483 de
2390 4426 2696 4481 hominibus
2726 4425 2857 4497 "qui
2895 4426 3012 4482 bzec
3061 4428 3262 4497 legunt,
3321 4438 3380 4481 ut
3426 4443 3531 4482 non
3573 4429 3764 4499 ipsum

2163 4522 2352 4579 malint
2381 4521 2565 4576 audire
2589 4535 2750 4592 quam
2777 4529 2855 4587 te,
2895 4530 2950 4576 et
2974 4521 3074 4590 ipsi
3104 4523 3280 4591 potius
3306 4537 3464 4593 quam
3493 4522 3587 4578 tibi
3628 4537 3768 4580 cre-

2164 4614 2330 4673 dere?
2365 4616 2493 4672 Sine
2541 4615 2811 4671 hominem
2860 4617 3084 4686 gratiam
3135 4617 3251 4682 Dei,
3287 4633 3391 4673 non
3423 4618 3599 4675 solum
3629 4620 3770 4688 quia

2164 4713 2423 4786 peccavit,
2454 4722 2508 4767 ut
2548 4712 2873 4778 absolvatur,
2919 4726 3106 4767 verum
3154 4714 3311 4767 etiam
3362 4729 3429 4768 ne
3460 4722 3662 4783 peccet,
3695 4723 3773 4771 ut

2164 4807 2478 4877 adjuvetur,
2525 4820 2816 4875 exposcere
2851 4824 2862 4859 :
2896 4804 3037 4876 quod
3084 4805 3187 4860 isto
3240 4806 3358 4860 loco
3403 4806 3594 4877 agitur.
3650 4804 3771 4873 Qui

2166 4900 2307 4954 enim
2336 4898 2482 4963 dicit,
2515 4898 2664 4965 Quod
2691 4899 2808 4952 nolo
2838 4899 3030 4951 malum
3053 4939 3068 4964 ,
3099 4897 3194 4950 hoc
3217 4913 3335 4969 ago,
3367 4913 3475 4953 non
3499 4907 3581 4953 est
3598 4896 3764 4955 locus

2166 4999 2224 5046 ut
2250 4990 2425 5056 dicat,
2456 4988 2669 5043 Dimitte
2691 4990 2833 5044 nobis
2860 4989 3028 5044 debita
3051 5000 3265 5057 nostra;
3291 4991 3406 5059 sed,
3436 4990 3520 5046 Nc
3558 5007 3649 5046 nos
3678 4992 3776 5048 in-

2167 5087 2302 5155 feras
2326 5083 2377 5137 in
2407 5082 2726 5136 tentationem
2757 5081 2966 5154 (Matth.
2992 5097 3063 5147 vt,
3092 5082 3178 5149 l2,
3203 5082 3375 5155 etl5).
3408 5082 3778 5154 Unusquisque

2167 5183 2332 5230 autem
2358 5183 2599 5241 tentatur,
2628 5174 2767 5230 sicut
2790 5175 2866 5229 ait
2912 5176 3187 5246 apostolus
3210 5174 3465 5244 Jacobus,
3502 5191 3537 5229 α
3562 5191 3772 5229 concu-

2169 5266 2413 5339 piscentia
2435 5282 2529 5321 sua
2567 5274 2811 5321 attractus
2860 5277 2907 5322 et
2948 5266 3145 5322 illectus
3188 5265 3460 5340 (lucebit,
3502 5267 3615 5341 14).
3644 5268 3769 5327 Hoc

2168 5363 2365 5419 malum
2395 5370 2477 5417 est
2508 5362 2576 5418 de
2605 5378 2711 5433 quo
2739 5363 2851 5430 ait,
2882 5361 3004 5418 Scio
3049 5362 3168 5432 quia
3207 5379 3307 5417 non
3339 5361 3532 5417 habitat
3558 5363 3614 5417 in
3654 5380 3763 5431 me,

2169 5456 2264 5511 hoc
2285 5462 2357 5511 est
2375 5456 2429 5510 in
2449 5471 2601 5511 carne
2624 5471 2757 5521 mea,
2786 5456 2994 5510 bonum.
3023 5454 3135 5510 lloc
3163 5453 3360 5510 malum
3384 5463 3469 5512 est
3491 5455 3542 5510 in
3572 5469 3773 5527 corpo-

2232 5646 2251 5680 ί
2276 5644 2415 5706 Editi,
2434 5650 2480 5719 et
2502 5642 2591 5719 hoc
2612 5656 2707 5697 non
2723 5644 2864 5708 volo;
2893 5648 3240 5710 praetermisso,
3267 5646 3416 5711 quod,
3440 5648 3633 5699 tametsi
3651 5660 3773 5705 eras

2169 5709 2891 5830 'delectatur.
2942 5777 2998 5821 At
3037 5778 3143 5822 Mss.
3165 5806 3181 5832 ,
3226 5772 3598 5824 condelectatur.

2237 5836 2258 5868 ³
2280 5835 2417 5895 aditi,
2440 5846 2551 5897 qua:
2585 5832 2817 5885 comnusit
2852 5832 2935 5886 ille
2969 5833 3136 5886 dicens
3165 5848 3182 5886 :
3207 5836 3444 5889 mendose
3482 5849 3540 5888 ac
3561 5836 3770 5888 disseri-

2174 5897 2413 5949 tientibus
2433 5898 2782 5958 manuscriptis.

2236 5961 2259 5993 δ
2278 5960 2354 6009 sic
2374 5966 2481 6012 llas.
2506 5958 2627 6010 satu
2645 5954 2781 6017 vero,
2806 5954 2870 6012 de
2889 5955 3123 6011 munibus.
