4014 6488
66 5807 70 5906 l

218 356 343 417 1089

217 468 471 531 remortis
499 470 686 541 hujus.
740 471 869 530 Hoc
896 475 1094 532 malum
1145 489 1252 531 non
1299 472 1400 529 fuit
1445 476 1496 530 in
1531 475 1800 547 paradiso

218 575 328 620 ante
347 573 659 633 peccatum;
706 567 838 635 quia
880 567 1114 622 nondum
1158 577 1272 622 erat
1303 565 1419 621 lucc
1450 583 1576 622 caro
1606 583 1802 638 corpus

220 658 390 712 mortis
442 656 648 727 hujus:
679 660 769 713 cui
817 660 1021 715 dicetur
1052 661 1104 714 in
1131 660 1237 716 fine
1269 660 1310 727 ⁸,
1359 659 1457 715 Ubi
1498 669 1588 725 est,
1646 677 1802 727 mors,

216 749 452 805 contentio
479 759 567 802 tua
588 750 616 804 Ρ
647 750 743 806 sed
773 762 899 808 tunc
924 753 1146 816 dicetur,
1179 769 1298 807 cum
1331 753 1677 823 cormptibilc
1705 754 1807 809 hoc

216 841 434 898 induerit
461 844 950 915 incorruptionem,
985 857 1036 901 et
1062 849 1287 902 mortale
1319 848 1420 902 hoc
1446 847 1678 903 induerit
1708 848 1811 903 im-

222 936 584 991 nortalitatem
618 935 664 1007 (1
690 937 810 991 Cor.
846 955 934 1006 xv,
975 941 1162 1009 55-55)
1197 959 1207 992 :
1245 956 1384 995 nunc
1411 953 1586 995 autem
1614 957 1808 1012 Corpus

215 1038 280 1085 est
303 1032 532 1095 mortis;
582 1032 709 1101 quia
760 1031 902 1086 idem
931 1034 1044 1102 ipse
1090 1033 1225 1088 dixit
1267 1035 1576 1104 apostolus,
1613 1035 1809 1106 Corpus

222 1131 460 1174 narratum
497 1131 575 1175 est
607 1132 814 1194 prapter
853 1135 1112 1195 peccatum
1158 1125 1330 1197 (Rom.
1365 1143 1489 1192 VIII,
1523 1127 1634 1199 10).
1669 1127 1808 1183 Audi

209 1215 498 1272 catholicos
521 1217 888 1272 intellectores
910 1219 1147 1288 Apostoli
1173 1236 1188 1285 ;
1211 1221 1393 1291 accipe
1409 1236 1594 1276 eorum
1621 1222 1804 1289 verba,

207 1323 303 1362 non
334 1325 482 1372 mea,
514 1324 640 1364 cum
663 1311 860 1380 quibus
882 1312 1088 1380 accipio
1118 1313 1355 1366 convicia
1386 1321 1473 1366 tua
1509 1331 1520 1365 :
1554 1313 1674 1367 audi
1699 1329 1806 1368 non

209 1401 495 1472 Pelagium,
532 1403 629 1457 sed
663 1403 1025 1457 Ambrosium.
1057 1421 1075 1454 ι
1107 1403 1276 1458 Etiam
1309 1403 1456 1458 Pauli
1487 1420 1632 1469 caro,
1672 1424 1690 1457 ι
1720 1406 1807 1459 in-

207 1498 328 1564 quit,
364 1515 383 1548 ι
409 1511 616 1567 corpus
647 1500 834 1552 mortis
860 1505 992 1560 erat,
1009 1497 1143 1551 sicut
1170 1498 1282 1566 ipse
1309 1497 1401 1563 ait,
1437 1497 1563 1561 Quis
1585 1515 1662 1551 me
1686 1498 1807 1552 libe-

206 1588 324 1642 rabit
349 1589 416 1642 de
449 1605 669 1656 corpore
701 1589 876 1642 mortis
916 1589 1066 1659 hujus
1093 1608 1111 1640 ι
1161 1587 1262 1658 (De
1287 1587 1606 1653 Paenitentia,
1633 1591 1719 1642 lib.
1753 1590 1804 1656 l,

205 1697 310 1752 cap.
342 1680 380 1734 Ξ
403 1681 485 1735 vel
506 1682 565 1749 3)
588 1681 611 1734 ?
646 1698 666 1732 ι
697 1680 833 1734 Audi
862 1696 967 1734 non
988 1678 1320 1747 Ctnlestiutn,
1344 1680 1437 1735 sed
1456 1679 1768 1751 Gregorium
1789 1697 1826 1736 :‘

210 1793 228 1826 ι
258 1773 400 1829 intra
454 1775 842 1844 nosmetipsos,
875 1792 896 1827 ι
949 1775 1160 1844 inquit,
1220 1793 1238 1827 ι
1276 1774 1507 1845 propriis
1559 1776 1702 1830 vitiis
1742 1791 1807 1832 ac

209 1867 550 1938 passionibus
573 1867 972 1937 impugnamur,
997 1874 1051 1921 et
1078 1865 1165 1920 die
1193 1875 1460 1936 noctuque
1498 1867 1676 1937 ignitis
1703 1868 1802 1922 sti-

206 1959 355 2013 mulis
400 1959 649 2028 eorporis
692 1957 1004 2011 humilitatis
1035 1957 1192 2026 hujus
1226 1967 1282 2012 et
1331 1958 1575 2028 corporis
1613 1959 1804 2014 mortis

207 2066 486 2120 urgemur,
528 2064 674 2104 nunc
706 2050 955 2113 latenter,
990 2066 1133 2105 nunc
1160 2051 1320 2105 etiam
1367 2051 1538 2120 palam
1563 2092 1576 2115 ,
1611 2065 1803 2121 provo-

207 2146 451 2199 cantibus
470 2145 667 2215 ubique
694 2155 749 2199 et
780 2144 1115 2199 irritantibus
1155 2161 1335 2200 rerum
1368 2145 1658 2202 visibilium
1687 2147 1778 2201 ille

209 2237 405 2301 cebris,
432 2237 543 2290 luto
582 2235 684 2291 hoc
713 2235 882 2303 furcis,
906 2236 992 2291 cui
1023 2237 1354 2303 inlucsimus,
1385 2239 1525 2294 caeni
1558 2255 1636 2292 suI
1659 2237 1800 2293 feto-

216 2343 331 2382 rem
352 2331 496 2382 veuis
509 2329 876 2398 capacioribus
894 2329 1179 2385 exhalante
1199 2346 1213 2396 ;
1238 2330 1332 2384 sed
1355 2341 1410 2386 et
1432 2331 1547 2401 lege
1575 2332 1796 2400 peccati,

217 2437 336 2490 qua:
357 2421 508 2476 estin
528 2419 780 2476 membris
807 2422 1028 2489 nostris,
1052 2422 1156 2495 legi
1187 2423 1404 2493 spiritus
1432 2433 1793 2494 repugnante»

207 2512 498 2586 (Gregorius
536 2513 820 2580 Nazianz.,
858 2516 1073 2587 Apolog.
1106 2517 1127 2569 1
1156 2516 1217 2570 de
1256 2515 1406 2588 Fuga
1433 2517 1564 2590 sua).
1624 2519 1716 2572 llis
1747 2528 1802 2573 tu

203 2606 483 2661 luminibus
505 2608 746 2664 cmlestis
776 2608 1006 2663 civitatis
1036 2608 1330 2675 oblatrans,
1368 2627 1386 2663 ι
1421 2608 1630 2680 Corpus
1651 2625 1797 2665 mor-

204 2702 291 2764 tis,
329 2721 350 2754 ι
387 2702 594 2772 inquis,
624 2721 644 2754 ς
683 2711 901 2771 peccata
943 2701 1078 2756 dixit
1124 2718 1276 2770 esse,
1331 2718 1435 2757 non
1468 2718 1684 2758 carnem
1720 2723 1733 2759 :
1774 2724 1794 2758 ›

204 2811 386 2865 negans
412 2796 740 2865 Apostolum
771 2795 873 2849 hoc
893 2794 959 2849 ad
998 2796 1374 2850 mortalitatem
1406 2799 1571 2851 nostri
1599 2812 1796 2868 corpo-

207 2889 264 2942 ris
286 2887 583 2954 retulisse;
613 2905 634 2940 ι
671 2903 829 2958 quam
861 2902 1006 2952 caro,
1044 2905 1064 2938 ι
1098 2886 1306 2956 inquis,
1342 2906 1359 2938 ‹
1394 2888 1700 2942 animalium
1732 2887 1798 2943 de

212 2991 386 3036 naturae
414 2981 762 3036 institutione
789 2980 1042 3050 suscepit.
1087 2999 1105 3031 ι
1141 2979 1252 3034 lloc
1283 2980 1424 3034 enim
1453 2981 1623 3050 sapis,
1653 2980 1797 3051 quod

210 3073 433 3144 Pelagius
466 3075 520 3128 in
549 3073 756 3144 judicio
798 3072 1083 3126 Palmstino
1124 3072 1246 3126 ficto
1276 3072 1439 3127 corde
1487 3071 1794 3142 damnavit,

205 3166 348 3221 Adam
377 3167 598 3222 scilicet
624 3165 905 3220 mortalem
945 3163 1162 3230 factum,
1190 3165 1260 3217 ita
1290 3174 1345 3218 ut
1375 3164 1488 3218 sive
1520 3173 1791 3234 peccaret,

203 3257 294 3313 sive
319 3274 425 3313 non
449 3265 730 3328 peccaret,
773 3258 1063 3312 moriturus
1094 3265 1237 3312 esset
1276 3256 1372 3328 (α).
1427 3260 1505 3314 Ac
1539 3259 1616 3312 sic
1661 3259 1796 3314 resi-

203 3359 328 3404 stens
356 3350 445 3405 his
474 3349 610 3404 viris
635 3391 650 3413 ,
683 3357 737 3404 et
760 3347 878 3404 aliis
907 3364 1092 3403 eorum
1144 3349 1308 3404 sociis
1355 3349 1478 3404 tidei
1518 3365 1685 3418 sanat,
1718 3360 1796 3406 tot

204 3442 458 3512 tantisque
502 3440 862 3506 doctoribus,
916 3440 1124 3512 cogeris
1181 3441 1404 3510 implere
1449 3442 1791 3512 paradisum,

199 3537 391 3590 etiamsi
426 3550 594 3590 nemo
617 3542 913 3606 peccasset,
942 3534 1131 3590 dolore
1163 3536 1598 3605 parturientium,
1641 3536 1793 3593 labo-

192 3643 244 3684 re
284 3629 660 3693 nascentium,
725 3628 1010 3699 gemitibus
1061 3628 1458 3699 languentium,
1520 3629 1795 3686 funeribus

188 3723 554 3788 morientium,
586 3736 820 3778 mmrore
846 3721 1160 3792 lugentium.
1192 3721 1330 3789 Quid
1365 3723 1523 3793 igitur
1553 3725 1750 3778 mirqu
1776 3766 1792 3789 ,

186 3813 225 3867 si
249 3822 315 3869 et
340 3813 411 3868 de
440 3814 542 3868 isto
569 3812 841 3884 paradiso,
866 3812 1008 3883 quod
1047 3821 1130 3867 est
1157 3813 1417 3881 Ecclesia,
1453 3813 1598 3869 foras
1633 3815 1751 3869 istis
1775 3831 1790 3880 ;

187 3907 270 3975 qui
293 3906 610 3977 paradisum
644 3907 818 3973 illum,
852 3906 921 3962 de
948 3921 1055 3976 quo
1079 3905 1221 3961 foras
1253 3907 1468 3971 ierunt,
1491 3907 1582 3977 qui
1614 3923 1714 3962 nos
1739 3907 1794 3962 in

188 3999 313 4055 istas
341 4000 593 4056 miserias
618 4000 892 4070 peccando
922 4001 1200 4068 miserunt,
1236 4000 1394 4056 talem
1431 4001 1628 4068 facitis,
1656 4018 1791 4073 qua-

188 4091 286 4145 lem
319 4109 427 4147 non
484 4093 609 4148 dico
650 4093 1078 4148 Christianorum
1114 4094 1309 4160 nullus,
1340 4093 1436 4150 sed
1484 4111 1583 4151 nec
1611 4094 1788 4150 homi-

187 4201 308 4240 num
337 4186 625 4257 quisquam
657 4187 916 4256 suspicari
944 4187 1105 4241 audet
1125 4188 1166 4253 ²,
1198 4187 1368 4242 sinon
1398 4187 1462 4242 sit
1493 4187 1752 4244 insanus?

251 4277 491 4334 LXVII].
534 4277 656 4334 JUL.
693 4279 750 4333 lu
783 4278 956 4348 primo
983 4279 1124 4334 enim
1153 4293 1318 4348 Opere
1345 4280 1500 4334 latius
1525 4280 1793 4351 diSputata

182 4385 330 4426 sunt.
359 4371 623 4439 Quamvis
643 4387 741 4427 nec
767 4382 822 4426 tu
847 4370 1076 4427 dilucide
1099 4372 1365 4442 loquaris,
1387 4389 1545 4444 quam
1564 4383 1792 4431 mortem

181 4465 410 4537 intelligi
458 4466 629 4531 velis,
676 4465 829 4536 cujus
871 4481 1065 4536 corpus
1112 4464 1247 4521 dicis
1294 4465 1347 4520 in
1397 4467 1641 4536 paradiso
1684 4483 1793 4522 non

178 4555 352 4615 fuisse
376 4567 508 4614 ante
536 4566 811 4627 peccatum
843 4574 857 4610 :
887 4559 1005 4627 quia
1039 4557 1088 4612 in
1117 4557 1267 4612 libris
1286 4599 1299 4621 ,
1329 4573 1462 4628 quos
1488 4558 1553 4612 ad
1575 4559 1796 4615 Marcel-

176 4647 267 4703 lini
323 4664 529 4704 nomen
575 4649 826 4716 edidisti,
869 4651 1146 4705 mortalem
1191 4648 1360 4706 Adam
1400 4649 1591 4706 factum
1629 4651 1793 4710 fuisse

173 4740 467 4809 professus
491 4757 552 4797 es
580 4739 679 4813 (De
706 4739 1037 4795 Peccatorum
1063 4741 1280 4808 Meritis,
1314 4743 1400 4796 lib.
1436 4744 1486 4810 l,
1507 4760 1656 4816 capp.
1687 4745 1720 4799 5
1746 4755 1793 4800 et

171 4836 246 4904 l).
281 4834 453 4902 Quod
477 4850 603 4889 vero
622 4835 867 4905 adjungis
885 4834 1130 4889 morbum
1151 4850 1269 4890 esse
1294 4837 1562 4906 negotium
1585 4839 1818 4909 nuptia-'

172 4943 292 4982 rum
316 4969 336 4995 ,
383 4927 583 4982 leniter
613 4927 784 4982 audiri
818 4936 1026 4996 potest,
1060 4927 1105 4980 si
1135 4927 1237 4982 hoc
1263 4928 1436 4981 solum
1464 4928 1530 4983 de
1562 4931 1663 4984 tuis
1693 4947 1788 5000 pa-

173 5024 430 5078 rentibus
457 5022 624 5076 dicas.
651 5023 912 5078 Conscius
939 5022 1081 5076 enim
1112 5021 1251 5076 forte
1279 5036 1399 5076 esse
1428 5031 1577 5091 potes
1604 5025 1789 5082 matris

173 5124 279 5170 tua:
310 5115 494 5170 morbi
521 5114 744 5185 alicujus
763 5113 958 5169 occulti
984 5156 998 5178 ,
1030 5129 1189 5184 quam
1216 5113 1267 5167 in
1301 5114 1447 5169 libris
1476 5114 1786 5170 Confessio-

172 5211 294 5278 lis,
344 5218 403 5264 ut
447 5209 569 5280 ipso
605 5209 768 5264 verbo
815 5215 968 5275 utar,
1008 5206 1374 5262 meribibulam
1402 5216 1641 5263 vocatam
1667 5225 1789 5267 esse

173 5301 403 5371 signasti
452 5299 863 5372 (Confessionum
900 5298 1027 5352 libro
1066 5297 1134 5365 9,
1171 5314 1287 5368 cap.
1333 5297 1410 5370 8).
1441 5298 1701 5356 Cteterum
1729 5301 1786 5358 in

173 5406 489 5450 sancton
517 5395 787 5450 connubio
808 5434 823 5456 ,
852 5403 904 5446 et
934 5393 984 5446 in
1011 5393 1248 5448 omnium
1270 5391 1635 5459 honestorum,
1662 5396 1782 5451 nul-

174 5485 261 5542 lus
290 5489 511 5544 omnino
541 5486 766 5544 morbus
795 5493 897 5540 est.
929 5483 1063 5552 Quia
1095 5499 1194 5538 nec
1224 5485 1512 5553 Apostolus
1536 5487 1782 5570 morbum

176 5593 275 5650 pro
312 5581 548 5640 remedio
577 5577 886 5646 concessit,
916 5592 1036 5634 cum
1067 5592 1164 5648 per
1188 5579 1541 5637 reverentiam
1569 5582 1779 5651 nuptia-

236 5781 458 5840 ‘sicnsa.
487 5780 640 5838 aditi,
665 5774 722 5829 in

224 5835 450 5908 ’διε
478 5835 638 5903 satu;
673 5835 904 5910 ᾳιιξεηξξ·
935 5905 961 5910 _
1000 5895 1013 5910 .
1081 5899 1107 5910 ..

204 5895 642 5984 (αῖῖιῇῖ
659 5903 735 5954 de
757 5901 920 5951 Gentis
935 5895 1131 5963 Pelagii,
1151 5909 1241 5962 cap
1287 5896 1342 5949 tt
1371 5902 1424 5949 et.
1442 5897 1503 5946 az

1590 360 1794 418 LIBER
1831 360 2107 422 PRIMUS.

3375 384 3514 444 1090

1919 493 2038 535 rum
2056 493 2088 535 a
2115 479 2303 536 morbo
2327 481 2723 557 fornicationis,
2748 487 3005 548 Ecclesia:
3032 489 3279 552 homines
3298 500 3512 556 munie-

1918 570 2007 624 bat
2051 590 2066 627 :
2109 575 2196 642 qui
2225 591 2414 633 sensus
2437 579 2703 650 quomodo
2728 592 2782 637 et
2806 581 3035 642 frontem
3067 595 3210 647 tuam
3236 603 3291 649 et
3316 593 3513 666 dogma

1917 663 2129 733 penitus
2173 669 2436 735 eraserit,
2485 672 2638 741 primi
2675 674 2961 733 voluminis
3002 681 3108 736 mei
3139 697 3303 753 prope
3329 663 3512 742 ultima

1919 765 2069 824 parte
2098 769 2422 816 monstratur
2453 779 2466 816 :
2497 763 2638 833 quod
2662 774 2716 821 et
2745 767 2797 822 in
2820 775 2932 823 toto
2957 770 3124 840 ipsius
3148 779 3513 846 responsionis

1917 861 2179 918 corpore,
2227 862 2386 923 prout
2426 854 2666 913 locorum
2706 863 3076 931 opportunitas
3103 867 3312 936 attulit,
3340 871 3513 942 expli-

1916 949 2094 996 catum
2115 952 2215 996 est.

1988 1033 2122 1091 Aac.
2170 1033 2437 1106 Nusquam
2496 1040 2574 1096 sic
2624 1045 2866 1113 apparuit
2911 1046 3063 1103 dolus
3108 1058 3265 1118 tuus,
3319 1061 3372 1109 et
3417 1068 3514 1124 per

1916 1124 2190 1182 scientiam
2219 1129 2465 1186 damnata
2495 1137 2838 1194 conscientia.
2871 1141 2986 1197 Scis
3010 1143 3150 1198 enim
3171 1186 3187 1211 ,
3211 1146 3319 1202 scis
3339 1148 3514 1204 omni-

1918 1230 1986 1269 no
2019 1233 2032 1270 :
2067 1227 2170 1272 tam
2195 1221 2392 1291 quippe
2417 1235 2656 1292 apertum
2683 1239 2765 1284 est
2786 1272 2801 1297 ,
2833 1242 2888 1311 ut
2917 1233 3007 1304 qui
3035 1234 3197 1291 libros
3220 1239 3339 1294 illos
3363 1239 3510 1311 legit,

1920 1305 2023 1363 hoc
2049 1312 2257 1367 nescire
2278 1329 2383 1369 non
2410 1319 2580 1386 possit
2611 1335 2625 1372 :
2657 1322 2762 1377 scis
2785 1363 2800 1388 ,
2831 1303 3045 1395 inquam
3070 1369 3086 1392 ,
3117 1328 3169 1383 in
3199 1330 3350 1387 libris

1915 1402 1980 1456 ad
2027 1404 2391 1463 Marcellinum
2432 1411 2572 1467 edidi
2596 1455 2612 1480 ,
2640 1431 2728 1471 me
2754 1417 3102 1476 vehementer
3124 1425 3296 1494 egisse
3325 1402 3511 1482 contra

1915 1495 2253 1565 incipientem
2302 1517 2523 1574 surgere
2563 1509 2671 1575 jam
2712 1517 2836 1565 tunc
2862 1511 3108 1569 haeresim
3140 1527 3368 1572 vestram
3394 1560 3410 1587 ,
3443 1534 3513 1576 ne

1914 1590 2227 1645 crederetur
2264 1594 2432 1650 Adam
2453 1638 2468 1662 ,
2497 1599 2704 1656 etiamsi
2735 1618 2840 1657 non
2869 1616 3178 1675 peccasset,
3206 1609 3371 1667 fuisse
3396 1627 3514 1669 mo-

1913 1682 2132 1737 riturus.
2163 1685 2269 1740 Sed
2295 1690 2543 1757 quoniam
2576 1693 2591 1723 ί
2620 1696 2898 1752 mortalem
2925 1697 3182 1757 hactenus
3207 1703 3358 1770 dixi,
3385 1706 3508 1776 quia

1914 1786 2122 1844 poterat
2151 1781 2286 1834 mori
2312 1796 2325 1845 ;
2357 1792 2566 1852 poterat
2587 1802 2817 1858 namque
2841 1805 3061 1860 peccare
3094 1813 3108 1849 :
3139 1803 3192 1852 tu
3219 1797 3299 1853 eis
3323 1800 3412 1870 qui
3439 1799 3508 1854 li-

1912 1867 2038 1925 bros
2083 1872 2202 1928 illos
2245 1892 2350 1930 non
2397 1877 2674 1950 legerunt,
2717 1900 2816 1939 nec
2854 1886 3079 1944 fortasse
3123 1891 3310 1949 lecturi
3340 1867 3504 1965 sunt,

1909 1961 2031 2019 fuco
2057 1965 2332 2034 insidioso,
2360 1972 2404 2026 si
2429 1971 2542 2028 haec
2565 1985 2650 2030 tua
2674 1977 2928 2049 legerent,
2952 1981 3228 2055 swripere
3248 1988 3462 2044 voluisti

1911 2057 2061 2125 quasi
2103 2073 2202 2128 ego
2248 2061 2317 2114 ita
2363 2062 2586 2120 dixerim
2608 2108 2622 2131 ,
2672 2070 2840 2125 Adam
2873 2075 3150 2132 mortalem
3183 2077 3379 2135 factum
3400 2124 3413 2147 ,
3447 2092 3506 2138 ut

1909 2148 2027 2203 sive
2068 2163 2341 2219 peccaret,
2383 2156 2496 2212 sive
2533 2174 2640 2213 non
2681 2175 2962 2232 peccaret,
3007 2172 3295 2227 moriturus
3335 2183 3499 2230 esset.
3583 2243 3589 2247 _

1910 2237 2022 2294 Hoc
2060 2244 2199 2297 enim
2246 2245 2516 2303 vobiscum
2543 2253 2717 2322 agitur
2743 2256 2762 2287 ³
2788 2298 2802 2322 ,
2834 2255 2959 2313 hinc
2981 2267 3088 2316 tota
3115 2261 3182 2316 de
3207 2263 3307 2320 hac
3331 2281 3390 2320 re
3416 2267 3499 2321 in-

1913 2341 1993 2388 ter
2033 2351 2130 2391 nos
2165 2346 2218 2392 ct
2252 2355 2346 2395 vos
2383 2344 2606 2399 vertitur
2644 2350 2900 2417 quiestio,
2939 2353 3079 2422 quod
3115 2371 3212 2410 nos
3239 2357 3498 2426 dicimus,

1908 2425 2078 2480 Adam
2123 2429 2167 2482 si
2206 2445 2312 2485 non
2353 2447 2656 2506 peccasset,
2691 2455 2789 2496 nec
2817 2445 3058 2513 corporis
3086 2457 3310 2504 mortem
3338 2448 3504 2509 fuisse
3575 2456 3587 2469 '

1910 2531 2188 2584 passurum
2214 2537 2227 2585 ;
2258 2538 2353 2578 vos
2379 2535 2558 2581 autem
2577 2569 2592 2595 ,
2621 2529 2738 2585 sive
2766 2545 3038 2602 peccasset
3057 2579 3071 2606 ,
3102 2539 3217 2596 sive
3244 2556 3348 2598 non
3377 2559 3504 2614 pec-

1908 2620 2085 2664 casset
2105 2651 2122 2677 ,
2152 2627 2378 2682 corpore
2399 2616 2562 2675 fuisse
2586 2624 2924 2680 moriturum.
2947 2628 3084 2696 Quid
3106 2640 3192 2688 est
3209 2648 3338 2704 ergo
3355 2637 3498 2707 quod

1907 2698 2156 2770 ignorare
2182 2713 2232 2759 te
2264 2707 2415 2778 lingis
2431 2750 2446 2777 ,
2469 2727 2627 2780 quam
2651 2727 2878 2772 mortem
2899 2719 3121 2793 intelligi
3143 2698 3322 2794 velim,
3349 2698 3502 2800 cujus

1907 2805 2100 2862 corpus
2145 2795 2266 2852 dico
2307 2798 2358 2853 in
2407 2804 2654 2871 paradiso
2701 2824 2806 2864 non
2843 2805 3007 2869 fuisse
3032 2824 3156 2870 ante
3183 2795 3499 2889 peccatum;

1906 2897 2028 2981 cum
2055 2887 2191 2943 scias
2209 2931 2224 2956 ,
2257 2891 2308 2944 in
2337 2892 2484 2949 libris
2513 2895 2616 2951 illis
2636 2899 2763 2968 quid
2785 2904 3006 2972 egerim,
3030 2921 3295 2979 quamque
3315 2887 3502 2981 aperte

1904 2974 2240 3050 dilucideque
2263 2984 2499 3054 egerim,
2531 3003 2636 3043 non
2659 2989 2823 3050 fuisse
2849 2995 3012 3052 Deum
3039 2974 3308 3068 puniendo
3327 2974 3500 3062 dictu-

1904 3085 2021 3126 rum
2067 3070 2369 3147 peccatori,
2416 3078 2571 3166 Terra
2610 3101 2696 3152 es,
2738 3099 2784 3142 et
2809 3089 2863 3143 in
2887 3099 3073 3148 terram
3100 3095 3193 3152 ibi:
3225 3096 3376 3169 (Gen.
3407 3117 3493 3170 III,

1905 3163 1996 3256 l9)
2019 3165 2081 3256 ,7(
2102 3168 2242 3236 quod
2268 3169 2335 3224 de
2359 3163 2534 3230 morte
2558 3180 2797 3247 corporis
2823 3181 3022 3239 dictum
3053 3187 3173 3256 quis
3202 3163 3309 3245 non
3341 3163 3500 3249 intel;

1904 3253 2103 3327 ligit?)
2139 3258 2184 3312 si
2224 3260 2391 3316 Adam
2417 3265 2576 3320 etiam
2605 3269 2751 3326 nulla
2775 3272 3052 3344 iniquitate
3072 3253 3362 3339 commissa
3388 3285 3494 3341 itu-

1904 3361 1997 3401 rus
2035 3359 2176 3405 esset
2216 3353 2268 3406 in
2312 3362 2541 3423 terram,
2580 3359 2632 3414 id
2661 3371 2779 3428 est,
2811 3365 2892 3420 vel
2917 3381 3143 3439 corpore
3165 3375 3496 3432 moriturus?

1902 3436 2056 3505 Quod
2076 3450 2254 3498 autem
2279 3446 2440 3502 etiam
2469 3459 2694 3508 matrem
2717 3471 2925 3524 meam,
2952 3436 3071 3530 quae
3094 3473 3146 3519 te
3167 3464 3298 3522 nihil
3323 3467 3458 3524 laesit
3475 3512 3491 3538 ,

1902 3546 2004 3587 nec
2042 3544 2227 3592 contra
2269 3547 2319 3594 te
2356 3541 2553 3612 aliquid
2589 3545 2915 3616 disputavit,
2955 3555 3197 3612 convicio
3245 3558 3492 3616 laceran-
3517 3605 3530 3611 -

1902 3621 2025 3678 dam
2062 3628 2300 3695 putasti,
2346 3632 2515 3689 victus
2549 3650 2609 3691 es
2634 3639 2988 3697 maledicendi
3017 3645 3265 3717 libidine,
3295 3667 3402 3709 non
3429 3653 3495 3709 ti-

1902 3732 2057 3772 mens
2089 3721 2232 3789 quod
2262 3723 2516 3793 scriptum
2547 3735 2662 3794 est,
2693 3729 2875 3803 Neque
2902 3737 3134 3792 maledici
3157 3757 3367 3812 regnum
3395 3743 3497 3800 Dei

1902 3811 2225 3880 possidebunt
2255 3813 2294 3886 (Ι
2321 3814 2438 3871 Cor.
2471 3834 2522 3873 vt
2541 3860 2558 3886 ,
2590 3820 2702 3891 10).
2731 3823 2836 3879 Sed
2863 3827 2988 3897 quid
3015 3811 3318 3890 mirumest
3347 3838 3490 3907 quod

1903 3908 1954 3955 te
1993 3902 2264 3959 inimicum
2303 3908 2463 3963 etiam
2506 3911 2622 3981 ejus
2663 3917 2901 3973 ostendis
2925 3961 2942 3987 ,
2981 3937 3103 3978 cum
3142 3925 3218 3982 sis
3244 3902 3492 3988 inimicus

1899 3997 2084 4064 gratiae
2117 3997 2248 4067 Dei,
2271 4016 2374 4070 qua
2402 4018 2522 4058 eam
2549 4005 2659 4062 dixi
2681 4009 2751 4064 ab
2778 4011 2868 4066 illo
2894 4015 3117 4083 puellari
3140 4020 3268 4076 vitio
3294 4022 3492 4080 libera-

1903 4095 2008 4142 tam
2029 4086 2054 4142 ?
2072 4089 2186 4160 Ego
2209 4107 2338 4148 vero
2360 4107 2606 4164 parentes
2627 4108 2746 4156 tuos
2766 4111 3016 4176 tanquam
3034 4110 3326 4170 catholicos
3344 4117 3491 4173 chri-

1900 4179 2103 4237 stianos
2129 4182 2469 4243 honorabiles
2497 4189 2666 4247 habeo
2688 4233 2706 4260 ,
2727 4196 2912 4268 eisque
2935 4205 3172 4270 gratulor
3195 4209 3338 4278 quod
3367 4221 3492 4267 ante

1899 4271 2134 4330 defuncti
2165 4287 2321 4345 sunt,
2351 4296 2512 4351 quam
2541 4283 2848 4344 haereticum
2883 4300 2934 4347 te
2959 4271 3226 4354 viderent:
3249 4299 3366 4356 Non
3392 4318 3490 4358 au-

1899 4371 2009 4421 tem
2055 4366 2282 4426 dicimus
2303 4413 2319 4435 ,
2361 4375 2606 4431 morbum
2647 4394 2768 4436 esse
2802 4386 3072 4455 negotium
3103 4392 3450 4461 nuptiarum‘
3472 4436 3488 4462 ,

1898 4459 2042 4529 quod
2083 4462 2490 4540 est_liberorum
2535 4474 2989 4541 procreandorum
3028 4459 3194 4536 causa
3227 4498 3485 4541 concum-

1897 4551 2028 4608 bere
2050 4595 2064 4620 ,
2105 4571 2211 4611 non
2249 4558 2504 4616 satiandze
2544 4563 2816 4633 libidinis;
2865 4585 3022 4638 quam
3068 4582 3121 4628 tu
3149 4590 3312 4648 negas
3337 4599 3492 4639 mor-

1897 4643 2058 4712 bum,
2107 4662 2228 4703 cum
2280 4649 2495 4709 fatearis
2546 4655 2800 4713 adversus
2842 4675 2959 4716 eam
3007 4643 3278 4734 provisum
3325 4673 3491 4736 fuisse

1898 4739 2180 4810 conjugale
2221 4745 2534 4801 remedium.
2579 4747 2714 4804 Nam
2758 4752 2940 4823 utique
2965 4771 3034 4812 ne
3060 4757 3340 4821 fornicatio
3366 4784 3490 4839 per-

1898 4839 2137 4898 petretur
2159 4875 2175 4901 ,
2204 4835 2438 4904 libidini,
2469 4855 2630 4909 quam
2659 4842 2843 4900 laudas
2861 4886 2877 4913 ,
2905 4851 3307 4925 contradicitur,
3336 4835 3487 4918 obsi-

1895 4923 2050 4977 stitur
2069 4965 2082 4987 ,
2132 4936 2473 4997 repugnatur.
2519 4929 2586 4986 Ut
2612 4932 2656 4986 si
2685 4949 2804 4989 eum
2824 4977 2837 5003 ,
2868 4937 2961 5008 qui
2988 4923 3335 5009 procreandis
3359 4950 3489 5011 ﬁliis

1894 5019 2218 5076 constitutus
2240 5030 2323 5076 est
2344 5063 2358 5087 ,
2393 5027 2779 5096 transgreditur
2804 5031 3026 5091 limitem
3052 5052 3068 5104 ;
3100 5039 3286 5096 saltem
3317 5045 3409 5115 qui
3434 5048 3486 5107 ei

1893 5113 2066 5182 cedit,
2105 5116 2159 5172 in
2207 5117 2434 5190 conjuge
2459 5122 2736 5180 venialiter
2754 5139 2938 5196 peccet
2967 5148 2980 5184 :
3005 5133 3318 5207 coniugibus
3334 5113 3484 5197 enim

1893 5204 2207 5276 loquebatur
2234 5211 2522 5280 Apostolus
2543 5255 2558 5279 ,
2587 5214 2676 5271 ubi
2704 5231 2825 5273 cum
2853 5221 3104 5290 dixisset,
3136 5204 3313 5284 Nolite
3333 5230 3481 5300 frau-

1891 5299 2014 5354 dare
2047 5301 2288 5368 invicem,
2332 5304 2430 5359 nisi
2467 5322 2530 5360 ex
2568 5323 2814 5365 consensu
2853 5313 2922 5366 ad
2957 5324 3152 5386 tempus
3171 5359 3186 5384 ,
3217 5329 3274 5374 ut
3300 5323 3481 5380 vacetis

1890 5395 2106 5450 orationi
2129 5412 2150 5462 ;
2188 5406 2234 5452 et
2262 5398 2447 5456 iterum
2474 5402 2541 5456 ad
2572 5401 2740 5474 ipsum
2766 5414 2924 5463 estote
2943 5449 2961 5477 ,
2989 5425 3053 5464 ne
3075 5426 3162 5468 vos
3187 5421 3339 5469 tentet
3366 5413 3474 5472 Sa-

1949 5649 2086 5722 frjuc
2104 5662 2419 5714 revocamus,
2452 5655 2693 5722 quoidam,
2729 5669 2793 5722 ex_
2816 5659 3166 5722 manusmptis.

1947 5712 2149 5788 {Caudex
2170 5712 2426 5788 statariae
2449 5712 2576 5768 ém'm
2595 5712 2690 5768 ubi
2706 5719 2912 5788 agitur.”

1946 5775 2219 5848 ,μείω-ἀί
2260 5779 2447 5829 eam:
2484 5790 2616 5848 nunc
2661 5775 2821 5848 autem
2858 5777 3064 5848 dioniius
3105 5784 3323 5840 morbum
3376 5805 3481 5848 esse

1879 5838 2157 5914 nupymm
2217 5854 2350 5914 ϐων
2374 5843 2716 5914 θοέηδημίρεω
2740 5841 2891 5914 lapsu,
2927 5845 3181 5914 castigavit
3205 5838 3474 5914 figulari};

1885 5900 1954 5953 ex
1967 5900 2344 5957 Claraevallénsis
2363 5906 2540 5959 codicis
2558 5904 2673 5968 ﬁde,
2690 5905 2767 5957 cui
2786 5900 2914 5958 Port.
2936 5913 2988 5958 et
3002 5900 3114 5963 uir.
