4014 6528
487 425 621 494 MOI

485 555 636 606 tande
656 547 678 582 ³
702 545 906 620 propter
928 543 1364 615 interﬁperantiam
1389 553 1599 598 vestram
1621 557 1640 598 :
1666 541 1918 597 continuo
1940 539 2064 593 sub-

478 643 642 713 iecit,
685 643 846 711 atque
884 640 990 702 ait,
1033 634 1148 692 Hoc
1186 649 1352 691 autem
1392 637 1504 689 dico
1530 634 1801 691 secundum
1831 634 2025 688 veniam
2049 673 2063 697 ,

483 745 584 789 non
610 734 886 787 secundant
911 730 1177 800 intperium
1204 729 1248 799 (1
1270 727 1386 783 Cor.
1427 735 1497 782 vn
1522 769 1535 793 ,
1564 727 1618 793 5,
1648 724 1725 796 6).
1760 723 1868 778 lloc
1893 724 2069 793 itaque

483 827 627 883 malo
667 825 778 879 sola
819 823 960 878 bene
990 823 1152 877 utitur
1192 821 1481 875 intentione
1521 815 1873 888 propagandae
1907 815 2068 884 prolis

486 919 739 992 pudicitia
771 916 1104 986 conjugalis:
1139 913 1262 970 huic
1289 913 1434 967 malo'
1455 911 1733 967 venialiter
1764 910 1818 964 iu
1845 907 2069 984 conjuge

484 1011 691 1068 ceditur
711 1049 729 1076 ,
775 1023 879 1063 non
908 1022 1064 1062 causa
1096 1004 1293 1074 prolis,
1324 1003 1416 1059 sed
1448 1003 1676 1058 carnalis
1702 998 2069 1056 tantummodo

483 1101 771 1170 Voluptatis
796 1115 812 1164 ;
845 1099 967 1153 lr‘uic
995 1098 1135 1152 malo
1157 1095 1421 1149 resistitur
1437 1136 1451 1158 ,
1477 1109 1543 1148 ne
1566 1092 1830 1162 appetitus
1849 1091 2070 1145 dam‘na-

483 1191 612 1246 bilis
641 1191 926 1258 votrtptatis
953 1186 1250 1257 expleatur.
1282 1183 1393 1239 lloc
1418 1184 1612 1238 malum
1642 1177 1843 1236 habitat
1872 1182 1925 1235 in
1952 1195 2073 1235 cor-

486 1297 625 1356 pore
641 1283 831 1338 mortis
849 1281 1042 1351 hujus:
1069 1290 1284 1349 pr0pter
1299 1277 1450 1348 cujus
1474 1287 1696 1341 motum,
1714 1277 1874 1331 etiam
1895 1281 2072 1328 mente

485 1391 594 1434 non
615 1375 986 1431 consentiente
1009 1373 1372 1440 importtmum
1388 1412 1404 1436 ,
1428 1365 1623 1424 dicitur
1642 1409 1656 1430 ,
1687 1361 1806 1422 Scio
1832 1357 1950 1438 quia
1972 1381 2072 1418 non

486 1470 678 1524 habitat
701 1467 755 1520 in
781 1479 888 1531 me,
919 1463 1013 1516 hoc
1039 1471 1112 1518 est
1139 1463 1191 1516 in
1217 1473 1370 1515 ca‘rne
1392 1473 1536 1523 mea,
1569 1461 1751 1512 bonum
1780 1453 1953 1527 (Rom.
1978 1465 2070 1518 vti,

487 1561 602 1630 18).
647 1559 758 1612 Hoc
801 1556 999 1612 malum
1029 1569 1134 1608 non
1164 1565 1276 1607 erat
1308 1555 1358 1606 in
1384 1563 1606 1621 corpore
1631 1550 1753 1604 vitae
1785 1551 1957 1614 illius,
1985 1547 2074 1603 tibi

486 1658 582 1708 aut
622 1648 876 1702 voluntati
916 1648 937 1678 ³
977 1644 1332 1701 servientibus
1373 1643 1534 1697 etiam
1558 1642 1876 1712 genitalibus
1903 1649 2075 1694 mem“-

487 1741 633 1806 bris,
662 1739 828 1794 libido
843 1738 984 1792 nulla
1012 1744 1152 1800 erat,
1183 1743 1271 1787 aut
1301 1735 1523 1787 omnino
1547 1745 1605 1788 se
1636 1739 1865 1801 unquam
1891 1735 2077 1784 cootra

488 1831 777 1887 voluntatis
795 1829 1071 1883 arbitrium
1097 1839 1208 1881 non
1228 1825 1496 1879 movebat.
1523 1822 1689 1895 [luitis
1711 1823 1834 1876 mali
1857 1821 2078 1892 repente

488 1925 660 1983 exorti
693 1921 876 1994 puduit
899 1921 922 1952 ⁸
944 1936 1038 1976 eos
1069 1917 1221 1989 (Gen.
1251 1934 1305 1972 ιιι
1328 1959 1340 1982 ,
1373 1918 1464 1988 '7),
1498 1918 1585 1986 qui
1619 1917 1919 1985 priusquam
1953 1929 2078 1984 pec-

488 2024 702 2082 caret-rt,
748 2015 878 2070 nudi
906 2023 1058 2068 erant
1078 2055 1093 2080 ,
1122 2022 1176 2066 et
1204 2025 1308 2065 non
1338 2009 1570 2082 pudebat
1599 2025 1691 2063 eos
1723 2003 1832 2082 (Id.
1863 2017 1899 2062 tt
1923 2049 1935 2072 ,
1963 2003 2076 2081 25).

489 2109 655 2177 Hujus
681 2106 811 2161 mali
829 2103 1036 2159 laudes‘
1060 2103 1394 2173 impudenter
1415 2100 1654 2171 sparsisti
1678 2100 1834 2153 etiam
1857 2108 2084 2169 quatuor

488 2202 598 2257 illis
635 2200 791 2253 libris
833 2198 938 2251 tuis
961 2229 978 2263 ,-
1017 2197 1214 2266 quibus
1246 2203 1465 2248 coactus
1486 2205 1603 2246 sum
1635 2191 1964 2262 respondere
1989 2198 2082 2246 sex

488 2301 643 2355 meis.

561 2389 746 2446 LXlX.
777 2389 897 2444 Jun.
931 2385 1001 2442 Ut
1027 2383 1238 2440 autem"
1258 2381 1324 2436 ad
1347 2381 1502 2435 istam
1521 2378 2088 2434 commemorationem

423 2500 426 2503 ·
493 2483 739 2538 humanae
771 2481 1000 2535 minaria
1027 2485 1086 2531 et
1107 2476 1299 2529 divinae
1323 2475 1508 2544 gratia;
1539 2471 1743 2526 veniret
1767 2471 2049 2540 Apostolus
2069 2512 2083 2537 ,

492 2591 650 2646 supra
697 2573 904 2629 dixerat
949 2587 964 2625 :
1020 2567 1178 2623 Video
1215 2568 1370 2620 aliam
1400 2567 1556 2636 legem
1583 2563 1635 2618 in
1663 2563 1894 2617 membris
1923 2562 2046 2615 meis
2069 2603 2082 2627 ,

494 2675 855 2738 repugnantem
879 2663 975 2732 tegi
1004 2660 1188 2714 arenti:
1211 2674 1332 2712 mete
1351 2697 1364 2720 ,
1389 2667 1434 2710 ot
1459 2658 1790 2726 captivtmtent
1813 2671 1891 2708 me
1908 2655 1962 2707 in
1983 2651 2094 2724 lege

498 2761 688 2835 peccati
718 2776 736 2812 :
767 2767 884 2827 post
925 2756 1042 2809 hare
1066 2753 1225 2808 verba
1255 2751 1574 2806 exclamat“
1593 2791 1605 2814 ,
1642 2748 1766 2814 Quis
1797 2765 1874 2802 me
1903 2745 2087 2801 libera—

496 2857 568 2911 bit
614 2855 678 2908 de
719 2867 926 2921 corpore
970 2848 1144 2902 mortis
1184 2846 1383 2917 hujus?
1425 2841 1603 2898 Gratia
1643 2840 1736 2896 Dei
1783 2857 1871 2911 per
1916 2838 2095 2894 Jcsum"

500 2946 757 3004 Christum
793 2942 1074 2997 Dominum
1102 2945 1332 2993 nostrum
1359 2938 1532 3007 (Rom.
1567 2951 1636 2990 vn
1658 2976 1673 3002 ,
1701 2931 1918 3005 25-25).
1948 2933 2088 2987 Con-

500 3047 606 3096 stat
642 3037 862 3108 quidem
902 3031 1192 3100 praemissis
1221 3029 1328 3083 illis
1350 3041 1474 3098 quae
1501 3027 1755 3096 posuisti,
1791 3023 2093 3079 subdidisse

502 3130 812 3199 Apostolum
832 3168 844 3188 ,
880 3125 1039 3179 Miser
1064 3139 1154 3194 ego
1183 3122 1364 3187 homo,
1392 3120 1508 3190 quis
1534 3135 1611 3171 me
1639 3118 1872 3172 liberdb’it
1893 3116 1953 3170 de
1978 3121 2093 3169 cor-

503 3237 624 3292 pore
671 3220 848 3274 mortis
891 3216 1086 3285 hujus?
1136 3212 1318 3267 Gratim
1356 3211 1452 3266 Dei
1497 3225 1586 3282 per
1622 3209 1804 3264 losum
1841 3207 2096 3263 Christum

503 3313 778 3368 Dominum
819 3318 1064 3363 nostrum.
1106 3305 1216 3360 Sed
1256 3315 1364 3358 mm
1396 3303 1686 3374 quaerimus
1712 3302 2096 3372 impraesentia-

503 3420 620 3460 rum
647 3439 662 3469 ,
695 3416 870 3457 utrum
903 3401 1010 3454 hoc
1034 3396 1320 3467 Apostolus
1347 3394 1538 3449 dixerit.
1567 3411 1580 3448 :
1617 3409 1801 3447 verum
1830 3399 1930 3463 qua
1958 3391 2058 3446 ﬁde
2077 3433 2093 3458 ,

505 3511 612 3568 quo
649 3509 808 3549 sensu
832 3533 846 3558 ,
892 3509 991 3561 qua
1032 3491 1238 3544 ratione
1274 3488 1467 3542 dixerit
1493 3487 1797 3556 mirerim‘us.
1831 3486 1924 3540 Ille
1953 3481 2100 3538 enim

507 3589 560 3644 in
607 3585 866 3642 membris
900 3585 1066 3653 lngem
1097 3593 1192 3651 per
1219 3581 1540 3649 ﬂagitiorum
1563 3589 1714 3632 l’tSﬂllt
1741 3580 1939 3634 sanctis
1964 3587 2095 3632 cou-

509 3680 646 3734 siliis
689 3679 824 3731 inter
865 3674 1122 3745 principia
1165 3681 1344 3727 tamen
1383 3671 1768 3726 emendationis
1803 3661 2054 3724 rebellem
2078 3709 2094 3734 ,

509 3769 947 3827 consuetudinem
998 3763 1241 3819 malam‘
1285 3764 1541 3828 Vocabat,
1595 3778 1713 3832 qua}
1761 3763 1826 3817 ab
1875 3762 2105 3817 eruditis

510 3865 670 3920 etiam
711 3862 894 3916 swculi
935 3861 1042 3914 dici
1078 3859 1214 3913 solet
1253 3856 1483 3911 secunda
1524 3863 1727 3909 natura.
1764 3857 1898 3908 Acme
1935 3859 2103 3924 pauca

513 3959 652 4010 enim
679 3971 802 4015 eos,
832 3953 896 4007 ad
927 3967 1060 4020 «(nos
1086 3950 1355 4019 loqo'rwr,
1385 3957 1510 4002 cum
1534 3948 1946 4017 exprobratione
1967 3961 2099 4002 con-

513 4050 733 4103 veniens
775 4046 982 4100 dixerat
1030 4061 1044 4097 :
1096 4042 1396 4096 Humanum
1431 4050 1508 4094 est
1547 4039 1682 4110 quod
1717 4041 1862 4101 diro,
1899 4050 2104 4110 propter

513 4140 859 4208 inﬁrmitatem
888 4135 1057 4190 carnis
1078 4143 1255 4187 uestrae
1280 4148 1301 4186 :
1321 4133 1453 4185 sicut
1477 4132 1602 4183 enim
1626 4129 1920 4184 exhibuistis
1942 4149 2098 4185 mem-

515 4232 604 4286 bra
649 4239 809 4284 vostra
847 4227 1028 4282 servire
1063 4223 1394 4278 immunditiis
1422 4231 1468 4275 et
1496 4223 1746 4293 iniquitati
1777 4222 1843 4274 ad
1867 4223 2103 4291 iniquita-

516 4335 615 4379 tem
638 4339 656 4388 ;
684 4324 760 4376 ita
780 4337 912 4382 nunc
939 4317 1161 4373 exhibete
1186 4314 1406 4370 membra
1435 4326 1592 4368 vestra
1616 4316 1798 4370 servire
1816 4312 2032 4387 justitiw
2052 4318 2106 4371 iit

516 4413 964 4482 sanctiﬁcationem
993 4407 1102 4482 (Id.
1136 4424 1186 4461 γι
1209 4447 1224 4471 ,
1274 4405 1382 4477 l9).
1410 4405 1585 4476 thue
1633 4408 1939 4463 ostenderet
1982 4408 2103 4477 quia‘

516 4521 767 4568 carnem,
816 4515 920 4556 non
964 4500 1064 4553 hoc
1107 4513 1302 4568 corpus
1341 4497 1486 4566 quod
1522 4509 1712 4551 causas
1736 4498 1786 4552 in
1815 4498 2106 4553 seminibus

519 4597 680 4649 habet
706 4637 714 4652 ,
742 4592 834 4647 sed
863 4591 984 4645 vitia
1008 4590 1226 4644 abusive
1253 4598 1464 4643 vocaret
1488 4605 1502 4653 ;
1532 4596 1656 4657 post
1677 4588 1782 4641 duo
1809 4588 1976 4656 capita
2002 4589 2106 4641 for—

523 4698 659 4741 tasse
687 4684 955 4753 subjungit
985 4703 997 4735 ;
1024 4680 1152 4737 Cum
1181 4697 1398 4734 essemus
1423 4681 1474 4733 in
1505 4696 1682 4743 carne,
1709 4682 1964 4752 passiones
1986 4697 2102 4752 pec-

519 4791 746 4832 culorum
789 4791 901 4844 qua:
946 4790 1034 4844 per
1074 4774 1232 4844 legem
1278 4773 1639 4839 ostenduntur,
1689 4775 2025 4843 operabanntr
2053 4775 2105 4828 in

521 4868 752 4922 membris
800 4865 1017 4930 nostris,
1064 4872 1118 4917 ut
1162 4864 1526 4934 fructiﬁcath
1572 4865 1720 4918 morti
1753 4864 1865 4934 (1d.
1891 4881 1965 4920 vn
1987 4909 1998 4931 ,
2027 4867 2103 4937 5).

523 4964 610 5016 Sic
655 4961 786 5015 dixit
810 5000 823 5018 .
871 4957 996 5012 Cum
1039 4970 1254 5012 essemus
1299 4957 1350 5009 in
1385 4969 1564 5024 carne,
1599 4960 1749 5027 quasi
1777 4973 1841 5013 eo
1868 4965 2106 5030 tempore

522 5070 641 5108 cum
674 5053 997 5120 disputaret,
1030 5054 1077 5104 in
1103 5065 1261 5104 earne
1286 5067 1390 5105 non
1420 5061 1555 5103 esset
1591 5069 1602 5103 :
1633 5051 1731 5105 sed
1751 5053 1842 5120 qui
1862 5053 2102 5120 Scriptu-

525 5162 612 5200 ras
657 5146 832 5206 novit,
879 5159 1044 5214 genus
1086 5142 1186 5197 hoc
1221 5142 1540 5197 elocutionis
1565 5143 1583 5174 ⁷
1610 5147 1868 5211 agnoscit.
1899 5145 1964 5199 Et
1989 5147 2108 5200 idco

525 5240 612 5294 ubi
649 5239 930 5292 verborum
957 5235 1310 5290 communitas
1335 5235 1525 5304 ingerit
1556 5236 1928 5305 damstitmcm,
1954 5238 2105 5292 adhi-

524 5331 715 5387 beatur
755 5330 938 5401 regula
983 5330 1240 5396 rationis,
1277 5328 1344 5382 ad
1384 5328 1536 5397 cujus
1573 5330 1958 5398 mqualitatem,
1989 5341 2108 5404 quae

589 5467 614 5499 ι
633 5466 932 5537 Vigai'erius:
960 5470 1014 5516 Et
1030 5464 1210 5537 ueram
1227 5466 1292 5516 ad
1320 5453 1467 5527 ipsos.
1501 5449 1557 5513 si
1582 5475 1742 5520 autem
1763 5482 1841 5522 vos
1863 5477 2007 5522 tentet
2026 5481 2108 5524 sa-

525 5533 679 5578 tanas.
697 5533 962 5591 castigatur
988 5541 1052 5591 ex
1075 5534 1182 5578 Mss.

594 5591 616 5621 ⁸
639 5599 711 5638 Sic
754 5588 858 5639 Mss.
885 5590 999 5640 Editi
1023 5602 1156 5649 vero,
1186 5588 1264 5640 ubi
1279 5603 1311 5640 a
1327 5600 1580 5646 commate.

594 5650 710 5716 {sic
731 5659 845 5716 Mss.
863 5651 999 5716 Editi,
1029 5649 1274 5716 repetiuit,
1374 5701 1390 5716 Δ
1487 5715 1493 5716 γ
1627 5653 1629 5657 ’

527 5711 912 5826 diligamus
935 5709 1126 5775 =11qu
1158 5709 1274 5764 ma“
1304 5709 1444 5779 meus
1476 5715 1661 5769 laudes.
1705 5713 1869 5777 Abest.
1900 5733 2058 5782 mm
2081 5736 2110 5774 ε

592 5789 965 5887 ῑ¹¹ο¹¹ἓ¹εεῖ⁵ιιειι
1129 5829 1254 5898 is...

594 5897 995 6024 τὲἃἫπέὲξὲ
1013 5892 1311 6014 mi.“
1338 5892 1493 5966 θάῖίίδν
1519 5904 1682 5960 ⁸⁸⁸⁸³³*

1165 428 1414 488 OPERIS
1451 423 1861 498 IMPERFECTI
1899 401 2176 480 CONTRA
2213 415 2569 488 romanum,
2613 420 2674 478 s.
2713 418 3082 477 AUGUSTINI

3616 419 3761 476 1092

2179 537 2499 606 putabantur
2520 533 2799 593 deﬂexisse
2827 536 2845 571 ³
2866 579 2880 603 ,
2914 535 3212 592 tendantur.
3238 535 3501 592 Caeterum
3533 535 3764 593 Faustus

2175 623 2587 684 Maniclneorum
2634 631 2944 699 cpiscopus,
2997 637 3291 700 praeceptor
3336 637 3492 692 tuus,
3543 627 3643 683 hoc
3679 628 3762 686 vel

2177 723 2406 777 maxime
2445 722 2684 792 Apostoli
2725 721 3028 776 testimonio
3074 731 3256 775 contra
3295 737 3392 776 nos
3422 722 3642 788 nititur,
3677 721 3760 778 di-

2175 830 2304 868 cens
2329 815 2396 868 ab
2427 829 2491 868 eo
2523 803 2652 867 nihil
2679 813 2820 868 aliud
2852 813 2933 868 his
2961 814 3327 879 sermonibus,
3361 814 3490 884 legis
3519 814 3768 869 videlicet

2177 923 2296 979 quae
2333 921 2633 977 repugnans
2671 907 2894 961 consilio
2930 907 2981 960 in
3011 899 3268 961 membris
3299 905 3501 961 habitet
3521 907 3542 937 ¹
3563 947 3576 971 ,
3605 921 3764 976 quam

2179 1008 2420 1055 naturam
2452 1001 2642 1055 malam
2671 1000 3017 1070 signiﬁcatam
3046 995 3230 1054 fuisse.
3262 999 3410 1054 Unde
3435 999 3566 1054 nihil
3591 1001 3770 1054 minus

2179 1105 2208 1148 a
2252 1101 2305 1149 te
2348 1093 2462 1147 ﬁeri
2505 1092 2722 1158 debuit,
2773 1108 2927 1161 quam
2957 1090 3042 1145 hic
3068 1092 3314 1147 locusric
3344 1080 3602 1162 intelligi,
3634 1107 3772 1162 quo-

2180 1186 2341 1241 modo
2369 1187 2436 1240 ab
2464 1185 2567 1240 illis
2593 1185 2901 1254 exponitur,
2934 1200 3003 1239 ne
3027 1227 3042 1252 ,
3072 1200 3190 1238 cum
3225 1199 3318 1254 per
3341 1185 3553 1240 easdem
3577 1185 3770 1251 lineas,

2180 1286 2311 1351 quas
2349 1279 2575 1333 Faustus
2604 1279 2791 1342 torsit,
2821 1277 3143 1346 ingrederis,
3175 1292 3279 1332 non
3308 1277 3608 1350 disputasse
3628 1321 3641 1346 ,
3673 1277 3770 1332 sed

2184 1370 2446 1442 praeterita
2476 1365 2770 1424 reddidisse
2795 1368 3044 1423 videaris.

2229 1466 2390 1520 .Auc.
2420 1455 2801 1534 Respondeat‘
2829 1459 2944 1529 tibi,
2990 1477 3094 1517 non
3129 1461 3356 1522 Faustus
3401 1449 3724 1515 Manichacus
3758 1504 3770 1527 ,

2183 1555 2278 1612 sed
2327 1557 2620 1611 catholicus
2671 1555 2860 1608 doctus
2906 1553 3200 1623 doctorque
3243 1550 3265 1584 "
3319 1551 3607 1624 Gregorius
3639 1571 3653 1606 :
3680 1555 3774 1622 qui

2165 1659 2290 1730 ‘non
2314 1670 2332 1702 t
2371 1651 2506 1705 inter
2533 1639 2816 1721 principia,
2853 1665 2870 1697 ι
2905 1655 2962 1699 ιιι
2992 1633 3124 1698 dicis
3144 1685 3160 1712 ,
3198 1663 3217 1697 ι
3249 1637 3643 1700 emendationis
3667 1685 3680 1705 ,
3713 1645 3766 1697 in

2185 1745 2440 1800 membris
2463 1743 2628 1812 legem
2659 1756 2754 1810 per
2782 1737 3100 1808 ﬂagitiorum
3125 1752 3275 1790 usmn
3305 1735 3502 1791 sanctis
3536 1735 3774 1789 consiliis

2187 1837 2473 1902 rebellem,
2517 1831 2960 1888 consuetudinem
3017 1823 3212 1882 malam
3243 1828 3510 1894 vocabat,
3560 1843 3680 1896 qua:
3707 1826 3778 1880 ab

2187 1930 2434 1986 eruditis
2459 1929 2618 1983 etiam
2651 1926 2752 1980 dici
2797 1913 2936 1977 solet
2983 1915 3215 1976 secunda
3246 1929 3434 1975 natura
3467 1938 3482 1975 :
3525 1939 3544 1972 ›
3574 1919 3670 1975 sed
3701 1919 3777 1973 lc—

2188 2041 2306 2096 gcm
2336 2023 2533 2093 peccati
2564 2035 2680 2090 quae
2703 2029 2783 2072 est
2830 2017 2882 2070 in
2913 2003 3171 2070 membris
3227 2014 3424 2067 nostris
3473 2027 3781 2082 repugnans

2191 2118 2293 2188 legi
2321 2115 2535 2178 mentis,
2564 2109 2779 2166 mortali
2831 2109 2953 2163 huic
2981 2117 3300 2176 terrenoque
3341 2104 3550 2173 corpori
3592 2111 3782 2160 nostro

2190 2211 2349 2283 plane
2392 2217 2684 2284 aperteque
2729 2195 2995 2257 tribuebat
3039 2193 3246 2266 dicens,
3280 2215 3298 2250 ι
3347 2193 3542 2266 Legem
3575 2195 3785 2264 peccati

2192 2320 2309 2372 qua:
2336 2311 2417 2356 est
2447 2299 2497 2354 in
2519 2296 2773 2352 membris
2817 2293 3034 2354 nostris,
3063 2292 3164 2361 legi
3195 2290 3412 2359 spiritus
3439 2303 3738 2359 repugnare
3763 2329 3782 2354 ,

2193 2394 2318 2448 dum
2343 2383 2624 2460 imaginem
2655 2388 2854 2457 regiam
2885 2383 2906 2417 ⁵
2927 2400 3047 2456 qua:
3069 2384 3204 2437 intra
3250 2397 3349 2436 nos
3379 2375 3478 2443 est,
3511 2380 3782 2448 captivam

2194 2483 2390 2539 ducere
2414 2480 2619 2547 studet,
2656 2492 2714 2534 ut
2745 2471 2929 2549 spoliis
2971 2475 3089 2545 ejus
3119 2473 3292 2538 cedat,
3348 2467 3602 2542 quidquid
3649 2459 3788 2526 illud

2195 2586 2277 2631 est
2311 2573 2451 2645 quod
2477 2574 2529 2626 in
2559 2585 2656 2626 nos
2680 2559 2936 2624 beneﬂcio
2970 2566 3162 2621 divinm
3187 2579 3249 2618 ac
3277 2563 3463 2634 primae
3482 2563 3618 2616 illius
3644 2575 3790 2615 con-

2196 2661 2415 2724 ditionis
2447 2665 2674 2720 inﬂuxit.
2704 2661 2856 2719 Unde
2877 2661 2965 2715 vix
2994 2659 3205 2728 aliquis,
3237 2676 3256 2709 ι
3292 2645 3481 2726 inquit,
3505 2673 3525 2708 ι
3558 2647 3792 2710 fortasse

2197 2753 2354 2830 longa
2399 2758 2420 2789 °
2447 2774 2506 2811 se
2535 2755 2587 2810 et
2628 2753 2863 2808 districta
2897 2766 3089 2821 regens
3138 2741 3509 2818 pliilOSOpliia,
3561 2753 3613 2801 et
3654 2760 3792 2815 pau-

2199 2855 2346 2909 latim
2396 2851 2589 2905 animae
2619 2863 2730 2902 sua:
2775 2847 3104 2900 nobilitatem
3133 2841 3400 2908 recolens,
3429 2845 3669 2894 naturam
3701 2839 3792 2894 lu-

2199 2947 2298 3013 cis,
2338 2962 2455 3016 qua:
2475 2943 2526 2997 in
2558 2958 2616 2996 se
2641 2944 2742 3008 est,
2763 2939 2948 2993 humili
2979 2938 3099 2991 huic
3118 2947 3171 2990 et
3199 2935 3485 2990 tenebroso
3512 2925 3622 2987 luto
3657 2948 3794 2987 con-

2196 3041 2399 3112 juncta,
2429 3045 2647 3094 revocet
2669 3049 2731 3089 ac
2750 3033 2990 3088 reﬂectat
3015 3031 3081 3085 ad
3105 3025 3292 3085 Deum.
3324 3027 3417 3083 Vel
3446 3029 3648 3083 siccrte
3666 3044 3796 3098 pro-

2201 3109 2332 3204 pitio
2363 3131 2472 3185 Deo
2494 3137 2645 3199 agat,
2673 3137 2956 3196 utrumque
3000 3125 3196 3194 pariter
3235 3109 3578 3190 revocabit";
3625 3121 3670 3176 si
3714 3131 3796 3176 ta-

2203 3242 2326 3281 men
2354 3224 2509 3295 longa
2534 3229 2589 3277 et
2625 3218 2838 3275 assidua
2893 3217 3237 3273 meditatione
3276 3217 3542 3270 insuescat
3576 3230 3796 3270 sursum

2204 3333 2420 3386 semper
2447 3314 2712 3385 aspicere,
2744 3321 2798 3366 et
2820 3310 3068 3365 deorsum
3100 3308 3239 3363 male
3290 3307 3583 3362 trahentem
3613 3323 3676 3362 ac
3692 3307 3795 3363 de-

2203 3416 2512 3480 gravantcm
2543 3405 2819 3459 materiam
2842 3402 3056 3455 sibimet
3097 3400 3367 3454 astrictam
3398 3399 3568 3452 frenis
3595 3398 3801 3472 arctiu-

2204 3495 2353 3557 ribus
2378 3499 2657 3554 sublevare
2685 3516 2702 3548 ι
2732 3491 3043 3566 (Gregorius
3085 3491 3367 3556 Νίιλὶαηι.ν
3391 3490 3607 3562 Apolog.
3660 3490 3683 3543 i
3733 3490 3801 3544 de

2207 3583 2359 3664 Fuga
2389 3590 2526 3663 sua).
2584 3585 2711 3645 [Luc
2750 3579 2961 3640 dicebat
2996 3575 3180 3640 beatus
3220 3571 3530 3653 Gregorius,
3576 3597 3681 3636 non
3712 3582 3801 3635 in-

2209 3693 2292 3738 ter
2325 3683 2583 3752 principia
2613 3677 2999 3733 emendationis
3029 3691 3137 3730 sua:
3157 3717 3169 3738 ,
3203 3674 3294 3728 sed
3333 3673 3441 3743 jam
3469 3673 3754 3742 cpiscopus
3778 3714 3796 3739 ,

2207 3775 2394 3830 volens
2415 3787 2702 3843 caponerc,
2738 3768 2823 3823 rei
2850 3768 3025 3839 potius
3068 3773 3185 3836 quae
3224 3765 3345 3819 nota
3371 3775 3513 3832 sunt,
3537 3763 3800 3818 admone-

2207 3879 2284 3931 r‘e,
2315 3859 2365 3920 in
2394 3859 2532 3935 quali
2561 3871 2869 3933 quantoque
2899 3859 3190 3914 certamine
3217 3874 3337 3911 cum
3386 3857 3525 3911 vitiis
3573 3856 3805 3912 interio-

2207 3955 2376 4020 ribus,
2420 3966 2637 4025 preptcr
2676 3961 2867 4021 corpus
2913 3950 3054 4020 quod
3094 3958 3345 4019 aggravat
3375 3948 3626 4010 animam,
3657 3959 3800 4002 cen-

2209 4049 2503 4103 stitutisint
2531 4046 2723 4102 sancti.
2757 4037 3205 4110 Quodccrlamcn
3249 4043 3428 4112 utique
3476 4059 3579 4095 non
3609 4039 3808 4096 fuisset

2211 4143 2262 4195 in
2283 4141 2371 4194 illo
2405 4140 2571 4194 bea‘tm
2608 4138 2748 4208 pacis
2777 4136 2913 4203 locti,
2940 4135 2990 4189 id
3033 4145 3134 4203 est,
3185 4136 3430 4207 paradiso
3479 4135 3801 4190 deliciarum

2210 4239 2537 4293 sanctarum,
2563 4230 2608 4282 si
2635 4242 2791 4283 nemo
2815 4231 3108 4298 pecCasSet.
3131 4225 3244 4281 Non
3275 4227 3415 4283 enim
3441 4242 3634 4298 corpus
3652 4244 3804 4283 mor-

2211 4322 2280 4377 tis
2310 4323 2465 4388 hujus
2495 4320 2564 4373 ibi
2597 4319 2759 4384 esset,
2791 4319 2939 4388 cujus
2965 4317 3414 4388 corruptibilitate
3457 4318 3632 4372 anima
3673 4325 3808 4388 gra-
3877 4381 3881 4388 η

2211 4423 2424 4469 veretur
2451 4428 2465 4466 :
2490 4412 2582 4467 sed
2613 4425 2809 4481 corpus
2841 4412 2963 4465 vita:
2990 4411 3152 4474 illius,
3185 4411 3270 4464 ubi
3318 4425 3422 4465 non
3457 4423 3581 4464 caro
3606 4417 3809 4466 concu-

2211 4509 2441 4579 piscerct
2463 4506 2721 4560 adversus
2753 4504 3024 4572 spiritum,
3069 4507 3126 4557 ut
3163 4517 3384 4558 necesse
3411 4511 3551 4557 esset
3587 4502 3809 4570 spiritui

2212 4599 2590 4667 concupiscere
2611 4595 2865 4650 adversus
2890 4609 3106 4648 carnem
3139 4583 3332 4665 (Colat.
3358 4609 3410 4661 v,
3449 4587 3573 4664 l7):
3599 4592 3692 4646 sed
3722 4591 3811 4649 fe-

2213 4691 2301 4747 lici
2331 4691 2602 4759 utriusque
2630 4689 2911 4744 concordia
2948 4689 3136 4742 natura
3163 4687 3435 4742 laetaretur
3469 4687 3718 4741 humana.
3745 4688 3806 4742 Si

2213 4799 2339 4854 ergo
2366 4781 2689 4837 Manichaeos
2727 4782 3124 4836 introducentes
3174 4780 3330 4833 aliam
3382 4785 3616 4833 naturam
3672 4779 3811 4835 mali

2213 4885 2370 4945 atque
2397 4875 2747 4928 substantiam
2789 4881 3094 4942 expugnare
3121 4870 3284 4925 velles
3310 4912 3322 4934 ,
3358 4886 3463 4924 non
3495 4869 3763 4939 adjuvare
3794 4888 3811 4938 ;

2216 4967 2451 5037 pTO'fL'ClU
2474 4967 2602 5019 istas
2633 4964 2880 5017 ouinibus
2907 4973 3120 5031 apertas
3163 4977 3192 5015 a
3227 4963 3455 5031 parVulis
3483 4960 3812 5030 incipientes

2215 5058 2460 5111 humanm
2488 5058 2608 5107 vitae
2635 5055 2877 5108 miserias
2899 5063 3018 5107 eum
3047 5054 3148 5106 tuis
3177 5051 3551 5121 deccptoribas
3575 5057 3677 5105 non
3705 5060 3812 5108 n'e-

2213 5161 2389 5220 gares;
2415 5148 2509 5202 sed
2536 5148 2675 5200 unde
2695 5147 2745 5200 in
2770 5161 2861 5200 cas
2886 5145 3115 5214 collapsa
3135 5144 3203 5199 sit
3226 5151 3405 5198 nostra
3447 5156 3656 5212 natura,
3679 5161 3816 5214 qum

2215 5243 2369 5297 beata
2402 5246 2483 5294 est
2509 5240 2759 5310 primitus
2785 5238 3045 5303 instituta,
3070 5249 3188 5292 cum
3217 5230 3498 5292 catholicis
3543 5230 3802 5293 ﬁdelibus

2213 5342 2268 5389 et
2295 5332 2716 5403 prmclarissimis
2743 5319 3048 5385 doctoribus
3073 5321 3300 5383 diceres.

2287 5425 2451 5481 LXX.
2474 5425 2594 5480 Jun.
2645 5423 2712 5480 Ut
2752 5424 2910 5494 igitur
2933 5420 3076 5494 quod
3108 5422 3317 5492 egimus
3359 5419 3666 5492 colligatur,
3700 5435 3818 5482 nec

2283 5537 2306 5633 ξ
2317 5525 2477 5586 codex
2500 5533 2632 5595 nam,
2657 5529 2935 5645 dem.

2324 5601 2397 5645 sic
2418 5605 2524 5645 uss.
2549 5597 2690 5645 aditi.

2279 5595 2821 5657 'Siclss.Bditi,habi

2273 5662 2572 5738 :Verbum,
2618 5653 2927 5724 respondeat,
2975 5653 3070 5705 huc
3112 5663 3369 5706 revocatur
3415 5669 3480 5706 ex
3534 5668 3809 5710 manusm-

2217 5731 2431 5834 pushttss.
2457 5783 2705 5843 omittunt,
2734 5781 3008 5844 doctorque.

2304 5847 2319 5878 ³
2331 5856 2455 5904 Mss.,
2485 5853 2682 5906 rectam,
2707 5849 2947 5906 corrupte.

2285 5909 2306 5941 ο
2327 5910 2463 5971 Editi,
2491 5904 2756 5971 nisitongu.
2783 5904 3086 5971 ωφω
3109 5913 3428 5968 ιιιπιθωιωινι
3447 5904 3555 5957 rid.

2286 5972 2306 6002 ν
2328 5966 2463 6032 aditi,
2498 5966 2748 6020 reuocauit.
