4014 6486
517 396 659 456 1093

515 523 570 571 et
596 512 831 570 indicere
853 511 1127 569 miseriam
1149 527 1284 584 pace
1307 513 1540 577 turbata;
1569 512 1691 585 quis
1731 527 1838 568 non
1869 510 2106 581 prudens

519 620 758 678 pugnare
777 605 1095 678 perspiciat?
1118 605 1255 661 Nam
1278 605 1322 661 si
1347 606 1434 662 lex
1465 605 1691 677 peccati,
1723 604 1774 660 id
1793 612 1896 673 est,
1928 618 2108 674 pecca—

516 706 651 766 tum,
681 707 737 756 et
756 700 1051 757 necessitas
1080 699 1283 771 peccati
1323 699 1582 756 membris
1612 709 1696 755 est
1723 699 1922 754 inserta
1952 704 2108 752 natu-

515 791 722 859 raliter;
752 791 879 864 quid
917 791 1139 864 prodest
1183 806 1291 849 non
1320 792 1370 850 ei
1403 792 1421 825 ¹
1454 792 1696 865 prmbere
1726 806 2049 849 consensum
2087 832 2105 862 ,

512 897 635 941 cum
662 895 879 955 propter
900 885 1006 942 hoc
1028 885 1203 957 ipsum
1235 886 1378 957 quod
1405 896 1528 954 est,
1561 901 1786 942 necesse
1820 886 1892 943 sit
1920 886 2103 942 subire

513 976 860 1048 supplicium?
886 977 994 1033 Aut
1020 979 1065 1034 si
1094 986 1177 1034 est
1204 978 1291 1034 lex
1312 977 1527 1049 quidem
1554 978 1778 1049 peccati,
1808 977 1901 1033 sed
1933 992 2108 1048 quan-

512 1067 584 1124 do
607 1069 657 1124 ei
686 1083 796 1126 non
817 1071 1099 1127 consentio
1126 1086 1230 1127 non
1260 1081 1449 1142 peccat
1468 1071 1491 1104 ⁸
1519 1088 1535 1139 ;
1566 1071 1959 1128 inaestimabilis
2000 1087 2103 1144 po-

516 1162 681 1217 tentia
703 1161 994 1218 voluntatis
1020 1164 1266 1219 humanae
1293 1206 1308 1231 ,
1338 1179 1457 1235 qua:
1490 1164 1556 1235 (si
1578 1163 1683 1219 dici
1712 1165 1988 1236 permittat
2012 1164 2107 1220 ab-

516 1253 772 1329 surditas)
788 1256 931 1327 cogit
945 1256 1118 1327 ipsum
1133 1271 1239 1312 non
1254 1270 1476 1327 peccare
1489 1266 1795 1330 peccatum.
1808 1256 1915 1314 Sed
1926 1273 2106 1314 rever-

519 1338 648 1401 titur
669 1360 758 1415 eo,
790 1357 849 1402 ut
874 1347 1017 1418 quod
1036 1347 1171 1403 dicis
1192 1350 1469 1421 asystaton
1494 1349 1600 1404 sit:
1635 1364 1759 1405 nam
1785 1349 1830 1405 si
1848 1365 1953 1405 non
1981 1364 2105 1421 pec-

514 1445 622 1503 cat,
646 1453 746 1494 nec
771 1437 858 1494 lex
907 1440 1110 1509 peccati
1141 1448 1262 1507 est;
1291 1440 1334 1497 si
1367 1441 1457 1496 lex
1502 1441 1708 1513 peccati
1736 1450 1840 1510 est,
1872 1450 2097 1512 peccat:

511 1530 558 1587 si
580 1546 709 1588 vero
730 1541 935 1603 peccat,
959 1533 1132 1590 solum
1153 1534 1277 1604 quia
1303 1544 1408 1603 est,
1430 1535 1701 1606 quomodo
1716 1536 1765 1591 ei
1794 1534 1986 1592 obsisti
2010 1550 2105 1607 po-

511 1629 617 1679 test
646 1630 830 1679 utnon
858 1632 1130 1696 peccetur,
1152 1640 1273 1696 qua:
1296 1624 1489 1697 repelli
1510 1639 1616 1682 non
1636 1633 1814 1697 potest
1841 1634 1954 1682 uta
1978 1640 2103 1698 pec-

512 1714 619 1771 cati
646 1730 812 1787 opere
832 1716 1127 1772 desinatur.
1714 1736 1717 1737 '

583 1808 718 1867 Anc.
758 1808 1004 1866 Secundo
1034 1810 1171 1867 libro
1202 1820 1292 1867 tuo
1313 1811 1423 1883 jam
1453 1812 1706 1884 respondi
1730 1822 1922 1884 quarto
1950 1828 2094 1880 meo,

512 1906 671 1971 teque
699 1899 877 1956 inania
901 1900 1104 1959 dixisse
1127 1903 1334 1958 convici
1372 1921 1388 1959 :
1416 1903 1511 1960 sed
1539 1903 1753 1961 videant
1777 1905 1865 1976 qui
1895 1906 2095 1977 legunt,

510 1999 690 2047 utrum
721 1991 1153 2064 respondendum
1182 1994 1250 2050 sit
1281 1993 1507 2062 homini,
1538 1996 1628 2067 qui
1654 1996 1709 2051 in
1743 2006 1941 2052 tantam
1972 2012 2099 2067 pro-

505 2083 747 2158 greditur
783 2085 1043 2142 insaniam
1067 2126 1085 2155 ,
1125 2095 1185 2142 ut
1225 2102 1347 2143 cum
1391 2086 1623 2144 fateatur
1665 2088 1687 2120 ³
1735 2089 1932 2144 malum
1977 2104 2100 2145 esse

507 2184 806 2247 peccatum,
833 2175 1028 2233 bonam
1056 2176 1080 2210 ⁴
1108 2193 1229 2234 esse
1254 2178 1399 2235 dicat
1439 2182 1929 2251 concupiscentiam
1973 2196 2099 2252 pec-

506 2275 771 2326 catorum.
806 2269 877 2326 Et
904 2278 1083 2327 tamen
1113 2272 1441 2343 respondere
1469 2274 1859 2342 compellimur,
1907 2275 2098 2330 nolen-

505 2366 589 2416 tes
610 2359 863 2418 deserere
888 2361 1163 2419 hominum
1189 2363 1400 2434 ingenia
1431 2363 1688 2433 tardiora,
1715 2365 1781 2421 ad
1817 2382 1950 2437 quos
1982 2368 2098 2423 istac

507 2449 701 2508 littera:
731 2454 1000 2524 potuerint
1037 2456 1337 2525 pervenire.
1375 2455 1513 2524 Quid
1558 2466 1640 2511 est
1668 2472 1798 2528 ergo
1825 2458 1967 2530 quod
2010 2459 2095 2515 ιο-

505 2543 707 2615 queris,
737 2546 986 2602 nesciens
1013 2546 1139 2617 quid
1180 2546 1450 2618 loquaris?
1490 2548 1701 2619 Ergone
1742 2557 1800 2606 et
1841 2550 1896 2606 in
1939 2567 2095 2622 para-

504 2635 625 2692 diso
651 2648 776 2694 ante
804 2638 1103 2695 malesuadi
1128 2639 1151 2672 ⁸
1185 2654 1390 2696 venena
1425 2641 1692 2713 serpentis
1712 2682 1727 2706 ,
1757 2652 1885 2697 ante
1913 2657 2101 2697 corru-

507 2738 652 2799 ptam
677 2745 928 2788 sermone
952 2731 1214 2803 sacrilego
1233 2733 1581 2797 voluntatem,
1607 2733 1774 2789 illiciti
1797 2734 1903 2790 cibi
1928 2734 2096 2791 libido

502 2820 613 2892 jam
639 2822 776 2878 fuit?
805 2832 887 2891 et,
917 2826 1059 2896 quod
1090 2826 1482 2882 intolerabilius
1526 2826 1739 2896 dicitur,
1785 2829 1851 2883 ad
1896 2829 2094 2884 malum

500 2912 867 2983 provocabat,
909 2921 965 2969 et
992 2916 1131 2970 mala
1158 2929 1268 2971 non
1297 2915 1429 2971 fuit?
1453 2924 1507 2972 et
1532 2916 1782 2973 videbant
1806 2917 1885 2980 illi
1919 2916 2095 2973 homi-

501 3013 602 3055 nes
630 2996 862 3054 lructum
908 3000 1034 3071 ligni
1066 3002 1355 3073 prohibiti,
1386 3011 1443 3059 et
1469 3004 1948 3075 concupiscebat‘,
1993 3006 2092 3064 sed

502 3097 561 3144 ut
603 3104 709 3146 non
740 3091 1158 3162 manducarent,
1188 3096 1619 3166 concupiscentia
1649 3096 1869 3168 spiritus
1913 3099 2093 3154 carnis

500 3182 949 3253 cancupiscentia:
963 3187 1311 3257 repugnabat;
1325 3188 1638 3246 etvivebant
1653 3189 1706 3244 in
1724 3189 1841 3245 loco
1863 3189 1954 3245 illo
1969 3199 2090 3247 tan-

502 3281 571 3331 ta
589 3274 935 3332 beatitudinis
959 3293 1065 3333 non
1092 3278 1350 3335 habentes
1370 3279 1425 3334 in
1447 3295 1509 3336 se
1531 3280 1662 3352 ipsis
1682 3296 1869 3352 pacem
1895 3282 2091 3338 mentis

499 3371 556 3422 et
581 3366 858 3437 corporis?
890 3367 1006 3425 Non
1038 3385 1207 3441 usque
1230 3371 1366 3427 adeo
1397 3371 1681 3430 dementes
1716 3375 1873 3442 estis,
1904 3388 1960 3432 ut
1985 3376 2088 3431 ista

499 3458 765 3528 credatis;
809 3476 914 3516 non
947 3477 1114 3532 usque
1143 3463 1278 3519 adeo
1306 3465 1663 3535 impudentes,
1693 3476 1750 3524 ut
1794 3468 1895 3523 ista
1936 3469 2088 3525 dica-

502 3551 593 3607 tis.
643 3551 784 3625 Ergo
826 3552 1128 3626 intelligite,
1180 3555 1264 3611 vel
1309 3556 1728 3629 iutelligentibus
1770 3560 2086 3632 obstrepere

504 3659 641 3701 vana
666 3645 986 3718 loquacitate
1009 3649 1192 3704 nolite.
1219 3649 1498 3706 Praecessit
1523 3652 1661 3706 mala
1690 3654 1958 3723 voluntas,
1984 3670 2087 3726 qua

500 3738 734 3808 serpenti
761 3738 987 3795 subdolo
1016 3740 1357 3809 crederetur;
1385 3750 1440 3798 et
1463 3754 1646 3799 secuta
1675 3754 1758 3801 est
1787 3746 1923 3801 mala
1954 3760 2085 3802 con-

500 3828 848 3900 cupiscentia,
876 3845 978 3902 qua
1007 3831 1130 3888 cibo
1163 3832 1461 3889 inhiaretur
1498 3834 1704 3892 illicito.
1745 3835 1859 3893 Non
1906 3839 2084 3910 itaque

497 3919 570 3976 ibi
596 3922 1000 3995 qualiscumque
1025 3924 1289 3995 cupiditas
1314 3928 1689 4000 qualicumque
1715 3931 1973 3988 reluctata
1998 3943 2083 3990 est

496 4012 791 4081 voluntati;
827 4015 924 4072 sed
953 4017 1003 4072 ei
1047 4018 1224 4087 potius
1260 4018 1564 4089 depravata:
1594 4023 1614 4055 ⁷
1653 4022 1938 4094 depravata
1966 4041 2084 4083 ser-

496 4107 645 4163 vivit.
676 4108 752 4163 Ac
774 4123 872 4180 per
897 4108 1000 4165 hoc
1025 4111 1270 4182 quamvis
1289 4112 1404 4183 jam
1450 4122 1674 4185 utraque
1718 4118 1855 4172 mala
1898 4131 2041 4176 esset
2060 4162 2075 4187 ,

496 4207 676 4258 tamen
702 4201 949 4259 voluntas
971 4204 1340 4275 cupiditatem,
1377 4221 1483 4263 non
1520 4208 1848 4266 voluntatem
1876 4212 2082 4283 cupidi-

501 4303 582 4349 tas
607 4293 795 4350 duxit:
829 4311 935 4350 non
967 4298 1238 4366 praecessit
1263 4297 1610 4368 voluntatem,
1639 4316 1739 4357 nec
1761 4304 1956 4359 restitit
1982 4319 2081 4362 vo-

496 4385 707 4444 luntati.
737 4388 995 4460 Denique,
1022 4388 1065 4443 si
1090 4398 1214 4445 ante
1238 4392 1445 4463 peccati
1468 4396 1981 4453 consummationem
2011 4397 2079 4453 ab

488 4494 657 4551 opere
696 4480 885 4538 illicito
924 4491 1259 4539 averteretur
1284 4484 1550 4550 voluntas.
1582 4486 1699 4543 sine
1745 4487 1928 4545 labore
1970 4491 2078 4547 ullo

489 4573 757 4643 cupiditas
799 4575 983 4631 illicita
1038 4575 1339 4634 sedaretur.
1391 4578 1525 4637 Hinc
1550 4581 1573 4614 ⁸
1618 4581 1843 4651 loquens
1887 4584 2077 4642 beatus

492 4666 843 4723 Ambrosius:
882 4688 903 4722 ‹
937 4669 1096 4738 Caro,
1134 4688 1154 4723 ι
1187 4669 1376 4742 inquit,
1416 4689 1437 4725 α
1469 4671 1523 4726 in
1555 4681 1798 4729 naturam
1831 4690 2075 4748 regressa

494 4761 689 4832 vigoris
721 4763 822 4827 sui,
851 4765 1092 4834 agnoscit
1131 4766 1405 4831 altricem;
1451 4775 1610 4838 atque
1656 4784 1786 4823 ausu
1829 4770 2075 4842 deposito

490 4854 864 4922 contumacim,
904 4854 1326 4912 moderationis9
1366 4857 1557 4914 anima:
1593 4861 1909 4932 conjugatur
1931 4865 2073 4922 arbi-

489 4945 631 5001 trio:
663 4947 837 5018 qualis
863 4947 986 5014 fuit,
1033 4963 1153 5003 cum
1200 4950 1541 5008 inhabitanda
1591 4954 1821 5024 paradisi
1863 4967 2071 5015 secreta

491 5038 747 5109 suscepit,
788 5047 1071 5110 antequam
1097 5056 1305 5097 veneno
1347 5042 1582 5115 pestiferi
1630 5049 1891 5117 serpentis
1930 5049 2066 5108 infe-

483 5140 568 5189 cta
597 5132 907 5205 sacrilegam
951 5132 1145 5191 famem
1182 5135 1376 5196 sciret.
1408 5135 1815 5213 divinorumque
1858 5156 2065 5199 memo-

548 5244 564 5275 ί
581 5244 718 5306 Editi,
741 5243 959 5304 eis.Mss.,
975 5259 1040 5297 et.

544 5307 567 5380 ἶ
588 5312 682 5380 ’1’}:
684 5313 822 5380 nus?
836 5318 1105 5380 ησηΡεσςο·

541 5376 568 5462 ξ
596 5376 735 5431 Editl,
752 5376 805 5422 ut
827 5376 1127 5436 conﬁteatur.
1174 5378 1302 5435 Mss,
1329 5378 1383 5424 ut
1413 5387 1524 5426 cum
1554 5376 1780 5438 fateatur.

585 5430 746 5483 Codex
769 5439 916 5484 ναι..
941 5432 1130 5484 bonum.
1190 5444 1198 5452 ‘

540 5490 564 5525 ι
586 5467 916 5546 K3558?
941 5467 1412 5557 ἒῖᾆῖῖηαιεειωάα.
1443 5507 1589 5561 ροισι,
1625 5498 1909 5554 ιηαιεειιαεα.

541 5552 699 5585 Onam
747 5556 1139 5585 ,ιι-...κάμψαι
1190 5567 1233 5585 ιι
1265 5566 1353 5585 ιιι...
1424 5560 1777 5585 ..κ--.μιηηιηι
1822 5564 1909 5585 ..-ε

476 5556 1157 5669 m53:32:11];.cortcupiscelmnt.
1180 5567 1239 5612 At.
1265 5566 1395 5624 lss.,
1821 5564 1962 5619 Refer
1996 5567 2059 5620 ad

542 5676 795 5752 Ita
813 5683 1048 5752 omissum-
1060 5683 1237 5748 fuerat,
1259 5685 1548 5752 depravatae.

538 5740 692 5794 “Editi
735 5742 824 5795 sic.
846 5752 974 5808 Mss,
996 5745 1126 5799 hinc.
1220 5740 1233 5748 ’
1322 5740 1332 5752 ’
1476 5740 1479 5741 ⁷

540 5803 571 5869 Ἀ
585 5780 713 5869 apud
734 5808 1045 5869 Ambrosium,
1060 5823 1251 5864 necnon
1265 5824 1428 5869 supra.
1450 5812 1482 5866 li

540 5808 564 5837 υ
585 5808 713 5869 Apud
734 5808 1045 5884 Ambrosium,
1060 5823 1251 5864 necnon
1265 5824 1428 5877 supra,
1450 5812 1536 5866 lib.
1561 5813 1594 5866 2
1612 5821 1779 5869 contra
1799 5815 2057 5884 lulianum,

474 5872 526 5916 It.
554 5866 631 5930 10,
652 5870 957 5925 moderantu.

1188 392 1437 453 OPERIS
1474 391 1890 451 IMPERFECTI
1927 390 2090 449 CON'I

2199 432 2205 448 ι
2242 389 2604 463 ιυιῐΑΝυΜ,
2645 393 2706 452 S.
2746 394 3115 456 AUGUSTINI

3665 402 3809 462 {090

2219 508 2353 564 riam
2387 520 2768 582 praeceptorum
2800 515 2991 570 animae
3015 513 3262 571 sensibus
3290 513 3643 575 inhaerentem
3674 519 3810 576 eda-

2218 602 2398 658 citatis
2444 604 2619 659 studio
2663 607 2977 677 praeteriret.
3030 607 3167 664 Hinc
3222 619 3500 681 peccatum
3554 627 3804 671 manasse

2218 695 2460 764 proditur
2481 697 2519 763 ⁸,
2552 706 2800 769 tanquam
2840 715 3067 772 corpore
3103 702 3386 774 animaque
3424 704 3756 774 genitoribus
3786 724 3802 762 :

2216 786 2344 843 dum
2369 792 2611 862 Corporis
2637 804 2822 851 natura
2851 805 3105 866 tentatur,
3132 798 3306 853 anima
3333 800 3471 857 male
3496 816 3626 858 sana
3650 819 3809 860 com-

2218 885 2449 956 patitur;
2478 903 2599 959 qua:
2625 890 2669 945 si
2696 893 3061 962 appetentiam
3088 895 3332 965 corporis
3369 895 3714 966 reirenasset,
3746 898 3804 956 in

2216 976 2334 1048 ipso
2359 988 2479 1035 ortu
2506 991 2649 1038 esset
2673 983 2930 1039 exstincta
2959 984 3108 1057 origo
3144 986 3351 1058 peccati
3397 1006 3417 1041 ι
3446 987 3598 1059 (Lib.
3641 991 3672 1044 7
3698 1031 3712 1054 ,
3753 990 3814 1044 in

2215 1068 2341 1125 Luc.
2369 1087 2465 1140 xu,
2493 1072 2609 1145 52).
2638 1073 2870 1132 Videsne
2893 1078 3341 1148 quemadmodum
3367 1079 3557 1136 doctor
3578 1081 3809 1138 catholi-

2214 1175 2328 1231 cus,
2359 1172 2415 1219 et
2436 1164 2725 1221 christiana
2756 1168 3013 1239 sapientia
3042 1170 3297 1240 praeditus
3317 1213 3332 1235 ,
3367 1171 3536 1241 ipsam
3566 1172 3671 1228 cibi
3703 1172 3811 1228 illi-

2213 1254 2305 1309 citi
2333 1257 2841 1329 concupiscentiam,
2883 1276 3040 1333 quam
3089 1271 3141 1319 tu
3167 1305 3183 1331 ,
3228 1264 3273 1318 si
3316 1250 3425 1320 non
3464 1266 3809 1336 permittatur

2213 1344 2437 1417 implere
2473 1350 2615 1421 quod
2657 1353 2896 1423 appetit,
2940 1356 3137 1409 asseris
3168 1354 3507 1412 innocentem
3532 1396 3550 1423 ,
3587 1356 3702 1426 jam
3732 1359 3811 1413 fa-

2213 1454 2355 1495 mem
2382 1442 2696 1516 sacrilegam
2726 1446 3083 1518 nuncupaviti
3110 1447 3178 1503 Et
3219 1457 3396 1518 tamep
3424 1447 3471 1504 si
3498 1449 3677 1505 anima
3700 1451 3810 1510 uti-

2212 1545 2316 1602 que
2356 1534 2631 1592 voluntate
2659 1550 2924 1606 correcta,
2978 1538 3115 1595 hanc
3149 1539 3510 1611 appetentiam
3559 1541 3807 1612 corporis

2210 1624 2550 1695 refrenasset,
2601 1629 2654 1684 in
2696 1629 2850 1701 ipso,
2882 1640 2939 1686 ut
2976 1632 3088 1699 ait,
3119 1642 3308 1688 exortu
3351 1634 3616 1690 exstincta
3658 1642 3810 1689 esset

2209 1722 2361 1792 origo
2380 1724 2582 1794 peccati
2609 1743 2623 1780 :
2651 1726 2745 1783 sed
2761 1729 3010 1797 quoniam
3039 1744 3143 1784 non
3174 1746 3419 1809 represso
3434 1732 3456 1764 ³
3473 1734 3711 1803 appetitu
3739 1732 3776 1787 il
3792 1763 3807 1771 -

2209 1813 2338 1871 liciti
2377 1816 2479 1871 cibi
2506 1858 2522 1885 ,
2566 1818 2633 1873 ad
2675 1820 2878 1889 peccati
2928 1823 3443 1879 consummationem
3486 1833 3806 1894 perventum

2208 1921 2318 1978 est;
2348 1927 2455 1967 non
2483 1912 2742 1968 exstincta
2768 1923 2850 1969 est
2877 1914 3031 1985 origo
3059 1916 3282 1988 peccati,
3309 1915 3405 1972 sed
3431 1916 3592 1971 etiam
3620 1932 3803 1973 mana-

2207 2006 2284 2061 vit
2308 2006 2361 2060 in
2386 2015 2664 2075 posteros:
2694 2015 2749 2062 et
2775 2015 2915 2063 tanta
2947 2017 3029 2063 est
3052 2009 3229 2066 carnis
3251 2018 3308 2065 et
3342 2010 3565 2080 spiritus
3590 2010 3807 2067 dissen-

2207 2098 2287 2153 sio
2312 2098 2613 2165 subsecuta,
2640 2108 2702 2154 ut
2730 2100 2782 2154 in
2828 2110 3094 2165 naturam,
3142 2101 3281 2157 sicut
3306 2102 3447 2158 idem
3479 2103 3666 2159 doctor
3688 2105 3802 2160 alio

2205 2191 2326 2248 loco
2347 2191 2497 2260 dicit,
2527 2208 2621 2263 per
2653 2194 3145 2264 praevaricationem
3175 2195 3332 2265 primi
3363 2196 3594 2251 hominis
3618 2206 3771 2252 verte
3789 2229 3804 2244 ο

2205 2293 2352 2340 retur
2381 2283 2566 2358 (Ibid.,
2598 2303 2649 2340 η.
2679 2286 2829 2359 lli).
2861 2285 2965 2343 Sed
2995 2298 3050 2343 tu
3077 2288 3335 2345 adversus
3359 2288 3491 2357 haec,
3529 2309 3549 2342 ι
3583 2300 3805 2347 natura-

2205 2374 2314 2433 lem
2354 2393 2474 2433 esse
2520 2379 2757 2433 omnium
2803 2394 3056 2436 sensuum
3102 2381 3432 2454 voluptatem
3495 2383 3805 2440 :estimonio

2203 2470 2568 2527 universitatis
2596 2472 2790 2528 docere
2819 2481 2869 2528 te
2905 2491 2926 2525 ι
2958 2473 3092 2529 dicis
3125 2492 3138 2529 :
3184 2475 3336 2547 quasi
3366 2490 3474 2531 non
3517 2484 3701 2547 posset
3743 2477 3804 2534 in

2202 2579 2450 2647 corpore,
2491 2581 2600 2621 non
2650 2554 2837 2622 mortis
2866 2566 3060 2637 hujus,
3093 2567 3188 2625 sed
3216 2568 3339 2625 vita:
3366 2568 3527 2636 illius,
3572 2570 3644 2625 ita
3674 2584 3805 2628 esse

2203 2659 2441 2714 omnium
2496 2674 2749 2715 sensuum
2796 2661 3039 2731 voluptas
3105 2671 3309 2716 naturae
3371 2662 3685 2730 sufﬁciens,
3739 2672 3804 2720 ut

2202 2765 2411 2807 summa
2438 2752 2489 2807 in
2516 2751 2637 2822 jura
2668 2752 2689 2785 ³
2720 2753 2929 2809 virtutis
2958 2754 3121 2809 animi
3152 2755 3435 2826 carnisque
3472 2755 3798 2826 concordia,

2201 2843 2346 2900 nulla
2385 2845 2891 2916 concupiscerentur
2920 2845 3124 2902 illicita.
3155 2846 3201 2904 Ο
3245 2863 3402 2918 quam
3431 2849 3657 2905 multum
3703 2865 3801 2905 er-

2200 2953 2311 3007 ras,
2338 2939 2429 3011 qui
2457 2955 2526 2996 ex
2552 2940 2672 3006 ista,
2700 2955 2819 3011 qua:
2846 2954 2989 2995 nunc
3014 2948 3118 3006 est,
3153 2940 3598 3009 corruptibilitate
3634 2950 3803 3012 atque

2200 3026 2510 3083 inﬁrmitate
2534 3037 2742 3084 natura?
2763 3038 2975 3101 sanctas
2995 3028 3224 3099 paradisi
3236 3028 3457 3086 delicias
3471 3038 3629 3101 atque
3646 3031 3800 3088 illam

2201 3118 2583 3175 beatitudinem
2608 3120 2863 3191 conjicis!
2888 3120 3005 3176 Alia
3028 3128 3147 3177 erat
3170 3121 3258 3177 illa
3283 3121 3677 3189 immortalitas,
3703 3124 3802 3179 ubi

2200 3212 2364 3269 homo
2392 3225 2597 3285 poterat
2621 3232 2728 3272 non
2755 3214 2892 3271 meri
2918 3233 2933 3271 :
2959 3216 3061 3271 alia
3113 3222 3199 3272 est
3224 3216 3324 3271 ista
3351 3217 3669 3285 mortalitas,
3700 3215 3800 3275 ubi

2200 3305 2363 3363 homo
2393 3323 2499 3362 non
2526 3317 2703 3380 potest
2730 3309 2834 3364 nisi
2861 3309 2994 3365 mori
3020 3326 3037 3360 :
3066 3309 3166 3363 alia
3193 3308 3297 3365 erit
3322 3324 3527 3366 summa
3571 3310 3802 3367 immor-

2199 3399 2399 3462 talitas,
2434 3399 2522 3455 ubi
2553 3399 2714 3456 homo
2744 3416 2848 3457 non
2878 3400 3074 3474 poterit
3113 3403 3273 3458 mori.
3317 3402 3455 3472 Quid
3502 3403 3677 3475 litigas
3721 3403 3799 3463 de

2197 3492 2629 3563 concupiscentia
2653 3492 2915 3565 litigante,
2945 3494 3047 3549 hoc
3071 3503 3171 3560 est,
3201 3494 3270 3550 de
3299 3495 3417 3567 lege
3441 3495 3494 3550 in
3533 3496 3798 3554 membris

2196 3596 2528 3656 repugnante
2573 3585 2676 3657 legi
2725 3587 2954 3642 mentis?
2996 3586 3106 3642 Lex
3148 3591 3353 3657 peccati
3405 3586 3619 3655 dicitur,
3661 3588 3797 3659 quia

2196 3678 2385 3733 suadet
2412 3686 2626 3748 peccata
2664 3688 2844 3749 atque,
2875 3688 2935 3734 ut
2970 3678 3042 3734 ita
3068 3678 3316 3746 dixerim,
3357 3679 3541 3749 jubet;
3578 3690 3634 3736 et
3663 3679 3711 3735 si
3739 3682 3797 3736 ei

2194 3778 2375 3825 mente
2405 3771 2687 3836 serviatur,
2731 3771 2849 3827 sine
2890 3770 3237 3827 excusatione
3279 3780 3545 3842 peccatur.
3588 3771 3798 3827 Pecca-

2196 3871 2307 3918 tum
2331 3862 2550 3931 dicitur,
2578 3868 2701 3935 quia
2734 3873 2954 3935 peccato
2992 3863 3130 3919 facta
3166 3871 3269 3931 est,
3311 3866 3619 3936 appetitque
3657 3879 3759 3935 pec

2191 3973 2335 4014 care.
2377 3958 2577 4014 Beatus
2606 3958 2722 4029 ejus
2748 3959 3151 4029 regeneratione
3192 3958 3401 4015 solutus
3444 3967 3548 4026 est,
3588 3958 3794 4015 conﬁt-

2188 4060 2306 4106 ctus
2333 4050 2450 4122 ejus
2476 4051 2544 4106 ad
2570 4065 2795 4122 agonem
2825 4051 3042 4108 relictus
3065 4061 3168 4108 est.
3196 4051 3392 4109 Malum
3432 4061 3533 4119 est,
3574 4052 3792 4109 clarum

2188 4152 2289 4201 est.
2320 4142 2437 4198 Non
2457 4143 2657 4200 viribus
2686 4155 2884 4200 nostra:
2900 4144 3217 4214 voluntatis,
3247 4156 3305 4201 ut
3330 4158 3506 4217 putas,
3533 4146 3655 4203 huic
3683 4148 3790 4204 ob-

2186 4239 2446 4304 sistimus,
2470 4237 2570 4295 nisi
2599 4239 2850 4295 divinitus
2879 4240 3216 4308 adjuvemur.
3254 4240 3635 4297 Debellandum
3676 4240 3795 4299 hoc

2187 4335 2385 4391 malum
2423 4344 2528 4403 est,
2569 4351 2675 4390 non
2704 4334 3003 4406 negandum
3033 4351 3046 4387 :
3076 4335 3397 4391 vincendum
3425 4343 3528 4403 est,
3555 4349 3663 4391 non
3681 4337 3793 4393 de-

2188 4426 2530 4484 fendendum.
2566 4427 2862 4495 Pastremo,
2889 4428 2934 4483 si
2964 4428 3015 4483 ei
3042 4428 3347 4493 consentis,
3379 4429 3574 4483 malum
3602 4444 3791 4499 agno-

2185 4536 2275 4578 sce
2320 4521 2592 4593 peccando
2626 4540 2640 4578 :
2681 4523 2730 4579 si
2777 4522 2828 4578 ei
2880 4523 3115 4586 resistis.
3158 4522 3357 4579 malum
3397 4537 3627 4595 agnosco
3673 4538 3790 4595 pu-

2182 4610 2414 4686 gnando.

2254 4707 2464 4764 LXXII.
2504 4707 2624 4765 Jun.
2664 4706 2763 4765 Vel
2802 4707 2928 4779 quid
2960 4706 3177 4778 prodest
3203 4707 3319 4777 ejus
3358 4708 3441 4765 rei
3468 4707 3733 4764 modestia
3759 4753 3779 4779 ,

2180 4802 2334 4873 cujus
2353 4809 2571 4857 accusat
2593 4816 2656 4858 se
2694 4801 2809 4872 ipsa
2850 4800 3173 4871 prmsentia?
3199 4797 3333 4856 Vide
3358 4817 3488 4873 ergo
3527 4817 3633 4874 quo
3678 4812 3782 4861 tua

2177 4895 2423 4953 acumina
2453 4895 2831 4966 provehantur.
2855 4893 3058 4960 Primo,
3082 4894 3204 4965 quia
3226 4905 3411 4965 peccat
3437 4906 3622 4950 natura
3648 4896 3784 4957 sine

2176 4989 2447 5045 voluntate
2474 5008 2487 5042 :
2515 4986 2657 5058 quod
2701 5002 2807 5041 non
2837 4995 3031 5056 potest.
3068 4985 3334 5050 Secundo,
3368 4988 3489 5058 quia
3519 4995 3604 5043 est
3641 5003 3783 5058 pec-

2174 5094 2374 5148 catum,
2402 5090 2458 5137 et
2485 5097 2590 5136 non
2617 5088 2823 5152 peccat,
2853 5079 2905 5135 id
2935 5090 3038 5147 est,
3068 5096 3171 5136 una
3194 5095 3282 5136 res
3308 5091 3412 5147 est,
3441 5093 3496 5138 et
3525 5098 3631 5138 non
3656 5093 3776 5141 est.

2173 5174 2399 5240 Deinde,
2429 5172 2640 5245 quando
2668 5172 2844 5228 turbat
2874 5188 3060 5243 pacem
3082 5211 3100 5240 ,
3148 5173 3469 5230 miserabilis
3507 5181 3608 5242 est,
3659 5189 3777 5233 nec

2172 5284 2270 5340 pro
2299 5277 2444 5322 tanto
2470 5267 2696 5322 crimine
2721 5265 2971 5337 plectitur
2990 5265 3261 5337 dissipata:
3280 5269 3513 5339 quietis:
3539 5268 3771 5340 quando

2168 5372 2347 5420 autem
2378 5361 2586 5434 perlicit
2614 5360 2981 5432 iniquitatem,
3012 5359 3330 5418 damnabilis
3372 5372 3474 5420 est.
3517 5362 3623 5421 Sed
3666 5363 3771 5423 lex

2167 5456 2368 5528 peccati
2393 5455 2533 5511 sicut
2551 5464 2789 5511 meretur
2808 5454 2920 5524 ipsa
2944 5464 3290 5521 tormentum,
3316 5455 3387 5511 ita
3414 5464 3635 5513 excusat
3658 5457 3770 5514 ho-

2169 5549 2329 5605 minis
2354 5548 2699 5606 voluntatem.
2731 5549 2865 5617 Quia
2903 5549 2988 5606 lex
3015 5560 3069 5606 et
3100 5564 3301 5623 cogens
3320 5594 3335 5617 ,
3362 5560 3419 5607 et
3459 5550 3764 5624 naturalis,

2229 5757 2248 5791 ι
2271 5756 2345 5807 sic
2365 5761 2470 5807 Mss.
2498 5754 2616 5804 εῖΔὶιὶ
2632 5765 2775 5816 vero,
2794 5749 3099 5816 praeﬁcitur.
