4014 6492
209 373 334 432 1097

202 502 249 548 et
276 501 547 558 nunquam
589 485 900 551 recedens,
939 485 1175 556 superari
1226 485 1404 555 utique
1448 499 1478 537 a
1524 483 1798 537 voluntate

200 599 310 640 non
337 588 546 652 potest:
576 587 634 634 et
660 594 829 633 nemo
857 589 1075 649 propter
1115 577 1215 632 hoc
1254 591 1378 630 rcus
1403 585 1506 640 est,
1538 573 1676 644 quod
1719 573 1802 626 vi-

200 687 318 733 tare
344 690 450 730 non
478 673 676 745 potuit.
708 672 819 729 Sed
849 687 946 727 nec
974 672 1084 742 ipsa
1115 671 1202 726 lex
1248 677 1432 740 peccat
1457 687 1468 720 :
1499 667 1622 738 quia
1653 665 1796 722 aliud

200 766 377 822 facere
416 779 524 818 non
571 764 770 834 potuit.
820 762 960 818 Deus
1002 771 1182 816 autem
1227 759 1553 817 inevitabilia
1581 760 1597 792 ⁸
1631 759 1800 816 reatui

200 857 493 921 adscribit;
520 871 622 912 nec
649 864 709 910 ut
739 854 843 909 hoc
869 864 1072 910 tantum
1101 853 1226 908 mali
1253 853 1430 915 faciat,
1459 851 1529 906 ab
1557 851 1666 904 ullo
1709 865 1801 904 co-

199 950 382 1020 gitur:
411 948 670 1004 omnibus
701 947 862 1016 igitur
886 946 1167 1012 absolutis,
1199 945 1285 1000 hic
1311 945 1456 999 solus
1484 943 1536 998 in
1575 943 1800 1002 crimine

200 1042 497 1111 reperitur,
526 1042 616 1110 qui
647 1040 783 1095 mira
816 1039 988 1093 fronte
1018 1039 1240 1108 imputat
1261 1038 1378 1093 aliis
1403 1037 1800 1102 necessitatem,

199 1149 323 1188 cum
357 1133 478 1203 ipse
524 1132 643 1188 sine
688 1133 1011 1186 necessitate
1056 1130 1349 1200 delinquat.
1398 1129 1566 1184 Macte
1608 1129 1803 1184 virtute

205 1223 539 1294 prudentiae,
565 1222 898 1278 nobilissime
925 1221 1242 1290 disputator,
1281 1221 1370 1291 qui
1409 1220 1660 1291 gradibus
1697 1219 1804 1274 Pu-

201 1319 340 1374 nica:
365 1316 670 1380 dialexeos,
704 1324 762 1370 ut
788 1315 1191 1371 commendares
1214 1314 1375 1380 dona,
1404 1312 1639 1368 evertisti
1661 1311 1804 1382 judi-

205 1408 324 1472 cia;
358 1416 421 1462 ut
459 1407 746 1462 simulares
791 1407 1052 1477 gratiam,
1100 1405 1354 1460 subruisti
1397 1405 1694 1474 justitiam;
1747 1412 1806 1460 ut

204 1501 503 1556 infamares
526 1509 795 1561 naturam,
823 1499 1136 1552 criminatus
1158 1513 1217 1552 es
1248 1496 1521 1550 hominum
1551 1495 1806 1550 Condito-

206 1606 359 1656 rem;
387 1599 448 1645 et
476 1589 553 1643 ita
580 1589 898 1643 criminatus
923 1603 983 1642 es
1001 1629 1016 1652 ,
1047 1597 1103 1642 ut
1130 1603 1236 1641 non
1268 1586 1440 1640 solum
1470 1585 1649 1655 aliquo
1677 1600 1805 1656 pec-

208 1681 517 1744 catore,sed
543 1681 654 1751 ipsa
675 1681 793 1750 lege
814 1680 1039 1750 peccati,
1056 1679 1196 1734 Deus
1219 1688 1339 1732 tuus
1361 1679 1636 1740 nocentior
1651 1693 1808 1750 appa-

208 1785 370 1831 reret.
391 1775 460 1830 Et
477 1784 600 1844 post
622 1773 736 1829 haec
758 1773 903 1843 profa
912 1772 1126 1828 nissime
1141 1771 1418 1827 catholicis
1441 1770 1808 1829 sacerdotibus

209 1870 514 1924 convicium
547 1866 700 1932 facis,
729 1876 787 1921 ut
814 1866 962 1921 dicas
988 1881 1082 1921 eos
1110 1879 1303 1936 negare
1329 1864 1550 1934 gratiam
1583 1864 1802 1931 Christi,

211 1960 358 2029 cujus
397 1959 710 2029 aequitatem
737 1965 985 2012 tuentur:
1012 1971 1132 2012 cum
1163 1971 1261 2010 nos
1290 1954 1566 2010 laudemus
1589 1953 1804 2025 quidem

215 2053 554 2110 clementiam
580 2050 965 2114 remediorum,
988 2049 1080 2104 sed
1103 2049 1278 2117 legum
1301 2055 1552 2104 manente
1575 2046 1802 2116 justitia.

281 2148 421 2202 Anc.
485 2145 699 2202 Utinam
744 2144 1040 2199 catholicos
1085 2157 1406 2213 agnosceres
1463 2143 1803 2210 sacerdotes,

223 2237 309 2307 qui
335 2237 494 2306 longe
536 2237 851 2308 priusquam
879 2250 1000 2290 esse
1030 2235 1290 2304 coepistis,
1319 2235 1569 2290 dixerunt
1609 2249 1808 2291 concu-

235 2327 535 2396 piscentiam
571 2327 774 2390 carnis,
816 2341 936 2396 qua:
976 2325 1307 2394 concupiscit
1347 2325 1604 2382 adversus
1646 2327 1806 2395 spirio

238 2429 370 2485 tum,
401 2419 628 2488 quamvis
658 2418 920 2472 adversus
948 2433 1065 2472 eam
1099 2418 1257 2473 etiam
1287 2417 1505 2486 spiritus
1548 2419 1805 2487 concupi-

224 2523 354 2577 scat,
381 2528 497 2583 qua:
522 2513 606 2567 lex
646 2511 964 2582 intelligitur
986 2527 1106 2566 esse
1149 2511 1373 2581 peccati,
1407 2511 1662 2566 resistens
1704 2511 1805 2582 legi

217 2607 408 2662 utentis
434 2615 557 2676 post
582 2614 864 2676 peccatum
893 2604 1034 2675 quod
1075 2605 1126 2660 in
1166 2604 1414 2675 paradiso
1446 2613 1805 2674 perpetratum

216 2709 309 2763 est,
341 2699 640 2752 humanam
664 2697 882 2751 vitiasse
909 2707 1150 2750 naturam
1177 2714 1190 2750 :
1220 2695 1363 2750 unde
1387 2696 1502 2751 sine
1527 2696 1616 2750 illa
1646 2695 1808 2752 modo

219 2792 449 2846 nascitur
478 2805 681 2855 nemo;
714 2790 871 2860 eique
898 2790 1117 2860 spiritus
1145 2788 1462 2844 adversatur
1493 2789 1546 2842 in
1575 2789 1804 2856 sanctis,

219 2894 269 2938 ut
283 2884 432 2952 juste
453 2883 664 2948 vivant,
691 2881 976 2952 pugnando
1003 2889 1185 2935 contra
1218 2879 1382 2943 illam,
1409 2879 1583 2934 donec
1618 2878 1807 2950 perfe-

218 2988 283 3033 cta
314 2976 564 3031 hominis
593 2975 792 3040 salute,
833 2982 889 3030 et
917 2988 1078 3029 carne
1106 2988 1227 3028 cum
1268 2972 1455 3044 spiritu
1500 2971 1808 3042 plenissime

218 3069 575 3126 concordante
624 3068 735 3136 jam
789 3083 894 3122 non
948 3066 1036 3120 sit.
1104 3065 1240 3120 Dicit
1291 3065 1650 3129 Ambrosius,
1712 3079 1808 3134 per

218 3159 710 3232 pravaﬁcationem
765 3158 921 3228 primi
969 3156 1204 3211 hominis
1256 3156 1309 3210 in
1377 3165 1618 3210 naturam
1679 3171 1805 3211 ver-

219 3252 332 3307 tisse
375 3251 780 3306 dissensionem
831 3249 1009 3304 carnis
1043 3257 1097 3303 et
1139 3248 1393 3318 spiritus;
1443 3263 1667 3319 eamque
1689 3249 1803 3303 dis-

218 3342 516 3396 sensionem
549 3340 633 3395 sic
655 3341 677 3373 ³
702 3337 995 3410 Cyprianus
1019 3337 1273 3402 ostendit,
1303 3338 1354 3392 in
1382 3353 1486 3408 quo
1515 3338 1682 3393 Ρωιιο
1701 3338 1805 3392 Pu-

219 3434 380 3488 nicam
437 3433 721 3494 diaiexim,
753 3441 813 3485 ut
853 3440 1001 3502 puto,
1045 3431 1269 3486 irridere
1313 3446 1416 3484 non
1447 3430 1634 3493 audes,
1661 3430 1804 3499 quod

217 3523 385 3579 facere
412 3528 468 3578 in
499 3539 590 3578 me
611 3538 778 3577 ausus
805 3537 904 3576 es:
937 3540 955 3573 t
995 3522 1123 3586 list,
1160 3539 1178 3573 ι
1222 3521 1427 3589 inquit,
1461 3539 1481 3572 ι
1519 3522 1658 3576 inter
1681 3536 1803 3576 car-

216 3630 332 3670 nem
360 3625 418 3670 et
447 3614 700 3684 spiritum
730 3613 1057 3676 colluctatio,
1079 3624 1133 3666 et
1158 3612 1588 3667 discordantibus
1615 3613 1805 3669 adver-

214 3722 330 3761 sum
356 3721 419 3761 se
449 3707 676 3760 invicem
716 3705 1022 3775 quotidiana
1066 3707 1398 3772 congressio,
1447 3714 1504 3760 ut
1549 3722 1654 3759 non
1681 3722 1803 3776 quae

213 3801 467 3854 volumus
492 3799 604 3866 ipsa
638 3797 921 3862 faciamus,
966 3797 1091 3851 dum
1119 3798 1338 3867 spiritus
1366 3798 1603 3852 cmlestia
1630 3807 1684 3852 et
1724 3797 1806 3851 dia

214 3889 339 3944 vina
367 3891 574 3960 qumrit,
598 3905 728 3944 caro
758 3899 969 3944 terrena
994 3898 1046 3942 et
1072 3889 1345 3942 szrcularia
1372 3887 1732 3958 concupiscit:
1753 3899 1808 3944 et

218 3981 334 4036 ideo
363 3981 595 4050 petimus
622 3982 763 4035 inter
785 3980 893 4034 duo
921 3981 1039 4042 ista,
1073 3995 1174 4047 cpe
1203 3988 1258 4033 et
1298 3977 1498 4032 auxilio
1539 3979 1630 4034 Dei
1671 3994 1804 4033 cona-

218 4073 456 4128 cordiam
485 4072 626 4136 ﬁeri,
653 4080 711 4125 ut
734 4071 858 4125 dum
886 4079 940 4125 et
965 4071 1017 4124 in
1046 4072 1233 4139 spiritu
1261 4078 1315 4124 ct
1342 4071 1391 4123 in
1425 4086 1586 4125 carne
1610 4071 1800 4125 volnus

219 4176 296 4221 ιιι
322 4165 414 4220 Dei
443 4164 672 4234 geritur,
695 4178 814 4233 qua:
840 4178 937 4232 per
963 4177 1082 4216 eum
1113 4170 1292 4216 renata
1319 4171 1400 4216 est
1426 4163 1601 4216 anima
1627 4178 1807 4218 serve-

221 4270 320 4315 tur.
345 4258 504 4326 Quod
531 4266 718 4327 aperte
742 4265 903 4325 atque
930 4255 1208 4310 manifeste
1236 4255 1524 4322 Apostolus
1553 4270 1648 4308 sua
1676 4237 1806 4310 voce

221 4353 492 4410 declarat:
528 4351 680 4416 Caro,
713 4349 902 4420 inquit,
928 4348 1232 4418 concupiscit
1262 4347 1501 4400 adversus
1528 4348 1762 4417 spiritum
1786 4389 1800 4410 ,

223 4456 266 4500 et
300 4446 513 4514 spiritus
557 4443 797 4496 adversus
825 4451 1026 4494 carnem
1049 4455 1067 4492 :
1095 4443 1200 4493 lucc
1229 4439 1363 4494 enim
1389 4440 1599 4493 invicem
1626 4439 1804 4492 aduer-

220 4549 392 4593 satur
412 4537 545 4602 sibi;
583 4545 638 4590 ut
667 4552 767 4591 non
805 4548 994 4606 eaquae
1029 4531 1199 4596 vultis,
1242 4533 1353 4602 ipsa
1401 4533 1602 4602 faciatis
1630 4550 1649 4584 ι
1678 4530 1797 4604 (De

223 4631 467 4686 Oratione
511 4627 827 4696 Dominica).
883 4625 1030 4681 lianc
1067 4634 1119 4678 ιιι
1166 4622 1508 4685 concordiam
1539 4623 1713 4677 carnis
1740 4631 1796 4677 et

219 4723 437 4792 spiritus
463 4762 480 4787 ,
527 4733 685 4790 quam
729 4733 829 4773 nos
858 4727 1059 4786 optare,
1093 4723 1147 4770 et
1184 4728 1214 4769 a
1244 4714 1470 4768 Domino
1494 4713 1621 4768 dicit
1649 4729 1803 4768 orare

217 4812 543 4884 Cyprianus,
568 4823 668 4865 nec
697 4811 750 4863 in
771 4807 1020 4878 paradiso
1044 4817 1167 4860 ante
1194 4814 1468 4875 peccatum
1494 4805 1655 4860 fuisse
1679 4818 1807 4860 con-

216 4905 366 4960 cedis
392 4921 408 4957 :
449 4910 544 4956 aut
571 4903 614 4955 si
645 4902 760 4961 fuit,
788 4915 885 4955 cur
912 4913 1017 4952 non
1060 4895 1243 4952 fateris
1279 4905 1396 4950 eam
1427 4911 1521 4964 per
1551 4894 1807 4964 prtevarl-

215 4998 490 5051 cntionem
517 4992 673 5062 primi
703 4990 932 5045 hominis
953 4989 1132 5042 vitiata
1161 4989 1380 5056 periisse
1406 4995 1592 5041 natura
1615 4985 1659 5052 ³,
1692 4987 1808 5042 bea-

218 5098 389 5159 teque
433 5086 554 5156 paci
596 5085 790 5138 anima:
817 5092 872 5137 et
911 5081 1154 5151 corporis
1194 5081 1444 5135 miseram
1485 5079 1808 5134 successisse

219 5177 586 5234 discordiam?
613 5177 676 5230 Et
704 5173 996 5244 indignaris
1025 5172 1196 5236 nobis,
1236 5171 1378 5241 quod
1409 5171 1552 5226 velut
1581 5171 1810 5226 catholi-

219 5273 292 5325 eis
336 5267 742 5331 saeerdoﬁbus,
772 5266 823 5320 id
855 5273 938 5319 est
962 5263 1133 5327 vobis,
1172 5262 1427 5317 faciamus
1466 5272 1652 5316 nostro
1690 5277 1807 5316 scr-

220 5376 378 5416 mone
415 5359 754 5423 convicium,
795 5357 915 5427 quia
953 5353 1181 5410 dicimus
1218 5367 1312 5408 vos
1348 5366 1548 5424 negare
1583 5355 1808 5424 gratiam

281 5494 300 5524 ι
325 5493 463 5551 ultu,
498 5485 780 5543 ὺιευὶιηῡὶιὶ.
815 5486 986 5539 Helius
1030 5495 1135 5537 Mss.
1177 5495 1286 5538 Mar.
1332 5494 1384 5538 et
1425 5486 1577 5547 0011).,
1614 5487 1811 5540 Wa.

221 5554 349 5604 tilia.
375 5563 554 5616 Nempe
575 5554 794 5602 Julianus
816 5551 1075 5616 contendit
1087 5551 1332 5616 Augustini
1355 5552 1626 5601 sententias
1643 5565 1706 5616 eo
1722 5554 1810 5601 du-

218 5629 356 5674 cere,
374 5624 429 5666 ut
450 5612 577 5665 Dens
599 5612 1079 5674 inevitabiliareatui
1097 5612 1372 5674 adacribere
1390 5647 1404 5671 ,
1431 5619 1483 5662 et
1504 5613 1698 5664 caeteris
1718 5616 1807 5663 ab-

220 5671 392 5728 solutis
413 5680 516 5740 ipse
539 5680 590 5726 in
613 5677 822 5740 crimine
843 5671 977 5724 solus
1004 5687 1116 5724 esse
1141 5673 1464 5724 existimetur.

281 5742 302 5770 ’
331 5736 588 5797 ιιεείιπη
611 5736 757 5788 sicut.

281 5803 304 5833 ³
327 5802 458 5860 aditi,
753 5795 953 5862 periisse
982 5803 1223 5848 naturam.
1247 5799 1546 5863 Castigantur
1589 5797 1804 5849 subsidio

221 5865 666 5928 mansa-iptorum.

535 5949 750 6006 Bne’r
807 5944 1078 6003 Ancusr.
1117 5943 1200 6002 Χ.

1565 365 1767 422 LIBER
1806 363 2015 421 PRIMU
2031 361 2091 418 S.

3342 370 3483 426 {098

1901 478 2096 535 Christi
2140 496 2154 533 :
2203 493 2324 538 cum
2366 495 2463 536 vos
2508 480 2624 536 istis
2649 496 2774 537 vere
2801 482 3081 539 catholicis
3121 484 3490 543 sacerdotibus

1903 571 2363 641 impudentissime
2386 586 2449 626 ac
2476 573 2853 641 profanissime
2878 575 3250 630 conviciemini
3274 577 3356 632 his
3376 593 3494 633 ver-

1903 663 2007 730 bis,
2033 679 2153 734 qua:
2180 663 2231 718 in
2261 680 2372 723 me.
2399 665 2488 735 qui
2516 680 2699 719 eorum
2729 664 2890 720 ﬁdem
2915 681 3112 736 sequor
3133 677 3188 722 et
3213 678 3384 737 tueor,
3413 670 3494 723 in-

1904 752 2110 824 digesto
2135 752 2316 810 furore
2357 755 2598 809 ructatis.
2631 755 2916 824 Apostolus
2950 756 3115 822 dicit,
3149 757 3345 826 Spiritu
3373 775 3490 812 am-

1906 842 2093 908 bulate,
2121 854 2168 898 et
2193 845 2622 915 concupiscentias
2650 846 2819 901 carnis
2843 862 2907 900 ne
2949 849 3256 918 perfeceritis
3291 847 3489 921 (Galat.

1905 952 1961 1004 v,
1977 936 2188 1008 17,16).
2206 938 2378 1008 Rogo,
2392 952 2488 992 cur
2507 953 2598 994 eas
2615 939 2865 1009 appellat,
2880 941 2924 994 si
2944 941 3102 995 nulla:
3123 943 3271 997 sunt?
3285 959 3383 998 cur
3399 959 3494 1000 eas
3541 985 3548 992 .

1906 1027 2090 1098 perﬁci
2117 1037 2280 1093 vetat,
2309 1030 2354 1084 si
2387 1029 2540 1085 home
2578 1039 2720 1084 sunt.
2756 1030 2863 1087 Sed
2893 1031 3069 1088 adhuc
3101 1033 3288 1104 quales
3319 1035 3426 1090 sint
3450 1037 3492 1096 ¹.

1907 1121 2160 1185 ostendit,
2187 1130 2243 1176 et
2268 1121 2398 1176 dicit
2425 1140 2438 1177 :
2471 1120 2605 1177 Caro
2631 1123 2764 1177 enim
2791 1124 3101 1194 concupiscit
3129 1125 3370 1180 adversus
3393 1129 3499 1196 spi-

1904 1211 2084 1276 ritum,
2113 1221 2159 1266 et
2186 1213 2394 1282 spiritus
2431 1214 2674 1268 adversus
2703 1231 2905 1269 carnem
2923 1230 2942 1269 :
2971 1215 3080 1270 lucc
3117 1218 3250 1270 enim
3287 1217 3498 1272 invicem

1910 1302 2276 1371 adversantur;
2299 1314 2355 1359 ut
2385 1322 2486 1360 non
2513 1322 2573 1360 ea
2600 1323 2712 1374 quae
2736 1308 2886 1362 vultis
2915 1308 3136 1376 faciatis.
3180 1309 3386 1376 Quibus
3409 1311 3497 1364 di-

1906 1395 2080 1461 cebat,
2114 1395 2184 1450 Ut
2207 1412 2310 1452 non
2335 1413 2396 1450 ea
2417 1413 2530 1468 qua:
2553 1397 2706 1452 vultis
2731 1399 2972 1468 faciatis?
2991 1399 3244 1470 numquid
3269 1400 3496 1466 Iudaeis,

1907 1486 2204 1542 secundum
2254 1487 2555 1543 mirabilem
2597 1498 2832 1543 vestram
2875 1489 3312 1560 intelligentiam,
3357 1507 3496 1546 nou-

1906 1575 2036 1630 dum
2069 1576 2168 1632 sub
2196 1576 2394 1633 Christi
2421 1579 2588 1648 gratia
2617 1580 2956 1644 constitutis;
2988 1588 3043 1634 et
3072 1595 3177 1636 non
3203 1581 3282 1637 eis
3307 1583 3498 1652 quibus

1907 1665 2140 1730 dixerat,
2172 1667 2256 1722 Ea;
2283 1669 2518 1738 operibus
2547 1670 2671 1739 legis
2702 1669 2954 1739 Spiritum
2997 1673 3291 1740 accepistis,
3331 1689 3398 1726 an
3437 1689 3499 1727 ea:

1905 1760 2085 1814 auditu
2113 1761 2236 1830 ﬁdei
2263 1761 2280 1830 (
2304 1759 2392 1815 Id.
2431 1777 2507 1827 ιιι,
2539 1761 2654 1831 2)?
2682 1761 2893 1818 Fideles
2923 1765 3101 1833 itaque
3126 1764 3448 1820 christianos
3473 1768 3495 1796 '

1907 1851 2124 1907 dicebat
2148 1867 2253 1908 non
2279 1867 2340 1907 ea
2369 1868 2490 1923 qua:
2514 1853 2712 1909 vellent
2741 1852 2936 1921 facere,
2963 1855 3378 1922 concupiscente
3401 1855 3497 1910 ad-

1906 1957 2094 1997 versus
2135 1943 2380 2012 spiritum
2412 1958 2595 2000 carne.
2625 1943 2760 2012 Quid
2795 1945 2864 1999 ita
2890 1985 2906 2008 ,
2955 1944 3056 2000 nisi
3097 1945 3218 2016 quia
3248 1946 3499 2002 volebant

1907 2031 2215 2090 inferiorem
2245 2042 2448 2104 partem
2481 2049 2631 2104 suam
2663 2035 2968 2090 consentire
2995 2036 3280 2106 superiori,
3310 2036 3362 2092 id
3388 2048 3494 2103 est,

1907 2139 2126 2180 carnem
2166 2125 2395 2196 spiritui,
2438 2141 2537 2181 nec
2576 2127 2824 2182 valebant
2862 2127 3120 2198 perlicere
3160 2128 3302 2199 quod
3350 2129 3500 2184 vole-

1908 2215 2072 2281 bant;
2111 2216 2296 2287 eisque
2335 2218 2568 2272 restabat
2604 2233 2712 2273 non
2751 2220 3055 2274 consentire
3094 2220 3171 2274 illi
3201 2221 3358 2288 vitio,
3397 2222 3494 2278 scd

1910 2307 2192 2366 adversum
2221 2323 2437 2363 carnem
2467 2308 2675 2376 spiritui
2700 2310 3117 2379 concupiscere?
3144 2311 3336 2367 Verum
3369 2323 3420 2369 et
3449 2315 3496 2370 si

1909 2396 2011 2452 hoc
2044 2399 2096 2452 in
2126 2399 2205 2454 eis
2231 2407 2366 2465 erat,
2397 2398 2536 2468 quod
2566 2415 2660 2453 vos
2690 2399 2908 2468 putatis,
2942 2409 2998 2453 ut
3024 2411 3242 2470 propter
3265 2418 3496 2458 consue-

1909 2489 2148 2544 tudinem
2179 2489 2373 2544 malam
2401 2491 2562 2544 etiam
2603 2491 2845 2545 nolentes
2885 2491 3023 2545 male
3049 2491 3328 2560 viverent;
3368 2495 3495 2564 quid

1907 2589 1990 2634 est
2017 2596 2145 2651 ergo
2171 2581 2310 2651 quod
2339 2581 2494 2646 dicis,
2534 2591 2785 2637 naturam
2814 2582 2932 2638 sine
2968 2583 3242 2640 voluntate
3277 2601 3499 2656 peccare

1908 2687 2015 2727 non
2043 2687 2220 2742 posse,
2257 2689 2378 2728 cum
2409 2674 2540 2728 istos
2573 2689 2681 2728 non
2715 2674 2959 2729 volentes
2997 2690 3219 2745 peccare
3249 2675 3499 2734 fatearis?

1905 2762 2015 2819 Cur
2037 2772 2212 2818 autem
2243 2764 2385 2819 dicta
2417 2765 2487 2820 sit
2513 2766 2944 2836 concupiscentia
2973 2768 3151 2822 carnis
3182 2779 3494 2839 peccatum,

1908 2853 2059 2908 lexve
2077 2855 2298 2924 peccati,
2312 2856 2421 2924 jam
2447 2871 2605 2925 supra
2631 2857 2862 2912 diximtts
2883 2856 3036 2929 (Cap.
3064 2857 3156 2931 71)
3183 2878 3198 2916 :
3223 2860 3307 2915 cui
3332 2862 3375 2916 si
3401 2861 3498 2916 ho-

1908 2962 2034 3001 num
2064 2958 2147 3002 est
2175 2963 2282 3003 non
2313 2950 2617 3006 consentire
2642 2951 2706 3006 ad
2737 2951 2938 3019 illicita,
2963 2953 3206 3024 profecto
3233 2956 3347 3026 ipsa
3376 2973 3488 3012 ma-

1907 3037 2015 3092 lum
2043 3046 2146 3102 est,
2170 3053 2273 3109 qua
2303 3041 2750 3109 concupiscuntur
2779 3042 2980 3108 illicita,
3010 3045 3109 3100 etsi
3141 3045 3333 3102 nulla'
3361 3062 3496 3103 con-

1907 3129 2185 3198 sensione,
2228 3131 2484 3201 nulloque
2526 3146 2691 3201 opere
2733 3143 3126 3203 perpetrantur.
3159 3136 3361 3192 Judicia
3401 3139 3494 3194 Dei

1908 3235 2069 3291 porro
2097 3237 2192 3276 vos
2223 3222 2488 3288 evertitis,
2519 3223 2607 3292 qui
2652 3224 2864 3292 generis
2892 3224 3107 3280 humani
3141 3228 3382 3282 miserias
3409 3230 3494 3284 in-

1905 3311 2165 3381 cipientes
2188 3327 2218 3366 a
2246 3313 2501 3381 parvulis,
2528 3314 2643 3368 sine
2669 3314 2778 3368 ullo
2803 3317 3005 3385 peccati
3034 3318 3227 3373 merito
3267 3319 3380 3374 ﬁeri
3412 3321 3497 3376 di-

1905 3403 2058 3468 citis;
2091 3418 2190 3458 nec
2211 3401 2411 3456 donum
2439 3403 2531 3458 Dei
2560 3404 2798 3472 poscitis,
2828 3421 2894 3460 ne
2920 3407 3130 3462 intretis
3157 3408 3208 3462 in
3237 3412 3487 3465 tentatiu-

1906 3511 2029 3551 netn
2059 3498 2077 3565 (
2105 3494 2292 3549 Matth.
2319 3511 2462 3559 xxvt,
2490 3497 2550 3550 41
2581 3495 2626 3567 ),
2659 3496 2763 3553 hoc
2792 3507 2894 3566 est,
2926 3514 2996 3554 ne
3021 3502 3286 3572 peccetis:
3317 3505 3369 3558 in
3394 3521 3489 3559 ve-

1905 3599 2014 3646 stra
2040 3591 2182 3644 enim
2211 3590 2410 3644 virtute
2439 3590 2730 3658 conﬁditis,
2753 3600 2811 3646 et
2837 3607 2931 3648 vos
2958 3593 3009 3647 in
3037 3595 3244 3663 psalmo
3267 3607 3451 3652 sancto
3475 3599 3498 3628 ⁸

1907 3691 2117 3736 notatos
2141 3696 2260 3736 esse
2285 3692 2444 3750 atque
2469 3681 2750 3737 damnatos
2773 3683 2944 3754 (Psat.
2965 3703 3146 3754 XLVIII,
3169 3688 3247 3760 7),
3274 3689 3358 3745 vel
3385 3706 3493 3745 non

1906 3773 2098 3828 videtis
2126 3773 2276 3832 caeci.
2307 3774 2388 3827 vel
2420 3775 2599 3829 stolidi
2628 3790 2732 3830 non
2761 3775 2974 3833 doletis.

1976 3865 2209 3920 LXXIII.
2231 3865 2351 3921 ιω..
2374 3866 2567 3923 Verum
2587 3871 2694 3937 jam
2717 3885 2998 3940 pergamus
3018 3881 3073 3928 et
3089 3871 3154 3927 ad
3176 3873 3334 3929 verba
3355 3890 3496 3942 mea,

1904 3975 2023 4030 qua:
2051 3959 2119 4013 de
2144 3959 2453 4028 prtefatione
2491 3961 2693 4015 sublata
2719 4003 2735 4026 ,
2782 3963 2883 4017 sibi
2916 3963 3269 4035 impugnanda
3300 3981 3498 4036 propo-

1905 4053 2010 4108 suit
2058 4072 2070 4107 :
2125 4072 2143 4105 ι
2179 4053 2321 4109 Satis
2358 4054 2516 4124 igitur
2559 4055 2957 4121 admonuerim,
3003 4059 3082 4114 sic
3124 4060 3282 4114 istum
3336 4062 3496 4117 verba

1910 4163 1930 4197 ι
1968 4161 2088 4199 mea
2127 4146 2277 4214 quasi
2321 4146 2612 4202 refellenda
2655 4149 2754 4204 sibi
2803 4164 3104 4219 proponere
3131 4149 3396 4215 voluisse,
3438 4162 3500 4208 ut

1912 4254 1930 4288 ι
1968 4235 2094 4292 alibi
2137 4237 2326 4292 mediis
2369 4238 2653 4305 detractis,
2699 4241 2992 4296 sententias
3054 4243 3493 4313 interrumperet;

1911 4346 1930 4379 ι
1969 4329 2092 4382 alibi
2137 4329 2392 4384 extremis
2433 4344 2537 4383 non
2583 4329 2778 4385 additis
2821 4329 3124 4387 decurtaret
3153 4351 3167 4387 :
3193 4341 3249 4387 et
3271 4345 3367 4387 cur
3395 4333 3497 4388 hoc

1913 4439 1934 4472 ι
1974 4420 2194 4486 fecerit,
2247 4421 2572 4478 sufﬁcienter
2618 4423 2965 4478 ostenderim.
2995 4424 3146 4479 Nunc
3190 4426 3255 4478 ad
3285 4441 3346 4480 ea
3375 4441 3496 4496 qua:

1912 4533 1932 4567 ι
1969 4514 2109 4569 sicut
2137 4513 2337 4579 voluit,
2369 4523 2549 4569 nostra
2596 4516 2903 4586 proposuit,
2949 4531 3068 4585 qum
3093 4530 3190 4572 sua
3237 4517 3495 4585 posuerit,

1913 4623 1934 4658 ι
1967 4605 2265 4662 videamus.
2293 4604 2600 4676 Sequuntur
2624 4607 2766 4661 enim
2788 4606 2898 4675 jam
2921 4606 3079 4660 verba
3101 4605 3218 4675 ejus
3237 4649 3250 4670 ,
3281 4614 3336 4661 et
3361 4607 3500 4662 sicut

1920 4716 1942 4751 ι
1978 4699 2079 4753 iste
2108 4697 2429 4765 insinuavit,
2459 4699 2548 4769 qui
2582 4699 2674 4753 tibi
2700 4698 2992 4754 chartulam
3022 4699 3203 4766 misit,
3237 4700 3385 4770 prius
3409 4701 3500 4756 ali-

1915 4808 1934 4842 s
1970 4790 2096 4860 quid
2141 4789 2210 4845 de
2262 4789 2576 4859 praefatione
2617 4791 2963 4860 conscripsit,
2997 4793 3184 4862 procul
3236 4793 3396 4848 dubio
3426 4793 3496 4849 li-

1915 4900 1935 4934 ι
1971 4882 2186 4935 brorum
2217 4897 2401 4937 eorum
2420 4919 2435 4946 ,
2465 4881 2532 4935 de
2571 4882 2767 4951 quibus
2798 4897 2965 4951 pauca
2993 4883 3284 4953 decerpsit.
3312 4883 3368 4938 Id
3396 4893 3497 4937 au-

1914 4991 1934 5024 ι
1973 4981 2079 5028 tem
2132 4973 2206 5026 ita
2261 4986 2382 5026 sese
2432 4971 2592 5027 habet
2645 4990 2660 5026 :
2718 4973 3004 5040 Doctores,
3056 4974 3257 5044 inquit,
3329 4978 3500 5035 nostri

1917 5082 1936 5116 ι
1973 5063 2255 5133 temporis,
2283 5061 2447 5116 frater
2468 5061 2802 5130 beatissime,
2831 5072 2886 5119 et
2910 5064 3157 5132 nefarize,
3184 5081 3302 5139 qum
3323 5069 3499 5126 adhuc

1916 5174 1935 5207 ‹
1972 5155 2168 5220 fervet,
2215 5153 2492 5208 seditionis
2518 5165 2793 5221 auctores,
2837 5155 2902 5210 ad
2933 5155 3238 5224 hominum,
3269 5175 3495 5229 quorum

1916 5263 1935 5297 s
1968 5245 2166 5300 sanctis
2211 5243 2401 5299 studiis
2445 5253 2691 5309 uruntur,
2750 5247 3137 5317 contttmelias,
3167 5261 3242 5306 .et
3277 5250 3494 5305 exitium

1917 5355 1937 5389 ι
1971 5336 2320 5391 decreverunt
2349 5350 2443 5406 per
2472 5336 2680 5390 ruinam
2711 5337 2874 5392 totius
2903 5339 3158 5397 Ecclesia:
3183 5343 3494 5411 pervenire;

1975 5488 1992 5519 ί
2016 5495 2194 5536 omnes
2215 5491 2344 5548 Mss,
2367 5487 2529 5538 adhuc
2555 5487 2694 5548 quale
2718 5491 2795 5542 stt.
3173 5542 3176 5545 .

1951 5547 2436 5660 [:iidetibus
2458 5547 2618 5614 itaque
2642 5552 2933 5604 christianis.
2961 5561 3096 5602 3155.:
3121 5549 3310 5602 Fideles
3331 5551 3492 5616 itaque

1924 5623 2226 5662 cnnsttanos.

1971 5673 1993 5739 ξ
2017 5677 2250 5739 tussim.
2277 5679 2400 5739 Port_.
2428 5680 2480 5725 et
2500 5672 2620 5726 Clar.
2641 5675 2960 5739 prtetereunt,
2984 5673 3073 5739 etsi
3094 5673 3242 5739 nulla.

1972 5732 1995 5765 ⁸
2019 5734 2155 5797 ﬁniti,
2195 5748 2258 5797 tn,
2285 5735 2473 5788 Psalmo
2511 5732 2737 5788 securido.
2781 5746 2835 5786 At
2856 5732 2984 5797 Mssl,
3019 5737 3069 5787 in
3099 5736 3291 5789 Psalmo
3310 5747 3492 5791 sancto.

1908 5794 2000 5909 :ga
2011 5793 2134 5908 ίιὲιέ
2164 5796 2331 5848 Psalmi
2379 5812 2517 5851 stvnt
2556 5801 2790 5863 respicit.
2821 5797 2910 5859 Qui
2951 5793 3197 5864 conﬁdunt
3241 5814 3289 5853 ιιι
3325 5800 3496 5854 virtuts

2014 5889 2030 5920 ρ
2058 5889 2150 5908 υιυι

2680 5944 3174 6025 (Trente-cinq.)
