4014 6478
524 387 544 437 ι
555 380 662 438 099

530 495 548 524 ε
585 489 688 529 non
718 469 1071 542 intelligentes
1099 478 1352 539 quantum
1384 467 1467 524 his
1494 468 1814 524 contulerint
1840 468 2056 522 honoris
2075 511 2088 536 ,

528 583 547 615 σ
581 576 805 634 quorum
831 560 1180 616 ostenderunt
1203 559 1426 630 gloriam
1449 559 1550 613 nisi
1575 573 1696 614 cum
1722 558 1978 613 catholica
2005 573 2095 612 re-

521 677 537 708 ι
578 655 773 726 ligione
799 667 906 708 non
944 652 1180 722 potuisse
1220 650 1466 706 convelli.
1507 649 1640 705 Nam
1667 649 1710 704 si
1752 649 1870 718 quis
1897 660 1988 703 aut
2030 648 2096 703 Ii-

520 764 537 796 ι
572 745 758 799 borum
805 741 857 797 in
915 741 1220 797 hominibus
1267 740 1581 803 arbitrium,
1624 746 1718 793 aut
1770 739 1933 794 Deum
1979 753 2099 793 esse

514 857 533 889 ς
571 835 902 891 nascentium
930 833 1261 889 conditorem
1286 833 1515 898 dixerit,
1546 831 1902 888 Ctelestianns
1928 841 1983 888 et
2010 833 2102 887 Pe-

510 947 527 978 ‹
571 925 812 996 lagianus
836 932 1075 979 vocatur.
1102 923 1181 979 Ne
1202 923 1360 994 igitur
1380 931 1637 978 vocentur
1660 923 1894 978 hreretici
1921 965 1936 990 ,
1969 922 2097 978 ﬁunt

509 1041 526 1070 σ
574 1017 884 1080 Manic’baei;
915 1025 969 1074 et
995 1017 1118 1072 dum
1147 1016 1332 1072 falsam
1358 1025 1611 1073 verentur
1638 1015 1908 1072 infamiam
1940 1017 1981 1083 ‘,
2011 1033 2102 1072 ve~

510 1130 524 1160 ι
569 1110 914 1166 rnmcrimen
935 1110 1245 1165 incurrunt:
1270 1110 1436 1164 instar
1455 1107 1711 1176 ferarum,
1735 1125 1856 1180 quae
1874 1110 2102 1165 circnm-

507 1224 524 1248 σ
571 1202 769 1257 dantur
798 1202 1009 1273 pinnis,
1042 1210 1101 1258 ut
1142 1212 1400 1273 cogantur
1424 1201 1477 1258 in
1517 1203 1685 1267 retia;
1733 1203 1924 1272 quibus
1962 1218 2100 1272 quo-

510 1311 524 1343 ι
576 1295 716 1349 niam
743 1292 894 1349 deest
921 1294 1055 1349 ratio
1076 1334 1091 1358 ,
1115 1292 1168 1348 in
1193 1308 1377 1349 verum
1403 1293 1628 1349 exitium
1651 1308 1784 1347 vana
1815 1293 2101 1349 formidine

509 1402 526 1432 ο
567 1384 984 1440 contrudunturs
1019 1383 1119 1459 (De
1143 1384 1352 1457 Nuptiis
1377 1393 1423 1439 et
1446 1383 1890 1455 Concupiscentia,
1930 1385 2017 1438 lib.
2043 1384 2099 1449 2,

513 1493 600 1530 mi.
633 1477 686 1541 6,
717 1476 798 1550 7.)
817 1475 1096 1548 Cognosce
1117 1477 1256 1533 dicta
1277 1491 1416 1539 mea,
1446 1476 1540 1532 sed
1568 1491 1673 1530 non
1696 1491 1724 1529 a
1755 1485 1806 1531 te
1827 1490 1945 1531 eum
1963 1477 2102 1532 inte-

510 1568 702 1638 gritate
725 1568 928 1639 prolata
952 1586 966 1624 :
993 1577 1048 1624 et
1075 1569 1196 1624 licet
1221 1583 1326 1625 non
1353 1567 1406 1622 in
1426 1567 1510 1622 his
1530 1567 1836 1622 certaminis
1851 1568 1873 1600 ’
1895 1582 2101 1622 summa

513 1663 810 1728 consistat,
858 1661 980 1734 quia
1024 1661 1091 1717 de
1119 1661 1427 1732 prmfatione
1449 1669 1601 1726 sunt;
1633 1669 1806 1716 tamen
1834 1668 1890 1715 ut
1917 1661 2104 1715 levitas

515 1762 602 1806 tua
648 1750 880 1823 liqueat,
926 1751 1092 1808 frater
1133 1751 1470 1817 beatissime,
1518 1751 1572 1806 in
1606 1767 1671 1806 co
1712 1752 1833 1808 loco
1875 1750 2102 1822 positum

514 1857 623 1896 non
653 1851 734 1897 est
755 1883 770 1907 ,
798 1841 892 1898 sed
921 1843 973 1897 in
1018 1844 1191 1914 primo
1219 1845 1395 1899 statim
1421 1859 1579 1899 versu
1611 1843 1752 1898 libri.
1780 1843 1909 1898 item
1939 1843 1961 1875 ³
1981 1858 2101 1898 cum

511 1935 803 2005 dixissem,
865 1954 886 1988 ‹
943 1935 1012 1991 ad
1072 1937 1345 1991 hominum
1394 1952 1617 2007 quorum
1667 1937 1862 1990 sanctis
1915 1935 2104 1990 studiis

518 2043 538 2076 ι
578 2035 822 2091 uruntur,
850 2027 1204 2082 contumelias
1233 2037 1285 2082 et
1333 2027 1590 2092 exitium;
1627 2044 1647 2080 ι
1677 2027 1885 2092 addidi,
1919 2045 1937 2079 ι
1966 2044 2102 2097 quo-

521 2134 541 2169 ι
579 2118 722 2170 niam
751 2115 856 2172 iter
886 2117 1030 2172 aliud
1061 2133 1167 2172 non
1208 2117 1462 2187 patebat,
1486 2117 1839 2173 decreverunt
1869 2133 1963 2188 per
1992 2118 2100 2172 rui-

514 2226 538 2260 ‹
576 2224 699 2264 nam
740 2210 904 2264 totius
932 2209 1186 2265 Ecclesia:
1227 2209 1529 2280 pervenire.
1571 2228 1590 2261 ›
1625 2211 1750 2264 Post
1776 2209 1916 2279 quod
1942 2211 2099 2264 etiam

511 2299 656 2368 dixi,
685 2319 706 2354 ι
739 2303 862 2372 quia
885 2300 1035 2356 liberi
1063 2299 1339 2355 confessor
1360 2301 1562 2356 arbitrii
1588 2308 1642 2355 et
1665 2301 1754 2355 Dei
1783 2300 2096 2366 conditoris,

515 2410 536 2443 ε
567 2392 922 2448 leestiauus
949 2401 1006 2446 et
1031 2391 1351 2462 Pelagianos
1380 2401 1617 2454 vocatur,
1643 2407 1750 2462 quo
1774 2392 2095 2463 simplices.»

509 2483 728 2553 inquio,
761 2502 781 2536 ι
818 2499 1068 2539 sermone
1101 2482 1123 2515 ⁸
1153 2483 1442 2554 perterriti,
1471 2495 1527 2538 ut
1556 2485 1623 2540 ab
1651 2485 1842 2539 invidia
1873 2485 2102 2541 nominis

517 2593 538 2627 ‹
575 2583 861 2641 exuuntur,
907 2575 1066 2630 etiam
1097 2589 1284 2629 sanam
1327 2573 1484 2630 ﬁdem
1527 2575 1811 2641 deserunt;
1846 2577 2101 2633 credituri

517 2686 536 2719 ι
571 2665 756 2736 procul
791 2664 990 2731 dubio,
1017 2680 1117 2720 nec
1142 2665 1369 2720 liberum
1397 2680 1517 2721 esse
1547 2666 1598 2720 in
1627 2666 1933 2722 hominibus
1957 2669 2099 2723 arbi-

516 2774 537 2808 ι
578 2755 735 2810 trium
756 2797 771 2821 ,
799 2769 898 2812 nec
925 2755 1091 2809 Deum
1121 2756 1453 2810 nascentium
1488 2756 1818 2812 conditorem
1842 2800 1856 2823 ,
1886 2759 2100 2828 quando

516 2865 538 2899 ι
576 2847 702 2901 illud
731 2845 872 2918 quod
898 2847 1046 2917 prius
1071 2845 1471 2902 afﬁrmaverunt
1489 2888 1503 2912 ,
1533 2857 1816 2919 utrumque
1844 2848 2101 2904 deserue-

515 2958 538 2992 ι
572 2940 700 2996 rint.
737 2955 758 2994 ο
805 2939 920 2996 Hoc
965 2947 1143 2994 autem
1175 2947 1344 2994 totum
1389 2953 1420 2993 a
1468 2947 1521 2994 te
1549 2940 1964 3010 prmtermissum
1995 2951 2096 2996 est.

511 3034 639 3089 Post
664 3031 802 3104 quod
830 3042 956 3087 sunt
983 3032 1072 3086 illa
1102 3047 1221 3103 quae
1247 3032 1497 3102 posuisti.
1527 3049 1684 3102 quam
1715 3049 1843 3089 sane
1867 3050 2014 3103 vera,
2045 3043 2100 3090 et

512 3139 672 3194 quam
703 3123 1126 3192 inexpugnabilia
1148 3163 1164 3187 ,
1195 3121 1338 3176 haud
1374 3122 1602 3178 difﬁcilis
1637 3123 1738 3178 erit
1762 3139 1922 3194 opera
1952 3140 2101 3180 com-

511 3217 740 3288 probare
760 3215 803 3270 ⁸.
843 3214 954 3271 Nec
979 3229 1078 3286 ego
1108 3214 1268 3284 igitur
1293 3215 1582 3286 quidquam
1604 3216 1670 3270 de
1697 3217 1801 3272 tuis
1829 3216 1984 3275 dictis
2008 3218 2101 3273 mi-

510 3324 644 3376 nus,
667 3322 768 3363 nec
790 3316 847 3362 tu
869 3305 955 3361 vel
978 3305 1208 3377 primum
1229 3314 1389 3376 caput
1407 3347 1424 3373 ,
1453 3306 1524 3360 ita
1555 3314 1614 3361 ut
1637 3322 1664 3360 a
1693 3324 1777 3362 me
1799 3308 2098 3364 ordinatum

511 3400 714 3465 fuerat,
741 3399 988 3454 retulisti.
1013 3397 1170 3464 Quod
1199 3397 1320 3454 ideo
1343 3397 1552 3454 inculco
1571 3440 1586 3464 ,
1617 3409 1670 3454 ut
1697 3399 1927 3471 gravitas
1949 3400 2098 3458 Pmui

509 3491 787 3561 scriptoris
805 3489 1056 3546 emineat.

585 3581 720 3638 Aes.
751 3579 849 3647 Qui
880 3578 949 3636 de
970 3579 1122 3634 libris
1147 3579 1282 3641 tuis,
1315 3594 1436 3649 quae
1481 3579 1648 3634 voluit
1685 3580 1933 3652 decerpta
1955 3623 1970 3649 ,
2012 3583 2098 3637 cui

514 3673 685 3728 voluit
709 3669 932 3743 legenda
961 3669 1277 3736 transmisit,
1310 3669 1424 3740 ipse
1447 3669 1590 3739 quod
1621 3670 1748 3724 mihi
1776 3671 2002 3741 imputas
2024 3670 2101 3727 fe~

511 3765 586 3819 cit
611 3782 626 3817 :
655 3778 753 3820 nec
774 3761 915 3817 aliud
940 3762 1102 3818 etiam
1127 3770 1179 3817 te
1200 3760 1370 3831 ipsum
1392 3761 1637 3815 existimo
1657 3760 1896 3817 credere.
1917 3762 2100 3834 Neque

513 3857 657 3911 enim
686 3855 740 3910 in
767 3854 956 3910 eodem
983 3853 1118 3907 libro
1146 3867 1267 3907 meo
1294 3893 1309 3918 ,
1342 3861 1527 3907 contra
1549 3867 1706 3923 quem
1733 3852 1754 3884 ⁸
1782 3855 1962 3917 latras,
1995 3870 2097 3908 non

517 3961 634 4000 sum
680 3944 1024 4015 praelocutus,
1071 3942 1158 3997 cui
1187 3942 1287 3997 sim
1315 3942 1571 3998 chartulae
1604 3943 1927 4012 respondere
1953 3959 2099 3999 com-

519 4035 704 4106 pulsus
738 4051 752 4088 :
781 4031 875 4088 sed
896 4031 1093 4103 qumris
1117 4031 1469 4087 conviciando
1507 4031 1632 4102 quid
1663 4032 1832 4099 dicas,
1861 4035 2098 4090 sentiens

519 4135 572 4180 te
597 4125 725 4179 nihil
755 4123 987 4178 validum
1015 4122 1200 4177 dicere
1230 4121 1567 4192 disputando.
1607 4123 1919 4193 Quanquam
1945 4133 1999 4179 et
2047 4127 2098 4180 in

525 4216 608 4271 his
638 4215 774 4270 meis
799 4212 980 4269 verbis
999 4254 1014 4280 ,
1046 4228 1164 4283 qua:
1185 4228 1310 4267 mox
1343 4213 1434 4268 tibi
1463 4214 1613 4284 quasi
1643 4214 1930 4271 refellenda
1975 4232 2100 4286 pro-

519 4307 692 4378 ItOIIiS,
719 4305 771 4360 id
796 4304 937 4376 quod
963 4303 1084 4360 dico
1109 4304 1390 4360 advertere
1421 4305 1636 4375 potuisti
1663 4324 1675 4360 :
1710 4321 1816 4360 non
1846 4309 1988 4362 enim
2016 4309 2102 4363 di-

514 4415 720 4464 curem,
757 4415 776 4450 ι
806 4395 922 4452 Non
956 4403 1040 4452 est
1077 4395 1147 4451 ita
1191 4404 1250 4450 ut
1275 4395 1530 4466 loqueris,
1558 4396 1876 4468 quicumque
1903 4400 2000 4453 ista
2021 4400 2102 4454 di-

519 4512 542 4546 s
581 4491 736 4556 sisti;
773 4509 793 4543 ι
823 4489 869 4544 si
896 4497 1075 4544 certus
1093 4501 1268 4543 essem
1301 4495 1354 4541 te
1379 4486 1465 4540 illa
1487 4486 1704 4552 dixisse,
1735 4503 1847 4542 non
1867 4505 1985 4544 eum
2010 4492 2100 4562 qui

517 4583 726 4652 qualem
755 4580 937 4647 voluit,
961 4589 1016 4635 et
1058 4578 1144 4634 cui
1168 4577 1336 4632 voluit
1379 4577 1694 4649 scripturam
1737 4581 1900 4648 misit,
1942 4597 2101 4652 quam

519 4671 650 4727 mihi
689 4671 906 4727 missam
931 4669 1163 4725 refutare
1188 4683 1546 4740 susceperam.
1595 4667 1700 4726 Sed
1745 4670 1855 4726 Deo
1880 4674 2099 4742 gratias,
2146 4664 2159 4674 ”

518 4763 661 4834 quod
689 4763 938 4817 universo
962 4762 1060 4830 ipsi
1090 4761 1241 4832 operi
1287 4771 1399 4824 tuo,
1428 4760 1570 4816 unde
1611 4777 1728 4832 qua:
1752 4763 1937 4828 voluit,
1965 4766 2102 4821 sicut

539 4854 577 4912 υἱ
605 4851 822 4923 placuit,
853 4851 952 4906 iste
976 4850 1265 4921 decerpsit,
1317 4851 1386 4905 ita
1420 4851 1650 4907 Domino
1674 4853 1958 4924 adiuvante
1984 4873 2100 4912 rcs-

533 4943 706 5010 andi,
730 4951 788 4998 ut
805 4942 981 4998 omnia
1003 4950 1113 5006 tua,
1135 4957 1254 5012 qua:
1273 4950 1458 4996 contra
1479 4942 1897 5013 antiquissimam
1919 4947 2104 5002 catho-

527 5049 678 5091 ueam
706 5032 864 5088 ﬁdem
885 5046 1056 5088 novus
1076 5031 1358 5088 haereticus
1378 5048 1648 5101 erexeras,
1675 5035 2099 5096 machinamenta

521 5126 906 5182 subverterem.

595 5217 831 5276 LXXIV.
869 5216 990 5273 Jut.
1029 5215 1226 5273 Contra
1273 5214 1390 5271 lucc
1413 5229 1541 5287 ergo
1583 5217 1744 5273 verba
1791 5233 1940 5288 mea,
1983 5237 2103 5294 qum

589 5374 603 5403 '
630 5373 704 5422 sic
721 5377 827 5421 Mss.
852 5370 989 5434 ratu,
1011 5375 1058 5420 et
1081 5367 1197 5420 dum
1217 5368 1391 5434 falsam
1412 5367 1664 5434 infamiam
1685 5372 1848 5426 vitam.

587 5438 608 5466 ³
624 5435 696 5483 sic
735 5441 844 5482 Mss.
868 5431 986 5480 Editi
1010 5443 1148 5490 vero,
1171 5431 1526 5484 certaminibus.

589 5497 610 5558 Ψ
633 5495 770 5554 Editi,
785 5495 966 5558 itaque.
990 5491 1160 5543 Melius
1181 5501 1310 5558 Mss,
1329 5492 1458 5558 item.

588 5557 733 5621 fttss.
758 5553 879 5621 stari
896 5562 1018 5604 Port.
1039 5588 1055 5614 ,
1088 5567 1181 5618 quo
1201 5554 1442 5621 simplices
1478 5553 1641 5621 iniquo
1662 5570 1895 5621 sermone.

590 5619 611 5650 ι
637 5619 923 5686 κίειιίθτὶυε.
951 5625 1004 5666 et
1040 5625 1183 5686 vetus
1224 5618 1380 5668 codex
1409 5617 1569 5686 μεῖν’
1588 5617 1750 5686 haud”
1779 5619 1973 5686 diﬁcile
2012 5623 2106 5675 erit

526 5677 1037 5788 oﬁrgrgg‘p’tgrobare.
1083 5683 1224 5729 Forte
1261 5692 1376 5742 pro,
1401 5678 1532 5732 haud
1564 5678 1774 5747 diﬁlcilis
1818 5677 1908 5735 é'rit
1945 5697 2104 5750 operae

527 5755 556 5788 ε
588 5771 597 5788 ι
843 5775 854 5788 ι

527 5753 854 5802 comprecare.

594 5803 615 5832 ‘
634 5804 924 5866 viguicrius,
956 5815 1083 5868 quat.
1105 5807 1234 5868 In,
1263 5814 1419 5868 quem.

1229 375 1474 432 OPEIIIS
1514 374 1922 432 lMPERFECTl
1962 375 2236 433 CONTRA
2274 377 2634 448 JULlANUil,
2679 383 2738 439 S.
2780 385 3146 444 AUGUSTINI

3655 395 3796 453 “00

2207 473 2547 542 rescripseris
2572 474 2848 531 audiamus
2875 494 2886 530 :
2912 495 2932 529 ε
2967 479 3081 533 Non
3111 489 3192 535 est
3212 479 3282 535 ita
3311 489 3366 536 ut
3391 481 3641 553 loqueris,
3669 488 3793 556 qui-

2209 579 2228 611 ι
2267 575 2491 632 eumque
2515 565 2608 617 ista
2628 565 2833 632 dixisti;
2862 585 2965 623 non
2989 581 3068 626 est
3094 572 3163 626 ita
3186 590 3199 628 :
3222 574 3446 628 multum
3469 575 3686 643 falleris,
3707 579 3794 636 vel

2212 670 2232 703 σ
2266 652 2447 709 fallere
2477 655 2785 712 meditaris:
2815 675 2917 714 non
2944 661 3167 718 liberum
3199 681 3451 734 negamus
3472 668 3748 724 arbitrium
3775 687 3792 734 ;

2211 762 2233 796 r
2263 745 2355 799 scd
2374 787 2388 812 ,
2423 746 2483 801 Si
2501 763 2586 801 vos
2615 747 2781 805 Filius
2806 751 3120 822 liberaverit,
3154 757 3227 810 ait
3252 756 3459 812 Veritas
3481 801 3495 825 ,
3528 771 3646 814 tunc
3683 777 3797 816 vere

2212 853 2232 886 ι
2267 836 2410 890 liberi
2429 838 2565 892 eritis
2593 857 2612 891 ι
2648 839 3088 915 (Joau.vm,'56).
3127 865 3146 898 ι
3184 847 3336 902 llunc
3353 850 3797 907 vosinvidetisli-

2212 943 2231 978 ι
2271 926 2589 994 beratorem,
2613 932 2806 1000 quibus
2833 936 3054 1004 captivis
3076 952 3265 992 vanam
3289 939 3549 996 tribuistis
3575 942 3797 997 liberta-

2216 1033 2236 1068 ο
2275 1025 2400 1074 tem.
2430 1019 2471 1071 Α
2511 1036 2608 1088 quo
2634 1022 2765 1076 enim
2797 1025 2906 1093 quis
2932 1025 3152 1082 devictus
3169 1040 3270 1096 est,
3311 1031 3447 1085 sicut
3498 1032 3623 1087 dicit
3649 1032 3798 1089 Scri-

2211 1125 2230 1160 ι
2271 1117 2449 1179 plura,
2481 1112 2599 1166 huic
2625 1123 2673 1168 et
2701 1132 2872 1171 servus
2895 1118 3126 1175 addictus
3148 1132 3221 1176 est
3259 1140 3278 1175 ι
3315 1123 3379 1195 (ll
3413 1124 3549 1180 Petr.
3583 1141 3640 1194 tt,
3672 1127 3795 1197 l9);

2211 1215 2232 1251 α
2267 1215 2366 1256 nec
2385 1202 2661 1272 quisquam
2702 1207 2801 1260 nisi
2840 1223 2938 1278 per
2957 1214 3178 1279 gratiam
3208 1212 3530 1272 Liberatoris
3556 1219 3659 1274 isto
3684 1221 3798 1274 sol-

2211 1309 2230 1342 ι
2267 1293 2407 1347 vitur
2429 1294 2644 1350 vinculo
2670 1299 2942 1354 servitutis
2962 1343 2976 1366 ,
3011 1317 3042 1356 a
3074 1319 3181 1374 quo
3205 1315 3288 1360 est
3315 1305 3588 1364 hominum
3616 1311 3797 1367 nullus

2211 1398 2232 1434 ι
2269 1381 2538 1440 immunis.
2573 1384 2677 1442 Per
2710 1404 2869 1443 unum
2905 1393 3100 1461 quippe
3129 1394 3379 1450 hominem
3410 1410 3670 1465 peccatum
3711 1402 3798 1456 in-

2210 1489 2231 1525 s
2270 1475 2416 1527 travit
2440 1475 2492 1528 in
2534 1479 2807 1545 mundum,
2840 1490 2886 1533 et
2933 1498 3020 1550 per
3064 1495 3318 1554 peccatum
3358 1503 3530 1554 mors;
3567 1499 3614 1542 et
3644 1491 3717 1543 ita
3742 1494 3798 1544 in

2211 1581 2232 1615 ε
2264 1582 2435 1621 omnes
2459 1567 2682 1624 homines
2707 1573 3016 1640 pertransiit.
3039 1574 3091 1627 in
3109 1592 3207 1644 quo
3232 1592 3402 1631 omnes
3431 1593 3792 1648 peccauerunt:

2207 1656 2325 1725 (De
2352 1657 2559 1730 Nuptiis
2586 1671 2635 1715 et
2673 1660 3105 1732 Concupisceutia,
3141 1667 3300 1732 Εἰμὶ,
3339 1687 3388 1722 n.
3422 1671 3502 1739 8).
3557 1671 3793 1742 Amplis—

2205 1748 2395 1802 simam
2437 1764 2556 1804 esse
2585 1754 2750 1807 nostri
2778 1755 2974 1823 negotii
3017 1755 3324 1826 dignitatem
3345 1801 3358 1822 ,
3387 1769 3446 1814 ut
3475 1761 3584 1831 ipsa
3616 1779 3800 1820 rerum

2206 1840 2566 1895 consideratio
2609 1854 2661 1896 et
2700 1847 2958 1914 appensio
2996 1848 3220 1915 indicat,
3274 1867 3406 1921 quas
3446 1861 3676 1919 tuemur,
3724 1859 3800 1913 ita

2205 1932 2364 1985 etiam
2386 1944 2561 1988 vester
2583 1950 2779 2003 pavor;
2809 1938 2896 2007 qui
2924 1949 3109 1994 contra
3132 1951 3432 1997 nostrorum
3455 1947 3794 2017 sanguinem,

2207 2025 2553 2092 pecuniarum
2583 2028 2872 2092 effusione,
2921 2031 3290 2089 hasreditatnm
3319 2037 3594 2108 largitate,
3626 2057 3800 2112 equo-

2205 2130 2322 2170 rum
2353 2119 2753 2175 transmissione
2775 2163 2791 2187 ,
2821 2124 3134 2192 populorum
3161 2127 3443 2193 seditione,
3472 2141 3798 2200 potestatum

2205 2210 2550 2278 corruptione
2578 2226 2892 2282 pugnantes,
2919 2225 2972 2270 et
3000 2217 3157 2271 tidem
3185 2229 3413 2274 vestram
3439 2238 3558 2292 qu:e
3578 2239 3607 2279 a
3635 2226 3796 2282 nobis

2206 2298 2562 2368 impugnatur,
2603 2303 2916 2360 erubescitis
2939 2308 3216 2378 proﬁteri,
3243 2319 3298 2364 et
3325 2311 3391 2366 ad
3431 2324 3624 2371 nostra:
3653 2329 3786 2372 seu-

2205 2391 2405 2456 tentia-,
2437 2407 2464 2443 a
2497 2408 2596 2462 qua
2624 2394 2878 2450 deviastis
2909 2398 2948 2463 ί,
2975 2401 3137 2453 verba
3165 2401 3471 2472 confugitis.

2277 2483 2409 2538 Aea.
2443 2485 2546 2538 Aut
2577 2487 2752 2541 sciens
2795 2489 3172 2558 calumniaris,
3205 2493 3249 2547 si
3292 2503 3348 2548 tu
3386 2495 3482 2550 ista
3513 2499 3796 2565 mentiris;

2203 2583 2296 2630 aut
2313 2577 2578 2631 nesciens’
2605 2579 2730 2648 quid
2753 2579 3005 2650 loquaris,
3029 2587 3545 2642 cummentientibus
3563 2590 3744 2646 credis
3777 2609 3794 2646 :

2203 2667 2296 2722 sed
2319 2666 2429 2736 jam
2461 2670 2591 2723 satis
2617 2671 2686 2726 sit
2711 2672 2854 2741 quod
2881 2676 3127 2744 superius
3148 2685 3252 2732 tua:
3273 2679 3510 2741 vanitati.
3527 2682 3608 2737 vel
3627 2684 3800 2741 etiam

2202 2757 2518 2827 malignitati
2547 2761 2612 2813 ad
2637 2761 2733 2817 ista
2764 2766 3015 2833 respondi
3049 2766 3272 2839 (Supra,
3301 2787 3417 2839 cap.
3444 2771 3558 2843 42).

2271 2846 2485 2904 LXXV.
2533 2851 2653 2907 Jun.
2701 2854 2831 2908 Tam
2856 2856 2998 2910 enim
3030 2860 3313 2914 scelestum
3344 2871 3456 2930 est,
3486 2864 3629 2934 quod
3666 2882 3800 2922 sus-

2201 2938 2346 3008 cepit
2376 2943 2741 3010 pratvaricatio
2772 2946 3013 3014 pudenda
3043 2948 3328 3020 Babylonis
3349 2993 3364 3017 ,
3395 2963 3452 3008 ut
3480 2970 3600 3010 cum
3626 2971 3656 3010 a
3683 2973 3792 3014 no-

2202 3028 2288 3086 bis
2315 3031 2584 3100 obiicitur,
2629 3049 2659 3086 a
2687 3035 2837 3090 vobis
2873 3046 3131 3108 negetur:
3159 3051 3216 3095 et
3257 3050 3363 3096 tam
3401 3056 3644 3102 sanctum
3669 3059 3797 3117 est,

2203 3123 2350 3192 quod
2377 3139 2407 3178 a
2436 3125 2592 3180 nobis
2614 3126 2866 3191 creditur,
2892 3139 2950 3183 ut
2969 3130 3069 3185 sub
3093 3131 3280 3187 umbra
3302 3132 3418 3203 ejus
3435 3135 3754 3196 delitescere
3770 3179 3793 3209 ,

2203 3212 2323 3268 licet
2347 3214 2650 3270 adversaria
2681 3227 2860 3273 mente
2881 3259 2895 3283 ,
2920 3220 3166 3290 cupiatis.
3196 3223 3328 3279 Nam
3367 3240 3486 3281 cum
3511 3243 3612 3300 ego
3631 3231 3798 3300 quid-

2202 3305 2329 3374 quid
2355 3305 2729 3376 disputationis
2753 3319 2944 3364 vestra:
2970 3314 3195 3382 sparsim
3223 3317 3478 3373 membris
3510 3321 3799 3379 tenebatur

2201 3397 2588 3468 exprimerem,
2633 3409 2688 3455 et
2725 3415 2986 3458 summam
3027 3407 3335 3474 qumstionis
3380 3409 3430 3464 in
3478 3411 3796 3471 brevitatem

2201 3503 2445 3559 cogerem
2463 3531 2479 3557 ,
2510 3501 2564 3546 ut
2597 3493 2973 3550 ecclesiasticm
2999 3497 3347 3556 dissensionis
3375 3518 3533 3559 causa
3555 3547 3570 3572 ,
3594 3520 3795 3577 quanta

2202 3582 2457 3649 etqualis
2508 3593 2687 3649 esset,
2719 3585 2834 3639 sine
2888 3587 3033 3642 fumo
3084 3600 3138 3644 et
3192 3591 3402 3647 nebulis
3452 3597 3796 3667 proderetur,

2201 3670 2318 3725 dixi
2348 3671 2571 3728 liberum
2603 3690 2631 3727 a
2663 3676 2816 3730 vobis
2841 3677 3115 3734 arbitrium
3145 3686 3362 3753 negari,
3395 3696 3450 3742 et
3478 3689 3639 3744 Deum
3666 3707 3800 3747 nas-

2201 3763 2436 3817 ccntium
2465 3763 2832 3833 conditorem;
2877 3784 3038 3839 porro
3063 3787 3092 3825 a
3122 3775 3276 3828 nobis
3301 3775 3353 3830 id
3381 3789 3661 3850 utrumque
3686 3783 3795 3839 de-

2201 3853 2376 3919 fendi,
2406 3864 2461 3911 et
2485 3856 2555 3910 ob
2584 3859 2684 3912 hoc
2710 3874 2807 3914 vos
2833 3860 3093 3931 imperitis
3135 3867 3350 3923 auribus
3378 3869 3446 3926 de
3487 3875 3800 3934 nominibus

2200 3944 2582 4001 catholicorum
2605 3946 2838 4004 virorum
2858 3991 2872 4013 ,
2901 3952 2990 4021 qui
3020 3967 3238 4024 propter
3267 3958 3422 4014 ﬁdem
3444 3965 3799 4032 apostolicam

2201 4051 2360 4107 quam
2391 4045 2624 4106 tuemur,
2642 4040 2956 4096 uobiscum‘I
2978 4044 3250 4114 laborant,
3277 4050 3418 4106 ciere
3447 4053 3657 4109 inanem
3687 4056 3804 4113 fra-

2200 4143 2414 4198 gorem,
2460 4138 2519 4184 ut
2545 4130 2634 4199 qui
2678 4131 2976 4189 timuissent
3018 4134 3321 4194 leestiani
3374 4157 3404 4195 a
3454 4144 3604 4199 vobis
3648 4147 3796 4216 dici,

2201 4218 2510 4274 amitterent
2533 4221 2773 4276 caelestis
2801 4222 2924 4279 ﬁdei
2961 4224 3306 4296 dignitatem;
3335 4241 3389 4286 et
3421 4235 3509 4304 qui
3537 4238 3801 4306 expavis-

2202 4317 2324 4364 sent
2344 4325 2410 4364 ne
2436 4326 2464 4364 a
2487 4311 2637 4367 vobis
2658 4312 2922 4383 Pelagiani
2947 4316 3270 4386 dicerentur,
3298 4323 3347 4376 in
3378 4324 3801 4386 Maniclueorum

2203 4399 2422 4470 pelagus
2469 4403 2960 4472 prmcipilarenlur;
3013 4418 3364 4481 putarentque
3429 4431 3490 4471 se
3556 4418 3804 4487 imperiti

2203 4492 2400 4561 quique
2427 4508 2535 4546 non
2584 4509 2740 4563 posse
2764 4495 3094 4554 Christianos
3122 4504 3376 4572 appellari
3397 4547 3412 4570 ,
3443 4508 3487 4561 si
3529 4523 3624 4564 eos
3649 4510 3802 4566 Tra-

2207 4583 2417 4638 duciani
2465 4585 2776 4655 Pelagianos
2823 4601 3106 4647 vocassent
3138 4611 3150 4646 :
3178 4611 3298 4649 cum
3327 4611 3360 4651 e
3400 4598 3613 4668 regione
3657 4616 3806 4672 pnt-

2210 4675 2400 4731 deutes
2428 4685 2757 4747 statuerent,
2787 4682 3030 4750 quamvis
3073 4686 3346 4741 nominum
3393 4689 3644 4746 invidiam
3687 4695 3806 4752 sibi

2204 4776 2261 4824 et
2275 4767 2519 4837 injuriam
2536 4769 2898 4826 sustinendam
2917 4775 3084 4844 magis
3097 4815 3113 4840 ,
3127 4792 3285 4846 quam
3303 4779 3456 4834 [idem
3473 4782 3805 4841 catholicam

2204 4858 2628 4929 relinquendam.
2656 4858 2760 4916 Sed
2786 4877 2854 4917 ne
2877 4863 2958 4917 vel
3003 4865 3105 4920 hoc
3161 4868 3329 4937 ipsum
3375 4873 3595 4928 convicii
3620 4889 3811 4944 genus

2205 4959 2383 5004 vestro
2399 4951 2666 5006 inventum
2684 4953 2896 5023 ingenio
2921 4956 3181 5025 glorieris;
3202 4963 3573 5033 recordamini,
3589 4967 3656 5023 ab
3673 4986 3811 5025 om-

2205 5040 2362 5096 nibus
2386 5041 2597 5111 quidem
2613 5041 2878 5099 luereticis
2901 5046 3110 5104 diversa
3155 5067 3253 5106 nos
3276 5051 3299 5084 ‘
3325 5057 3580 5114 vocabula
3613 5060 3811 5120 solere

2206 5132 2477 5203 suscipere
2496 5152 2510 5187 :
2527 5133 2622 5189 sed
2643 5135 2695 5189 in
2711 5137 2916 5208 synodo
2943 5141 3263 5200 Ariminensi
3291 5147 3656 5206 vehementius
3675 5152 3809 5208 ela-

2209 5225 2411 5293 ruisse,
2455 5226 2582 5296 quid
2625 5228 2762 5297 apud
2801 5229 3080 5300 plumbeos
3120 5237 3326 5292 animos
3356 5241 3442 5296 vel
3475 5243 3809 5314 ambiguitas

2207 5314 2390 5380 verbi,
2425 5317 2506 5371 vel
2535 5319 2880 5376 comminatio
2909 5325 3032 5380 novi
3076 5328 3320 5384 vocabuli
3359 5333 3528 5401 possit
3571 5335 3808 5395 sceleris

2209 5407 2470 5464 obtinere.
2497 5409 2631 5466 Nam
2657 5426 2778 5467 cum
2806 5414 2906 5469 sub
2931 5416 3130 5473 Ariano
3157 5421 3396 5494 principe
3417 5464 3432 5493 ,
3479 5426 3560 5481 vir
3584 5442 3808 5499 magna:

2274 5565 2292 5597 ί
2317 5565 2389 5614 sic
2409 5572 2516 5615 Mss.
2540 5567 2675 5628 Editi,
2695 5568 2914 5622 devictis.

2271 5628 2293 5658 ¹
2317 5633 2443 5687 Mss,
2470 5629 2642 5680 nescis.

2273 5687 2297 5721 ³
2317 5695 2423 5738 Mss.
2447 5697 2557 5738 Mar.
2585 5699 2635 5740 et
2659 5698 2803 5748 Port..
2828 5693 3080 5748 uobiscum.

2272 5748 2458 5832 tridui",
2469 5751 2683 5832 tabernae
2693 5755 2940 5832 “regalium
2969 5760 3120 5813 solere
3141 5763 3416 5827 suscipere;
3434 5769 3639 5832 omissa,
3686 5784 3801 5825 nas.

2216 5809 2343 5872 Quod
2362 5814 2634 5865 restituitur
2659 5827 2721 5864 ex
2748 5823 2853 5868 Mss.
