3996 6474
215 399 321 454 1101

211 482 505 548 constantia},
535 479 657 536 ﬁdei
685 482 1003 547 sanissimm,
1026 477 1347 535 Athanasius
1366 476 1759 532 Alexandrinus

211 583 487 652 episcopus,
533 575 743 646 dilapso
789 592 820 632 a
863 573 966 630 ﬁde
1006 571 1377 644 Apostolorum
1422 565 1566 624 omni
1629 582 1763 637 pene

212 671 414 738 mundo,
440 678 492 724 et
521 667 758 738 impiatis
800 666 1129 738 tempbribus
1169 665 1184 697 '
1229 663 1557 729 obstitisset,
1602 670 1763 731 atque

210 765 266 821 ob
288 762 377 816 hoc
402 760 452 812 in
479 757 667 813 exsilia
698 766 916 813 coactus
945 763 1115 822 esset;
1147 753 1215 810 de
1235 753 1500 810 sexcentis
1528 761 1583 807 et
1607 751 1763 822 quin-

210 855 459 928 quaginta,
503 858 562 904 ut
599 849 787 916 fertur,
835 848 1136 919 episcopis,
1180 846 1268 903 vix
1310 855 1514 918 septem
1558 844 1760 900 inventi

213 955 331 1010 sunt,
349 942 530 1013 quibus
550 941 798 996 chariora
819 949 999 996 essent
1023 941 1113 994 Dei
1137 946 1401 1011 praecepta
1417 953 1574 1009 quam
1597 936 1756 1007 regis;

214 1035 420 1092 videlicet
445 1041 501 1086 ut
528 1046 632 1086 nec
673 1031 730 1086 in
759 1029 1036 1086 Athanasii
1075 1029 1472 1086 damnationem
1502 1027 1759 1082 conveni-

215 1134 342 1190 rent,
368 1137 458 1178 nec
480 1120 758 1177 Trinitatis
781 1120 1172 1178 confessionem
1204 1126 1477 1191 negarent.
1509 1118 1604 1173 Illa
1629 1133 1758 1173 vero

213 1215 357 1273 omnis
373 1212 693 1284 deiectorum
715 1222 989 1283 pectorum
1019 1211 1303 1267 multitudo
1321 1252 1336 1277 ,
1366 1218 1514 1265 extra
1543 1207 1760 1279 injuria-

217 1325 312 1365 rum
333 1316 514 1361 metum
537 1345 555 1370 ,
587 1303 688 1360 hac
717 1313 802 1361 est
846 1305 1179 1376 petissimum
1207 1303 1291 1360 vel
1343 1302 1574 1358 nominis
1612 1317 1761 1356 com-

219 1400 461 1458 minatione
479 1439 494 1462 ,
523 1412 591 1452 ne
620 1396 982 1452 Athanasiana
1011 1406 1292 1453 vocaretur
1310 1435 1325 1461 ,
1357 1394 1443 1450 vel
1471 1394 1760 1467 interroga-

216 1490 344 1548 tionis
366 1487 648 1544 calliditate
678 1487 921 1557 decepta.

270 1584 383 1636 Anc.
411 1577 796 1633 Athanasianos
815 1578 898 1633 vel
929 1576 1319 1632 IIomousianos
1349 1575 1532 1631 Ariani
1548 1572 1750 1629 Catho-

218 1674 324 1730 lices
340 1681 545 1748 vocant,
576 1687 680 1724 non
708 1679 761 1725 et
787 1671 878 1724 alii
907 1669 1164 1726 haeretici.
1188 1665 1298 1725 Vos
1324 1680 1502 1724 autem
1527 1684 1630 1723 non
1660 1681 1753 1721 so-

218 1767 302 1821 lum
318 1781 342 1818 a
359 1761 655 1828 Catholicis,
682 1761 777 1817 sed
799 1761 957 1817 etiam
990 1761 1057 1818 ab
1077 1761 1366 1828 haereticis,
1387 1761 1538 1817 vobis
1567 1761 1759 1817 simili-

223 1860 300 1913 bus
319 1866 363 1911 et
385 1871 412 1908 a
435 1855 585 1912 vobis
624 1853 1092 1922 dissentientibus,
1137 1853 1407 1924 Pelagiani
1441 1855 1708 1910 vocatnini
1740 1873 1754 1911 :

219 1945 616 2020 quemadmodum
659 1960 764 1999 non
808 1952 1013 2000 tantum
1039 1960 1070 1999 a
1096 1944 1396 2011 Catholica,
1427 1945 1522 2001 sed
1549 1945 1616 2001 ab
1648 1947 1758 2002 hae-

219 2040 384 2095 rcsibus
410 2036 564 2093 etiam
593 2045 852 2092 vocantur
873 2035 1077 2092 Ariani.
1107 2035 1215 2094 Vos
1242 2049 1368 2092 vero
1403 2037 1508 2093 soli
1533 2052 1631 2093 nos
1659 2053 1754 2108 ap-

218 2129 385 2200 pellatis
416 2127 811 2196 Traducianos,
855 2127 994 2182 sicut
1019 2127 1096 2182 illi
1143 2127 1562 2196 llomousianos,
1617 2129 1759 2186 sicut

217 2222 457 2277 Donatistae
494 2219 855 2286 Macarianos,
887 2220 1025 2276 sicut
1047 2219 1324 2276 Manichasi
1347 2221 1678 2290 Pbarisaeos,
1701 2232 1756 2280 et

215 2313 354 2368 ceteri
374 2311 601 2366 haeretici
633 2311 857 2366 diversis
879 2312 1206 2370 nominibus.

266 2401 474 2459 LXXVI.
519 2401 639 2457 Jun.
687 2400 821 2458 Nam
847 2417 969 2457 cum
1014 2411 1372 2474 proponerent
1411 2403 1630 2473 Ariani,
1663 2406 1754 2476 qui

214 2510 357 2551 rerum
387 2508 445 2551 ea
485 2501 805 2564 tempestate
837 2493 1176 2564 potiebantur
1197 2535 1214 2561 ,
1242 2494 1569 2552 IIomonsion
1603 2497 1755 2568 sequi

215 2587 367 2654 vultis,
402 2596 486 2641 aut
514 2586 826 2642 Christum?
852 2587 1267 2658 Responderunt
1293 2590 1544 2645 continuo
1563 2633 1578 2657 ,
1603 2591 1756 2661 quasi

215 2681 256 2736 in
277 2696 442 2736 nomen
465 2679 722 2752 religiosi,
745 2679 1013 2737 Christum
1037 2696 1097 2737 se
1122 2682 1307 2754 sequi;
1333 2683 1651 2739 homousion
1670 2700 1755 2740 rc-

218 2773 459 2844 pudiavere
486 2775 545 2826 ἐ
584 2782 748 2843 atque
785 2773 857 2829 ita
896 2782 1096 2831 exeunt
1131 2778 1423 2846 gestientes
1445 2817 1460 2842 ,
1485 2777 1632 2832 velut
1662 2777 1754 2848 qui

217 2866 393 2920 Christo
416 2863 880 2936 erederent,quem
899 2865 1010 2936 jam
1040 2872 1381 2938 negaverant,
1409 2866 1750 2937 homousion,

223 2953 271 3009 id
305 2965 373 3010 est
409 2955 544 3010 unius
582 2970 708 3009 cum
749 2954 908 3011 Patre
936 2955 1267 3025 substantia),
1304 2956 1638 3029 deneganda.
1678 2959 1752 3014 Ita

226 3061 334 3117 ergo
353 3055 398 3102 et
421 3061 541 3102 nunc
565 3063 664 3102 vos
695 3045 1045 3104 fabricatores
1063 3047 1195 3117 doli,
1222 3049 1500 3121 imperitas
1536 3051 1753 3107 terretis

218 3152 362 3203 aures,
387 3145 434 3192 ut
454 3138 498 3193 si
525 3139 718 3195 nolunt
745 3139 1099 3196 laborantium
1133 3155 1230 3211 pro
1263 3140 1367 3198 ﬁde
1388 3142 1620 3197 virorum
1660 3159 1756 3214 ap-

217 3229 452 3300 pellatione
481 3230 718 3302 respergi
742 3265 759 3299 ,
789 3240 844 3288 et
869 3229 1094 3287 liberum
1121 3232 1401 3288 arbitrium
1443 3244 1669 3304 negent,
1699 3245 1755 3290 et

215 3321 349 3378 Deum
367 3323 626 3378 hominum
639 3323 995 3382 conditorem.
1017 3324 1129 3380 Hoc
1146 3325 1344 3396 igitura
1358 3343 1441 3382 me
1455 3328 1506 3382 in
1526 3328 1616 3383 illo
1631 3329 1753 3384 loco

215 3423 384 3468 constat
406 3415 704 3485 objeetum;
733 3424 789 3471 et
816 3431 977 3486 quam
1003 3431 1109 3472 non
1128 3417 1282 3485 falso,
1315 3433 1548 3488 praesens
1569 3419 1755 3490 dispu-

215 3505 316 3559 tatio
336 3504 494 3575 palam
514 3505 695 3562 faciet.
719 3506 1062 3577 Respondisti
1089 3523 1218 3578 ergo
1245 3508 1346 3563 hoc
1370 3509 1530 3564 modo
1554 3527 1566 3562 :
1591 3529 1611 3562 ι
1636 3510 1751 3567 Νυη

215 3612 421 3667 negamus
456 3598 684 3654 liberum
728 3600 1007 3655 arbitrium
1048 3617 1061 3653 :
1095 3619 1115 3654 ο
1151 3609 1205 3656 et
1251 3600 1384 3655 nihil
1423 3602 1566 3658 aliud
1617 3605 1746 3659 sub-

217 3688 387 3758 junxisti
406 3690 468 3747 de
490 3701 599 3746 tuo.
622 3690 970 3762 Consequens
993 3693 1135 3746 eniut
1159 3691 1330 3748 fuerat
1355 3735 1369 3759 ,
1400 3702 1457 3747 ut
1502 3694 1752 3765 implet-es

219 3781 300 3834 sine
335 3783 760 3852 tergiversatione
804 3779 1162 3848 sententiam;
1204 3799 1432 3854 cumque
1461 3784 1752 3854 praemisis-

217 3887 280 3926 ses
301 3889 394 3928 non
433 3884 482 3929 te
512 3891 707 3946 negare
745 3876 951 3930 arbitrii
979 3876 1276 3931 libertatem
1303 3918 1319 3941 ,
1351 3877 1576 3932 adderes
1598 3916 1615 3945 ,
1645 3878 1750 3934 Sed

213 3963 484 4020 confitemur
508 3965 686 4022 datam
719 3983 747 4021 a
779 3968 890 4023 Deo
918 3967 1221 4024 libertatem
1249 3967 1458 4024 arbitrii
1492 3969 1544 4024 in
1571 3969 1748 4025 homin

213 4068 310 4110 num
329 4073 625 4125 permanere
652 4066 863 4113 natura.

268 4148 376 4204 Auc.
401 4149 679 4218 Quomodo
708 4159 889 4205 manet
925 4150 1144 4208 libertas
1175 4151 1227 4208 in
1269 4153 1346 4208 eis
1370 4190 1385 4220 ,
1412 4155 1499 4224 qui
1532 4164 1589 4209 ut
1615 4155 1750 4210 libe-

211 4248 358 4314 rentur
379 4257 406 4294 a
439 4242 728 4310 servitute,
754 4258 858 4314 qua
879 4242 1069 4298 victori
1115 4253 1334 4313 peccato
1357 4245 1555 4301 addicti
1592 4255 1746 4314 sunt,

208 4328 352 4386 divina
372 4334 610 4406 indigent
627 4336 818 4405 gratia,
839 4335 941 4390 nisi
963 4337 1087 4408 quia
1104 4337 1255 4391 liberi
1280 4348 1403 4392 sunt
1427 4347 1482 4393 et
1508 4339 1630 4408 ipsi,
1654 4339 1749 4395 sed

204 4421 423 4492 justitire?
460 4427 601 4483 unde
624 4427 754 4483 dicit
772 4427 1062 4498 Apostolus
1081 4470 1096 4494 ,
1129 4427 1254 4482 Cum
1279 4429 1449 4484 essetis
1476 4432 1604 4486 servi
1627 4448 1748 4504 pec-

204 4515 303 4582 cati,
321 4516 451 4571 liberi
473 4518 644 4588 fuistis
657 4519 876 4591 justitia:
899 4518 1078 4591 (Rom.
1102 4536 1174 4588 vt,
1192 4521 1309 4593 20.)

263 4606 496 4664 LXXVII.
527 4609 648 4666 Jun.
689 4609 1010 4682 Impleveras
1043 4615 1187 4667 enim
1226 4612 1328 4668 hoc
1369 4628 1621 4670 sermone
1645 4615 1750 4670 ali-

200 4699 322 4768 quid,
348 4711 530 4758 contra
554 4703 697 4775 quod
731 4705 776 4759 si
804 4704 995 4760 fuisses
1021 4705 1230 4762 loculus
1251 4707 1490 4773 ulterius,
1521 4708 1744 4766 nimium

200 4789 475 4861 impudens;
503 4793 586 4850 sin
617 4803 796 4851 autem
823 4796 1001 4851 omnia
1031 4798 1379 4854 concinenter
1403 4798 1424 4830 ³
1442 4841 1458 4866 ,
1488 4800 1571 4855 vel
1599 4801 1750 4856 tarde

197 4893 357 4948 posses
383 4899 640 4955 apparere
673 4887 983 4942 correctior.
1024 4886 1175 4943 Nunc
1215 4904 1344 4944 vero
1371 4905 1459 4945 me
1485 4890 1618 4946 dicis
1645 4890 1748 4946 fal-

199 4970 307 5036 lere,
331 4975 415 5045 qui
444 4976 586 5047 quod
614 4977 807 5047 objeci,
842 4994 936 5049 per
972 4989 1023 5033 te
1059 4980 1260 5049 probo;
1291 4991 1346 5037 et
1386 4990 1443 5037 tu
1467 4983 1667 5050 statim,
1693 4983 1746 5040 in

197 5077 248 5116 eo
268 5067 396 5135 quod
422 5075 472 5122 te
499 5079 654 5138 putas
679 5078 1069 5141 consequenter
1094 5071 1409 5127 instruxisse
1431 5113 1448 5139 ,
1483 5075 1745 5131 mentiris.

198 5156 274 5209 Ais
305 5160 515 5229 quippe,
561 5159 681 5215 Non
709 5159 916 5215 liberum
947 5179 1188 5233 negamus
1217 5163 1510 5230 arbitrium;
1538 5175 1592 5221 et
1620 5167 1749 5222 sub-

194 5248 344 5321 jungis
369 5254 732 5309 testimonium
763 5254 1056 5326 Evangelii,
1092 5256 1200 5324 sed,
1235 5274 1253 5308 ι
1290 5255 1352 5312 Si
1376 5275 1460 5313 vos
1485 5257 1534 5310 F
1536 5259 1654 5313 ilius
1679 5259 1747 5313 Ii-

247 5424 262 5454 ί
285 5425 528 5494 uenardus
557 5433 623 5494 _et
655 5423 926 5494 }’ign_ierius
946 5461 960 5485 ,
1011 5425 1251 5494 impietati
1283 5426 1596 5494 temporibus.
1618 5435 1748 5494 less.

311 5495 360 5536 et
387 5488 491 5536 Clar
516 5523 533 5548 ,
548 5485 808 5560 impietatis
829 5485 1131 5560 temporibus.
1151 5498 1209 5560 _ln
1233 5485 1450 5560 editione
1471 5493 1584 5560 anni
1608 5491 1748 5560 1&5,

197 5557 247 5593 ex
269 5549 362 5608 ipso
390 5563 539 5612 quem
563 5549 818 5598 Menardus
842 5549 979 5612 legit,
1006 5554 1162 5601 veleri
1185 5553 1352 5601 codice
1374 5553 1604 5602 secundis
1622 5549 1753 5602 curis

194 5609 704 5686 Eemiw'mesle!“
723 5617 814 5686 εἶξιν
837 5609 1047 5686 initiates
1063 5613 1349 5686 ιβπεροείυαξ
1368 5613 1452 5686 ad
1477 5621 1570 5671 σειν
1588 5613 1752 5686 scate-

193 5671 306 5738 ratis.
343 5675 595 5738 Consentit
629 5678 720 5738 Ms.
749 5679 870 5720 t‘ort.
906 5671 1297 5738 Certegluliauus
1335 5671 1484 5738 inira,
1519 5689 1624 5738 cap.
1648 5675 1710 5725 92
1733 5709 1749 5737 ,

195 5733 322 5803 verba
343 5734 520 5803 eodem
542 5733 631 5803 _i_ll_o
653 5735 832 5803 utitur...
858 5733 1027 5786 Desine
1050 5734 1227 5799 itaque,
1251 5738 1337 5800 ait,
1361 5737 1564 5802 impiare
1578 5733 1650 5788 te.

245 5794 344 5856 {sic
366 5801 472 5845 Mss.
491 5796 631 5851 Editi,
658 5794 932 5856 repudiare.

245 5853 263 5882 ³
283 5858 345 5906 sic
368 5864 468 5906 Mss.
498 5855 620 5906 Editi
640 5853 760 5906 vero
777 5888 792 5917 ,
815 5857 1117 5910 continenter.

1509 383 1707 440 LIBER
1747 382 2014 440 PRIMUS.

3315 390 3453 448 “09.

1870 475 2131 542 beraverit,
2164 492 2183 526 ι
2217 476 2288 529 ait
2319 473 2530 540 Veritas,
2564 495 2583 531 ι
2621 486 2740 532 tunc
2757 493 2867 533 vere
2887 480 3029 534 liberi
3044 480 3180 536 eritis
3215 499 3233 533 ι
3268 481 3448 555 (Joan.

1866 581 1978 634 vnt,
2006 566 2120 638 56).
2146 565 2280 622 Cum
2303 565 2405 623 hoc
2433 568 2482 621 in
2517 568 2605 623 illo
2632 568 2747 624 loco
2775 585 2803 622 a
2835 570 3064 627 Domino
3094 582 3275 627 nostro
3315 574 3444 629 .lesu

1866 666 2076 713 Constet
2112 659 2164 713 in
2196 659 2420 715 liberum
2457 660 2733 716 arbitrium
2775 677 2878 716 non
2922 662 3084 719 fuisse
3125 667 3390 735 prolatum
3422 707 3439 734 ,

1865 749 2016 820 cujus
2045 752 2434 821 expositionem
2479 751 2758 808 sententia:
2783 753 3052 823 paululum
3087 755 3393 814 differentes
3423 799 3439 822 ,

1865 839 2260 899 deﬁnitionibus
2285 853 2342 900 et
2367 843 2736 910 divisionibus,
2767 845 2894 916 quid
2921 855 3160 901 nostrum
3188 848 3444 905 alteruter

1865 933 2080 1000 sentiat,
2098 936 2444 1006 explicemus.
2464 935 2633 991 Debet
2647 937 2863 1007 quippe,
2893 937 3183 993 secundum
3205 940 3442 994 omnium

1863 1024 2145 1080 doctorum
2170 1026 2525 1098 disciplinam,
2567 1028 2837 1084 inchoatio
2861 1027 3236 1099 disputationis
3259 1044 3289 1084 a
3313 1029 3447 1086 defi-

1865 1116 2065 1172 nitione
2092 1122 2250 1173 sumi.

1935 1210 2070 1265 Auc.
2099 1209 2337 1280 Apostoli
2368 1225 2514 1282 ergo,
2542 1211 2633 1282 qui
2663 1211 3077 1284 disputationum
3111 1229 3328 1270 suarum
3359 1214 3444 1270 in-

1863 1299 2176 1357 choationes
2209 1317 2315 1357 non
2345 1317 2374 1356 a
2401 1303 2714 1359 definitione
2738 1314 3115 1376 sumpserunt,
3156 1322 3262 1362 non
3291 1317 3448 1362 erant

1862 1390 2046 1448 docti?
2077 1393 2142 1447 Et
2170 1402 2346 1449 tamen
2375 1403 2527 1450 erant
2554 1395 2806 1452 doctores
2827 1396 3090 1467 gentium,
3125 1405 3183 1454 et
3205 1407 3448 1454 contem-

1861 1491 2045 1554 ptores
2065 1485 2348 1541 doctorum
2376 1487 2580 1553 talium,
2604 1487 2671 1543 de
2693 1487 2883 1559 quibus
2909 1496 2964 1543 te
2989 1487 3218 1544 delectat
3247 1488 3442 1545 inflari.

1861 1573 2013 1643 Quod
2041 1585 2220 1630 autem
2243 1577 2318 1632 ait
2349 1577 2638 1644 Dominus,
2676 1578 2737 1635 Si
2773 1593 2861 1635 vos
2912 1577 3082 1634 Fiiius
3128 1580 3446 1648 liberaverit,

1861 1676 1980 1720 tunc
2003 1683 2114 1722 aere
2135 1667 2277 1722 liberi
2304 1669 2446 1724 eritis
2470 1710 2484 1733 ,
2532 1670 2814 1726 conaberis
2849 1669 3064 1742 quidem
3094 1672 3150 1727 in
3181 1681 3324 1727 tuam
3352 1672 3449 1728 de-

1861 1765 2113 1829 torquere
2159 1761 2479 1816 sententiam
2513 1778 2528 1814 :
2560 1761 2656 1816 sed
2699 1776 2859 1832 quam
2905 1771 2961 1819 te
2997 1777 3105 1818 non
3154 1771 3446 1834 sequatur,

1861 1863 1984 1905 cum
2011 1851 2192 1904 conari
2222 1853 2470 1922 creperis,
2502 1853 2798 1923 apparebit.

1932 1939 2212 1998 LXXVIII.
2243 1943 2365 1998 Jun.
2392 1943 2580 2000 Omnis
2604 1945 2820 2016 quippe,
2863 1953 2922 2001 ut
2952 1947 3028 2002 ait
3064 1946 3174 2013 ille,
3206 1963 3325 2018 qua:
3355 1964 3448 2004 ra-

1861 2032 2008 2090 tione
2037 2035 2327 2104 suscipitur
2352 2035 2420 2091 de
2447 2037 2623 2107 aliqua
2651 2053 2710 2093 re
2736 2037 3044 2108 disputatio,
3075 2038 3234 2095 debet
3259 2052 3291 2095 ιι
3317 2039 3452 2096 deﬁ-

1859 2122 2061 2180 nitione
2088 2125 2372 2195 proficisci,
2401 2136 2460 2180 ut
2498 2127 2825 2198 intelligatur
2864 2128 2990 2199 quid
3031 2129 3101 2184 sit
3143 2129 3195 2186 id
3241 2130 3311 2187 de
3338 2146 3448 2202 quo

1860 2215 2160 2286 disputatur
2186 2216 2404 2288 (Cicero,
2437 2218 2500 2272 de
2531 2218 2739 2290 Ofﬁciis,
2767 2220 2856 2274 lib.
2887 2219 2964 2292 i).
2986 2219 3060 2278 Ita
3090 2236 3220 2292 ergo
3245 2231 3298 2277 et
3319 2238 3440 2290 nos,

1857 2306 1994 2362 sicut
2021 2322 2180 2378 supra
2211 2308 2276 2364 de
2295 2308 2519 2379 justitia:
2543 2319 2596 2364 et
2625 2310 2828 2379 peccati
2851 2310 3158 2368 definitione
3177 2311 3440 2368 disserui-

1859 2413 1999 2460 mus,
2023 2414 2164 2454 nunc
2190 2414 2399 2470 quoque
2424 2399 2697 2455 videamus
2718 2416 2836 2471 qute
2862 2402 3091 2458 libertati
3111 2405 3319 2459 arbitrii
3348 2403 3445 2459 de-

1858 2491 2029 2546 finitio
2052 2500 2320 2563 competat
2355 2501 2410 2547 nt
2438 2490 2651 2563 planum
2680 2493 2769 2558 sit,
2788 2494 2905 2563 quis
2929 2481 2978 2550 ei
2997 2536 3011 2562 ,
3035 2504 3276 2550 nostrum
3309 2511 3444 2551 con-

1856 2583 2056 2638 sentiat
2084 2583 2101 2615 ι
2121 2621 2136 2651 ,
2165 2584 2285 2654 quis
2309 2595 2586 2655 repugnet.
2619 2583 2866 2640 Libertas
2889 2584 3110 2651 arbitrii,
3142 2601 3245 2658 qua
3275 2601 3304 2640 a
3335 2586 3446 2642 Deo

1856 2674 2224 2744 emancipatus
2248 2673 2408 2728 homo
2424 2684 2523 2740 est,
2551 2675 2602 2730 in
2626 2674 2936 2730 admittendi
2968 2678 3172 2747 peccati
3200 2687 3253 2734 ct
3279 2677 3451 2734 absti-

1857 2766 2018 2822 nendi
2046 2781 2076 2820 a
2109 2777 2326 2838 peccato
2358 2767 2706 2837 possibilitate
2731 2769 2994 2824 consistit.

1932 2858 2071 2914 Aut}.
2127 2858 2528 2928 Emancipatnm
2568 2858 2839 2914 hominem
2882 2860 3019 2916 dicis
3052 2876 3083 2916 a
3123 2860 3236 2917 Deo
3281 2877 3295 2916 :
3345 2877 3446 2919 nec

1856 2947 2089 3002 attendis
2111 2946 2214 3003 hoc
2240 2962 2362 3004 cum
2384 2949 2719 3020 emancipato
2747 2950 2852 3022 agi,
2885 2959 2944 3006 ut
2971 2950 3024 3006 in
3052 2949 3251 3008 familia
3276 2953 3445 3025 patris

1856 3052 1962 3093 non
1992 3037 2084 3094 sit.

1927 3123 2168 3184 LXXIX.
2200 3127 2322 3185 Jun.
2368 3125 2588 3185 Factum
2619 3139 2700 3186 est
2729 3132 2871 3187 enim
2906 3131 3102 3187 animal
3129 3133 3392 3190 rationale
3423 3175 3442 3203 ,

1856 3219 2103 3286 mortale,
2134 3233 2300 3290 capax
2328 3219 2541 3276 virtutis
2566 3229 2621 3276 et
2649 3220 2784 3287 vitii,
2815 3222 2956 3292 quod
2988 3232 3168 3293 posset
3200 3240 3268 3279 ex
3304 3239 3440 3281 con-

1855 3323 2006 3364 cessa
2045 3309 2146 3365 sibi
2186 3311 2536 3380 possibilitate
2564 3311 2646 3366 vel
2678 3326 2894 3368 servare
2935 3313 3029 3369 Dei
3059 3314 3328 3386 mandata,
3357 3317 3440 3371 vel

1855 3399 2182 3470 uansgredi,
2227 3400 2314 3455 vel
2355 3401 2664 3472 magisterio
2715 3403 2944 3458 naturali
2994 3417 3314 3462 conservare
3352 3405 3442 3476 jus

1855 3491 2103 3548 humana:
2155 3493 2447 3558 societatis,
2494 3494 2830 3562 liberumque
2874 3495 3095 3552 haberet
3129 3497 3439 3552 alterutram

1854 3583 1991 3640 velle
2015 3594 2242 3656 partem,
2270 3586 2323 3640 in
2351 3602 2456 3656 quo
2484 3583 2687 3657 peccati
2729 3596 2784 3642 ct
2822 3587 3042 3659 justitite
3084 3604 3290 3643 summa
3337 3600 3440 3646 est.

1853 3675 1988 3732 Nam
2038 3691 2158 3732 cum
2203 3677 2400 3748 aliquid
2446 3677 2737 3733 secundum
2763 3680 3013 3734 virtutem
3044 3662 3439 3751 indigentibus,

1854 3779 1944 3824 aut
1968 3769 2035 3824 de
2059 3769 2436 3825 misericordia:
2466 3769 2720 3837 fontibus,
2752 3780 2843 3824 aut
2869 3769 2937 3825 de
2956 3769 3177 3840 jttstitize
3219 3771 3441 3826 immul-

1852 3869 1943 3931 get
1969 3863 1990 3893 ³
2021 3861 2310 3926 uberibus;
2363 3862 2464 3917 hoc
2490 3871 2743 3932 Operatur
2771 3862 2902 3917 foris
2926 3862 3036 3933 jam
3065 3863 3175 3934 ipsa
3199 3863 3438 3934 justitia,

1853 3967 2012 4024 quam
2044 3951 2187 4006 intus
2217 3954 2464 4009 voluntas
2493 3962 2675 4008 sancta
2705 3955 2952 4023 concepit
2980 3962 3035 4009 et
3063 3953 3293 4024 peperit.

1925 4046 2062 4100 Auc.
2097 4045 2284 4102 Utrum
2312 4045 2380 4100 de
2408 4060 2507 4101 suo
2531 4044 2788 4116 justitiam
2811 4047 3120 4117 conceperit
3143 4043 3185 4114 ³,
3218 4046 3321 4102 hoc
3341 4061 3440 4102 vo-

1853 4137 2060 4193 biscum
2099 4137 2293 4207 agitur,
2322 4137 2409 4207 qui
2434 4138 2739 4204 ignorantes
2771 4137 2862 4192 Dei
2893 4137 3180 4208 justitiam,
3207 4147 3439 4193 vestram

1854 4229 2015 4285 Vultis
2040 4231 2366 4286 constituere
2402 4229 2582 4300 (Rom.
2615 4247 2667 4297 χ,
2701 4229 2757 4304 3)
2783 4249 2796 4286 :
2821 4247 2942 4286 cum
2978 4232 3228 4288 voluntas
3255 4241 3441 4289 sancta

1854 4321 2040 4391 utique
2077 4321 2335 4390 justitiam
2373 4331 2556 4376 sancta
2585 4322 2908 4391 cogitatione
2933 4323 3219 4394 concipiat,
3245 4324 3312 4380 de
3335 4339 3441 4396 qua

1831 4411 2107 4483 scriptum
2130 4419 2233 4477 est,
2257 4409 2508 4482 Cogitatio
2533 4421 2710 4466 sancta
2735 4412 2948 4468 servabit
2969 4421 3016 4468 te
3042 4409 3222 4486 (Prov.
3253 4429 3312 4481 tt,
3345 4415 3437 4480 11,

1853 4517 1953 4556 sec.
1985 4500 2183 4572 LXX);
2213 4500 2345 4556 dicit
2370 4509 2550 4556 autem
2587 4502 2876 4574 Apostolus
2899 4543 2916 4571 ,
2957 4502 3081 4559 Non
3107 4505 3226 4575 quia
3269 4505 3442 4560 idonei

1851 4609 2024 4648 sumus
2049 4593 2273 4664 cogitare
2293 4592 2490 4665 aliquid
2513 4593 2658 4663 quasi
2687 4609 2750 4648 ea:
2775 4594 3170 4667 nobismetipsis,
3193 4595 3287 4651 sed
3321 4601 3440 4670 suf-

1854 4685 2072 4755 ﬁcientia
2105 4693 2282 4740 nostra
2327 4699 2392 4740 ea:
2436 4683 2549 4738 Deo
2587 4693 2662 4740 est
2709 4683 2787 4757 (II
2833 4684 2954 4742 Cor.
3009 4701 3086 4754 ttt,
3131 4685 3209 4760 5).
3253 4688 3366 4745 Hoc
3394 4689 3441 4746 si

1853 4774 2202 4845 intelligatis,
2258 4790 2367 4830 non
2425 4774 2570 4831 aliud
2620 4772 2929 4846 intelligetis
2982 4792 3105 4836 esse
3153 4778 3437 4838 arbitrium

1857 4865 2188 4921 laudabiliter
2227 4865 2473 4933 liberum,
2501 4865 2608 4922 nisi
2632 4865 2776 4938 quod
2803 4866 2966 4925 fuerit
2991 4868 3084 4925 Dei
3102 4867 3272 4941 gratia
3295 4872 3437 4929 libe-

1852 4964 2046 5012 ratum.

1925 5045 2138 5102 LXXX.
2195 5045 2317 5102 Jun.
2357 5047 2446 5103 Sic
2485 5055 2541 5102 et
2565 5061 2688 5102 cum
2714 5063 2746 5105 e
2771 5048 2984 5104 diverso
3007 5056 3247 5106 statuens
3277 5067 3440 5122 prava

1853 5155 2012 5209 agere
2043 5140 2096 5193 in
2123 5139 2350 5194 aliorum
2378 5139 2626 5210 iujuriam
2651 5178 2669 5209 ,
2717 5141 2803 5197 vel
2842 5141 3056 5212 iniquus
3094 5144 3212 5213 quis
3237 5143 3397 5200 fuerit
3419 5183 3436 5207 .

1853 5233 1936 5288 vel
1966 5231 2231 5297 crudelis;
2261 5233 2503 5302 operatio
2531 5248 2633 5303 qua
2673 5243 2832 5290 nocet
2859 5235 2999 5302 aliis,
3027 5251 3060 5291 a
3087 5238 3322 5307 nequitia
3350 5237 3437 5292 fo-

1853 5339 1942 5380 ras
1970 5321 2344 5394 proﬁciscitur,
2375 5337 2532 5393 quant
2563 5324 2705 5380 intus
2727 5325 2866 5380 maia
2885 5327 3134 5381 voluntas
3154 5327 3436 5382 seminavit

1855 5425 1910 5471 et
1959 5414 2143 5486 genuit
2193 5433 2206 5469 :
2255 5429 2375 5469 cum
2426 5431 2554 5471 vero
2602 5417 2754 5472 deest
2783 5418 3036 5483 facultas,
3067 5432 3345 5487 perquam
3382 5419 3434 5473 in

1857 5505 2132 5576 proximos
2178 5505 2257 5559 vis
2299 5515 2521 5563 secretae
2573 5507 2862 5563 voluntatis
2901 5515 3161 5576 erumpat,
3213 5507 3270 5561 in
3321 5509 3435 5580 ipsa

1921 5617 2100 5690 igniti,
2121 5616 2226 5681 quis
2244 5623 2458 5670 nostram
2487 5617 2769 5682 consentiat;
2786 5619 2980 5680 omisso,
2999 5615 3063 5679 ei,
3085 5617 3214 5681 quod
3241 5631 3306 5669 ex
3329 5627 3435 5671 Mss.

1855 5685 2145 5730 restituitur.

1920 5739 2520 5815 fSeéeX.Mat:zindulget-
2569 5803 2602 5815 ..
2739 5801 2752 5815 .
2920 5802 2950 5815 ..
3075 5804 3106 5815 ..
3179 5805 3209 5815 _.

1859 5801 2297 5912 "umidaumida
2332 5801 2639 5869 conéeperit;
2661 5801 2805 5867 male,
2830 5816 2886 5855 ac
2905 5802 3310 5856 dissentientibus
3335 5813 3437 5853 mea
