4014 6488
531 406 667 466 nus

528 539 702 580 tamen
723 521 838 579 sola
865 520 1156 586 voluntate,
1184 533 1303 589 quae
1328 513 1528 588 aliquid
1557 513 1640 569 vel
1667 507 1794 568 boni
1821 519 1910 568 vet
1937 511 2061 567 mali
2091 551 2107 578 ,

488 635 633 674 'non
685 617 886 686 impetu
931 613 1104 679 brevi,
1153 609 1248 666 sed
1293 609 1612 680 cogitatione
1646 605 1986 677 appetituque
2016 609 2110 673 pa-

529 709 769 775 tiaverit,
796 707 882 764 vel
912 695 1252 778 benignitatis
1280 713 1360 758 est
1398 702 1536 757 ratio
1576 699 1813 772 impleta,
1845 697 1930 754 vel
1961 691 2116 752 mali-

525 789 763 876 gilium.

612 920 746 974 Atto.
775 915 920 971 Sicut
951 911 1203 982 intelligis
1229 909 1556 964 voluntatem
1583 906 1743 961 etiam
1772 904 1885 960 sola
1914 903 2114 974 cogita-

529 1012 674 1066 tidne
713 1010 971 1064 rationem
1007 1005 1091 1061 vel
1129 1002 1470 1074 benignitatis
1509 1000 1591 1055 vel
1621 997 1966 1068 malignitatis
2015 997 2116 1050 itu-

529 1104 693 1173 plere,
717 1102 760 1156 si
786 1117 851 1156 eo
873 1099 1032 1156 modo
1061 1096 1345 1167 intelligas,
1378 1092 1520 1164 quod
1552 1093 1567 1124 ¹
1599 1091 1666 1146 de
1687 1090 1824 1144 bona
1849 1098 1903 1143 et
1929 1095 2114 1142 sancta

527 1197 849 1268 cogitatione
877 1197 1100 1266 loquens
1136 1191 1423 1264 Apostolus
1457 1188 1554 1254 ait,
1589 1202 1694 1241 non
1723 1199 1844 1240 esse
1869 1198 1972 1238 nos
1997 1181 2113 1235 ido-

537 1305 670 1347 neos
693 1291 930 1361 rogitare
957 1286 1154 1358 aliquid
1179 1283 1334 1356 quasi
1361 1300 1427 1339 ex
1451 1278 1870 1349 nobismetipsis,
1891 1276 1983 1332 sed
2007 1275 2118 1329 suf-

531 1382 815 1439 ﬁcientiam
861 1388 1096 1435 nostram
1134 1392 1198 1432 ex
1239 1377 1348 1431 Deo
1387 1388 1541 1439 esse;
1587 1370 1786 1440 poteris
1813 1367 2030 1435 corrigi,
2061 1374 2116 1419 et

531 1472 746 1527 humilis
769 1472 1041 1540 suscipere
1064 1468 1307 1539 gratiam,
1338 1465 1422 1521 cui
1447 1473 1497 1519 te
1517 1461 1761 1532 superbia
1785 1457 1910 1513 fecit
1934 1455 2116 1511 inimi-

527 1578 672 1628 cum,
704 1563 831 1616 dum
853 1562 943 1615 vis
985 1561 1039 1614 in
1081 1559 1160 1614 eis
1195 1571 1350 1623 esse,
1389 1555 1476 1626 qui
1516 1552 1789 1609 confidunt
1825 1550 1879 1604 in
1921 1549 2117 1603 virtute

527 1670 622 1708 sua
648 1652 819 1726 (Psal.
850 1667 1030 1716 sum,
1061 1651 1150 1718 7);
1181 1663 1288 1702 non
1329 1647 1380 1701 in
1419 1645 1497 1701 eis
1537 1643 1627 1714 qui
1655 1641 1858 1706 dicunt,
1889 1638 2117 1710 Diligam

533 1754 602 1812 te,
625 1743 861 1808 Domine,
891 1742 1052 1797 virtus
1076 1737 1390 1812 mea-(Psal.
1419 1751 1547 1802 xvtt,
1577 1732 1654 1806 Ξ).

600 1855 836 1912 LXXXI.
877 1855 996 1910 ιω..
1032 1855 1098 1909 Et
1131 1852 1258 1908 boni
1295 1850 1456 1922 igitur
1475 1848 1828 1922 "possibilitas,
1857 1853 1912 1902 et
1940 1845 2062 1900 mali
2095 1886 2112 1911 ,

527 1950 666 2005 bona
704 1956 788 2004 est
828 1965 840 2000 :
879 1945 1130 2017 quoniam
1181 1958 1337 2013 posse
1375 1941 1574 1997 bonum
1622 1940 1796 1994 facere
1811 1977 1830 2004 -,
1863 1938 1980 1992 aula
2010 1938 2117 1991 vir-

527 2040 657 2095 tutis
681 2047 761 2095 cst
802 2037 858 2102 ’ς
891 2051 1050 2108 posse
1075 2034 1274 2090 malum
1322 2033 1516 2098 facere,
1559 2029 1924 2087 testimonium
1955 2028 2120 2082 liber-

530 2130 653 2186 tatis
679 2139 780 2186 est.

600 2244 734 2301 Auu.
763 2241 879 2298 Non
923 2249 1006 2297 est
1044 2255 1172 2312 ergo
1201 2239 1335 2294 liber
1363 2238 1522 2302 Deus,
1547 2235 1613 2292 de
1640 2249 1744 2307 quo
1770 2233 1968 2289 dictum
1995 2241 2076 2287 est
2100 2275 2114 2299 ,

532 2335 735 2408 Negare
756 2350 810 2389 se
832 2335 997 2404 ipsum
1021 2349 1118 2386 non
1151 2339 1310 2402 potest
1339 2328 1416 2399 (ll
1449 2327 1583 2382 Tim.
1605 2342 1663 2393 ιι,
1693 2325 1778 2396 15)
1809 2333 1899 2380 :et
1924 2324 1992 2380 de
2012 2337 2118 2394 quo

529 2422 690 2486 etiam
721 2428 834 2496 ipse
855 2424 1059 2490 dixisti,
1090 2422 1227 2476 Deus
1255 2437 1361 2476 esse
1388 2421 1490 2474 nisi
1511 2419 1685 2490 justus
1711 2434 1810 2471 non
1832 2426 1991 2487 potest
2014 2432 2033 2479 ;
2065 2424 2121 2470 et

529 2514 638 2574 alio
662 2517 802 2582 loco,
838 2514 958 2569 Non
986 2523 1146 2584 potest
1173 2520 1337 2566 autem
1358 2509 1520 2576 Deus,
1544 2509 1735 2580 inquis,
1767 2507 1864 2561 nisi
1876 2507 2049 2577 justus
2069 2515 2116 2559 et

531 2609 646 2680 pius
665 2623 772 2662 esse
791 2604 1010 2679 (Supra,
1041 2620 1191 2674 capp.
1223 2602 1317 2670 28,
1347 2601 1462 2673 67).

599 2714 866 2775 LXXXII.
909 2715 1030 2772 Jun.
1075 2715 1178 2772 Per
1204 2713 1305 2770 hoc
1333 2714 1496 2786 igitur
1520 2713 1756 2785 suppetit
1783 2712 1983 2768 homini
2026 2712 2122 2766 lia-

531 2811 664 2868 bere
684 2809 959 2882 proprium
987 2809 1206 2872 bonum,
1229 2822 1323 2878 per
1341 2805 1483 2877 quod
1500 2807 1547 2862 ei
1569 2807 1752 2861 subest
1769 2819 1924 2876 posse
1945 2803 2120 2859 facere

530 2892 748 2958 malum.
791 2899 922 2955 Tota
949 2913 1078 2970 ergo
1105 2897 1271 2954 divini
1309 2893 1598 2967 plenitudo
1619 2895 1806 2966 judicii
1843 2901 1950 2948 tam
1993 2893 2121 2964 jun-

529 2999 678 3048 ctum
705 2991 864 3047 habet
889 2989 1161 3062 negotium
1187 3003 1309 3044 cum
1338 2989 1437 3044 hac
1459 2988 1704 3044 libertate
1732 2987 2033 3052 hominum,
2062 2995 2122 3042 ut

533 3084 722 3140 harum
747 3083 838 3155 qui
865 3097 1024 3138 unam
1055 3080 1359 3152 agnoverit,
1393 3081 1580 3136 ambas
1621 3079 1850 3135 noverit.
1879 3077 2032 3135 Unde
2065 3079 2122 3133 lit

529 3189 592 3236 ut
618 3179 807 3235 harum
839 3191 998 3233 unam
1029 3176 1121 3247 qui
1148 3167 1450 3240 violaverit,
1490 3173 1676 3228 ambas
1705 3171 1885 3228 violet.
1911 3170 1999 3227 Sic
2025 3170 2123 3242 igi-

531 3283 620 3330 tur
646 3280 702 3330 et
730 3271 950 3327 libertas
984 3269 1201 3325 humani
1245 3265 1574 3324 custodiatur
1601 3264 1831 3328 arbitrii,
1860 3262 2120 3346 quemad-

532 3365 749 3421 modum
769 3363 947 3419 divina
974 3362 1201 3434 aequitas
1226 3359 1524 3416 custoditur
1541 3358 1582 3410 ⁸.
1608 3353 1705 3413 llic
1725 3357 2026 3412 intellectus
2055 3355 2120 3410 Ii-

532 3460 648 3515 beri
668 3457 881 3513 arbitrii
925 3465 1029 3523 est,
1058 3455 1146 3526 qui
1171 3464 1226 3511 et
1251 3454 1476 3509 fatorum
1519 3451 1845 3522 opinionem,
1877 3460 1930 3506 et
1959 3448 2123 3505 Chal-

533 3548 773 3608 daeorum
798 3547 1252 3619 supputationem,
1280 3554 1336 3601 et
1353 3543 1766 3599 Manichaeorum
1793 3542 2119 3614 phantasias,

541 3641 754 3700 veritati
779 3636 1191 3696 ecclesiasticai‘
1217 3635 1534 3706 subiugavit.
1564 3633 1662 3690 ilic
1691 3632 1990 3689 intellectus
2016 3640 2120 3697 est,

531 3733 623 3805 qui
648 3747 768 3790 cum
790 3731 915 3797 illis,
937 3743 1075 3800 quos
1099 3726 1555 3791 enumeravimus,
1586 3740 1683 3780 vos
1720 3725 1882 3780 etiam
1913 3738 1944 3778 a
1967 3722 2123 3779 Chri-

533 3832 622 3879 sto
649 3829 915 3879 monstrat
942 3820 1171 3875 alienos.
1194 3817 1453 3875 Libertas
1492 3816 1654 3886 igitur
1678 3814 1916 3881 arbitrii,
1939 3814 2122 3885 possi-

534 3914 715 3970 bilitas
739 3922 822 3968 est
860 3912 944 3968 vel
969 3909 1287 3966 admitteudi
1316 3909 1402 3963 vel
1429 3905 1632 3963 vitandi
1661 3906 1902 3976 peccati,
1929 3920 2122 3974 expers

535 4005 776 4077 cogentis
801 4001 1156 4069 necessitatis,
1183 4015 1304 4072 qua:
1330 3999 1382 4054 in
1411 4013 1509 4054 suo
1538 4006 1720 4068 utpote
1750 3993 1910 4068 jure“
1939 3995 2120 4064 habet,

534 4108 715 4154 utrum
740 4096 1068 4168 surgentium
1099 4103 1304 4166 partem
1323 4091 1346 4124 ⁸
1383 4100 1655 4162 sequatur,
1689 4089 1742 4144 id
1769 4099 1883 4155 est,
1914 4090 1998 4146 vel
2037 4104 2126 4144 ar-

535 4191 640 4246 dua
665 4201 961 4260 asperaque
987 4185 1264 4252 virtutum,
1293 4183 1378 4240 vel
1401 4183 1648 4239 demersa
1671 4188 1726 4237 et
1741 4181 2000 4251 palustria
2026 4195 2122 4235 vo-

539 4282 960 4432 ιιιιΧῗιέωιίοωο
979 4368 1229 4443 quamdiu
1259 4367 1404 4424 stetit
1429 4367 1483 4422 in
1512 4366 1650 4422 bona
1671 4364 1942 4429 voluntate
1970 4363 2122 4420 liberi

603 4548 621 4578 ι
641 4543 779 4604 editi,
804 4539 906 4594 sola
927 4537 1218 4604 rationeng
1254 4532 1554 4601 benignitatis
1593 4533 1664 4604 pel
1696 4530 2008 4604 malignitatis
2032 4533 2122 4584 im-

536 4604 681 4671 pleri,
703 4601 747 4656 si
765 4596 822 4671 'e_o
841 4601 984 4655 mdo
1006 4599 1272 4668 intelligas,
1297 4596 1407 4662 quo.
1430 4596 1753 4648 Emendantur
1777 4596 1843 4645 ei
1867 4603 1972 4645 Mss.
1994 4604 2117 4647 Port.

540 4665 894 4791 ua:
915 4739 967 4777 se
985 4725 1156 4776 bonum
1167 4720 1357 4791 facere,
1383 4717 1489 4772 laus
1511 4718 1696 4771 virtutis
1730 4726 1817 4771 est.
1842 4717 1935 4770 Sed
1957 4726 2121 4770 nostra

539 4790 686 4841 lectio
711 4781 788 4850 est
805 4781 1027 4850 'veterum
1052 4781 1264 4850 omnium
1284 4781 1547 4850 librorum._
1606 4845 1616 4850 _
1843 4839 1874 4850 η

603 4849 794 4914 ξωίιὶ,
840 4848 1060 4914 custodit.
1105 4846 1272 4897 Melius
1311 4845 1648 4914 manuscripti‘,
1688 4841 1976 4914 custoditur.

604 4913 731 4978 θείς
755 4905 883 4978 ⁸διεςιι.
931 4911 1048 4978 Editi
1092 4922 1241 4978 vero,
1284 4906 1480 4978 ueritate
1528 4905 1890 4978 ecclesiastica.

602 4977 624 5045 ε
649 4973 796 5045 βαίην
816 4971 885 5045 in
914 4975 1077 5045 δυορρε
1103 4965 1248 5045 me;
1271 4970 1474 5045 Antiqui
1493 4965 2119 5045 ennsililtriafiwzis‘

539 5027 795 5147 Intejureg
816 5027 1188 5106 Vos,.pote,_bic
1225 5027 1420 5103 forsitan
1458 5031 1616 5102 posita
1641 5030 1729 5090 (ut
1751 5027 1993 5077 interdum
2017 5027 2117 5090 ﬁt),

561 5112 647 5148 (.co
669 5103 968 5156 nominatim,
997 5101 1119 5159 potis
1147 5103 1165 5142 :
1195 5100 1249 5142 ut
1273 5091 1401 5141 idem
1430 5100 1508 5153 sat,
1532 5097 1583 5141 ut
1606 5097 1745 5155 pote;
1781 5101 1854 5150 ac,
1890 5095 2119 5152 tanquam

540 5167 922 5286 Maxentii-dus,
945 5220 1114 5286 utram.
1137 5212 1454 5286 suggerentiw
1718 5219 1835 5272 Vox,
1861 5222 2119 5286 suggeren-

539 5289 640 5348 (ιφ,
670 5282 890 5348 barbara,
911 5274 1078 5348 neque
1101 5274 1321 5348 honiijnis
1344 5274 1531 5348 θήῃ-ῃῇὶ
1553 5274 1790 5348 lulianum
1813 5274 1976 5348 supra,
2010 5285 2114 5348 cap.

540 5334 854 5407 22,'appellat
875 5334 1183 5407 augtfstiuus,
1205 5337 1423 5386 Tulliani.
1443 5337 1712 5407 vignierius
1733 5334 1884 5407 porro
1894 5341 1946 5407 et
1963 5334 2116 5382 codex

544 5403 787 5458 Pot-tarum
809 5403 1091 5468 praeferunt,
1117 5406 1277 5470 utrum
1291 5403 1646 5470 suggerentum
1667 5405 1870 5470 partem.
1894 5403 1984 5470 Nos
2007 5409 2118 5466 eum

541 5455 757 5530 'Mar.
775 5501 790 5521 .
809 5455 978 5530 'utrum
1012 5455 1308 5530 surgentium
1349 5455 1537 5524 partem
1567 5455 1718 5521 :quia
1754 5460 1824 5530 sic
1849 5455 2118 5530 se‘legisse

541 5519 1029 5592 indicatgaugustinus
1063 5519 1380 5592 responsione
1403 5533 1515 5592 sua,
1539 5519 1638 5584 qua
1662 5519 1864 5592 gratlam
1897 5519 2013 5568 dicit
2033 5519 2119 5568 ho-

541 5592 659 5654 mini
677 5590 736 5641 ad
751 5580 1066 5654 su‘Egendum,
1099 5580 1195 5635 non
1217 5585 1360 5654 stanti
1388 5580 1603 5654 quidem,
1626 5580 1714 5632 sed
1741 5580 2118 5654 lapsqneeessa—

542 5641 680 5703 riam.
718 5641 868 5702 νονιὲ
898 5641 1112 5715 Julianus
1149 5641 1446 5715 scripserat,
1479 5641 1640 5694 utram
1665 5641 1970 5715 surgentizmt
2005 5654 2121 5714 par-

542 5720 653 5776 tem.
677 5715 910 5776 virtutum
944 5711 1129 5762 scilicet
1150 5707 1540 5776 ac__volupt_atum
1568 5707 1832 5776 contrarias
1864 5711 2027 5776 partes
2058 5707 2119 5752 si-

543 5775 644 5840 mul
675 5775 746 5825 ad
798 5773 1092 5840 νυιιιιιιεμξεξι
1134 5764 1491 5840 ,δομίεῖιδίιιιξιη
1506 5775 1799 5840 ..ξυξεοηιεξ
1821 5764 2115 5840 suam?

545 5838 752 5897 videtur,
779 5844 925 5900 atque
949 5835 1008 5884 ad
1029 5831 1146 5883 illud
1170 5831 1390 5882 alludere
1412 5829 1574 5886 Taciti,
1603 5827 1724 5877 libro
1741 5827 2046 5880 Historiarum
2065 5827 2114 5888 3,

545 5911 647 5956 cap.
670 5899 717 5956 ι,
749 5917 772 5947 ι
793 5898 1106 5956 surgentibus
1127 5903 1226 5947 tum
1249 5894 1458 5944 maxime
1478 5891 1707 5956 partibus.
1734 5907 1756 5937 ι

542 5911 647 5964 cap.
670 5907 717 5962 ι,
749 5917 772 5947 ι
793 5907 1106 5962 surgentibus
1127 5907 1226 5947 tum
1249 5907 1458 5944 mastme
1478 5907 1707 5956 parunus.
1734 5907 1756 5937 s

1205 399 1448 458 OPERIS
1486 398 1893 455 IMPERFECTI
1925 397 2197 454 CONTRA
2237 395 2602 463 JULIANUM,
2643 395 2702 452 S.
2742 390 3112 454 AUGUSTlNl

3653 401 3786 459 ηοι

2224 512 2450 579 arbitrii,
2486 528 2591 567 non
2633 522 2767 584 opus
2800 511 3031 568 habebat
3061 527 3125 567 ea
3163 511 3348 583 gratia,
3383 526 3484 582 qua
3514 510 3782 583 levaretur,

2221 612 2342 658 cum
2373 609 2591 673 surgere
2622 602 2735 674 ipSe
2759 620 2865 658 non
2885 612 3063 674 posset
3084 621 3099 658 :
3117 611 3264 658 nunc
3289 617 3417 658 vero
3438 602 3490 657 in
3511 603 3663 659 ruina
3679 622 3784 672 sua,

2223 689 2359 751 liber
2383 703 2465 750 est
2488 693 2706 765 justitire
2728 738 2742 762 ,
2770 711 3063 766 servusque
3092 695 3323 765 peccati;
3355 709 3452 750 nec
3483 702 3652 764 potest
3677 711 3785 751 ser-

2227 802 2320 840 vus
2341 801 2459 842 esse
2480 787 2704 857 justitia:
2723 829 2738 853 ,
2771 794 2825 842 et
2864 787 2999 843 liber
3025 802 3055 841 a
3091 787 3402 843 dominante
3429 797 3663 858 peccato,
3693 790 3786 845 nisi

2223 893 2344 933 eum
2378 877 2541 932 Filius
2562 879 2880 934 liberaVerit.

2289 966 2572 1024 LXXXIII.
2603 969 2722 1025 JUL.
2762 958 2911 1038 Quod
2939 979 2998 1025 ut
3024 970 3260 1027 breviter
3285 965 3611 1036 absolvatur,
3633 973 3790 1040 possi-

2224 1059 2400 1114 bilitas
2441 1069 2528 1116 est
2556 1060 2622 1116 ad
2666 1061 2767 1117 hoc
2805 1063 2976 1117 solum
3007 1063 3305 1129 excubans,
3349 1073 3416 1116 ne
3445 1063 3607 1116 homo
3627 1063 3703 1117 vel
3741 1064 3786 1117 in

2223 1156 2496 1220 peccatum
2533 1168 2561 1206 a
2599 1168 2863 1222 quoquam
2905 1153 3224 1223 impellatur,
3263 1153 3346 1208 vel
3380 1167 3410 1207 a
3437 1161 3652 1223 peccato
3673 1153 3788 1209 abs-

2224 1242 2494 1309 trahatur,
2542 1245 2809 1299 voluntate
2846 1246 3052 1314 captiva
3083 1263 3096 1298 :
3126 1259 3284 1315 quam
3321 1259 3426 1299 non
3467 1259 3625 1314 posse
3660 1247 3784 1314 capi,

2222 1335 2267 1388 si
2297 1335 2418 1388 dedi
2448 1336 2558 1404 ipsa
2588 1337 2836 1402 noluerit,
2869 1345 3091 1392 testatur
3120 1335 3407 1402 fortitudo,
3443 1336 3593 1406 cujus
3622 1333 3788 1391 lacerti

2223 1425 2276 1480 in
2302 1432 2606 1496 contemptu
2636 1427 2880 1482 dolorum
2905 1437 2958 1483 et
2978 1437 3074 1499 per
3091 1426 3330 1483 Gentﬂes
3354 1437 3408 1482 ct
3435 1439 3528 1498 per
3544 1423 3792 1482 Christia-

2223 1535 2322 1574 nos
2347 1520 2558 1575 assidue
2585 1522 2910 1577 claruerunt.

2293 1612 2426 1668 Anc.
2469 1605 2581 1666 Hoc
2608 1621 2690 1668 est
2734 1613 2948 1684 utique,
2975 1611 3119 1683 quod
3156 1613 3295 1684 agit'
3325 1611 3550 1668 haeresis
3579 1620 3746 1667 vestra
3778 1631 3791 1667 :

2222 1699 2288 1756 ad
2330 1701 2432 1756 hoc
2469 1704 2611 1757 enim
2643 1703 2838 1759 additis
2878 1712 2933 1760 et
2961 1704 3226 1770 Gentiles,
3255 1719 3322 1759 ne
3355 1704 3454 1774 pia:
3481 1702 3795 1758 fortitudinis

2222 1807 2355 1863 opus
2387 1791 2478 1848 Dei
2509 1796 2677 1865 gratia
2700 1795 2986 1850 Christiani
3017 1795 3194 1851 facere
3216 1796 3472 1866 potuisse,
3495 1803 3586 1849 aut
3616 1793 3798 1850 fecisse

2221 1885 2544 1950 credantur;
2569 1893 2688 1957 qua:
2713 1887 3026 1942 Christianis
3048 1896 3131 1942 est
3158 1887 3390 1958 propria,
3411 1901 3514 1941 non
3541 1885 3795 1941 Christia-

2222 1977 2306 2032 nis
2333 1977 2736 2050 Gentilibusque
2761 1980 3080 2035 communis.
3111 1980 3302 2034 Audite
3338 1995 3484 2050 ergo,
3517 1989 3574 2035 et
3610 1979 3797 2035 intelli-

2221 2070 2328 2139 gite
2369 2087 2382 2122 :
2437 2069 2820 2127 Fortitudinem
2863 2068 3156 2128 Gentilium
3205 2071 3470 2126 mundana
3515 2072 3797 2142 cupiditas,

2224 2161 2580 2217 fortitudinem
2607 2173 2785 2218 autem
2815 2163 3242 2218 ChriStianorum
3265 2163 3359 2219 Dei
3388 2163 3624 2219 charit’as
3653 2163 3797 2228 facit;

2224 2268 2342 2324 qua:
2367 2254 2556 2310 dill‘usa
2585 2265 2664 2310 est
2689 2257 2739 2310 in
2759 2256 3008 2311 cordibus
3035 2257 3251 2323 nostris,
3277 2271 3381 2309 non
3410 2267 3504 2325 per
3525 2255 3802 2310 voluntatis

2224 2347 2501 2401 arbitrium
2521 2389 2536 2414 ,
2567 2347 2708 2418 quod
2744 2354 2828 2403 est
2855 2363 2884 2401 a
2925 2347 3078 2404 nobis
3097 2389 3112 2413 ,
3143 2347 3237 2403 sed
3268 2363 3362 2418 per
3396 2344 3654 2418 Spiritum
3683 2361 3803 2403 san-

2223 2443 2367 2494 ctum
2397 2441 2485 2509 qui
2511 2440 2666 2495 datus
2693 2451 2774 2496 est
2796 2440 2948 2495 nobis
2979 2439 3151 2511 (Rom.
3185 2456 3239 2508 v,
3270 2438 3348 2512 5).

2296 2530 2580 2586 LXXXIV.
2621 2529 2736 2587 JUL.
2779 2532 2834 2588 Si
2859 2548 2986 2603 ergo
3013 2542 3114 2598 est,
3149 2542 3206 2587 ut
3230 2533 3365 2587 ratio
3394 2531 3640 2602 prodidit,
3667 2529 3804 2584 arbia

2227 2621 2315 2675 trii
2355 2621 2574 2676 libertas
2616 2622 2970 2692 propulsatrix
3002 2623 3376 2678 necessitatum
3398 2663 3413 2688 ,
3446 2633 3502 2677 ut
3539 2634 3696 2676 nemo
3735 2620 3805 2674 sit

2225 2713 2308 2767 vel
2331 2713 2502 2767 bonus
2526 2713 2606 2768 vel
2637 2714 2829 2780 malus,
2860 2714 2945 2769 cui
2974 2724 3080 2768 non
3106 2717 3176 2769 sit
3199 2714 3426 2769 liberum
3451 2728 3575 2769 esse
3598 2721 3806 2767 contra-

2226 2804 2362 2858 rium
2385 2820 2398 2869 ;
2429 2805 2877 2874 quemadmodum
2905 2813 2959 2860 tu
2977 2805 3364 2861 atttco‘nfessus
3383 2818 3443 2861 es
3469 2806 3700 2862 liberum
3725 2819 3808 2858 ar-

2224 2896 2464 2965 bitrium,
2498 2899 2722 2952 usurus”
2749 2897 2838 2952 tali
2867 2898 3172 2954 testimonio
3199 2898 3340 2969 quod
3368 2899 3602 2970 captivis
3619 2911 3808 2955 convea

2226 2987 2363 3055 nit’,
2391 2997 2482 3043 aut
2506 2989 2609 3044 tale
2647 2989 3008 3044 testimonium
3047 2990 3348 3056 subdidisti,
3371 2995 3656 3061 postquam
3690 2987 3813 3045 libca

2226 3081 2345 3133 rum
2389 3078 2566 3134 fueras
2602 3078 2880 3134 confessus
2908 3079 3229 3134 arbitrium?
3263 3080 3358 3134 Ais
3399 3080 3545 3135 enim
3583 3098 3599 3136 :
3651 3098 3669 3133 ι
3701 3077 3811 3134 Non

2226 3186 2481 3241 negamus
2511 3171 2785 3226 arbitrium
2812 3171 3074 3236 liberum;
3096 3169 3212 3238 sed,
3235 3171 3298 3227 Si
3323 3186 3408 3226 vos
3435 3169 3615 3226 Filius
3642 3172 3816 3226 libera-

2225 3265 2368 3330 verit,
2401 3264 2475 3318 ait
2503 3263 2735 3330 Veritas,
2770 3273 2891 3332 tunc
2915 3278 3028 3318 vere
3053 3262 3195 3317 liberi
3219 3262 3376 3317 eritis.
3413 3280 3432 3314 ι
3477 3261 3815 3318 Manifestum

2226 3364 2309 3411 est
2331 3355 2599 3411 Christum
2643 3355 2696 3410 in
2745 3355 2837 3410 illo
2872 3355 2992 3409 loco
3031 3353 3098 3408 ad
3127 3355 3389 3424 captivam
3433 3353 3816 3410 conscientiam

2227 3447 2387 3502 verba
2413 3446 2642 3512 fecisse;
2673 3462 2828 3517 quam
2863 3445 3086 3501 liberam
3115 3460 3220 3500 non
3247 3445 3698 3515 esse-prodebat;
3729 3444 3817 3500 sed

2227 3539 2514 3595 obnoxiam
2544 3540 2593 3594 ei
2627 3539 2813 3594 ultioni
2833 3580 2849 3605 ,
2889 3555 3006 3610 quze
3036 3538 3357 3594 condemnat
3383 3551 3635 3609 peccata,
3660 3539 3820 3595 libera

2226 3631 2502 3686 voluntate
2543 3631 2848 3686 commissa.
2882 3631 3052 3700 Quam
3089 3631 3410 3686 sententiam
3451 3640 3506 3686 tu
3564 3631 3704 3688 male
3738 3631 3821 3686 in-

2229 3724 2494 3796 telligens,
2523 3722 2575 3778 id
2601 3732 2702 3790 est,
2735 3739 2843 3780 non
2882 3725 3202 3795 intelligens,
3228 3733 3322 3780 aut
3350 3724 3488 3780 forte
3529 3724 3593 3780 in
3625 3723 3716 3781 te"
3743 3724 3824 3780 in-

2227 3818 2500 3889 telligens,
2529 3825 2585 3873 et
2611 3817 2714 3873 huc
2757 3825 2943 3872 natura
2977 3831 3070 3871 sua
3112 3825 3439 3888 repugnante
3467 3818 3734 3882 trahens,
3772 3816 3823 3871 in

2227 3924 2292 3966 eo
2319 3910 2541 3980 posuisti
2586 3909 2734 3976 loco,
2767 3909 2854 3964 ubi
2884 3923 2915 3964 a
2945 3909 3047 3964 tuis
3075 3910 3407 3965 sermonibus
3437 3917 3563 3964 tota
3594 3910 3678 3966 sui
3710 3923 3829 3980 pro-

2228 4002 2452 4072 prietate
2493 4000 2784 4058 discordat.
2825 3999 2896 4057 Ut
2940 4001 3082 4056 enim
3126 4001 3240 4072 ipsa
3279 4001 3440 4056 verba
3478 4001 3825 4075 iungamus:

2226 4094 2380 4162 Quod
2411 4095 2700 4160 liberatur,
2736 4093 3004 4165 captivum
3047 4104 3132 4150 est
3173 4113 3187 4150 :
3228 4094 3368 4165 quod
3396 4096 3685 4164 captivum
3731 4103 3828 4160 est,

2228 4180 2454 4240 liberum
2491 4200 2599 4241 non
2640 4194 2768 4242 est:
2809 4185 2949 4257 quod
2994 4185 3215 4242 liberum
3253 4194 3366 4253 est,
3399 4188 3684 4257 captivum
3723 4202 3826 4242 non

2227 4287 2325 4336 est.

2298 4371 2430 4427 Anc.
2452 4371 2569 4426 Alia
2597 4379 2678 4428 est
2703 4371 2945 4428 remissio
2973 4379 3330 4442 peccatorum,
3355 4368 3406 4424 ln
3429 4370 3512 4425 eis
3533 4386 3661 4442 qua:
3691 4370 3828 4426 male

2228 4461 2364 4517 facta
2393 4467 2549 4527 sunt;
2579 4465 2681 4518 alia
2725 4463 2956 4518 cliaritas
2975 4506 2989 4528 ,
3035 4479 3152 4533 qum
3182 4461 3305 4518 iacit
3333 4461 3353 4494 '
3386 4463 3625 4518 liberum
3672 4463 3740 4518 ad
3769 4477 3830 4518 ea

2225 4569 2344 4624 quae
2372 4554 2507 4609 bona
2535 4553 2776 4610 facienda
2812 4565 2954 4608 sunt.
2982 4553 3219 4623 Utroque
3248 4553 3407 4608 modo
3437 4553 3643 4610 liberat
3673 4554 3835 4609 Chri-

2225 4656 2341 4704 stus
2364 4665 2378 4714 ;
2401 4645 2521 4719 quia
2546 4655 2600 4702 et
2623 4647 2951 4718 iniquitatem
2977 4645 3300 4718 ignoscendo
3322 4645 3537 4714 aufert,
3573 4657 3634 4703 et
3665 4645 3838 4717 lnSpi-

2225 4740 2392 4797 rando
2421 4739 2602 4794 tribuit
2621 4738 2954 4794 charitatem.

2297 4829 2557 4888 LXXXV.
2603 4830 2720 4886 JUL.
2764 4831 2842 4885 Tu
2873 4826 3128 4885 utrumvis
3157 4827 3244 4882 hic
3286 4826 3614 4898 simpliciter
3655 4827 3834 4883 confl-

2224 4936 2372 4991 tere,
2403 4934 2456 4980 et
2483 4923 2718 4978 cavillari
2744 4921 2928 4977 desine
2975 4940 2990 4976 :
3036 4918 3237 4975 autdic
3271 4918 3552 4973 nobiscum
3595 4919 3836 4974 liberum

2224 5033 2344 5072 esse
2385 5015 2694 5070 arbitrium:
2726 5023 2780 5069 et
2822 5028 3036 5067 remove
3081 5009 3478 5076 testimonium,
3529 5010 3691 5080 quod
3738 5025 3838 5064 suo

2224 5117 2464 5179 tempore
2495 5120 2726 5176 congrue
2755 5101 3014 5175 prolatum
3043 5113 3159 5168 est;
3187 5111 3310 5165 aut,
3352 5101 3489 5155 sicut
3533 5101 3593 5156 in
3630 5101 3722 5156 his
3772 5100 3832 5155 Ii-

2221 5202 2364 5269 bris,
2391 5216 2524 5271 quos
2551 5215 2692 5254 nunc
2720 5214 2814 5270 per
2839 5196 3086 5269 Alypium
3111 5197 3178 5252 ad
3214 5195 3548 5251 Bonifacium
3585 5196 3792 5251 misisti
3816 5236 3832 5261 ,

2222 5292 2307 5348 dic
2336 5292 2599 5362 captivum
2628 5305 2748 5346 esse
2773 5288 3049 5344 arbitrium
3070 5331 3084 5354 ,
3113 5287 3254 5359 quod
3286 5302 3382 5342 nos
3412 5285 3662 5342 liberum
3697 5289 3840 5343 dici-

2223 5400 2362 5450 mus,
2390 5392 2446 5442 et
2472 5382 2659 5439 desine
2683 5390 2735 5437 te
2759 5396 2952 5451 negare
2977 5380 3344 5435 Manichaaum.

2294 5477 2430 5532 Auo.
2475 5473 2796 5530 Manichzeus
2841 5469 3226 5528 immutabilem
3279 5468 3656 5527 substantiam
3710 5469 3844 5526 mali

2289 5625 2881 5696 iEditi,ait.Mss.,agit_.
3186 5693 3227 5696 υ
3288 5693 3323 5696 __
3381 5685 3393 5696 ,
3476 5695 3489 5696 7
3573 5685 3584 5696 ,

2286 5699 2308 5731 ι
2340 5691 2488 5747 mliti.
2513 5703 2728 5744 usurum.
2755 5691 3050 5752 Castigantur
3069 5699 3164 5751 ope
3186 5693 3270 5741 Is.
3287 5691 3638 5738 uarianensis.

2288 5761 2310 5794 ³
2329 5757 2600 5816 Itemmlus,
2623 5752 2832 5816 captiuos
2856 5749 3088 5802 manu.

2284 5822 2307 5854 δ
2331 5823 2432 5878 Hic,
2449 5831 2500 5869 ut
2521 5825 2584 5877 te,
2605 5816 2906 5878 restituimus
2929 5827 2991 5863 ex
3018 5821 3124 5863 tum.

2288 5887 2309 5917 ι
2333 5885 2403 5934 sto
2419 5874 2532 5932 uss.
2552 5874 2606 5931 At
2629 5877 2762 5937 editi,
2786 5874 2914 5940 fecit.
