3996 6480
1267 264 1294 272 ο.

230 350 338 409 “05

228 474 390 520 natura:
414 456 502 512 Dei
526 456 609 510 sui
642 457 838 512 miscet
862 456 1073 510 insanus
1094 493 1108 518 ,
1137 461 1198 532 et.
1228 449 1470 505 eamdem
1515 460 1758 505 naturam

228 553 300 611 Dei
329 549 486 619 potius
521 548 927 618 corruptibilem
952 546 1106 609 facit,
1140 554 1193 600 et
1234 544 1333 597 sub
1361 543 1534 598 aliena
1575 552 1762 596 natura

225 643 313 698 vult
334 653 441 694 esse
475 640 742 707 captivam
776 657 788 692 :
824 638 951 692 lides
976 647 1150 691 autem
1194 635 1450 690 catholica
1472 673 1488 696 ,
1530 634 1759 697 bonam,

225 732 298 790 sed
323 741 480 784 tamen
521 728 835 802 mutabilem
855 766 871 792 ,
910 735 1203 781 creaturam
1235 725 1287 778 in
1315 723 1550 778 deterius
1573 723 1762 776 volun-

224 833 309 879 tate
332 827 606 883 mutatam;
636 833 702 873 ac
742 835 836 886 per
872 817 1002 879 hoc,
1033 816 1323 885 depravata
1358 830 1450 869 sua
1477 814 1761 883 vitiataque

227 925 372 972 natura
389 951 404 976 ,
435 925 536 964 non
563 910 668 964 sub
691 911 707 941 ί
732 911 902 964 aliena
927 908 1217 963 substantia
1238 948 1252 973 ,
1295 907 1388 962 sed
1417 907 1514 960 sub
1543 916 1760 976 peccato

224 1022 300 1064 suo
319 1019 444 1059 ream
473 1002 600 1056 dicit
629 1003 894 1057 serviliter
929 1001 1178 1056 detineri.
1211 1001 1288 1054 Ac
1317 1015 1412 1070 per
1445 999 1546 1054 hoc
1567 1041 1582 1064 ,
1610 1008 1664 1054 et
1691 999 1759 1054 de

225 1102 314 1170 ipso
338 1095 604 1150 liberatore
632 1095 855 1148 multum
883 1093 948 1148 ab
973 1108 1036 1146 eo
1057 1102 1234 1147 nostra
1256 1092 1468 1145 diversa
1497 1092 1757 1146 sententia

226 1200 304 1247 est.
328 1186 629 1242 ilaniclimus
656 1187 801 1240 enim
828 1185 954 1240 dicit
990 1199 1124 1252 opus
1151 1199 1270 1239 esse
1297 1184 1581 1238 liberatore
1601 1223 1616 1250 ,
1645 1193 1706 1237 ut
1725 1199 1755 1239 a

227 1281 345 1337 nobis
377 1287 608 1332 naturam
652 1284 866 1346 separet
904 1276 1127 1333 alienam
1158 1294 1172 1329 :
1201 1291 1298 1330 nos
1323 1285 1497 1330 autem
1520 1317 1534 1339 ,
1570 1283 1631 1329 ut
1663 1291 1754 1330 sa-

229 1381 299 1428 net
329 1378 372 1424 et
410 1367 635 1421 vivificet
686 1375 939 1421 nostram.
966 1365 1044 1422 Tn
1074 1381 1199 1436 ergo
1242 1366 1539 1434 adjutorem
1589 1365 1754 1423 Mani-

225 1462 325 1518 claei
347 1469 394 1514 te
409 1474 509 1513 non
531 1472 652 1513 esse
677 1458 898 1512 ostende
917 1500 942 1524 ,,
965 1458 1010 1512 si
1047 1467 1196 1527 potes
1214 1498 1230 1523 ,
1258 1458 1345 1526 qui
1387 1457 1625 1514 miserias
1655 1457 1756 1511 lio-

223 1553 381 1609 miuum
402 1590 416 1614 ,
442 1564 559 1603 cum
599 1549 792 1618 quibus
820 1563 914 1604 eos
942 1549 1084 1605 nasci
1105 1587 1120 1612 ,
1161 1548 1408 1618 quoniam
1442 1549 1556 1602 sine
1592 1547 1754 1602 dubio

223 1643 376 1706 sentit,
410 1640 518 1695 sine
556 1639 720 1694 dubio
760 1639 1024 1695 consentit
1056 1641 1077 1672 ³
1104 1653 1268 1709 genus
1307 1638 1591 1692 humanum
1614 1679 1630 1704 ,
1659 1653 1757 1692 no-

224 1735 312 1790 lens
347 1733 564 1788 tribuere
601 1740 818 1802 peccato
841 1732 1038 1786 vitiata:
1083 1739 1286 1786 naturze
1323 1738 1547 1797 nostrae,
1579 1729 1706 1784 facis
1731 1730 1753 1761 ³

223 1837 265 1883 ιιι
291 1840 368 1880 eas
407 1823 495 1878 ille
536 1823 813 1892 permixtae
857 1822 1012 1878 nobis
1055 1829 1256 1876 natura:
1305 1821 1501 1874 tribuat
1540 1819 1748 1874 alienae.

273 1913 519 1972 LXXXVI.
551 1913 669 1970 Jun.
712 1914 972 1969 Caeterum
1020 1912 1126 1968 duo
1165 1913 1263 1967 ista
1308 1927 1424 1982 quae
1457 1911 1654 1981 jungis,
1687 1911 1751 1965 li-

221 2009 363 2064 herum
384 2014 434 2060 et
458 2020 559 2059 non
593 2005 839 2072 liberum,
877 2005 929 2060 id
977 2014 1060 2061 est
1097 2005 1320 2060 liberum
1363 2013 1418 2058 et
1461 2003 1744 2072 captivum,

221 2098 276 2153 illi
293 2095 479 2166 quidem
505 2097 582 2149 rei
599 2095 665 2150 de
695 2111 798 2166 qua
821 2095 1011 2165 agitur,
1035 2095 1320 2149 convenire
1349 2109 1453 2148 non
1479 2103 1698 2164 possunt
1731 2111 1744 2146 :

221 2191 288 2244 tibi
312 2203 422 2243 vero
449 2188 719 2242 stultitiam
748 2188 1088 2257 singularem,
1119 2187 1497 2257 impudentiam
1527 2201 1743 2254 novam,

219 2282 488 2352 impietatem
512 2289 744 2336 veterem
775 2279 949 2334 inesse
975 2287 1250 2334 testantur.

268 2373 377 2427 Ave.
411 2369 628 2425 Liberos
689 2369 916 2427 dicimus
951 2369 1016 2425 ad
1045 2369 1283 2433 facienda
1326 2383 1484 2436 opera
1535 2369 1745 2439 pietatis

220 2474 302 2526 eos,
324 2459 500 2530 quibus
549 2459 678 2514 dicit
725 2459 1047 2529 Apostolus,
1078 2458 1234 2514 Nunc
1275 2469 1448 2517 autem
1493 2457 1687 2513 liberati
1711 2474 1753 2532 ab

220 2561 392 2622 peccato,
412 2553 538 2606 servi
559 2561 729 2606 autem
748 2552 871 2623 facti
898 2550 1028 2616 Deo,
1049 2551 1239 2604 habetis
1281 2551 1498 2622 fructum
1525 2559 1742 2604 vestrum

219 2642 257 2698 'ut
284 2642 722 2710 sanctiﬁcationem,
751 2643 905 2711 ﬁnem
932 2657 1048 2695 vero
1073 2642 1227 2694 vitam
1269 2651 1509 2694 internum
1535 2641 1553 2710 (
1583 2638 1734 2694 Rom.

219 2749 276 2800 vi,
296 2733 353 2787 εξ
374 2734 407 2804 ).
437 2733 583 2789 Hunc
617 2734 669 2788 in
710 2733 1123 2789 sanctificatione
1151 2731 1402 2795 fructum,
1423 2732 1514 2802 qui
1539 2731 1739 2787 fructus

221 2824 533 2892 proculdubio
578 2824 813 2879 charitas
837 2832 936 2889 est,
995 2832 1153 2894 atque
1204 2838 1362 2893 opera
1403 2825 1539 2892 ejus,
1589 2824 1737 2879 nullo

229 2914 352 2969 modo
367 2915 538 2971 habere
575 2931 860 2986 possumus
889 2915 960 2970 ‘a
1003 2916 1192 2981 nobis;
1219 2916 1313 2969 sed
1365 2915 1618 2971 habemus
1647 2932 1741 2986 per-

232 3002 428 3071 Spiritum
449 3016 706 3072 sanctum,
747 3007 836 3076 qui
859 3005 1011 3064 datus
1041 3013 1123 3060 est
1148 3006 1319 3060 nobis.
1349 3007 1421 3060 De
1447 3007 1562 3075 ipso
1589 3008 1744 3076 quip-.

223 3093 424 3162 pefructu
446 3096 760 3166 loquebatur
803 3097 1056 3168 magister
1106 3099 1265 3164 Deus,
1313 3098 1523 3168 quando
1554 3099 1740 3167 palmi-

220 3186 328 3240 tibus
341 3187 380 3241 in
404 3204 455 3243 se
470 3190 810 3246 manentibus
839 3190 1068 3253 dicebat,
1095 3190 1217 3244 Sine
1261 3206 1339 3244 me
1382 3191 1508 3243 nihil
1537 3191 1742 3258 potestis

215 3280 378 3349 facere(
405 3280 556 3336 Joan.
586 3298 676 3349 xv,
696 3286 730 3337 5
757 3282 796 3353 ).
825 3282 931 3338 Sed
957 3283 1233 3342 stultitiam
1273 3283 1594 3352 singularem
1638 3299 1738 3338 no-

214 3371 274 3425 bis
308 3372 455 3427 inesse
479 3375 818 3435 conviciaris,
849 3377 967 3444 quia
995 3375 1136 3430 Deus
1166 3373 1319 3428 nobis
1338 3375 1505 3430 virtus
1523 3384 1623 3437 est,
1641 3389 1738 3431 nec

211 3463 249 3516 in
284 3474 435 3520 nostra
487 3468 682 3522 virtute
721 3466 1036 3522 confidimus
1068 3485 1080 3520 :
1111 3474 1166 3520 et
1213 3466 1592 3536 impudentiam
1639 3481 1738 3519 no-

210 3557 940 3628 vam,quiaconcupiscentiam
985 3558 1180 3622 carnis,
1226 3573 1328 3627 qua
1354 3573 1480 3612 caro
1527 3573 1726 3612 concu-

209 3648 324 3716 piscit
346 3649 596 3708 adversus
634 3651 899 3720 spiritum,
939 3666 1045 3704 non
1073 3659 1157 3702 tua
1189 3648 1362 3704 fronte
1416 3648 1690 3704 laudamus
1722 3667 1736 3704 :

209 3747 244 3790 et
283 3739 584 3808 impietatem
641 3750 900 3806 veterem,
949 3741 1198 3810 quoniam
1246 3741 1493 3811 dogmata
1523 3741 1738 3812 antiqua

211 3829 432 3896 catholica,
454 3849 575 3902 quze
599 3832 894 3887 docuerunt
937 3832 1025 3901 qui
1057 3831 1350 3886 Ecclesiam
1387 3831 1585 3886 Christi
1614 3841 1738 3894 ante

207 3936 275 3975 nos
291 3923 332 3975 in
351 3925 459 3993 ejus
473 3927 647 3996 gratia
687 3941 810 3985 vera
860 3925 1054 3994 pietate
1089 3933 1358 3988 reseruat,
1391 3934 1582 3980 contra
1615 3941 1738 3995 per-

205 4014 453 4070 versilaiem
471 4028 706 4084 vestram
751 4015 999 4070 novitiam
1035 4015 1516 4086 quantulocumque
1554 4015 1738 4071 labore

204 4103 503 4163 defendimus.
545 4106 605 4164 In
660 4116 712 4162 te
759 4107 915 4176 igitur
967 4120 1196 4176 agnosce
1246 4105 1544 4172 stultitiam,
1579 4106 1632 4158 in
1684 4113 1734 4159 te

205 4196 551 4265 impudentiam,
581 4200 634 4254 in
677 4207 726 4254 te
758 4199 1102 4270 impietatem,
1151 4213 1256 4253 non
1279 4207 1511 4254 veterem
1540 4212 1667 4252 sane
1687 4198 1732 4264 ³,

199 4290 268 4341 sed
291 4305 480 4345 novam.

251 4379 526 4437 LXXXVII.
556 4383 679 4438 JUL.
727 4382 831 4437 Sed
854 4383 962 4452 jam
994 4392 1198 4452 tempus
1225 4390 1323 4447 est,
1369 4391 1426 4437 ut
1467 4383 1534 4438 de
1563 4384 1737 4439 Evan-

195 4476 286 4535 gelii
305 4477 552 4531 sententia
581 4476 892 4531 disseratur.
925 4475 1152 4542 Dicebat,
1202 4475 1370 4546 inquit
1414 4478 1734 4548 evangelista

195 4565 402 4632 Joannes,
442 4568 598 4622 Jesus
623 4568 691 4620 ad
714 4567 924 4623 Judwos
975 4585 1058 4622 eos
1085 4569 1172 4638 qui
1217 4569 1532 4623 crediderunt
1568 4571 1648 4626 ei:
1673 4570 1734 4625 Si

194 4670 256 4707 ros
280 4659 553 4712 manseritis
579 4659 632 4712 in
653 4674 882 4712 sermone
931 4675 1058 4722 meo,
1089 4674 1198 4712 vere
1227 4659 1465 4729 discipuli
1515 4662 1610 4714 mei
1632 4662 1732 4714 eri-

191 4746 331 4807 lis;et
354 4750 662 4820 cognoscetis
699 4750 972 4812 veritatem,
1026 4758 1075 4804 et
1121 4752 1302 4804 veritas
1348 4751 1574 4806 liberabit
1626 4769 1728 4808 vos.

191 4835 230 4888 Id
254 4839 370 4903 est‘,
401 4841 663 4896 Dominus
708 4851 891 4896 noster
919 4841 1074 4896 Iesus
1127 4841 1446 4911 loquebatur
1489 4841 1555 4896 ad
1612 4857 1712 4898 ore.

189 4928 473 4999 dentessibi,
499 4942 557 4988 ut
577 4934 642 4990 de
689 4934 834 4988 nulla
878 4934 1056 4990 sicculi
1106 4934 1378 4988 nobilitate
1413 4934 1728 5004 gaudentes,

188 5035 263 5075 nec
287 5022 349 5078 de
370 5023 601 5080 Abrahae
626 5025 727 5080 sibi
745 5024 948 5080 semine
976 5025 1194 5094 gloriam
1213 5024 1560 5088 vindicantes,
1589 5026 1726 5080 nite-

186 5121 339 5168 rentur
363 5123 423 5172 et.
435 5115 716 5171 studerent
752 5115 1053 5183 virtutibus,
1081 5123 1138 5171 et
1162 5115 1319 5170 nullis
1366 5125 1486 5186 post
1512 5116 1734 5186 agnitiov

235 5269 246 5294 ¹
269 5272 364 5315 uss.
390 5274 500 5315 star.
531 5275 585 5317 et
606 5267 748 5328 (:Iar.,
773 5267 853 5316 ab.

431 5330 561 5388 haec,
583 5328 685 5380 sine
706 5327 852 5379 dubio
873 5328 1116 5391 consentit,
1155 5330 1478 5379 restituuntur
1518 5340 1581 5377 ex
1607 5330 1732 5379 anti-

233 5402 271 5434 is
309 5404 320 5436 ι
353 5404 435 5437 τις.

211 5392 271 5434 uis
292 5392 435 5440 libris.

183 5398 556 5515 ςᾟδέέῆξῇαάι.
586 5453 869 5515 auctoritate
892 5454 1317 5515 manuscriptoruin
1340 5452 1637 5514 corrigimus,
1659 5450 1735 5512 Ῑα⁶

184 5513 267 5565 cis;
288 5519 338 5560 ut
357 5513 415 5560 ad
438 5513 677 5562 lulianum
700 5514 957 5563 referatur.

234 5571 252 5636 ξ
277 5580 346 5621 .tzs.
374 5582 508 5631 stam,
535 5587 795 5636 possemus.

231 5633 252 5701 _'
279 5636 408 5691 miti,
432 5633 854 5701 non'vcteremsed
877 5649 1065 5699 nouam;
1087 5649 1280 5698 onusso,
1296 5635 1565 5698 sane,quod
1589 5635 1735 5684 resti-

184 5699 309 5757 tuitur
331 5711 390 5744 ex
427 5699 786 5757 manuscriptis.

233 5756 252 5783 ‘
274 5757 406 5818 Editi,
428 5758 578 5820 idem,
609 5756 856 5810 mendose.

1591 337 1796 396 LIBER
1833 337 2101 399 PRIMUS.

3314 355 3450 419 Ηοσ

1875 469 1996 509 nem
2028 454 2222 511 Christi
2275 457 2512 514 servire'
2546 460 2799 530 peccatis,
2841 471 2896 516 ut
2928 477 3106 518 veram
3150 463 3446 530 libertatein

1868 545 2189 600 conscientia
2241 548 2504 618 gaudente
2544 551 2852 618 retinerent,
2879 562 2932 606 et
2959 567 3054 624 spe
3082 565 3367 620 certorum,
3392 556 3446 618 id

1866 645 1948 690 est
1991 647 2352 706 aeternorum,
2393 640 2786 698 vindicarentur
2811 660 2842 699 a
2881 645 3169 714 cupiditate
3217 647 3447 702 aliorum

1865 729 2122 791 omnium,
2151 747 2268 801 qua:
2292 742 2508 802 propter
2541 734 2872 804 fragilitatem
2901 738 3002 795 sui,
3035 753 3167 792 vana
3193 738 3450 808 frequen-1

1865 825 1947 872 ter
1967 828 2021 872 et
2068 819 2196 875 falsa
2248 822 2514 880 dicuntur.
2561 826 2710 881 Tunc
2758 829 3147 897 responderunt
3173 831 3222 884 ei
3249 830 3447 898 iudici,

1863 924 1967 963 non
1991 911 2344 982 intelligentes
2369 914 2434 970 de
2463 930 2563 985 qua
2592 917 2744 976 Jesus
2775 919 3017 974 libertate
3036 919 3258 976 dixisset
3289 939 3302 976 :
3343 921 3447 977 δε..

1862 1015 1975 1052 men
1997 1000 2219 1056 Aura/ue
2234 1021 2427 1071 sumus,
2453 1016 2500 1069 et
2525 1009 2710 1061 nemini
2734 1009 3021 1062 semivirum
3051 1027 3302 1084 unquam:
3327 1027 3448 1082 (μοι

1863 1090 2011 1143 modo
2031 1093 2245 1156 tudicis,
2275 1094 2437 1152 Liberi
2453 1097 2590 1150 eritis
2613 1098 2638 1151 ?
2663 1097 2839 1152 Multis
2859 1099 3000 1153 enim
3027 1100 3200 1163 modis
3224 1100 3445 1164 libertas

1861 1181 2112 1250 appellari
2136 1185 2271 1238 solet
2303 1203 2316 1239 :
2349 1187 2472 1240 utin
2513 1187 2613 1242 hoc
2646 1187 2764 1243 loco
2798 1191 3050 1248 sanctitas
3079 1206 3098 1256 ί
3128 1200 3441 1248 utresurre-

1860 1273 2027 1333 ctioin
2052 1275 2326 1343 Apostolo,
2351 1277 2436 1331 ubi
2463 1277 2592 1332 dicit
2619 1288 2917 1332 creaturam
2966 1280 3179 1334 liberari
3205 1295 3236 1336 a
3264 1283 3435 1338 servi-

1861 1371 1973 1418 tute
2017 1367 2371 1434 corruptionis
2408 1368 2458 1420 in
2507 1368 2806 1424 libertatem
2837 1370 3022 1439 gloria:
3070 1370 3298 1426 ﬁliorum
3349 1373 3442 1428 Dei

1857 1456 2034 1524 (Rom.
2065 1473 2178 1522 vm,
2206 1457 2269 1513 2|
2296 1460 2314 1530 )
2341 1475 2356 1524 ;
2388 1468 2443 1513 ut
2469 1459 2685 1515 libertas
2728 1477 2848 1532 qua:
2875 1463 3050 1516 notior
3101 1473 3203 1530 est,
3237 1463 3302 1520 ad
3329 1464 3443 1520 dis-

1858 1549 2168 1603 tinctionem
2205 1549 2394 1604 dicitur
2441 1551 2727 1606 servitutis.
2775 1552 2852 1606 Eo
2891 1561 3068 1608 autem
3121 1555 3338 1610 nomine
3387 1565 3442 1612 et

1857 1636 2077 1693 libertas
2114 1650 2448 1710 nuncupatur
2493 1641 2715 1695 arbitrii.
2749 1642 3058 1698 Dividantur
3088 1659 3216 1714 ergo
3240 1659 3455 1712 causai,

1857 1744 1923 1783 ne
1949 1746 2034 1784 res
2065 1731 2287 1784 multum
2335 1731 2590 1786 distantes
2617 1732 3008 1788 confundantur
3034 1735 3261 1789 nominis
3287 1750 3440 1804 com-3

1857 1821 2128 1878 munione.
2166 1821 2261 1876 llic
2277 1837 2403 1892 ergo
2441 1837 2549 1878 non
2585 1823 2792 1878 arbitrii
2841 1824 3140 1880 libertatem
3178 1827 3446 1896 Dominus.

1854 1910 1981 1967 dicit
2009 1927 2128 1968 esse
2175 1913 2659 1970 liberandamzsed
2707 1916 2791 1969 illa
2820 1916 3019 1986 integra
3065 1927 3449 1988 permanente,L

1852 2002 2330 2058 convenitiudmos
2349 2045 2363 2069 ,
2392 2013 2448 2058 ut
2471 2005 3187 2077 accipientesindulgentiam
3217 2007 3442 2076 liberetis,

1852 2103 1940 2148 tur
1961 2110 1991 2148 a
2021 2096 2276 2160 reatibus,
2305 2104 2357 2150 ct
2385 2111 2500 2150 eam
2541 2113 2664 2166 qua:
2698 2095 2837 2166 apud
2870 2097 3034 2151 Deum
3061 2099 3286 2163 maxima
3331 2108 3448 2178 est,

1850 2186 2144 2242 libertatem
2169 2197 2449 2259 occupent,
2482 2199 2540 2242 ut
2584 2189 2834 2258 incipiant
2876 2190 3004 2243 nihil
3043 2189 3238 2256 debere
3260 2190 3442 2258 crimi:

1849 2278 2023 2343 nibus.
2065 2277 2299 2348 Denique
2353 2279 2593 2348 sequitur
2641 2278 3012 2348 Evangelista:
3056 2277 3339 2350 Respondit
3365 2281 3444 2348 eis,

1846 2366 2016 2432 Iesus,
2044 2367 2223 2433 Amen,
2247 2385 2389 2422 amen
2411 2369 2522 2422 dico
2549 2368 2702 2434 vobis,
2750 2370 2987 2437 quoniam
3011 2372 3172 2424 omnis
3197 2372 3279 2442 qui
3310 2372 3436 2443 facit

1845 2471 2120 2532 peccatum,
2159 2476 2326 2514 seruus
2352 2469 2423 2513 est
2467 2461 2676 2531 peccati.
2723 2458 2908 2515 Servus
2937 2470 3103 2514 autem
3137 2477 3238 2514 non
3262 2471 3444 2536 manet,

1844 2551 1897 2605 in
1925 2551 2075 2604 domo
2120 2550 2173 2604 in
2203 2559 2440 2604 internum
2458 2567 2476 2614 ;
2507 2549 2643 2619 ﬁlius
2687 2560 2854 2603 autem
2879 2560 3046 2604 manet
3075 2551 3127 2604 in
3165 2560 3430 2606 internum.

1845 2641 1908 2698 Si
1957 2658 2074 2712 ergo
2117 2640 2284 2694 Filius
2333 2658 2418 2695 vos
2460 2641 2761 2708 liberaverit,
2815 2651 2933 2695 tunc
2961 2657 3072 2696 vere
3115 2641 3260 2696 liberi
3290 2643 3430 2698 eritis

1842 2735 2030 2808 (Joan.
2052 2751 2162 2803 vni,
2193 2734 2414 2804 31-36).

1913 2830 2048 2884 AUG.
2089 2827 2321 2882 Attende
2361 2825 2504 2896 quod
2551 2825 2750 2881 dictum
2785 2833 2886 2892 est,
2943 2823 3121 2880 Omnis
3175 2826 3263 2897 qui
3309 2825 3438 2897 facit,

1843 2928 2118 2992 peccatum.
2148 2917 2260 2972 Non
2287 2919 2427 2974 enim
2454 2917 2546 2984 ait,
2573 2917 2671 2990 Qui
2723 2916 2846 2971 fecit
2873 2916 3036 2985 ;_sed,
3065 2917 3150 2994 qui
3199 2918 3341 2988 facit.
3366 2919 3437 2988 Et.

1841 3025 1948 3066 non
1975 3009 2055 3064 vis
2073 3024 2194 3064 eum
2233 3009 2299 3062 ab
2325 3007 2426 3063 hoc
2450 3007 2592 3061 malo
2622 3007 2844 3063 liberare
2877 3007 3118 3062 homines
3153 3025 3166 3067 ;
3197 3023 3305 3062 non
3350 3009 3431 3066 vis

1839 3121 1962 3161 eum
1995 3103 2096 3158 hoc
2144 3102 2262 3158 loco
2290 3101 2446 3156 talem
2498 3101 2807 3170 promittere
2835 3099 3153 3165 libertatein,
3181 3114 3283 3170 qua
3306 3115 3431 3168 pec-

1841 3205 2018 3250 catum
2069 3208 2176 3248 non
2202 3191 2486 3258 faciamus;
2519 3189 2612 3246 sed
2637 3189 2758 3244 ideo
2796 3187 3158 3243 tantummodo
3183 3189 3428 3252 liberare,

1840 3286 1963 3356 quia
1994 3285 2237 3340 fecimus.

1913 3394 2244 3452 LXXXVIII.
2283 3393 2404 3450 JoL.
2446 3392 2687 3463 Aperuit,
2714 3391 2783 3446 de
2809 3405 2912 3461 qua
2942 3390 3027 3446 hic
3054 3389 3309 3445 servitute
3339 3389 3422 3444 lo-

1844 3497 2117 3560 queretur.
2173 3485 2371 3550 Omnis,
2419 3484 2607 3554 inquit,
2661 3483 2748 3553 qui
2791 3483 2911 3553 facit
2938 3490 3213 3551 peccatum,
3263 3497 3431 3535 seruus

1843 3589 1917 3642 est
1959 3579 2167 3650 peccati.
2213 3578 2326 3633 Hoc
2366 3587 2544 3631 autem
2601 3575 2774 3644 ipsum
2821 3589 2980 3644 quam
3036 3573 3320 3629 vehemens
3347 3584 3429 3628 est

1844 3679 2029 3725 contra
2055 3683 2292 3724 errorem
2318 3675 2573 3732 vestrum,
2603 3666 2725 3734 quia
2755 3663 2902 3730 dicit,
2926 3678 3136 3718 servum
3179 3679 3284 3718 non
3309 3677 3430 3718 esse

1846 3761 2082 3831 peccati,
2125 3761 2225 3817 nisi
2273 3775 2394 3816 eum
2447 3759 2537 3829 qui
2586 3758 2772 3813 fecerit
2818 3758 2931 3824 ipse
2974 3764 3249 3825 peccatum
3283 3771 3425 3819 ;nec

1844 3866 2004 3922 posse
2026 3851 2269 3920 cuiquam
2309 3850 2582 3908 adhazrere
2623 3847 3082 3919 peccatum,qund
3135 3862 3240 3901 non
3285 3847 3332 3902 is
3359 3847 3425 3904 de

1843 3955 1948 4013 quo
1981 3942 2173 4010 agitur,
2205 3955 2301 4012 per
2321 3955 2399 4004 se,
2431 3949 2523 3993 aut
2549 3941 2778 4006 actione,
2794 3946 2887 3994 aut
2909 3939 2991 3994 vel
3021 3938 3135 3993 sola
3161 3940 3182 3970 ²
3206 3939 3428 3995 commi-

1842 4033 1974 4088 serit
1998 4031 2313 4088 voluntate?
2341 4031 2509 4099 Quam
2539 4031 2697 4085 etiam
2746 4030 2980 4086 ostendit
3018 4031 3426 4095 universitatem

1843 4124 2057 4179 humani
2101 4125 2313 4193 generis
2338 4138 2442 4177 non
2474 4138 2628 4192 posse
2652 4123 2761 4192 jam
2808 4138 2837 4176 a
2863 4121 3072 4177 diabolo
3099 4122 3357 4192 possideri
3382 4125 3426 4185 ’,

1841 4229 1961 4272 Cum
1991 4217 2381 4272 distinctionem
2409 4215 2533 4268 facit
2557 4215 2692 4268 inter
2720 4228 2928 4268 servum
2957 4224 3008 4269 et
3033 4213 3220 4277 ﬁlium,
3252 4213 3303 4269 id
3319 4223 3420 4277 est.

1837 4307 2037 4379 justum
2081 4316 2134 4362 et
2185 4307 2478 4376 injustum?
2510 4306 2607 4361 llic
2641 4305 2802 4371 enim,
2842 4315 2901 4361 ut
2944 4321 3002 4362 se
3043 4306 3305 4372 Christus,
3355 4307 3424 4368 ita

1841 4398 1998 4452 etiam
2029 4413 2455 4468 unumquemque
2505 4405 2804 4452 sanctorum
2851 4413 2880 4452 a
2920 4413 3192 4452 servorum
3244 4397 3432 4452 condi-

1841 4493 1986 4546 tione
2031 4491 2352 4560 separabat:
2394 4489 2527 4544 sicut
2572 4489 2780 4543 fuerunt
2807 4496 2861 4544 et
2902 4499 3026 4543 ante
3064 4489 3248 4554 Vetus,
3283 4497 3339 4543 et
3369 4488 3420 4557 in

1845 4584 2038 4639 Vetere
2063 4583 2425 4649 Testamento,
2445 4596 2578 4652 quos
2599 4581 2649 4635 in
2690 4581 2850 4636 domo
2874 4580 3048 4634 Patris
3072 4581 3150 4635 sui
3182 4596 3430 4650 manere,

1840 4676 1968 4730 etin
2013 4690 2195 4729 mensa
2240 4673 2353 4742 ejus
2379 4673 2653 4728 denuntiat
2685 4670 3003 4742 jucundari(
3037 4671 3158 4726 Luc.
3191 4687 3306 4737 xui,
3332 4671 3422 4737 28,

1839 4764 1973 4839 29).
2012 4767 2201 4820 Totum
2255 4765 2356 4820 hoc
2391 4773 2566 4818 autem
2610 4763 2997 4818 exhortationis
3039 4780 3207 4835 genus
3249 4765 3426 4834 inepte

1841 4859 2100 4929 prolatum
2121 4867 2284 4923 esset,
2307 4857 2352 4913 si
2403 4871 2509 4913 non
2559 4855 2710 4912 liberi
2765 4856 2971 4923 arbitrii
3016 4857 3258 4924 homines
3293 4842 3422 4913 conv

1839 4950 2063 5005 veniret.

1911 5043 2043 5096 Auc.
2067 5038 2325 5094 Convenit
2351 5038 2506 5108 plane
2545 5037 2664 5094 ideo
2699 5036 2952 5100 facientes
2981 5046 3278 5108 peccatum,
3299 5038 3418 5108 quia

1841 5135 1978 5190 servi
2008 5141 2130 5189 sunt
2157 5135 2380 5204 peccati,
2409 5141 2464 5185 ut
2488 5140 2702 5202 accepta
2732 5132 2972 5186 libertate
3000 5147 3156 5202 quam
3201 5131 3419 5200 promit-

1842 5226 1926 5291 tit,
1971 5225 2213 5279 desinant
2240 5222 2412 5277 faccre
2438 5230 2729 5290 peccatum.
2761 5221 3032 5291 Regnabat
3054 5235 3278 5288 namque
3299 5233 3416 5287 pec-

1842 5326 2017 5373 catum
2069 5315 2122 5371 in
2179 5330 2364 5369 eorum
2403 5313 2614 5369 mortali
2644 5328 2888 5383 corpore,
2935 5313 3003 5367 ita
3031 5322 3090 5368 ut
3135 5310 3415 5365 obedireit

1906 5515 2034 5575 {sic
2081 5521 2185 5562 Mss.
2235 5519 2316 5575 At,
2347 5514 2651 5575 vignierins,
2701 5509 2946 5575 servirent.
2991 5517 3148 5559 Menar
3197 5510 3320 5566 dus,
3375 5517 3419 5560 et

1840 5573 2039 5648 nullus“
2053 5582 2157 5648 post
2538 5573 2715 5648 citristi
2761 5573 2972 5648 semita.

1905 5637 1926 5666 ¹
1949 5634 2082 5694 Editi,
2111 5642 2192 5685 aut
2221 5634 2338 5686 sala.
2364 5643 2491 5694 Mss,
2515 5643 2596 5684 aut
2627 5634 2697 5684 vel
2719 5634 2834 5684 sola.

1907 5698 1928 5728 ³
1951 5699 2023 5747 sic
2056 5691 2157 5748 ess.
2192 5699 2307 5746 runt
2352 5691 2497 5755 vero,
2541 5709 2636 5746 non
2666 5708 2798 5759 posse
2834 5704 2939 5744 caris
2972 5706 3004 5742 a
3048 5691 3238 5744 diabolo
3272 5709 3412 5760 possi-

1849 5756 1983 5814 dere.
