4014 6476
505 345 642 404 1107

503 461 948 532 concupiscentiis
988 461 1124 533 ejus,
1182 472 1234 516 et
1285 462 1596 517 exhiberent
1641 459 1878 516 membra
1933 473 2083 513 arma

503 551 794 622 iniquitatis
819 563 1033 624 peccato
1072 554 1090 624 (
1116 551 1266 606 Rom.
1301 569 1351 607 vn
1372 594 1388 620 ,
1419 553 1484 608 12
1512 563 1559 606 et
1585 553 1652 607 l5
1678 550 1720 624 ).
1753 551 1948 606 Contra
1978 549 2080 604 hoc

502 651 630 713 ergo
653 643 873 712 malum,
896 659 1002 716 quo
1026 655 1297 714 peccatum
1351 643 1635 712 faciebant,
1666 643 1908 698 libertate
1937 642 2078 697 indi-

499 733 712 802 gebant,
736 750 893 805 quam
939 736 1278 806 promittebat
1303 754 1317 790 :
1339 736 1516 791 Omnis
1557 736 1720 802 enim,
1752 733 1940 805 inquit,
1973 747 2081 788 non

493 824 588 893 qui
615 825 755 887 fecit,
784 825 878 880 sed
900 827 988 896 qui
999 827 1119 897 facit
1139 837 1417 898 peccatum,
1437 844 1606 882 servus
1623 836 1696 882 est
1714 826 1919 898 peccati.
1945 824 2082 893 Quid

497 915 663 968 verba
722 915 896 971 lucida
943 918 1243 988 caliginosis
1300 917 1742 988 disputationibus
1793 918 2081 972 obscurare

497 1008 1071 1080 conaris'tErumpnnt
1124 1010 1375 1078 omnino,
1421 1020 1475 1065 et
1505 1021 1553 1066 te
1595 1011 1722 1068 licet
1765 1011 2075 1076 obsistente,

499 1097 705 1168 fulgore
743 1117 841 1155 suo
879 1103 1096 1156 vincunt
1141 1102 1388 1157 tenebras
1429 1112 1565 1157 tuas.
1615 1100 1811 1165 Omnis,
1850 1102 1946 1166 ait,
1994 1101 2082 1172 qui

501 1192 620 1259 facit
665 1203 945 1261 peccatum,
974 1210 1143 1248 servus
1170 1204 1240 1249 est
1270 1195 1478 1264 peccati.
1533 1194 1718 1258 Audis,
1746 1195 1832 1264 qui
1855 1195 2007 1265 facit:
2027 1203 2082 1249 et

495 1293 552 1339 tu
580 1301 686 1340 non
715 1301 1002 1356 exponere,
1035 1287 1128 1342 sed
1177 1303 1474 1358 supponere
1525 1287 1621 1352 vis,
1653 1287 1754 1355 Qui
1781 1287 1920 1341 fecit.
1967 1287 2078 1341 Au-

497 1375 643 1430 diant
669 1391 818 1447 ergo,
849 1378 1040 1448 quibus
1067 1379 1178 1447 ipse
1226 1380 1394 1447 aperit
1421 1394 1652 1442 sensum,
1688 1387 1744 1432 ut
1786 1378 2082 1449 intelligant

494 1467 840 1538 Scripturas:
883 1472 1118 1536 audiant,
1153 1471 1331 1524 Omnis
1371 1473 1456 1538 qui
1501 1473 1623 1542 facit
1671 1480 1945 1542 peccatum,
1971 1487 2079 1524 sere

493 1576 586 1616 vus
617 1571 690 1615 est
709 1564 917 1633 peccati.
948 1564 1265 1634 thutcrant
1285 1565 1528 1634 accipere
1553 1564 1870 1628 libertatem,
1897 1571 2079 1618 utnon

493 1651 690 1707 taciant
740 1665 1035 1724 peccatum,
1085 1654 1378 1709 clamantes
1419 1654 1484 1708 ad
1538 1669 1681 1716 eum,
1731 1655 1814 1708 cui
1863 1652 2077 1718 dicitur,

493 1741 690 1800 Itinera
711 1763 819 1800 mea
841 1748 1002 1818 dirige
1021 1749 1295 1802 secundant
1332 1747 1532 1801 verbum
1566 1756 1723 1810 tuum,
1743 1755 1791 1799 et
1821 1763 1882 1799 ne
1918 1745 2081 1799 domi-

494 1849 643 1893 netur
682 1840 806 1894 mihi
860 1841 1023 1895 omnis
1074 1840 1348 1911 iniquitas(
1378 1837 1522 1894 I’sal.
1574 1854 1754 1902 cxvut,
1784 1837 1941 1910 15⁸6).
1974 1837 2083 1893 Cur

491 1937 668 1984 autem
697 1929 873 1984 illudis
913 1931 1159 1986 sensibus
1212 1930 1394 1994 tardis,
1443 1938 1496 1984 ct
1538 1931 1609 1984 ita
1653 1929 1886 1984 insinuas
1922 1927 2080 1983 verba

492 2017 725 2085 Domini,
752 2021 902 2090 quasi
932 2021 1125 2076 dixerit
1169 2037 1380 2076 servum
1409 2035 1514 2074 non
1555 2035 1672 2075 esse
1716 2021 1939 2090 peccati,
1978 2019 2079 2073 nisi

490 2127 613 2167 eum
639 2112 728 2183 qui
749 2111 935 2168 fecerit
958 2114 1070 2183 ipse
1093 2121 1365 2183 peccatum
1392 2112 1416 2166 Ῡ
1445 2105 1651 2167 Fraude
1680 2113 1812 2182 agis,
1845 2127 1948 2165 non
1977 2110 2080 2166 hoc

491 2203 661 2261 dixit:
694 2220 798 2260 non
840 2205 980 2260 enim
1010 2205 1105 2273 ait,
1148 2204 1316 2259 Nemo
1361 2212 1442 2258 est
1485 2218 1670 2258 servus
1720 2203 1945 2272 peccati,
1976 2199 2080 2258 nisi

490 2296 581 2366 qui
608 2297 730 2353 facit
757 2309 1032 2368 peccatum
1063 2313 1079 2362 ;
1108 2297 1201 2352 scd
1228 2297 1320 2360 ait,
1343 2295 1520 2350 Omnis
1545 2295 1633 2367 qui
1649 2295 1770 2364 facit
1790 2305 2074 2366 peccatum,

491 2403 664 2442 servas
687 2396 758 2442 est
785 2389 990 2459 peccati.
1023 2388 1159 2443 Sunt
1201 2388 1342 2444 enim
1387 2389 1524 2442 servi
1556 2387 1755 2458 peccati
1780 2386 2074 2457 originalis,

491 2478 581 2549 qui
606 2487 874 2549 peccatum
896 2479 994 2549 ipsi
1025 2478 1259 2535 nondum
1279 2477 1479 2534 faciunt
1506 2480 1521 2511 ί
1550 2496 1567 2546 ;
1594 2488 1649 2535 et
1678 2483 1744 2536 ah
1769 2478 1872 2534 hoc
1896 2479 2079 2532 vincito

490 2566 544 2622 lo
565 2568 836 2623 servitutis
859 2569 1260 2640 regenerationc
1283 2569 1580 2625 solvuntur.
1629 2570 1742 2626 Non
1787 2570 1944 2641 igitur
1959 2585 2076 2624 om-

493 2659 579 2716 nis
601 2661 690 2733 qui
715 2676 903 2716 servus
928 2670 1011 2716 est
1039 2671 1260 2732 peccati,
1291 2659 1415 2716 facit
1445 2673 1714 2732 peccatum
1741 2680 1754 2729 ;
1779 2661 1873 2717 sed
1903 2661 2078 2717 omnis

491 2755 582 2826 qui
611 2754 732 2810 Iacit
752 2763 1045 2825 peccatum,
1065 2770 1250 2810 servus
1271 2764 1354 2810 est
1378 2756 1608 2825 peccati:
1629 2755 1762 2810 sicut
1793 2771 1899 2809 non
1919 2769 2078 2810 omne

492 2847 689 2903 animal
709 2863 878 2918 equus
907 2856 989 2902 est
1010 2863 1025 2913 ;
1050 2846 1145 2902 sed
1165 2858 1338 2904 tamen
1365 2847 1539 2902 omnis
1559 2863 1726 2918 equus
1748 2846 1944 2902 animal
1972 2857 2074 2902 est.

493 2936 594 2995 Ubi
620 2947 702 2994 est
728 2938 1001 2994 dialectica
1027 2947 1135 3003 tua,
1176 2954 1278 3010 qua
1309 2948 1359 2994 te
1393 2939 1577 2994 inllare
1603 2941 1870 2995 consuesti
1895 2938 1920 2993 τ
1947 2939 2076 2993 Tam

493 3027 706 3083 doctum
737 3038 791 3084 et
831 3039 1042 3084 acutum
1071 3046 1236 3100 quare
1280 3039 1331 3085 te
1382 3031 1478 3084 ista
1507 3031 1713 3101 fugiunt
1741 3031 1765 3086 ἲ
1799 3041 1888 3086 aut
1912 3046 2079 3100 quare.

491 3107 761 3174 iusidiaris
814 3118 1043 3176 indoctis
1071 3129 1124 3176 et
1162 3119 1346 3187 tardis,
1390 3120 1433 3175 si
1467 3131 1517 3175 te
1548 3122 1648 3176 ista
1679 3138 1782 3176 non
1828 3117 2080 3192 fugiunt?

493 3208 626 3275 Quis
641 3217 816 3266 autem
847 3220 1088 3268 nostrum
1129 3211 1277 3278 dicit,
1307 3212 1705 3268 universitatem
1747 3212 2019 3270 hominum
2047 3230 2077 3270 a

494 3302 710 3360 diabolo
754 3303 1050 3375 possideri;
1079 3320 1199 3360 cum
1234 3313 1539 3360 sanctorum
1590 3314 1730 3360 tanta
1758 3306 1864 3362 sint
1891 3307 2076 3376 millia,

496 3411 616 3466 quae
656 3410 764 3452 non
819 3394 1158 3464 possidentur
1183 3411 1215 3451 a
1258 3396 1520 3452 diabolo?
1549 3397 1652 3453 Sed
1691 3397 1936 3465 dicimus,
1987 3414 2081 3453 eos

496 3483 645 3540 solos
690 3499 720 3540 a
764 3485 976 3541 diabolo
1027 3501 1133 3541 non
1177 3487 1457 3557 possideri,
1487 3502 1622 3558 quos
1650 3489 1842 3544 Christi
1893 3490 2083 3544 liberat

497 3577 664 3646 gratia
690 3592 705 3643 ;
727 3575 878 3647 cujus
930 3577 1113 3647 gratia:
1141 3592 1237 3632 vos
1262 3579 1388 3633 estis
1423 3578 1639 3632 inimici.
1675 3578 1730 3633 Si
1777 3580 1916 3634 enim
1945 3579 2083 3635 hanc

497 3669 721 3738 gratiam
752 3681 859 3723 non
887 3669 1284 3739 oppugnaretis,
1329 3669 1421 3724 sed
1467 3669 1868 3740 intelligeretis;
1901 3670 2082 3740 procul

501 3759 664 3816 dubio
689 3760 850 3816 etiam
903 3769 1028 3815 ante
1071 3758 1235 3815 Vetus
1285 3759 1717 3826 Testamentum,
1762 3768 1816 3815 ct
1844 3770 2082 3831 tempore

501 3849 715 3908 Veteris
739 3851 1061 3908 Testamenti
1079 3893 1093 3919 ,
1122 3866 1310 3907 omnes
1336 3861 1568 3915 sanctos,
1597 3868 1625 3908 a
1654 3868 1929 3909 servorum
1955 3869 2084 3909 con-

500 3942 703 3999 ditione
737 3953 1026 4014 separatos,
1065 3943 1250 3999 eadem
1293 3943 1544 3999 liberatos
1571 3944 1769 4000 Christi
1806 3945 1972 4016 gratia
2001 3945 2082 4000 vi-

499 4033 720 4088 deretis.

572 4143 861 4203 LXXXIX.
889 4143 1006 4199 JUL.
1039 4143 1274 4214 Denique
1301 4155 1359 4199 ut
1385 4145 1666 4218 intelligas,
1699 4163 1805 4201 non
1830 4163 1951 4202 eum
1983 4163 2078 4202 na-

504 4247 637 4292 tura:
663 4253 847 4292 eorum
874 4237 1217 4308 exprobrare,
1241 4237 1334 4292 sed
1357 4239 1475 4292 vine
1497 4255 1512 4305 ;
1536 4241 1793 4310 sequitur,
1825 4240 1944 4297 Scio
1965 4243 2084 4310 quia

504 4330 600 4400 lilii
623 4328 840 4388 Abrahae
863 4329 1000 4384 estis.
1029 4329 1165 4384 Ecce
1194 4329 1260 4384 de
1289 4345 1390 4400 qna
1414 4330 1488 4384 illi
1527 4345 1586 4386 se
1627 4331 1822 4387 liberos
1842 4332 2087 4388 dixerant

503 4423 724 4494 originis
748 4421 1039 4493 dignitate:
1066 4436 1206 4475 nunc
1227 4421 1309 4474 cui
1345 4421 1583 4475 servituti
1610 4422 1820 4477 obnoxii
1851 4423 1957 4477 sint
1986 4424 2084 4478 de-

508 4522 786 4583 monstrat,
823 4513 1006 4569 dicens
1031 4513 1074 4580 ’,
1106 4512 1343 4580 Quwritis
1370 4529 1448 4566 me
1473 4512 1768 4582 interﬁcere,
1791 4516 1906 4580 quia
1926 4532 2087 4570 sermo

510 4622 647 4660 meus
675 4622 775 4660 non
793 4606 926 4678 capit
945 4607 998 4660 in
1019 4604 1175 4660 vobis.
1208 4605 1318 4677 Ego
1345 4605 1480 4676 quod
1501 4606 1669 4660 audivi
1709 4607 1846 4678 apud
1881 4607 2087 4663 Patrem

508 4714 690 4762 meum,
717 4699 924 4767 loquor;
950 4706 995 4752 et
1015 4713 1100 4752 vos
1119 4713 1231 4768 qua:
1244 4698 1435 4753 vidistis
1456 4698 1596 4770 apud
1618 4709 1811 4771 patrem
1841 4711 2079 4772 vestrum,

515 4789 698 4844 tacitis.

582 4882 715 4937 A06.
737 4879 872 4948 Quid
897 4887 1000 4944 est,
1043 4879 1222 4936 Sermo
1259 4899 1398 4938 meus
1445 4901 1546 4939 non
1595 4886 1730 4955 capit
1753 4887 1803 4941 in
1832 4888 1968 4942 vobis
1993 4906 2012 4955 ;
2042 4889 2086 4943 si

508 4982 698 5030 natura
718 4973 878 5030 etiam
903 4973 1042 5042 talis,
1072 4974 1241 5044 qualis
1271 4990 1412 5031 nunc
1437 4976 1641 5048 indiget
1672 4979 1947 5047 liberantc,
1972 4984 2083 5052 jam

512 5079 678 5134 capax
692 5073 777 5121 est
802 5065 1063 5120 sermonis
1081 5055 1216 5136 ejus.
1245 5066 1450 5121 etiamsi
1499 5083 1715 5126 sensum
1756 5086 1862 5126 non
1883 5074 2087 5141 aperiat

510 5158 675 5227 gratia
724 5157 1022 5228 ejus,'sicut
1067 5161 1273 5231 aperuit
1318 5161 1584 5230 Apostolis
1628 5174 1686 5219 ιιι
1739 5166 2091 5237 intelligerent

513 5249 1014 5322 St'riptnras(Luc.
1064 5268 1186 5308 xxw
1214 5293 1230 5318 ,
1277 5254 1592 5325 45);sicut
1635 5257 1709 5310 illi
1762 5260 2087 5327 purpurarite

516 5341 981 5414 Thyatirenorum,
1010 5353 1066 5401 ut
1089 5344 1393 5404 intenderet
1437 5345 1492 5400 in
1520 5361 1585 5402 ea
1612 5363 1730 5419 qua:
1757 5363 1787 5402 a
1817 5348 1983 5404 Paulo
2004 5350 2088 5404 di-

580 5542 604 5613 t.
625 5542 928 5613 vignierius,
964 5539 1124 5606 ipsum
1168 5554 1260 5594 non
1295 5542 1496 5606 factum.
1533 5543 1820 5596 Emendatur
1859 5560 1886 5596 a
1923 5560 2092 5597 manu-

515 5610 874 5735 οῗίηίέξιξπᾶιιε
897 5677 909 5712 :
945 5661 1065 5735 Vide
1104 5663 1217 5735 quia
1247 5664 1322 5735 illi
1349 5680 1402 5718 se
1433 5665 1623 5735 liberos
1641 5665 1865 5720 dicarant
1895 5670 2094 5735 originis

518 5725 774 5794 dimittite,
790 5738 937 5794 ,τρωιο
967 5725 1046 5794 cui
1091 5725 1329 5794 seft'itntt's
1380 5743 1549 5782 nomen
1606 5730 1832 5794 imputet,
1890 5725 2092 5786 inttierc.

519 5787 606 5834 sed
647 5786 860 5841 qutcrilt's
898 5799 974 5836 me
1008 5786 1277 5851 interﬁcere
1295 5825 1308 5847 ,
1337 5798 1432 5839 etc.

1155 343 1398 401 OI’ERIS
1432 340 1836 400 IMPERFECTI
1875 335 2148 395 CONTRA
2186 335 2544 406 JULIANUM,
2587 338 2643 395 S.
2686 339 3052 398 AUGUSTINI

3633 343 3774 401 H08

2189 456 2446 512 cebanlur
2471 459 2625 530 (Act.
2655 476 2766 528 xvr,
2805 462 2872 516 14
2901 461 2919 533 )
2945 461 2972 516 ?

2258 546 2368 604 XC.
2391 548 2510 605 JUL.
2537 549 2670 606 Vide
2692 567 2849 622 quam
2871 551 3078 608 diversa
3099 551 3169 608 sit
3193 560 3397 608 natum
3430 552 3568 609 ratio
3593 563 3647 609 et
3670 570 3774 608 vo-

2186 637 2423 694 luntatis.
2452 640 2566 695 Non
2595 642 2804 712 negavit
2827 643 3002 709 Jcsus,
3042 658 3260 721 carnem
3289 659 3474 700 eorum
3501 646 3776 716 pertinere

2187 729 2258 785 ad
2287 745 2468 788 semen
2498 732 2728 789 Abrahae
2762 752 2776 790 :
2807 733 2898 790 sed
2927 735 3158 791 inculcat
3180 735 3279 800 eis,
3307 735 3448 807 quod
3483 734 3551 792 ad
3579 736 3774 792 diabo-

2186 819 2294 875 lum
2321 832 2525 891 patrem
2554 823 2839 880 voluntatis
2855 824 3128 896 iniquitate
3143 826 3520 897 migraverint;
3543 827 3776 897 quiideo

2184 913 2392 981 genitor
2401 929 2587 970 eorum
2600 914 2699 970 dici
2709 915 2955 986 tur,quod
2971 916 3252 972 criminum
3265 917 3502 988 arguitur
3512 917 3774 973 eruditor.

2184 1001 2595 1073 Responderunt,
2619 1007 2808 1078 inquit,
2827 1017 2874 1061 et
2888 1007 3123 1063 dixerunt
3142 1009 3186 1062 ei
3208 1007 3381 1062 ἐπειιεὶ
3396 1023 3416 1063 :
3437 1007 3594 1064 Pater
3604 1019 3779 1064 noster

2182 1094 2438 1149 Abraham
2458 1105 2546 1151 est.
2566 1095 2699 1152 Dicit
2716 1098 2786 1152 eis
2799 1096 2946 1152 Iesus
2959 1113 2978 1154 :
2991 1096 3054 1154 Si
3062 1099 3159 1168 ﬁlii
3169 1098 3386 1153 Abraba
3402 1100 3598 1164 essetis,
3616 1116 3779 1170 opera

2182 1185 2400 1243 Abralta
2426 1188 2655 1258 faceretis
2679 1203 2699 1242 :
2745 1204 2880 1242 nunc
2903 1198 3073 1243 autem
3114 1189 3337 1259 quwritis
3362 1206 3442 1244 me
3459 1189 3765 1259 interﬁcere,

2184 1279 2434 1333 hominem
2452 1279 2538 1349 qui
2557 1279 2814 1334 veritatem
2849 1281 3044 1353 locutas
3085 1296 3198 1334 sum
3244 1281 3400 1348 vobis,
3423 1297 3574 1350 quant
3601 1281 3780 1335 audivi

2182 1384 2214 1422 α
2233 1367 2341 1423 Deo
2363 1384 2383 1434 ;
2408 1369 2502 1422 hoc
2521 1369 2775 1423 Abraham
2795 1385 2897 1424 non
2923 1369 3038 1439 fecit
3065 1385 3085 1424 :
3109 1386 3194 1424 vos
3230 1381 3395 1425 autem
3418 1371 3592 1440 facitis
3616 1387 3778 1442 opera

2184 1461 2342 1532 patris
2379 1460 2532 1514 vestri
2564 1459 2759 1532 (Joan.
2791 1476 2904 1525 vut,
2953 1461 3114 1516 57-“
3145 1460 3187 1532 ).
3214 1461 3491 1531 ASpicisne
3531 1476 3664 1531 quas
3693 1460 3778 1514 Iac-

2183 1550 2288 1604 ciat
2308 1549 2586 1606 verborum
2617 1550 2904 1606 divisiones
2921 1552 2936 1583 ¹
2971 1550 3274 1622 Sapientia?
3297 1550 3462 1622 Negat
3477 1566 3572 1606 eos
3597 1551 3778 1606 Abrae

2185 1641 2266 1695 lue
2294 1641 2430 1697 Iilios
2461 1656 2603 1709 esse,
2641 1657 2774 1712 quos
2802 1656 2959 1712 supra
2981 1641 3186 1696 dixerat
3206 1656 3325 1697 esse
3353 1641 3491 1696 ﬁlios
3509 1641 3775 1697 Abrahzns

2183 1732 2277 1787 sed
2317 1735 2565 1804 quoniam
2608 1734 2852 1788 diversus
2905 1743 2987 1789 est
3034 1733 3102 1789 dc
3151 1744 3338 1790 natura
3388 1750 3450 1788 ac
3501 1735 3784 1790 voluntate

2186 1833 2479 1892 tractatus,
2524 1824 2759 1880 ostendit
2809 1825 3038 1884 alterum
3089 1839 3208 1882 esse
3239 1834 3564 1895 prosatorem
3597 1828 3782 1881 carnis

2184 1915 2447 1982 innocuav,
2467 1918 2689 1972 alterum
2719 1918 3055 1973 seductorem
3087 1918 3295 1973 misera:
3325 1919 3630 1973 voluntatis.

2254 2009 2390 2064 Auc.
2423 2007 2617 2064 Verum
2645 2008 2780 2064 dicis
2824 2009 3084 2064 incautus.
3129 2008 3186 2064 ln
3219 2009 3462 2080 paradiso
3483 2009 3626 2065 enim
3659 2009 3779 2064 dia-

2182 2099 2335 2156 bolus
2352 2099 2601 2156 seductor
2617 2101 2785 2155 beatae
2810 2101 3094 2156 voluntatis
3123 2102 3237 2168 fuit,
3261 2117 3419 2171 quam
3447 2102 3764 2158 seducendo

2182 2192 2431 2247 miseram
2477 2191 2601 2248 fecit
2629 2211 2641 2246 :
2670 2207 2812 2248 nunc
2857 2204 3057 2256 autem.
3103 2194 3240 2248 sicut
3283 2193 3484 2262 fateris,
3525 2195 3779 2250 seductor

2183 2293 2267 2340 est
2305 2285 2512 2340 misera:
2546 2286 2850 2341 voluntatis.
2874 2287 2954 2343 Ab
2997 2286 3097 2342 hac
3136 2302 3263 2358 ergo
3307 2285 3561 2358 miseria(
3588 2302 3656 2342 ne
3677 2302 3780 2357 per

2182 2374 2324 2432 illam
2343 2391 2484 2431 nunc
2499 2377 2725 2444 facilius,
2757 2393 2916 2449 quam
2942 2387 3066 2433 tunc
3104 2377 3172 2433 ad
3203 2379 3344 2433 illam
3369 2380 3390 2410 ¹
3417 2378 3634 2434 seducta
3665 2387 3777 2444 est,

2181 2467 2355 2522 adhuc
2405 2465 2693 2524 seducatur
2738 2484 2767 2522 a
2817 2469 3028 2525 diabolo
3059 2468 3204 2536 )non
3249 2485 3366 2524 eam
3407 2469 3617 2536 liberat,
3665 2469 3777 2526 nisi

2184 2557 2269 2614 ille
2295 2557 2359 2612 ad
2403 2575 2561 2628 quem
2605 2559 2840 2631 quotidie
2887 2569 2996 2617 tota
3026 2562 3219 2617 clamat
3267 2562 3528 2628 Ecclesia,
3569 2559 3653 2617 Ne
3677 2580 3780 2619 nos

2181 2649 2369 2720 inferas
2408 2650 2462 2705 in
2487 2652 2804 2706 tentationem
2827 2670 2844 2718 ;
2874 2653 2962 2708 sed
2986 2653 3142 2708 libera
3182 2669 3272 2708 nos
3299 2670 3334 2707 ιι
3375 2656 3509 2709 malo
3534 2653 3555 2728 (
3581 2653 3776 2711 Matth.

2185 2741 2428 2814 “.15).

2252 2831 2388 2888 XCI.
2419 2831 2537 2888 IUL.
2567 2832 2662 2889 llic
2684 2848 2810 2905 ergo
2836 2833 2924 2889 ubi
2954 2833 3086 2890 dixit
3106 2835 3382 2901 Dominus,
3409 2835 3472 2891 Si
3495 2851 3580 2892 vos
3605 2834 3782 2894 Filius

2184 2923 2486 2990 liberaverit,
2532 2942 2646 2980 vere
2687 2925 2831 2980 liberi
2872 2927 3049 2990 eritis;
3080 2927 3322 2997 promisit
3379 2927 3772 3000 indulgentiam

2183 3017 2311 3078 reis,
2340 3017 2430 3086 qui
2469 3026 2751 3086 peccantes
2779 3033 2882 3070 non
2928 3017 3130 3073 arbitrii
3161 3017 3482 3086 libertatem,
3516 3019 3609 3074 sed
3641 3036 3780 3075 con-

2182 3106 2458 3161 scientiam
2482 3105 2700 3175 justitiae
2730 3107 3095 3176 perdiderunt.
3139 3107 3388 3166 Liberum
3432 3117 3609 3164 autem
3629 3110 3784 3166 arbi-

2185 3198 2341 3252 trium
2372 3205 2427 3252 et
2453 3206 2572 3267 post
2599 3206 2810 3268 peccata
2839 3207 2942 3252 tam
2964 3198 3176 3267 plenum
3205 3207 3306 3264 cst,
3331 3214 3488 3269 quam
3523 3200 3620 3254 fuit
3645 3210 3780 3257 ante

2185 3298 2439 3361 peccata:
2471 3288 2731 3359 siquidem
2754 3289 2920 3358 ipsius
2940 3305 3099 3358 Opera
3117 3290 3206 3345 fiat
3231 3300 3288 3345 ut
3315 3291 3565 3347 abdicent
3605 3292 3778 3364 pleri-

2184 3397 2289 3456 que
2337 3382 2545 3436 occulta
2589 3365 2907 3447 dedecoiisl
2925 3382 2965 3436 ll
2987 3382 3104 3437 Cor.
3135 3382 3262 3449 “7,2
3284 3393 3325 3456 ),
3355 3392 3408 3439 et
3443 3384 3774 3455 ﬂagitiorum

2185 3473 2402 3544 abjectis
2418 3472 2686 3538 sordibus,
2710 3473 2961 3527 virtutum
2993 3483 3269 3528 comantur
3300 3475 3618 3544 insignibus.

2255 3567 2392 3620 Auc.
2415 3565 2489 3619 Te
2513 3565 2636 3618 andi
2680 3565 2892 3632 saltem,
2947 3566 3039 3621 ubi
3079 3566 3211 3622 dicis
3236 3566 3255 3639 (
3283 3566 3475 3640 Supra,
3507 3585 3619 3639 cap.
3646 3567 3718 3624 69
3747 3568 3778 3642 )

2188 3665 2404 3726 pr0pter
2447 3655 2881 3710 consuetudinem
2931 3667 3264 3725 peccatorum
3313 3660 3568 3730 scriptum
3605 3674 3730 3715 esse
3755 3702 3776 3727 ,

2191 3744 2310 3799 Non
2343 3747 2476 3816 quod
2521 3746 2632 3799 volo
2653 3787 2668 3812 ,
2691 3762 2788 3816 ago
2815 3761 2833 3809 ,°
2862 3746 2948 3800 sed
2987 3747 3119 3817 quod
3163 3748 3268 3810 odi,
3301 3750 3394 3803 hoc
3439 3751 3592 3818 facio.
3620 3750 3778 3818 Quo-

2189 3836 2348 3892 modo
2400 3853 2526 3908 ergo
2566 3844 2684 3907 post
2730 3847 2944 3906 peccata
2988 3837 3210 3893 liberum
3240 3849 3341 3907 est,
3405 3858 3631 3912 quorum
3662 3845 3776 3900 etsi

2188 3944 2293 3984 non
2316 3929 2620 3999 propagine,
2645 3929 2767 3998 quia
2796 3945 2900 3983 non
2927 3930 3101 3994 vultis,
3130 3941 3274 3986 certe
3325 3941 3500 3987 tamen
3540 3949 3781 3991 consue-

2191 4020 2393 4083 tudine,
2423 4034 2578 4088 quam
2604 4020 2772 4073 solam
2827 4017 2949 4073 huic
2990 4022 3287 4075 necessitati
3328 4023 3455 4077 victi
3503 4027 3777 4079 contorti-

2188 4127 2293 4183 que
2325 4112 2636 4176 conceditis,
2678 4113 2755 4166 sic
2803 4111 3033 4182 perdidit
3084 4113 3402 4180 libertatem,
3434 4125 3493 4170 ut
3541 4117 3784 4186 gemitus

2188 4205 2305 4275 ejus
2348 4205 2504 4260 feriat
2543 4219 2700 4259 aures
2741 4213 2967 4273 vestras,
3007 4206 3338 4277 frontemque
3375 4208 3779 4276 collidat;cum

2188 4295 2401 4360 auditis,
2427 4293 2546 4348 Non
2567 4294 2701 4366 quod
2720 4296 2852 4362 volo,
2893 4313 2990 4367 ago
3013 4311 3032 4357 ;
3053 4307 3123 4354 et.
3160 4296 3284 4351 Non
3322 4299 3456 4369 quod
3473 4301 3604 4366 volo,
3636 4303 3791 4370 facio

2191 4390 2406 4452 bonum;
2435 4387 2523 4441 sed
2563 4387 2698 4458 quod
2746 4388 2863 4442 nolo
2913 4388 3124 4456 malum,
3159 4389 3255 4444 ltoc
3302 4405 3398 4461 ago
3426 4389 3444 4462 (
3473 4391 3622 4445 Rom.
3669 4407 3780 4462 vu,

2191 4481 2279 4544 is.
2310 4479 2468 4551 l9)?

2265 4571 2418 4628 XCII.
2449 4570 2569 4626 IUL.
2591 4570 2784 4626 Desine
2809 4571 2985 4642 itaque
3005 4572 3224 4642 impiare
3245 4581 3296 4629 te
3319 4573 3387 4644 (si
3409 4583 3583 4630 tamen
3603 4575 3789 4636 ullum

2193 4663 2284 4720 tibi
2314 4664 2390 4719 Ias
2412 4672 2505 4718 aut
2531 4665 2677 4719 nefas
2707 4667 2904 4737 restat)
2929 4707 2944 4731 ,
2974 4663 3172 4721 Christi
3198 4668 3358 4724 verba
3387 4669 3465 4723 sic
3492 4683 3788 4739 exponen-

2192 4756 2293 4824 do,
2323 4764 2379 4810 ut
2404 4755 2492 4811 ille
2519 4755 2796 4810 arbitrium
2836 4770 3060 4825 negasse
3105 4756 3330 4812 liberum
3358 4759 3618 4826 videatur,
3650 4760 3788 4816 sine

2191 4847 2341 4918 cujus
2369 4846 2670 4915 integritate
2698 4845 2922 4916 :equitas
2960 4847 3010 4901 ei
3055 4847 3254 4917 prOprii
3292 4863 3397 4904 non
3439 4858 3611 4920 potest
3637 4868 3794 4906 con-

2192 4947 2333 4994 stare
2361 4936 2567 5008 judicii.
3122 4947 3130 4954 ‘

2266 5031 2398 5084 Auc.
2429 5029 2557 5090 lino,
2585 5028 2704 5084 ideo
2726 5043 2884 5098 grave
2907 5027 3091 5099 jngum
3116 5039 3200 5084 est
3229 5045 3392 5100 super
3417 5031 3550 5087 filios
3573 5033 3783 5104 Adam,

2193 5137 2221 5174 a
2262 5121 2348 5176 die
2382 5122 2553 5175 exitus
2581 5120 2648 5176 de
2674 5130 2863 5176 ventre
2891 5121 3074 5176 matris
3104 5136 3288 5176 eorum
3321 5121 3524 5194 (Eccli.
3553 5141 3622 5179 χι
3643 5167 3657 5192 ,
3699 5127 3786 5201 1),

2195 5213 2316 5282 quia
2341 5212 2390 5266 ei
2423 5219 2631 5266 constat
2656 5214 2875 5281 :rquitas
2895 5213 3078 5282 judicii
3102 5232 3115 5269 :
3135 5215 3275 5285 quod
3297 5217 3514 5272 omnino
3535 5217 3788 5290 iniqunm

2194 5311 2356 5367 esset,
2389 5303 2431 5356 si
2467 5319 2570 5357 non
2603 5303 2875 5358 traherent
2903 5305 3158 5375 originale
3186 5316 3484 5375 peccatum,
3508 5323 3604 5378 per
3627 5315 3787 5380 quod

2198 5393 2358 5451 homo
2384 5392 2599 5446 vanitati
2629 5393 2815 5447 similis
2844 5392 3014 5450 factus
3039 5405 3121 5450 est
3153 5395 3321 5466 (Psal.
3353 5412 3531 5462 cxuu,
3562 5398 3645 5469 4).

2271 5481 2446 5537 XCIII.
2476 5481 2594 5537 IUL.
2630 5483 2765 5538 Audi
2793 5483 2812 5515 ³
2838 5499 2968 5539 sane
2995 5485 3083 5540 ubi
3111 5487 3215 5540 vim
3240 5487 3483 5543 humanae
3508 5489 3789 5550 libertatis

2251 5617 2279 5720 ιι
2303 5613 2435 5723 Ρλᾴἱῑιί,
2457 5611 2711 5666 divisiones
2728 5615 2978 5668 verborum
2990 5630 3204 5669 suorum.
3223 5601 3385 5682 'Abest,
3401 5634 3614 5682 suorum,
3634 5635 3662 5671 a
3681 5638 3787 5678 tn;-

2269 5689 2393 5723 SCI‘III
2417 5690 2473 5723 IS.

2200 5689 2473 5737 nnscrtptts.

2266 5740 2364 5803 {tta
2385 5743 2490 5786 Mss.
2519 5737 2632 5787 will
2655 5747 2834 5803 autem,
2859 5739 2919 5790 ab
2941 5738 3041 5791 illa.

2269 5800 2288 5831 ³
2316 5807 2390 5846 \Is.
2420 5807 2548 5858 nam,
2569 5799 2728 5850 audis.
