4014 6528
466 362 603 446 illi
1133 381 1381 440 OPERIS
1417 373 1833 438 [MPERFECTI
1868 367 2140 429 CONTRA
2177 363 2536 432 JULIANUM,
2578 363 2635 418 S.
2676 361 3045 422 AUGUSTlNl
3580 363 3722 421 Ill!

466 498 715 557 omnibus
736 495 916 554 verbis
943 494 1069 561 tuis,
1093 511 1213 566 qum
1242 494 1417 566 posui,
1449 495 1520 549 ita
1548 493 1702 547 video
1732 488 1911 560 gratim
1937 498 2038 539 no-
2155 513 2438 571 negamus;
2469 496 2563 552 sed
2601 497 2669 552 ita
2711 507 2768 552 ut
2806 513 2910 552 non
2939 500 2954 530 ι
2990 514 3082 566 per
3121 497 3367 568 atljutorii
3407 514 3604 570 genera
3632 514 3731 559 aut

466 606 589 646 men
615 603 737 644 cum
761 587 915 643 liberi
941 587 1146 641 arbitrii
1180 596 1460 656 negatione
1484 590 1787 639 consertum
1810 620 1822 642 ,
1849 584 1909 633 ut
1938 590 2044 630 non

2154 589 2439 646 fabricetur
2461 606 2580 661 qum
2608 589 2765 645 fuerit
2789 590 2989 645 arbitrii
3017 591 3287 645 destructa
3329 592 3547 648 libertas
3571 633 3587 657 ,
3627 605 3723 650 aut

466 690 574 737 tam
608 681 742 735 mala
772 693 961 734 sensus
991 679 1064 733 tui
1100 678 1513 753 appellationum
1544 677 1561 707 ¹
1592 672 1746 729 bouis
1786 665 2048 724 νίηάῖοπί
2157 681 2440 753 aliquando
2466 696 2528 736 ea
2555 681 2787 747 exclusa,
2817 682 2900 736 vel
2932 683 3052 737 boni
3083 682 3166 737 vel
3197 683 3319 737 mali
3349 684 3593 752 cuiquam
3623 702 3729 741 ne—

466 781 699 845 queant,
728 786 885 843 quam
915 770 1145 840 dignitas
1172 769 1450 823 nominum
1488 767 1793 837 dogmatum
1838 770 2047 814 tuorum

2157 773 2381 828 cessitas
2423 770 2669 827 credatur
2703 773 3246 836 incumbere;verum
3292 774 3515 830 arbitrio
3559 776 3739 832 libero

467 861 776 917 adhmsioue
817 861 1056 915 vilescat.
1096 857 1213 914 Non
1240 852 1448 928 ergo‘te
1476 857 1557 910 his
1585 850 1921 909 sermonibus
1951 849 2054 904 bo-
2161 876 2321 918 omne
2345 861 2663 930 adjutorium
2691 871 3029 932 cooperaiur,

470 954 692 1010 nestasti
713 994 728 1021 ,
758 952 851 1009 sed
880 962 1193 1008 ornamenta
1226 951 1341 1020 ipsa
1370 947 1615 1019 turpasti.
1655 945 1762 1000 Nos
1788 955 1963 998 tamen
1991 954 2055 996 ea

2234 956 2368 1011 Avo.
2398 954 2453 1009 Si
2485 971 2588 1008 non
2621 955 2897 1025 prmvcnit,
2920 963 2980 1009 ut
3006 964 3255 1025 operetur
3281 970 3396 1010 eam
3415 998 3429 1021 ,
3457 955 3552 1011 sed
3593 956 3746 1026 prius

470 1064 592 1118 qum
621 1058 651 1102 a
683 1054 734 1101 te
765 1046 947 1116 juncta
976 1052 1099 1100 sunt
1125 1058 1436 1113 separamus
1455 1084 1471 1108 ,
1500 1048 1557 1096 ιίῑ
1582 1038 1766 1112 stall“?
1803 1034 2051 1091 diVlnilas
2162 1044 2415 1100 existenti
2435 1044 2691 1099 voluntati
2712 1046 2875 1115 gratia
2892 1056 3237 1118 cooperatur;
3267 1047 3533 1116 quomodo
3553 1063 3745 1102 verum

476 1140 544 1195 ab
571 1139 755 1194 scmvis
778 1139 800 1171 ⁸
828 1136 1257 1207 colligationibus
1286 1133 1511 1191 enodata
1534 1173 1549 1197 ,
1579 1145 1679 1186 nec
1706 1126 2059 1198 responsione
2163 1144 2266 1203 est,
2302 1134 2448 1191 Deus
2475 1136 2528 1190 in
2554 1135 2689 1191 vobis
2718 1146 2954 1207 operatur
2979 1146 3026 1191 et
3053 1135 3181 1193 velle
3213 1136 3481 1210 (Philipp.
3512 1154 3548 1192 ιι
3566 1181 3580 1202 ,
3614 1138 3751 1209 i3)?

473 1231 776 1300 quatiatur;
804 1236 858 1283 et
879 1229 1137 1299 gravitate
1164 1225 1580 1287 Catholicorum,
1604 1236 1711 1275 non
1742 1215 2058 1305 Manichaeo-

2164 1227 2432 1305 quomodo
2451 1268 2466 1292 ,
2497 1225 2828 1301 Prteparatur
2854 1228 3082 1282 voluntas
3105 1244 3136 1281 a
3155 1225 3375 1289 Domino
3406 1226 3584 1298 (Prov.
3612 1244 3706 1290 vtu
3724 1268 3746 1297 ,

475 1335 596 1377 rum
626 1319 931 1375 adulatione
960 1317 1222 1373 laudetur.
1248 1315 1484 1372 Gratiam
1510 1326 1638 1383 ergo
1660 1308 1857 1366 Christi
1885 1304 2064 1360 multi-
2164 1318 2258 1385 35,
2283 1333 2383 1372 εεσ,
2401 1317 2597 1389 LXX)?
2624 1317 2909 1389 quomodo,
2927 1318 3158 1373 Chai-im
3186 1335 3250 1372 επ
3273 1317 3378 1373 Deo
3409 1328 3480 1373 αι
3510 1318 3753 1390 (ιιοαη,

479 1408 676 1482 pliCem
719 1410 1053 1464 conﬁtemur.
1105 1407 1339 1469 Primum
1366 1419 1558 1460 munus
1585 1403 1701 1471 eius
1725 1399 1749 1432 ⁸
1776 1406 1889 1464 εει,
1919 1395 2063 1467 quod
2170 1424 2248 1475 iv,
2279 1409 2358 1480 7),
2380 1424 2499 1482 qum
2528 1409 2641 1463 sola
2666 1410 2777 1465 vult
2799 1409 3100 1465 bealilicum
3125 1410 3358 1465 bonum?
3379 1412 3484 1464 Aut
3504 1411 3547 1465 si
3570 1410 3756 1466 scien-

481 1504 609 1559 facti
639 1518 705 1559 ex
734 1502 904 1559 nihilo
929 1517 1133 1557 sumus.
1159 1499 1484 1565 Secundum,
1511 1495 1652 1565 quod
1680 1504 1737 1550 ut
1762 1491 2064 1549 viventibus
2170 1502 2244 1557 lia
2286 1502 2417 1573 legis
2460 1513 2515 1558 ei
2554 1503 2884 1572 ειοίμιίοι-υπι
2927 1502 3019 1557 Dei
3064 1501 3379 1558 charimem
3412 1511 3666 1572 operami-
3694 1502 3754 1561 in

480 1609 642 1649 sensu
661 1635 676 1659 ,
718 1593 787 1647 ita
831 1591 1183 1647 sentientibus
1209 1590 1417 1645 ratione
1444 1596 1787 1658 prmstamus;
1818 1598 1937 1654 qum
1963 1581 2065 1636 im-

2174 1593 2350 1657 nobis,
2383 1602 2438 1646 ut
2471 1607 2575 1647 non
2608 1608 2702 1663 per
2728 1592 2925 1647 donum
2955 1592 3068 1658 Dei,
3101 1592 3192 1648 sed
3223 1608 3321 1664 per
3344 1604 3542 1647 nasum
3562 1592 3759 1652 volum

480 1700 666 1757 pressa
689 1691 772 1739 est
789 1683 989 1748 animo,
1015 1690 1071 1737 ut
1093 1680 1396 1738 Conditoris
1416 1678 1589 1748 imago
1609 1676 1890 1731 doceretur
1911 1671 1936 1704 ⁵
1958 1690 1971 1725 :
1997 1670 2067 1727 ad
2173 1683 2299 1736 satis
2322 1682 2599 1737 arbitrium
2624 1682 2906 1753 diligamus
2923 1724 2940 1751 ,
2967 1682 3108 1753 quod
3135 1697 3255 1739 esse
3281 1682 3606 1754 diligendum
3645 1683 3764 1741 Deo

486 1776 638 1848 cujus
659 1791 810 1845 mque
833 1774 1049 1846 respicit
1069 1773 1376 1844 dignitatem
1397 1769 1605 1826 arbitrii
1625 1781 1878 1824 concessa
1910 1763 2070 1821 liber-
2174 1771 2399 1828 docente
2419 1773 2820 1843 cognoscimus;
2843 1772 3111 1844 quomodo
3130 1788 3218 1828 res
3245 1773 3421 1828 minor
3444 1789 3506 1829 ex
3531 1773 3641 1828 Deo
3662 1787 3767 1829 no-

486 1878 591 1922 tas.
624 1865 730 1937 Ipsi
755 1865 914 1921 etiam
941 1865 1124 1935 gratim
1145 1907 1161 1931 ,
1195 1861 1571 1918 beneﬁciorum
1597 1874 1715 1929 qum
1739 1852 1894 1913 nobis
1924 1870 2070 1925 prm-
2174 1862 2258 1917 his
2297 1872 2376 1918 est
2398 1905 2413 1929 ,
2444 1871 2499 1918 et
2537 1863 2708 1932 major
2746 1879 2813 1918 ex
2852 1862 3039 1919 nobis?
3068 1865 3188 1941 quia
3217 1864 3335 1919 sine
3380 1863 3489 1919 Deo
3525 1862 3768 1920 domum

486 1968 629 2015 stare
660 1973 763 2013 non
795 1956 991 2013 deSinil
1011 1996 1025 2021 ,
1058 1964 1341 2026 augmen“!
1370 1961 1696 2024 τεριιιθπιυε·
1744 1948 1862 2019 Ipsa
1899 1945 2069 2018 sralia
2177 1954 2479 2022 scientiam,
2506 1953 2607 2010 hoc
2635 1964 2719 2010 est
2740 1953 2988 2023 docente,
3014 1970 3174 2011 nosse
3196 1971 3300 2010 non
3324 1970 3638 2025 possumus;
3668 1955 3768 2012 illo

487 2050 662 2120 legem
690 2049 742 2103 in
771 2047 1091 2118 adiutorium
1118 2047 1262 2101 misit
1287 2042 1440 2119 (Isai-
1466 2058 1559 2098 Vm
1580 2083 1596 2110 ,
1623 2041 1715 2105 20.
1733 2056 1835 2095 me
1865 2036 2068 2107 LXX)!
2177 2056 2354 2105 autem
2384 2046 2698 2102 charitatem
2724 2062 2843 2117 qum
2869 2048 3229 2117 supereminet
3255 2046 3495 2101 scientim
3519 2046 3538 2115 (
3562 2046 3761 2113 Ephes.

489 2138 557 2194 ad
598 2137 715 2209 ejus
753 2136 1027 2208 spectabat
1053 2135 1286 2191 ofﬁcium
1306 2174 1323 2202 ,
1352 2142 1409 2189 ut
1433 2130 1655 2188 rationis
1683 2131 1863 2186 lumen
1885 2169 1900 2193 ,
1931 2125 2074 2205 quod

2187 2151 2262 2207 ui,
2289 2136 2403 2206 i9),
2436 2150 2542 2190 non
2568 2135 2820 2202 donante,
2842 2135 3068 2208 diligere
3100 2152 3401 2206 possumus.
3433 2136 3519 2192 Sic
3546 2140 3650 2195 non
3675 2152 3772 2195 sa-

492 2231 770 2303 pravitatis
790 2230 1033 2300 exempla
1055 2228 1442 2284 hebetabantet
1458 2223 1788 2281 consuetudo
1803 2221 2073 2284 vitiorum,
2180 2228 2351 2298 piunt,
2379 2227 2479 2282 nisi
2504 2228 2626 2282 novi
2652 2227 2888 2286 heretici
2912 2240 2963 2284 et
2990 2230 3174 2301 gratim
3201 2229 3292 2283 Dei
3326 2228 3484 2284 nimis
3508 2228 3733 2291 inimici.

496 2322 830 2379 multimodis
851 2320 1241 2378 eruditionibus
1260 2319 1531 2383 excitaret,
1560 2326 1720 2386 atque
1741 2313 1961 2368 invitatu
1980 2324 2078 2367 suo
2252 2316 2437 2373 XCVI.
2478 2317 2594 2372 Jun.
2640 2317 2749 2372 lloc
2776 2333 2903 2388 ergo
2935 2317 3208 2380 arbitrium
3252 2318 3474 2373 liberum
3495 2359 3510 2383 ,
3540 2328 3767 2388 propter

492 2416 701 2471 foveret
728 2415 772 2471 '.
800 2414 881 2470 Ad
910 2413 1065 2471 istius
1092 2427 1222 2483 ergo
1247 2408 1452 2482 gratim,
1483 2408 1537 2464 id
1566 2416 1667 2472 est,
1696 2406 1890 2461 divinm
1916 2403 2081 2459 bene-
2181 2407 2325 2480 quod
2351 2408 2521 2463 solum
2542 2422 2642 2463 nos
2665 2406 2992 2464 manifestari
3018 2418 3142 2464 ante
3167 2409 3392 2464 tribunal
3419 2408 3639 2475 Christi,
3656 2408 3778 2465 Ma-

492 2508 762 2573 volentim,
788 2522 909 2577 qum
928 2505 1092 2561 rebus
1119 2518 1332 2559 causam
1359 2501 1523 2566 dedit,
1555 2497 1939 2569 plenitudinem
1961 2509 2081 2565 spe-
2183 2500 2347 2571 gister
2373 2497 2624 2554 Gentium
2652 2498 2862 2565 scribit,
2897 2510 2954 2554 ut
2979 2508 3216 2570 reportet
3239 2499 3610 2570 unusquisque
3638 2515 3777 2570 pro-

495 2596 660 2652 ctavit
680 2638 697 2662 ,
729 2605 789 2651 ut
815 2594 1050 2651 Verbum
1083 2608 1210 2650 caro
1238 2591 1424 2658 fieret,
1457 2599 1512 2647 et
1533 2589 1798 2644 habitaret
1834 2587 1888 2641 in
1928 2583 2080 2641 nobis

2194 2591 2299 2662 pria
2324 2591 2584 2660 corporis,
2608 2599 2767 2661 prout
2791 2592 2989 2662 gessit,
3021 2592 3133 2646 sive
3159 2590 3354 2647 bonum
3377 2634 3392 2660 ,
3421 2592 3534 2647 sive
3568 2593 3779 2647 malum

500 2685 681 2758 (Joan.
702 2702 743 2754 ι,
776 2684 892 2758 ﬂ).
920 2685 1228 2755 Reposcens
1266 2682 1410 2739 enim
1450 2681 1592 2737 Deus
1629 2679 1697 2735 ab
1736 2677 1966 2748 imagine
1987 2688 2082 2730 Sua
2187 2680 2262 2753 (ll
2287 2679 2405 2737 Cor.
2435 2697 2488 2747 v,
2517 2681 2609 2753 10)
2629 2722 2644 2745 ,
2671 2682 2809 2736 sicut
2834 2681 3091 2737 Catholici
3120 2682 3333 2753 quidem
3359 2682 3684 2737 confitentur
3711 2684 3779 2747 ’ς

500 2778 700 2834 amoris
720 2778 912 2845 vicem,
936 2768 1111 2847 palam
1130 2774 1258 2832 fecit
1275 2789 1432 2845 quam
1455 2780 1626 2828 totum
1648 2772 1670 2804 ⁸
1693 2771 1747 2826 in
1771 2785 1867 2824 nos
1886 2766 2087 2824 inmsti—
2188 2771 2261 2827 ita
2284 2787 2383 2828 vos
2414 2787 2518 2828 non
2549 2772 2719 2827 solum
2761 2787 2880 2827 cum
2925 2772 3216 2828 Manicbmo
3237 2772 3279 2837 ³,
3308 2772 3401 2828 sed
3442 2773 3601 2827 etiam
3648 2787 3781 2829 cum

502 2869 683 2925 mabili
709 2869 909 2939 egisset
935 2866 1149 2933 aﬂ‘ectu,
1179 2875 1236 2922 ut
1263 2865 1348 2920 vel
1376 2878 1498 2920 sero
1522 2863 1919 2919 redamaremus
1937 2872 2082 2924 eum,
2188 2861 2489 2931 Joviniano,
2511 2878 2669 2934 quem
2702 2863 2854 2918 nobis
2880 2863 3045 2918 audes
3073 2863 3385 2936 impingere,
3412 2863 3632 2918 diverso
3655 2864 3786 2934 qui-

506 2960 597 3031 qui
622 2958 1008 3014 commendans
1035 2957 1349 3014 charitatem
1375 2968 1524 3011 suam
1556 2951 1710 3007 nobis
1740 2950 1913 3021 (Rom-
1932 2964 1985 3014 ν,
2004 2944 2083 3020 8)»
2190 2955 2312 3011 dem
2335 2970 2552 3026 genere,
2584 2954 2679 3010 sed
2704 2955 2975 3025 impietate
3002 2954 3163 3009 simili
3193 2954 3488 3025 denegatis.
3527 2954 3684 3021 Quod
3714 2964 3781 3011 ut

508 3051 646 3107 Filio
671 3064 770 3106 suo
796 3065 902 3105 non
937 3049 1198 3120 pepercit,
1230 3046 1324 3102 sed
1353 3060 1449 3116 pro
1473 3044 1628 3099 nobis
1657 3042 1806 3097 illum
1834 3038 2052 3095 tradidit
2070 3050 2103 3093 :'
2192 3045 2401 3118 planius
2430 3045 2555 3113 ﬁat,
2584 3046 2903 3101 divisionum
2931 3046 3247 3101 adhibeatur
3274 3062 3519 3101 examen.
3554 3046 3665 3100 Nos
3689 3046 3786 3102 di-

506 3143 767 3214 pollicens
796 3143 918 3213 quia
945 3142 990 3197 si
1016 3142 1370 3197 voluissemus
1393 3138 1646 3208 deinceps
1669 3135 1931 3193 voluntati
1970 3133 2087 3204 ejus
2193 3139 2365 3194 cimus
2400 3147 2618 3209 peccato
2645 3136 2879 3193 hominis
2897 3179 2913 3205 ,
2945 3153 3050 3192 non
3087 3149 3288 3192 naturae
3317 3147 3509 3197 statum
3543 3140 3739 3197 mutari
3763 3180 3783 3205 .

505 3234 725 3290 obedire
747 3275 763 3300 ,
795 3233 1063 3302 Uuigeniti
1091 3232 1173 3289 sui
1205 3237 1481 3304 prmstaret
1508 3244 1606 3286 nos
1634 3244 1755 3287 esse
1779 3227 2089 3285 cohaeredes
2193 3230 2289 3286 sed
2309 3229 2484 3285 meriti
2504 3229 2839 3300 qualitatem;
2862 3228 2914 3284 id
2936 3240 3036 3295 est,
3058 3236 3113 3284 et
3139 3230 3189 3283 in
3216 3240 3468 3299 peccante
3493 3227 3630 3287 hanc
3651 3244 3785 3284 esse

508 3324 619 3397 (Id.
648 3340 763 3388 vui,
792 3324 881 3389 32,
909 3323 1021 3394 l7).
2194 3322 2351 3379 liberi
2391 3321 2596 3377 arbitrii
2633 3330 2875 3377 naturam
2896 3363 2912 3390 ,
2941 3337 3039 3392 per
3071 3336 3226 3392 quam
3270 3328 3444 3390 potest
3479 3336 3511 3375 a
3555 3329 3787 3391 peccato

580 3420 714 3472 Ave.
744 3415 915 3470 Homo
944 3413 1242 3485 Pelagiane,
1266 3412 1495 3469 charitas
1517 3413 1630 3467 vult
1649 3412 1870 3475 bonum,
1891 3420 1946 3466 et
1964 3409 2093 3467 cha-
2195 3413 2463 3479 desinere,
2488 3428 2607 3484 qum
2628 3412 2725 3467 fuit
2749 3414 2801 3467 in
2832 3427 2897 3468 eo
2927 3421 2983 3467 ut
3009 3421 3194 3481 posset
3218 3427 3246 3466 a
3269 3410 3470 3482 justitia
3496 3410 3737 3466 deviare.

511 3508 643 3562 ritas
668 3522 734 3562 ex
761 3506 870 3561 Deo
901 3515 1011 3571 est;
1039 3522 1145 3560 non
1176 3520 1274 3575 per
1302 3505 1436 3576 legis
1464 3504 1718 3571 litteram,
1741 3502 1834 3559 sed
1865 3518 1961 3573 per
1985 3503 2093 3573 spi-
2267 3506 2405 3562 Auc.
2437 3503 2649 3560 Scimus
2676 3517 2773 3559 vos
2801 3503 2921 3559 ideo
2946 3502 3143 3571 dicere,
3176 3514 3393 3574 peccato
3423 3501 3654 3558 hominis
3678 3518 3788 3557 na—

509 3598 674 3652 ritum
699 3598 901 3667 gratim.
930 3594 986 3650 In
1014 3595 1116 3650 hoc
1137 3603 1218 3650 est
1244 3595 1635 3664 prmdestinatis
1661 3594 1980 3664 adjutorium
2008 3593 2096 3647 lit-
2198 3606 2330 3653 tum:
2351 3606 2544 3653 statum
2573 3611 2676 3651 non
2698 3596 2913 3663 mutari,
2936 3597 3060 3666 quia
3083 3595 3395 3651 deseruistis
3417 3594 3573 3650 [idem
3592 3593 3794 3655 catbq.

513 3701 649 3753 tera,
682 3690 802 3760 quia
827 3688 1065 3758 jubendo
1085 3696 1140 3742 et
1166 3702 1271 3743 non
1299 3687 1555 3756 juvando,
1577 3686 1829 3741 admonet
1855 3685 2096 3740 inﬁmos
2199 3687 2380 3753 licam,
2404 3703 2521 3757 qum
2542 3686 2669 3741 dicit
2691 3687 2915 3756 primum
2948 3686 3217 3741 hominem
3249 3685 3327 3740 sic
3357 3684 3572 3750 factum,
3594 3694 3651 3739 ut
3674 3700 3793 3740 non

516 3778 806 3848 confugere
835 3778 898 3832 ad
928 3778 1172 3847 spiritum
1197 3777 1402 3847 gratim.
1425 3776 1515 3831 Sic
1543 3776 1656 3845 lege
1684 3775 1920 3846 legitime
1938 3782 2098 3829 utun-
2200 3778 2422 3833 haberet
2461 3777 2720 3832 moriendi
2765 3778 3169 3842 necessitatem;
3217 3786 3435 3847 peccato
3486 3784 3666 3830 autem
3713 3775 3793 3831 ita

516 3880 602 3924 tur
622 3870 664 3935 ’,
687 3868 878 3939 quibus
924 3867 1062 3922 bona
1103 3877 1186 3922 est
1222 3869 1239 3928 (
1264 3867 1280 3921 l
1302 3865 1438 3920 Tim.
1482 3883 1535 3933 ι,
1574 3866 1675 3938 8),
1701 3866 1754 3920 id
1783 3874 1893 3931 est,
1923 3864 2092 3920 utilis:
2201 3869 2341 3924 hunc
2365 3879 2559 3924 statum
2589 3878 2790 3924 naturm
2818 3868 2981 3923 fuisse
3008 3876 3288 3933 mutatum,
3316 3877 3370 3922 ut
3391 3866 3663 3923 hominem
3687 3883 3797 3922 ne-

521 3962 757 4032 alioquin
787 3975 881 4030 per
907 3974 966 4015 se
998 3960 1162 4029 ipsam
1195 3960 1367 4013 littera
1394 3959 1586 4013 occidit
1628 3957 1704 4031 (ll
1735 3956 1851 4012 Cor.
1880 3973 1935 4012 ut
1954 3999 1969 4023 ,
2002 3954 2094 4026 6);
2200 3976 2354 4016 cesse
2379 3961 2448 4015 sit
2474 3961 2629 4028 mori,
2654 3976 2820 4031 usque
2846 3960 2980 4016 adeo
3008 3968 3065 4014 ut
3092 3961 3252 4015 etiam
3282 3960 3467 4029 spiritu
3493 3959 3605 4028 jam
3633 3974 3799 4031 rege-

517 4053 639 4121 quia
678 4049 916 4121 jubendo
959 4050 1157 4104 bonum
1180 4090 1195 4113 ,
1224 4057 1276 4103 et
1306 4064 1410 4102 non
1442 4048 1716 4118 largiendo
1744 4047 2059 4102 charitatem
2081 4087 2096 4114 ,
2204 4053 2406 4108 neratis
2435 4062 2593 4123 atque
2622 4053 2896 4108 vivificatis
2923 4054 3212 4123 Apostolus
3241 4053 3383 4107 dicat
3414 4070 3426 4105 :
3463 4051 3526 4107 Si
3555 4049 3800 4108 Christus

518 4158 639 4215 qum
666 4142 778 4197 sola
805 4142 918 4195 vult
948 4141 1164 4203 bonum,
1192 4155 1318 4194 reos
1344 4140 1795 4209 prmvaricationls
1820 4139 1963 4193 facit.
2204 4144 2261 4196 in
2286 4143 2424 4197 vobis
2448 4152 2541 4209 est,
2568 4159 2750 4213 corpus
2771 4143 2975 4214 quidem
2996 4154 3247 4198 mortuum
3273 4153 3344 4197 est
3373 4153 3579 4214 propter
3609 4160 3803 4213 pecca-

591 4231 751 4288 XCV.
778 4230 896 4287 ιω..
923 4231 1046 4285 limo
1065 4244 1194 4299 ergo
1213 4232 1401 4300 gratia,
1426 4245 1545 4301 qum
1570 4229 1621 4283 in
1650 4229 1971 4299 Baptismate
1993 4244 2099 4284 non
2205 4243 2340 4299 tum,
2369 4234 2577 4304 spiritus
2601 4243 2771 4288 autem
2794 4235 2896 4288 vita
2923 4244 2995 4289 est
3039 4244 3245 4305 propter
3271 4235 3524 4305 justitiam
3541 4250 3561 4288 :
3582 4233 3630 4288 si
3669 4250 3803 4307 ergo

520 4324 692 4379 solum
741 4330 954 4391 peccata
999 4319 1265 4375 condouat
1286 4362 1298 4384 ,
1326 4319 1419 4374 sed
1459 4335 1581 4374 cum
1627 4320 1727 4375 hoc
1762 4320 2102 4391 indulgentiae
2207 4326 2418 4395 spiritus
2444 4326 2554 4397 ejus
2577 4327 2661 4395 qui
2684 4327 2940 4381 suscitavit
2964 4327 3141 4382 Iesum
3169 4343 3231 4383 ea:
3256 4328 3487 4393 mortuis,
3518 4325 3709 4381 habitat
3738 4328 3806 4383 in

523 4413 807 4480 beneﬁcio,
828 4421 882 4468 et
918 4411 1180 4482 provehit,
1202 4419 1256 4467 et
1276 4411 1492 4481 adoptat
1511 4412 1553 4475 ⁸.
1571 4421 1625 4467 et
1643 4421 1921 4467 consecrat
1936 4430 1949 4465 :
1964 4411 2099 4480 hmo,
2208 4416 2350 4471 vobis
2364 4430 2385 4481 ;
2412 4417 2498 4487 qui
2523 4418 2780 4472 suscitavit
2804 4417 2983 4474 Iesum
3003 4417 3262 4474 Christum
3285 4436 3317 4472 a
3343 4419 3555 4474 mortuis
3573 4460 3589 4486 ,
3626 4419 3809 4490 vivi/£-

523 4506 759 4575 inquam,
786 4504 976 4574 gratia,
1002 4503 1251 4558 meritum
1281 4510 1449 4556 mutat
1475 4515 1712 4568 reorum,
1740 4517 1847 4556 non
1877 4502 2102 4558 liberum
2207 4508 2339 4561 eabit
2364 4517 2409 4562 et
2437 4509 2675 4563 mortalia
2702 4525 2917 4581 corpora
2944 4519 3109 4565 vestra
3135 4526 3225 4582 per
3250 4510 3614 4565 inhabitantem
3639 4510 3811 4579 spiri-

524 4595 708 4650 t-ondit
744 4594 1050 4659 arbitrium;
1081 4592 1223 4663 quod
1267 4606 1335 4648 eo
1377 4591 1668 4661 accipimus
1693 4602 1933 4662 tempore
1952 4635 1967 4660 ,
1998 4608 2106 4663 quo
2209 4608 2314 4654 tum
2327 4601 2437 4671 ejus
2456 4602 2508 4654 in
2524 4601 2848 4673 vobisUiom.
2877 4617 2993 4669 vni,
3014 4601 3082 4657 10
3100 4611 3147 4656 et
3168 4601 3419 4673 H).ldeo
3440 4601 3619 4671 utique
3632 4600 3809 4671 dixit,

526 4699 772 4740 creamur
796 4703 809 4739 :
833 4686 1030 4739 utimur
1048 4693 1247 4750 autem,
1270 4698 1377 4753 quo
1395 4685 1416 4718 ⁸
1441 4684 1727 4738 valentiam
1749 4684 1887 4740 inter
1908 4684 2105 4741 bonum
2218 4690 2499 4761 Viviﬁcabit
2527 4700 2573 4747 et
2601 4694 2836 4747 mortalia
2862 4709 3079 4764 corpora
3103 4701 3266 4747 vestra
3286 4733 3301 4757 ,
3341 4690 3483 4762 quod
3525 4693 3579 4747 in
3613 4693 3812 4750 carnis

527 4785 582 4829 et
606 4776 804 4829 malum
833 4773 1171 4836 discretionis
1197 4774 1561 4844 adipiscimur.
1608 4774 1769 4830 Bona:
1799 4775 1978 4847 itaque
2007 4792 2105 4831 vo-
2211 4783 2601 4839 resurrectione
2620 4798 2917 4854 speramus,
2932 4784 3054 4855 quia
3069 4783 3297 4846 dixerat.
3317 4782 3514 4854 Corpus
3538 4792 3815 4839 mortuum

529 4865 719 4924 luntati
748 4865 1054 4921 innumeras
1076 4863 1324 4934 adjutorii
1353 4864 1519 4919 divini
1543 4863 1732 4921 adesse
1758 4867 1968 4936 species
1998 4882 2105 4922 non
2211 4880 2286 4926 est
2304 4882 2510 4943 propter
2530 4884 2789 4943 peccatum
2811 4889 2830 4928 :
2849 4883 2904 4929 et
2918 4889 3015 4929 vos
3035 4888 3141 4928 non
3169 4873 3330 4928 vultis
3354 4883 3573 4942 peccato
3594 4882 3813 4930 statum

2211 4972 2471 5019 mutatum
2510 4981 2631 5021 esse
2670 4975 2893 5021 naturm.
2925 4965 3306 5022 Verumtamen
3348 4965 3563 5036 Pelagio
3588 4980 3711 5020 cum
3744 4965 3816 5023 in

556 5082 565 5133 ;
593 5066 612 5097 ι
644 5064 719 5114 sic
748 5069 949 5114 veteres
986 5062 1115 5113 libri.
1139 5069 1196 5113 At
1235 5061 1379 5124 editi,
1416 5061 1547 5114 mala
1581 5075 1747 5115 sensus
1785 5063 1855 5115 tui
1892 5062 2111 5129 appella-
2212 5052 2907 5125 Palmstinojudiciol‘uisset
2927 5055 3376 5133 obiectum,un
3400 5053 3814 5111 dieeretinfan‘-

622 5138 772 5246 £21m,
795 5183 1024 5247 obscenis,
1050 5198 1208 5247 eorm;
1224 5192 1298 5235 te.
2213 5152 2299 5247 les
2319 5159 2489 5214 nuper
2515 5156 2668 5247 natos
2696 5146 2749 5201 in
2774 5156 3150 5247 costam-esse
3170 5187 3185 5212 ,
3328 5161 3436 5247 quo
3480 5144 3662 5247 Adam!
3698 5144 3814 5247 fuit

525 5236 811 5376 ﬁerfplglsiti':
851 5256 951 5298 Hoc
991 5236 1208 5312 primum
1249 5258 1440 5298 namus.
1501 5249 1677 5310 Abest,
1722 5247 1838 5311 hoc,
1874 5259 1903 5298 a
1940 5259 2109 5299 manu-

606 5325 621 5361 ι
724 5346 737 5358 .

2222 5244 2338 5291 ante
2355 5244 2649 5305 pematum,
2666 5240 2882 5309 negavit
2909 5254 2968 5294 se
2986 5239 3187 5306 dicere,
3214 5236 3372 5310 idque
3397 5238 3671 5293 damnavit
3693 5238 3807 5312 (α).

592 5368 1082 5442 ξ’ξρτιθμβεαέῖειιιζ·
1137 5436 1148 5442 -
1225 5428 1239 5441 .
1291 5429 1322 5442 ..
1358 5435 1371 5442 -
1583 5432 1605 5442 -
1737 5438 1749 5442 _

2277 5372 2403 5442 ‘ﬁic
2439 5374 2721 5442 particulam
2733 5382 2998 5442 negantem
3010 5438 3020 5442 _
3028 5377 3212 5442 pntittit
3225 5376 3521 5442 vigqierius.
3543 5373 3636 5425 sed
3654 5374 3812 5442 infra,

591 5435 613 5507 ξ
772 5430 1028 5507 “Vtile!-
1047 5436 1199 5507 P9112
1443 5443 1554 5484 ³³⁸⁸⁸
1572 5432 1767 5496 Γουετεε·
2212 5430 2568 5507 ῐθτδωτιέἀάίῐ
2590 5432 2652 5507 90
2672 5430 2897 5497 ¹οοοῗᾶ¹ιτ
2913 5430 3196 5507 Wble
3208 5444 3256 5489 ει
3268 5430 3812 5507 laedere":

593 5495 613 5567 ξ
636 5495 774 5567 Ψίὲίρ
797 5500 972 5567 W93!!!
990 5499 1109 5554 ιωην
1127 5493 1409 5567 ωὲξιίξοθθσι
1573 5493 1582 5496 ’
1636 5559 1650 5567 ,
1718 5561 1732 5567 ,
2212 5495 2321 5567 ips?
2341 5507 2399 5547 ³ο
2416 5499 2669 5567 Fuimus
2690 5493 2858 5567 postea
2873 5534 2890 5560 ν
2911 5493 3190 5567 σκάῙιιενίε
3465 5493 3811 5551 tim-‘5'

591 5557 617 5625 ζ
640 5561 708 5606 tta
859 5554 977 5625 miti
1003 5552 1123 5625 vero
1143 5553 1241 5625 isi
1252 5552 1353 5619 lege
1371 5552 1577 5625 legitime
1598 5559 1837 5606 ωηατ.-
2213 5552 2386 5625 bertas.
2405 5552 2705 5622 Castigantur
2722 5562 2782 5612 ad
2805 5552 3166 5625 manuscriptos.

594 5616 618 5687 ς
638 5616 1461 5687 uss.ctar.uar..etrort._,'aptot.
1506 5676 1517 5687 _
1696 5678 1707 5687 .
1771 5677 1781 5687 _
1972 5679 2000 5687 Α
2226 5685 2232 5687 Α
2278 5619 2437 5687 'uss.
2476 5616 2587 5673 uir.
2635 5631 2687 5675 et
2731 5631 2877 5685 Port.,
2922 5616 3057 5677 sicuti
3097 5619 3321 5675 σαώσει-ε
3369 5620 3456 5687 qui
3505 5628 3607 5672 Deo
3648 5620 3805 5686 conﬁ-

594 5679 615 5709 ³
637 5679 889 5729 uenat-dus
918 5692 931 5728 :
975 5676 1161 5740 utimur
1196 5683 1365 5740 autem
1391 5676 1537 5739 quod.
1573 5677 1872 5740 Vignierius:
1924 5679 2111 5730 utimur
2216 5685 2388 5731 tentur.

530 5745 693 5790 autem
710 5752 768 5789 eo
784 5774 799 5802 ,
823 5739 1029 5804 quando.
1078 5745 1183 5793 Mss.
1229 5752 1241 5789 :
1289 5737 1473 5793 Utiniw'
1513 5737 1673 5791 autem
1694 5773 1709 5793 .
1733 5752 1826 5804 quo
1850 5752 1867 5791 :
1892 5741 2066 5807 supple
2092 5781 2105 5804 ,
2279 5743 2299 5807 ἒ
2324 5743 2397 5793 sic
2559 5744 2696 5804 Editt,
2723 5744 3021 5799 Mauicluris.

527 5809 758 5863 (uapore.
1992 5805 1997 5807 '
2281 5805 2353 5867 (α)
2379 5806 2494 5856 vide
2514 5805 2686 5860 librum
2708 5808 2771 5863 de
2792 5810 2948 5861 Gestis
2968 5809 3165 5873 Pelagii,
3188 5821 3271 5860 nn.
3294 5807 3376 5871 2‘5,
3398 5805 3478 5870 24,
3499 5807 3559 5859 5'1
