3996 6482
239 358 357 417 1115

235 471 361 541 Quod
387 468 427 522 si
459 465 666 522 fecisset
685 463 845 521 corde
866 459 1058 527 veraci,
1075 460 1186 531 jam
1211 457 1436 515 fortasse
1460 467 1635 513 vestra
1658 458 1761 513 hm-

236 563 347 618 resis
378 558 653 613 interiisset
676 575 691 613 :
716 564 978 626 postremo
1017 553 1129 621 ipse
1154 551 1342 615 saltem
1372 548 1552 604 fuisset
1581 550 1648 605 ab
1675 549 1765 605 illa

200 678 208 699 ο
238 663 359 724 peste
390 658 617 703 sanatus.
661 647 860 702 Deinde
899 660 1079 715 quer
1104 652 1279 698 utrum
1301 642 1430 696 vitio
1458 652 1637 698 careat
1668 656 1766 697 na-

237 756 329 799 tura
348 739 591 811 pecettrix
615 737 785 808 :quod
806 737 851 792 si
872 736 1309 792 absurdissimum
1329 742 1433 801 est,
1457 733 1620 789 habet
1638 748 1765 803 ergo

205 816 419 895 "vitiuut;
461 830 502 884 si
547 829 707 885 habet
741 828 960 891 vitium,
992 824 1174 896 procul
1217 824 1378 880 dubio
1423 824 1609 878 vitiata
1660 830 1762 877 est.

237 919 470 992 Quomodo
487 932 612 988 ergo
631 926 827 972 mutata
851 932 955 971 non
985 925 1086 982 est,
1114 931 1232 985 qua:
1256 930 1378 970 cum
1402 912 1589 968 fuisset
1611 927 1761 977 sana,
1791 990 1799 997 ο

243 1016 380 1073 vitiata
403 1019 481 1067 est
501 1011 554 1064 ‘1'
579 1011 657 1065 Ac
685 1025 784 1080 per
812 1011 933 1076 hoc,
964 1010 1122 1064 etiam
1150 1017 1374 1077 excepto
1398 1017 1617 1078 peccato
1647 1006 1759 1074 illo,

237 1107 290 1164 de
325 1119 418 1176 quo
455 1101 686 1159 Joannes
728 1102 1343 1171 Constantinopolitanus
1389 1102 1502 1166 ait,
1542 1120 1560 1152 ι
1588 1099 1758 1157 Adam

237 1197 431 1270 peccavit
446 1193 566 1248 illud
584 1193 786 1264 grande
814 1203 1107 1266 peccatum,
1124 1203 1178 1248 et
1194 1208 1383 1248 omnes
1403 1193 1457 1247 in
1477 1207 1761 1248 commune

236 1285 460 1345 damnavit
488 1302 507 1336 ι
536 1283 803 1355 (Ilomilia
836 1286 900 1340 de
932 1284 1128 1341 Lazaro
1169 1286 1502 1354 resuscitato)
1529 1302 1541 1338 :
1570 1293 1625 1340 et
1665 1285 1761 1340 illo

238 1394 337 1449 ergo
356 1385 595 1445 excepto,
624 1374 693 1431 de
729 1390 835 1447 quo
870 1375 1261 1431 damnationem
1308 1374 1536 1430 humana
1574 1384 1759 1431 natura

235 1466 516 1539 originaliter
535 1465 718 1533 trahit,
736 1468 1005 1537 quomodo
1023 1468 1199 1523 sobrie
1218 1466 1320 1522 dici
1346 1475 1538 1536 potest,
1563 1474 1758 1522 statum

235 1569 398 1618 natura!
420 1558 468 1611 in
493 1555 710 1612 homine
739 1572 843 1611 non
872 1556 1036 1612 fuisse
1061 1554 1317 1615 inutatum
1343 1557 1433 1628 qui
1462 1556 1622 1621 dicit,
1652 1556 1761 1613 ιω

233 1648 462 1724 spiritalis
486 1656 582 1714 est,
613 1663 709 1720 ego
729 1657 897 1703 autem
921 1648 1141 1702 carnalis
1163 1664 1294 1714 sunt,
1320 1648 1649 1703 venumdatus
1666 1649 1759 1703 sub

233 1740 587 1817 μιωιοεηκοά
623 1742 761 1796 enim
802 1757 999 1812 operor,
1044 1741 1259 1812 ignoro;
1306 1757 1407 1796 non
1443 1740 1578 1799 enim
1616 1741 1750 1810 quod

234 1837 334 1901 solo,
358 1850 444 1906 ago
467 1832 642 1901 (Rom.
666 1848 762 1900 vn,
795 1834 861 1888 H-
890 1842 937 1887 et
965 1832 1050 1905 15)
1072 1849 1087 1898 ;
1111 1842 1164 1887 et
1189 1842 1378 1888 caetera
1401 1832 1707 1903 hujnsmodi
1739 1852 1752 1888 :

233 1929 355 1983 etiam
388 1926 430 1982 si
466 1924 599 1981 hanc
626 1926 974 1983 mutationem
1003 1941 1108 1980 non
1137 1926 1190 1980 in
1219 1940 1285 1981 eo
1310 1926 1562 1982 nascendi
1595 1928 1753 1983 traxit

232 2018 452 2083 conditio,
475 2015 567 2071 sed
588 2057 606 2080 ,
636 2026 694 2075 ut
719 2016 881 2075 vultis
904 2057 920 2083 ,
949 2016 1212 2072 contraxit
1251 2017 1582 2075 consuetudo
1628 2033 1755 2088 pec-

233 2105 380 2162 candi?
405 2105 694 2161 Cernitisne
714 2148 731 2173 ,
763 2121 958 2160 vanum
987 2120 1107 2162 esse
1133 2106 1273 2176 quod
1302 2108 1479 2163 dicitis
1497 2150 1511 2172 ,
1541 2119 1758 2178 peccato

237 2196 423 2256 hominis
450 2212 550 2251 non
581 2206 785 2250 natura:
813 2205 1007 2251 statum
1035 2198 1247 2262 mutari,
1270 2198 1366 2253 sed
1390 2199 1563 2254 meriti
1588 2199 1758 2270 quali-

234 2288 387 2343 tatem?
409 2286 511 2341 Nisi
552 2286 689 2342 forte
731 2287 920 2342 dicatis
942 2328 956 2351 ,
989 2302 1094 2343 non
1122 2297 1365 2343 naturam
1397 2302 1614 2359 peccato
1640 2306 1759 2345 mu-

236 2381 325 2445 tari,
343 2378 422 2433 sed
446 2379 735 2432 hominem.
768 2379 835 2432 Et
853 2377 978 2448 quid
999 2388 1081 2433 est
1104 2378 1225 2445 hoe,
1247 2380 1350 2433 nisi
1374 2380 1640 2435 hominem
1664 2395 1759 2436 ne-

236 2487 329 2542 gare
351 2484 454 2524 esse
482 2472 756 2524 naturam?
784 2468 1007 2537 Quando
1036 2470 1139 2525 ista
1168 2470 1419 2526 diceretis
1439 2512 1453 2538 ,
1485 2471 1530 2526 si
1554 2472 1755 2542 cogita-

237 2566 335 2621 retis
358 2578 469 2617 sana
499 2571 675 2617 mente
701 2562 842 2632 quod
869 2562 1079 2619 dicitis?

290 2654 460 2711 XCVII.
496 2654 612 2714 Jun.
655 2655 981 2711 Manichmus
1009 2656 1170 2721 dicit,
1198 2657 1521 2715 voluntatem
1562 2660 1754 2715 malam

238 2749 294 2803 ab
313 2764 362 2803 ea
383 2749 609 2819 inspirari
637 2759 848 2813 natura,
880 2766 999 2820 qua:
1020 2749 1220 2807 bonum
1251 2750 1387 2806 velle
1410 2766 1517 2806 non
1544 2761 1753 2822 potest;

238 2838 504 2898 voluntatem
542 2854 671 2899 vero
711 2838 905 2893 bonam
948 2839 1018 2895 ab
1047 2854 1108 2894 ea
1139 2838 1345 2895 infundi
1386 2850 1572 2899 natura
1592 2884 1608 2910 ,
1636 2858 1756 2914 qua:

249 2930 403 2983 malum
417 2928 531 2989 velle
555 2943 661 2984 non
686 2937 894 2999 potest:
918 2929 987 2983 ita
1011 2929 1190 3001 utique
1213 2930 1415 2985 naturis
1430 2931 1753 3001 singularum

253 3033 393 3075 rerum
415 3017 607 3087 imponit
640 3019 1037 3084 necessitatem,
1068 3026 1127 3075 ut
1156 3019 1384 3089 propria:
1406 3019 1711 3077 voluntates
1733 3023 1754 3053 ³

244 3122 332 3161 non
358 3109 526 3175 possint
549 3107 691 3162 velle
716 3109 1006 3162 contraria.
1053 3107 1195 3164 Inter
1227 3124 1325 3163 nos
1352 3120 1406 3164 et
1434 3110 1579 3165 illum
1610 3121 1757 3167 certe

237 3197 397 3268 grande
430 3197 579 3253 chaos
619 3208 703 3254 est
726 3217 739 3252 :
762 3198 1039 3255 videamus
1068 3215 1208 3254 nunc
1231 3210 1486 3269 quantum
1514 3202 1581 3257 ab
1602 3218 1668 3258 eo
1700 3210 1754 3258 tu

234 3288 490 3345 messoris.
513 3289 654 3346 Dicis
674 3306 795 3347 esse
822 3291 1043 3351 liberam
1072 3293 1421 3359 voluntatem,
1451 3296 1544 3352 sed
1570 3305 1624 3350 ut
1645 3312 1757 3357 ma-

232 3380 319 3434 lum
344 3381 684 3437 tantummodo
715 3381 893 3451 faciat,
911 3368 1027 3438 non
1052 3394 1229 3444 autem
1260 3401 1381 3441 esse
1410 3387 1461 3441 in
1492 3386 1595 3443 hoc
1624 3389 1758 3444 libe-

231 3487 349 3537 ram,
368 3481 415 3525 ut
437 3472 628 3527 malum
655 3473 880 3528 desistat
905 3475 1114 3544 Operari
1138 3517 1154 3542 ,
1182 3476 1285 3531 nisi
1316 3477 1363 3531 ei
1392 3476 1549 3535 fuerit
1578 3480 1754 3551 impo-

229 3564 312 3625 sita
331 3566 597 3622 necessitas
622 3565 834 3625 volendi
861 3567 1082 3634 bonum,
1108 3569 1177 3623 ab
1202 3584 1264 3624 ea
1291 3578 1499 3636 natura,
1523 3588 1662 3642 qum,
1694 3580 1754 3627 ut

231 3655 308 3709 tuis
321 3667 422 3709 utar
433 3658 782 3723 sermonibus,
804 3676 822 3709 ι
843 3659 1037 3713 malum
1051 3676 1153 3714 non
1172 3672 1345 3730 potest
1358 3663 1494 3719 velle
1517 3684 1536 3716 ι
1565 3663 1700 3735 (Lib.
1724 3666 1750 3720 1

230 3758 363 3801 mntra
400 3748 533 3804 Duas
589 3749 847 3821 Epistolas
892 3749 1285 3825 Pelagianorum
1311 3796 1326 3822 ,
1368 3775 1420 3810 η.
1467 3756 1566 3830 7
1618 3759 1756 3814 Deli-

230 3839 289 3891 nis
304 3855 432 3909 ergo,
456 3856 622 3911 genus
652 3843 922 3898 hominum
955 3859 1048 3913 per
1077 3846 1298 3902 liberum
1322 3849 1598 3905 arbitrium
1622 3851 1754 3907 nihil

231 3927 337 3981 aliud
356 3945 502 4000 quam
533 3946 771 4000 peccare,
803 3948 903 3989 nec
921 3933 1060 3989 aliud
1088 3950 1243 4004 posse
1264 3937 1458 3993 facere.
1489 3940 1591 3995 Per
1613 3940 1754 4010 quod

229 4018 420 4075 absolute
457 4026 768 4091 pronuntias
790 4066 803 4090 ,
838 4024 1120 4081 humanam
1152 4039 1395 4089 naturam
1423 4048 1582 4088 unum
1610 4049 1754 4089 sein-

231 4123 498 4181 perrupere
522 4113 663 4185 quod
697 4115 890 4171 malum
919 4128 1022 4181 est,
1050 4128 1103 4172 et
1132 4120 1270 4175 velle
1300 4137 1403 4175 non
1432 4138 1588 4192 posse
1617 4140 1751 4184 con-

229 4201 402 4255 trarium
428 4221 440 4257 :
465 4213 708 4258 naturam
728 4214 904 4260 autem
938 4207 1031 4262 Dei
1056 4210 1249 4265 malum
1274 4226 1376 4266 non
1410 4228 1562 4283 posse
1587 4216 1750 4283 velle;

226 4298 268 4343 et
285 4290 396 4355 ideo,
419 4294 517 4347 nisi
542 4296 874 4349 necessitatis
896 4312 1005 4351 sua:
1028 4301 1335 4371 participem
1361 4301 1540 4358 fecerit
1558 4307 1750 4365 malam

225 4376 448 4437 hominum
490 4394 731 4439 naturam
755 4426 769 4449 ,
799 4386 993 4440 bonum
1039 4390 1090 4441 in
1131 4405 1193 4445 ea
1233 4393 1454 4448 actionis
1490 4410 1611 4449 esse
1645 4412 1752 4456 non

226 4484 360 4538 posse.
387 4472 512 4529 Post
541 4474 657 4530 luce
686 4475 861 4546 itaque
888 4487 1062 4531 utrum
1090 4495 1191 4534 non
1218 4482 1440 4538 multum
1467 4500 1615 4542 ames
1644 4488 1754 4545 Ma~

221 4560 459 4627 nichmum,
485 4566 536 4619 in
563 4566 742 4621 cordis
766 4568 838 4622 tui
864 4578 1071 4624 secreto
1101 4571 1239 4627 Deus
1259 4574 1476 4631 viderit:
1496 4590 1751 4648 quantum

221 4661 357 4709 tamen
399 4673 458 4712 ex
500 4658 803 4729 dogmatum
848 4665 1198 4731 germanitate
1241 4678 1591 4737 monstratur,
1622 4673 1753 4728 nihil

218 4741 331 4798 aliud
355 4750 760 4820 prorsuscgisti,
783 4769 941 4823 quam
973 4763 1030 4808 ut
1054 4755 1239 4812 ordine
1263 4770 1585 4817 commutato
1611 4762 1751 4819 idem

217 4834 329 4900 quod
356 4836 438 4890 ille
466 4838 757 4894 aflirntarat
789 4841 1115 4899 adstrueres.

272 4926 387 4981 ABG.
418 4924 629 4983 Utinam
662 4930 1007 4987 Maniclnuum
1040 4933 1247 4991 fortiter
1273 4939 1578 4995 destrueres
1598 4983 1613 5008 ,
1646 4958 1751 4998 non

216 5015 406 5082 turpiter
432 5018 729 5087 adjuvares.
780 5020 872 5076 llle
903 5039 1133 5094 namque
1158 5027 1319 5080 nimia
1354 5044 1639 5099 perversos
1666 5014 1749 5087 in-

214 5105 337 5159 sauia
361 5122 459 5163 non
486 5109 614 5165 dicit
640 5121 882 5168 naturam
910 5117 1031 5169 mali
1059 5119 1174 5188 cogi
1206 5120 1342 5176 bene
1362 5121 1536 5179 facere
1562 5125 1630 5181 ab
1650 5128 1752 5182 alia

214 5204 371 5254 natura
399 5200 540 5269 boni,
571 5219 689 5271 quso
720 5206 915 5260 malum
942 5223 1047 5262 non
1082 5218 1254 5277 potest
1279 5214 1448 5280 velle;
1481 5216 1573 5271 sed
1602 5228 1755 5275 natu-

215 5301 310 5381 ram
343 5289 459 5345 boni
496 5293 610 5363 cogi
648 5295 783 5351 male
811 5296 984 5353 facere
1015 5300 1081 5355 ab
1110 5316 1172 5355 ea
1204 5315 1391 5358 natura
1433 5307 1595 5374 mali,
1635 5326 1755 5381 qua:

213 5373 384 5434 bonum
426 5398 526 5437 non
569 5393 740 5453 potest
780 5388 915 5443 velle
940 5406 953 5442 :
977 5405 1040 5445 ac
1068 5407 1164 5462 per
1194 5393 1295 5448 hoc
1323 5373 1635 5454 mirabiliter
1653 5373 1757 5458 de-

212 5478 345 5523 mens
362 5480 595 5527 naturam
615 5475 737 5529 mali
753 5477 862 5531 vult
879 5493 998 5534 esse
1015 5481 1418 5552 immutabilem,
1440 5490 1751 5547 mutabilem

261 5581 721 5663 ‘mltucsenten‘tiam
744 5589 871 5639 illam
911 5605 1193 5663 revocamus
1231 5610 1295 5647 ex
1332 5606 1440 5651 Mss.
1474 5608 1611 5663 Man,
1632 5605 1752 5656 Clar.

210 5648 814 5727 ἱῖοτὲἕιὲἕίῖἷτέἒάέβξθο
850 5662 1029 5706 "uulua
1063 5669 1157 5709 non
1179 5666 1279 5721 est,
1311 5648 1756 5727 ηηὶῖέάῑιῑῖάίςέξλ

207 5715 324 5762 δοντα.
349 5710 507 5765 vitiata
526 5718 617 5759 nou
636 5710 750 5762 est?

261 5768 277 5796 ³
309 5775 410 5819 Mss.
438 5776 542 5819 star.
568 5777 712 5836 Port.,
736 5783 786 5825 et
820 5774 1061 5830 voluntatis

1562 338 1763 398 LIBER
1800 341 2070 400 PRIHUS.

3311 355 3453 414 HM

1876 474 2006 515 vero
2030 467 2270 516 naturam
2288 460 2436 517 boni.
2463 461 2710 531 Proinde,
2734 464 3057 525 voluntatem
3078 467 3274 526 malam
3292 471 3363 528 ab
3383 489 3445 531 ea

1872 548 2119 620 inspirari
2139 559 2341 615 natura,
2365 567 2485 623 quae
2508 552 2705 609 bonum
2728 555 2869 612 velle
2888 572 2995 612 non
3022 566 3216 628 potest,
3238 570 3447 620 eertum

1870 649 1954 693 est
1970 640 2147 695 dicere
2166 640 2512 696 Manichzeum
2536 660 2551 694 :
2581 644 2903 703 voluntatem
2927 662 3055 703 vero
3074 647 3267 706 bonam
3286 651 3354 706 ab
3375 665 3443 708 ea

1871 729 2074 784 infundi
2100 738 2307 797 natura,
2337 747 2457 803 qua:
2482 734 2680 790 malum
2703 736 2843 793 velle
2867 752 2972 794 non
2999 748 3193 808 potest,
3222 755 3332 797 non
3354 741 3442 797 di-

1869 819 1944 874 cit
1968 820 2308 889 Manicbteus,
2330 824 2465 879 sicut
2495 833 2550 879 tu
2575 826 2642 881 de
2665 827 2756 882 illo
2779 828 2963 885 mitius
2981 830 3447 903 suspicariszquo-
3481 818 3495 869 Ὗ

1868 909 2011 966 niam
2040 912 2056 944 ⁸
2085 911 2210 968 boni
2238 923 2481 970 naturam
2505 917 2652 973 nullo
2670 918 2831 974 modo
2848 920 3228 978 immutabilem
3249 922 3437 990 credit,
3479 903 3490 978 Ῐ

1868 1017 1987 1072 quae
2016 1003 2211 1058 malum
2243 1005 2380 1061 velle
2410 1022 2517 1061 non
2549 1007 2735 1078 possit,
2767 1010 2851 1064 cui
2880 1010 3050 1066 credit
3073 1012 3319 1081 inspirari
3344 1026 3442 1069 vo-
3476 990 3482 1001 ’

1865 1091 2121 1148 luntatem
2149 1095 2341 1150 malam
2361 1097 2429 1161 ab
2449 1112 2509 1153 ea
2541 1106 2749 1166 natura,
2772 1115 2891 1170 qua:
2911 1101 3114 1157 bonum
3135 1117 3241 1158 non
3267 1110 3444 1173 potest

1864 1186 2029 1251 velle;
2058 1187 2238 1257 itaque
2263 1188 2378 1245 ﬁeri
2418 1205 2514 1260 per
2541 1191 2666 1245 mali
2696 1199 2936 1251 naturam
2955 1234 2970 1259 ,
2992 1202 3054 1250 ut
3087 1194 3288 1253 malum
3315 1196 3447 1255 velit

1864 1275 1988 1330 boni
2010 1272 2218 1345 natura,
2241 1295 2398 1349 quam
2421 1280 2552 1336 nihil
2573 1282 2688 1337 vult
2707 1297 2829 1340 esse
2848 1283 2991 1339 aliud
3012 1300 3171 1356 quam
3194 1296 3440 1349 naturam

1864 1367 1980 1424 Dei.
2011 1368 2091 1423 Tu
2120 1385 2247 1439 ergo
2275 1370 2416 1425 hunc
2440 1372 2694 1443 adiuvas,
2724 1373 2969 1445 negando
2997 1375 3283 1432 humanam
3311 1392 3440 1447 pec—

1862 1472 1982 1516 cato
2012 1462 2165 1531 primi
2195 1461 2426 1518 hominis
2452 1464 2688 1520 vitiatam
2712 1480 2832 1522 esse
2852 1477 3121 1535 naturam,
3154 1476 3212 1524 ut
3234 1478 3441 1526 natura:

1863 1550 1985 1604 mali
2013 1567 2169 1621 quam
2200 1551 2368 1623 ﬁngit,
2397 1555 2649 1611 attribuat
2668 1556 2921 1628 quidquid
2950 1558 3211 1614 malorum
3239 1559 3291 1615 in
3318 1574 3440 1615 ma-

1861 1643 2203 1701 nifestissima
2233 1646 2433 1703 invenit
2461 1648 2677 1704 miseria
2708 1649 3069 1719 parvulorum.
3091 1650 3295 1707 Deinde
3313 1667 3436 1708 eum

1860 1736 2108 1807 displicet
2135 1738 2250 1805 tibi,
2283 1739 2554 1795 hominem
2582 1756 2686 1796 non
2717 1756 2873 1810 posse
2910 1741 3109 1797 bonum
3138 1743 3306 1809 velle,
3335 1743 3439 1799 nisi

1858 1829 2136 1899 adjuvetur
2163 1830 2230 1888 ab
2255 1845 2321 1886 eo
2350 1831 2439 1900 qui
2472 1831 2668 1888 malum
2703 1847 2808 1889 non
2854 1840 3029 1901 potest
3056 1832 3225 1899 velle,
3254 1847 3436 1890 nonne

1860 1920 2080 1990 respicis
2099 1920 2148 1975 ei
2173 1928 2223 1975 te
2244 1920 2633 1989 contradicere,
2658 1921 2747 1991 qui
2766 1922 2921 1988 dixit,
2950 1922 3076 1977 Sine
3092 1939 3172 1977 me
3191 1923 3320 1977 nihil
3342 1940 3438 1994 ροσ

1859 2010 1995 2064 testis
2022 2014 2188 2081 facere
2218 2009 2393 2083 (Joan.
2418 2027 2506 2077 xv,
2532 2011 2601 2080 5)
2631 2028 2645 2064 :
2677 2020 2731 2065 et
2756 2011 3078 2082 Scriptum,
3103 2012 3188 2068 ubi
3220 2012 3431 2083 legitur,

1860 2099 2084 2157 Paratur
2107 2102 2338 2156 voluntas
2362 2119 2394 2156 a
2420 2101 2635 2157 Domino
2667 2101 2974 2174 (Prov.vttt,
3002 2104 3204 2168 δείδια.
3225 2103 3432 2173 LXX);

1860 2202 1913 2246 et
1953 2191 2041 2246 ubi
2081 2192 2272 2263 legitur
2292 2233 2306 2256 ,
2341 2192 2479 2246 Deus
2509 2203 2578 2246 est
2605 2194 2736 2246 enim
2762 2194 2847 2261 qui
2876 2204 3115 2264 aperatur
3141 2194 3193 2256 in
3220 2195 3361 2250 nobis
3380 2204 3436 2251 et

1859 2281 1985 2336 velle
2013 2280 2266 2353 (Philipp.
2291 2298 2349 2348 ιι,
2372 2283 2493 2352 15);
2518 2292 2572 2337 et
2590 2282 2677 2337 ubi
2700 2282 2909 2352 legitur,
2932 2285 2976 2336 Α
2997 2282 3214 2341 Domino
3232 2301 3436 2356 gressus

1859 2373 2076 2433 hominis
2117 2375 2418 2446 dirigentur,
2449 2386 2494 2429 et
2537 2376 2669 2429 viam
2707 2376 2815 2448 ejus
2855 2377 2982 2430 volet
3024 2375 3208 2447 (Psal.
3236 2393 3431 2444 xxxvi,

1859 2467 1989 2539 25)?
2023 2468 2119 2524 Ubi
2151 2469 2283 2523 nihil
2315 2469 2499 2533 miror,
2528 2470 2628 2524 nisi
2658 2468 2798 2524 unde
2825 2479 2875 2524 te
2899 2468 3244 2525 christianum
3265 2471 3431 2538 dicas,

1858 2574 1979 2615 cum
2012 2560 2093 2614 his
2122 2560 2317 2617 divinis
2345 2570 2420 2616 tot
2447 2570 2502 2617 et
2531 2571 2637 2616 tam
2665 2561 2824 2617 claris
2845 2561 3061 2617 vocibus
3080 2562 3432 2621 contradioas.

1930 2650 2159 2707 XCVIII.
2187 2652 2307 2708 Jun.
2331 2652 2614 2708 Joviniano
2634 2662 2812 2707 autem
2841 2654 2893 2706 in
2915 2668 3017 2707 una
3048 2660 3196 2721 parte
3214 2652 3437 2720 conjunv

1857 2744 1999 2814 geris
2023 2761 2035 2797 :
2060 2759 2181 2798 nam
2210 2743 2339 2798 dicit
2364 2744 2419 2798 in
2449 2744 2683 2799 secundo
2704 2744 2883 2812 operis
2902 2744 2985 2799 sui
3016 2744 3173 2809 libro,
3195 2743 3438 2813 Baptiza-

1859 2841 1971 2889 tum
2004 2834 2273 2889 hominem
2304 2851 2409 2889 non
2437 2850 2596 2905 posse
2622 2850 2874 2906 peccare;
2902 2845 3028 2890 ante
3053 2834 3321 2903 Baptisma
3340 2850 3440 2890 au-

1860 2935 1966 2980 tem
2013 2934 2067 2980 ει
2111 2941 2331 2997 peccare
2373 2936 2428 2982 Cl
2470 2942 2575 2981 non
2619 2942 2843 2997 peccare
2882 2941 3060 2997 posse.
3089 2926 3285 2981 Tecum
3308 2940 3438 2997 ergo

1859 3024 2040 3087 putat,
2069 3031 2098 3069 a
2131 3026 2370 3087 tempore
2409 3018 2750 3088 Baptismatis
2774 3018 2976 3088 imponi
3003 3017 3308 3075 hominibus
3335 3032 3436 3075 ne-

1858 3109 2159 3163 cessitatem
2203 3108 2327 3162 boni
2353 3127 2365 3161 :
2400 3108 2542 3178 quod
2567 3124 2717 3179 teque
2742 3108 2934 3164 falsum
2958 3117 3078 3175 est,
3101 3123 3263 3178 quam
3292 3105 3436 3177 quod

1861 3207 1913 3254 tu
1946 3206 2126 3269 putas,
2160 3209 2284 3253 ante
2314 3200 2580 3268 Baptisma
2607 3201 2782 3256 inesse
2810 3200 3114 3256 hominibus
3142 3201 3437 3259 necessita-

1860 3299 1965 3347 tem
2008 3292 2229 3345 laeiendi
2274 3293 2419 3347 mali.
2456 3292 2585 3346 Nam
2607 3308 2726 3346 cum
2756 3293 2889 3348 dicis
2922 3305 2975 3346 tu
2998 3334 3014 3357 ,
3051 3311 3070 3344 ι
3103 3292 3218 3346 Non
3262 3299 3438 3361 potest

1859 3383 2021 3440 homo
2043 3384 2162 3438 boui
2185 3384 2380 3452 aliquid
2406 3384 2562 3449 velle,
2589 3385 2689 3438 nisi
2716 3383 2998 3453 adjuvetur
3020 3383 3088 3438 ab
3113 3397 3178 3437 eo
3204 3383 3293 3451 qui
3318 3397 3435 3437 ma-
3467 3421 3473 3429 .

1858 3476 1965 3531 lum
1996 3492 2101 3531 non
2133 3484 2308 3545 potest
2336 3476 2473 3529 velle
2498 3492 2510 3527 :
2553 3494 2571 3526 ι
2607 3477 3012 3545 participatione
3042 3474 3225 3545 utique
3253 3475 3437 3544 gratiae

1858 3575 1913 3622 et
1937 3575 2137 3621 nallll'u‘.
2165 3568 2319 3621 home
2342 3568 2422 3620 vis
2451 3566 2720 3621 hominem
2750 3566 3153 3636 possibilitatem
3179 3565 3436 3635 consequi

1858 3656 2086 3714 faciendi
2115 3658 2268 3722 boni;
2295 3658 2436 3727 quod
2461 3656 2594 3713 dicis
2623 3667 2796 3712 tamen
2817 3673 2847 3710 a
2871 3666 3111 3725 tempore
3137 3656 3437 3725 Baptisma-

1858 3749 1925 3805 tis
1952 3764 2106 3820 posse
2133 3751 2461 3820 contingere.
2510 3750 2653 3804 Inter
2684 3750 3011 3820 impietatem
3044 3749 3202 3819 igitur
3226 3748 3434 3807 medius

1858 3850 1913 3896 et
1938 3842 2203 3905 timorem,
2239 3840 2305 3894 ad
2339 3839 2601 3894 Joviniani
2627 3841 2953 3895 consortium
2981 3839 3264 3909 confugisti
3284 3838 3433 3909 {sed

1856 3932 2133 3987 Μωιίὼωί
2183 3932 2406 4002 lupanar
2446 3932 2672 3987 necdum
2724 3932 3002 4001 reliquisti.
3056 3932 3433 3987 Verumtamen

1859 4032 2006 4077 tanto
2027 4033 2077 4077 te
2098 4023 2431 4077 innocentior
2446 4023 2775 4085 Jovinianus,
2794 4031 2992 4092 quanto
3009 4022 3291 4078 Joviuiano
3314 4037 3437 4091 pro-

1858 4114 2029 4194 fanior
2061 4114 2399 4170 Maniclueus.
2442 4114 2508 4172 Ut
2530 4116 2672 4169 enim
2705 4115 2880 4168 adhuc
2904 4116 3123 4171 brevius
3146 4114 3287 4185 quod
3316 4116 3432 4185 egi-

1858 4222 1978 4262 mus
2002 4206 2298 4278 colligatur,
2327 4206 2648 4262 Manichmus
2672 4206 2837 4263 dicit:
2862 4204 2920 4260 In
2965 4206 3211 4262 omnibus
3258 4206 3432 4262 homi-

1857 4302 2014 4358 nibus
2050 4301 2352 4371 inspiratrix
2378 4301 2532 4355 mala:
2559 4301 2844 4355 voluntatis
2886 4300 3222 4355 tenebrarum
3250 4307 3437 4354 natura

1856 4392 2145 4462 delinquit,
2180 4402 2234 4447 et
2272 4390 2415 4446 aliud
2458 4390 2635 4447 facere
2673 4406 2777 4445 non
2824 4400 3017 4461 potest.
3067 4389 3147 4444 Tu
3182 4389 3315 4445 dicis
3338 4407 3353 4444 :
3376 4388 3435 4446 In

1857 4485 2064 4543 cunctis
2104 4484 2405 4539 hominibus
2444 4484 2599 4554 primi
2637 4483 2842 4554 peccati
2870 4483 3102 4538 tenebris
3128 4481 3353 4547 infecta,
3383 4490 3439 4537 et

1859 4593 1954 4647 per
1996 4577 2098 4631 hoc
2130 4577 2283 4632 malua
2306 4578 2593 4631 voluntatis
2618 4585 2805 4631 auctor
2829 4585 3015 4629 natura
3047 4573 3344 4644 delinquit,
3380 4584 3439 4630 et

1858 4670 2056 4725 bonum
2084 4669 2220 4724 velle
2260 4683 2369 4725 non
2411 4676 2604 4739 potest.
2633 4668 2947 4723 Joviuianns
2972 4666 3102 4722 dicit
3128 4684 3145 4723 :
3180 4666 3439 4724 Voluntas

1857 4759 2070 4830 quidem
2097 4758 2404 4826 hominum,
2433 4758 2525 4813 sed
2552 4772 2720 4828 usque
2744 4757 2811 4812 ad
2841 4757 3108 4827 Baptisma
3137 4757 3434 4827 delinquit;

1859 4859 2043 4921 postea
2068 4865 2243 4904 autem
2273 4851 2371 4904 nisi
2402 4850 2599 4904 bonum
2630 4849 2767 4906 velle
2795 4863 2900 4906 non
2935 4858 3128 4919 potest.
3153 4849 3434 4918 Catholici,

1859 4942 1910 4997 id
1955 4952 2038 4997 est
2080 4956 2178 4997 nos
2198 4983 2212 5006 ,
2241 4941 2500 5005 dicimus,
2533 4941 2674 5011 quod
2704 4941 2772 4997 ab
2802 4941 2953 4997 initio
2981 4957 3147 5012 usque
3171 4942 3239 4997 ad
3276 4943 3438 4999 linem

1859 5034 1973 5093 sine
1999 5034 2177 5103 aliquo
2205 5033 2522 5091 naturalium
2548 5042 2734 5088 coactu
2755 5075 2772 5100 ,
2801 5033 3044 5088 voluntas
3074 5044 3129 5089 et
3166 5036 3437 5090 ante~Ba-

1860 5125 2049 5195 ptisma
2072 5124 2123 5178 iu
2148 5138 2463 5194 unoquoque
2485 5123 2764 5193 delinquit,
2792 5140 2912 5194 qua:
2939 5124 3032 5178 illo
3056 5125 3172 5194 ipso
3197 5132 3442 5193 tempor-

1859 5232 1965 5286 quo
1992 5225 2192 5287 peccat,
2226 5224 2539 5287 potestatem
2571 5216 2732 5272 habet
2756 5217 3011 5274 recedere
3034 5232 3063 5270 a
3092 5217 3252 5284 malo,
3276 5225 3332 5271 et
3362 5216 3417 5270 fa.

1859 5322 1980 5363 cere
2005 5309 2223 5375 bonum,
2255 5317 2314 5362 ut
2338 5318 2548 5365 constet
2574 5311 2711 5365 ratio
2740 5310 3020 5366 libertatis.
3049 5308 3296 5365 Vestrum
3326 5307 3431 5362 ita-

1859 5414 1962 5469 que
2002 5398 2133 5453 nulli
2179 5400 2392 5470 quidem
2417 5401 2612 5457 veritas
2633 5400 2940 5472 dogmatum
2977 5406 3223 5455 constat:
3250 5405 3429 5452 tamen

1860 5505 1980 5546 cum
2004 5491 2072 5545 ab
2101 5506 2206 5546 uno
2236 5493 2492 5563 principio
2515 5494 2715 5549 erroris
2742 5494 2945 5550 fueritis
2967 5494 3188 5562 egressi,
3213 5490 3297 5546 vel
3323 5490 3428 5546 mi-

1863 5595 1961 5634 nus
1982 5580 2312 5637 inhonestum
2331 5590 2465 5650 erat,
2482 5583 2525 5639 si
2545 5599 2662 5654 quae
2677 5592 3073 5654 consequuntur
3087 5580 3398 5636 admitterem
3409 5619 3427 5649 ,.

1926 5797 1939 5827 ¹
1964 5802 2016 5847 tn
2049 5797 2207 5860 editis,
2234 5800 2376 5862 quod.
2402 5799 2714 5876 timendamus
2737 5812 2798 5853 cx
2825 5806 2925 5849 uss.
