  <div class='ocr_page' id='page_1' title='image "/cluster/home/n/w/nwhite01/storage/ocr_20150623/45/hvd.32044015471501/071.png"; bbox 0 0 4014 6484; ppageno 0'>
   <div class='ocr_carea' id='block_1_1' title="bbox 538 333 674 392">
    <p class='ocr_par' dir='ltr' id='par_1_1' title="bbox 538 333 674 392">
     <span class='ocr_line' id='line_1_1' title="bbox 538 333 674 392; baseline -0.007 0"><span class='ocrx_word' id='word_1_1' title='bbox 538 333 674 392; x_wconf 74' lang='lat' dir='ltr'><strong>ili5</strong></span> 
     </span>
    </p>
   </div>
   <div class='ocr_carea' id='block_1_2' title="bbox 530 431 2120 521">
    <p class='ocr_par' dir='ltr' id='par_1_2' title="bbox 530 431 2120 521">
     <span class='ocr_line' id='line_1_2' title="bbox 530 431 2120 521; baseline 0.006 -20"><span class='ocrx_word' id='word_1_2' title='bbox 530 457 589 502; x_wconf 83' lang='lat' dir='ltr'><strong>et</strong></span> <span class='ocrx_word' id='word_1_3' title='bbox 615 446 739 517; x_wconf 80' lang='lat' dir='ltr'><strong>quia</strong></span> <span class='ocrx_word' id='word_1_4' title='bbox 777 459 901 503; x_wconf 79' lang='lat' dir='ltr'><strong>cum</strong></span> <span class='ocrx_word' id='word_1_5' title='bbox 936 431 1229 505; x_wconf 50' lang='lat' dir='ltr'><strong>Manichaee</strong></span> <span class='ocrx_word' id='word_1_6' title='bbox 1263 449 1398 509; x_wconf 85' lang='lat' dir='ltr'><strong>dicis</strong></span> <span class='ocrx_word' id='word_1_7' title='bbox 1417 491 1434 517; x_wconf 96' lang='lat'><strong>,</strong></span> <span class='ocrx_word' id='word_1_8' title='bbox 1461 461 1650 509; x_wconf 89' lang='lat' dir='ltr'><strong>natura</strong></span> <span class='ocrx_word' id='word_1_9' title='bbox 1680 453 1820 509; x_wconf 86' lang='lat' dir='ltr'><strong>mala</strong></span> <span class='ocrx_word' id='word_1_10' title='bbox 1842 454 1882 521; x_wconf 78' lang='grc' dir='ltr'><strong>ί,</strong></span> <span class='ocrx_word' id='word_1_11' title='bbox 1913 453 1966 509; x_wconf 92' lang='lat' dir='ltr'><strong>id</strong></span> <span class='ocrx_word' id='word_1_12' title='bbox 2003 462 2120 520; x_wconf 91' lang='lat' dir='ltr'><strong>est,</strong></span> 
     </span>
    </p>
   </div>
   <div class='ocr_carea' id='block_1_3' title="bbox 531 535 2123 611">
    <p class='ocr_par' dir='ltr' id='par_1_3' title="bbox 531 535 2123 611">
     <span class='ocr_line' id='line_1_3' title="bbox 531 535 2123 611; baseline 0.004 -19"><span class='ocrx_word' id='word_1_13' title='bbox 531 550 727 593; x_wconf 81' lang='lat' dir='ltr'><strong>manca</strong></span> <span class='ocrx_word' id='word_1_14' title='bbox 765 535 1013 595; x_wconf 71' lang='lat' dir='ltr'><strong>libertate</strong></span> <span class='ocrx_word' id='word_1_15' title='bbox 1035 539 1276 611; x_wconf 90' lang='lat' dir='ltr'><strong>delinqui</strong></span> <span class='ocrx_word' id='word_1_16' title='bbox 1295 583 1312 610; x_wconf 94' lang='lat'><strong>,</strong></span> <span class='ocrx_word' id='word_1_17' title='bbox 1338 540 1548 599; x_wconf 85' lang='lat' dir='ltr'><strong>diceres</strong></span> <span class='ocrx_word' id='word_1_18' title='bbox 1571 557 1695 599; x_wconf 93' lang='lat' dir='ltr'><strong>cum</strong></span> <span class='ocrx_word' id='word_1_19' title='bbox 1722 544 1912 601; x_wconf 90' lang='lat' dir='ltr'><strong>eodem</strong></span> <span class='ocrx_word' id='word_1_20' title='bbox 1928 585 1943 609; x_wconf 92' lang='lat'><strong>,</strong></span> <span class='ocrx_word' id='word_1_21' title='bbox 1973 544 2123 600; x_wconf 88' lang='lat' dir='ltr'><strong>nullo</strong></span> 
     </span>
    </p>
   </div>
   <div class='ocr_carea' id='block_1_4' title="bbox 533 627 2119 717">
    <p class='ocr_par' dir='ltr' id='par_1_4' title="bbox 533 627 2119 717">
     <span class='ocr_line' id='line_1_4' title="bbox 533 627 2119 717; baseline 0.006 -35"><span class='ocrx_word' id='word_1_22' title='bbox 533 627 681 682; x_wconf 82' lang='lat' dir='ltr'><strong>illam</strong></span> <span class='ocrx_word' id='word_1_23' title='bbox 711 638 872 700; x_wconf 86' lang='lat' dir='ltr'><strong>pacto</strong></span> <span class='ocrx_word' id='word_1_24' title='bbox 894 645 1054 701; x_wconf 82' lang='lat' dir='ltr'><strong>posse</strong></span> <span class='ocrx_word' id='word_1_25' title='bbox 1078 632 1325 688; x_wconf 78' lang='lat' dir='ltr'><strong>mandari</strong></span> <span class='ocrx_word' id='word_1_26' title='bbox 1358 651 1373 688; x_wconf 93' lang='lat'><strong>:</strong></span> <span class='ocrx_word' id='word_1_27' title='bbox 1405 634 1547 705; x_wconf 90' lang='lat' dir='ltr'><strong>quod</strong></span> <span class='ocrx_word' id='word_1_28' title='bbox 1574 635 1787 706; x_wconf 85' lang='lat' dir='ltr'><strong>quidem</strong></span> <span class='ocrx_word' id='word_1_29' title='bbox 1817 636 1940 717; x_wconf 84' lang='lat' dir='ltr'><strong>alibi</strong></span> <span class='ocrx_word' id='word_1_30' title='bbox 1970 635 2119 692; x_wconf 82' lang='lat' dir='ltr'><strong>afﬁr-</strong></span> 
     </span>
    </p>
   </div>
   <div class='ocr_carea' id='block_1_5' title="bbox 529 720 2115 800">
    <p class='ocr_par' dir='ltr' id='par_1_5' title="bbox 529 720 2115 800">
     <span class='ocr_line' id='line_1_5' title="bbox 529 720 2115 800; baseline 0.006 -27"><span class='ocrx_word' id='word_1_31' title='bbox 529 733 687 787; x_wconf 88' lang='lat' dir='ltr'><strong>mas;</strong></span> <span class='ocrx_word' id='word_1_32' title='bbox 713 720 810 778; x_wconf 88' lang='lat' dir='ltr'><strong>sed</strong></span> <span class='ocrx_word' id='word_1_33' title='bbox 838 723 981 792; x_wconf 87' lang='lat' dir='ltr'><strong>quod</strong></span> <span class='ocrx_word' id='word_1_34' title='bbox 1002 724 1310 780; x_wconf 88' lang='lat' dir='ltr'><strong>necessario</strong></span> <span class='ocrx_word' id='word_1_35' title='bbox 1332 728 1757 796; x_wconf 89' lang='lat' dir='ltr'><strong>consequebatur</strong></span> <span class='ocrx_word' id='word_1_36' title='bbox 1776 726 2115 800; x_wconf 86' lang='lat' dir='ltr'><strong>adjungeres,</strong></span> 
     </span>
    </p>
   </div>
   <div class='ocr_carea' id='block_1_6' title="bbox 530 809 2120 885">
    <p class='ocr_par' dir='ltr' id='par_1_6' title="bbox 530 809 2120 885">
     <span class='ocr_line' id='line_1_6' title="bbox 530 809 2120 885; baseline 0.008 -22"><span class='ocrx_word' id='word_1_37' title='bbox 530 809 654 864; x_wconf 87' lang='lat' dir='ltr'><strong>ideo</strong></span> <span class='ocrx_word' id='word_1_38' title='bbox 673 811 722 867; x_wconf 89' lang='lat' dir='ltr'><strong>ei</strong></span> <span class='ocrx_word' id='word_1_39' title='bbox 739 825 872 881; x_wconf 88' lang='lat' dir='ltr'><strong>opus</strong></span> <span class='ocrx_word' id='word_1_40' title='bbox 887 826 993 867; x_wconf 93' lang='lat' dir='ltr'><strong>non</strong></span> <span class='ocrx_word' id='word_1_41' title='bbox 1015 827 1137 870; x_wconf 89' lang='lat' dir='ltr'><strong>esse</strong></span> <span class='ocrx_word' id='word_1_42' title='bbox 1155 814 1497 885; x_wconf 86' lang='lat' dir='ltr'><strong>Baptismatis</strong></span> <span class='ocrx_word' id='word_1_43' title='bbox 1513 819 1860 874; x_wconf 76' lang='lat' dir='ltr'><strong>sacramentis</strong></span> <span class='ocrx_word' id='word_1_44' title='bbox 1883 820 1927 870; x_wconf 75' lang='lat'><strong>&#39;.</strong></span> <span class='ocrx_word' id='word_1_45' title='bbox 1952 821 2055 873; x_wconf 78' lang='lat' dir='ltr'><strong>Aut</strong></span> <span class='ocrx_word' id='word_1_46' title='bbox 2074 819 2120 876; x_wconf 89' lang='lat' dir='ltr'><strong>si</strong></span> 
     </span>
    </p>
   </div>
   <div class='ocr_carea' id='block_1_7' title="bbox 529 901 2121 985">
    <p class='ocr_par' dir='ltr' id='par_1_7' title="bbox 529 901 2121 985">
     <span class='ocr_line' id='line_1_7' title="bbox 529 901 2121 985; baseline 0.009 -31"><span class='ocrx_word' id='word_1_47' title='bbox 529 915 653 956; x_wconf 92' lang='lat' dir='ltr'><strong>cum</strong></span> <span class='ocrx_word' id='word_1_48' title='bbox 685 901 987 973; x_wconf 78' lang='lat' dir='ltr'><strong>Joviniano,</strong></span> <span class='ocrx_word' id='word_1_49' title='bbox 1018 920 1047 959; x_wconf 90' lang='lat' dir='ltr'><strong>a</strong></span> <span class='ocrx_word' id='word_1_50' title='bbox 1081 914 1321 978; x_wconf 91' lang='lat' dir='ltr'><strong>tempore</strong></span> <span class='ocrx_word' id='word_1_51' title='bbox 1341 918 1602 981; x_wconf 72' lang='lat' dir='ltr'><strong>suscepta:</strong></span> <span class='ocrx_word' id='word_1_52' title='bbox 1627 910 1748 967; x_wconf 91' lang='lat' dir='ltr'><strong>lldei</strong></span> <span class='ocrx_word' id='word_1_53' title='bbox 1776 912 2006 985; x_wconf 87' lang='lat' dir='ltr'><strong>imprimi</strong></span> <span class='ocrx_word' id='word_1_54' title='bbox 2033 927 2121 969; x_wconf 84' lang='lat' dir='ltr'><strong>as-</strong></span> 
     </span>
    </p>
   </div>
   <div class='ocr_carea' id='block_1_8' title="bbox 531 992 2117 1069">
    <p class='ocr_par' dir='ltr' id='par_1_8' title="bbox 531 992 2117 1069">
     <span class='ocr_line' id='line_1_8' title="bbox 531 992 2117 1069; baseline 0.008 -21"><span class='ocrx_word' id='word_1_55' title='bbox 531 993 671 1048; x_wconf 83' lang='lat' dir='ltr'><strong>seris</strong></span> <span class='ocrx_word' id='word_1_56' title='bbox 707 992 876 1050; x_wconf 81' lang='lat' dir='ltr'><strong>bdnas</strong></span> <span class='ocrx_word' id='word_1_57' title='bbox 904 996 1252 1067; x_wconf 75' lang='lat' dir='ltr'><strong>cupiditates;</strong></span> <span class='ocrx_word' id='word_1_58' title='bbox 1284 998 1495 1057; x_wconf 84' lang='lat' dir='ltr'><strong>diceres</strong></span> <span class='ocrx_word' id='word_1_59' title='bbox 1516 1016 1636 1057; x_wconf 90' lang='lat' dir='ltr'><strong>cum</strong></span> <span class='ocrx_word' id='word_1_60' title='bbox 1664 1000 1856 1059; x_wconf 90' lang='lat' dir='ltr'><strong>eodem</strong></span> <span class='ocrx_word' id='word_1_61' title='bbox 1877 1049 1892 1069; x_wconf 88' lang='lat'><strong>,</strong></span> <span class='ocrx_word' id='word_1_62' title='bbox 1921 1003 2117 1061; x_wconf 88' lang='lat' dir='ltr'><strong>bonam</strong></span> 
     </span>
    </p>
   </div>
   <div class='ocr_carea' id='block_1_9' title="bbox 531 1085 2119 1164">
    <p class='ocr_par' dir='ltr' id='par_1_9' title="bbox 531 1085 2119 1164">
     <span class='ocr_line' id='line_1_9' title="bbox 531 1085 2119 1164; baseline 0.009 -26"><span class='ocrx_word' id='word_1_63' title='bbox 531 1091 589 1139; x_wconf 85' lang='lat' dir='ltr'><strong>et</strong></span> <span class='ocrx_word' id='word_1_64' title='bbox 629 1097 754 1141; x_wconf 90' lang='lat' dir='ltr'><strong>ante</strong></span> <span class='ocrx_word' id='word_1_65' title='bbox 790 1085 1064 1158; x_wconf 86' lang='lat' dir='ltr'><strong>Baptisma</strong></span> <span class='ocrx_word' id='word_1_66' title='bbox 1106 1089 1270 1146; x_wconf 86' lang='lat' dir='ltr'><strong>fuisse</strong></span> <span class='ocrx_word' id='word_1_67' title='bbox 1306 1102 1575 1158; x_wconf 88' lang='lat' dir='ltr'><strong>naturam,</strong></span> <span class='ocrx_word' id='word_1_68' title='bbox 1598 1109 1718 1164; x_wconf 69' lang='lat' dir='ltr'><strong>qum</strong></span> <span class='ocrx_word' id='word_1_69' title='bbox 1745 1094 1871 1150; x_wconf 89' lang='lat' dir='ltr'><strong>licet</strong></span> <span class='ocrx_word' id='word_1_70' title='bbox 1897 1095 2119 1152; x_wconf 81' lang='lat' dir='ltr'><strong>haberet</strong></span> 
     </span>
    </p>
   </div>
   <div class='ocr_carea' id='block_1_10' title="bbox 530 1174 2113 1253">
    <p class='ocr_par' dir='ltr' id='par_1_10' title="bbox 530 1174 2113 1253">
     <span class='ocr_line' id='line_1_10' title="bbox 530 1174 2113 1253; baseline 0.008 -24"><span class='ocrx_word' id='word_1_71' title='bbox 530 1174 937 1243; x_wconf 83' lang='lat' dir='ltr'><strong>possibilitatem</strong></span> <span class='ocrx_word' id='word_1_72' title='bbox 961 1179 1105 1243; x_wconf 91' lang='lat' dir='ltr'><strong>mali,</strong></span> <span class='ocrx_word' id='word_1_73' title='bbox 1125 1195 1230 1235; x_wconf 92' lang='lat' dir='ltr'><strong>non</strong></span> <span class='ocrx_word' id='word_1_74' title='bbox 1257 1190 1433 1237; x_wconf 90' lang='lat' dir='ltr'><strong>tamen</strong></span> <span class='ocrx_word' id='word_1_75' title='bbox 1457 1182 1699 1239; x_wconf 84' lang='lat' dir='ltr'><strong>habuerit</strong></span> <span class='ocrx_word' id='word_1_76' title='bbox 1715 1186 2113 1253; x_wconf 88' lang='lat' dir='ltr'><strong>necessitatem,</strong></span> 
     </span>
    </p>
   </div>
   <div class='ocr_carea' id='block_1_11' title="bbox 528 1267 2116 1336">
    <p class='ocr_par' dir='ltr' id='par_1_11' title="bbox 528 1267 2116 1336">
     <span class='ocr_line' id='line_1_11' title="bbox 528 1267 2116 1336; baseline 0.011 -18"><span class='ocrx_word' id='word_1_77' title='bbox 528 1276 596 1319; x_wconf 77' lang='lat' dir='ltr'><strong>ac</strong></span> <span class='ocrx_word' id='word_1_78' title='bbox 637 1280 735 1336; x_wconf 89' lang='lat' dir='ltr'><strong>per</strong></span> <span class='ocrx_word' id='word_1_79' title='bbox 776 1267 879 1324; x_wconf 84' lang='lat' dir='ltr'><strong>hoc</strong></span> <span class='ocrx_word' id='word_1_80' title='bbox 920 1269 989 1325; x_wconf 90' lang='lat' dir='ltr'><strong>ad</strong></span> <span class='ocrx_word' id='word_1_81' title='bbox 1037 1271 1480 1331; x_wconf 89' lang='lat' dir='ltr'><strong>indissimulabile</strong></span> <span class='ocrx_word' id='word_1_82' title='bbox 1505 1274 1528 1308; x_wconf 88' lang='grc'><em>³</em></span> <span class='ocrx_word' id='word_1_83' title='bbox 1554 1276 1753 1331; x_wconf 91' lang='lat' dir='ltr'><strong>bonum</strong></span> <span class='ocrx_word' id='word_1_84' title='bbox 1803 1286 2116 1335; x_wconf 87' lang='lat' dir='ltr'><strong>consecrata</strong></span> 
     </span>
    </p>
   </div>
   <div class='ocr_carea' id='block_1_12' title="bbox 528 1359 2112 1441">
    <p class='ocr_par' dir='ltr' id='par_1_12' title="bbox 528 1359 2112 1441">
     <span class='ocr_line' id='line_1_12' title="bbox 528 1359 2112 1441; baseline 0.011 -32"><span class='ocrx_word' id='word_1_85' title='bbox 528 1359 853 1426; x_wconf 80' lang='lat' dir='ltr'><strong>pervenerit.</strong></span> <span class='ocrx_word' id='word_1_86' title='bbox 880 1359 995 1417; x_wconf 86' lang='lat' dir='ltr'><strong>Hoc</strong></span> <span class='ocrx_word' id='word_1_87' title='bbox 1022 1362 1165 1418; x_wconf 90' lang='lat' dir='ltr'><strong>enim</strong></span> <span class='ocrx_word' id='word_1_88' title='bbox 1192 1364 1372 1432; x_wconf 92' lang='lat' dir='ltr'><strong>modo,</strong></span> <span class='ocrx_word' id='word_1_89' title='bbox 1402 1366 1503 1422; x_wconf 87' lang='lat' dir='ltr'><strong>etsi</strong></span> <span class='ocrx_word' id='word_1_90' title='bbox 1532 1367 1750 1435; x_wconf 87' lang='lat' dir='ltr'><strong>rationi,</strong></span> <span class='ocrx_word' id='word_1_91' title='bbox 1779 1384 2112 1441; x_wconf 86' lang='lat' dir='ltr'><strong>nequaquam</strong></span> 
     </span>
    </p>
   </div>
   <div class='ocr_carea' id='block_1_13' title="bbox 524 1452 2115 1529">
    <p class='ocr_par' dir='ltr' id='par_1_13' title="bbox 524 1452 2115 1529">
     <span class='ocr_line' id='line_1_13' title="bbox 524 1452 2115 1529; baseline 0.011 -29"><span class='ocrx_word' id='word_1_92' title='bbox 524 1452 711 1502; x_wconf 81' lang='lat' dir='ltr'><strong>tamen</strong></span> <span class='ocrx_word' id='word_1_93' title='bbox 740 1463 926 1505; x_wconf 90' lang='lat' dir='ltr'><strong>eorum</strong></span> <span class='ocrx_word' id='word_1_94' title='bbox 943 1492 961 1521; x_wconf 94' lang='lat'><strong>,</strong></span> <span class='ocrx_word' id='word_1_95' title='bbox 989 1466 1129 1523; x_wconf 88' lang='lat' dir='ltr'><strong>quos</strong></span> <span class='ocrx_word' id='word_1_96' title='bbox 1161 1456 1405 1527; x_wconf 89' lang='lat' dir='ltr'><strong>sequeris</strong></span> <span class='ocrx_word' id='word_1_97' title='bbox 1423 1498 1437 1522; x_wconf 91' lang='lat'><strong>,</strong></span> <span class='ocrx_word' id='word_1_98' title='bbox 1464 1456 1804 1529; x_wconf 79' lang='lat' dir='ltr'><strong>dogmatibus</strong></span> <span class='ocrx_word' id='word_1_99' title='bbox 1829 1470 2115 1517; x_wconf 83' lang='lat' dir='ltr'><strong>contrave-</strong></span> 
     </span>
    </p>
   </div>
   <div class='ocr_carea' id='block_1_14' title="bbox 529 1534 698 1591">
    <p class='ocr_par' dir='ltr' id='par_1_14' title="bbox 529 1534 698 1591">
     <span class='ocr_line' id='line_1_14' title="bbox 529 1534 698 1591; baseline 0.006 -1"><span class='ocrx_word' id='word_1_100' title='bbox 529 1534 698 1591; x_wconf 81' lang='lat' dir='ltr'><strong>uires.</strong></span> 
     </span>
    </p>
   </div>
   <div class='ocr_carea' id='block_1_15' title="bbox 603 1626 2112 1711">
    <p class='ocr_par' dir='ltr' id='par_1_15' title="bbox 603 1626 2112 1711">
     <span class='ocr_line' id='line_1_15' title="bbox 603 1626 2112 1711; baseline 0.011 -31"><span class='ocrx_word' id='word_1_101' title='bbox 603 1626 740 1683; x_wconf 80' lang='lat' dir='ltr'><strong>Anc.</strong></span> <span class='ocrx_word' id='word_1_102' title='bbox 781 1626 992 1686; x_wconf 88' lang='lat' dir='ltr'><strong>Oblitus</strong></span> <span class='ocrx_word' id='word_1_103' title='bbox 1015 1644 1075 1687; x_wconf 89' lang='lat' dir='ltr'><strong>es</strong></span> <span class='ocrx_word' id='word_1_104' title='bbox 1102 1631 1229 1701; x_wconf 89' lang='lat' dir='ltr'><strong>quid</strong></span> <span class='ocrx_word' id='word_1_105' title='bbox 1258 1632 1499 1691; x_wconf 85' lang='lat' dir='ltr'><strong>dicamus</strong></span> <span class='ocrx_word' id='word_1_106' title='bbox 1528 1654 1542 1692; x_wconf 94' lang='lat'><strong>:</strong></span> <span class='ocrx_word' id='word_1_107' title='bbox 1573 1638 1876 1705; x_wconf 82' lang='lat' dir='ltr'><strong>recordare,</strong></span> <span class='ocrx_word' id='word_1_108' title='bbox 1907 1654 2112 1711; x_wconf 71' lang='lat' dir='ltr'><strong>quaeso.</strong></span> 
     </span>
    </p>
   </div>
   <div class='ocr_carea' id='block_1_16' title="bbox 510 1716 2114 1798">
    <p class='ocr_par' dir='ltr' id='par_1_16' title="bbox 510 1716 2114 1798">
     <span class='ocr_line' id='line_1_16' title="bbox 510 1716 2114 1798; baseline 0.006 -23"><span class='ocrx_word' id='word_1_109' title='bbox 510 1716 643 1775; x_wconf 66' lang='lat' dir='ltr'><strong>&#39;Nos</strong></span> <span class='ocrx_word' id='word_1_110' title='bbox 670 1734 857 1775; x_wconf 86' lang='lat' dir='ltr'><strong>sumus</strong></span> <span class='ocrx_word' id='word_1_111' title='bbox 882 1723 972 1792; x_wconf 88' lang='lat' dir='ltr'><strong>qui</strong></span> <span class='ocrx_word' id='word_1_112' title='bbox 1000 1724 1154 1779; x_wconf 83' lang='lat' dir='ltr'><strong>vobis</strong></span> <span class='ocrx_word' id='word_1_113' title='bbox 1194 1725 1613 1784; x_wconf 86' lang='lat' dir='ltr'><strong>reclamantibus</strong></span> <span class='ocrx_word' id='word_1_114' title='bbox 1648 1729 1910 1798; x_wconf 83' lang='lat' dir='ltr'><strong>dicimus,</strong></span> <span class='ocrx_word' id='word_1_115' title='bbox 1951 1732 2114 1786; x_wconf 89' lang='lat' dir='ltr'><strong>etiam</strong></span> 
     </span>
    </p>
   </div>
   <div class='ocr_carea' id='block_1_17' title="bbox 526 1809 2116 1889">
    <p class='ocr_par' dir='ltr' id='par_1_17' title="bbox 526 1809 2116 1889">
     <span class='ocr_line' id='line_1_17' title="bbox 526 1809 2116 1889; baseline 0.011 -27"><span class='ocrx_word' id='word_1_116' title='bbox 526 1809 705 1880; x_wconf 72' lang='lat' dir='ltr'><strong>iustis,</strong></span> <span class='ocrx_word' id='word_1_117' title='bbox 732 1811 981 1882; x_wconf 86' lang='lat' dir='ltr'><strong>quamdiu</strong></span> <span class='ocrx_word' id='word_1_118' title='bbox 1005 1823 1129 1868; x_wconf 89' lang='lat' dir='ltr'><strong>sunt</strong></span> <span class='ocrx_word' id='word_1_119' title='bbox 1154 1815 1206 1869; x_wconf 93' lang='lat' dir='ltr'><strong>in</strong></span> <span class='ocrx_word' id='word_1_120' title='bbox 1239 1817 1337 1870; x_wconf 90' lang='lat' dir='ltr'><strong>hac</strong></span> <span class='ocrx_word' id='word_1_121' title='bbox 1361 1818 1488 1885; x_wconf 89' lang='lat' dir='ltr'><strong>vita,</strong></span> <span class='ocrx_word' id='word_1_122' title='bbox 1518 1834 1621 1874; x_wconf 92' lang='lat' dir='ltr'><strong>non</strong></span> <span class='ocrx_word' id='word_1_123' title='bbox 1650 1820 1860 1889; x_wconf 88' lang='lat' dir='ltr'><strong>deesse,</strong></span> <span class='ocrx_word' id='word_1_124' title='bbox 1894 1823 2034 1879; x_wconf 90' lang='lat' dir='ltr'><strong>unde</strong></span> <span class='ocrx_word' id='word_1_125' title='bbox 2061 1823 2116 1879; x_wconf 80' lang='lat' dir='ltr'><strong>in</strong></span> 
     </span>
    </p>
   </div>
   <div class='ocr_carea' id='block_1_18' title="bbox 523 1901 2118 1979">
    <p class='ocr_par' dir='ltr' id='par_1_18' title="bbox 523 1901 2118 1979">
     <span class='ocr_line' id='line_1_18' title="bbox 523 1901 2118 1979; baseline 0.01 -25"><span class='ocrx_word' id='word_1_126' title='bbox 523 1901 770 1957; x_wconf 79' lang='lat' dir='ltr'><strong>oratione</strong></span> <span class='ocrx_word' id='word_1_127' title='bbox 794 1916 887 1957; x_wconf 88' lang='lat' dir='ltr'><strong>sua</strong></span> <span class='ocrx_word' id='word_1_128' title='bbox 910 1904 978 1958; x_wconf 92' lang='lat' dir='ltr'><strong>de</strong></span> <span class='ocrx_word' id='word_1_129' title='bbox 1005 1920 1065 1959; x_wconf 88' lang='lat' dir='ltr'><strong>se</strong></span> <span class='ocrx_word' id='word_1_130' title='bbox 1091 1905 1218 1974; x_wconf 85' lang='lat' dir='ltr'><strong>ipsis</strong></span> <span class='ocrx_word' id='word_1_131' title='bbox 1238 1910 1501 1965; x_wconf 78' lang='lat' dir='ltr'><strong>veraciter</strong></span> <span class='ocrx_word' id='word_1_132' title='bbox 1522 1911 1721 1979; x_wconf 88' lang='lat' dir='ltr'><strong>dicant,</strong></span> <span class='ocrx_word' id='word_1_133' title='bbox 1744 1911 1953 1969; x_wconf 77' lang='lat' dir='ltr'><strong>Dimitte</strong></span> <span class='ocrx_word' id='word_1_134' title='bbox 1973 1915 2118 1971; x_wconf 83' lang='lat' dir='ltr'><strong>nobis</strong></span> 
     </span>
    </p>
   </div>
   <div class='ocr_carea' id='block_1_19' title="bbox 526 1990 2118 2073">
    <p class='ocr_par' dir='ltr' id='par_1_19' title="bbox 526 1990 2118 2073">
     <span class='ocr_line' id='line_1_19' title="bbox 526 1990 2118 2073; baseline 0.013 -28"><span class='ocrx_word' id='word_1_135' title='bbox 526 1990 696 2047; x_wconf 76' lang='lat' dir='ltr'><strong>debita</strong></span> <span class='ocrx_word' id='word_1_136' title='bbox 723 2005 895 2048; x_wconf 82' lang='lat' dir='ltr'><strong>nostra</strong></span> <span class='ocrx_word' id='word_1_137' title='bbox 924 1994 1138 2068; x_wconf 76' lang='lat' dir='ltr'><strong>(Matth.</strong></span> <span class='ocrx_word' id='word_1_138' title='bbox 1168 2014 1238 2062; x_wconf 84' lang='lat' dir='ltr'><strong>vt,</strong></span> <span class='ocrx_word' id='word_1_139' title='bbox 1272 1998 1392 2073; x_wconf 70' lang='grc' dir='ltr'><strong>η).</strong></span> <span class='ocrx_word' id='word_1_140' title='bbox 1422 2002 1682 2071; x_wconf 84' lang='lat' dir='ltr'><strong>Quoniam</strong></span> <span class='ocrx_word' id='word_1_141' title='bbox 1711 2005 1758 2061; x_wconf 90' lang='lat' dir='ltr'><strong>si</strong></span> <span class='ocrx_word' id='word_1_142' title='bbox 1798 2007 2028 2063; x_wconf 76' lang='lat' dir='ltr'><strong>dixerint</strong></span> <span class='ocrx_word' id='word_1_143' title='bbox 2056 2024 2118 2066; x_wconf 86' lang='lat' dir='ltr'><strong>se</strong></span> 
     </span>
    </p>
   </div>
   <div class='ocr_carea' id='block_1_20' title="bbox 526 2081 2117 2167">
    <p class='ocr_par' dir='ltr' id='par_1_20' title="bbox 526 2081 2117 2167">
     <span class='ocr_line' id='line_1_20' title="bbox 526 2081 2117 2167; baseline 0.013 -32"><span class='ocrx_word' id='word_1_144' title='bbox 526 2095 634 2136; x_wconf 90' lang='lat' dir='ltr'><strong>non</strong></span> <span class='ocrx_word' id='word_1_145' title='bbox 666 2081 866 2141; x_wconf 88' lang='lat' dir='ltr'><strong>habere</strong></span> <span class='ocrx_word' id='word_1_146' title='bbox 897 2096 1168 2156; x_wconf 85' lang='lat' dir='ltr'><strong>peceatum</strong></span> <span class='ocrx_word' id='word_1_147' title='bbox 1188 2131 1203 2155; x_wconf 94' lang='lat'><strong>,</strong></span> <span class='ocrx_word' id='word_1_148' title='bbox 1230 2104 1288 2146; x_wconf 87' lang='lat' dir='ltr'><strong>se</strong></span> <span class='ocrx_word' id='word_1_149' title='bbox 1333 2092 1479 2162; x_wconf 88' lang='lat' dir='ltr'><strong>ipsos</strong></span> <span class='ocrx_word' id='word_1_150' title='bbox 1508 2094 1804 2167; x_wconf 86' lang='lat' dir='ltr'><strong>decipiunt,</strong></span> <span class='ocrx_word' id='word_1_151' title='bbox 1836 2107 1892 2154; x_wconf 91' lang='lat' dir='ltr'><strong>et</strong></span> <span class='ocrx_word' id='word_1_152' title='bbox 1918 2100 2117 2156; x_wconf 86' lang='lat' dir='ltr'><strong>veritas</strong></span> 
     </span>
    </p>
   </div>
   <div class='ocr_carea' id='block_1_21' title="bbox 520 2170 2118 2263">
    <p class='ocr_par' dir='ltr' id='par_1_21' title="bbox 520 2170 2118 2263">
     <span class='ocr_line' id='line_1_21' title="bbox 520 2170 2118 2263; baseline 0.013 -35"><span class='ocrx_word' id='word_1_153' title='bbox 520 2170 583 2229; x_wconf 78' lang='lat' dir='ltr'><strong>in</strong></span> <span class='ocrx_word' id='word_1_154' title='bbox 604 2174 683 2230; x_wconf 88' lang='lat' dir='ltr'><strong>eis</strong></span> <span class='ocrx_word' id='word_1_155' title='bbox 706 2192 812 2231; x_wconf 92' lang='lat' dir='ltr'><strong>non</strong></span> <span class='ocrx_word' id='word_1_156' title='bbox 838 2186 923 2233; x_wconf 90' lang='lat' dir='ltr'><strong>est</strong></span> <span class='ocrx_word' id='word_1_157' title='bbox 948 2180 968 2247; x_wconf 89' lang='lat'><strong>(</strong></span> <span class='ocrx_word' id='word_1_158' title='bbox 990 2180 1008 2234; x_wconf 92' lang='lat' dir='ltr'><strong>l</strong></span> <span class='ocrx_word' id='word_1_159' title='bbox 1031 2180 1189 2237; x_wconf 82' lang='lat' dir='ltr'><strong>Joan.</strong></span> <span class='ocrx_word' id='word_1_160' title='bbox 1223 2199 1261 2247; x_wconf 86' lang='grc' dir='ltr'><strong>ι,</strong></span> <span class='ocrx_word' id='word_1_161' title='bbox 1293 2183 1385 2257; x_wconf 88' lang='lat'><strong>8).</strong></span> <span class='ocrx_word' id='word_1_162' title='bbox 1416 2186 1552 2256; x_wconf 85' lang='lat' dir='ltr'><strong>Quid</strong></span> <span class='ocrx_word' id='word_1_163' title='bbox 1576 2198 1660 2245; x_wconf 90' lang='lat' dir='ltr'><strong>cst</strong></span> <span class='ocrx_word' id='word_1_164' title='bbox 1685 2207 1812 2262; x_wconf 84' lang='lat' dir='ltr'><strong>ergo</strong></span> <span class='ocrx_word' id='word_1_165' title='bbox 1836 2192 1976 2263; x_wconf 89' lang='lat' dir='ltr'><strong>quod</strong></span> <span class='ocrx_word' id='word_1_166' title='bbox 2004 2194 2118 2248; x_wconf 91' lang='lat' dir='ltr'><strong>ina-</strong></span> 
     </span>
    </p>
   </div>
   <div class='ocr_carea' id='block_1_22' title="bbox 508 2263 2113 2356">
    <p class='ocr_par' dir='ltr' id='par_1_22' title="bbox 508 2263 2113 2356">
     <span class='ocr_line' id='line_1_22' title="bbox 508 2263 2113 2356; baseline 0.016 -40"><span class='ocrx_word' id='word_1_167' title='bbox 508 2263 670 2327; x_wconf 74' lang='lat' dir='ltr'><strong>niter</strong></span> <span class='ocrx_word' id='word_1_168' title='bbox 695 2265 966 2338; x_wconf 86' lang='lat' dir='ltr'><strong>loqueris,</strong></span> <span class='ocrx_word' id='word_1_169' title='bbox 999 2286 1086 2328; x_wconf 92' lang='lat' dir='ltr'><strong>me</strong></span> <span class='ocrx_word' id='word_1_170' title='bbox 1113 2272 1396 2332; x_wconf 83' lang='lat' dir='ltr'><strong>Joviniano</strong></span> <span class='ocrx_word' id='word_1_171' title='bbox 1423 2278 1476 2332; x_wconf 90' lang='lat' dir='ltr'><strong>in</strong></span> <span class='ocrx_word' id='word_1_172' title='bbox 1508 2294 1569 2334; x_wconf 90' lang='lat' dir='ltr'><strong>ea</strong></span> <span class='ocrx_word' id='word_1_173' title='bbox 1602 2288 1751 2351; x_wconf 86' lang='lat' dir='ltr'><strong>parte</strong></span> <span class='ocrx_word' id='word_1_174' title='bbox 1791 2284 2043 2356; x_wconf 79' lang='lat' dir='ltr'><strong>conjungi</strong></span> <span class='ocrx_word' id='word_1_175' title='bbox 2068 2284 2113 2349; x_wconf 75' lang='grc'><strong>⁸.</strong></span> 
     </span>
    </p>
   </div>
   <div class='ocr_carea' id='block_1_23' title="bbox 522 2354 2116 2443">
    <p class='ocr_par' dir='ltr' id='par_1_23' title="bbox 522 2354 2116 2443">
     <span class='ocr_line' id='line_1_23' title="bbox 522 2354 2116 2443; baseline 0.016 -36"><span class='ocrx_word' id='word_1_176' title='bbox 522 2369 628 2425; x_wconf 87' lang='lat' dir='ltr'><strong>qua</strong></span> <span class='ocrx_word' id='word_1_177' title='bbox 659 2354 788 2412; x_wconf 89' lang='lat' dir='ltr'><strong>dicit</strong></span> <span class='ocrx_word' id='word_1_178' title='bbox 829 2358 1152 2429; x_wconf 81' lang='lat' dir='ltr'><strong>baptizatum</strong></span> <span class='ocrx_word' id='word_1_179' title='bbox 1194 2363 1466 2423; x_wconf 84' lang='lat' dir='ltr'><strong>hominem</strong></span> <span class='ocrx_word' id='word_1_180' title='bbox 1510 2385 1619 2425; x_wconf 92' lang='lat' dir='ltr'><strong>non</strong></span> <span class='ocrx_word' id='word_1_181' title='bbox 1651 2387 1807 2442; x_wconf 88' lang='lat' dir='ltr'><strong>posse</strong></span> <span class='ocrx_word' id='word_1_182' title='bbox 1857 2354 2116 2443; x_wconf 78' lang='lat' dir='ltr'><strong>peccare?</strong></span> 
     </span>
    </p>
   </div>
   <div class='ocr_carea' id='block_1_24' title="bbox 522 2445 2116 2528">
    <p class='ocr_par' dir='ltr' id='par_1_24' title="bbox 522 2445 2116 2528">
     <span class='ocr_line' id='line_1_24' title="bbox 522 2445 2116 2528; baseline 0.016 -30"><span class='ocrx_word' id='word_1_183' title='bbox 522 2445 683 2501; x_wconf 65' lang='lat' dir='ltr'><strong>Absit</strong></span> <span class='ocrx_word' id='word_1_184' title='bbox 706 2455 769 2516; x_wconf 29' lang='lat' dir='ltr'><strong>ut,</strong></span> <span class='ocrx_word' id='word_1_185' title='bbox 792 2455 900 2504; x_wconf 90' lang='lat' dir='ltr'><strong>tam</strong></span> <span class='ocrx_word' id='word_1_186' title='bbox 938 2451 1107 2509; x_wconf 81' lang='lat' dir='ltr'><strong>simus</strong></span> <span class='ocrx_word' id='word_1_187' title='bbox 1145 2455 1291 2511; x_wconf 89' lang='lat' dir='ltr'><strong>surdi</strong></span> <span class='ocrx_word' id='word_1_188' title='bbox 1333 2466 1387 2512; x_wconf 89' lang='lat' dir='ltr'><strong>et</strong></span> <span class='ocrx_word' id='word_1_189' title='bbox 1414 2461 1586 2528; x_wconf 90' lang='lat' dir='ltr'><strong>muti,</strong></span> <span class='ocrx_word' id='word_1_190' title='bbox 1615 2472 1676 2518; x_wconf 91' lang='lat' dir='ltr'><strong>ut</strong></span> <span class='ocrx_word' id='word_1_191' title='bbox 1702 2478 1807 2518; x_wconf 89' lang='lat' dir='ltr'><strong>non</strong></span> <span class='ocrx_word' id='word_1_192' title='bbox 1837 2467 2116 2524; x_wconf 84' lang='lat' dir='ltr'><strong>audiamus</strong></span> 
     </span>
    </p>
   </div>
   <div class='ocr_carea' id='block_1_25' title="bbox 521 2539 2116 2617">
    <p class='ocr_par' dir='ltr' id='par_1_25' title="bbox 521 2539 2116 2617">
     <span class='ocr_line' id='line_1_25' title="bbox 521 2539 2116 2617; baseline 0.016 -29"><span class='ocrx_word' id='word_1_193' title='bbox 521 2548 712 2591; x_wconf 87' lang='lat' dir='ltr'><strong>eorum</strong></span> <span class='ocrx_word' id='word_1_194' title='bbox 741 2539 833 2608; x_wconf 91' lang='lat' dir='ltr'><strong>qui</strong></span> <span class='ocrx_word' id='word_1_195' title='bbox 863 2539 1111 2610; x_wconf 84' lang='lat' dir='ltr'><strong>baptizati</strong></span> <span class='ocrx_word' id='word_1_196' title='bbox 1139 2557 1264 2601; x_wconf 91' lang='lat' dir='ltr'><strong>sunt</strong></span> <span class='ocrx_word' id='word_1_197' title='bbox 1291 2562 1505 2617; x_wconf 88' lang='lat' dir='ltr'><strong>vocem,</strong></span> <span class='ocrx_word' id='word_1_198' title='bbox 1539 2552 1622 2607; x_wconf 91' lang='lat' dir='ltr'><strong>vel</strong></span> <span class='ocrx_word' id='word_1_199' title='bbox 1651 2568 1757 2609; x_wconf 91' lang='lat' dir='ltr'><strong>non</strong></span> <span class='ocrx_word' id='word_1_200' title='bbox 1785 2565 1905 2611; x_wconf 84' lang='lat' dir='ltr'><strong>eu’m</strong></span> <span class='ocrx_word' id='word_1_201' title='bbox 1932 2558 2010 2613; x_wconf 93' lang='lat' dir='ltr'><strong>eis</strong></span> <span class='ocrx_word' id='word_1_202' title='bbox 2036 2557 2116 2613; x_wconf 86' lang='lat' dir='ltr'><strong>di-</strong></span> 
     </span>
    </p>
   </div>
   <div class='ocr_carea' id='block_1_26' title="bbox 524 2629 2115 2717">
    <p class='ocr_par' dir='ltr' id='par_1_26' title="bbox 524 2629 2115 2717">
     <span class='ocr_line' id='line_1_26' title="bbox 524 2629 2115 2717; baseline 0.016 -36"><span class='ocrx_word' id='word_1_203' title='bbox 524 2641 730 2697; x_wconf 80' lang='lat' dir='ltr'><strong>camus,</strong></span> <span class='ocrx_word' id='word_1_204' title='bbox 755 2629 960 2689; x_wconf 79' lang='lat' dir='ltr'><strong>Dimitte</strong></span> <span class='ocrx_word' id='word_1_205' title='bbox 976 2635 1118 2693; x_wconf 82' lang='lat' dir='ltr'><strong>nobis</strong></span> <span class='ocrx_word' id='word_1_206' title='bbox 1139 2638 1304 2694; x_wconf 81' lang='lat' dir='ltr'><strong>debita</strong></span> <span class='ocrx_word' id='word_1_207' title='bbox 1319 2652 1512 2697; x_wconf 83' lang='lat' dir='ltr'><strong>nostra.</strong></span> <span class='ocrx_word' id='word_1_208' title='bbox 1541 2645 1616 2700; x_wconf 79' lang='lat' dir='ltr'><strong>Ex</strong></span> <span class='ocrx_word' id='word_1_209' title='bbox 1634 2662 1738 2717; x_wconf 90' lang='lat' dir='ltr'><strong>quo</strong></span> <span class='ocrx_word' id='word_1_210' title='bbox 1758 2658 1934 2705; x_wconf 88' lang='lat' dir='ltr'><strong>autem</strong></span> <span class='ocrx_word' id='word_1_211' title='bbox 1952 2650 2115 2707; x_wconf 90' lang='lat' dir='ltr'><strong>homo</strong></span> 
     </span>
    </p>
   </div>
   <div class='ocr_carea' id='block_1_27' title="bbox 514 2717 2113 2814">
    <p class='ocr_par' dir='ltr' id='par_1_27' title="bbox 514 2717 2113 2814">
     <span class='ocr_line' id='line_1_27' title="bbox 514 2717 2113 2814; baseline 0.018 -43"><span class='ocrx_word' id='word_1_212' title='bbox 514 2717 711 2790; x_wconf 76' lang='lat' dir='ltr'><strong>incipit</strong></span> <span class='ocrx_word' id='word_1_213' title='bbox 737 2722 812 2777; x_wconf 92' lang='lat' dir='ltr'><strong>uti</strong></span> <span class='ocrx_word' id='word_1_214' title='bbox 840 2724 1125 2783; x_wconf 83' lang='lat' dir='ltr'><strong>voluntatis</strong></span> <span class='ocrx_word' id='word_1_215' title='bbox 1150 2731 1390 2800; x_wconf 83' lang='lat' dir='ltr'><strong>arbitrio,</strong></span> <span class='ocrx_word' id='word_1_216' title='bbox 1422 2742 1477 2790; x_wconf 90' lang='lat' dir='ltr'><strong>et</strong></span> <span class='ocrx_word' id='word_1_217' title='bbox 1506 2749 1729 2805; x_wconf 88' lang='lat' dir='ltr'><strong>peccare</strong></span> <span class='ocrx_word' id='word_1_218' title='bbox 1766 2748 1822 2795; x_wconf 91' lang='lat' dir='ltr'><strong>et</strong></span> <span class='ocrx_word' id='word_1_219' title='bbox 1850 2756 1958 2797; x_wconf 93' lang='lat' dir='ltr'><strong>non</strong></span> <span class='ocrx_word' id='word_1_220' title='bbox 1985 2758 2113 2814; x_wconf 87' lang='lat' dir='ltr'><strong>pec-</strong></span> 
     </span>
    </p>
   </div>
   <div class='ocr_carea' id='block_1_28' title="bbox 510 2819 2114 2906">
    <p class='ocr_par' dir='ltr' id='par_1_28' title="bbox 510 2819 2114 2906">
     <span class='ocr_line' id='line_1_28' title="bbox 510 2819 2114 2906; baseline 0.016 -41"><span class='ocrx_word' id='word_1_221' title='bbox 510 2824 650 2869; x_wconf 67' lang='lat' dir='ltr'><strong>care</strong></span> <span class='ocrx_word' id='word_1_222' title='bbox 675 2824 850 2883; x_wconf 89' lang='lat' dir='ltr'><strong>potest</strong></span> <span class='ocrx_word' id='word_1_223' title='bbox 875 2832 890 2871; x_wconf 93' lang='lat'><strong>:</strong></span> <span class='ocrx_word' id='word_1_224' title='bbox 919 2819 1013 2874; x_wconf 88' lang='lat' dir='ltr'><strong>sed</strong></span> <span class='ocrx_word' id='word_1_225' title='bbox 1042 2821 1270 2878; x_wconf 90' lang='lat' dir='ltr'><strong>alterum</strong></span> <span class='ocrx_word' id='word_1_226' title='bbox 1296 2824 1489 2881; x_wconf 90' lang='lat' dir='ltr'><strong>horum</strong></span> <span class='ocrx_word' id='word_1_227' title='bbox 1518 2843 1624 2884; x_wconf 93' lang='lat' dir='ltr'><strong>non</strong></span> <span class='ocrx_word' id='word_1_228' title='bbox 1652 2829 1800 2898; x_wconf 84' lang='lat' dir='ltr'><strong>facit,</strong></span> <span class='ocrx_word' id='word_1_229' title='bbox 1830 2832 1930 2889; x_wconf 90' lang='lat' dir='ltr'><strong>nisi</strong></span> <span class='ocrx_word' id='word_1_230' title='bbox 1961 2835 2114 2906; x_wconf 82' lang='lat' dir='ltr'><strong>adju-</strong></span> 
     </span>
    </p>
   </div>
   <div class='ocr_carea' id='block_1_29' title="bbox 523 2904 2109 2995">
    <p class='ocr_par' dir='ltr' id='par_1_29' title="bbox 523 2904 2109 2995">
     <span class='ocr_line' id='line_1_29' title="bbox 523 2904 2109 2995; baseline 0.016 -37"><span class='ocrx_word' id='word_1_231' title='bbox 523 2909 613 2959; x_wconf 84' lang='lat' dir='ltr'><strong>tus</strong></span> <span class='ocrx_word' id='word_1_232' title='bbox 627 2904 696 2959; x_wconf 88' lang='lat' dir='ltr'><strong>ab</strong></span> <span class='ocrx_word' id='word_1_233' title='bbox 715 2921 783 2962; x_wconf 92' lang='lat' dir='ltr'><strong>eo</strong></span> <span class='ocrx_word' id='word_1_234' title='bbox 802 2910 895 2979; x_wconf 89' lang='lat' dir='ltr'><strong>qui</strong></span> <span class='ocrx_word' id='word_1_235' title='bbox 917 2909 1072 2981; x_wconf 81' lang='lat' dir='ltr'><strong>dixit,</strong></span> <span class='ocrx_word' id='word_1_236' title='bbox 1097 2913 1225 2970; x_wconf 85' lang='lat' dir='ltr'><strong>Sine</strong></span> <span class='ocrx_word' id='word_1_237' title='bbox 1247 2933 1329 2973; x_wconf 85' lang='lat' dir='ltr'><strong>me</strong></span> <span class='ocrx_word' id='word_1_238' title='bbox 1356 2919 1486 2974; x_wconf 82' lang='lat' dir='ltr'><strong>nihil</strong></span> <span class='ocrx_word' id='word_1_239' title='bbox 1514 2923 1721 2992; x_wconf 79' lang='lat' dir='ltr'><strong>potestis</strong></span> <span class='ocrx_word' id='word_1_240' title='bbox 1745 2925 1912 2993; x_wconf 78' lang='lat' dir='ltr'><strong>facere</strong></span> <span class='ocrx_word' id='word_1_241' title='bbox 1930 2904 2109 2995; x_wconf 70' lang='lat' dir='ltr'><strong>(lacn.</strong></span> 
     </span>
    </p>
   </div>
   <div class='ocr_carea' id='block_1_30' title="bbox 521 2997 2114 3085">
    <p class='ocr_par' dir='ltr' id='par_1_30' title="bbox 521 2997 2114 3085">
     <span class='ocr_line' id='line_1_30' title="bbox 521 2997 2114 3085; baseline 0.018 -36"><span class='ocrx_word' id='word_1_242' title='bbox 521 3009 627 3063; x_wconf 80' lang='lat' dir='ltr'><strong>xv,</strong></span> <span class='ocrx_word' id='word_1_243' title='bbox 659 2997 724 3062; x_wconf 80' lang='lat'><strong>5)</strong></span> <span class='ocrx_word' id='word_1_244' title='bbox 757 3015 773 3055; x_wconf 90' lang='lat'><strong>:</strong></span> <span class='ocrx_word' id='word_1_245' title='bbox 802 3000 1028 3058; x_wconf 91' lang='lat' dir='ltr'><strong>alterum</strong></span> <span class='ocrx_word' id='word_1_246' title='bbox 1070 3020 1199 3062; x_wconf 89' lang='lat' dir='ltr'><strong>vero</strong></span> <span class='ocrx_word' id='word_1_247' title='bbox 1240 3011 1451 3080; x_wconf 86' lang='lat' dir='ltr'><strong>propria</strong></span> <span class='ocrx_word' id='word_1_248' title='bbox 1482 3015 1755 3072; x_wconf 88' lang='lat' dir='ltr'><strong>voluntate</strong></span> <span class='ocrx_word' id='word_1_249' title='bbox 1778 3058 1795 3085; x_wconf 93' lang='lat'><strong>,</strong></span> <span class='ocrx_word' id='word_1_250' title='bbox 1827 3017 1943 3074; x_wconf 87' lang='lat' dir='ltr'><strong>sive</strong></span> <span class='ocrx_word' id='word_1_251' title='bbox 1989 3034 2019 3074; x_wconf 91' lang='lat' dir='ltr'><strong>a</strong></span> <span class='ocrx_word' id='word_1_252' title='bbox 2053 3035 2114 3077; x_wconf 86' lang='lat' dir='ltr'><strong>se</strong></span> 
     </span>
    </p>
   </div>
   <div class='ocr_carea' id='block_1_31' title="bbox 522 3087 2112 3181">
    <p class='ocr_par' dir='ltr' id='par_1_31' title="bbox 522 3087 2112 3181">
     <span class='ocr_line' id='line_1_31' title="bbox 522 3087 2112 3181; baseline 0.016 -38"><span class='ocrx_word' id='word_1_253' title='bbox 522 3087 671 3159; x_wconf 86' lang='lat' dir='ltr'><strong>ipso,</strong></span> <span class='ocrx_word' id='word_1_254' title='bbox 705 3092 822 3149; x_wconf 84' lang='lat' dir='ltr'><strong>sive</strong></span> <span class='ocrx_word' id='word_1_255' title='bbox 857 3094 926 3150; x_wconf 87' lang='lat' dir='ltr'><strong>ab</strong></span> <span class='ocrx_word' id='word_1_256' title='bbox 961 3096 1068 3153; x_wconf 92' lang='lat' dir='ltr'><strong>alio</strong></span> <span class='ocrx_word' id='word_1_257' title='bbox 1110 3099 1400 3171; x_wconf 89' lang='lat' dir='ltr'><strong>deeeptore</strong></span> <span class='ocrx_word' id='word_1_258' title='bbox 1448 3104 1736 3175; x_wconf 89' lang='lat' dir='ltr'><strong>seductus,</strong></span> <span class='ocrx_word' id='word_1_259' title='bbox 1767 3110 1852 3164; x_wconf 88' lang='lat' dir='ltr'><strong>vel</strong></span> <span class='ocrx_word' id='word_1_260' title='bbox 1893 3120 2112 3181; x_wconf 90' lang='lat' dir='ltr'><strong>peccato</strong></span> 
     </span>
    </p>
   </div>
   <div class='ocr_carea' id='block_1_32' title="bbox 523 3181 2110 3265">
    <p class='ocr_par' dir='ltr' id='par_1_32' title="bbox 523 3181 2110 3265">
     <span class='ocr_line' id='line_1_32' title="bbox 523 3181 2110 3265; baseline 0.017 -31"><span class='ocrx_word' id='word_1_261' title='bbox 523 3181 661 3236; x_wconf 84' lang='lat' dir='ltr'><strong>sicut</strong></span> <span class='ocrx_word' id='word_1_262' title='bbox 688 3197 875 3242; x_wconf 87' lang='lat' dir='ltr'><strong>servus</strong></span> <span class='ocrx_word' id='word_1_263' title='bbox 912 3188 1174 3246; x_wconf 87' lang='lat' dir='ltr'><strong>addictus.</strong></span> <span class='ocrx_word' id='word_1_264' title='bbox 1206 3194 1433 3265; x_wconf 84' lang='lat' dir='ltr'><strong>Adjutos</strong></span> <span class='ocrx_word' id='word_1_265' title='bbox 1460 3205 1640 3254; x_wconf 85' lang='lat' dir='ltr'><strong>autem</strong></span> <span class='ocrx_word' id='word_1_266' title='bbox 1680 3200 1927 3259; x_wconf 88' lang='lat' dir='ltr'><strong>homines</strong></span> <span class='ocrx_word' id='word_1_267' title='bbox 1952 3205 2110 3261; x_wconf 85' lang='lat' dir='ltr'><strong>novi-</strong></span> 
     </span>
    </p>
   </div>
   <div class='ocr_carea' id='block_1_33' title="bbox 519 3274 2113 3362">
    <p class='ocr_par' dir='ltr' id='par_1_33' title="bbox 519 3274 2113 3362">
     <span class='ocr_line' id='line_1_33' title="bbox 519 3274 2113 3362; baseline 0.016 -35"><span class='ocrx_word' id='word_1_268' title='bbox 519 3288 642 3329; x_wconf 87' lang='lat' dir='ltr'><strong>mus</strong></span> <span class='ocrx_word' id='word_1_269' title='bbox 664 3274 758 3331; x_wconf 89' lang='lat' dir='ltr'><strong>Dei</strong></span> <span class='ocrx_word' id='word_1_270' title='bbox 779 3277 989 3347; x_wconf 88' lang='lat' dir='ltr'><strong>spiritu,</strong></span> <span class='ocrx_word' id='word_1_271' title='bbox 1019 3290 1073 3336; x_wconf 91' lang='lat' dir='ltr'><strong>ut</strong></span> <span class='ocrx_word' id='word_1_272' title='bbox 1102 3296 1164 3338; x_wconf 88' lang='lat' dir='ltr'><strong>ea</strong></span> <span class='ocrx_word' id='word_1_273' title='bbox 1195 3284 1392 3342; x_wconf 86' lang='lat' dir='ltr'><strong>vellent</strong></span> <span class='ocrx_word' id='word_1_274' title='bbox 1418 3303 1537 3359; x_wconf 73' lang='lat' dir='ltr'><strong>qua:</strong></span> <span class='ocrx_word' id='word_1_275' title='bbox 1567 3290 1657 3348; x_wconf 91' lang='lat' dir='ltr'><strong>Dei</strong></span> <span class='ocrx_word' id='word_1_276' title='bbox 1685 3302 1841 3362; x_wconf 89' lang='lat' dir='ltr'><strong>sunt,</strong></span> <span class='ocrx_word' id='word_1_277' title='bbox 1865 3307 1988 3351; x_wconf 89' lang='lat' dir='ltr'><strong>ante</strong></span> <span class='ocrx_word' id='word_1_278' title='bbox 2008 3295 2113 3352; x_wconf 84' lang='lat' dir='ltr'><strong>Ba-</strong></span> 
     </span>
    </p>
   </div>
   <div class='ocr_carea' id='block_1_34' title="bbox 519 3365 2107 3455">
    <p class='ocr_par' dir='ltr' id='par_1_34' title="bbox 519 3365 2107 3455">
     <span class='ocr_line' id='line_1_34' title="bbox 519 3365 2107 3455; baseline 0.018 -38"><span class='ocrx_word' id='word_1_279' title='bbox 519 3365 800 3434; x_wconf 89' lang='lat' dir='ltr'><strong>ptismum,</strong></span> <span class='ocrx_word' id='word_1_280' title='bbox 842 3369 980 3426; x_wconf 87' lang='lat' dir='ltr'><strong>sicut</strong></span> <span class='ocrx_word' id='word_1_281' title='bbox 1006 3371 1312 3432; x_wconf 83' lang='lat' dir='ltr'><strong>Cornelium</strong></span> <span class='ocrx_word' id='word_1_282' title='bbox 1348 3378 1501 3450; x_wconf 82' lang='lat' dir='ltr'><strong>(Act.</strong></span> <span class='ocrx_word' id='word_1_283' title='bbox 1533 3382 1601 3455; x_wconf 83' lang='lat' dir='ltr'><strong>x)</strong></span> <span class='ocrx_word' id='word_1_284' title='bbox 1631 3401 1647 3438; x_wconf 89' lang='lat'><strong>:</strong></span> <span class='ocrx_word' id='word_1_285' title='bbox 1676 3386 1934 3455; x_wconf 90' lang='lat' dir='ltr'><strong>quosdam</strong></span> <span class='ocrx_word' id='word_1_286' title='bbox 1976 3405 2107 3446; x_wconf 86' lang='lat' dir='ltr'><strong>vero</strong></span> 
     </span>
    </p>
   </div>
   <div class='ocr_carea' id='block_1_35' title="bbox 522 3456 2106 3553">
    <p class='ocr_par' dir='ltr' id='par_1_35' title="bbox 522 3456 2106 3553">
     <span class='ocr_line' id='line_1_35' title="bbox 522 3456 2106 3553; baseline 0.018 -47"><span class='ocrx_word' id='word_1_287' title='bbox 522 3468 622 3507; x_wconf 91' lang='lat' dir='ltr'><strong>nec</strong></span> <span class='ocrx_word' id='word_1_288' title='bbox 639 3466 757 3524; x_wconf 91' lang='lat' dir='ltr'><strong>post</strong></span> <span class='ocrx_word' id='word_1_289' title='bbox 776 3456 1128 3531; x_wconf 85' lang='lat' dir='ltr'><strong>Baptismum,</strong></span> <span class='ocrx_word' id='word_1_290' title='bbox 1149 3464 1287 3520; x_wconf 91' lang='lat' dir='ltr'><strong>sicut</strong></span> <span class='ocrx_word' id='word_1_291' title='bbox 1305 3465 1578 3526; x_wconf 89' lang='lat' dir='ltr'><strong>Simonem</strong></span> <span class='ocrx_word' id='word_1_292' title='bbox 1602 3471 1809 3543; x_wconf 85' lang='lat' dir='ltr'><strong>Magum</strong></span> <span class='ocrx_word' id='word_1_293' title='bbox 1836 3476 1946 3549; x_wconf 84' lang='lat' dir='ltr'><strong>(Id.</strong></span> <span class='ocrx_word' id='word_1_294' title='bbox 1964 3477 2106 3553; x_wconf 88' lang='lat' dir='ltr'><strong>vnt).</strong></span> 
     </span>
    </p>
   </div>
   <div class='ocr_carea' id='block_1_36' title="bbox 517 3542 2105 3641">
    <p class='ocr_par' dir='ltr' id='par_1_36' title="bbox 517 3542 2105 3641">
     <span class='ocr_line' id='line_1_36' title="bbox 517 3542 2105 3641; baseline 0.017 -42"><span class='ocrx_word' id='word_1_295' title='bbox 517 3542 720 3599; x_wconf 64' lang='lat' dir='ltr'><strong>ludii-ia</strong></span> <span class='ocrx_word' id='word_1_296' title='bbox 742 3549 883 3604; x_wconf 85' lang='lat' dir='ltr'><strong>enim</strong></span> <span class='ocrx_word' id='word_1_297' title='bbox 909 3550 1001 3606; x_wconf 89' lang='lat' dir='ltr'><strong>Dei</strong></span> <span class='ocrx_word' id='word_1_298' title='bbox 1026 3553 1165 3609; x_wconf 89' lang='lat' dir='ltr'><strong>sicut</strong></span> <span class='ocrx_word' id='word_1_299' title='bbox 1185 3557 1354 3613; x_wconf 86' lang='lat' dir='ltr'><strong>multa</strong></span> <span class='ocrx_word' id='word_1_300' title='bbox 1374 3558 1599 3632; x_wconf 88' lang='lat' dir='ltr'><strong>abyssus</strong></span> <span class='ocrx_word' id='word_1_301' title='bbox 1624 3542 1795 3635; x_wconf 76' lang='lat' dir='ltr'><strong>(Psal.</strong></span> <span class='ocrx_word' id='word_1_302' title='bbox 1820 3542 1989 3635; x_wconf 53' lang='lat' dir='ltr'><strong>sxxv,</strong></span> <span class='ocrx_word' id='word_1_303' title='bbox 2008 3542 2105 3641; x_wconf 39' lang='lat'><strong>7),:</strong></span> 
     </span>
    </p>
   </div>
   <div class='ocr_carea' id='block_1_37' title="bbox 515 3638 2105 3729">
    <p class='ocr_par' dir='ltr' id='par_1_37' title="bbox 515 3638 2105 3729">
     <span class='ocr_line' id='line_1_37' title="bbox 515 3638 2105 3729; baseline 0.018 -41"><span class='ocrx_word' id='word_1_304' title='bbox 515 3645 568 3689; x_wconf 87' lang='lat' dir='ltr'><strong>et</strong></span> <span class='ocrx_word' id='word_1_305' title='bbox 586 3638 752 3705; x_wconf 87' lang='lat' dir='ltr'><strong>gratia</strong></span> <span class='ocrx_word' id='word_1_306' title='bbox 773 3639 889 3709; x_wconf 92' lang='lat' dir='ltr'><strong>ejus</strong></span> <span class='ocrx_word' id='word_1_307' title='bbox 909 3657 1013 3696; x_wconf 93' lang='lat' dir='ltr'><strong>non</strong></span> <span class='ocrx_word' id='word_1_308' title='bbox 1034 3658 1102 3699; x_wconf 83' lang='lat' dir='ltr'><strong>ex</strong></span> <span class='ocrx_word' id='word_1_309' title='bbox 1121 3647 1403 3716; x_wconf 89' lang='lat' dir='ltr'><strong>operibus;</strong></span> <span class='ocrx_word' id='word_1_310' title='bbox 1429 3651 1665 3722; x_wconf 88' lang='lat' dir='ltr'><strong>alioquin</strong></span> <span class='ocrx_word' id='word_1_311' title='bbox 1687 3657 1851 3725; x_wconf 89' lang='lat' dir='ltr'><strong>gratia</strong></span> <span class='ocrx_word' id='word_1_312' title='bbox 1865 3659 1976 3729; x_wconf 87' lang='lat' dir='ltr'><strong>jam</strong></span> <span class='ocrx_word' id='word_1_313' title='bbox 1998 3638 2105 3718; x_wconf 88' lang='lat' dir='ltr'><strong>non</strong></span> 
     </span>
    </p>
   </div>
   <div class='ocr_carea' id='block_1_38' title="bbox 514 3729 2107 3813">
    <p class='ocr_par' dir='ltr' id='par_1_38' title="bbox 514 3729 2107 3813">
     <span class='ocr_line' id='line_1_38' title="bbox 514 3729 2107 3813; baseline 0.018 -32"><span class='ocrx_word' id='word_1_314' title='bbox 514 3736 598 3781; x_wconf 86' lang='lat' dir='ltr'><strong>est</strong></span> <span class='ocrx_word' id='word_1_315' title='bbox 618 3729 782 3796; x_wconf 86' lang='lat' dir='ltr'><strong>gratia</strong></span> <span class='ocrx_word' id='word_1_316' title='bbox 806 3731 990 3800; x_wconf 83' lang='lat' dir='ltr'><strong>(Rom.</strong></span> <span class='ocrx_word' id='word_1_317' title='bbox 1014 3749 1089 3803; x_wconf 71' lang='lat' dir='ltr'><strong>xx,</strong></span> <span class='ocrx_word' id='word_1_318' title='bbox 1114 3736 1208 3808; x_wconf 88' lang='lat'><strong>6).</strong></span> <span class='ocrx_word' id='word_1_319' title='bbox 1238 3737 1433 3794; x_wconf 83' lang='lat' dir='ltr'><strong>Desine</strong></span> <span class='ocrx_word' id='word_1_320' title='bbox 1458 3742 1618 3813; x_wconf 88' lang='lat' dir='ltr'><strong>igitur</strong></span> <span class='ocrx_word' id='word_1_321' title='bbox 1640 3747 1925 3804; x_wconf 83' lang='lat' dir='ltr'><strong>conviciari</strong></span> <span class='ocrx_word' id='word_1_322' title='bbox 1950 3752 2107 3809; x_wconf 88' lang='lat' dir='ltr'><strong>nobis</strong></span> 
     </span>
    </p>
   </div>
   <div class='ocr_carea' id='block_1_39' title="bbox 512 3816 2105 3904">
    <p class='ocr_par' dir='ltr' id='par_1_39' title="bbox 512 3816 2105 3904">
     <span class='ocr_line' id='line_1_39' title="bbox 512 3816 2105 3904; baseline 0.019 -33"><span class='ocrx_word' id='word_1_323' title='bbox 512 3816 584 3873; x_wconf 92' lang='lat' dir='ltr'><strong>de</strong></span> <span class='ocrx_word' id='word_1_324' title='bbox 607 3818 899 3877; x_wconf 65' lang='lat' dir='ltr'><strong>Manichaee</strong></span> <span class='ocrx_word' id='word_1_325' title='bbox 921 3834 974 3879; x_wconf 90' lang='lat' dir='ltr'><strong>et</strong></span> <span class='ocrx_word' id='word_1_326' title='bbox 992 3824 1274 3885; x_wconf 79' lang='lat' dir='ltr'><strong>Joviniano</strong></span> <span class='ocrx_word' id='word_1_327' title='bbox 1299 3846 1314 3884; x_wconf 91' lang='lat'><strong>:</strong></span> <span class='ocrx_word' id='word_1_328' title='bbox 1338 3833 1531 3904; x_wconf 90' lang='lat' dir='ltr'><strong>quibus</strong></span> <span class='ocrx_word' id='word_1_329' title='bbox 1553 3837 1692 3893; x_wconf 90' lang='lat' dir='ltr'><strong>enim</strong></span> <span class='ocrx_word' id='word_1_330' title='bbox 1713 3841 2030 3900; x_wconf 89' lang='lat' dir='ltr'><strong>convicieris</strong></span> <span class='ocrx_word' id='word_1_331' title='bbox 2050 3844 2105 3901; x_wconf 88' lang='lat' dir='ltr'><strong>in</strong></span> 
     </span>
    </p>
   </div>
   <div class='ocr_carea' id='block_1_40' title="bbox 508 3910 2105 4007">
    <p class='ocr_par' dir='ltr' id='par_1_40' title="bbox 508 3910 2105 4007">
     <span class='ocr_line' id='line_1_40' title="bbox 508 3910 2105 4007; baseline 0.019 -44"><span class='ocrx_word' id='word_1_332' title='bbox 508 3910 669 3966; x_wconf 88' lang='lat' dir='ltr'><strong>nobis</strong></span> <span class='ocrx_word' id='word_1_333' title='bbox 685 3952 701 3978; x_wconf 95' lang='lat'><strong>,</strong></span> <span class='ocrx_word' id='word_1_334' title='bbox 730 3928 865 3983; x_wconf 90' lang='lat' dir='ltr'><strong>quos</strong></span> <span class='ocrx_word' id='word_1_335' title='bbox 890 3915 1158 3974; x_wconf 90' lang='lat' dir='ltr'><strong>subsecuti</strong></span> <span class='ocrx_word' id='word_1_336' title='bbox 1182 3935 1377 3993; x_wconf 88' lang='lat' dir='ltr'><strong>negare</strong></span> <span class='ocrx_word' id='word_1_337' title='bbox 1403 3938 1508 3980; x_wconf 91' lang='lat' dir='ltr'><strong>non</strong></span> <span class='ocrx_word' id='word_1_338' title='bbox 1538 3942 1823 3997; x_wconf 90' lang='lat' dir='ltr'><strong>possumus</strong></span> <span class='ocrx_word' id='word_1_339' title='bbox 1847 3934 2105 4007; x_wconf 80' lang='lat' dir='ltr'><strong>originale</strong></span> 
     </span>
    </p>
   </div>
   <div class='ocr_carea' id='block_1_41' title="bbox 508 4006 2105 4086">
    <p class='ocr_par' dir='ltr' id='par_1_41' title="bbox 508 4006 2105 4086">
     <span class='ocr_line' id='line_1_41' title="bbox 508 4006 2105 4086; baseline 0.019 -33"><span class='ocrx_word' id='word_1_340' title='bbox 508 4010 810 4071; x_wconf 88' lang='lat' dir='ltr'><strong>peccatum,</strong></span> <span class='ocrx_word' id='word_1_341' title='bbox 830 4006 1037 4064; x_wconf 91' lang='lat' dir='ltr'><strong>videres</strong></span> <span class='ocrx_word' id='word_1_342' title='bbox 1066 4010 1110 4065; x_wconf 90' lang='lat' dir='ltr'><strong>si</strong></span> <span class='ocrx_word' id='word_1_343' title='bbox 1136 4013 1317 4068; x_wconf 90' lang='lat' dir='ltr'><strong>oculos</strong></span> <span class='ocrx_word' id='word_1_344' title='bbox 1340 4015 1583 4086; x_wconf 88' lang='lat' dir='ltr'><strong>haberes,</strong></span> <span class='ocrx_word' id='word_1_345' title='bbox 1602 4028 1657 4076; x_wconf 91' lang='lat' dir='ltr'><strong>et</strong></span> <span class='ocrx_word' id='word_1_346' title='bbox 1675 4031 1879 4080; x_wconf 88' lang='lat' dir='ltr'><strong>tacercs</strong></span> <span class='ocrx_word' id='word_1_347' title='bbox 1897 4027 1940 4082; x_wconf 91' lang='lat' dir='ltr'><strong>si</strong></span> <span class='ocrx_word' id='word_1_348' title='bbox 1959 4026 2105 4084; x_wconf 83' lang='lat' dir='ltr'><strong>fron-</strong></span> 
     </span>
    </p>
   </div>
   <div class='ocr_carea' id='block_1_42' title="bbox 511 4091 2101 4178">
    <p class='ocr_par' dir='ltr' id='par_1_42' title="bbox 511 4091 2101 4178">
     <span class='ocr_line' id='line_1_42' title="bbox 511 4091 2101 4178; baseline 0.018 -33"><span class='ocrx_word' id='word_1_349' title='bbox 511 4099 621 4146; x_wconf 89' lang='lat' dir='ltr'><strong>tem</strong></span> <span class='ocrx_word' id='word_1_350' title='bbox 644 4091 888 4150; x_wconf 88' lang='lat' dir='ltr'><strong>haberes.</strong></span> <span class='ocrx_word' id='word_1_351' title='bbox 918 4097 1009 4153; x_wconf 90' lang='lat' dir='ltr'><strong>Sic</strong></span> <span class='ocrx_word' id='word_1_352' title='bbox 1032 4108 1208 4155; x_wconf 90' lang='lat' dir='ltr'><strong>autem</strong></span> <span class='ocrx_word' id='word_1_353' title='bbox 1234 4103 1592 4162; x_wconf 89' lang='lat' dir='ltr'><strong>calumniosus</strong></span> <span class='ocrx_word' id='word_1_354' title='bbox 1614 4124 1694 4178; x_wconf 91' lang='lat' dir='ltr'><strong>es,</strong></span> <span class='ocrx_word' id='word_1_355' title='bbox 1718 4121 1776 4166; x_wconf 91' lang='lat' dir='ltr'><strong>ut</strong></span> <span class='ocrx_word' id='word_1_356' title='bbox 1802 4113 1930 4170; x_wconf 89' lang='lat' dir='ltr'><strong>alibi</strong></span> <span class='ocrx_word' id='word_1_357' title='bbox 1951 4116 2101 4174; x_wconf 79' lang='lat' dir='ltr'><strong>amt:-</strong></span> 
     </span>
    </p>
   </div>
   <div class='ocr_carea' id='block_1_43' title="bbox 509 4188 2103 4278">
    <p class='ocr_par' dir='ltr' id='par_1_43' title="bbox 509 4188 2103 4278">
     <span class='ocr_line' id='line_1_43' title="bbox 509 4188 2103 4278; baseline 0.019 -39"><span class='ocrx_word' id='word_1_358' title='bbox 509 4199 690 4241; x_wconf 82' lang='lat' dir='ltr'><strong>tnasse</strong></span> <span class='ocrx_word' id='word_1_359' title='bbox 714 4202 802 4243; x_wconf 90' lang='lat' dir='ltr'><strong>me</strong></span> <span class='ocrx_word' id='word_1_360' title='bbox 829 4188 997 4258; x_wconf 86' lang='lat' dir='ltr'><strong>dicas,</strong></span> <span class='ocrx_word' id='word_1_361' title='bbox 1025 4206 1055 4246; x_wconf 91' lang='lat' dir='ltr'><strong>a</strong></span> <span class='ocrx_word' id='word_1_362' title='bbox 1082 4195 1312 4263; x_wconf 90' lang='lat' dir='ltr'><strong>peccatis</strong></span> <span class='ocrx_word' id='word_1_363' title='bbox 1336 4196 1606 4257; x_wconf 87' lang='lat' dir='ltr'><strong>hominem</strong></span> <span class='ocrx_word' id='word_1_364' title='bbox 1633 4221 1738 4277; x_wconf 89' lang='lat' dir='ltr'><strong>non</strong></span> <span class='ocrx_word' id='word_1_365' title='bbox 1766 4222 1924 4278; x_wconf 84' lang='lat' dir='ltr'><strong>posse</strong></span> <span class='ocrx_word' id='word_1_366' title='bbox 1947 4226 2103 4269; x_wconf 86' lang='lat' dir='ltr'><strong>mun-</strong></span> 
     </span>
    </p>
   </div>
   <div class='ocr_carea' id='block_1_44' title="bbox 511 4275 2096 4375">
    <p class='ocr_par' dir='ltr' id='par_1_44' title="bbox 511 4275 2096 4375">
     <span class='ocr_line' id='line_1_44' title="bbox 511 4275 2096 4375; baseline 0.02 -45"><span class='ocrx_word' id='word_1_367' title='bbox 511 4275 625 4332; x_wconf 90' lang='lat' dir='ltr'><strong>dari</strong></span> <span class='ocrx_word' id='word_1_368' title='bbox 656 4296 671 4334; x_wconf 90' lang='lat'><strong>:</strong></span> <span class='ocrx_word' id='word_1_369' title='bbox 696 4293 817 4335; x_wconf 89' lang='lat' dir='ltr'><strong>cum</strong></span> <span class='ocrx_word' id='word_1_370' title='bbox 848 4281 919 4337; x_wconf 87' lang='lat' dir='ltr'><strong>ita</strong></span> <span class='ocrx_word' id='word_1_371' title='bbox 947 4282 1119 4340; x_wconf 90' lang='lat' dir='ltr'><strong>dicam</strong></span> <span class='ocrx_word' id='word_1_372' title='bbox 1146 4302 1323 4357; x_wconf 87' lang='lat' dir='ltr'><strong>posse,</strong></span> <span class='ocrx_word' id='word_1_373' title='bbox 1352 4300 1409 4346; x_wconf 92' lang='lat' dir='ltr'><strong>ut</strong></span> <span class='ocrx_word' id='word_1_374' title='bbox 1432 4307 1498 4349; x_wconf 89' lang='lat' dir='ltr'><strong>eo</strong></span> <span class='ocrx_word' id='word_1_375' title='bbox 1521 4310 1731 4372; x_wconf 90' lang='lat' dir='ltr'><strong>quoque</strong></span> <span class='ocrx_word' id='word_1_376' title='bbox 1756 4275 2096 4375; x_wconf 76' lang='lat' dir='ltr'><strong>perducatur,</strong></span> 
     </span>
    </p>
   </div>
   <div class='ocr_carea' id='block_1_45' title="bbox 511 4368 1565 4454">
    <p class='ocr_par' dir='ltr' id='par_1_45' title="bbox 511 4368 1565 4454">
     <span class='ocr_line' id='line_1_45' title="bbox 511 4368 1565 4454; baseline 0.017 -32"><span class='ocrx_word' id='word_1_377' title='bbox 511 4368 599 4424; x_wconf 90' lang='lat' dir='ltr'><strong>ubi</strong></span> <span class='ocrx_word' id='word_1_378' title='bbox 629 4368 964 4429; x_wconf 85' lang='lat' dir='ltr'><strong>beatissimus</strong></span> <span class='ocrx_word' id='word_1_379' title='bbox 996 4391 1217 4446; x_wconf 88' lang='lat' dir='ltr'><strong>peccare</strong></span> <span class='ocrx_word' id='word_1_380' title='bbox 1246 4397 1349 4438; x_wconf 91' lang='lat' dir='ltr'><strong>non</strong></span> <span class='ocrx_word' id='word_1_381' title='bbox 1377 4386 1565 4454; x_wconf 88' lang='lat' dir='ltr'><strong>possit.</strong></span> 
     </span>
    </p>
   </div>
   <div class='ocr_carea' id='block_1_46' title="bbox 579 4461 2099 4553">
    <p class='ocr_par' dir='ltr' id='par_1_46' title="bbox 579 4461 2099 4553">
     <span class='ocr_line' id='line_1_46' title="bbox 579 4461 2099 4553; baseline 0.019 -35"><span class='ocrx_word' id='word_1_382' title='bbox 579 4461 767 4520; x_wconf 79' lang='lat' dir='ltr'><strong>XCIX.</strong></span> <span class='ocrx_word' id='word_1_383' title='bbox 799 4466 920 4522; x_wconf 65' lang='lat' dir='ltr'><strong>Jun.</strong></span> <span class='ocrx_word' id='word_1_384' title='bbox 947 4468 1101 4526; x_wconf 87' lang='lat' dir='ltr'><strong>Nunc</strong></span> <span class='ocrx_word' id='word_1_385' title='bbox 1119 4482 1296 4530; x_wconf 90' lang='lat' dir='ltr'><strong>autem</strong></span> <span class='ocrx_word' id='word_1_386' title='bbox 1318 4478 1565 4536; x_wconf 91' lang='lat' dir='ltr'><strong>omnibus</strong></span> <span class='ocrx_word' id='word_1_387' title='bbox 1588 4482 1840 4553; x_wconf 81' lang='lat' dir='ltr'><strong>perfidus,</strong></span> <span class='ocrx_word' id='word_1_388' title='bbox 1864 4486 2000 4544; x_wconf 88' lang='lat' dir='ltr'><strong>dicis</strong></span> <span class='ocrx_word' id='word_1_389' title='bbox 2020 4488 2099 4547; x_wconf 86' lang='lat' dir='ltr'><strong>fa-</strong></span> 
     </span>
    </p>
   </div>
   <div class='ocr_carea' id='block_1_47' title="bbox 505 4556 1833 4635">
    <p class='ocr_par' dir='ltr' id='par_1_47' title="bbox 505 4556 1833 4635">
     <span class='ocr_line' id='line_1_47' title="bbox 505 4556 1833 4635; baseline 0.018 -27"><span class='ocrx_word' id='word_1_390' title='bbox 505 4564 648 4609; x_wconf 88' lang='lat' dir='ltr'><strong>ctam</strong></span> <span class='ocrx_word' id='word_1_391' title='bbox 672 4556 726 4611; x_wconf 89' lang='lat' dir='ltr'><strong>in</strong></span> <span class='ocrx_word' id='word_1_392' title='bbox 755 4566 942 4614; x_wconf 88' lang='lat' dir='ltr'><strong>natura</strong></span> <span class='ocrx_word' id='word_1_393' title='bbox 973 4564 1171 4631; x_wconf 88' lang='lat' dir='ltr'><strong>carnis,</strong></span> <span class='ocrx_word' id='word_1_394' title='bbox 1203 4568 1404 4635; x_wconf 89' lang='lat' dir='ltr'><strong>peccati</strong></span> <span class='ocrx_word' id='word_1_395' title='bbox 1431 4573 1833 4632; x_wconf 88' lang='lat' dir='ltr'><strong>necessitatem.</strong></span> 
     </span>
    </p>
   </div>
   <div class='ocr_carea' id='block_1_48' title="bbox 578 4647 2096 4731">
    <p class='ocr_par' dir='ltr' id='par_1_48' title="bbox 578 4647 2096 4731">
     <span class='ocr_line' id='line_1_48' title="bbox 578 4647 2096 4731; baseline 0.018 -29"><span class='ocrx_word' id='word_1_396' title='bbox 578 4647 716 4705; x_wconf 79' lang='lat' dir='ltr'><strong>Anc.</strong></span> <span class='ocrx_word' id='word_1_397' title='bbox 757 4649 836 4707; x_wconf 85' lang='lat' dir='ltr'><strong>Tu</strong></span> <span class='ocrx_word' id='word_1_398' title='bbox 863 4669 995 4725; x_wconf 88' lang='lat' dir='ltr'><strong>nega</strong></span> <span class='ocrx_word' id='word_1_399' title='bbox 1023 4655 1224 4714; x_wconf 83' lang='lat' dir='ltr'><strong>dixisse</strong></span> <span class='ocrx_word' id='word_1_400' title='bbox 1248 4660 1584 4731; x_wconf 86' lang='lat' dir='ltr'><strong>Apostolum,</strong></span> <span class='ocrx_word' id='word_1_401' title='bbox 1615 4665 1741 4722; x_wconf 82' lang='lat' dir='ltr'><strong>Cum</strong></span> <span class='ocrx_word' id='word_1_402' title='bbox 1763 4671 1935 4726; x_wconf 80' lang='lat' dir='ltr'><strong>essetis</strong></span> <span class='ocrx_word' id='word_1_403' title='bbox 1964 4676 2096 4730; x_wconf 76' lang='lat' dir='ltr'><strong>servi</strong></span> 
     </span>
    </p>
   </div>
   <div class='ocr_carea' id='block_1_49' title="bbox 506 4739 2093 4823">
    <p class='ocr_par' dir='ltr' id='par_1_49' title="bbox 506 4739 2093 4823">
     <span class='ocr_line' id='line_1_49' title="bbox 506 4739 2093 4823; baseline 0.022 -34"><span class='ocrx_word' id='word_1_404' title='bbox 506 4739 718 4807; x_wconf 77' lang='lat' dir='ltr'><strong>peccati,</strong></span> <span class='ocrx_word' id='word_1_405' title='bbox 750 4740 894 4797; x_wconf 80' lang='lat' dir='ltr'><strong>liberi</strong></span> <span class='ocrx_word' id='word_1_406' title='bbox 919 4744 1088 4814; x_wconf 79' lang='lat' dir='ltr'><strong>fuistis</strong></span> <span class='ocrx_word' id='word_1_407' title='bbox 1103 4751 1337 4820; x_wconf 71' lang='lat' dir='ltr'><strong>justitiw.</strong></span> <span class='ocrx_word' id='word_1_408' title='bbox 1367 4754 1472 4809; x_wconf 86' lang='lat' dir='ltr'><strong>Aut</strong></span> <span class='ocrx_word' id='word_1_409' title='bbox 1500 4758 1548 4812; x_wconf 97' lang='lat' dir='ltr'><strong>si</strong></span> <span class='ocrx_word' id='word_1_410' title='bbox 1577 4759 1678 4815; x_wconf 89' lang='lat' dir='ltr'><strong>hoc</strong></span> <span class='ocrx_word' id='word_1_411' title='bbox 1705 4759 1773 4816; x_wconf 86' lang='lat' dir='ltr'><strong>ab</strong></span> <span class='ocrx_word' id='word_1_412' title='bbox 1800 4778 1866 4820; x_wconf 88' lang='lat' dir='ltr'><strong>eo</strong></span> <span class='ocrx_word' id='word_1_413' title='bbox 1890 4763 2093 4823; x_wconf 82' lang='lat' dir='ltr'><strong>dictum</strong></span> 
     </span>
    </p>
   </div>
   <div class='ocr_carea' id='block_1_50' title="bbox 504 4843 2091 4928">
    <p class='ocr_par' dir='ltr' id='par_1_50' title="bbox 504 4843 2091 4928">
     <span class='ocr_line' id='line_1_50' title="bbox 504 4843 2091 4928; baseline 0.022 -47"><span class='ocrx_word' id='word_1_414' title='bbox 504 4843 628 4883; x_wconf 88' lang='lat' dir='ltr'><strong>esse</strong></span> <span class='ocrx_word' id='word_1_415' title='bbox 657 4846 762 4885; x_wconf 87' lang='lat' dir='ltr'><strong>nun</strong></span> <span class='ocrx_word' id='word_1_416' title='bbox 800 4848 961 4905; x_wconf 85' lang='lat' dir='ltr'><strong>negas</strong></span> <span class='ocrx_word' id='word_1_417' title='bbox 980 4876 994 4901; x_wconf 90' lang='lat'><strong>,</strong></span> <span class='ocrx_word' id='word_1_418' title='bbox 1026 4853 1132 4895; x_wconf 91' lang='lat' dir='ltr'><strong>non</strong></span> <span class='ocrx_word' id='word_1_419' title='bbox 1162 4856 1283 4897; x_wconf 89' lang='lat' dir='ltr'><strong>eum</strong></span> <span class='ocrx_word' id='word_1_420' title='bbox 1313 4855 1460 4903; x_wconf 90' lang='lat' dir='ltr'><strong>recte</strong></span> <span class='ocrx_word' id='word_1_421' title='bbox 1500 4848 1701 4909; x_wconf 78' lang='lat' dir='ltr'><strong>dixisse</strong></span> <span class='ocrx_word' id='word_1_422' title='bbox 1726 4854 2003 4928; x_wconf 81' lang='lat' dir='ltr'><strong>redargue.</strong></span> <span class='ocrx_word' id='word_1_423' title='bbox 2034 4859 2091 4917; x_wconf 85' lang='lat' dir='ltr'><strong>Si</strong></span> 
     </span>
    </p>
   </div>
   <div class='ocr_carea' id='block_1_51' title="bbox 505 4926 2087 5017">
    <p class='ocr_par' dir='ltr' id='par_1_51' title="bbox 505 4926 2087 5017">
     <span class='ocr_line' id='line_1_51' title="bbox 505 4926 2087 5017; baseline 0.023 -45"><span class='ocrx_word' id='word_1_424' title='bbox 505 4929 682 4977; x_wconf 88' lang='lat' dir='ltr'><strong>autem</strong></span> <span class='ocrx_word' id='word_1_425' title='bbox 702 4938 807 4979; x_wconf 91' lang='lat' dir='ltr'><strong>non</strong></span> <span class='ocrx_word' id='word_1_426' title='bbox 829 4926 1011 4995; x_wconf 87' lang='lat' dir='ltr'><strong>audes,</strong></span> <span class='ocrx_word' id='word_1_427' title='bbox 1040 4946 1196 5003; x_wconf 86' lang='lat' dir='ltr'><strong>nega,</strong></span> <span class='ocrx_word' id='word_1_428' title='bbox 1219 4935 1263 4990; x_wconf 90' lang='lat' dir='ltr'><strong>si</strong></span> <span class='ocrx_word' id='word_1_429' title='bbox 1289 4946 1467 5007; x_wconf 91' lang='lat' dir='ltr'><strong>potes,</strong></span> <span class='ocrx_word' id='word_1_430' title='bbox 1492 4956 1587 4998; x_wconf 89' lang='lat' dir='ltr'><strong>eos</strong></span> <span class='ocrx_word' id='word_1_431' title='bbox 1610 4946 1802 5015; x_wconf 86' lang='lat' dir='ltr'><strong>quibus</strong></span> <span class='ocrx_word' id='word_1_432' title='bbox 1824 4926 1924 5005; x_wconf 75' lang='lat' dir='ltr'><strong>hoc</strong></span> <span class='ocrx_word' id='word_1_433' title='bbox 1941 4950 2087 5017; x_wconf 89' lang='lat' dir='ltr'><strong>dicit,</strong></span> 
     </span>
    </p>
   </div>
   <div class='ocr_carea' id='block_1_52' title="bbox 504 5010 2079 5109">
    <p class='ocr_par' dir='ltr' id='par_1_52' title="bbox 504 5010 2079 5109">
     <span class='ocr_line' id='line_1_52' title="bbox 504 5010 2079 5109; baseline 0.02 -42"><span class='ocrx_word' id='word_1_434' title='bbox 504 5010 754 5071; x_wconf 84' lang='lat' dir='ltr'><strong>habuisse</strong></span> <span class='ocrx_word' id='word_1_435' title='bbox 793 5016 846 5073; x_wconf 90' lang='lat' dir='ltr'><strong>in</strong></span> <span class='ocrx_word' id='word_1_436' title='bbox 876 5021 1029 5078; x_wconf 90' lang='lat' dir='ltr'><strong>malis</strong></span> <span class='ocrx_word' id='word_1_437' title='bbox 1061 5022 1280 5082; x_wconf 86' lang='lat' dir='ltr'><strong>liberam</strong></span> <span class='ocrx_word' id='word_1_438' title='bbox 1306 5031 1631 5089; x_wconf 87' lang='lat' dir='ltr'><strong>voluntatem</strong></span> <span class='ocrx_word' id='word_1_439' title='bbox 1657 5078 1672 5103; x_wconf 92' lang='lat'><strong>,</strong></span> <span class='ocrx_word' id='word_1_440' title='bbox 1698 5041 1912 5109; x_wconf 83' lang='lat' dir='ltr'><strong>quando</strong></span> <span class='ocrx_word' id='word_1_441' title='bbox 1957 5041 2079 5100; x_wconf 86' lang='lat' dir='ltr'><strong>fue-</strong></span> 
     </span>
    </p>
   </div>
   <div class='ocr_carea' id='block_1_53' title="bbox 503 5102 2084 5201">
    <p class='ocr_par' dir='ltr' id='par_1_53' title="bbox 503 5102 2084 5201">
     <span class='ocr_line' id='line_1_53' title="bbox 503 5102 2084 5201; baseline 0.023 -47"><span class='ocrx_word' id='word_1_442' title='bbox 503 5111 631 5157; x_wconf 87' lang='lat' dir='ltr'><strong>runt</strong></span> <span class='ocrx_word' id='word_1_443' title='bbox 660 5102 808 5160; x_wconf 89' lang='lat' dir='ltr'><strong>liberi</strong></span> <span class='ocrx_word' id='word_1_444' title='bbox 833 5107 1053 5175; x_wconf 69' lang='lat' dir='ltr'><strong>justitiae</strong></span> <span class='ocrx_word' id='word_1_445' title='bbox 1083 5130 1098 5166; x_wconf 82' lang='lat'><strong>:</strong></span> <span class='ocrx_word' id='word_1_446' title='bbox 1129 5126 1219 5171; x_wconf 89' lang='lat' dir='ltr'><strong>aut</strong></span> <span class='ocrx_word' id='word_1_447' title='bbox 1247 5117 1498 5178; x_wconf 76' lang='lat' dir='ltr'><strong>habuisse</strong></span> <span class='ocrx_word' id='word_1_448' title='bbox 1525 5124 1547 5157; x_wconf 79' lang='grc' dir='ltr'><strong><em>ι</em></strong></span> <span class='ocrx_word' id='word_1_449' title='bbox 1573 5102 1795 5183; x_wconf 74' lang='lat' dir='ltr'><strong>liberam</strong></span> <span class='ocrx_word' id='word_1_450' title='bbox 1827 5130 1877 5184; x_wconf 92' lang='lat' dir='ltr'><strong>in</strong></span> <span class='ocrx_word' id='word_1_451' title='bbox 1907 5131 2084 5201; x_wconf 85' lang='lat' dir='ltr'><strong>bonis,</strong></span> 
     </span>
    </p>
   </div>
   <div class='ocr_carea' id='block_1_54' title="bbox 504 5195 2086 5285">
    <p class='ocr_par' dir='ltr' id='par_1_54' title="bbox 504 5195 2086 5285">
     <span class='ocr_line' id='line_1_54' title="bbox 504 5195 2086 5285; baseline 0.023 -38"><span class='ocrx_word' id='word_1_452' title='bbox 504 5195 720 5263; x_wconf 81' lang='lat' dir='ltr'><strong>quando</strong></span> <span class='ocrx_word' id='word_1_453' title='bbox 742 5195 953 5257; x_wconf 85' lang='lat' dir='ltr'><strong>fuerunt</strong></span> <span class='ocrx_word' id='word_1_454' title='bbox 975 5206 1114 5260; x_wconf 84' lang='lat' dir='ltr'><strong>servi</strong></span> <span class='ocrx_word' id='word_1_455' title='bbox 1142 5212 1347 5279; x_wconf 88' lang='lat' dir='ltr'><strong>peccati</strong></span> <span class='ocrx_word' id='word_1_456' title='bbox 1378 5231 1391 5266; x_wconf 88' lang='lat'><strong>:</strong></span> <span class='ocrx_word' id='word_1_457' title='bbox 1422 5224 1474 5270; x_wconf 91' lang='lat' dir='ltr'><strong>ct</strong></span> <span class='ocrx_word' id='word_1_458' title='bbox 1498 5217 1567 5273; x_wconf 89' lang='lat' dir='ltr'><strong>ab</strong></span> <span class='ocrx_word' id='word_1_459' title='bbox 1590 5217 1689 5275; x_wconf 89' lang='lat' dir='ltr'><strong>hac</strong></span> <span class='ocrx_word' id='word_1_460' title='bbox 1710 5225 1964 5281; x_wconf 86' lang='lat' dir='ltr'><strong>servitute</strong></span> <span class='ocrx_word' id='word_1_461' title='bbox 1989 5195 2086 5285; x_wconf 79' lang='lat' dir='ltr'><strong>eos</strong></span> 
     </span>
    </p>
   </div>
   <div class='ocr_carea' id='block_1_55' title="bbox 564 5305 1987 5399">
    <p class='ocr_par' dir='ltr' id='par_1_55' title="bbox 564 5305 1987 5399">
     <span class='ocr_line' id='line_1_55' title="bbox 564 5305 1987 5399; baseline 0.026 -47"><span class='ocrx_word' id='word_1_462' title='bbox 564 5305 584 5399; x_wconf 58' lang='grc' dir='ltr'>ξ</span> <span class='ocrx_word' id='word_1_463' title='bbox 608 5305 1526 5399; x_wconf 35' lang='grc' dir='ltr'><strong>Μφμξοθειίεθηων</strong></span> <span class='ocrx_word' id='word_1_464' title='bbox 1540 5329 1598 5379; x_wconf 90' lang='lat' dir='ltr'><strong>ad</strong></span> <span class='ocrx_word' id='word_1_465' title='bbox 1621 5335 1987 5399; x_wconf 74' lang='lat' dir='ltr'><strong>manuscriptos.</strong></span> 
     </span>
    </p>
   </div>
   <div class='ocr_carea' id='block_1_56' title="bbox 563 5369 1237 5435">
    <p class='ocr_par' dir='ltr' id='par_1_56' title="bbox 563 5369 1237 5435">
     <span class='ocr_line' id='line_1_56' title="bbox 563 5369 1237 5435; baseline 0.027 -21"><span class='ocrx_word' id='word_1_466' title='bbox 563 5369 584 5435; x_wconf 68' lang='grc' dir='ltr'><strong>ξ</strong></span> <span class='ocrx_word' id='word_1_467' title='bbox 611 5369 901 5435; x_wconf 70' lang='lat' dir='ltr'><strong>vignierius.</strong></span> <span class='ocrx_word' id='word_1_468' title='bbox 923 5387 1237 5435; x_wconf 82' lang='lat' dir='ltr'><strong>sacramento.</strong></span> 
     </span>
    </p>
   </div>
   <div class='ocr_carea' id='block_1_57' title="bbox 500 5430 2079 5522">
    <p class='ocr_par' dir='ltr' id='par_1_57' title="bbox 500 5430 2079 5522">
     <span class='ocr_line' id='line_1_57' title="bbox 500 5430 2079 5522; baseline -0.005 0"><span class='ocrx_word' id='word_1_469' title='bbox 563 5430 1376 5522; x_wconf 56' lang='grc' dir='ltr'><strong>’.ἓὲ’“ἓξξ¹ὶ¹⁸ν.ᾲί1².⁰⁴ἕε¹ίὲξίξίῖίαωέεε</strong></span> <span class='ocrx_word' id='word_1_470' title='bbox 1391 5449 1678 5522; x_wconf 45' lang='lat' dir='ltr'><strong>&quot;animus,</strong></span> <span class='ocrx_word' id='word_1_471' title='bbox 1695 5453 1745 5522; x_wconf 67' lang='lat' dir='ltr'><strong>in</strong></span> 
     </span>
    </p>
   </div>
   <div class='ocr_carea' id='block_1_58' title="bbox 500 5493 2084 5575">
    <p class='ocr_par' dir='ltr' id='par_1_58' title="bbox 500 5493 2084 5575">
     <span class='ocr_line' id='line_1_58' title="bbox 500 5493 2084 5575; baseline 0.025 -38"><span class='ocrx_word' id='word_1_472' title='bbox 860 5493 987 5575; x_wconf 1' lang='lat' dir='ltr'><strong>star.)</strong></span> <span class='ocrx_word' id='word_1_473' title='bbox 1001 5509 1052 5551; x_wconf 92' lang='lat' dir='ltr'><strong>et</strong></span> <span class='ocrx_word' id='word_1_474' title='bbox 1081 5493 1227 5565; x_wconf 71' lang='lat' dir='ltr'><strong>t&#39;ort.,</strong></span> 
     </span>
    </p>
   </div>
   <div class='ocr_carea' id='block_1_59' title="bbox 497 5557 1335 5638">
    <p class='ocr_par' dir='ltr' id='par_1_59' title="bbox 497 5557 1335 5638">
     <span class='ocr_line' id='line_1_59' title="bbox 497 5557 1335 5638; baseline 0.024 -38"><span class='ocrx_word' id='word_1_475' title='bbox 497 5557 951 5638; x_wconf 46' lang='lat' dir='ltr'><strong>usps‘estiqlianus</strong></span> <span class='ocrx_word' id='word_1_476' title='bbox 970 5574 1131 5636; x_wconf 55' lang='lat' dir='ltr'><strong>supra,</strong></span> <span class='ocrx_word' id='word_1_477' title='bbox 1156 5557 1269 5638; x_wconf 56' lang='lat' dir='ltr'><strong>cap.</strong></span> <span class='ocrx_word' id='word_1_478' title='bbox 1291 5571 1335 5619; x_wconf 87' lang='lat' dir='ltr'><strong>l.</strong></span> 
     </span>
    </p>
   </div>
   <div class='ocr_carea' id='block_1_60' title="bbox 561 5613 2078 5708">
    <p class='ocr_par' dir='ltr' id='par_1_60' title="bbox 561 5613 2078 5708">
     <span class='ocr_line' id='line_1_60' title="bbox 561 5613 2078 5708; baseline -0.001 0"><span class='ocrx_word' id='word_1_479' title='bbox 561 5613 2078 5708; x_wconf 45' lang='lat' dir='ltr'><strong>3321?”:‘L&#39;adﬂtieimiaiiﬁeakavemrwuungixignimus.</strong></span> 
     </span>
    </p>
   </div>
   <div class='ocr_carea' id='block_1_61' title="bbox 500 5672 2082 5765">
    <p class='ocr_par' dir='ltr' id='par_1_61' title="bbox 500 5672 2082 5765">
     <span class='ocr_line' id='line_1_61' title="bbox 642 5672 2078 5708; baseline 0.02 -40"><span class='ocrx_word' id='word_1_480' title='bbox 642 5675 651 5685; x_wconf 41' lang='grc' dir='ltr'>ι</span> <span class='ocrx_word' id='word_1_481' title='bbox 725 5679 733 5687; x_wconf 37' lang='grc'><strong>1</strong></span> <span class='ocrx_word' id='word_1_482' title='bbox 826 5680 837 5692; x_wconf 75' lang='lat'><em>_</em></span> <span class='ocrx_word' id='word_1_483' title='bbox 861 5672 888 5694; x_wconf 45' lang='grc' dir='ltr'><strong>,ο</strong></span> <span class='ocrx_word' id='word_1_484' title='bbox 1140 5672 1352 5692; x_wconf 54' lang='grc' dir='ltr'><strong>-,ν.---ν..ν</strong></span> <span class='ocrx_word' id='word_1_485' title='bbox 1366 5672 1469 5691; x_wconf 53' lang='lat' dir='ltr'><strong>up...</strong></span> <span class='ocrx_word' id='word_1_486' title='bbox 1485 5672 1528 5687; x_wconf 77' lang='grc' dir='ltr'><strong>,ν</strong></span> <span class='ocrx_word' id='word_1_487' title='bbox 1544 5672 1784 5704; x_wconf 66' lang='grc' dir='ltr'><strong>ινιυιυιεμ.</strong></span> <span class='ocrx_word' id='word_1_488' title='bbox 1798 5672 2078 5708; x_wconf 53' lang='lat' dir='ltr'><strong>&quot;summa,</strong></span> 
     </span>
     <span class='ocr_line' id='line_1_62' title="bbox 500 5672 2082 5765; baseline 0.024 -41"><span class='ocrx_word' id='word_1_489' title='bbox 986 5699 1052 5765; x_wconf 41' lang='lat' dir='ltr'><strong>in</strong></span> <span class='ocrx_word' id='word_1_490' title='bbox 1090 5702 1149 5739; x_wconf 87' lang='lat' dir='ltr'><strong>ea</strong></span> <span class='ocrx_word' id='word_1_491' title='bbox 1171 5700 1308 5755; x_wconf 82' lang='lat' dir='ltr'><strong>parte</strong></span> <span class='ocrx_word' id='word_1_492' title='bbox 1330 5696 1570 5762; x_wconf 75' lang='lat' dir='ltr'><strong>conjungi.</strong></span> <span class='ocrx_word' id='word_1_493' title='bbox 1599 5708 1652 5752; x_wconf 82' lang='lat' dir='ltr'><strong>At</strong></span> <span class='ocrx_word' id='word_1_494' title='bbox 1677 5712 1802 5765; x_wconf 44' lang='lat' dir='ltr'><strong>llas”</strong></span> <span class='ocrx_word' id='word_1_495' title='bbox 1835 5705 2082 5761; x_wconf 72' lang='lat' dir='ltr'><strong>Jminiano</strong></span> 
     </span>
    </p>
   </div>
   <div class='ocr_carea' id='block_1_62' title="bbox 496 5746 1041 5811">
    <p class='ocr_par' dir='ltr' id='par_1_62' title="bbox 496 5746 1041 5811">
     <span class='ocr_line' id='line_1_63' title="bbox 496 5746 1041 5811; baseline 0.026 -27"><span class='ocrx_word' id='word_1_496' title='bbox 496 5746 545 5789; x_wconf 70' lang='lat' dir='ltr'><strong>tu</strong></span> <span class='ocrx_word' id='word_1_497' title='bbox 560 5752 625 5811; x_wconf 53' lang='lat' dir='ltr'><strong>gn</strong></span> <span class='ocrx_word' id='word_1_498' title='bbox 647 5747 782 5801; x_wconf 67' lang='lat' dir='ltr'><strong>parte</strong></span> <span class='ocrx_word' id='word_1_499' title='bbox 805 5746 1041 5811; x_wconf 70' lang='lat' dir='ltr'><strong>coniungi.</strong></span> 
     </span>
    </p>
   </div>
   <div class='ocr_carea' id='block_1_63' title="bbox 558 5801 1175 5866">
    <p class='ocr_par' dir='ltr' id='par_1_63' title="bbox 558 5801 1175 5866">
     <span class='ocr_line' id='line_1_64' title="bbox 558 5801 1175 5866; baseline 0.031 -18"><span class='ocrx_word' id='word_1_500' title='bbox 558 5803 578 5831; x_wconf 81' lang='grc'><strong><em>⁵</em></strong></span> <span class='ocrx_word' id='word_1_501' title='bbox 604 5809 758 5865; x_wconf 80' lang='lat' dir='ltr'><strong>t-‘orte,</strong></span> <span class='ocrx_word' id='word_1_502' title='bbox 779 5801 938 5859; x_wconf 52' lang='lat' dir='ltr'><strong>assere</strong></span> <span class='ocrx_word' id='word_1_503' title='bbox 959 5801 1175 5866; x_wconf 60' lang='lat' dir='ltr'><strong>habuisse</strong></span> 
     </span>
    </p>
   </div>
   <div class='ocr_carea' id='block_1_64' title="bbox 1249 336 3161 417">
    <p class='ocr_par' dir='ltr' id='par_1_64' title="bbox 1249 336 3161 417">
     <span class='ocr_line' id='line_1_65' title="bbox 1249 336 3161 417; baseline 0.01 -21"><span class='ocrx_word' id='word_1_504' title='bbox 1249 336 1494 396; x_wconf 70' lang='grc' dir='ltr'><strong>οΗεωε</strong></span> <span class='ocrx_word' id='word_1_505' title='bbox 1531 337 1939 397; x_wconf 69' lang='grc' dir='ltr'><strong>ΙΜΡΕΒΕΕΕΤΙ</strong></span> <span class='ocrx_word' id='word_1_506' title='bbox 1972 339 2245 399; x_wconf 75' lang='lat' dir='ltr'><strong>CONTRA</strong></span> <span class='ocrx_word' id='word_1_507' title='bbox 2283 341 2647 417; x_wconf 74' lang='lat' dir='ltr'><strong>IULIANUM,</strong></span> <span class='ocrx_word' id='word_1_508' title='bbox 2687 349 2747 407; x_wconf 89' lang='lat' dir='ltr'><strong>S.</strong></span> <span class='ocrx_word' id='word_1_509' title='bbox 2788 351 3161 414; x_wconf 70' lang='lat' dir='ltr'><strong>AUGUS’l‘lNl</strong></span> 
     </span>
    </p>
   </div>
   <div class='ocr_carea' id='block_1_65' title="bbox 2227 457 3804 545">
    <p class='ocr_par' dir='ltr' id='par_1_65' title="bbox 2227 457 3804 545">
     <span class='ocr_line' id='line_1_66' title="bbox 2227 457 3804 545; baseline 0.016 -35"><span class='ocrx_word' id='word_1_510' title='bbox 2227 457 2366 514; x_wconf 90' lang='lat' dir='ltr'><strong>aude</strong></span> <span class='ocrx_word' id='word_1_511' title='bbox 2386 457 2570 517; x_wconf 85' lang='lat' dir='ltr'><strong>dicere</strong></span> <span class='ocrx_word' id='word_1_512' title='bbox 2604 477 2703 534; x_wconf 88' lang='lat' dir='ltr'><strong>per</strong></span> <span class='ocrx_word' id='word_1_513' title='bbox 2728 479 2789 522; x_wconf 89' lang='lat' dir='ltr'><strong>se</strong></span> <span class='ocrx_word' id='word_1_514' title='bbox 2817 467 2961 538; x_wconf 88' lang='lat' dir='ltr'><strong>ipsos</strong></span> <span class='ocrx_word' id='word_1_515' title='bbox 2981 511 2996 535; x_wconf 92' lang='lat'><strong>,</strong></span> <span class='ocrx_word' id='word_1_516' title='bbox 3030 484 3135 527; x_wconf 90' lang='lat' dir='ltr'><strong>non</strong></span> <span class='ocrx_word' id='word_1_517' title='bbox 3168 485 3263 542; x_wconf 91' lang='lat' dir='ltr'><strong>per</strong></span> <span class='ocrx_word' id='word_1_518' title='bbox 3289 471 3382 530; x_wconf 84' lang='lat' dir='ltr'><strong>Del</strong></span> <span class='ocrx_word' id='word_1_519' title='bbox 3411 476 3635 545; x_wconf 79' lang='lat' dir='ltr'><strong>gratiam</strong></span> <span class='ocrx_word' id='word_1_520' title='bbox 3669 478 3804 536; x_wconf 86' lang='lat' dir='ltr'><strong>libe-</strong></span> 
     </span>
    </p>
   </div>
   <div class='ocr_carea' id='block_1_66' title="bbox 2223 554 3800 641">
    <p class='ocr_par' dir='ltr' id='par_1_66' title="bbox 2223 554 3800 641">
     <span class='ocr_line' id='line_1_67' title="bbox 2223 554 3800 641; baseline 0.014 -35"><span class='ocrx_word' id='word_1_521' title='bbox 2223 558 2402 617; x_wconf 82' lang='lat' dir='ltr'><strong>ratos,</strong></span> <span class='ocrx_word' id='word_1_522' title='bbox 2432 554 2626 623; x_wconf 85' lang='lat' dir='ltr'><strong>quibus</strong></span> <span class='ocrx_word' id='word_1_523' title='bbox 2660 555 2875 626; x_wconf 89' lang='lat' dir='ltr'><strong>dicitur,</strong></span> <span class='ocrx_word' id='word_1_524' title='bbox 2904 558 2960 614; x_wconf 86' lang='grc' dir='ltr'><strong><em>Ν</em></strong></span> <span class='ocrx_word' id='word_1_525' title='bbox 2964 576 3061 615; x_wconf 80' lang='lat' dir='ltr'><strong>unc</strong></span> <span class='ocrx_word' id='word_1_526' title='bbox 3084 571 3250 617; x_wconf 76' lang='lat' dir='ltr'><strong>autem</strong></span> <span class='ocrx_word' id='word_1_527' title='bbox 3274 564 3471 621; x_wconf 79' lang='lat' dir='ltr'><strong>liberati</strong></span> <span class='ocrx_word' id='word_1_528' title='bbox 3494 583 3527 622; x_wconf 87' lang='lat' dir='ltr'><strong>a</strong></span> <span class='ocrx_word' id='word_1_529' title='bbox 3556 582 3762 640; x_wconf 77' lang='lat' dir='ltr'><strong>peccato</strong></span> <span class='ocrx_word' id='word_1_530' title='bbox 3781 612 3800 641; x_wconf 91' lang='lat'><strong>,</strong></span> 
     </span>
    </p>
   </div>
   <div class='ocr_carea' id='block_1_67' title="bbox 2223 643 3802 731">
    <p class='ocr_par' dir='ltr' id='par_1_67' title="bbox 2223 643 3802 731">
     <span class='ocr_line' id='line_1_68' title="bbox 2223 643 3802 731; baseline 0.015 -36"><span class='ocrx_word' id='word_1_531' title='bbox 2223 643 2353 696; x_wconf 76' lang='lat' dir='ltr'><strong>serui</strong></span> <span class='ocrx_word' id='word_1_532' title='bbox 2363 645 2484 714; x_wconf 76' lang='lat' dir='ltr'><strong>facti</strong></span> <span class='ocrx_word' id='word_1_533' title='bbox 2498 646 2615 702; x_wconf 80' lang='lat' dir='ltr'><strong>estis</strong></span> <span class='ocrx_word' id='word_1_534' title='bbox 2631 648 2841 714; x_wconf 71' lang='lat' dir='ltr'><strong>iustitia:</strong></span> <span class='ocrx_word' id='word_1_535' title='bbox 2858 650 3027 722; x_wconf 81' lang='lat' dir='ltr'><strong>(Rom.</strong></span> <span class='ocrx_word' id='word_1_536' title='bbox 3054 669 3127 718; x_wconf 73' lang='lat' dir='ltr'><strong>vn,</strong></span> <span class='ocrx_word' id='word_1_537' title='bbox 3143 652 3237 722; x_wconf 75' lang='lat'><strong>20,</strong></span> <span class='ocrx_word' id='word_1_538' title='bbox 3249 655 3363 727; x_wconf 73' lang='lat'><strong>‘22).</strong></span> <span class='ocrx_word' id='word_1_539' title='bbox 3380 657 3436 714; x_wconf 90' lang='lat' dir='ltr'><strong>Si</strong></span> <span class='ocrx_word' id='word_1_540' title='bbox 3451 668 3628 716; x_wconf 90' lang='lat' dir='ltr'><strong>autem</strong></span> <span class='ocrx_word' id='word_1_541' title='bbox 3645 660 3802 731; x_wconf 84' lang='lat' dir='ltr'><strong>dicis,</strong></span> 
     </span>
    </p>
   </div>
   <div class='ocr_carea' id='block_1_68' title="bbox 2223 738 3803 830">
    <p class='ocr_par' dir='ltr' id='par_1_68' title="bbox 2223 738 3803 830">
     <span class='ocr_line' id='line_1_69' title="bbox 2223 738 3803 830; baseline 0.014 -44"><span class='ocrx_word' id='word_1_542' title='bbox 2223 743 2256 786; x_wconf 87' lang='lat' dir='ltr'><strong>a</strong></span> <span class='ocrx_word' id='word_1_543' title='bbox 2280 738 2429 788; x_wconf 86' lang='lat' dir='ltr'><strong>reatu</strong></span> <span class='ocrx_word' id='word_1_544' title='bbox 2456 738 2847 805; x_wconf 67' lang='lat' dir='ltr'><strong>praeteritorum</strong></span> <span class='ocrx_word' id='word_1_545' title='bbox 2872 743 3155 810; x_wconf 87' lang='lat' dir='ltr'><strong>malorum,</strong></span> <span class='ocrx_word' id='word_1_546' title='bbox 3187 760 3291 801; x_wconf 92' lang='lat' dir='ltr'><strong>non</strong></span> <span class='ocrx_word' id='word_1_547' title='bbox 3317 762 3345 800; x_wconf 89' lang='lat' dir='ltr'><strong>a</strong></span> <span class='ocrx_word' id='word_1_548' title='bbox 3370 747 3645 806; x_wconf 89' lang='lat' dir='ltr'><strong>dominatu</strong></span> <span class='ocrx_word' id='word_1_549' title='bbox 3676 767 3803 830; x_wconf 83' lang='lat' dir='ltr'><strong>pec-</strong></span> 
     </span>
    </p>
   </div>
   <div class='ocr_carea' id='block_1_69' title="bbox 2222 825 3803 909">
    <p class='ocr_par' dir='ltr' id='par_1_69' title="bbox 2222 825 3803 909">
     <span class='ocr_line' id='line_1_70' title="bbox 2222 825 3803 909; baseline 0.016 -30"><span class='ocrx_word' id='word_1_550' title='bbox 2222 825 2361 892; x_wconf 88' lang='lat' dir='ltr'><strong>cati,</strong></span> <span class='ocrx_word' id='word_1_551' title='bbox 2393 842 2502 898; x_wconf 90' lang='lat' dir='ltr'><strong>quo</strong></span> <span class='ocrx_word' id='word_1_552' title='bbox 2539 830 2762 902; x_wconf 90' lang='lat' dir='ltr'><strong>quisque</strong></span> <span class='ocrx_word' id='word_1_553' title='bbox 2784 833 2961 903; x_wconf 87' lang='lat' dir='ltr'><strong>justus</strong></span> <span class='ocrx_word' id='word_1_554' title='bbox 2984 851 3104 892; x_wconf 90' lang='lat' dir='ltr'><strong>esse</strong></span> <span class='ocrx_word' id='word_1_555' title='bbox 3130 853 3235 893; x_wconf 92' lang='lat' dir='ltr'><strong>non</strong></span> <span class='ocrx_word' id='word_1_556' title='bbox 3265 840 3489 909; x_wconf 90' lang='lat' dir='ltr'><strong>sinitur,</strong></span> <span class='ocrx_word' id='word_1_557' title='bbox 3517 858 3614 900; x_wconf 89' lang='lat' dir='ltr'><strong>eos</strong></span> <span class='ocrx_word' id='word_1_558' title='bbox 3640 825 3803 905; x_wconf 84' lang='lat' dir='ltr'><strong>fuisse</strong></span> 
     </span>
    </p>
   </div>
   <div class='ocr_carea' id='block_1_70' title="bbox 2223 915 3799 994">
    <p class='ocr_par' dir='ltr' id='par_1_70' title="bbox 2223 915 3799 994">
     <span class='ocr_line' id='line_1_71' title="bbox 2223 915 3799 994; baseline 0.016 -25"><span class='ocrx_word' id='word_1_559' title='bbox 2223 915 2317 971; x_wconf 91' lang='lat' dir='ltr'><strong>Dei</strong></span> <span class='ocrx_word' id='word_1_560' title='bbox 2346 919 2512 989; x_wconf 89' lang='lat' dir='ltr'><strong>gratia</strong></span> <span class='ocrx_word' id='word_1_561' title='bbox 2539 920 2827 991; x_wconf 80' lang='lat' dir='ltr'><strong>liberatos;</strong></span> <span class='ocrx_word' id='word_1_562' title='bbox 2856 935 2913 981; x_wconf 91' lang='lat' dir='ltr'><strong>ut</strong></span> <span class='ocrx_word' id='word_1_563' title='bbox 2941 936 3118 983; x_wconf 85' lang='lat' dir='ltr'><strong>autem</strong></span> <span class='ocrx_word' id='word_1_564' title='bbox 3146 930 3224 985; x_wconf 90' lang='lat' dir='ltr'><strong>eis</strong></span> <span class='ocrx_word' id='word_1_565' title='bbox 3254 947 3359 987; x_wconf 94' lang='lat' dir='ltr'><strong>non</strong></span> <span class='ocrx_word' id='word_1_566' title='bbox 3384 932 3759 994; x_wconf 85' lang='lat' dir='ltr'><strong>dominaretur</strong></span> <span class='ocrx_word' id='word_1_567' title='bbox 3783 942 3799 974; x_wconf 87' lang='grc'>¹</span> 
     </span>
    </p>
   </div>
   <div class='ocr_carea' id='block_1_71' title="bbox 2220 1011 3805 1099">
    <p class='ocr_par' dir='ltr' id='par_1_71' title="bbox 2220 1011 3805 1099">
     <span class='ocr_line' id='line_1_72' title="bbox 2220 1011 3805 1099; baseline 0.016 -38"><span class='ocrx_word' id='word_1_568' title='bbox 2220 1016 2527 1077; x_wconf 81' lang='lat' dir='ltr'><strong>peccatum,</strong></span> <span class='ocrx_word' id='word_1_569' title='bbox 2557 1011 2703 1083; x_wconf 92' lang='lat' dir='ltr'><strong>ipsos</strong></span> <span class='ocrx_word' id='word_1_570' title='bbox 2727 1012 2903 1071; x_wconf 84' lang='lat' dir='ltr'><strong>facere</strong></span> <span class='ocrx_word' id='word_1_571' title='bbox 2931 1020 3170 1088; x_wconf 84' lang='lat' dir='ltr'><strong>potuisse</strong></span> <span class='ocrx_word' id='word_1_572' title='bbox 3205 1022 3250 1076; x_wconf 90' lang='lat' dir='ltr'><strong>si</strong></span> <span class='ocrx_word' id='word_1_573' title='bbox 3278 1022 3507 1089; x_wconf 88' lang='lat' dir='ltr'><strong>vellent,</strong></span> <span class='ocrx_word' id='word_1_574' title='bbox 3538 1042 3713 1099; x_wconf 88' lang='lat' dir='ltr'><strong>neque</strong></span> <span class='ocrx_word' id='word_1_575' title='bbox 3737 1031 3805 1086; x_wconf 91' lang='lat' dir='ltr'><strong>ad</strong></span> 
     </span>
    </p>
   </div>
   <div class='ocr_carea' id='block_1_72' title="bbox 2220 1095 3802 1192">
    <p class='ocr_par' dir='ltr' id='par_1_72' title="bbox 2220 1095 3802 1192">
     <span class='ocr_line' id='line_1_73' title="bbox 2220 1095 3802 1192; baseline 0.015 -40"><span class='ocrx_word' id='word_1_576' title='bbox 2220 1095 2325 1154; x_wconf 88' lang='lat' dir='ltr'><strong>hoc</strong></span> <span class='ocrx_word' id='word_1_577' title='bbox 2348 1099 2640 1171; x_wconf 78' lang='lat' dir='ltr'><strong>indiguisse</strong></span> <span class='ocrx_word' id='word_1_578' title='bbox 2679 1107 2848 1176; x_wconf 86' lang='lat' dir='ltr'><strong>gratia</strong></span> <span class='ocrx_word' id='word_1_579' title='bbox 2888 1108 3179 1167; x_wconf 87' lang='lat' dir='ltr'><strong>Salvatoris</strong></span> <span class='ocrx_word' id='word_1_580' title='bbox 3207 1129 3223 1167; x_wconf 89' lang='lat'><strong>:</strong></span> <span class='ocrx_word' id='word_1_581' title='bbox 3256 1114 3344 1169; x_wconf 88' lang='lat' dir='ltr'><strong>ubi</strong></span> <span class='ocrx_word' id='word_1_582' title='bbox 3374 1116 3532 1186; x_wconf 89' lang='lat' dir='ltr'><strong>ponis</strong></span> <span class='ocrx_word' id='word_1_583' title='bbox 3565 1095 3687 1175; x_wconf 81' lang='lat' dir='ltr'><strong>eum</strong></span> <span class='ocrx_word' id='word_1_584' title='bbox 3713 1122 3802 1192; x_wconf 90' lang='lat' dir='ltr'><strong>qui</strong></span> 
     </span>
    </p>
   </div>
   <div class='ocr_carea' id='block_1_73' title="bbox 2218 1190 3807 1278">
    <p class='ocr_par' dir='ltr' id='par_1_73' title="bbox 2218 1190 3807 1278">
     <span class='ocr_line' id='line_1_74' title="bbox 2218 1190 3807 1278; baseline 0.013 -32"><span class='ocrx_word' id='word_1_585' title='bbox 2218 1190 2366 1257; x_wconf 87' lang='lat' dir='ltr'><strong>dicit,</strong></span> <span class='ocrx_word' id='word_1_586' title='bbox 2394 1192 2518 1249; x_wconf 80' lang='lat' dir='ltr'><strong>Non</strong></span> <span class='ocrx_word' id='word_1_587' title='bbox 2546 1199 2683 1266; x_wconf 74' lang='lat' dir='ltr'><strong>quod</strong></span> <span class='ocrx_word' id='word_1_588' title='bbox 2706 1199 2838 1264; x_wconf 74' lang='lat' dir='ltr'><strong>vola,</strong></span> <span class='ocrx_word' id='word_1_589' title='bbox 2871 1202 3006 1272; x_wconf 77' lang='lat' dir='ltr'><strong>facio</strong></span> <span class='ocrx_word' id='word_1_590' title='bbox 3032 1203 3254 1271; x_wconf 81' lang='lat' dir='ltr'><strong>bonum;</strong></span> <span class='ocrx_word' id='word_1_591' title='bbox 3281 1207 3371 1261; x_wconf 84' lang='lat' dir='ltr'><strong>sed</strong></span> <span class='ocrx_word' id='word_1_592' title='bbox 3398 1210 3537 1278; x_wconf 85' lang='lat' dir='ltr'><strong>quod</strong></span> <span class='ocrx_word' id='word_1_593' title='bbox 3556 1212 3676 1266; x_wconf 85' lang='lat' dir='ltr'><strong>nolo</strong></span> <span class='ocrx_word' id='word_1_594' title='bbox 3696 1190 3807 1266; x_wconf 65' lang='lat' dir='ltr'><strong>uia-</strong></span> 
     </span>
    </p>
   </div>
   <div class='ocr_carea' id='block_1_74' title="bbox 2219 1281 3804 1371">
    <p class='ocr_par' dir='ltr' id='par_1_74' title="bbox 2219 1281 3804 1371">
     <span class='ocr_line' id='line_1_75' title="bbox 2219 1281 3804 1371; baseline 0.013 -32"><span class='ocrx_word' id='word_1_595' title='bbox 2219 1281 2343 1349; x_wconf 76' lang='lat' dir='ltr'><strong>lum,</strong></span> <span class='ocrx_word' id='word_1_596' title='bbox 2368 1285 2463 1340; x_wconf 84' lang='lat' dir='ltr'><strong>hoc</strong></span> <span class='ocrx_word' id='word_1_597' title='bbox 2484 1304 2581 1360; x_wconf 87' lang='lat' dir='ltr'><strong>ago</strong></span> <span class='ocrx_word' id='word_1_598' title='bbox 2609 1287 2717 1361; x_wconf 80' lang='lat' dir='ltr'><strong>(Id.</strong></span> <span class='ocrx_word' id='word_1_599' title='bbox 2735 1306 2832 1355; x_wconf 85' lang='lat' dir='ltr'><strong>vn,</strong></span> <span class='ocrx_word' id='word_1_600' title='bbox 2862 1292 2988 1365; x_wconf 82' lang='lat' dir='ltr'><strong>l9)?</strong></span> <span class='ocrx_word' id='word_1_601' title='bbox 3018 1294 3075 1349; x_wconf 91' lang='lat' dir='ltr'><strong>Si</strong></span> <span class='ocrx_word' id='word_1_602' title='bbox 3100 1296 3242 1351; x_wconf 91' lang='lat' dir='ltr'><strong>enim</strong></span> <span class='ocrx_word' id='word_1_603' title='bbox 3269 1298 3368 1353; x_wconf 88' lang='lat' dir='ltr'><strong>sub</strong></span> <span class='ocrx_word' id='word_1_604' title='bbox 3392 1299 3540 1371; x_wconf 85' lang='lat' dir='ltr'><strong>lege,</strong></span> <span class='ocrx_word' id='word_1_605' title='bbox 3566 1316 3673 1357; x_wconf 92' lang='lat' dir='ltr'><strong>non</strong></span> <span class='ocrx_word' id='word_1_606' title='bbox 3701 1304 3804 1360; x_wconf 85' lang='lat' dir='ltr'><strong>sub</strong></span> 
     </span>
    </p>
   </div>
   <div class='ocr_carea' id='block_1_75' title="bbox 2215 1375 3799 1463">
    <p class='ocr_par' dir='ltr' id='par_1_75' title="bbox 2215 1375 3799 1463">
     <span class='ocr_line' id='line_1_76' title="bbox 2215 1375 3799 1463; baseline 0.014 -36"><span class='ocrx_word' id='word_1_607' title='bbox 2215 1375 2386 1444; x_wconf 89' lang='lat' dir='ltr'><strong>gratia</strong></span> <span class='ocrx_word' id='word_1_608' title='bbox 2405 1379 2724 1435; x_wconf 90' lang='lat' dir='ltr'><strong>constitutus</strong></span> <span class='ocrx_word' id='word_1_609' title='bbox 2748 1381 2864 1439; x_wconf 73' lang='lat' dir='ltr'><strong>hzec</strong></span> <span class='ocrx_word' id='word_1_610' title='bbox 2890 1384 3162 1456; x_wconf 89' lang='lat' dir='ltr'><strong>loquitur:</strong></span> <span class='ocrx_word' id='word_1_611' title='bbox 3186 1388 3346 1444; x_wconf 92' lang='lat' dir='ltr'><strong>istum</strong></span> <span class='ocrx_word' id='word_1_612' title='bbox 3375 1405 3505 1461; x_wconf 84' lang='lat' dir='ltr'><strong>nega</strong></span> <span class='ocrx_word' id='word_1_613' title='bbox 3531 1392 3632 1449; x_wconf 89' lang='lat' dir='ltr'><strong>sub</strong></span> <span class='ocrx_word' id='word_1_614' title='bbox 3649 1394 3799 1463; x_wconf 87' lang='lat' dir='ltr'><strong>gravi</strong></span> 
     </span>
    </p>
   </div>
   <div class='ocr_carea' id='block_1_76' title="bbox 2216 1469 3806 1546">
    <p class='ocr_par' dir='ltr' id='par_1_76' title="bbox 2216 1469 3806 1546">
     <span class='ocr_line' id='line_1_77' title="bbox 2216 1469 3806 1546; baseline 0.013 -25"><span class='ocrx_word' id='word_1_615' title='bbox 2216 1469 2550 1525; x_wconf 87' lang='lat' dir='ltr'><strong>necessitatis</strong></span> <span class='ocrx_word' id='word_1_616' title='bbox 2575 1472 2812 1542; x_wconf 87' lang='lat' dir='ltr'><strong>pondere</strong></span> <span class='ocrx_word' id='word_1_617' title='bbox 2840 1476 3147 1546; x_wconf 86' lang='lat' dir='ltr'><strong>ingemere;</strong></span> <span class='ocrx_word' id='word_1_618' title='bbox 3190 1479 3332 1537; x_wconf 89' lang='lat' dir='ltr'><strong>hunc</strong></span> <span class='ocrx_word' id='word_1_619' title='bbox 3359 1481 3425 1536; x_wconf 90' lang='lat' dir='ltr'><strong>ad</strong></span> <span class='ocrx_word' id='word_1_620' title='bbox 3452 1484 3589 1540; x_wconf 90' lang='lat' dir='ltr'><strong>bene</strong></span> <span class='ocrx_word' id='word_1_621' title='bbox 3614 1485 3806 1541; x_wconf 87' lang='lat' dir='ltr'><strong>viven-</strong></span> 
     </span>
    </p>
   </div>
   <div class='ocr_carea' id='block_1_77' title="bbox 2216 1557 3804 1640">
    <p class='ocr_par' dir='ltr' id='par_1_77' title="bbox 2216 1557 3804 1640">
     <span class='ocr_line' id='line_1_78' title="bbox 2216 1557 3804 1640; baseline 0.013 -27"><span class='ocrx_word' id='word_1_622' title='bbox 2216 1557 2344 1614; x_wconf 89' lang='lat' dir='ltr'><strong>dum</strong></span> <span class='ocrx_word' id='word_1_623' title='bbox 2377 1571 2432 1616; x_wconf 90' lang='lat' dir='ltr'><strong>et</strong></span> <span class='ocrx_word' id='word_1_624' title='bbox 2474 1561 2540 1617; x_wconf 92' lang='lat' dir='ltr'><strong>ad</strong></span> <span class='ocrx_word' id='word_1_625' title='bbox 2582 1574 2728 1620; x_wconf 91' lang='lat' dir='ltr'><strong>recte</strong></span> <span class='ocrx_word' id='word_1_626' title='bbox 2766 1568 3031 1637; x_wconf 88' lang='lat' dir='ltr'><strong>agendum</strong></span> <span class='ocrx_word' id='word_1_627' title='bbox 3070 1585 3165 1640; x_wconf 91' lang='lat' dir='ltr'><strong>per</strong></span> <span class='ocrx_word' id='word_1_628' title='bbox 3200 1572 3487 1631; x_wconf 86' lang='lat' dir='ltr'><strong>voluntatis</strong></span> <span class='ocrx_word' id='word_1_629' title='bbox 3524 1575 3804 1635; x_wconf 86' lang='lat' dir='ltr'><strong>arbitrium</strong></span> 
     </span>
    </p>
   </div>
   <div class='ocr_carea' id='block_1_78' title="bbox 2216 1650 3807 1733">
    <p class='ocr_par' dir='ltr' id='par_1_78' title="bbox 2216 1650 3807 1733">
     <span class='ocr_line' id='line_1_79' title="bbox 2216 1650 3807 1733; baseline 0.013 -29"><span class='ocrx_word' id='word_1_630' title='bbox 2216 1663 2401 1706; x_wconf 89' lang='lat' dir='ltr'><strong>assere</strong></span> <span class='ocrx_word' id='word_1_631' title='bbox 2415 1650 2664 1722; x_wconf 92' lang='lat' dir='ltr'><strong>liberum,</strong></span> <span class='ocrx_word' id='word_1_632' title='bbox 2685 1655 3005 1714; x_wconf 89' lang='lat' dir='ltr'><strong>clamantem</strong></span> <span class='ocrx_word' id='word_1_633' title='bbox 3030 1660 3145 1729; x_wconf 86' lang='lat' dir='ltr'><strong>tibi,</strong></span> <span class='ocrx_word' id='word_1_634' title='bbox 3167 1661 3429 1733; x_wconf 83' lang='lat' dir='ltr'><strong>Mentiris,</strong></span> <span class='ocrx_word' id='word_1_635' title='bbox 3451 1673 3545 1721; x_wconf 89' lang='lat' dir='ltr'><strong>aut</strong></span> <span class='ocrx_word' id='word_1_636' title='bbox 3567 1666 3807 1733; x_wconf 81' lang='lat' dir='ltr'><strong>falleris;</strong></span> 
     </span>
    </p>
   </div>
   <div class='ocr_carea' id='block_1_79' title="bbox 2216 1744 3809 1821">
    <p class='ocr_par' dir='ltr' id='par_1_79' title="bbox 2216 1744 3809 1821">
     <span class='ocr_line' id='line_1_80' title="bbox 2216 1744 3809 1821; baseline 0.014 -27"><span class='ocrx_word' id='word_1_637' title='bbox 2216 1756 2320 1795; x_wconf 78' lang='lat' dir='ltr'><strong>non</strong></span> <span class='ocrx_word' id='word_1_638' title='bbox 2353 1744 2491 1814; x_wconf 79' lang='lat' dir='ltr'><strong>quod</strong></span> <span class='ocrx_word' id='word_1_639' title='bbox 2523 1746 2669 1814; x_wconf 73' lang='lat' dir='ltr'><strong>solo,</strong></span> <span class='ocrx_word' id='word_1_640' title='bbox 2706 1763 2825 1821; x_wconf 67' lang='lat' dir='ltr'><strong>age.</strong></span> <span class='ocrx_word' id='word_1_641' title='bbox 2871 1749 2931 1806; x_wconf 81' lang='lat' dir='ltr'><strong>Si</strong></span> <span class='ocrx_word' id='word_1_642' title='bbox 2976 1760 3189 1821; x_wconf 90' lang='lat' dir='ltr'><strong>autem,</strong></span> <span class='ocrx_word' id='word_1_643' title='bbox 3234 1755 3373 1812; x_wconf 87' lang='lat' dir='ltr'><strong>sicut</strong></span> <span class='ocrx_word' id='word_1_644' title='bbox 3410 1757 3600 1815; x_wconf 89' lang='lat' dir='ltr'><strong>melius</strong></span> <span class='ocrx_word' id='word_1_645' title='bbox 3636 1761 3809 1816; x_wconf 77' lang='lat' dir='ltr'><strong>sensit</strong></span> 
     </span>
    </p>
   </div>
   <div class='ocr_carea' id='block_1_80' title="bbox 2217 1832 3809 1917">
    <p class='ocr_par' dir='ltr' id='par_1_80' title="bbox 2217 1832 3809 1917">
     <span class='ocr_line' id='line_1_81' title="bbox 2217 1832 3809 1917; baseline 0.015 -33"><span class='ocrx_word' id='word_1_646' title='bbox 2217 1832 2554 1901; x_wconf 80' lang='lat' dir='ltr'><strong>Ambrosius,</strong></span> <span class='ocrx_word' id='word_1_647' title='bbox 2577 1835 2678 1892; x_wconf 88' lang='lat' dir='ltr'><strong>hoc</strong></span> <span class='ocrx_word' id='word_1_648' title='bbox 2696 1839 2860 1895; x_wconf 84' lang='lat' dir='ltr'><strong>etiam</strong></span> <span class='ocrx_word' id='word_1_649' title='bbox 2886 1839 2955 1897; x_wconf 90' lang='lat' dir='ltr'><strong>de</strong></span> <span class='ocrx_word' id='word_1_650' title='bbox 2975 1855 3035 1897; x_wconf 88' lang='lat' dir='ltr'><strong>se</strong></span> <span class='ocrx_word' id='word_1_651' title='bbox 3060 1843 3178 1912; x_wconf 90' lang='lat' dir='ltr'><strong>ipso</strong></span> <span class='ocrx_word' id='word_1_652' title='bbox 3201 1843 3333 1900; x_wconf 84' lang='lat' dir='ltr'><strong>dicit</strong></span> <span class='ocrx_word' id='word_1_653' title='bbox 3356 1846 3677 1917; x_wconf 82' lang='lat' dir='ltr'><strong>Apostolus;</strong></span> <span class='ocrx_word' id='word_1_654' title='bbox 3704 1860 3809 1907; x_wconf 88' lang='lat' dir='ltr'><strong>nec</strong></span> 
     </span>
    </p>
   </div>
   <div class='ocr_carea' id='block_1_81' title="bbox 2213 1919 3810 2003">
    <p class='ocr_par' dir='ltr' id='par_1_81' title="bbox 2213 1919 3810 2003">
     <span class='ocr_line' id='line_1_82' title="bbox 2213 1919 3810 2003; baseline 0.013 -28"><span class='ocrx_word' id='word_1_655' title='bbox 2213 1919 2476 1993; x_wconf 73' lang='lat' dir='ltr'><strong>iustorum</strong></span> <span class='ocrx_word' id='word_1_656' title='bbox 2496 1934 2580 1980; x_wconf 90' lang='lat' dir='ltr'><strong>est</strong></span> <span class='ocrx_word' id='word_1_657' title='bbox 2600 1927 2651 1981; x_wconf 89' lang='lat' dir='ltr'><strong>iu</strong></span> <span class='ocrx_word' id='word_1_658' title='bbox 2676 1925 2776 1984; x_wconf 85' lang='lat' dir='ltr'><strong>hac</strong></span> <span class='ocrx_word' id='word_1_659' title='bbox 2798 1930 2908 1985; x_wconf 86' lang='lat' dir='ltr'><strong>vita</strong></span> <span class='ocrx_word' id='word_1_660' title='bbox 2932 1930 3000 1987; x_wconf 90' lang='lat' dir='ltr'><strong>ad</strong></span> <span class='ocrx_word' id='word_1_661' title='bbox 3021 1933 3405 2003; x_wconf 83' lang='lat' dir='ltr'><strong>perliciendum</strong></span> <span class='ocrx_word' id='word_1_662' title='bbox 3432 1936 3631 1994; x_wconf 89' lang='lat' dir='ltr'><strong>bonum</strong></span> <span class='ocrx_word' id='word_1_663' title='bbox 3658 1947 3810 1996; x_wconf 83' lang='lat' dir='ltr'><strong>tanta</strong></span> 
     </span>
    </p>
   </div>
   <div class='ocr_carea' id='block_1_82' title="bbox 2215 2014 3810 2106">
    <p class='ocr_par' dir='ltr' id='par_1_82' title="bbox 2215 2014 3810 2106">
     <span class='ocr_line' id='line_1_83' title="bbox 2215 2014 3810 2106; baseline 0.014 -35"><span class='ocrx_word' id='word_1_664' title='bbox 2215 2014 2435 2075; x_wconf 81' lang='lat' dir='ltr'><strong>libertas</strong></span> <span class='ocrx_word' id='word_1_665' title='bbox 2463 2022 2691 2093; x_wconf 65' lang='lat' dir='ltr'><strong>propriae</strong></span> <span class='ocrx_word' id='word_1_666' title='bbox 2719 2024 3007 2083; x_wconf 83' lang='lat' dir='ltr'><strong>voluntatis</strong></span> <span class='ocrx_word' id='word_1_667' title='bbox 3026 2069 3041 2095; x_wconf 92' lang='lat'><strong>,</strong></span> <span class='ocrx_word' id='word_1_668' title='bbox 3074 2039 3279 2100; x_wconf 88' lang='lat' dir='ltr'><strong>quanta</strong></span> <span class='ocrx_word' id='word_1_669' title='bbox 3315 2033 3419 2089; x_wconf 80' lang='lat' dir='ltr'><strong>erit</strong></span> <span class='ocrx_word' id='word_1_670' title='bbox 3458 2034 3511 2091; x_wconf 88' lang='lat' dir='ltr'><strong>in</strong></span> <span class='ocrx_word' id='word_1_671' title='bbox 3538 2034 3631 2091; x_wconf 85' lang='lat' dir='ltr'><strong>illa</strong></span> <span class='ocrx_word' id='word_1_672' title='bbox 3655 2036 3768 2093; x_wconf 83' lang='lat' dir='ltr'><strong>vita</strong></span> <span class='ocrx_word' id='word_1_673' title='bbox 3789 2081 3810 2106; x_wconf 83' lang='lat'><strong>,</strong></span> 
     </span>
    </p>
   </div>
   <div class='ocr_carea' id='block_1_83' title="bbox 2215 2109 3305 2197">
    <p class='ocr_par' dir='ltr' id='par_1_83' title="bbox 2215 2109 3305 2197">
     <span class='ocr_line' id='line_1_84' title="bbox 2215 2109 3305 2197; baseline 0.015 -34"><span class='ocrx_word' id='word_1_674' title='bbox 2215 2109 2306 2165; x_wconf 90' lang='lat' dir='ltr'><strong>ubi</strong></span> <span class='ocrx_word' id='word_1_675' title='bbox 2329 2125 2433 2165; x_wconf 93' lang='lat' dir='ltr'><strong>non</strong></span> <span class='ocrx_word' id='word_1_676' title='bbox 2454 2112 2681 2183; x_wconf 89' lang='lat' dir='ltr'><strong>dicetur,</strong></span> <span class='ocrx_word' id='word_1_677' title='bbox 2712 2115 2834 2173; x_wconf 86' lang='lat' dir='ltr'><strong>Non</strong></span> <span class='ocrx_word' id='word_1_678' title='bbox 2860 2121 2997 2189; x_wconf 84' lang='lat' dir='ltr'><strong>quod</strong></span> <span class='ocrx_word' id='word_1_679' title='bbox 3021 2123 3155 2188; x_wconf 78' lang='lat' dir='ltr'><strong>volo,</strong></span> <span class='ocrx_word' id='word_1_680' title='bbox 3186 2141 3305 2197; x_wconf 86' lang='lat' dir='ltr'><strong>ago.</strong></span> 
     </span>
    </p>
   </div>
   <div class='ocr_carea' id='block_1_84' title="bbox 2285 2200 3811 2294">
    <p class='ocr_par' dir='ltr' id='par_1_84' title="bbox 2285 2200 3811 2294">
     <span class='ocr_line' id='line_1_85' title="bbox 2285 2200 3811 2294; baseline 0.014 -38"><span class='ocrx_word' id='word_1_681' title='bbox 2285 2200 2348 2256; x_wconf 89' lang='lat' dir='ltr'><strong>C.</strong></span> <span class='ocrx_word' id='word_1_682' title='bbox 2389 2201 2505 2259; x_wconf 66' lang='lat' dir='ltr'><strong>Jun.</strong></span> <span class='ocrx_word' id='word_1_683' title='bbox 2545 2203 2617 2262; x_wconf 88' lang='lat' dir='ltr'><strong>Ut</strong></span> <span class='ocrx_word' id='word_1_684' title='bbox 2653 2212 2993 2278; x_wconf 89' lang='lat' dir='ltr'><strong>possessione</strong></span> <span class='ocrx_word' id='word_1_685' title='bbox 3029 2216 3343 2272; x_wconf 82' lang='lat' dir='ltr'><strong>aeternitatis</strong></span> <span class='ocrx_word' id='word_1_686' title='bbox 3374 2219 3569 2276; x_wconf 82' lang='lat' dir='ltr'><strong>amissa</strong></span> <span class='ocrx_word' id='word_1_687' title='bbox 3602 2222 3811 2294; x_wconf 84' lang='lat' dir='ltr'><strong>(quam</strong></span> 
     </span>
    </p>
   </div>
   <div class='ocr_carea' id='block_1_85' title="bbox 2214 2293 3811 2375">
    <p class='ocr_par' dir='ltr' id='par_1_85' title="bbox 2214 2293 3811 2375">
     <span class='ocr_line' id='line_1_86' title="bbox 2214 2293 3811 2375; baseline 0.016 -29"><span class='ocrx_word' id='word_1_688' title='bbox 2214 2293 2429 2364; x_wconf 90' lang='lat' dir='ltr'><strong>quidem</strong></span> <span class='ocrx_word' id='word_1_689' title='bbox 2459 2312 2726 2368; x_wconf 87' lang='lat' dir='ltr'><strong>nunquam</strong></span> <span class='ocrx_word' id='word_1_690' title='bbox 2762 2317 2879 2357; x_wconf 91' lang='lat' dir='ltr'><strong>eam</strong></span> <span class='ocrx_word' id='word_1_691' title='bbox 2924 2319 3025 2375; x_wconf 89' lang='lat' dir='ltr'><strong>per</strong></span> <span class='ocrx_word' id='word_1_692' title='bbox 3049 2315 3293 2363; x_wconf 82' lang='lat' dir='ltr'><strong>exortum</strong></span> <span class='ocrx_word' id='word_1_693' title='bbox 3333 2312 3415 2367; x_wconf 88' lang='lat' dir='ltr'><strong>sui</strong></span> <span class='ocrx_word' id='word_1_694' title='bbox 3453 2325 3662 2370; x_wconf 89' lang='lat' dir='ltr'><strong>constat</strong></span> <span class='ocrx_word' id='word_1_695' title='bbox 3702 2315 3811 2370; x_wconf 34' lang='lat' dir='ltr'><strong>lia-1</strong></span> 
     </span>
    </p>
   </div>
   <div class='ocr_carea' id='block_1_86' title="bbox 2214 2382 3814 2469">
    <p class='ocr_par' dir='ltr' id='par_1_86' title="bbox 2214 2382 3814 2469">
     <span class='ocr_line' id='line_1_87' title="bbox 2214 2382 3814 2469; baseline 0.017 -31"><span class='ocrx_word' id='word_1_696' title='bbox 2214 2382 2393 2440; x_wconf 87' lang='lat' dir='ltr'><strong>buisse</strong></span> <span class='ocrx_word' id='word_1_697' title='bbox 2408 2385 2450 2454; x_wconf 91' lang='lat'><strong>),</strong></span> <span class='ocrx_word' id='word_1_698' title='bbox 2473 2388 2717 2445; x_wconf 87' lang='lat' dir='ltr'><strong>voluntas</strong></span> <span class='ocrx_word' id='word_1_699' title='bbox 2740 2395 3052 2464; x_wconf 76' lang='lat' dir='ltr'><strong>appetenda:</strong></span> <span class='ocrx_word' id='word_1_700' title='bbox 3070 2397 3271 2469; x_wconf 89' lang='lat' dir='ltr'><strong>jugiter</strong></span> <span class='ocrx_word' id='word_1_701' title='bbox 3293 2404 3565 2469; x_wconf 86' lang='lat' dir='ltr'><strong>pravitatis</strong></span> <span class='ocrx_word' id='word_1_702' title='bbox 3593 2406 3814 2464; x_wconf 40' lang='lat' dir='ltr'><strong>incum‘</strong></span> 
     </span>
    </p>
   </div>
   <div class='ocr_carea' id='block_1_87' title="bbox 2213 2475 3811 2569">
    <p class='ocr_par' dir='ltr' id='par_1_87' title="bbox 2213 2475 3811 2569">
     <span class='ocr_line' id='line_1_88' title="bbox 2213 2475 3811 2569; baseline 0.018 -40"><span class='ocrx_word' id='word_1_703' title='bbox 2213 2475 2383 2532; x_wconf 86' lang='lat' dir='ltr'><strong>heret.</strong></span> <span class='ocrx_word' id='word_1_704' title='bbox 2408 2478 2474 2533; x_wconf 87' lang='lat' dir='ltr'><strong>Et</strong></span> <span class='ocrx_word' id='word_1_705' title='bbox 2491 2480 2752 2554; x_wconf 86' lang='lat' dir='ltr'><strong>adjungis,</strong></span> <span class='ocrx_word' id='word_1_706' title='bbox 2788 2503 2809 2538; x_wconf 70' lang='grc' dir='ltr'><strong>ε</strong></span> <span class='ocrx_word' id='word_1_707' title='bbox 2844 2486 3103 2545; x_wconf 82' lang='lat' dir='ltr'><strong>Voluntas</strong></span> <span class='ocrx_word' id='word_1_708' title='bbox 3123 2507 3244 2562; x_wconf 67' lang='lat' dir='ltr'><strong>quae</strong></span> <span class='ocrx_word' id='word_1_709' title='bbox 3267 2492 3430 2550; x_wconf 86' lang='lat' dir='ltr'><strong>libera</strong></span> <span class='ocrx_word' id='word_1_710' title='bbox 3449 2500 3598 2554; x_wconf 88' lang='lat' dir='ltr'><strong>estin</strong></span> <span class='ocrx_word' id='word_1_711' title='bbox 3621 2502 3811 2569; x_wconf 80' lang='lat' dir='ltr'><strong>malis,</strong></span> 
     </span>
    </p>
   </div>
   <div class='ocr_carea' id='block_1_88' title="bbox 2217 2567 3807 2659">
    <p class='ocr_par' dir='ltr' id='par_1_88' title="bbox 2217 2567 3807 2659">
     <span class='ocr_line' id='line_1_89' title="bbox 2217 2567 3807 2659; baseline 0.018 -37"><span class='ocrx_word' id='word_1_712' title='bbox 2217 2567 2382 2624; x_wconf 89' lang='lat' dir='ltr'><strong>libera</strong></span> <span class='ocrx_word' id='word_1_713' title='bbox 2407 2571 2457 2627; x_wconf 91' lang='lat' dir='ltr'><strong>in</strong></span> <span class='ocrx_word' id='word_1_714' title='bbox 2480 2572 2634 2629; x_wconf 92' lang='lat' dir='ltr'><strong>bonis</strong></span> <span class='ocrx_word' id='word_1_715' title='bbox 2655 2592 2760 2632; x_wconf 91' lang='lat' dir='ltr'><strong>non</strong></span> <span class='ocrx_word' id='word_1_716' title='bbox 2788 2588 2873 2634; x_wconf 86' lang='lat' dir='ltr'><strong>est</strong></span> <span class='ocrx_word' id='word_1_717' title='bbox 2904 2596 2920 2638; x_wconf 85' lang='lat'><strong>:</strong></span> <span class='ocrx_word' id='word_1_718' title='bbox 2957 2598 2977 2634; x_wconf 74' lang='grc' dir='ltr'><strong>ι</strong></span> <span class='ocrx_word' id='word_1_719' title='bbox 3014 2598 3116 2637; x_wconf 92' lang='lat' dir='ltr'><strong>non</strong></span> <span class='ocrx_word' id='word_1_720' title='bbox 3146 2586 3353 2643; x_wconf 89' lang='lat' dir='ltr'><strong>minore</strong></span> <span class='ocrx_word' id='word_1_721' title='bbox 3382 2590 3536 2659; x_wconf 87' lang='lat' dir='ltr'><strong>plane</strong></span> <span class='ocrx_word' id='word_1_722' title='bbox 3559 2594 3807 2651; x_wconf 66' lang='lat' dir='ltr'><strong>Slttililim</strong></span> 
     </span>
    </p>
   </div>
   <div class='ocr_carea' id='block_1_89' title="bbox 2213 2662 3809 2759">
    <p class='ocr_par' dir='ltr' id='par_1_89' title="bbox 2213 2662 3809 2759">
     <span class='ocr_line' id='line_1_90' title="bbox 2213 2662 3809 2759; baseline 0.018 -43"><span class='ocrx_word' id='word_1_723' title='bbox 2213 2662 2566 2735; x_wconf 81' lang='lat' dir='ltr'><strong>professione,</strong></span> <span class='ocrx_word' id='word_1_724' title='bbox 2594 2685 2750 2740; x_wconf 88' lang='lat' dir='ltr'><strong>quam</strong></span> <span class='ocrx_word' id='word_1_725' title='bbox 2780 2672 3114 2744; x_wconf 87' lang='lat' dir='ltr'><strong>profanitatis</strong></span> <span class='ocrx_word' id='word_1_726' title='bbox 3131 2678 3175 2744; x_wconf 79' lang='lat'><strong>’,</strong></span> <span class='ocrx_word' id='word_1_727' title='bbox 3200 2679 3426 2737; x_wconf 90' lang='lat' dir='ltr'><strong>liberum</strong></span> <span class='ocrx_word' id='word_1_728' title='bbox 3457 2699 3636 2753; x_wconf 89' lang='lat' dir='ltr'><strong>vocas,</strong></span> <span class='ocrx_word' id='word_1_729' title='bbox 3654 2687 3809 2759; x_wconf 89' lang='lat' dir='ltr'><strong>quod</strong></span> 
     </span>
    </p>
   </div>
   <div class='ocr_carea' id='block_1_90' title="bbox 2212 2751 3195 2838">
    <p class='ocr_par' dir='ltr' id='par_1_90' title="bbox 2212 2751 3195 2838">
     <span class='ocr_line' id='line_1_91' title="bbox 2212 2751 3195 2838; baseline 0.016 -30"><span class='ocrx_word' id='word_1_730' title='bbox 2212 2751 2350 2810; x_wconf 86' lang='lat' dir='ltr'><strong>dicis</strong></span> <span class='ocrx_word' id='word_1_731' title='bbox 2379 2758 2481 2813; x_wconf 89' lang='lat' dir='ltr'><strong>nisi</strong></span> <span class='ocrx_word' id='word_1_732' title='bbox 2507 2775 2669 2816; x_wconf 84' lang='lat' dir='ltr'><strong>mmm</strong></span> <span class='ocrx_word' id='word_1_733' title='bbox 2699 2763 2834 2819; x_wconf 89' lang='lat' dir='ltr'><strong>velle</strong></span> <span class='ocrx_word' id='word_1_734' title='bbox 2872 2782 2976 2821; x_wconf 90' lang='lat' dir='ltr'><strong>non</strong></span> <span class='ocrx_word' id='word_1_735' title='bbox 3018 2783 3195 2838; x_wconf 87' lang='lat' dir='ltr'><strong>posse.</strong></span> 
     </span>
    </p>
   </div>
   <div class='ocr_carea' id='block_1_91' title="bbox 2285 2847 3809 2940">
    <p class='ocr_par' dir='ltr' id='par_1_91' title="bbox 2285 2847 3809 2940">
     <span class='ocr_line' id='line_1_92' title="bbox 2285 2847 3809 2940; baseline 0.018 -39"><span class='ocrx_word' id='word_1_736' title='bbox 2285 2847 2423 2904; x_wconf 79' lang='lat' dir='ltr'><strong>Anc.</strong></span> <span class='ocrx_word' id='word_1_737' title='bbox 2470 2848 2525 2905; x_wconf 92' lang='lat' dir='ltr'><strong>Si</strong></span> <span class='ocrx_word' id='word_1_738' title='bbox 2574 2851 2804 2909; x_wconf 86' lang='lat' dir='ltr'><strong>liberum</strong></span> <span class='ocrx_word' id='word_1_739' title='bbox 2850 2871 2957 2912; x_wconf 92' lang='lat' dir='ltr'><strong>non</strong></span> <span class='ocrx_word' id='word_1_740' title='bbox 3003 2868 3106 2927; x_wconf 91' lang='lat' dir='ltr'><strong>est,</strong></span> <span class='ocrx_word' id='word_1_741' title='bbox 3153 2861 3256 2917; x_wconf 86' lang='lat' dir='ltr'><strong>nisi</strong></span> <span class='ocrx_word' id='word_1_742' title='bbox 3296 2865 3441 2937; x_wconf 75' lang='lat' dir='ltr'><strong>qttod</strong></span> <span class='ocrx_word' id='word_1_743' title='bbox 3473 2866 3581 2923; x_wconf 88' lang='lat' dir='ltr'><strong>duo</strong></span> <span class='ocrx_word' id='word_1_744' title='bbox 3625 2879 3809 2940; x_wconf 80' lang='lat' dir='ltr'><strong>potest</strong></span> 
     </span>
    </p>
   </div>
   <div class='ocr_carea' id='block_1_92' title="bbox 2213 2936 3811 3021">
    <p class='ocr_par' dir='ltr' id='par_1_92' title="bbox 2213 2936 3811 3021">
     <span class='ocr_line' id='line_1_93' title="bbox 2213 2936 3811 3021; baseline 0.017 -28"><span class='ocrx_word' id='word_1_745' title='bbox 2213 2936 2385 3007; x_wconf 89' lang='lat' dir='ltr'><strong>velle,</strong></span> <span class='ocrx_word' id='word_1_746' title='bbox 2431 2940 2484 2995; x_wconf 93' lang='lat' dir='ltr'><strong>id</strong></span> <span class='ocrx_word' id='word_1_747' title='bbox 2513 2951 2617 3008; x_wconf 88' lang='lat' dir='ltr'><strong>est,</strong></span> <span class='ocrx_word' id='word_1_748' title='bbox 2656 2954 2710 3000; x_wconf 89' lang='lat' dir='ltr'><strong>et</strong></span> <span class='ocrx_word' id='word_1_749' title='bbox 2756 2945 2959 3003; x_wconf 91' lang='lat' dir='ltr'><strong>bonum</strong></span> <span class='ocrx_word' id='word_1_750' title='bbox 2990 2959 3044 3004; x_wconf 93' lang='lat' dir='ltr'><strong>et</strong></span> <span class='ocrx_word' id='word_1_751' title='bbox 3086 2952 3326 3013; x_wconf 90' lang='lat' dir='ltr'><strong>malum:</strong></span> <span class='ocrx_word' id='word_1_752' title='bbox 3357 2955 3493 3013; x_wconf 89' lang='lat' dir='ltr'><strong>liber</strong></span> <span class='ocrx_word' id='word_1_753' title='bbox 3520 2936 3662 3015; x_wconf 79' lang='lat' dir='ltr'><strong>Deus</strong></span> <span class='ocrx_word' id='word_1_754' title='bbox 3693 2976 3811 3021; x_wconf 86' lang='lat' dir='ltr'><strong>non</strong></span> 
     </span>
    </p>
   </div>
   <div class='ocr_carea' id='block_1_93' title="bbox 2211 3034 3809 3124">
    <p class='ocr_par' dir='ltr' id='par_1_93' title="bbox 2211 3034 3809 3124">
     <span class='ocr_line' id='line_1_94' title="bbox 2211 3034 3809 3124; baseline 0.015 -39"><span class='ocrx_word' id='word_1_755' title='bbox 2211 3038 2297 3087; x_wconf 90' lang='lat' dir='ltr'><strong>est</strong></span> <span class='ocrx_word' id='word_1_756' title='bbox 2319 3074 2333 3097; x_wconf 95' lang='lat'><strong>,</strong></span> <span class='ocrx_word' id='word_1_757' title='bbox 2363 3034 2450 3103; x_wconf 90' lang='lat' dir='ltr'><strong>qui</strong></span> <span class='ocrx_word' id='word_1_758' title='bbox 2485 3035 2682 3092; x_wconf 90' lang='lat' dir='ltr'><strong>malum</strong></span> <span class='ocrx_word' id='word_1_759' title='bbox 2704 3053 2809 3093; x_wconf 90' lang='lat' dir='ltr'><strong>non</strong></span> <span class='ocrx_word' id='word_1_760' title='bbox 2839 3050 3020 3110; x_wconf 87' lang='lat' dir='ltr'><strong>potest</strong></span> <span class='ocrx_word' id='word_1_761' title='bbox 3047 3044 3207 3111; x_wconf 90' lang='lat' dir='ltr'><strong>velle,</strong></span> <span class='ocrx_word' id='word_1_762' title='bbox 3253 3044 3322 3102; x_wconf 92' lang='lat' dir='ltr'><strong>de</strong></span> <span class='ocrx_word' id='word_1_763' title='bbox 3352 3062 3457 3118; x_wconf 90' lang='lat' dir='ltr'><strong>quo</strong></span> <span class='ocrx_word' id='word_1_764' title='bbox 3485 3050 3647 3106; x_wconf 89' lang='lat' dir='ltr'><strong>etiam</strong></span> <span class='ocrx_word' id='word_1_765' title='bbox 3691 3053 3809 3124; x_wconf 84' lang='lat' dir='ltr'><strong>ipse</strong></span> 
     </span>
    </p>
   </div>
   <div class='ocr_carea' id='block_1_94' title="bbox 2211 3122 3811 3213">
    <p class='ocr_par' dir='ltr' id='par_1_94' title="bbox 2211 3122 3811 3213">
     <span class='ocr_line' id='line_1_95' title="bbox 2211 3122 3811 3213; baseline 0.016 -35"><span class='ocrx_word' id='word_1_766' title='bbox 2211 3122 2426 3194; x_wconf 78' lang='lat' dir='ltr'><strong>dixisti,</strong></span> <span class='ocrx_word' id='word_1_767' title='bbox 2459 3143 2750 3200; x_wconf 88' lang='lat' dir='ltr'><strong>verumque</strong></span> <span class='ocrx_word' id='word_1_768' title='bbox 2774 3132 2976 3201; x_wconf 80' lang='lat' dir='ltr'><strong>dixisti,</strong></span> <span class='ocrx_word' id='word_1_769' title='bbox 3014 3154 3034 3188; x_wconf 77' lang='grc' dir='ltr'>ι</span> <span class='ocrx_word' id='word_1_770' title='bbox 3062 3136 3205 3193; x_wconf 90' lang='lat' dir='ltr'><strong>Deus</strong></span> <span class='ocrx_word' id='word_1_771' title='bbox 3229 3153 3349 3196; x_wconf 87' lang='lat' dir='ltr'><strong>esse</strong></span> <span class='ocrx_word' id='word_1_772' title='bbox 3370 3140 3470 3197; x_wconf 89' lang='lat' dir='ltr'><strong>nisi</strong></span> <span class='ocrx_word' id='word_1_773' title='bbox 3491 3142 3671 3213; x_wconf 88' lang='lat' dir='ltr'><strong>justus</strong></span> <span class='ocrx_word' id='word_1_774' title='bbox 3698 3162 3811 3204; x_wconf 92' lang='lat' dir='ltr'><strong>non</strong></span> 
     </span>
    </p>
   </div>
   <div class='ocr_carea' id='block_1_95' title="bbox 2210 3210 3809 3306">
    <p class='ocr_par' dir='ltr' id='par_1_95' title="bbox 2210 3210 3809 3306">
     <span class='ocr_line' id='line_1_96' title="bbox 2210 3210 3809 3306; baseline 0.015 -35"><span class='ocrx_word' id='word_1_775' title='bbox 2210 3227 2387 3287; x_wconf 85' lang='lat' dir='ltr'><strong>potest</strong></span> <span class='ocrx_word' id='word_1_776' title='bbox 2422 3237 2441 3271; x_wconf 76' lang='grc' dir='ltr'><strong><em>ι</em></strong></span> <span class='ocrx_word' id='word_1_777' title='bbox 2483 3219 2681 3294; x_wconf 82' lang='lat' dir='ltr'><strong>(Supra</strong></span> <span class='ocrx_word' id='word_1_778' title='bbox 2702 3264 2717 3289; x_wconf 96' lang='lat'><strong>,</strong></span> <span class='ocrx_word' id='word_1_779' title='bbox 2754 3210 2876 3298; x_wconf 77' lang='lat' dir='ltr'><strong>cap.</strong></span> <span class='ocrx_word' id='word_1_780' title='bbox 2905 3227 3025 3299; x_wconf 74' lang='lat'><strong>25).</strong></span> <span class='ocrx_word' id='word_1_781' title='bbox 3072 3228 3283 3287; x_wconf 82' lang='lat' dir='ltr'><strong>Siccine</strong></span> <span class='ocrx_word' id='word_1_782' title='bbox 3309 3232 3475 3288; x_wconf 86' lang='lat' dir='ltr'><strong>Deum</strong></span> <span class='ocrx_word' id='word_1_783' title='bbox 3494 3210 3718 3306; x_wconf 27' lang='lat' dir='ltr'><strong>“laudas,</strong></span> <span class='ocrx_word' id='word_1_784' title='bbox 3751 3249 3809 3295; x_wconf 84' lang='lat' dir='ltr'><strong>ut</strong></span> 
     </span>
    </p>
   </div>
   <div class='ocr_carea' id='block_1_96' title="bbox 2210 3309 3808 3399">
    <p class='ocr_par' dir='ltr' id='par_1_96' title="bbox 2210 3309 3808 3399">
     <span class='ocr_line' id='line_1_97' title="bbox 2210 3309 3808 3399; baseline 0.015 -35"><span class='ocrx_word' id='word_1_785' title='bbox 2210 3309 2259 3365; x_wconf 90' lang='lat' dir='ltr'><strong>el</strong></span> <span class='ocrx_word' id='word_1_786' title='bbox 2288 3311 2503 3369; x_wconf 87' lang='lat' dir='ltr'><strong>auferas</strong></span> <span class='ocrx_word' id='word_1_787' title='bbox 2556 3313 2996 3374; x_wconf 74' lang='lat' dir='ltr'><strong>libertatemian</strong></span> <span class='ocrx_word' id='word_1_788' title='bbox 3053 3323 3231 3392; x_wconf 90' lang='lat' dir='ltr'><strong>potius</strong></span> <span class='ocrx_word' id='word_1_789' title='bbox 3287 3325 3582 3399; x_wconf 85' lang='lat' dir='ltr'><strong>intelligere</strong></span> <span class='ocrx_word' id='word_1_790' title='bbox 3633 3330 3808 3388; x_wconf 89' lang='lat' dir='ltr'><strong>debes</strong></span> 
     </span>
    </p>
   </div>
   <div class='ocr_carea' id='block_1_97' title="bbox 2210 3405 3810 3494">
    <p class='ocr_par' dir='ltr' id='par_1_97' title="bbox 2210 3405 3810 3494">
     <span class='ocr_line' id='line_1_98' title="bbox 2210 3405 3810 3494; baseline 0.014 -38"><span class='ocrx_word' id='word_1_791' title='bbox 2210 3416 2332 3458; x_wconf 89' lang='lat' dir='ltr'><strong>esse</strong></span> <span class='ocrx_word' id='word_1_792' title='bbox 2355 3405 2639 3475; x_wconf 88' lang='lat' dir='ltr'><strong>quamdam</strong></span> <span class='ocrx_word' id='word_1_793' title='bbox 2672 3407 2883 3465; x_wconf 84' lang='lat' dir='ltr'><strong>beatam</strong></span> <span class='ocrx_word' id='word_1_794' title='bbox 2914 3413 3311 3482; x_wconf 89' lang='lat' dir='ltr'><strong>necessitatem,</strong></span> <span class='ocrx_word' id='word_1_795' title='bbox 3339 3432 3441 3489; x_wconf 89' lang='lat' dir='ltr'><strong>qua</strong></span> <span class='ocrx_word' id='word_1_796' title='bbox 3466 3418 3605 3476; x_wconf 90' lang='lat' dir='ltr'><strong>Deus</strong></span> <span class='ocrx_word' id='word_1_797' title='bbox 3634 3421 3810 3494; x_wconf 77' lang='lat' dir='ltr'><strong>injus-</strong></span> 
     </span>
    </p>
   </div>
   <div class='ocr_carea' id='block_1_98' title="bbox 2208 3499 2826 3566">
    <p class='ocr_par' dir='ltr' id='par_1_98' title="bbox 2208 3499 2826 3566">
     <span class='ocr_line' id='line_1_99' title="bbox 2208 3499 2826 3566; baseline 0.016 -19"><span class='ocrx_word' id='word_1_798' title='bbox 2208 3500 2294 3548; x_wconf 91' lang='lat' dir='ltr'><strong>tus</strong></span> <span class='ocrx_word' id='word_1_799' title='bbox 2324 3511 2429 3550; x_wconf 90' lang='lat' dir='ltr'><strong>non</strong></span> <span class='ocrx_word' id='word_1_800' title='bbox 2458 3506 2633 3566; x_wconf 86' lang='lat' dir='ltr'><strong>potest</strong></span> <span class='ocrx_word' id='word_1_801' title='bbox 2659 3515 2780 3556; x_wconf 89' lang='lat' dir='ltr'><strong>esse</strong></span> <span class='ocrx_word' id='word_1_802' title='bbox 2799 3499 2826 3555; x_wconf 69' lang='grc' dir='ltr'><em>Υ</em></span> 
     </span>
    </p>
   </div>
   <div class='ocr_carea' id='block_1_99' title="bbox 2279 3584 3811 3671">
    <p class='ocr_par' dir='ltr' id='par_1_99' title="bbox 2279 3584 3811 3671">
     <span class='ocr_line' id='line_1_100' title="bbox 2279 3584 3811 3671; baseline 0.016 -33"><span class='ocrx_word' id='word_1_803' title='bbox 2279 3584 2365 3640; x_wconf 89' lang='lat' dir='ltr'><strong>Cl.</strong></span> <span class='ocrx_word' id='word_1_804' title='bbox 2394 3585 2514 3642; x_wconf 66' lang='lat' dir='ltr'><strong>Jun.</strong></span> <span class='ocrx_word' id='word_1_805' title='bbox 2545 3587 2650 3644; x_wconf 90' lang='lat' dir='ltr'><strong>Sed</strong></span> <span class='ocrx_word' id='word_1_806' title='bbox 2695 3590 2822 3647; x_wconf 89' lang='lat' dir='ltr'><strong>licet</strong></span> <span class='ocrx_word' id='word_1_807' title='bbox 2846 3591 2992 3648; x_wconf 90' lang='lat' dir='ltr'><strong>nulla</strong></span> <span class='ocrx_word' id='word_1_808' title='bbox 3014 3610 3079 3651; x_wconf 80' lang='lat' dir='ltr'><strong>ex</strong></span> <span class='ocrx_word' id='word_1_809' title='bbox 3121 3606 3270 3669; x_wconf 86' lang='lat' dir='ltr'><strong>parte</strong></span> <span class='ocrx_word' id='word_1_810' title='bbox 3299 3610 3515 3658; x_wconf 90' lang='lat' dir='ltr'><strong>constes</strong></span> <span class='ocrx_word' id='word_1_811' title='bbox 3540 3602 3582 3671; x_wconf 83' lang='lat'><strong>&#39;,</strong></span> <span class='ocrx_word' id='word_1_812' title='bbox 3613 3613 3811 3664; x_wconf 85' lang='lat' dir='ltr'><strong>tamen</strong></span> 
     </span>
    </p>
   </div>
   <div class='ocr_carea' id='block_1_100' title="bbox 2207 3675 3804 3755">
    <p class='ocr_par' dir='ltr' id='par_1_100' title="bbox 2207 3675 3804 3755">
     <span class='ocr_line' id='line_1_101' title="bbox 2207 3675 3804 3755; baseline 0.016 -27"><span class='ocrx_word' id='word_1_813' title='bbox 2207 3675 2335 3744; x_wconf 91' lang='lat' dir='ltr'><strong>quid</strong></span> <span class='ocrx_word' id='word_1_814' title='bbox 2363 3678 2611 3734; x_wconf 89' lang='lat' dir='ltr'><strong>attuleris</strong></span> <span class='ocrx_word' id='word_1_815' title='bbox 2637 3682 2872 3751; x_wconf 88' lang='lat' dir='ltr'><strong>prudens</strong></span> <span class='ocrx_word' id='word_1_816' title='bbox 2904 3684 3074 3741; x_wconf 91' lang='lat' dir='ltr'><strong>lector</strong></span> <span class='ocrx_word' id='word_1_817' title='bbox 3102 3690 3360 3747; x_wconf 88' lang='lat' dir='ltr'><strong>attendat.</strong></span> <span class='ocrx_word' id='word_1_818' title='bbox 3381 3692 3804 3755; x_wconf 89' lang='lat' dir='ltr'><strong>Consentiamns</strong></span> 
     </span>
    </p>
   </div>
   <div class='ocr_carea' id='block_1_101' title="bbox 2206 3764 3807 3850">
    <p class='ocr_par' dir='ltr' id='par_1_101' title="bbox 2206 3764 3807 3850">
     <span class='ocr_line' id='line_1_102' title="bbox 2206 3764 3807 3850; baseline 0.017 -32"><span class='ocrx_word' id='word_1_819' title='bbox 2206 3764 2536 3823; x_wconf 88' lang='lat' dir='ltr'><strong>voluntatem</strong></span> <span class='ocrx_word' id='word_1_820' title='bbox 2567 3770 2791 3827; x_wconf 90' lang='lat' dir='ltr'><strong>liberam</strong></span> <span class='ocrx_word' id='word_1_821' title='bbox 2819 3772 2922 3829; x_wconf 91' lang='lat' dir='ltr'><strong>diei</strong></span> <span class='ocrx_word' id='word_1_822' title='bbox 2948 3790 3127 3847; x_wconf 88' lang='lat' dir='ltr'><strong>posse,</strong></span> <span class='ocrx_word' id='word_1_823' title='bbox 3158 3795 3275 3850; x_wconf 70' lang='lat' dir='ltr'><strong>qua:</strong></span> <span class='ocrx_word' id='word_1_824' title='bbox 3301 3782 3498 3837; x_wconf 90' lang='lat' dir='ltr'><strong>bonum</strong></span> <span class='ocrx_word' id='word_1_825' title='bbox 3522 3785 3659 3841; x_wconf 89' lang='lat' dir='ltr'><strong>velle</strong></span> <span class='ocrx_word' id='word_1_826' title='bbox 3688 3804 3807 3845; x_wconf 86' lang='lat' dir='ltr'><strong>non</strong></span> 
     </span>
    </p>
   </div>
   <div class='ocr_carea' id='block_1_102' title="bbox 2206 3857 3809 3943">
    <p class='ocr_par' dir='ltr' id='par_1_102' title="bbox 2206 3857 3809 3943">
     <span class='ocr_line' id='line_1_103' title="bbox 2206 3857 3809 3943; baseline 0.017 -34"><span class='ocrx_word' id='word_1_827' title='bbox 2206 3863 2418 3924; x_wconf 88' lang='lat' dir='ltr'><strong>potest:</strong></span> <span class='ocrx_word' id='word_1_828' title='bbox 2443 3857 2582 3916; x_wconf 92' lang='lat' dir='ltr'><strong>hanc</strong></span> <span class='ocrx_word' id='word_1_829' title='bbox 2607 3871 2783 3918; x_wconf 90' lang='lat' dir='ltr'><strong>autem</strong></span> <span class='ocrx_word' id='word_1_830' title='bbox 2810 3864 3136 3923; x_wconf 86' lang='lat' dir='ltr'><strong>voluntatem</strong></span> <span class='ocrx_word' id='word_1_831' title='bbox 3168 3869 3219 3924; x_wconf 91' lang='lat' dir='ltr'><strong>in</strong></span> <span class='ocrx_word' id='word_1_832' title='bbox 3243 3870 3568 3943; x_wconf 88' lang='lat' dir='ltr'><strong>Baptismate</strong></span> <span class='ocrx_word' id='word_1_833' title='bbox 3596 3882 3809 3936; x_wconf 88' lang='lat' dir='ltr'><strong>asseris</strong></span> 
     </span>
    </p>
   </div>
   <div class='ocr_carea' id='block_1_103' title="bbox 2206 3947 3791 4030">
    <p class='ocr_par' dir='ltr' id='par_1_103' title="bbox 2206 3947 3791 4030">
     <span class='ocr_line' id='line_1_104' title="bbox 2206 3947 3791 4030; baseline 0.016 -27"><span class='ocrx_word' id='word_1_834' title='bbox 2206 3947 2440 4005; x_wconf 89' lang='lat' dir='ltr'><strong>liberari.</strong></span> <span class='ocrx_word' id='word_1_835' title='bbox 2471 3952 2752 4026; x_wconf 87' lang='lat' dir='ltr'><strong>interrogo</strong></span> <span class='ocrx_word' id='word_1_836' title='bbox 2772 3997 2787 4021; x_wconf 92' lang='lat'><strong>,</strong></span> <span class='ocrx_word' id='word_1_837' title='bbox 2820 3956 2888 4012; x_wconf 90' lang='lat' dir='ltr'><strong>ad</strong></span> <span class='ocrx_word' id='word_1_838' title='bbox 2937 3974 3098 4030; x_wconf 91' lang='lat' dir='ltr'><strong>quem</strong></span> <span class='ocrx_word' id='word_1_839' title='bbox 3150 3962 3368 4018; x_wconf 90' lang='lat' dir='ltr'><strong>modum</strong></span> <span class='ocrx_word' id='word_1_840' title='bbox 3396 3966 3696 4025; x_wconf 81' lang='lat' dir='ltr'><strong>liberatur?</strong></span> <span class='ocrx_word' id='word_1_841' title='bbox 3729 3982 3791 4027; x_wconf 87' lang='lat' dir='ltr'><strong>ut</strong></span> 
     </span>
    </p>
   </div>
   <div class='ocr_carea' id='block_1_104' title="bbox 2204 4041 3798 4122">
    <p class='ocr_par' dir='ltr' id='par_1_104' title="bbox 2204 4041 3798 4122">
     <span class='ocr_line' id='line_1_105' title="bbox 2204 4041 3798 4122; baseline 0.015 -26"><span class='ocrx_word' id='word_1_842' title='bbox 2204 4041 2405 4098; x_wconf 89' lang='lat' dir='ltr'><strong>bonum</strong></span> <span class='ocrx_word' id='word_1_843' title='bbox 2434 4058 2649 4117; x_wconf 87' lang='lat' dir='ltr'><strong>semper</strong></span> <span class='ocrx_word' id='word_1_844' title='bbox 2691 4047 2832 4104; x_wconf 90' lang='lat' dir='ltr'><strong>velle</strong></span> <span class='ocrx_word' id='word_1_845' title='bbox 2881 4061 3104 4122; x_wconf 88' lang='lat' dir='ltr'><strong>cogatur</strong></span> <span class='ocrx_word' id='word_1_846' title='bbox 3127 4094 3142 4119; x_wconf 95' lang='lat'><strong>,</strong></span> <span class='ocrx_word' id='word_1_847' title='bbox 3171 4063 3228 4109; x_wconf 93' lang='lat' dir='ltr'><strong>et</strong></span> <span class='ocrx_word' id='word_1_848' title='bbox 3257 4057 3454 4113; x_wconf 89' lang='lat' dir='ltr'><strong>malum</strong></span> <span class='ocrx_word' id='word_1_849' title='bbox 3500 4060 3636 4116; x_wconf 87' lang='lat' dir='ltr'><strong>velle</strong></span> <span class='ocrx_word' id='word_1_850' title='bbox 3680 4080 3798 4120; x_wconf 90' lang='lat' dir='ltr'><strong>non</strong></span> 
     </span>
    </p>
   </div>
   <div class='ocr_carea' id='block_1_105' title="bbox 2206 4133 3809 4219">
    <p class='ocr_par' dir='ltr' id='par_1_105' title="bbox 2206 4133 3809 4219">
     <span class='ocr_line' id='line_1_106' title="bbox 2206 4133 3809 4219; baseline 0.016 -32"><span class='ocrx_word' id='word_1_851' title='bbox 2206 4133 2419 4202; x_wconf 81' lang='lat' dir='ltr'><strong>possit?</strong></span> <span class='ocrx_word' id='word_1_852' title='bbox 2446 4149 2513 4189; x_wconf 91' lang='lat' dir='ltr'><strong>an</strong></span> <span class='ocrx_word' id='word_1_853' title='bbox 2560 4144 2620 4191; x_wconf 91' lang='lat' dir='ltr'><strong>ut</strong></span> <span class='ocrx_word' id='word_1_854' title='bbox 2664 4146 2950 4211; x_wconf 88' lang='lat' dir='ltr'><strong>utrumque</strong></span> <span class='ocrx_word' id='word_1_855' title='bbox 2979 4145 3143 4214; x_wconf 89' lang='lat' dir='ltr'><strong>possit</strong></span> <span class='ocrx_word' id='word_1_856' title='bbox 3198 4149 3496 4219; x_wconf 86' lang='lat' dir='ltr'><strong>appetere?</strong></span> <span class='ocrx_word' id='word_1_857' title='bbox 3531 4150 3630 4208; x_wconf 81' lang='lat' dir='ltr'><strong>llic</strong></span> <span class='ocrx_word' id='word_1_858' title='bbox 3658 4162 3723 4209; x_wconf 91' lang='lat' dir='ltr'><strong>tu</strong></span> <span class='ocrx_word' id='word_1_859' title='bbox 3754 4156 3809 4213; x_wconf 78' lang='lat' dir='ltr'><strong>si</strong></span> 
     </span>
    </p>
   </div>
   <div class='ocr_carea' id='block_1_106' title="bbox 2202 4226 3805 4313">
    <p class='ocr_par' dir='ltr' id='par_1_106' title="bbox 2202 4226 3805 4313">
     <span class='ocr_line' id='line_1_107' title="bbox 2202 4226 3805 4313; baseline 0.016 -35"><span class='ocrx_word' id='word_1_860' title='bbox 2202 4226 2569 4295; x_wconf 88' lang='lat' dir='ltr'><strong>responderis,</strong></span> <span class='ocrx_word' id='word_1_861' title='bbox 2598 4227 2671 4285; x_wconf 90' lang='lat' dir='ltr'><strong>Ut</strong></span> <span class='ocrx_word' id='word_1_862' title='bbox 2705 4230 2904 4287; x_wconf 89' lang='lat' dir='ltr'><strong>bonum</strong></span> <span class='ocrx_word' id='word_1_863' title='bbox 2939 4247 3152 4306; x_wconf 90' lang='lat' dir='ltr'><strong>semper</strong></span> <span class='ocrx_word' id='word_1_864' title='bbox 3178 4238 3318 4294; x_wconf 90' lang='lat' dir='ltr'><strong>velle</strong></span> <span class='ocrx_word' id='word_1_865' title='bbox 3343 4250 3600 4312; x_wconf 88' lang='lat' dir='ltr'><strong>cogatur:</strong></span> <span class='ocrx_word' id='word_1_866' title='bbox 3629 4262 3805 4313; x_wconf 85' lang='lat' dir='ltr'><strong>quam</strong></span> 
     </span>
    </p>
   </div>
   <div class='ocr_carea' id='block_1_107' title="bbox 2201 4315 3804 4398">
    <p class='ocr_par' dir='ltr' id='par_1_107' title="bbox 2201 4315 3804 4398">
     <span class='ocr_line' id='line_1_108' title="bbox 2201 4315 3804 4398; baseline 0.015 -27"><span class='ocrx_word' id='word_1_867' title='bbox 2201 4315 2276 4371; x_wconf 89' lang='lat' dir='ltr'><strong>sis</strong></span> <span class='ocrx_word' id='word_1_868' title='bbox 2306 4315 2685 4386; x_wconf 85' lang='lat' dir='ltr'><strong>Jovinianista,</strong></span> <span class='ocrx_word' id='word_1_869' title='bbox 2718 4322 2878 4377; x_wconf 87' lang='lat' dir='ltr'><strong>etiam</strong></span> <span class='ocrx_word' id='word_1_870' title='bbox 2903 4325 3015 4395; x_wconf 89' lang='lat' dir='ltr'><strong>ipse</strong></span> <span class='ocrx_word' id='word_1_871' title='bbox 3043 4329 3344 4398; x_wconf 88' lang='lat' dir='ltr'><strong>cognoscis.</strong></span> <span class='ocrx_word' id='word_1_872' title='bbox 3370 4330 3426 4387; x_wconf 92' lang='lat' dir='ltr'><strong>Si</strong></span> <span class='ocrx_word' id='word_1_873' title='bbox 3447 4342 3622 4389; x_wconf 89' lang='lat' dir='ltr'><strong>autem</strong></span> <span class='ocrx_word' id='word_1_874' title='bbox 3640 4335 3804 4395; x_wconf 78' lang='lat' dir='ltr'><strong>dixe-</strong></span> 
     </span>
    </p>
   </div>
   <div class='ocr_carea' id='block_1_108' title="bbox 2199 4406 3806 4491">
    <p class='ocr_par' dir='ltr' id='par_1_108' title="bbox 2199 4406 3806 4491">
     <span class='ocr_line' id='line_1_109' title="bbox 2199 4406 3806 4491; baseline 0.016 -30"><span class='ocrx_word' id='word_1_875' title='bbox 2199 4406 2297 4475; x_wconf 88' lang='lat' dir='ltr'><strong>ris,</strong></span> <span class='ocrx_word' id='word_1_876' title='bbox 2325 4408 2603 4475; x_wconf 85' lang='lat' dir='ltr'><strong>Quomodo</strong></span> <span class='ocrx_word' id='word_1_877' title='bbox 2630 4422 2824 4483; x_wconf 88' lang='lat' dir='ltr'><strong>potest</strong></span> <span class='ocrx_word' id='word_1_878' title='bbox 2870 4429 2991 4472; x_wconf 89' lang='lat' dir='ltr'><strong>esse</strong></span> <span class='ocrx_word' id='word_1_879' title='bbox 3015 4417 3261 4476; x_wconf 87' lang='lat' dir='ltr'><strong>voluntas</strong></span> <span class='ocrx_word' id='word_1_880' title='bbox 3289 4421 3480 4491; x_wconf 89' lang='lat' dir='ltr'><strong>libera,</strong></span> <span class='ocrx_word' id='word_1_881' title='bbox 3510 4425 3555 4480; x_wconf 91' lang='lat' dir='ltr'><strong>si</strong></span> <span class='ocrx_word' id='word_1_882' title='bbox 3585 4424 3806 4486; x_wconf 87' lang='lat' dir='ltr'><strong>bonum</strong></span> 
     </span>
    </p>
   </div>
   <div class='ocr_carea' id='block_1_109' title="bbox 2198 4504 3804 4580">
    <p class='ocr_par' dir='ltr' id='par_1_109' title="bbox 2198 4504 3804 4580">
     <span class='ocr_line' id='line_1_110' title="bbox 2198 4504 3804 4580; baseline 0.013 -25"><span class='ocrx_word' id='word_1_883' title='bbox 2198 4514 2413 4570; x_wconf 87' lang='lat' dir='ltr'><strong>semper</strong></span> <span class='ocrx_word' id='word_1_884' title='bbox 2436 4504 2575 4559; x_wconf 87' lang='lat' dir='ltr'><strong>velle</strong></span> <span class='ocrx_word' id='word_1_885' title='bbox 2600 4506 2862 4575; x_wconf 85' lang='lat' dir='ltr'><strong>cogatur?</strong></span> <span class='ocrx_word' id='word_1_886' title='bbox 2887 4509 3212 4579; x_wconf 81' lang='lat' dir='ltr'><strong>reSpondeo,</strong></span> <span class='ocrx_word' id='word_1_887' title='bbox 3261 4511 3542 4580; x_wconf 86' lang='lat' dir='ltr'><strong>Quomodo</strong></span> <span class='ocrx_word' id='word_1_888' title='bbox 3565 4516 3804 4576; x_wconf 83' lang='lat' dir='ltr'><strong>diceba-</strong></span> 
     </span>
    </p>
   </div>
   <div class='ocr_carea' id='block_1_110' title="bbox 2197 4593 3806 4670">
    <p class='ocr_par' dir='ltr' id='par_1_110' title="bbox 2197 4593 3806 4670">
     <span class='ocr_line' id='line_1_111' title="bbox 2197 4593 3806 4670; baseline 0.014 -24"><span class='ocrx_word' id='word_1_889' title='bbox 2197 4600 2284 4647; x_wconf 92' lang='lat' dir='ltr'><strong>tur</strong></span> <span class='ocrx_word' id='word_1_890' title='bbox 2307 4601 2429 4648; x_wconf 90' lang='lat' dir='ltr'><strong>ante</strong></span> <span class='ocrx_word' id='word_1_891' title='bbox 2455 4593 2702 4651; x_wconf 84' lang='lat' dir='ltr'><strong>voluntas</strong></span> <span class='ocrx_word' id='word_1_892' title='bbox 2727 4598 2917 4667; x_wconf 88' lang='lat' dir='ltr'><strong>libera,</strong></span> <span class='ocrx_word' id='word_1_893' title='bbox 2946 4601 2990 4656; x_wconf 90' lang='lat' dir='ltr'><strong>si</strong></span> <span class='ocrx_word' id='word_1_894' title='bbox 3023 4602 3222 4659; x_wconf 89' lang='lat' dir='ltr'><strong>malum</strong></span> <span class='ocrx_word' id='word_1_895' title='bbox 3251 4606 3389 4662; x_wconf 85' lang='lat' dir='ltr'><strong>velle</strong></span> <span class='ocrx_word' id='word_1_896' title='bbox 3417 4612 3806 4670; x_wconf 85' lang='lat' dir='ltr'><strong>tantummodo</strong></span> 
     </span>
    </p>
   </div>
   <div class='ocr_carea' id='block_1_111' title="bbox 2194 4685 3807 4776">
    <p class='ocr_par' dir='ltr' id='par_1_111' title="bbox 2194 4685 3807 4776">
     <span class='ocr_line' id='line_1_112' title="bbox 2194 4685 3807 4776; baseline 0.013 -38"><span class='ocrx_word' id='word_1_897' title='bbox 2194 4685 2522 4755; x_wconf 84' lang='lat' dir='ltr'><strong>cogebatur?</strong></span> <span class='ocrx_word' id='word_1_898' title='bbox 2552 4685 2608 4743; x_wconf 91' lang='lat' dir='ltr'><strong>Si</strong></span> <span class='ocrx_word' id='word_1_899' title='bbox 2634 4702 2763 4760; x_wconf 91' lang='lat' dir='ltr'><strong>ergo</strong></span> <span class='ocrx_word' id='word_1_900' title='bbox 2800 4692 3286 4763; x_wconf 57' lang='lat' dir='ltr'><strong>responderis,,sic</strong></span> <span class='ocrx_word' id='word_1_901' title='bbox 3313 4695 3427 4753; x_wconf 84' lang='lat' dir='ltr'><strong>fieri</strong></span> <span class='ocrx_word' id='word_1_902' title='bbox 3462 4710 3578 4770; x_wconf 89' lang='lat' dir='ltr'><strong>post</strong></span> <span class='ocrx_word' id='word_1_903' title='bbox 3605 4701 3807 4776; x_wconf 85' lang='lat' dir='ltr'><strong>Bapti-</strong></span> 
     </span>
    </p>
   </div>
   <div class='ocr_carea' id='block_1_112' title="bbox 2194 4775 3805 4864">
    <p class='ocr_par' dir='ltr' id='par_1_112' title="bbox 2194 4775 3805 4864">
     <span class='ocr_line' id='line_1_113' title="bbox 2194 4775 3805 4864; baseline 0.013 -33"><span class='ocrx_word' id='word_1_904' title='bbox 2194 4789 2309 4831; x_wconf 90' lang='lat' dir='ltr'><strong>sma</strong></span> <span class='ocrx_word' id='word_1_905' title='bbox 2336 4775 2556 4834; x_wconf 88' lang='lat' dir='ltr'><strong>liberam</strong></span> <span class='ocrx_word' id='word_1_906' title='bbox 2577 4780 2928 4850; x_wconf 88' lang='lat' dir='ltr'><strong>voluntatem,</strong></span> <span class='ocrx_word' id='word_1_907' title='bbox 2954 4792 3009 4839; x_wconf 92' lang='lat' dir='ltr'><strong>ut</strong></span> <span class='ocrx_word' id='word_1_908' title='bbox 3033 4795 3088 4840; x_wconf 92' lang='lat' dir='ltr'><strong>et</strong></span> <span class='ocrx_word' id='word_1_909' title='bbox 3109 4801 3328 4858; x_wconf 87' lang='lat' dir='ltr'><strong>peccare</strong></span> <span class='ocrx_word' id='word_1_910' title='bbox 3355 4799 3410 4846; x_wconf 92' lang='lat' dir='ltr'><strong>ct</strong></span> <span class='ocrx_word' id='word_1_911' title='bbox 3434 4806 3538 4847; x_wconf 92' lang='lat' dir='ltr'><strong>non</strong></span> <span class='ocrx_word' id='word_1_912' title='bbox 3558 4775 3805 4864; x_wconf 84' lang='lat' dir='ltr'><strong>peccare</strong></span> 
     </span>
    </p>
   </div>
   <div class='ocr_carea' id='block_1_113' title="bbox 2194 4868 3803 4944">
    <p class='ocr_par' dir='ltr' id='par_1_113' title="bbox 2194 4868 3803 4944">
     <span class='ocr_line' id='line_1_114' title="bbox 2194 4868 3803 4944; baseline 0.015 -24"><span class='ocrx_word' id='word_1_913' title='bbox 2194 4868 2360 4937; x_wconf 89' lang='lat' dir='ltr'><strong>possit</strong></span> <span class='ocrx_word' id='word_1_914' title='bbox 2389 4887 2403 4936; x_wconf 92' lang='lat'><strong>;</strong></span> <span class='ocrx_word' id='word_1_915' title='bbox 2432 4869 2535 4925; x_wconf 91' lang='lat' dir='ltr'><strong>hoc</strong></span> <span class='ocrx_word' id='word_1_916' title='bbox 2564 4872 2680 4943; x_wconf 90' lang='lat' dir='ltr'><strong>ipso</strong></span> <span class='ocrx_word' id='word_1_917' title='bbox 2710 4876 3082 4944; x_wconf 88' lang='lat' dir='ltr'><strong>pronuntiabis</strong></span> <span class='ocrx_word' id='word_1_918' title='bbox 3112 4878 3335 4936; x_wconf 85' lang='lat' dir='ltr'><strong>liberum</strong></span> <span class='ocrx_word' id='word_1_919' title='bbox 3364 4882 3642 4939; x_wconf 90' lang='lat' dir='ltr'><strong>arbitrium</strong></span> <span class='ocrx_word' id='word_1_920' title='bbox 3669 4903 3803 4944; x_wconf 80' lang='lat' dir='ltr'><strong>non</strong></span> 
     </span>
    </p>
   </div>
   <div class='ocr_carea' id='block_1_114' title="bbox 2193 4958 3792 5042">
    <p class='ocr_par' dir='ltr' id='par_1_114' title="bbox 2193 4958 3792 5042">
     <span class='ocr_line' id='line_1_115' title="bbox 2193 4958 3792 5042; baseline 0.014 -28"><span class='ocrx_word' id='word_1_921' title='bbox 2193 4958 2389 5028; x_wconf 79' lang='lat' dir='ltr'><strong>fuisse,</strong></span> <span class='ocrx_word' id='word_1_922' title='bbox 2422 4979 2542 5018; x_wconf 90' lang='lat' dir='ltr'><strong>cum</strong></span> <span class='ocrx_word' id='word_1_923' title='bbox 2575 4973 2859 5038; x_wconf 89' lang='lat' dir='ltr'><strong>utrumque</strong></span> <span class='ocrx_word' id='word_1_924' title='bbox 2894 4984 2999 5024; x_wconf 90' lang='lat' dir='ltr'><strong>non</strong></span> <span class='ocrx_word' id='word_1_925' title='bbox 3043 4980 3269 5042; x_wconf 88' lang='lat' dir='ltr'><strong>poterat.</strong></span> <span class='ocrx_word' id='word_1_926' title='bbox 3313 4971 3588 5031; x_wconf 87' lang='lat' dir='ltr'><strong>Clauderis</strong></span> <span class='ocrx_word' id='word_1_927' title='bbox 3614 4980 3792 5036; x_wconf 86' lang='lat' dir='ltr'><strong>undi-</strong></span> 
     </span>
    </p>
   </div>
   <div class='ocr_carea' id='block_1_115' title="bbox 2191 5052 3789 5142">
    <p class='ocr_par' dir='ltr' id='par_1_115' title="bbox 2191 5052 3789 5142">
     <span class='ocr_line' id='line_1_116' title="bbox 2191 5052 3789 5142; baseline 0.013 -36"><span class='ocrx_word' id='word_1_928' title='bbox 2191 5067 2294 5122; x_wconf 90' lang='lat' dir='ltr'><strong>que</strong></span> <span class='ocrx_word' id='word_1_929' title='bbox 2318 5052 2691 5125; x_wconf 87' lang='lat' dir='ltr'><strong>disputationis</strong></span> <span class='ocrx_word' id='word_1_930' title='bbox 2713 5068 2815 5113; x_wconf 73' lang='lat' dir='ltr'><strong>ture</strong></span> <span class='ocrx_word' id='word_1_931' title='bbox 2840 5059 3045 5131; x_wconf 86' lang='lat' dir='ltr'><strong>laqueis</strong></span> <span class='ocrx_word' id='word_1_932' title='bbox 3078 5080 3092 5115; x_wconf 87' lang='lat'>:</span> <span class='ocrx_word' id='word_1_933' title='bbox 3129 5064 3406 5120; x_wconf 90' lang='lat' dir='ltr'><strong>arbitrium</strong></span> <span class='ocrx_word' id='word_1_934' title='bbox 3431 5076 3555 5124; x_wconf 89' lang='lat' dir='ltr'><strong>ante</strong></span> <span class='ocrx_word' id='word_1_935' title='bbox 3584 5066 3789 5142; x_wconf 84' lang='lat' dir='ltr'><strong>Bapti-</strong></span> 
     </span>
    </p>
   </div>
   <div class='ocr_carea' id='block_1_116' title="bbox 2189 5146 3790 5230">
    <p class='ocr_par' dir='ltr' id='par_1_116' title="bbox 2189 5146 3790 5230">
     <span class='ocr_line' id='line_1_117' title="bbox 2189 5146 3790 5230; baseline 0.011 -31"><span class='ocrx_word' id='word_1_936' title='bbox 2189 5159 2303 5201; x_wconf 87' lang='lat' dir='ltr'><strong>sma</strong></span> <span class='ocrx_word' id='word_1_937' title='bbox 2343 5146 2567 5203; x_wconf 89' lang='lat' dir='ltr'><strong>liberum</strong></span> <span class='ocrx_word' id='word_1_938' title='bbox 2603 5148 2734 5215; x_wconf 83' lang='lat' dir='ltr'><strong>fuit;</strong></span> <span class='ocrx_word' id='word_1_939' title='bbox 2781 5149 3085 5209; x_wconf 81' lang='lat' dir='ltr'><strong>facultatem</strong></span> <span class='ocrx_word' id='word_1_940' title='bbox 3116 5153 3304 5212; x_wconf 87' lang='lat' dir='ltr'><strong>habuit</strong></span> <span class='ocrx_word' id='word_1_941' title='bbox 3344 5157 3567 5214; x_wconf 88' lang='lat' dir='ltr'><strong>faciendi</strong></span> <span class='ocrx_word' id='word_1_942' title='bbox 3600 5159 3736 5216; x_wconf 89' lang='lat' dir='ltr'><strong>boni</strong></span> <span class='ocrx_word' id='word_1_943' title='bbox 3762 5206 3790 5230; x_wconf 53' lang='grc' dir='ltr'><strong>ι</strong></span> 
     </span>
    </p>
   </div>
   <div class='ocr_carea' id='block_1_117' title="bbox 2188 5239 3798 5329">
    <p class='ocr_par' dir='ltr' id='par_1_117' title="bbox 2188 5239 3798 5329">
     <span class='ocr_line' id='line_1_118' title="bbox 2188 5239 3798 5329; baseline 0.011 -36"><span class='ocrx_word' id='word_1_944' title='bbox 2188 5239 2327 5294; x_wconf 90' lang='lat' dir='ltr'><strong>sicut</strong></span> <span class='ocrx_word' id='word_1_945' title='bbox 2351 5240 2652 5297; x_wconf 85' lang='lat' dir='ltr'><strong>facultatem</strong></span> <span class='ocrx_word' id='word_1_946' title='bbox 2679 5243 2862 5300; x_wconf 85' lang='lat' dir='ltr'><strong>habuit</strong></span> <span class='ocrx_word' id='word_1_947' title='bbox 2887 5244 3109 5303; x_wconf 87' lang='lat' dir='ltr'><strong>faciendi</strong></span> <span class='ocrx_word' id='word_1_948' title='bbox 3136 5250 3258 5305; x_wconf 88' lang='lat' dir='ltr'><strong>mali</strong></span> <span class='ocrx_word' id='word_1_949' title='bbox 3286 5267 3301 5317; x_wconf 90' lang='lat'><strong>;</strong></span> <span class='ocrx_word' id='word_1_950' title='bbox 3333 5262 3386 5307; x_wconf 91' lang='lat' dir='ltr'><strong>et</strong></span> <span class='ocrx_word' id='word_1_951' title='bbox 3406 5254 3580 5308; x_wconf 85' lang='lat' dir='ltr'><strong>omnis</strong></span> <span class='ocrx_word' id='word_1_952' title='bbox 3642 5255 3798 5329; x_wconf 76' lang='lat' dir='ltr'><strong>deg-</strong></span> 
     </span>
    </p>
   </div>
   <div class='ocr_carea' id='block_1_118' title="bbox 2188 5332 3778 5428">
    <p class='ocr_par' dir='ltr' id='par_1_118' title="bbox 2188 5332 3778 5428">
     <span class='ocr_line' id='line_1_119' title="bbox 2188 5332 3778 5428; baseline 0.012 -42"><span class='ocrx_word' id='word_1_953' title='bbox 2188 5335 2345 5388; x_wconf 91' lang='lat' dir='ltr'><strong>matis</strong></span> <span class='ocrx_word' id='word_1_954' title='bbox 2375 5332 2471 5398; x_wconf 90' lang='lat' dir='ltr'><strong>tui,</strong></span> <span class='ocrx_word' id='word_1_955' title='bbox 2500 5348 2607 5405; x_wconf 80' lang='lat' dir='ltr'><strong>quo</strong></span> <span class='ocrx_word' id='word_1_956' title='bbox 2633 5335 2832 5391; x_wconf 88' lang='lat' dir='ltr'><strong>malum</strong></span> <span class='ocrx_word' id='word_1_957' title='bbox 2860 5339 3101 5428; x_wconf 71' lang='lat' dir='ltr'><strong>naturale</strong></span> <span class='ocrx_word' id='word_1_958' title='bbox 3127 5343 3440 5412; x_wconf 89' lang='lat' dir='ltr'><strong>persuades,</strong></span> <span class='ocrx_word' id='word_1_959' title='bbox 3470 5361 3628 5402; x_wconf 88' lang='lat' dir='ltr'><strong>scena</strong></span> <span class='ocrx_word' id='word_1_960' title='bbox 3658 5350 3778 5404; x_wconf 79' lang='lat' dir='ltr'><strong>col-</strong></span> 
     </span>
    </p>
   </div>
   <div class='ocr_carea' id='block_1_119' title="bbox 2186 5423 2395 5480">
    <p class='ocr_par' dir='ltr' id='par_1_119' title="bbox 2186 5423 2395 5480">
     <span class='ocr_line' id='line_1_120' title="bbox 2186 5423 2395 5480; baseline 0 -2"><span class='ocrx_word' id='word_1_961' title='bbox 2186 5423 2395 5480; x_wconf 86' lang='lat' dir='ltr'><strong>labitur.</strong></span> 
     </span>
    </p>
   </div>
   <div class='ocr_carea' id='block_1_120' title="bbox 2256 5515 3781 5602">
    <p class='ocr_par' dir='ltr' id='par_1_120' title="bbox 2256 5515 3781 5602">
     <span class='ocr_line' id='line_1_121' title="bbox 2256 5515 3781 5602; baseline 0.01 -32"><span class='ocrx_word' id='word_1_962' title='bbox 2256 5515 2391 5573; x_wconf 83' lang='lat' dir='ltr'><strong>Auc.</strong></span> <span class='ocrx_word' id='word_1_963' title='bbox 2425 5516 2497 5571; x_wconf 88' lang='lat' dir='ltr'><strong>De</strong></span> <span class='ocrx_word' id='word_1_964' title='bbox 2522 5517 2811 5576; x_wconf 67' lang='lat' dir='ltr'><strong>Manichreo</strong></span> <span class='ocrx_word' id='word_1_965' title='bbox 2830 5533 2885 5578; x_wconf 89' lang='lat' dir='ltr'><strong>et</strong></span> <span class='ocrx_word' id='word_1_966' title='bbox 2910 5523 3314 5598; x_wconf 64' lang='lat' dir='ltr'><strong>Joviniauojam</strong></span> <span class='ocrx_word' id='word_1_967' title='bbox 3341 5545 3425 5584; x_wconf 89' lang='lat' dir='ltr'><strong>me</strong></span> <span class='ocrx_word' id='word_1_968' title='bbox 3467 5532 3558 5587; x_wconf 90' lang='lat' dir='ltr'><strong>tibi</strong></span> <span class='ocrx_word' id='word_1_969' title='bbox 3603 5548 3781 5602; x_wconf 68' lang='lat' dir='ltr'><strong>supa-</strong></span> 
     </span>
    </p>
   </div>
   <div class='ocr_carea' id='block_1_121' title="bbox 2247 5650 2734 5707">
    <p class='ocr_par' dir='ltr' id='par_1_121' title="bbox 2247 5650 2734 5707">
     <span class='ocr_line' id='line_1_122' title="bbox 2247 5650 2734 5707; baseline 0.012 -9"><span class='ocrx_word' id='word_1_970' title='bbox 2247 5651 2265 5683; x_wconf 83' lang='grc'>¹</span> <span class='ocrx_word' id='word_1_971' title='bbox 2300 5656 2429 5707; x_wconf 66' lang='grc' dir='ltr'><strong>διες..</strong></span> <span class='ocrx_word' id='word_1_972' title='bbox 2448 5650 2734 5705; x_wconf 79' lang='lat' dir='ltr'><strong>dominetur.</strong></span> 
     </span>
    </p>
   </div>
   <div class='ocr_carea' id='block_1_122' title="bbox 2246 5714 3768 5794">
    <p class='ocr_par' dir='ltr' id='par_1_122' title="bbox 2246 5714 3768 5794">
     <span class='ocr_line' id='line_1_123' title="bbox 2246 5714 3768 5794; baseline 0.016 -36"><span class='ocrx_word' id='word_1_973' title='bbox 2246 5714 2266 5743; x_wconf 72' lang='grc' dir='ltr'><strong>ε·</strong></span> <span class='ocrx_word' id='word_1_974' title='bbox 2292 5714 2558 5794; x_wconf 70' lang='lat' dir='ltr'><strong>Meuardus,</strong></span> <span class='ocrx_word' id='word_1_975' title='bbox 2594 5730 2690 5781; x_wconf 84' lang='lat' dir='ltr'><strong>qua</strong></span> <span class='ocrx_word' id='word_1_976' title='bbox 2711 5719 2991 5794; x_wconf 65' lang='lat' dir='ltr'><strong>profzntitas.</strong></span> <span class='ocrx_word' id='word_1_977' title='bbox 3018 5724 3289 5788; x_wconf 76' lang='lat' dir='ltr'><strong>\‘iguierius</strong></span> <span class='ocrx_word' id='word_1_978' title='bbox 3305 5762 3318 5787; x_wconf 92' lang='lat'><strong>,</strong></span> <span class='ocrx_word' id='word_1_979' title='bbox 3340 5740 3434 5792; x_wconf 80' lang='lat' dir='ltr'><strong>qua</strong></span> <span class='ocrx_word' id='word_1_980' title='bbox 3454 5728 3768 5794; x_wconf 61' lang='lat' dir='ltr'><strong>proﬁmttau.</strong></span> 
     </span>
    </p>
   </div>
   <div class='ocr_carea' id='block_1_123' title="bbox 2184 5774 2967 5845">
    <p class='ocr_par' dir='ltr' id='par_1_123' title="bbox 2184 5774 2967 5845">
     <span class='ocr_line' id='line_1_124' title="bbox 2184 5774 2967 5845; baseline 0.013 -24"><span class='ocrx_word' id='word_1_981' title='bbox 2184 5774 2505 5845; x_wconf 61' lang='lat' dir='ltr'><strong>[mandantur</strong></span> <span class='ocrx_word' id='word_1_982' title='bbox 2528 5774 2591 5827; x_wconf 82' lang='lat' dir='ltr'><strong>ex</strong></span> <span class='ocrx_word' id='word_1_983' title='bbox 2607 5774 2967 5845; x_wconf 67' lang='lat' dir='ltr'><strong>&#39;utanuscriptis.</strong></span> 
     </span>
    </p>
   </div>
   <div class='ocr_carea' id='block_1_124' title="bbox 2248 5836 3157 5905">
    <p class='ocr_par' dir='ltr' id='par_1_124' title="bbox 2248 5836 3157 5905">
     <span class='ocr_line' id='line_1_125' title="bbox 2248 5836 3157 5905; baseline 0.014 -23"><span class='ocrx_word' id='word_1_984' title='bbox 2248 5837 2266 5867; x_wconf 91' lang='grc'><strong><em>³</em></strong></span> <span class='ocrx_word' id='word_1_985' title='bbox 2289 5836 2424 5896; x_wconf 67' lang='grc' dir='ltr'><strong>Μὶιὶ,</strong></span> <span class='ocrx_word' id='word_1_986' title='bbox 2453 5847 2641 5891; x_wconf 67' lang='lat' dir='ltr'><strong>(malet.</strong></span> <span class='ocrx_word' id='word_1_987' title='bbox 2673 5850 2773 5894; x_wconf 60' lang='lat' dir='ltr'><strong>Vss.</strong></span> <span class='ocrx_word' id='word_1_988' title='bbox 2802 5836 2933 5905; x_wconf 55' lang='lat' dir='ltr'><strong>vero,</strong></span> <span class='ocrx_word' id='word_1_989' title='bbox 2959 5853 3157 5899; x_wconf 66' lang='lat' dir='ltr'><strong>(etuias.</strong></span> 
     </span>
    </p>
   </div>
  </div>
