3996 6496
208 485 310 544 rius
325 478 551 539 inveniet
571 478 935 550 respondisse,
976 477 1065 549 qui
1092 475 1318 550 legerit:
1341 476 1610 548 quomodo
1648 490 1747 531 au—

213 586 307 633 tem
325 572 462 629 dicas
499 586 645 636 eum.
673 571 827 642 cujus
861 570 1180 627 voluntatem
1204 584 1304 628 nos
1326 569 1550 625 dicimus
1590 583 1621 622 a
1645 568 1751 624 Do-

217 664 345 721 mino
363 659 666 732 praeparari,
690 661 763 715 ita
791 660 900 716 fieri
921 660 1074 715 bona:
1112 659 1401 714 voluntatis
1423 699 1442 728 ,
1468 669 1524 713 ιιι
1551 656 1748 714 bonum

212 754 330 813 velle
353 760 565 823 cogatur
584 752 751 821 (quod
771 752 908 808 absit
931 761 988 806 ut
1025 751 1232 807 dicatur
1258 767 1290 807 a
1328 751 1529 823 nobis),
1560 749 1752 809 viderit

210 843 431 921 praeclara
459 841 806 913 intelligentia
828 852 935 900 tua.
959 843 1015 901 Si
1039 844 1182 899 enim
1202 843 1430 913 cogitur,
1462 857 1568 897 non
1589 840 1700 896 vult
1734 858 1749 896 :

210 932 382 1007 etquid
400 932 677 989 absurdius
699 974 716 1002 ,
748 950 906 1004 quam
933 945 989 989 ut
1007 933 1212 990 dicatur
1235 934 1422 989 nolens
1443 933 1579 989 velle
1607 930 1749 1002 quod

210 1030 376 1087 bonum
401 1023 522 1080 est?
558 1024 635 1079 De
677 1036 862 1081 natura
899 1026 1058 1083 etiam
1100 1026 1194 1082 Dei
1220 1025 1340 1082 vide
1376 1025 1500 1096 quid
1522 1025 1747 1090 sentias,

211 1119 346 1174 homo
362 1116 445 1185 qui
467 1114 601 1170 dicis
621 1116 739 1187 cogi
762 1115 1029 1173 hominem
1051 1124 1112 1172 ut
1130 1117 1329 1172 bonum
1369 1116 1536 1181 velit,
1566 1115 1610 1170 si
1633 1130 1749 1169 ma-

214 1210 301 1269 lum
319 1204 444 1261 velle
483 1221 591 1261 non
642 1207 829 1277 possit.
854 1206 1121 1277 Numquid
1164 1208 1307 1263 enim
1355 1207 1496 1262 Deus
1543 1206 1748 1278 cogitur

214 1297 329 1354 velle
343 1297 527 1352 bonum
553 1335 570 1360 ,
597 1296 722 1365 quia
750 1296 885 1352 velle
924 1313 1029 1351 non
1054 1307 1226 1367 potest
1248 1297 1465 1362 malum,
1494 1296 1745 1367 quoniam

216 1396 285 1442 est
299 1384 490 1441 omnino
519 1384 909 1441 immutabilis?
933 1385 1133 1442 Natura
1172 1403 1300 1442 vero
1323 1387 1551 1443 humana
1573 1403 1749 1456 quam-

217 1479 280 1531 vis
297 1473 562 1541 mutabilis,
586 1486 841 1546 quantum
882 1475 950 1531 ad
999 1477 1052 1533 id
1093 1479 1320 1547 pertinet
1361 1477 1504 1549 quod
1530 1477 1744 1533 condita

216 1578 296 1633 est,
312 1567 432 1623 bona
453 1579 566 1635 est;
601 1582 721 1639 qua:
743 1583 849 1624 non
873 1569 1046 1625 solum
1086 1570 1201 1627 sine
1228 1570 1353 1625 vitio
1377 1570 1510 1625 facta
1528 1578 1636 1636 est,
1658 1585 1749 1626 ve-

216 1658 466 1717 runtetiam
486 1674 606 1715 eum
635 1674 733 1731 per
764 1661 948 1716 vitium
972 1662 1108 1719 mala
1151 1670 1255 1728 est,
1285 1678 1451 1734 capax
1477 1671 1561 1718 est
1595 1662 1744 1730 boni,

215 1748 476 1822 quo‘bona
518 1748 608 1804 sit.
654 1749 778 1806 Haac
802 1766 929 1806 vera
980 1751 1241 1807 sententia
1289 1750 1530 1806 fallacem
1577 1751 1748 1807 Mani-

216 1843 437 1897 cha'orum
478 1839 670 1915 evertit
715 1839 995 1897 insaniam.
1036 1840 1111 1919 ⁸Ιιι
1137 1841 1408 1912 Baptismo
1446 1851 1623 1897 autem
1676 1843 1748 1897 ita

218 1938 390 2003 peccata
416 1930 589 2003 omnia
618 1929 956 1991 dimittuntur
975 1931 1027 1987 in
1061 1932 1153 1988 Dei
1189 1933 1378 2004 gratia,
1406 1948 1512 2004 qua
1541 1934 1561 1964 ²
1585 1941 1640 1987 ει
1678 1930 1744 1988 ad

217 2024 350 2093 ipsum
373 2021 695 2092 Baptismum
723 2022 885 2080 homo
911 2033 1203 2096 praeparata
1230 2026 1298 2081 ab
1342 2026 1434 2081 illo
1474 2026 1745 2082 voluntate

218 2112 494 2184 perducitur,
516 2123 576 2169 ut
598 2113 851 2188 deinceps
879 2117 1123 2189 quamvis
1165 2118 1509 2189 concupiscat
1526 2119 1746 2189 spiritus

217 2202 305 2272 ejus
342 2201 588 2259 adversus
614 2219 853 2274 carnem,
880 2222 949 2262 nc
977 2206 999 2239 ³
1024 2208 1320 2264 consentiat
1349 2209 1629 2280 iniquitati,
1664 2217 1746 2265 ta-

218 2309 309 2349 men
331 2302 380 2349 et
415 2308 537 2351 caro
582 2297 925 2370 concupiscat
947 2299 1202 2357 adversus
1226 2302 1468 2373 Spiritum
1490 2345 1507 2370 ,
1552 2312 1612 2360 ut
1638 2318 1746 2359 non

221 2384 339 2440 iaciat
360 2394 407 2441 et
451 2384 537 2442 ille
561 2387 706 2459 quod
757 2389 889 2445 vult.
948 2391 1071 2447 Vult
1109 2391 1253 2449 enim
1290 2403 1347 2450 et
1387 2394 1544 2451 istam
1570 2395 1748 2452 carnis

219 2477 652 2545 concupiscentiam
681 2495 787 2536 non
815 2481 1012 2539 habere
1039 2500 1052 2536 :
1084 2483 1185 2540 sed
1208 2499 1314 2541 non
1344 2493 1520 2556 potest
1560 2501 1743 2553 nunc;

219 2575 388 2641 propter
404 2567 538 2657 quod
560 2568 734 2627 adhuc
760 2571 812 2627 in
836 2588 895 2628 se
917 2572 1034 2645 ipso
1054 2574 1374 2647 ingemiscit,
1404 2576 1745 2649 adoptionem

219 2666 478 2728 exspectans
494 2658 915 2732 redemptionem
933 2666 1172 2737 corporis
1186 2665 1269 2735 sui
1289 2665 1463 2738 (Rom.
1488 2683 1601 2734 vin,
1625 2667 1746 2742 25),

222 2751 289 2807 ubi
320 2752 387 2808 sic
409 2752 600 2811 habeat
648 2770 866 2813 carnem
888 2798 906 2824 ,
951 2768 1009 2814 ut
1030 2759 1141 2831 jam
1167 2775 1391 2831 peccare
1421 2776 1528 2817 non
1557 2763 1743 2831 possit.

223 2840 340 2899 Nunc
358 2858 499 2917 ergo,
529 2861 639 2902 non
668 2847 843 2903 solum
889 2857 1068 2920 potest
1115 2866 1337 2921 peccare
1387 2860 1509 2923 post
1552 2853 1744 2925 Bapti~

228 2948 392 3011 smum,
410 2950 580 2991 verum
612 2937 774 2992 etiam
801 2940 921 3010 quia
950 2950 1003 2994 ct
1026 2940 1166 2999 bene
1204 2943 1468 2999 reluctans
1492 2945 1745 3017 concupi-

233 3026 407 3082 scentiae
427 3029 590 3086 carnis
616 3030 904 3102 aliquando
945 3032 1014 3088 ab
1041 3047 1104 3088 ea
1135 3033 1360 3089 trahitur
1384 3035 1451 3090 ad
1501 3050 1733 3093 consen-

227 3115 390 3171 sionem
412 3128 495 3182 ;et
514 3121 765 3190 quamvis
790 3123 1015 3178 venialia
1047 3121 1089 3190 ⁸,
1117 3132 1292 3180 tamen
1321 3125 1499 3197 aliqua
1529 3136 1741 3197 peccata

223 3211 455 3267 committit
481 3229 496 3267 :
525 3212 694 3272 habet
724 3231 826 3272 cur
868 3230 1084 3289 Semper
1112 3217 1201 3274 hic
1226 3218 1388 3289 dicat,
1418 3218 1627 3276 Dimitte
1654 3238 1747 3279 no-

221 3300 276 3357 lis
291 3301 433 3357 debita
459 3316 633 3360 nostra
655 3304 868 3379 (Matth.
890 3324 979 3377 γι,
1012 3309 1124 3382 l2).
1157 3310 1283 3366 Haec
1323 3326 1535 3382 queque
1559 3307 1746 3369 catho-

222 3391 296 3447 lica
319 3395 493 3450 veritas
513 3395 780 3453 Joviniani
807 3399 1078 3471 redarguit
1102 3402 1406 3458 vanitatem.
1452 3402 1747 3475 Utrumque

222 3493 357 3540 autem
376 3525 391 3550 ,
421 3485 469 3540 id
493 3496 597 3554 est,
629 3497 687 3544 et
710 3490 853 3562 quod
881 3501 1064 3565 contra
1110 3491 1479 3561 Maniclucum,
1524 3503 1579 3550 et
1602 3495 1746 3565 quod

222 3585 363 3629 contra
406 3574 740 3637 Jovinianum
793 3581 1038 3650 dicimus,
1070 3582 1318 3640 haeresim
1343 3593 1577 3642 vestram
1596 3586 1747 3643 calu-

220 3666 445 3738 mniasque
467 3670 748 3726 subvertit.

270 3755 363 3814 Cll.
390 3758 503 3816 ιω..
532 3761 626 3818 Sin
651 3772 830 3820 autem
859 3763 1085 3821 liberum
1111 3773 1235 3823 ante
1255 3766 1322 3821 ad
1351 3766 1374 3801 ⁸
1396 3767 1594 3823 bonum
1640 3784 1746 3827 non

224 3847 308 3915 fuit,
329 3862 376 3906 et
399 3850 596 3911 factum
622 3865 705 3910 est
729 3865 851 3926 post
870 3857 1139 3927 Baptisma
1169 3859 1239 3914 ita
1269 3859 1520 3927 liberum,
1549 3872 1607 3914 ttt
1634 3875 1749 3917 ma—

221 3940 300 3995 lum
320 3940 482 4000 facere
535 3960 645 4001 non
682 3946 894 4017 possit:
923 3965 1190 4019 nunquam
1217 3950 1436 4021 quidem
1480 3951 1530 4005 ei
1579 3950 1749 4009 adfuit

220 4031 382 4088 arbitrii
404 4034 642 4104 libertas,
669 4045 727 4092 et
745 4038 1001 4108 probatur
1033 4040 1149 4096 sine
1174 4054 1322 4098 reatu
1342 4052 1498 4099 antea
1526 4058 1746 4113 peccas-

221 4137 288 4189 se,
308 4136 353 4181 et
375 4135 554 4198 postea
580 4129 699 4185 sine
719 4145 845 4185 cura
874 4132 1172 4189 sanctitatis
1199 4133 1423 4205 gloriam
1449 4134 1743 4204 possidere.

271 4218 378 4273 Anc.
404 4217 541 4289 Ergo
571 4234 673 4275 nec
716 4220 769 4275 in
805 4221 913 4276 Deo
962 4230 1046 4279 est
1094 4222 1297 4279 arbitrii
1336 4224 1573 4289 libertas,
1624 4225 1746 4295 quia

220 4305 372 4361 malum
398 4307 569 4366 facere
598 4325 706 4366 non
735 4321 946 4383 potest,
977 4314 1114 4370 sicut
1140 4330 1335 4385 negare
1358 4332 1417 4371 se
1440 4315 1614 4384 ipsum
1640 4331 1746 4372 nou

218 4408 356 4467 potest
376 4401 437 4474 (ll
460 4401 593 4458 Tim.
625 4419 685 4471 ιι,
709 4403 800 4479 15)
840 4423 855 4460 :
883 4405 971 4476 qui
991 4414 1046 4461 et
1069 4406 1221 4461 nobis
1247 4422 1460 4462 summo
1490 4407 1582 4463 illo
1603 4423 1747 4479 prae-

218 4489 298 4545 mio
321 4491 587 4563 largiturus
611 4504 716 4561 est,
748 4506 804 4550 ut
833 4512 938 4550 non
976 4496 1190 4567 quidem
1220 4497 1323 4567 ipsi
1372 4497 1482 4553 Deo
1502 4539 1517 4564 ,
1545 4498 1638 4553 sed
1666 4508 1748 4554 ta-

216 4592 308 4634 men
333 4582 535 4654 Angelis
554 4585 673 4655 ejus
692 4586 944 4656 aequales,
967 4602 1066 4641 nec
1087 4603 1182 4643 nos
1213 4602 1434 4657 peccare
1460 4589 1745 4658 possimus.

216 4674 302 4731 lloc
338 4679 470 4734 enim
513 4680 595 4735 eis
642 4690 761 4751 post
790 4680 994 4749 lapsum
1023 4680 1218 4737 diaboli
1249 4696 1346 4752 pro
1375 4682 1569 4738 merito
1597 4682 1749 4737 bona:

215 4766 458 4823 voluntatis
479 4809 496 4836 ,
530 4785 637 4839 qua
676 4769 727 4824 in
762 4770 982 4825 veritate
1024 4779 1283 4826 steterunt
1307 4812 1323 4835 ,
1354 4770 1587 4827 donasse
1631 4786 1750 4828 cre-

214 4854 383 4915 dendus
408 4870 506 4925 est,
537 4869 596 4915 ut
633 4868 819 4930 postea
850 4860 1027 4915 nullus
1069 4876 1165 4933 per
1192 4860 1419 4917 liberum
1465 4861 1747 4917 arbitrium

213 4963 349 5004 novus
368 4951 606 5007 diabolus
632 4950 808 5007 fieret.

264 5039 381 5096 Clll.
405 5042 520 5099 ιω..
550 5043 668 5112 Quo
697 5043 926 5098 collecto
951 5043 1287 5100 convinceris
1335 5043 1561 5101 inficiari
1590 5059 1748 5116 pror-

213 5146 283 5186 sus
305 5132 523 5205 dogmati
554 5144 647 5189 tuo
677 5135 736 5199 σς
764 5142 822 5189 ιιι
843 5136 1121 5206 promittas
1140 5142 1195 5191 te
1216 5135 1437 5192 liberum
1465 5136 1742 5192 arbitrium

214 5237 295 5276 ncn
311 5241 514 5294 negare,
537 5224 683 5297 quod
699 5235 855 5281 antea
882 5225 1042 5296 mali,
1071 5236 1254 5298 postea
1276 5226 1401 5283 boni
1423 5228 1746 5284 necessitate

213 5315 451 5371 subvenis.
968 5320 973 5325 ’

261 5492 427 5565 {Edim
446 5493 592 5565 nos
615 5502 799 5565 ριιξιιεξε
819 5501 943 5565 Mss.
965 5506 1076 5565 φρο-
1097 5555 1110 5565 .
1134 5555 1149 5565 .
1401 5553 1439 5565 ..

258 5553 661 5668 ξ
675 5553 766 5606 Dei
778 5554 952 5620 gratia,
977 5553 1025 5607 ιι
1043 5555 1110 5607 ad
1126 5555 1303 5622 ipsum
1320 5553 1514 5621 omisso,
1541 5568 1653 5624 qua.

261 5652 532 5746 ξ
553 5652 843 5746 gignamur}
860 5677 1062 5746 veniatin
1083 5678 1269 5743 aliqua,
1295 5686 1452 5733 tamen
1473 5678 1652 5746 aliqua.

260 5735 575 5797 Prarticulam,
599 5735 687 5797 ad,
703 5740 1005 5790 restituimus
1025 5755 1091 5791 ex
1124 5735 1228 5793 Mss.

260 5796 278 5827 '
319 5801 382 5850 sic
403 5810 502 5852 uss.
529 5802 646 5852 [aditi
671 5796 811 5861 vero,
834 5800 1050 5865 dogmata
1065 5810 1164 5853 tua.

1557 360 1757 421 LIBER
1795 359 2065 420 PRIMUS.

2700 428 2705 431 .
3304 379 3436 435 lli!

1929 473 2065 530 Aac.
2096 472 2338 535 Dicturus
2356 490 2436 546 es,
2463 485 2522 534 ut
2543 477 2729 547 video,
2759 479 2928 541 Deum
2957 484 3282 545 necessitate
3304 501 3431 558 pre-

1860 563 1953 628 mi.
1987 575 2045 623 ut
2100 580 2322 649 peccare
2366 584 2474 626 non
2516 572 2729 642 possit:
2759 574 2851 645 qui
2892 576 3076 648 utique
3114 593 3216 635 nec
3257 587 3435 649 potest

1857 657 1995 713 velle
2018 697 2036 725 ,
2061 673 2163 715 nec
2182 648 2295 715 vult
2323 675 2481 731 posse
2524 677 2766 733 peccare.
2801 664 2911 721 lmo
2939 683 3095 734 vero,
3125 669 3173 725 si
3200 648 3437 727 necessi-

1857 754 1939 802 tas
1964 747 2187 804 dicenda
2211 760 2314 819 est,
2344 767 2448 823 qua
2473 767 2691 810 necesse
2717 765 2801 812 est
2823 756 3022 827 aliquid
3047 759 3132 815 vel
3158 774 3278 817 esse
3296 801 3312 826 ,
3340 762 3425 816 vel

1856 836 1999 904 ﬁeri;
2028 838 2334 897 beatissima
2361 851 2443 899 est
2474 844 2574 900 ista
2600 847 2818 903 omnino
2844 850 3141 907 necessitas
3159 890 3177 917 ,
3205 866 3308 922 qua
3329 868 3429 908 ne-

1854 941 2006 983 cesse
2031 940 2113 984 est
2138 929 2363 988 feliciter
2387 934 2564 990 vivere
2585 976 2605 1002 ,
2636 946 2692 992 et
2738 937 2791 992 in
2821 937 3009 994 eadem
3057 940 3163 995 vita
3213 956 3432 998 necesse

1854 1025 1937 1072 est
1965 1033 2072 1073 non
2117 1023 2290 1089 mori,
2323 1038 2544 1081 necesse
2573 1034 2658 1081 est
2698 1027 2753 1082 in
2781 1026 3022 1085 deterius
3052 1044 3158 1085 non
3207 1033 3425 1087 mutari.

1854 1108 1964 1165 llac
1988 1113 2324 1183 necessitate,
2354 1115 2398 1169 si
2431 1117 2723 1173 necessitas
2746 1118 2904 1175 etiam
2933 1119 3047 1189 ipsa
3075 1119 3297 1177 dicenda
3322 1131 3427 1187 est,

1852 1217 1959 1257 non
1999 1215 2312 1273 premuntur
2335 1207 2505 1264 sancti
2550 1210 2738 1281 Angeli
2762 1251 2779 1276 ,
2805 1211 2902 1267 sed
2946 1210 3196 1268 fruuntur
3233 1213 3429 1277 :nobis

1851 1302 2027 1350 autem
2058 1305 2139 1350 est
2166 1295 2339 1353 futura
2358 1340 2376 1367 ,
2405 1315 2512 1356 non
2534 1316 2790 1372 praesens.

1921 1383 2055 1441 CIV.
2094 1385 2215 1442 ιω..
2244 1387 2618 1447 Verumtamen
2637 1432 2655 1458 ,
2688 1392 2754 1449 ad
2782 1392 3197 1455 destructionem
3226 1396 3425 1456 totam“

1850 1475 2111 1547 dogmatis
2137 1480 2208 1535 tui
2238 1481 2461 1550 proficit,
2486 1491 2544 1539 ut
2565 1484 2724 1541 etiam
2745 1486 2765 1517 ¹
2796 1485 3141 1541 recordemur
3162 1485 3430 1543 deﬁnitio-

1851 1582 1976 1622 num
2006 1570 2363 1637 superiorum.
2407 1572 2463 1628 Si
2492 1583 2765 1642 peccatum
2804 1590 2910 1630 non
2950 1585 3034 1632 est
3057 1576 3159 1631 nisi
3186 1577 3430 1633 voluntas

1849 1658 2113 1714 retinendi
2142 1669 2197 1717 et
2233 1660 2548 1717 admittendi
2591 1664 2731 1735 quod
2770 1664 2976 1735 justitia
3018 1676 3182 1733 vetat,
3211 1673 3266 1722 et
3290 1666 3429 1724 unde

1850 1745 2076 1807 liberum
2103 1757 2186 1807 est
2212 1750 2512 1818 abstinere;
2535 1751 2743 1811 nullum
2762 1764 3035 1825 peccatum
3071 1755 3124 1811 iu
3150 1758 3313 1815 rebus
3333 1772 3428 1828 pe-

1850 1839 1992 1895 nitus
2018 1839 2304 1896 invenitur.

1924 1929 2054 1986 Auc.
2084 1928 2188 1984 Ista
2212 1930 2456 1989 definitio
2479 1935 2682 2005 peccati
2707 1934 2823 2006 ejus
2850 1944 2953 2004 est,
2981 1937 3125 2009 quod
3151 1947 3426 2010 peccatum

1851 2019 2219 2077 tantummodo
2262 2031 2384 2091 est,
2426 2040 2536 2081 non
2579 2025 2722 2096 quod
2764 2027 2924 2082 etiam
2969 2043 3125 2097 ptena
3180 2031 3382 2099 peccati
3408 2071 3426 2098 ,

1851 2124 1956 2179 qua
2009 2109 2168 2180 periit
2211 2109 2431 2169 libertas
2463 2129 2566 2169 non
2620 2115 2877 2186 peccandi
2903 2134 2916 2170 :
2945 2132 2976 2172 a
3003 2133 3110 2189 quo
3140 2120 3283 2175 malo
3312 2135 3424 2177 non

1848 2201 2061 2270 liberat,
2096 2203 2196 2258 nisi
2245 2204 2359 2269 ille,
2385 2206 2471 2261 cui
2514 2221 2622 2262 non
2666 2214 2869 2264 tantum
2915 2208 3182 2277 dicimus,
3211 2209 3422 2267 Dimitte

1849 2293 1992 2350 nobis
2020 2294 2186 2350 debita
2210 2307 2426 2363 nostra;
2466 2313 2652 2353 verum
2695 2300 2883 2366 etiam,
2909 2298 2994 2355 Ne
3017 2317 3110 2357 nos
3154 2302 3344 2374 inferas
3370 2303 3429 2360 in

1851 2388 2192 2454 Mutationem,
2215 2388 2303 2443 sed
2327 2390 2484 2445 libera
2502 2407 2594 2446 nos
2613 2407 2647 2445 a
2674 2393 2808 2446 malo
2838 2392 3049 2461 (Matth.
3068 2409 3123 2449 Vl
3143 2435 3159 2461 ,
3183 2394 3254 2450 i2
3270 2436 3285 2461 ,
3311 2396 3426 2467 13).

1917 2477 2028 2535 CV.
2052 2479 2171 2536 λιιι..
2196 2480 2328 2536 Nam
2367 2481 2412 2536 si
2455 2496 2562 2537 non
2595 2480 2819 2552 imputat
2844 2483 3047 2551 iustitia
3073 2483 3116 2551 ³,
3158 2486 3259 2541 nisi
3286 2486 3428 2555 unde

1848 2568 2072 2624 liberum
2101 2579 2184 2626 est
2222 2572 2518 2638 abstinere;
2560 2581 2614 2628 et
2658 2583 2781 2629 ante
2822 2573 3091 2644 Baptisma
3140 2577 3431 2635 necessitas

1848 2661 1971 2716 mali
1996 2670 2099 2727 est,
2122 2662 2372 2732 quoniam
2400 2663 2668 2730 voluntas,
2698 2665 2840 2720 sicut
2881 2664 3082 2733 dixisti,
3112 2666 3189 2725 ad
3229 2665 3430 2748 facien-

1848 2750 1973 2805 dum
2002 2751 2197 2827 bonum
2220 2768 2324 2808 non
2350 2762 2433 2809 est
2458 2754 2646 2823 libera,
2688 2770 2887 2826 perque
2934 2756 3036 2811 hoc
3083 2755 3228 2813 aliud
3269 2772 3431 2827 agere

1848 2856 1954 2897 non
1983 2850 2159 2911 potest
2186 2843 2286 2897 nisi
2315 2844 2510 2898 malum
2541 2861 2556 2897 :
2604 2844 2671 2900 ab
2714 2845 2927 2902 infamia
2972 2848 3094 2902 mali
3132 2848 3245 2917 ipsa
3271 2863 3433 2919 quam

1848 2936 2045 3003 patitur
2086 2935 2407 2992 necessitate
2449 2934 2783 3006 defenditur;
2830 2939 3081 3009 quoniam
3127 2940 3266 3011 apud
3311 2955 3430 2995 eam

1767 3094 1791 3106 ἰ
1842 3024 2101 3094 justitiam
2125 3026 2331 3097 gravari
2353 3028 2604 3097 operibus
2629 3028 2743 3084 suis
2784 3044 2890 3084 non
2932 3037 3142 3100 potest,
3172 3046 3293 3101 quae
3319 3046 3429 3088 non

1849 3118 2073 3188 imputat
2115 3118 2334 3186 malum,
2374 3120 2476 3175 nisi
2515 3136 2547 3174 a
2593 3136 2698 3191 quo
2741 3121 2968 3179 liberum
3015 3131 3097 3179 est
3138 3123 3428 3179 abstinere.

1848 3206 1975 3266 Post
2000 3210 2271 3281 Baptisma
2297 3220 2473 3267 autem
2493 3253 2512 3279 ,
2539 3212 2581 3268 si
2612 3215 2902 3269 necessitas
2931 3214 3053 3269 boni
3081 3222 3166 3271 est
3185 3254 3203 3280 ,
3226 3215 3429 3270 nullum

1848 3301 2030 3371 utique
2060 3309 2235 3371 potest
2261 3317 2382 3358 esse
2410 3311 2710 3372 peccatum.
2742 3303 2876 3360 Vide
2915 3304 3073 3374 igitur
3111 3319 3269 3375 quam
3300 3303 3430 3361 illud
3487 3292 3491 3299 ’

1847 3391 1990 3462 quod
2031 3407 2151 3448 esse
2186 3402 2462 3463 peccatum
2490 3392 2625 3447 ratio
2663 3392 3010 3459 demonstrat,
3057 3393 3284 3450 inveniri
3333 3409 3432 3463 ne-

1848 3491 2010 3552 queat
2044 3482 2097 3536 in
2143 3482 2456 3548 seminibus,
2499 3483 2711 3554 quando
2757 3484 3048 3540 secundum
3093 3484 3431 3543 definitiones

1851 3583 1966 3629 tuas
1981 3571 2092 3645 jam
2123 3588 2221 3629 nec
2251 3574 2302 3629 in
2329 3573 2564 3631 moribus
2593 3575 2879 3631 invenitur.

1918 3665 2056 3722 Anc.
2095 3663 2314 3721 Multum
2359 3680 2543 3732 erras,
2589 3666 2677 3737 qui
2711 3668 2794 3721 vel
2829 3652 3199 3723 necessitatem
3230 3668 3429 3723 nullam

1849 3767 2004 3829 putas
2027 3772 2148 3814 esse
2176 3758 2451 3827 peccandi,
2479 3758 2561 3814 vel
2591 3774 2709 3814 eam
2736 3773 2841 3817 non
2868 3759 3117 3829 intelligis
3138 3759 3280 3814 illius
3307 3776 3433 3830 pec-

1849 3850 1954 3905 cati
1979 3842 2099 3906 esse
2133 3864 2343 3922 prauam
2365 3890 2382 3917 ,
2410 3850 2550 3920 quod
2574 3851 2718 3907 nulla
2747 3853 3065 3907 necessitate
3088 3853 3430 3920 commissum

1849 3951 1951 3997 est.
1977 3940 2034 3999 Si
2059 3943 2202 3997 enim
2228 3943 2521 3998 necessitas
2548 3942 2690 3996 nulla
2722 3942 2977 4014 peccandi
3014 3952 3096 3998 est
3137 3944 3231 4014 (ut
3267 3942 3431 3999 omit-

1850 4040 1957 4087 tam
2000 4032 2109 4086 vim
2157 4031 2283 4086 mali
2323 4031 2439 4102 ejus
2484 4030 2626 4104 quod
2669 4032 2998 4102 originaliter
3028 4032 3432 4099 trahitur;ltoc

1851 4122 1992 4179 enim
2020 4124 2225 4180 nullum
2250 4138 2369 4180 esse
2392 4138 2489 4181 vos
2507 4122 2713 4198 vultis),
2737 4124 2862 4196 quid
2885 4125 3206 4197 patiebatur,
3223 4141 3428 4196 quasso,

1850 4214 1940 4285 qui
1962 4214 2254 4272 secundum
2275 4222 2511 4270 vestrum
2534 4229 2771 4281 sensum,
2793 4222 2937 4270 tanta
2963 4216 3104 4272 mole
3128 4216 3281 4271 mala:
3299 4231 3432 4273 con-

1850 4305 2140 4363 suetudinis
2151 4306 2510 4376 premebatur,
2533 4314 2591 4362 ut
2609 4306 2826 4373 diceret,
2849 4304 2970 4362 Non
2991 4306 3125 4376 quod
3144 4306 3274 4374 volo,
3296 4308 3432 4377 facio

1853 4399 2074 4463 bonum;
2098 4397 2187 4453 sed
2215 4398 2352 4469 quod
2375 4398 2493 4453 nolo
2522 4398 2736 4465 malum,
2766 4399 2859 4455 hoc
2879 4415 2974 4470 ago
2991 4399 3168 4470 (Rom.
3194 4415 3287 4463 vn,
3312 4400 3435 4470 i9)?

1853 4487 2056 4546 Deinde
2079 4489 2313 4561 cogitare
2343 4498 2397 4547 te
2421 4490 2670 4546 existimo
2691 4531 2706 4557 ,
2733 4491 2859 4562 quid
2888 4492 3241 4562 appetendum
3259 4532 3277 4558 ,
3301 4492 3430 4563 quid

1850 4578 2123 4636 vitandum
2157 4580 2230 4635 sit
2266 4581 2319 4635 in
2357 4580 2562 4652 agenda
2586 4582 2712 4646 vita,
2743 4592 2941 4651 quanto
2967 4581 3147 4637 labore
3174 4581 3427 4638 discatur.

1852 4669 1953 4737 Qui
1979 4680 2156 4726 autem
2186 4670 2289 4727 ltoc
2308 4671 2571 4736 nesciunt,
2601 4671 2715 4741 ipsa
2737 4672 2863 4726 boni
2892 4672 3172 4741 appetendi
3196 4673 3435 4744 malique

1853 4760 2052 4816 vitandi
2085 4763 2381 4833 ignorantia
2404 4761 2428 4794 ⁸
2457 4763 2726 4833 patiuntur
2752 4763 3003 4833 peccandi
3032 4767 3430 4827 necessitatem.

1850 4850 2083 4909 Necesse
2106 4861 2188 4908 est
2211 4852 2350 4909 enim
2379 4863 2435 4908 ut
2457 4862 2664 4925 peccet,
2686 4855 2775 4925 qui
2801 4856 3086 4913 nesciendo
3107 4858 3233 4929 quid
3257 4858 3431 4916 facere

1852 4942 2066 5011 debeat,
2093 4943 2269 5014 quod“
2300 4960 2403 5000 non
2429 4944 2588 5000 debet
2625 4944 2768 5001 facit.
2796 4947 2869 5003 De
2899 4964 3004 5017 quo
3029 4964 3225 5020 genere
3259 4951 3430 5006 malo~

1853 5051 1972 5090 rum
2016 5034 2155 5091 Deus
2201 5046 2435 5106 rogatur,
2480 5037 2569 5092 ttbi
2615 5038 2841 5106 dicitur,
2871 5038 3067 5094 Delicta
3084 5042 3361 5112 juvenluti:
3380 5050 3430 5095 et

1852 5125 2150 5198 ignorantia:
2181 5142 2305 5181 mea:
2342 5144 2407 5182 ne
2440 5129 2724 5183 memineris
2779 5128 2946 5197 (Psal.
2996 5146 3143 5200 xxiv,
3176 5131 3250 5204 7).
3277 5132 3427 5199 Quod

1852 5234 2021 5292 genus
2050 5219 2364 5275 delictorum
2408 5221 2452 5276 si
2480 5235 2586 5276 non
2617 5222 2899 5292 imputaret
2927 5222 3069 5278 Deus
3090 5222 3286 5293 justus,
3320 5238 3426 5275 non

1919 5373 1937 5406 ι
1961 5380 2009 5422 ιιι
2042 5379 2147 5423 Ms.
2174 5373 2299 5422 Clar.
2325 5379 2377 5423 et
2395 5378 2525 5432 Man,
2545 5377 2709 5424 totum.

1918 5437 1939 5468 ’
1960 5434 2119 5486 codex
2141 5441 2273 5495 Mar"
2288 5448 2399 5485 cum
2435 5434 2648 5485 editione
2668 5433 2894 5495 stcnardi,
2914 5434 3058 5486 enim.

1918 5496 1941 5564 ξ
1963 5493 2328 5564 EditiJustt'tiw.
2354 5495 2519 5545 Melius
2535 5502 2660 5554 Mss,
2670 5493 2887 5564 justitia.
2968 5553 2981 5564 .

1919 5548 2159 5621 δάε-δίζε).
2195 5564 2304 5606 star.
2342 5565 2552 5621 errori.
2601 5548 2981 5621 at'editi__:_oui
3015 5557 3173 5621 mitem
3209 5548 3424 5621 nesciunt

1853 5617 2009 5683 ipsum
2033 5617 2139 5667 boni
2159 5616 2414 5684 amittendi
2434 5619 2642 5683 titulique
2665 5616 2849 5670 vitandi
2866 5612 3183 5683 ignorantiam
3203 5650 3218 5676 ,
3237 5612 3425 5678 patiam

1876 5693 1950 5729 ω’.
1976 5688 2069 5729 etc.

1853 5688 2236 5803 ωςίῗιξθιιξιιιιιιςν
2257 5738 2396 5801 quid.
2422 5747 2537 5789 Tum
2577 5739 2681 5801 ipim
2715 5751 2773 5789 ac
2812 5737 3097 5803 Vignlerins,
3137 5749 3229 5789 non
3251 5737 3421 5793 debeat

1856 5803 2033 5867 facere,
2051 5801 2179 5857 (erit.
2205 5804 2522 5852 tant-nuntur
2547 5814 2605 5850 es
