4014 6524
511 377 648 435 Hi9

512 506 572 548 ea
599 489 697 546 sibi
719 489 910 546 dimitti
935 498 1175 560 posceret
1188 488 1348 546 homo
1375 488 1564 544 fidelis.
1587 486 1741 544 Unde
1764 487 1893 544 dicit
1916 498 1970 541 et
1988 488 2084 544 Dei

513 581 739 636 famulus
763 579 884 646 Job,
919 579 1149 650 Signasti
1170 590 1373 646 peccata
1401 597 1513 633 mea
1535 581 1588 634 in
1616 577 1835 643 sacculo,
1858 588 1906 633 et
1925 595 2092 632 anno-

511 673 626 726 tain
648 673 692 725 si
717 672 838 742 quid
859 673 1044 726 inuitus
1068 673 1294 727 commisi
1323 671 1446 742 (Job
1483 687 1602 738 xnv,
1627 672 1723 736 47,
1765 687 1865 725 sec.
1898 669 2089 741 LXX).

512 763 590 817 Tu
619 778 832 834 quoque
869 764 982 833 ipse
1011 764 1063 818 in
1091 763 1227 818 libro
1253 762 1542 819 novissimo
1573 772 1662 818 tuo
1701 778 1886 818 eorum
1911 804 1924 826 .
1958 776 2090 832 quos

511 861 697 909 contra
729 869 888 908 unum
915 869 1093 910 meum
1118 864 1347 925 quatuor
1374 854 1606 916 edidisti,
1632 870 1700 910 ex
1725 854 2092 911 affectionibus

480 931 672 1013 atque
723 946 1056 1014 passionibus
1102 947 1264 1000 animi
1302 946 1436 1001 dicis
1488 965 1507 999 ι
1535 947 1748 1002 evenire
1789 941 2092 1001 hominibus

511 1018 901 1090 affectionalem
940 1037 1249 1106 qualitatem
1291 1045 1450 1107 atque
1492 1038 1562 1091 ita
1607 1037 1976 1102 inhazrescere,
2035 1046 2094 1091 ut

511 1135 605 1180 aut
629 1128 834 1197 magnis
861 1128 1222 1184 molitionibus
1246 1170 1262 1193 ,
1289 1139 1382 1183 aut
1407 1129 1566 1184 nullis
1605 1137 1881 1198 separetur
1922 1129 2094 1182 omni-

512 1232 584 1271 no
614 1234 634 1269 ι
670 1216 765 1289 (a).
789 1219 1042 1290 Quisquis
1067 1236 1196 1291 ergo
1221 1236 1283 1277 ea
1315 1221 1591 1276 timiditate
1627 1220 1942 1290 peccaverit,
1974 1235 2093 1290 qua:

513 1308 582 1362 ab
611 1308 704 1362 illo
726 1324 829 1363 non
860 1320 1034 1380 potest
1061 1312 1318 1382 separari,
1347 1312 1473 1384 quid
1499 1312 1640 1366 aliud
1667 1327 1823 1381 quam
1852 1309 2092 1365 necessi-

515 1409 622 1455 tate
653 1403 932 1470 peccabit?
974 1403 1078 1460 Sed
1125 1421 1218 1460 vos
1261 1406 1360 1460 ista
1393 1415 1605 1474 peccata
1653 1421 1720 1459 ex
1761 1405 1866 1458 illis
1912 1403 2094 1458 venire

517 1494 773 1563 peccatis,
801 1510 920 1564 quas
950 1496 1092 1551 nulla
1123 1498 1437 1552 necessitate
1456 1498 1739 1552 commissa
1764 1508 1904 1560 sunt,
1930 1496 1980 1549 in
2005 1496 2095 1549 illo

515 1584 706 1639 saltem
735 1587 1046 1654 conceditis,
1075 1588 1164 1657 qui
1191 1589 1337 1652 dicit,
1384 1589 1534 1656 Quod
1574 1590 1691 1643 nolo
1735 1589 1957 1653 malum,
2003 1588 2097 1642 hoc

514 1693 630 1747 ago.
659 1677 756 1746 Qui
795 1680 958 1745 enim,
990 1687 1050 1734 ut
1088 1679 1243 1734 istam
1293 1681 1521 1750 patiatur
1563 1680 1958 1744 necessitatem,
1989 1693 2096 1733 non

515 1769 618 1824 nisi
662 1771 910 1839 peccandi
941 1772 1328 1828 consuetudine
1367 1772 1662 1842 premitur;
1711 1772 1891 1842 procul
1935 1771 2097 1827 dubio

513 1861 818 1930 priusquam
849 1872 1095 1932 peccaret
1113 1865 1154 1931 ί,
1185 1864 1420 1919 nondum
1462 1867 1779 1920 necessitate
1817 1872 2101 1920 consuetu-

514 1952 654 2008 diuis
672 1955 1107 2021 premebatur.Ac
1121 1972 1217 2028 per
1233 1957 1352 2021 hoc,
1368 1959 1526 2011 etiam
1545 1946 1834 2014 secundum
1854 1971 1968 2023 vos,
1985 1971 2100 2024 pec-

514 2043 666 2097 candi
684 2046 973 2101 necessitas
988 2046 1130 2103 unde
1160 2049 1668 2104 abstinereliberum
1695 2063 1801 2102 non
1829 2057 1930 2114 est,
1958 2048 2098 2102 illius

513 2136 714 2204 peccati
735 2151 891 2207 ptena
917 2145 1018 2201 est,
1037 2153 1182 2207 aquo
1203 2138 1468 2195 abstinere
1496 2139 1716 2194 liberum
1744 2137 1859 2203 fuit,
1888 2139 2100 2208 quando

514 2225 713 2279 nullum
737 2225 942 2295 pondus
966 2229 1296 2282 necessitatis
1323 2230 1561 2298 urgebat.
1585 2229 1692 2284 Cur
1713 2245 1839 2298 ergo
1860 2245 1965 2284 non
1991 2244 2100 2283 cre-

513 2313 636 2369 ditis
653 2323 855 2370 tantum
875 2318 1062 2372 saltem
1080 2319 1309 2373 valuisse
1325 2319 1451 2372 illud
1467 2319 1620 2388 primi
1655 2319 1886 2375 hominis
1912 2319 2095 2374 mefl'a-

512 2404 897 2476 bilitergrande
914 2416 1209 2476 peccatum,
1231 2418 1362 2462 uteo
1376 2409 1650 2464 vitiaretur
1666 2410 1894 2464 humana
1914 2419 2099 2465 natura

513 2483 779 2560 universa,
813 2507 1066 2567 quantum
1104 2500 1242 2554 valet
1272 2515 1412 2554 nunc
1448 2501 1498 2554 in
1530 2500 1747 2556 homine
1773 2517 1879 2555 uno
1905 2515 2099 2558 secun-

512 2585 582 2640 da
609 2596 794 2641 natura
815 2588 838 2641 ?
859 2588 935 2642 sic
963 2590 1103 2643 enim
1134 2605 1162 2644 a
1190 2590 1361 2646 doctis
1382 2592 1639 2660 appellari
1661 2593 2097 2648 consuetudinem

513 2691 612 2732 nos
637 2681 1134 2734 commemorandos
1172 2684 1362 2750 putasti
1409 2683 1639 2753 (Supra,
1670 2701 1782 2755 cap.
1825 2681 1936 2756 69).
1963 2683 2097 2739 Cum

514 2769 672 2839 igitur
695 2779 747 2825 et
771 2771 859 2826 illa
885 2771 1146 2828 fateamur
1171 2775 1222 2828 in
1251 2775 1556 2832 hominibus
1579 2792 1699 2832 esse
1718 2786 1953 2847 peccata,
1980 2794 2098 2848 qua:

513 2861 935 2929 committuntur,
969 2879 1071 2917 non
1103 2866 1424 2921 necessitate
1445 2909 1458 2931 ,
1503 2867 1595 2921 sed
1639 2868 1910 2923 voluntate
1931 2911 1946 2935 ,
1979 2884 2098 2938 qua:

514 2953 881 3008 tantummodo
911 2966 1122 3024 peccata
1152 2953 1314 3023 sunt,
1347 2957 1487 3012 unde
1515 2957 1584 3012 ab
1624 2959 1703 3014 eis
1749 2959 1969 3014 liberum
2016 2969 2098 3015 est

515 3042 816 3110 abstinere;
848 3055 902 3100 et
939 3048 1172 3115 peccatis
1209 3047 1276 3103 de
1315 3047 1624 3118 ignorantia:
1653 3050 1735 3105 vel
1760 3050 2096 3105 afl‘ectionum

515 3135 834 3191 necessitate
862 3137 1218 3202 venientibus,
1249 3155 1366 3208 qua:
1387 3145 1496 3208 jam
1525 3155 1630 3194 non
1659 3141 1830 3195 solum
1859 3152 2094 3211 peccata,

516 3241 699 3280 verum
720 3227 878 3281 etiam
898 3243 1068 3297 pmnae
1088 3238 1206 3283 sunt
1228 3239 1584 3299 peccatorum,
1607 3232 1819 3301 plenum
1845 3233 1912 3288 sit
1932 3250 2099 3303 genus

517 3314 804 3370 humanum
841 3335 852 3370 :
885 3319 1150 3387 quomodo
1178 3320 1310 3374 dicis
1339 3321 1730 3377 definitionibus
1758 3326 1950 3378 nostris
1974 3341 2097 3394 pec-

517 3415 692 3460 catum
722 3423 819 3461 nec
846 3407 897 3462 in
921 3410 1158 3464 moribus
1188 3411 1456 3466 inveniri?
1478 3413 1581 3467 Sed
1612 3413 1754 3483 quod
1785 3431 1888 3468 non
1920 3415 2095 3481 vultis,

518 3497 715 3551 audite.
769 3499 812 3552 A
862 3501 1091 3569 peccatis
1134 3501 1380 3556 omnibus
1421 3504 1533 3559 sive
1579 3505 1942 3574 originalibus,
1987 3508 2099 3564 sive

519 3589 825 3654 moralibus,
855 3593 937 3645 vel
965 3607 1082 3661 qua:
1111 3592 1244 3646 facta
1271 3603 1428 3660 sunt,
1457 3596 1540 3648 vel
1568 3611 1635 3650 ne
1662 3597 1807 3661 fiant,
1833 3613 1937 3651 non
1964 3599 2098 3653 libe-

519 3687 600 3732 rat
629 3679 726 3733 nisi
756 3683 922 3749 gratia
955 3681 1046 3735 Dei
1073 3697 1169 3751 per
1194 3681 1374 3737 Jesum
1399 3683 1665 3738 Christum
1698 3685 1976 3740 Dominum
2003 3703 2100 3741 no-

519 3777 688 3823 strum
710 3811 724 3834 ,
755 3771 806 3824 in
835 3787 938 3840 quo
967 3775 1262 3843 regenerati
1290 3790 1502 3842 sumus,
1536 3785 1589 3831 et
1632 3792 1660 3830 a
1689 3793 1794 3847 quo
1821 3777 2099 3834 didicimus

519 3861 720 3915 orando
741 3861 937 3928 dicere,
963 3879 1066 3918 non
1092 3864 1288 3932 solum,
1321 3863 1529 3919 Dimitte
1553 3866 1694 3921 nobis
1721 3867 1883 3921 debita
1905 3878 2096 3937 nostra,

521 3954 572 4008 id
597 3963 695 4020 est,
727 3956 845 4025 quia
877 3959 1244 4024 peccavimus;
1273 3975 1455 4014 verum
1478 3960 1658 4026 etiam,
1695 3960 1778 4016 Ne
1802 3979 1892 4016 nos
1912 3963 2101 4033 inferas

521 4043 574 4096 in
597 4046 936 4108 tentationem,
965 4046 1016 4100 id
1047 4055 1149 4113 est,
1175 4063 1241 4102 ne
1267 4064 1568 4118 peccemus.

518 4161 522 4166 -
593 4133 723 4188 CVI.
753 4135 870 4190 JUL.
906 4136 1096 4191 Verum
1118 4140 1422 4208 consignata
1451 4140 1549 4194 hac
1571 4141 1940 4210 disputationis
1958 4157 2104 4196 sum-

523 4241 607 4280 ma
635 4225 908 4295 prudentis
935 4229 1111 4282 animo
1137 4229 1373 4298 lectoris,
1404 4233 1732 4287 excutiamus
1761 4234 1882 4302 quid
1929 4234 2103 4303 Bapti-

524 4331 637 4371 sma
679 4327 846 4383 tuum,
893 4318 1034 4388 quod
1085 4329 1299 4389 propter
1327 4322 1494 4376 solam
1526 4324 1831 4393 genitalium
1863 4339 2102 4378 commo-

527 4410 723 4466 tionem
763 4411 896 4466 dicis
947 4412 1105 4467 fuisse
1157 4415 1446 4483 prOvisum,
1497 4415 1683 4470 crediti
1728 4416 1827 4469 sibi
1871 4417 2105 4472 muneris

525 4513 862 4572 exsequatur.
898 4504 1180 4559 Profitetur
1204 4521 1261 4560 se
1285 4522 1314 4560 a
1339 4508 1568 4577 peccatis
1592 4508 1831 4564 homines
1854 4511 2100 4578 expiare:

525 4597 619 4651 sed
648 4613 767 4651 cum
808 4598 945 4668 apud
970 4598 1226 4667 justitiam
1252 4615 1407 4653 causa
1436 4603 1608 4669 agitur
1633 4602 1919 4656 voluntatis
1943 4645 1957 4668 ,
2001 4619 2104 4658 non

527 4688 895 4755 pronuntiatur
920 4704 1031 4755 rea,
1059 4706 1174 4758 qua:
1200 4690 1340 4744 aliud
1371 4691 1504 4746 velle
1531 4707 1635 4746 non
1669 4693 1855 4762 potuit.
1891 4694 2105 4749 Evane-

529 4786 710 4831 scente
736 4788 912 4834 autem
941 4781 1130 4834 invidia
1160 4792 1356 4847 reatus,
1385 4785 1543 4838 etiam
1571 4800 1762 4855 pompa
1792 4785 2107 4858 indulgentis

530 4870 740 4924 evanuit
774 4888 787 4924 :
828 4871 946 4940 quia
977 4887 1080 4926 non
1119 4883 1290 4942 potest
1339 4875 1630 4945 ignoscere,
1659 4877 1798 4946 quod
1833 4879 1953 4949 jure
2002 4895 2105 4933 non

530 4968 703 5033 potest
731 4961 1009 5029 imputare.
1044 4965 1118 5017 Ac
1158 4979 1252 5032 per
1278 4963 1413 5031 hoc,
1447 4966 1809 5034 promissionis
1845 4985 1955 5023 suae
1996 4969 2107 5024 f‘ru-

531 5061 727 5106 stratur
755 5051 1068 5108 effectibus”
1100 5072 1112 5107 :
1155 5057 1399 5124 quoniam
1439 5072 1537 5112 nec
1580 5057 1776 5111 invenit
1820 5060 2039 5113 crimina
2062 5061 2104 5126 ⁸,

531 5159 756 5214 quorum
781 5145 1093 5200 remissione
1119 5144 1398 5212 laudetur;
1429 5164 1525 5203 nec
1550 5148 1707 5204 habet
1730 5149 1882 5219 hujus
1911 5151 2110 5206 benefi-

532 5234 598 5290 cii
626 5233 912 5302 debitores,
945 5251 1050 5305 quo
1073 5245 1409 5305 peccatorum
1432 5239 1600 5292 vinela
1631 5240 1936 5296 solvantur‘
1957 5259 1971 5297 :
1989 5245 2109 5312 quia

535 5325 587 5380 in
612 5327 939 5382 necessitatis
962 5327 1108 5398 asylo
1135 5328 1422 5383 collocatos
1458 5345 1559 5383 non
1591 5341 1763 5399 potest
1798 5333 1950 5387 mal-.e
1979 5349 2108 5388 con-

533 5417 742 5473 vincere
773 5418 1056 5473 voluntatis
1086 5436 1100 5472 :
1135 5433 1230 5487 per
1255 5434 1373 5488 qua:
1399 5419 1574 5472 omnia
1601 5435 1982 5491 supervacuum
2012 5424 2102 5481 de-

597 5528 617 5592 f
642 5535 690 5576 In
712 5536 838 5586 Mss,
861 5527 996 5592 prius
1018 5541 1127 5592 cum
1142 5534 1375 5592 peccaret.

597 5589 623 5662 ξ
645 5588 1159 5662 δεεκξιπίςπςειίὺιωζ

603 5649 624 5716 Ρ
644 5651 714 5699 sic
733 5656 840 5700 Mss.
863 5649 998 5716 Ed‘i'ti,
1025 5651 1216 5716 quando
1238 5663 1330 5703 non
1355 5650 1529 5705 invenit
1552 5655 1770 5707 crimina.

598 5712 619 5741 δ
643 5718 693 5761 tn
717 5718 842 5771 Mss,
860 5711 1118 5765 soluuntur.

599 5772 668 5834 (α)
696 5773 807 5823 Vide
831 5787 991 5837 supra,
1014 5774 1099 5828 lib.
1122 5777 1152 5828 6
1173 5785 1335 5831 contra
1357 5776 1608 5839 Juliamuu,
1636 5793 1682 5826 u.
1707 5779 1780 5827 fit.

1212 375 1276 432 Ol
1302 374 1457 432 ERIS
1493 371 1904 430 IMPERFECTI
1941 372 2098 429 CON'l

2207 417 2214 430 .
2250 373 2607 447 JULIANUM,
2648 377 2705 434 S.
2747 377 3113 437 Αυουδτιωῐ

3637 383 3780 440 “'20

2198 489 2559 559 prehenditur.
2592 492 2783 547 Verum
2805 495 2924 563 quia
2945 495 3112 564 gratia
3137 509 3253 564 qua:
3278 509 3308 548 a
3335 493 3550 550 Christo
3572 500 3785 566 provisa

2197 588 2298 644 est,
2331 594 2655 649 supervacua
2697 597 2802 637 non
2833 593 2947 649 est;
2979 583 3303 639 rationabilis
3331 585 3447 652 ejus
3475 586 3789 642 tnunilicen-
3834 585 3866 614 '

2200 671 2269 725 tia
2301 679 2563 739 teneatur,
2595 689 2692 743 per
2711 674 2850 744 quod
2873 691 2961 731 rea
2985 676 3227 730 voluntas
3245 677 3577 732 convincitur
3597 694 3791 748 pecca-

2198 761 2349 827 toris,
2383 778 2500 832 qute
2528 764 2699 833 potuit
2735 765 2917 835 utique
2943 774 3047 819 tarn
3077 765 3272 820 bonum
3299 766 3454 830 velle,
3484 782 3644 837 quam
3665 784 3786 824 ma-

2197 853 2309 908 lum
2332 855 2516 920 voluit.
2549 855 2739 911 Totum
2768 872 2895 926 ergo
2925 858 3230 929 figmentum
3278 862 3612 916 necessitatis
3659 878 3788 918 eva-

2197 946 2435 1001 nuitzac
2461 963 2557 1016 per
2579 947 2712 1015 hoc,
2755 951 2954 1004 nullum
3002 960 3082 1006 est
3128 951 3195 1007 de
3235 962 3435 1008 natura:
3477 956 3788 1013 conditione

2197 1047 2506 1105 peccatum;
2535 1038 2631 1093 sed
2658 1040 2882 1095 liberum
2909 1035 3181 1097 arbitrium
3215 1044 3264 1098 in
3294 1056 3478 1098 natura
3507 1047 3785 1104 hominum

2199 1137 2507 1196 perseverat
2531 1147 2543 1181 :
2573 1129 2713 1199 quod
2743 1139 2798 1184 ut
2827 1141 2880 1185 tu
2906 1147 3024 1186 cum
3052 1132 3353 1189 Manichmis
3381 1151 3560 1205 negas,
3586 1140 3656 1192 ita
3682 1152 3789 1195 nos
3865 1171 3870 1175 -

2197 1234 2317 1274 cum
2350 1221 2616 1290 Apostolis
2644 1230 2698 1277 et
2726 1225 2971 1278 omnibus
2997 1223 3285 1284 Catholicis
3313 1229 3648 1282 confitemur.

2269 1312 2404 1366 Anc.
2445 1310 2673 1366 Necesse
2700 1322 2862 1367 estut
2887 1324 3088 1387 peccet,
3121 1330 3150 1366 a
3180 1331 3284 1384 quo
3314 1316 3586 1386 ignoratur
3619 1319 3786 1388 justi-

2201 1401 2270 1455 tia
2302 1403 2596 1472 :numquid
2643 1403 2762 1458 ideo
2808 1420 2927 1458 cum
2976 1405 3234 1476 justitiam
3279 1410 3616 1477 cognoverit,
3674 1427 3786 1466 non

2199 1501 2322 1547 sunt
2339 1493 2386 1547 ei
2417 1494 2730 1549 remittenda
2761 1506 2995 1564 peccata,
3040 1513 3158 1566 qum
3201 1498 3508 1568 ignorantia:
3546 1501 3787 1556 necessi-

2203 1591 2307 1636 tate
2330 1585 2688 1640 commisitl‘A
2701 1594 2755 1639 ut
2774 1587 2894 1655 quia
2922 1586 3030 1657 jam
3059 1590 3307 1658 cognovit
3333 1591 3784 1659 quemadmodum

2199 1673 2378 1728 vivere
2406 1674 2620 1739 debeat,
2653 1677 2721 1731 de
2751 1691 2808 1731 se
2834 1678 2948 1746 ipso
2973 1678 3022 1732 ei
3051 1680 3473 1746 praesumendum
3503 1690 3588 1741 est
3611 1693 3667 1737 ut
3693 1681 3789 1752 ju-

2201 1773 2281 1818 ste
2312 1766 2470 1828 vivat,
2503 1781 2609 1819 non
2634 1766 2702 1822 de
2753 1767 2846 1821 illo
2889 1769 2974 1822 cui
3013 1768 3224 1834 dicitur,
3268 1769 3350 1823 Nc
3384 1789 3475 1825 nos
3511 1773 3702 1840 inferas
3732 1775 3789 1827 in

2201 1856 2701 1925 tentationem.?Non
2726 1867 2808 1912 est
2855 1859 3010 1928 igitur
3058 1861 3384 1929 impunitatis
3430 1862 3690 1918 securitas
3732 1863 3788 1917 in

2201 1949 2518 2002 necessitate
2544 1948 2827 2018 peccandi:
2851 1949 2942 2004 sed
2971 1958 3029 2004 ut
3051 1965 3152 2004 non
3179 1951 3318 2005 obsit
3345 1952 3441 2006 ista
3469 1955 3786 2019 necessitas,

2201 2035 2362 2090 donat
2392 2037 2481 2091 ille
2507 2039 2589 2091 cui
2620 2037 2816 2092 dicitur
2839 2080 2853 2102 ,
2883 2038 2958 2093 De
2987 2041 3360 2096 necessitatibus
3398 2044 3521 2096 meis
3548 2061 3666 2098 erue
3702 2062 3792 2100 me

2202 2127 2370 2198 (Psal.
2400 2146 2542 2197 XXIV,
2567 2131 2676 2203 17).
2699 2131 2869 2185 Donat
2895 2143 3069 2187 autem
3100 2133 3306 2188 duobus
3331 2135 3502 2188 modis
3529 2153 3542 2193 :
3569 2146 3621 2190 et
3648 2152 3793 2206 pras-

2202 2221 2408 2275 teritam
2437 2221 2752 2276 ditnittendo
2791 2223 3147 2292 iniquitatem,
3170 2235 3224 2279 et
3248 2226 3552 2295 opitulando
3591 2243 3658 2282 ne
3700 2229 3791 2282 in-

2202 2317 2404 2364 tremus
2443 2313 2494 2364 in
2537 2313 2906 2367 tentationem.
2935 2314 3310 2387 Unusquisque
3339 2332 3466 2375 vero
3493 2326 3731 2372 tentatur
3755 2335 3790 2376 a

2200 2402 2628 2471 concupiscentia
2653 2419 2748 2458 sua
2763 2405 3060 2460 abstractus
3080 2416 3133 2460 et
3154 2407 3361 2462 illectus
3389 2405 3588 2480 (Jacobi
3605 2425 3644 2474 t,
3671 2410 3788 2479 14).

2201 2495 2330 2561 Quae
2359 2505 2602 2564 suscepta
2629 2505 2715 2550 tua
2745 2506 2847 2551 tam
2880 2497 2970 2553 tibi
3010 2507 3158 2568 grata
3187 2510 3266 2553 est
3291 2541 3307 2566 ,
3352 2511 3411 2554 ut
3451 2515 3572 2555 cum
3600 2501 3670 2556 ab
3702 2501 3790 2558 illa

2200 2585 2258 2637 in
2286 2585 2695 2639 consensionem
2728 2585 2950 2656 quisque
2981 2602 3085 2640 non
3117 2586 3340 2642 trahitur
3363 2629 3379 2656 ,
3422 2589 3588 2658 ipsam
3633 2599 3792 2659 putes

2200 2689 2321 2730 esse
2350 2674 2694 2740 laudandam;
2715 2677 2867 2746 quasi
2897 2678 3092 2732 malum
3118 2693 3222 2732 non
3242 2681 3318 2734 sit
3342 2695 3428 2734 res
3453 2696 3572 2750 qua:
3597 2673 3793 2750 impel;

2201 2766 2264 2822 llt
2295 2768 2346 2822 in
2385 2768 2578 2821 malum
2603 2809 2616 2833 ,
2647 2769 2691 2822 si
2723 2785 2824 2823 non
2855 2769 2904 2824 ei
2943 2769 3127 2835 cedat,
3180 2770 3273 2826 sed
3314 2772 3526 2826 resistat
3562 2772 3652 2826 ille
3697 2774 3791 2843 qui

2201 2858 2506 2927 impellitur.
2527 2859 2778 2926 Quamvis
2805 2870 2857 2914 tu
2875 2901 2890 2925 ,
2921 2861 3128 2916 etiamsi
3154 2861 3203 2915 ei
3233 2863 3614 2925 consentiatur,
3634 2862 3790 2919 illum

2199 2951 2287 3020 qui
2318 2950 2524 3015 cecidit,
2570 2966 2676 3004 non
2705 2951 2870 3018 ipsam
2899 2968 3016 3020 qua:
3055 2952 3295 3021 impulit;
3327 2953 3472 3006 illum
3499 2955 3588 3024 qui
3615 2962 3790 3016 attra-

2200 3050 2318 3097 ctus
2354 3051 2465 3108 est,
2513 3057 2619 3096 non
2658 3043 2824 3112 ipsam
2869 3059 2987 3112 quae
3029 3045 3274 3109 attraxit;
3326 3044 3474 3098 illum
3521 3045 3610 3114 qui
3665 3045 3792 3104 ille-

2200 3143 2316 3188 ctus
2343 3143 2423 3188 est
2449 3175 2463 3200 ,
2497 3148 2600 3187 non
2651 3133 2816 3202 ipsam
2846 3149 2964 3202 quae
2995 3133 3193 3200 illexit;
3242 3149 3434 3203 magno
3483 3135 3794 3204 vaniloquio

2201 3224 2489 3279 contendas
2519 3238 2638 3279 esse
2663 3223 2986 3294 culpandum
3021 3242 3034 3278 :
3066 3225 3185 3294 quia
3215 3224 3445 3289 scilicet,
3477 3233 3534 3279 ut
3557 3223 3789 3289 delinis,

2201 3316 2338 3370 male
2369 3331 2494 3368 usus
2532 3325 2612 3369 est
2638 3316 2777 3369 bono
2808 3333 2821 3370 :
2858 3315 3017 3369 habes
3039 3317 3233 3386 quippe
3258 3326 3363 3368 tam
3395 3316 3592 3369 malum
3620 3319 3787 3386 spiri-

2203 3415 2334 3471 tum,
2365 3414 2423 3458 ut
2446 3405 2871 3474 concupiscentia
2902 3405 3040 3460 bona
3085 3407 3178 3460 tibi
3221 3407 3481 3471 videatur,
3529 3422 3630 3475 qua
3663 3421 3793 3462 caro

2200 3498 2532 3566 concupiscit
2559 3498 2814 3552 adversus
2845 3499 3108 3567 spiritum.
3154 3497 3258 3553 Sed
3296 3499 3568 3569 eleganter
3595 3507 3645 3552 te
3673 3502 3792 3558 exi.

2203 3591 2386 3644 stimas
2428 3590 2655 3644 irrisisse
2705 3589 2774 3645 de
2823 3590 3092 3659 Baptismo
3137 3592 3455 3648 sententiam
3503 3602 3743 3646 nostram
3774 3634 3791 3656 ,

2203 3680 2610 3735 mendacissime
2654 3680 2925 3736 affirmans
2964 3682 3104 3751 quod
3153 3691 3369 3752 propter
3392 3683 3556 3737 solam
3584 3685 3795 3752 genita-

2203 3772 2331 3826 lium
2371 3773 2778 3827 eommoti‘onem
2820 3774 3142 3843 Baptismum
3171 3774 3409 3830 dicamus
3445 3790 3566 3830 esse
3607 3777 3794 3845 pravi-

2204 3877 2341 3917 sum.
2374 3863 2490 3917 Non
2528 3863 2628 3918 hoc
2657 3863 2882 3919 dicimus
2914 3883 2927 3920 :
2959 3865 3053 3919 sed
3085 3865 3212 3920 illud
3242 3865 3381 3934 quod
3428 3880 3521 3921 vos
3563 3881 3704 3920 nova
3740 3877 3797 3931 et

2206 3954 2454 4012 bmretica
2498 3957 2841 4025 perversitate
2883 3959 3188 4014 subvertere
3217 3960 3504 4026 conamini,
3537 3959 3795 4025 dicimus,

2204 4045 2325 4100 ideo
2364 4045 2615 4101 divinitus
2639 4062 2758 4102 esse
2786 4048 3054 4116 provisum
3083 4049 3329 4103 secunda:
3368 4050 3665 4118 spiritualis
3698 4068 3794 4104 na-

2207 4135 2426 4190 tivitatis
2452 4137 2727 4201 auxilium,
2751 4153 2906 4206 quam
2937 4136 3046 4192 fieri
3080 4139 3128 4190 iu
3157 4153 3215 4192 se
3237 4139 3352 4207 ipso
3376 4139 3615 4193 Christus
3641 4139 3799 4194 insti-

2207 4228 2341 4293 tuit,
2371 4229 2622 4298 quoniam
2668 4230 2958 4284 secundum
3004 4231 3170 4284 Adam
3215 4231 3498 4285 carnaliter
3525 4232 3634 4284 nati
3663 4245 3798 4288 eon-

2209 4321 2424 4374 trahuut
2468 4321 2653 4374 mortis
2698 4323 2927 4390 antiquae
2970 4322 3137 4390 prima
3182 4323 3457 4377 nativitate
3485 4323 3797 4393 contagium

2214 4409 2538 4481 (Cyprianus,
2558 4410 2720 4482 Epist.
2743 4412 2831 4476 6i,
2855 4413 2921 4465 ad
2937 4411 3167 4482 Fidum).
3189 4412 3326 4467 Ecce
3342 4414 3516 4467 verbis
3533 4428 3659 4468 usus
3674 4429 3799 4469 sum

2210 4501 2361 4556 Poeni
2393 4504 2624 4571 episcopi
2665 4503 2933 4573 Cypriani,
2978 4513 3160 4558 contra
3187 4520 3342 4573 quem
3374 4514 3427 4559 tu
3460 4505 3620 4560 etiam
3648 4521 3802 4560 mar-

2212 4601 2380 4664 tyrem
2405 4594 2584 4658 latras,
2609 4609 2729 4646 euut
2757 4593 3008 4647 Ecclesiae
3039 4594 3460 4651 fundatissimam
3490 4595 3672 4660 fidem,
3703 4612 3802 4666 pro

2212 4701 2313 4754 qua
2345 4685 2578 4740 Ecclesia
2612 4686 2757 4741 fusus
2786 4695 2866 4740 est
2895 4686 3010 4754 ejus
3036 4687 3248 4757 sanguis
3267 4729 3283 4754 ,
3313 4703 3605 4759 oppugnas.
3645 4687 3804 4746 Sicut

2212 4778 2353 4831 enim
2382 4777 2574 4832 Paulus
2602 4780 2872 4847 apostolus
2899 4778 3049 4845 dixit,
3082 4777 3182 4833 Per
3205 4796 3359 4833 unum
3385 4780 3635 4836 hominem
3673 4798 3802 4850 pac-

2213 4879 2378 4923 catum
2403 4869 2606 4922 intravit
2632 4870 2684 4922 in
2715 4869 2977 4933 mundum,
3025 4879 3071 4922 et
3114 4886 3204 4939 per
3251 4878 3509 4939 peccatum
3554 4886 3728 4936 mors;
3755 4883 3805 4926 et

2214 4963 2284 5015 ita
2311 4963 2363 5015 in
2391 4978 2561 5016 omnes
2591 4962 2816 5014 homines
2845 4962 3169 5032 pertransiit,
3199 4963 3251 5015 in
3279 4977 3379 5031 quo
3420 4977 3592 5016 omnes
3619 4978 3805 5023 pecca-

2215 5063 2389 5108 verunt
2409 5052 2563 5124 (Rom
2613 5069 2667 5117 v,
2697 5052 2784 5122 1‘9)
2817 5071 2828 5106 :
2860 5053 2928 5106 ita
2957 5063 3008 5108 et
3031 5053 3328 5125 Cyprianus
3368 5053 3679 5125 episcopus,
3715 5056 3803 5111 iu-

2218 5146 2464 5201 tellector
2511 5145 2667 5213 hujus
2701 5144 2988 5215 apostoli‘,
3021 5145 3295 5201 confessus
3337 5155 3458 5210 cst,
3503 5145 3802 5201 secundum

2217 5239 2387 5293 Adam
2442 5237 2727 5291 carnaliter
2776 5245 2928 5290 natos
2981 5237 3280 5306 contagium
3327 5245 3515 5291 mortis
3565 5237 3803 5306 antiqua:

2219 5330 2384 5398 prima
2427 5327 2700 5382 nativitate
2745 5327 3083 5383 contrahere.
3125 5327 3260 5394 Quid
3308 5337 3546 5398 estergo
3574 5328 3717 5397 quod
3749 5336 3802 5382 te

2219 5421 2484 5486 Apostolis
2533 5429 2587 5474 et
2633 5419 2881 5474 omnibus
2939 5417 3222 5474 Catholicis
3272 5417 3526 5473 fallaciter
3581 5417 3800 5488 jungis;

2215 5511 2644 5584 quandoquidem
2689 5511 2944 5582 Apostolo
2981 5508 3367 5576 fraudulenter,
3408 5507 3670 5564 catholico
3695 5522 3800 5561 au-
3834 5561 3844 5572 ,

2279 5715 2294 5745 ί
2321 5713 2394 5762 sic
2418 5719 2524 5762 Mss.
2550 5713 2679 5775 (editi
2703 5725 2849 5775 vero,
2879 5710 2949 5764 ita
2971 5717 3015 5764 et
3037 5705 3332 5774 cyprinum,
3359 5711 3410 5758 ut
3443 5703 3704 5760 attritum
3725 5706 3802 5755 est

2215 5775 2358 5840 hujus
2379 5773 2591 5839 apostoli.
