4014 6480
502 414 507 418 ‘
557 396 696 454 “‘25

551 509 707 561 lentia
730 547 745 572 ,
777 506 865 560 lib.
907 505 958 570 1,
989 519 1102 574 cap.
1123 502 1159 558 ἓ
1180 502 1221 575 ).
1271 503 1411 560 Ecce
1438 503 1506 558 de
1534 518 1639 573 quo
1667 513 1912 572 tanquam
1940 499 2007 554 de
2036 514 2134 553 suo

548 599 739 656 frutice
759 599 1000 654 diabolus
1025 599 1246 653 fructum
1263 598 1384 668 jure
1402 597 1701 665 decerpsit;
1730 610 1832 649 non
1855 593 1923 648 de
1947 602 2135 647 natura

547 707 704 760 quam
733 691 873 745 Deus
896 689 1151 750 condidit,
1179 688 1270 744 sed
1297 689 1365 742 de
1391 688 1520 742 vitio
1544 687 1682 757 quod
1711 687 1824 755 ipse
1853 684 2128 754 plantavit.

547 780 730 852 Neque
779 782 919 836 enim
974 780 1063 850 qui
1109 789 1402 834 nascuntur
1452 778 1551 833 sub
1596 787 1847 846 peccato,
1908 781 2131 844 possunt

545 874 648 928 nisi
692 873 793 929 sub
827 882 1046 928 auctore
1083 886 1201 927 esse
1229 871 1465 942 peccati,
1495 868 1542 926 si
1568 884 1674 925 non
1703 875 2048 924 renascantur
2077 867 2133 922 iu

543 966 781 1022 Christo.

613 1056 727 1110 CX.
744 1055 860 1111 Jun.
879 1056 1073 1111 Verum
1095 1055 1437 1125 supplcamus
1451 1052 1685 1109 breviter
1699 1050 2125 1122 reSponsioncm,

544 1146 661 1218 quae
683 1149 837 1217 capiti
861 1157 967 1214 tuo,
997 1149 1138 1219 quod
1167 1163 1326 1217 supra
1354 1147 1626 1218 posuimus
1653 1143 1803 1217 (Cap.
1835 1143 1949 1214 74),
1968 1142 2131 1197 debe-

553 1249 658 1294 tur.
678 1241 994 1295 Constanter
1015 1241 1190 1311 itaque
1211 1239 1536 1308 ﬁdeliterque
1557 1237 1875 1306 respondeo,
1890 1235 2007 1305 quia
2023 1249 2130 1288 non

546 1328 880 1385 invideamus
915 1331 1252 1386 liberatorem
1285 1329 1588 1384 hominibus
1629 1327 1910 1382 Dominum
1938 1324 2123 1380 .Iesum

545 1422 851 1487 Christum;
893 1438 1027 1494 quos
1064 1423 1408 1477 convenimus
1434 1463 1449 1488 ,
1503 1436 1571 1476 ne
1617 1420 1769 1475 vobis
1808 1418 2126 1484 credentes,

543 1513 931 1568 emendationis
951 1513 1322 1583 desperatione
1352 1512 1678 1584 frangantur,
1703 1522 1757 1566 et
1785 1509 2036 1566 recedant
2062 1509 2130 1564 ab

544 1605 843 1660 eruditione
872 1605 1090 1672 Christi,
1123 1605 1273 1676 quasi
1299 1621 1359 1660 ea
1389 1605 1765 1675 prazcipientis,
1789 1621 1908 1675 qua:
1937 1617 2130 1674 capere
2167 1597 2172 1600 ’

545 1694 850 1748 mortalium
877 1702 1063 1749 natura
1091 1711 1197 1749 non
1228 1694 1432 1766 possit,
1465 1695 1660 1765 quippe
1686 1694 1823 1749 malo
1847 1703 2128 1765 aggravata

540 1787 846 1856 congcnito.

616 1877 750 1932 Ave.
784 1876 888 1932 Sed
913 1884 967 1931 et
1008 1891 1154 1931 mors
1180 1876 1457 1947 congenita
1506 1886 1622 1941 est;
1672 1882 1727 1930 et
1766 1883 1942 1929 tamen
1971 1874 2038 1930 ab
2064 1888 2126 1930 ea

540 1963 755 2029 liberat,
809 1967 899 2036 qui
949 1981 1082 2038 quos
1126 1968 1240 2022 vult
1281 1968 1513 2022 viviticat
1558 1967 1743 2039 (Joan.
1782 1980 1837 2032 v,
1882 1963 1990 2038 21)
2021 1984 2034 2020 :
2061 1964 2128 2020 ad

543 2073 700 2127 quem
731 2056 930 2113 debent
958 2056 1269 2129 confugere,
1299 2059 1387 2129 qui
1414 2058 1597 2113 volunt
1619 2073 1650 2112 a
1680 2058 1820 2112 malo
1847 2056 2130 2127 congenito

541 2147 788 2212 liberari;
818 2147 956 2218 quod
987 2156 1047 2203 ut
1071 2148 1283 2216 faciant,
1312 2148 1433 2220 quis
1456 2149 1721 2214 attrahat,
1759 2149 1811 2204 in
1845 2148 2129 2219 Evangelia

540 2237 659 2310 lege
685 2238 791 2310 (Id.
818 2258 886 2304 γι,
917 2241 1032 2312 tt).
1649 2246 1652 2248 ‘

608 2331 745 2387 CXI.
775 2331 892 2387 JoL.
921 2330 1026 2388 Sed
1057 2340 1274 2387 currant
1312 2331 1377 2386 ad
1414 2347 1534 2386 eum
1567 2324 1654 2403 qui
1681 2332 1895 2399 clamat,
1934 2330 2128 2402 Iugum

537 2440 705 2476 meum
731 2440 883 2477 suave
907 2432 1000 2488 est,
1033 2433 1080 2476 et
1107 2440 1232 2476 onus
1251 2436 1418 2476 meum
1443 2423 1546 2476 leve
1567 2431 1638 2476 est
1663 2422 1872 2493 (Matth.
1896 2438 1969 2485 XI,
1995 2420 2084 2493 30)
2109 2439 2124 2478 :

537 2514 627 2582 qui
656 2523 711 2568 et
733 2513 886 2566 mala:
902 2513 1160 2567 voluntati
1182 2515 1199 2545 ¹
1220 2515 1430 2568 veniam
1446 2529 1543 2585 pro
1561 2513 1911 2569 inaeSIimabili
1938 2510 2129 2569 libera-

536 2605 685 2660 litate
727 2605 949 2675 largitur
969 2648 984 2673 ,
1013 2615 1066 2661 et
1093 2607 1483 2673 innocentiam,
1517 2622 1672 2678 quam
1704 2616 1853 2662 creat
1891 2607 2082 2662 bonam
2104 2647 2121 2674 ,

539 2694 664 2752 facit
690 2695 990 2751 innovando
1018 2695 1430 2767 adeptandoque
1460 2697 1756 2752 meliorem.

541 2795 544 2798 ’
608 2786 743 2841 Anc.
763 2787 863 2855 Ipsi
886 2795 1011 2841 sunt
1031 2787 1294 2851 homines,
1319 2788 1510 2857 quibus
1540 2787 1742 2843 invides
1766 2787 2124 2855 liberatorem,

536 2891 671 2948 quos
699 2877 895 2932 habere
926 2878 1147 2943 malum,
1181 2893 1209 2931 a
1253 2893 1360 2950 quo
1402 2878 1716 2946 liberentur,
1762 2895 1942 2950 negas.
1986 2881 2128 2946 Quo-

536 2968 696 3023 modo
739 2984 868 3038 ergo
910 2977 1218 3025 constanter
1259 2969 1591 3040 ﬁdeliterque
1632 2972 1954 3041 respondes,
1983 2971 2126 3043 quod

536 3076 642 3115 non
673 3060 951 3115 invideatis
979 3061 1317 3116 liberatorem
1361 3063 1668 3118 hominibus
1710 3063 1988 3117 Dominum
2028 3065 2124 3119 Je-
2165 3065 2168 3068 ’

535 3167 652 3205 sum
688 3151 989 3216 Christum;
1016 3165 1137 3206 cum
1166 3152 1341 3220 potius
1363 3151 1705 3222 pertinaciter
1745 3161 1798 3208 et
1838 3153 2126 3210 infideliter

533 3255 690 3308 agas,
728 3256 796 3295 ne
828 3241 895 3295 ab
931 3241 1022 3295 illo
1045 3241 1174 3296 salvi
1219 3241 1332 3297 fieri
1376 3241 1665 3297 credantur
1707 3243 1946 3312 parvuli,
1989 3244 2127 3299 sicut

535 3333 738 3386 salvum
779 3329 905 3386 facit
943 3332 1195 3402 populum
1235 3347 1390 3386 suum
1429 3347 1458 3386 a
1491 3333 1723 3401 peccatis
1750 3348 1966 3396 eorum;
1995 3349 2124 3404 proa-

536 3432 655 3492 pter
678 3424 817 3494 quod
845 3439 987 3490 eum,
1019 3423 1311 3494 Evangelio
1335 3423 1602 3494 loquente,
1642 3423 1923 3479 didicimus
1944 3425 2127 3496 appel-

534 3512 699 3569 latum
738 3528 858 3568 esse
881 3513 1060 3568 Jesum
1092 3512 1201 3586 (Id.
1227 3528 1262 3579 I,
1296 3513 1430 3585 2|)?
1458 3513 1572 3570 Non
1611 3515 1770 3584 igitur
1806 3516 1999 3571 docere
2026 3532 2124 3586 po-

531 3604 709 3660 teritis
734 3604 1071 3659 liberatorem
1098 3603 1366 3658 Christum
1397 3619 1492 3658 vos
1519 3604 1822 3660 horninibus
1858 3621 1964 3660 non
1991 3606 2126 3661 invi-

533 3695 698 3763 dcre,
729 3696 849 3767 quia
890 3695 1140 3766 parvulos
1186 3711 1292 3750 non
1331 3710 1453 3751 esse
1493 3693 1742 3752 homines
1779 3697 1926 3753 nullo
1965 3697 2124 3753 modo

535 3789 758 3858 potestis
786 3787 1089 3844 ostendere.

609 3877 766 3934 CXII.
795 3879 914 3934 ιω..
951 3879 1194 3934 Demiror
1236 3880 1416 3950 itaque
1444 3895 1632 3936 ausum
1661 3889 1714 3937 te
1739 3881 1899 3938 fuisse
1921 3898 2124 3955 ponere

537 3971 920 4033 testimonium,
945 3984 1050 4038 quo
1070 3969 1282 4034 dicitur,
1307 3971 1350 4024 Α
1375 3988 1472 4040 quo
1490 3974 1620 4024 enim
1647 3974 1758 4043 quis
1785 3974 2005 4029 devictus
2029 3985 2121 4042 est,

539 4060 656 4114 huic
675 4069 722 4113 et
748 4075 918 4113 servus
951 4058 1186 4112 addictus
1211 4069 1280 4112 est
1309 4060 1374 4131 (ll
1397 4060 1536 4115 Petr.
1561 4077 1618 4126 ιι,
1645 4063 1753 4134 19).
1778 4065 1928 4130 Quod
1955 4066 2125 4120 mani-

539 4147 828 4204 festissime
873 4162 973 4216 pro
1016 4148 1172 4202 nobis
1212 4150 1368 4211 facit,
1416 4153 1776 4206 asserentibus
1817 4169 1922 4208 nou
1969 4171 2125 4224 posse

539 4254 861 4310 quemquam
887 4239 1176 4294 obnoxium
1197 4255 1317 4296 esse
1336 4241 1570 4308 diabolo,
1595 4245 1694 4298 nisi
1715 4247 1803 4316 qui
1823 4245 1981 4301 fuerit
2003 4257 2124 4319 post

539 4342 810 4388 certamen
842 4331 1130 4385 voluntatis
1159 4333 1410 4402 degeneri
1447 4335 1720 4390 deditione
1749 4347 2048 4407 superatus.
2076 4343 2123 4395 Α

538 4437 592 4481 te
615 4436 796 4481 autem
819 4426 1060 4494 usurpari
1097 4441 1202 4481 non
1230 4427 1451 4494 debuit,
1481 4431 1563 4484 cui
1594 4431 1938 4487 vehementer
1961 4449 2122 4503 repu-

539 4527 688 4587 gnat,
716 4516 1061 4587 persuadenti
1089 4518 1140 4571 iu
1169 4533 1334 4590 regno
1353 4520 1548 4577 diaboli
1565 4536 1684 4578 esse
1711 4533 2007 4590 nascentes,
2031 4527 2123 4596 qui

539 4610 654 4664 sine
683 4610 952 4664 voluntate
987 4611 1199 4682 propria
1240 4627 1345 4669 nec
1365 4614 1502 4669 vinci
1536 4616 1734 4686 utique,
1766 4631 1867 4672 nec
1899 4633 2123 4688 peccare

539 4708 851 4770 potuerunt.

613 4793 749 4848 Anc.
777 4792 920 4861 Quos
944 4793 1076 4850 dicis
1112 4805 1392 4853 nascentes
1423 4812 1523 4854 nec
1559 4799 1696 4856 vinei
1721 4841 1736 4870 ,
1779 4817 1878 4858 nec
1912 4811 2122 4862 certare

539 4883 798 4955 potuisse,
830 4885 898 4940 ab
925 4885 1013 4940 illo
1043 4888 1301 4959 originem
1329 4889 1550 4956 ducunt,
1579 4892 1633 4947 in
1661 4907 1765 4963 quo
1791 4908 1976 4950 omnes
1997 4909 2123 4966 pec-

540 4983 797 5030 caverunt
823 4994 837 5030 :
865 4976 952 5046 qui
977 4977 1169 5045 homo,
1199 4981 1338 5051 quod
1370 4991 1450 5036 est
1475 4982 1623 5052 pejus
1647 5025 1662 5049 ,
1692 4984 1808 5039 sine
1832 4988 2121 5042 certamine

543 5068 716 5122 victus
745 5077 846 5122 est.
877 5065 998 5124 Fuit
1018 5072 1159 5125 enim
1188 5073 1376 5135 Adam,
1405 5084 1458 5128 et
1488 5075 1540 5127 in
1565 5076 1652 5128 illo
1675 5076 1866 5130 fuimus
1891 5092 2118 5135 omnes:

539 5159 698 5229 peri-it
730 5159 920 5226 Adam,
950 5169 1002 5216 et
1040 5161 1091 5216 in
1123 5163 1212 5217 illo
1237 5179 1424 5218 omnes
1456 5165 1725 5234 perierunt
1745 5166 1998 5238 (Ambros.
2027 5171 2116 5224 lib.

539 5243 572 5306 7
601 5253 653 5305 in
684 5249 810 5305 Luc.
850 5269 967 5323 cap.
999 5251 1086 5319 15,
1118 5271 1169 5309 n.
1214 5251 1372 5328 251).
1409 5256 1577 5312 Sinite
1611 5272 1740 5329 ergo
1766 5262 2012 5330 parvulos
2038 5263 2119 5318 in-

541 5343 712 5398 veniri
738 5343 806 5399 ab
832 5359 917 5408 eo,
949 5345 1036 5414 qui
1080 5347 1224 5400 venit
1266 5362 1506 5416 qumrere
1533 5349 1673 5418 quod
1706 5352 1930 5420 perierat
1956 5352 2113 5422 (Luc.

536 5447 656 5501 ιη,
701 5435 788 5507 10)
825 5455 838 5490 :
870 5437 1102 5507 alioquin
1145 5439 1484 5496 liberatorem
1523 5441 1725 5506 Iesum,
1775 5446 2025 5514 quoniam
2063 5454 2118 5501 et

539 5527 639 5599 Ipsi
665 5529 907 5586 homines
928 5539 1072 5596 sunt,
1097 5547 1314 5602 prorsus
1333 5533 1636 5590 hominibus
1657 5536 1920 5604 invidetis,
1951 5554 2119 5608 quan-

549 5721 561 5772 '_
604 5699 620 5735 ¹
647 5703 721 5753 Sic
755 5709 867 5772 tuss.
890 5712 944 5755 At
967 5706 1081 5772 editi
1100 5745 1113 5762 .
1149 5707 1293 5760 natae
1314 5709 1578 5760 voluntatis.
1605 5713 1774 5761 atarins
1796 5718 2041 5772 Mercator,
2065 5714 2116 5763 in

537 5767 902 5838 Commonitorio
923 5770 1308 5838 subnotationum
1334 5775 1380 5821 in
1394 5776 1578 5838 scripta
1597 5775 1783 5828 luliani.
1810 5773 2008 5838 legebat
2026 5767 2117 5826 hoc

555 5838 642 5890 ps0
663 5826 784 5889 loco,
805 5829 887 5891 qui
908 5836 953 5880 et
975 5831 1096 5883 male
1119 5833 1275 5890 aqenti
1299 5835 1498 5884 remum.

1196 389 1441 450 OPERIS
1479 388 1887 447 IMPERFECTI
1925 385 2197 444 CONTRA
2236 384 2591 456 JULIANUM,
2634 391 2689 448 S.
2731 391 3101 451 AUGUSTINI

3677 409 3808 468 "‘25

2249 507 2526 570 lacumque
2557 503 2872 576 loquacitate
2901 510 3269 571 crudelitatem
3294 517 3458 574 vestri
3483 519 3637 591 hujus
3661 541 3808 581 crru-

2243 591 2319 646 ris
2347 593 2694 664 ohtegendam
2727 614 2844 655 esse
2873 603 3123 661 credatis.

2313 685 2491 740 CXIII.
2520 688 2637 744 ιω..
2666 690 2816 760 Quod
2851 696 3060 764 quidem
3105 698 3292 758 videns
3329 711 3514 761 contra
3559 716 3611 764 te
3640 713 3815 769 valere

2243 776 2547 846 plurimum,
2595 783 2744 851 quasi
2791 786 2904 854 ipso
2950 790 3256 846 testimonio
3300 793 3672 868 interrogatus,
3717 804 3816 860 Per

2243 867 2367 937 quid
2386 884 2515 936 ergo
2542 873 2741 939 parvuli
2765 875 2815 928 in
2845 891 3010 947 regno
3037 890 3160 936 sunt
3179 882 3495 942 adversariae
3512 867 3810 961 potestatis,

2241 957 2287 1012 si
2318 959 2603 1029 Scriptura:
2641 964 2875 1020 creditur
2897 1009 2910 1031 ,
2942 985 3390 1045 unumquemque,
3420 957 3539 1034 cum
3567 982 3811 1050 vincitur,

2243 1056 2367 1105 tunc
2395 1066 2608 1107 servum
2636 1069 2757 1111 esse
2796 1058 3014 1114 victoris
3033 1102 3048 1124 ,
3075 1070 3130 1116 et
3156 1075 3361 1120 constat
3390 1067 3663 1126 infantiam
3701 1075 3816 1131 sine

2240 1152 2340 1196 usu
2362 1144 2580 1199 rationis
2607 1155 2662 1200 et
2685 1148 2968 1205 voluntatis
2997 1167 3097 1208 nec
3125 1155 3410 1227 conﬂigere
3437 1163 3692 1231 potuisse,
3719 1182 3816 1222 nec

2241 1232 2476 1289 cedere?
2502 1235 2652 1291 addis
2684 1237 2783 1310 (De
2811 1239 3020 1311 Nuptiis
3057 1252 3106 1299 et
3141 1246 3551 1320 Concupiscentia
3574 1297 3590 1319 ,
3639 1255 3726 1309 lib.
3759 1257 3814 1322 ἓ,

2239 1339 2293 1377 n.
2325 1324 2380 1395 8)
2409 1342 2424 1380 :
2461 1345 2480 1378 ι
2508 1325 2613 1381 Per
2649 1345 2804 1383 unum
2822 1333 3016 1403 quippe
3043 1334 3293 1392 hominem
3320 1353 3575 1409 peccatum
3615 1346 3817 1401 intravit

2241 1414 2295 1468 in
2320 1417 2581 1485 mundum,
2604 1429 2650 1473 et
2679 1437 2764 1490 per
2794 1433 3051 1493 peccatum
3075 1443 3249 1495 mors;
3275 1440 3322 1485 et
3348 1432 3418 1486 ita
3446 1433 3498 1487 in
3535 1452 3705 1492 omnes
3725 1439 3818 1492 Ito-

2249 1505 2406 1560 mines
2431 1511 2738 1578 pertransiit,
2761 1519 2813 1566 tn
2833 1531 2932 1582 quo
2959 1531 3130 1571 omnes
3153 1535 3479 1589 peccaverunt
3512 1544 3532 1578 ι
3559 1525 3735 1596 (Rom.
3761 1545 3814 1595 ν,

2239 1596 2353 1669 12).
2389 1617 2408 1650 ι
2443 1600 2532 1655 Sic
2565 1611 2648 1657 est
2693 1612 2869 1659 autem
2918 1606 3059 1662 Deus
3101 1613 3429 1670 nascentium
3452 1618 3729 1687 conditor,
3762 1632 3819 1676 ut

2239 1704 2427 1745 omnes
2451 1706 2514 1748 ex
2541 1708 2648 1747 uno
2670 1703 2795 1749 eant
2827 1696 2878 1751 in
2903 1699 3424 1773 condemnationem,
3456 1724 3679 1777 quorum
3709 1729 3816 1768 non

2235 1779 2393 1835 fuerit
2419 1786 2807 1840 renascentium
2838 1787 3118 1846 liberator.
3149 1792 3265 1863 Ipse
3304 1797 3498 1868 quippe
3525 1799 3700 1856 dictus
3734 1814 3818 1858 est

2236 1870 2426 1941 figulus
2446 1888 2512 1928 ex
2543 1876 2729 1930 eadem
2759 1893 2930 1934 massa
2953 1879 3152 1938 faciens
3173 1901 3285 1951 vas,
3312 1887 3456 1944 aliud
3477 1890 3531 1944 in
3555 1891 3816 1950 honorent

2237 1963 2526 2019 secundum
2557 1967 2975 2025 misericordiam
2995 2011 3011 2039 ,
3044 1976 3187 2030 aliud
3215 1977 3265 2031 in
3310 1984 3685 2039 contumeliam
3730 2003 3818 2042 sc-

2236 2055 2467 2111 cundum
2484 2049 2740 2128 judicium
2769 2081 2789 2116 ι
2814 2061 2924 2136 (Id.
2949 2082 3022 2134 ix,
3043 2067 3136 2140 2t)
3159 2089 3172 2124 :
3197 2089 3218 2122 c
3240 2072 3324 2126 cui
3349 2085 3528 2130 cantat
3555 2077 3813 2147 Ecclesia,

2245 2148 2647 2207 Miscricordiam
2669 2165 2714 2209 et
2722 2158 2977 2227 judicium
3001 2180 3019 2213 ι
3050 2161 3218 2233 (Psal.
3243 2181 3293 2230 c,
3319 2165 3396 2238 I).
3429 2168 3540 2224 Hoc
3563 2171 3704 2242 quod
3736 2174 3819 2228 di-

2234 2240 2330 2303 cis,
2360 2256 2455 2310 per
2481 2259 2641 2299 unum
2667 2245 2935 2304 hominem
2967 2251 3192 2309 intrasse
3219 2267 3512 2326 peccatum,
3538 2240 3639 2331 quo
3663 2265 3817 2319 testi-

2235 2334 2417 2388 monio
2479 2337 2719 2406 Apostoli
2775 2340 3123 2409 plurimorum
3189 2347 3572 2406 ineruditorum
3636 2361 3814 2410 tamen

2236 2435 2450 2493 pectora
2477 2431 2858 2496 commovistis,
2910 2434 3034 2489 licet
3075 2436 3125 2490 in
3169 2448 3359 2509 quarto
3401 2442 3536 2498 libro
3578 2445 3820 2503 breviter

2234 2518 2502 2584 quomodo
2533 2521 2928 2590 intelligendum
2953 2540 3094 2582 esset
3110 2532 3430 2588 ostenderim
3455 2535 3556 2605 (Ad
3575 2530 3815 2593 Turbati-

2235 2606 2401 2680 tium),
2432 2617 2606 2664 tamen
2628 2611 2906 2682 adjuvante
2929 2615 3160 2684 Christo,
3184 2620 3236 2674 in
3261 2620 3360 2677 hoc
3395 2639 3558 2693 opere
3599 2628 3818 2696 plenius

2234 2713 2580 2768 exponemus,
2602 2702 2671 2756 ita
2692 2705 2820 2759 utin
2847 2708 3081 2763 secundo
3102 2709 3257 2778 libro,
3282 2717 3651 2782 prmtermissis
3672 2722 3816 2788 aliis,

2238 2787 2388 2844 locus
2419 2791 2530 2861 ipse
2553 2795 2875 2863 apostolicus
2895 2810 3146 2855 contextu
3175 2817 3274 2858 suo
3307 2805 3614 2875 plenissime
3640 2787 3818 2868 disse?

2233 2890 2398 2938 ratur.

2302 2973 2436 3056 Aea.
2477 2974 2555 3029 Ad
2580 2975 2630 3030 id
2651 2977 2791 3048 quod
2812 2978 2864 3034 in
2891 2989 3079 3050 quarto
3102 2983 3239 3039 libro
3260 2993 3353 3040 tuo
3375 2987 3606 3046 breviter
3625 3001 3817 3049 osten-

2232 3063 2375 3120 disse
2419 3075 2468 3122 te
2515 3067 2668 3134 dicis,
2721 3071 2772 3125 in
2819 3081 2977 3128 sexto
3014 3089 3196 3131 nostro
3239 3077 3331 3134 tibi
3370 3094 3688 3150 responsum
3737 3097 3821 3142 est

2233 3157 2456 3227 (Contra
2500 3156 2787 3230 lulianum,
2837 3164 2924 3218 lib.
2974 3167 3026 3232 6,
3073 3184 3125 3221 η.
3168 3169 3257 3235 75,
3303 3173 3448 3242 sqq.)
3479 3192 3492 3228 :
3523 3176 3664 3246 quod
3722 3193 3819 3233 au-

2231 3257 2339 3303 tem
2383 3251 2434 3304 in
2478 3250 2578 3306 hoc
2616 3267 2778 3323 Opere
2817 3255 3104 3326 polliceris,
3137 3274 3257 3315 cum
3299 3263 3522 3320 reddere
3559 3269 3816 3338 cmperis,

2231 3339 2302 3395 ibi
2327 3357 2482 3412 quam
2505 3344 2578 3400 sis
2604 3346 2916 3418 vaniloquus
2943 3351 3236 3420 apparebit.

2301 3431 2482 3488 CXIV.
2522 3434 2638 3490 JUL.
2680 3435 2777 3492 llic
2801 3448 2977 3495 autem
3001 3442 3233 3498 breviter
3259 3445 3647 3515 admonuerim,
3677 3469 3821 3523 quo-

2231 3524 2375 3579 niam
2401 3525 2680 3597 sul'fragari
2713 3529 2804 3585 tibi
2833 3546 2937 3585 non
2967 3535 3224 3603 potestad
3247 3538 3361 3606 ejus
3377 3543 3652 3596 sententia:
3680 3559 3821 3599 con-

2231 3615 2604 3682 firmationem,
2648 3637 2807 3692 quam
2851 3625 3026 3678 omnis
3060 3628 3311 3695 eruditio,
3353 3633 3526 3687 omnis
3562 3635 3721 3700 ratio,
3768 3645 3822 3691 et

2231 3705 2316 3763 lex
2344 3709 2435 3762 Dei
2474 3711 2739 3766 convincit
2770 3713 3178 3784 iniquissimam.
3219 3719 3454 3792 Diligens
3491 3738 3619 3794 ergo
3648 3725 3824 3782 lector

2231 3797 2469 3853 intendat
2498 3801 2638 3870 quod
2666 3805 3037 3872 pronuntiasti,
3069 3807 3233 3864 Deum
3262 3826 3380 3865 esse
3411 3810 3668 3870 factorem
3701 3834 3820 3873 rna—

2230 3890 2439 3958 lorum;
2469 3905 2521 3947 et
2550 3895 2680 3948 tales
2701 3911 2820 3950 eum
2843 3897 3094 3965 condere,
3125 3903 3214 3972 qui
3243 3903 3356 3958 sine
3379 3906 3554 3976 aliquo
3583 3913 3824 3978 propriae

2231 3984 2424 4038 merito
2459 3985 2746 4041 voluntatis
2784 3999 2906 4044 eaut
2955 3991 3007 4045 in
3047 3993 3544 4051 condemnationem
3591 4015 3824 4070 prorsus

2230 4089 2436 4129 onmes.

2301 4168 2434 4224 AUG.
2469 4168 2580 4225 IIoc
2612 4170 2718 4225 dixi
2753 4189 2765 4225 :
2794 4174 2911 4243 quia
2948 4176 3071 4230 facit
3105 4175 3376 4235 hominum
3413 4191 3692 4251 naturam,
3727 4184 3825 4257 qui

2230 4259 2356 4313 vitio
2385 4260 2511 4314 mali
2549 4273 2699 4328 sunt,
2730 4265 2868 4334 quod
2909 4265 3022 4336 ipse
3062 4285 3164 4323 non
3195 4271 3347 4337 fecit;
3379 4275 3524 4330 etde
3559 4292 3664 4347 quo
3701 4279 3827 4349 ipse

2230 4347 2366 4403 bene
2398 4349 2540 4416 facit,
2572 4353 2728 4407 etiam
2759 4369 2877 4408 cum
2910 4357 3172 4414 tnalisuut
3205 4360 3446 4418 homines
3482 4381 3615 4435 quos
3639 4347 3776 4424 facit
3806 4383 3821 4423 ε

2231 4443 2351 4510 quia
2380 4443 2432 4497 in
2463 4454 2713 4514 quantum
2743 4445 2984 4504 homines
3011 4462 3151 4516 sunt,
3184 4468 3286 4507 non
3318 4453 3368 4508 in
3399 4467 3652 4526 quantum
3688 4461 3828 4517 mali

2230 4543 2372 4600 sunt,
2403 4551 2495 4590 eos
2521 4535 2665 4592 facit.
2696 4537 2879 4608 Neque
2907 4541 3050 4596 enim
3079 4559 3199 4597 vasa
3232 4545 3283 4600 in
3310 4549 3692 4606 contumeliam
3726 4552 3830 4610 (ἰοε-

2229 4635 2370 4690 rent,
2401 4627 2500 4681 nisi
2530 4628 2653 4682 mali
2681 4638 2861 4685 essent
2888 4649 2900 4684 :
2934 4633 3023 4703 qui
3055 4643 3229 4690 tamen
3259 4653 3353 4706 per
3380 4649 3618 4694 naturam
3649 4657 3828 4712 quam

2230 4717 2353 4774 facit
2374 4721 2390 4751 ⁸
2422 4720 2582 4788 Deus,
2613 4723 2794 4794 utique
2824 4723 2948 4779 boni
2977 4735 3134 4792 sunt;
3162 4727 3285 4782 mali
3315 4739 3490 4785 autem
3515 4734 3828 4790 secundum

2228 4809 2434 4877 vitium,
2466 4810 2606 4880 quod
2636 4819 2820 4867 contra
2848 4823 3086 4868 naturam
3118 4816 3350 4886 quidem,
3383 4818 3476 4874 sed
3507 4829 3683 4876 tamen
3721 4840 3830 4879 na-

2231 4911 2362 4954 tura:
2405 4901 2595 4957 insevit
2632 4903 2909 4969 inimicus;
2941 4913 2996 4959 ut
3021 4921 3084 4960 ex
3123 4905 3224 4962 hoc
3253 4919 3394 4964 esset
3424 4920 3608 4966 natura
3639 4915 3826 4979 mala,

2230 4991 2331 5047 hoc
2359 5002 2472 5058 est,
2510 4993 2680 5048 malus
2719 4993 2897 5048 homo.
2934 4995 3048 5050 Non
3089 4997 3228 5051 enim
3271 5007 3444 5068 potest
3483 5017 3603 5056 esse
3641 5004 3827 5060 ullum

2227 5085 2424 5138 malum
2457 5085 2556 5139 nisi
2587 5086 2638 5139 in
2670 5085 2848 5156 aliquo
2879 5084 3053 5151 bono;
3082 5090 3205 5159 quia
3233 5106 3336 5144 non
3368 5102 3540 5161 potest
3562 5109 3682 5148 esse
3714 5099 3830 5153 nisi

2228 5179 2280 5233 in
2320 5178 2492 5248 aliqua
2537 5185 2723 5232 natura
2755 5198 2768 5234 :
2799 5181 2970 5233 omnis
3009 5191 3182 5236 autem
3221 5190 3436 5250 natura,
3470 5185 3520 5238 in
3555 5199 3829 5256 quantum

2227 5281 2412 5324 natura
2440 5279 2541 5334 est,
2569 5269 2766 5325 bonum
2793 5280 2894 5327 est.
2926 5271 3214 5343 Diligenter
3238 5276 3512 5342 attendite,
3541 5281 3832 5346 quomodo

2225 5361 2489 5428 dicantur,
2519 5379 2635 5434 quze
2665 5365 2808 5418 velut
2845 5365 3107 5420 contraria
3149 5367 3287 5421 inter
3321 5383 3381 5424 se
3409 5369 3509 5424 dici
3539 5371 3826 5438 videntur,

2224 5463 2278 5509 et
2305 5469 2409 5508 non
2435 5464 2559 5508 sunt
2583 5473 2596 5509 :
2621 5455 2664 5508 si
2688 5462 2865 5510 tamen
2887 5471 2991 5510 non
3020 5457 3227 5526 penitus
3250 5459 3391 5512 fumo
3416 5460 3657 5530 superba:
3677 5476 3830 5518 con-

2226 5545 2474 5600 tentionis
2501 5546 2682 5601 oculos
2714 5546 3034 5616 perdidistis.

2294 5637 2450 5693 CXV.
2482 5637 2600 5694 JUL.
2629 5640 2705 5694 Ac
2734 5654 2799 5694 ne
2833 5640 3160 5695 nesciremus
3181 5641 3201 5672 ²
3229 5639 3294 5695 de
3323 5656 3424 5711 quo
3452 5650 3690 5713 tempore
3729 5645 3829 5701 lo-

2290 5774 2462 5847 ttidliti,
2487 5773 2619 5836 fecit.
2647 5771 2953 5847 Mss.,facit._
3023 5845 3029 5847 _
3090 5833 3101 5847 ‘
3170 5843 3178 5847 _
3583 5836 3592 5844 .
3633 5835 3659 5847 Α

2288 5840 2309 5871 ³
2332 5837 2465 5894 mliti,
2488 5833 2550 5886 ac
2571 5849 2632 5887 uc
2653 5833 2899 5886 animum.
2925 5833 3245 5883 Emendantur
3271 5848 3331 5884 cx
3359 5835 3716 5899 manust-ripas.
