3996 6476
199 401 312 462 “25

194 510 430 588 quereris;
469 505 533 559 ab
569 504 776 572 Adam,
808 513 962 573 quem
994 497 1070 553 ais
1107 508 1270 551 unum
1310 505 1499 588 omnes
1538 490 1732 588 fuisse,

194 584 331 673 usque
352 599 412 654 ad
443 597 624 663 ﬁnem,
653 597 742 667 qui
768 590 1012 664 baptizati
1039 604 1144 644 non
1170 595 1312 652 sunt,
1335 584 1658 641 damnationi
1683 591 1739 638 et

196 695 373 754 diabolo
398 690 659 746 obnoxios
701 686 1005 758 pronuntias
1031 681 1276 737 inveniri.
1309 679 1365 733 In
1389 692 1492 748 qua
1517 684 1736 731 senten-

194 795 250 848 tia
271 788 422 844 multo
451 794 504 841 te
537 781 893 854 perniciosius
918 792 1106 835 curare
1141 774 1356 841 niteris,
1387 786 1543 843 quam
1580 779 1736 824 antea

194 877 464 936 vulnerasti.
509 874 645 930 Nam
690 881 749 928 ut
790 883 1094 927 removeres
1138 865 1387 922 invidiam
1427 878 1545 933 quae
1585 863 1642 916 in
1684 868 1737 915 te

194 974 367 1037 ruebat,
389 967 525 1040 quod
551 967 758 1022 diceres
783 963 1048 1021 diabolum
1073 959 1403 1016 conditorem
1430 955 1732 1018 hominum;

195 1069 430 1120 conectas
470 1056 747 1113 conﬁteris
791 1050 1366 1115 Deum'conditorem,
1414 1045 1506 1101 sed
1555 1044 1737 1098 talium

195 1153 347 1228 quales
371 1149 623 1206 adscribit
649 1147 970 1204 Manichacus
1006 1142 1229 1216 principi
1262 1138 1600 1197 tenebrarum
1622 1137 1662 1190 ί.

249 1249 366 1303 Aac.
396 1261 415 1296 ‹
445 1241 646 1298 Omnes
669 1239 912 1296 homines
931 1237 1031 1293 sub
1056 1244 1269 1306 peccato
1290 1231 1575 1294 nascimur,
1601 1241 1736 1297 quo-

194 1354 287 1395 rum
310 1336 414 1405 ipse
437 1343 584 1389 ortus
615 1333 671 1387 in
696 1332 825 1386 vitio
849 1339 951 1385 est.
982 1346 1000 1380 ›
1027 1327 1138 1382 Hoc
1163 1340 1269 1380 non
1297 1323 1429 1377 dixit
1456 1321 1736 1376 haereticus

195 1424 457 1483 immundus
477 1422 820 1485 Manichacus,
844 1419 938 1476 sed
957 1417 1248 1474 catholicus
1275 1422 1488 1470 sanctus
1513 1410 1738 1465 Ambro-

195 1501 282 1572 sius
305 1513 396 1584 (De
421 1511 744 1572 Prem‘tentia,
773 1510 860 1565 lib.
887 1510 937 1574 I,
966 1525 1081 1578 cap.
1104 1508 1140 1562 2
1163 1505 1241 1560 uel
1264 1505 1340 1576 3).
1369 1503 1534 1558 Porro
1561 1510 1736 1555 autem

195 1605 477 1664 Manichacus
505 1617 606 1659 nec
634 1617 847 1658 omnem
879 1609 1120 1654 naturam
1141 1638 1155 1664 ,
1184 1598 1236 1651 in
1262 1603 1517 1665 quantum
1551 1599 1736 1645 natura

196 1711 283 1765 est,
309 1696 430 1752 dicit
462 1696 694 1760 bonam;
723 1708 822 1759 nec
857 1707 973 1748 eam
1010 1705 1167 1761 quam
1198 1689 1326 1743 dicit
1352 1695 1594 1742 naturam
1621 1697 1737 1738 ma-

196 1790 294 1854 lam,
312 1787 411 1842 ullo
430 1785 591 1840 modo
613 1785 742 1839 dicit
761 1784 936 1838 sanari
961 1796 1116 1852 posse
1136 1795 1197 1834 ac
1218 1779 1328 1834 ﬁeri
1349 1778 1538 1833 bonam
1563 1793 1575 1828 :
1597 1773 1738 1844 quod

195 1879 409 1937 catholica
438 1878 574 1933 ﬁdes
601 1877 730 1932 dicit
755 1876 823 1931 de
848 1883 1034 1929 natura
1062 1873 1293 1927 humana
1319 1869 1628 1940 pusillorum
1655 1875 1736 1920 at-

194 1987 274 2041 que
296 1984 622 2040 magnorum,
653 1976 707 2023 et
735 1976 916 2022 contra
943 1964 1259 2020 Manichacus
1287 1970 1341 2016 et
1368 1969 1552 2014 contra
1583 1958 1736 2012 Feta-

195 2063 361 2134 gianos,
384 2070 642 2130 utrosque
666 2059 893 2114 diversis
917 2057 1139 2121 morbis,
1164 2054 1255 2108 sed
1283 2053 1478 2121 pariter
1500 2052 1734 2104 insanos.

246 2152 405 2208 CXVI.
433 2151 554 2206 ιω..
585 2151 870 2206 Enimvero
893 2149 1118 2204 credens
1148 2145 1316 2201 malos
1343 2159 1464 2200 esse
1495 2142 1737 2196 homines

195 2242 454 2297 conditione
496 2241 786 2306 nascendi,
817 2240 966 2294 illum
1004 2239 1082 2294 eis
1123 2235 1396 2306 deputavit
1432 2242 1733 2296 auctorem,

194 2349 264 2403 per
279 2348 418 2402 quem
443 2333 569 2386 mali
593 2331 771 2401 operis
791 2329 991 2385 crimen
1013 2345 1040 2381 a
1062 2328 1175 2382 Deo
1198 2327 1337 2381 bono
1361 2331 1733 2394 separaretur:

194 2423 467 2494 etquoniam
490 2432 767 2478 erraverat
795 2422 846 2475 in
872 2419 1180 2475 deﬁnitione
1202 2416 1426 2488 peccati,
1449 2423 1506 2469 ut
1530 2421 1738 2484 putaret

195 2516 393 2571 naturale
414 2529 556 2578 esse,
581 2513 726 2584 quod
751 2513 849 2567 nisi
877 2510 1232 2566 voluntarium
1253 2522 1371 2564 esse
1393 2521 1500 2561 non
1527 2512 1733 2575 potest;

194 2615 539 2678 consequenter
561 2605 815 2674 deinceps
843 2604 994 2658 mala:
1015 2601 1235 2672 originis
1261 2599 1456 2654 malum
1482 2607 1562 2652 est
1583 2611 1736 2652 com-

196 2706 365 2752 mentus
390 2695 686 2759 artiﬁcem;
720 2695 807 2749 hic
832 2693 1132 2764 religiosior
1159 2691 1211 2744 in
1239 2689 1428 2752 Deum,
1457 2695 1736 2742 contuma-

197 2789 285 2843 cior
308 2787 353 2842 in
377 2796 639 2842 naturam.
667 2786 748 2842 Tu
773 2801 901 2841 vero
925 2786 1057 2841 dicis
1077 2825 1092 2851 ,
1123 2783 1292 2838 malos
1316 2781 1528 2852 quidem
1557 2778 1732 2843 nasci,

199 2877 278 2934 sed
305 2878 447 2933 Deum
487 2893 612 2933 esse
649 2886 923 2932 auctorem
954 2875 1215 2929 malorum
1243 2889 1258 2926 :
1288 2869 1654 2926 contumacior
1681 2878 1736 2923 tu

205 2967 250 3022 in
279 2969 444 3035 Deum,
481 2966 929 3023 honoriﬁcentior
970 2966 1022 3018 in
1065 2974 1309 3018 naturam
1343 2977 1358 3016 :
1391 2959 1506 3014 Iure
1540 2958 1737 3028 quippe

203 3057 393 3114 auctoris
415 3059 693 3128 maiestate
721 3056 1041 3122 defenditur,
1072 3063 1258 3109 auctor
1288 3061 1465 3108 autem
1501 3050 1737 3106 Iteditate

199 3148 344 3216 operis
355 3157 650 3203 accusatur.

249 3237 361 3293 Ave.
386 3238 591 3293 Accusa
612 3252 741 3308 ergo
761 3238 949 3301 Deum,
973 3235 1016 3290 si
1047 3237 1238 3306 placet.
1261 3233 1437 3304 operis
1458 3231 1693 3288 fwditate
1719 3249 1733 3287 :

195 3326 580 3398 quandoquidem
607 3328 781 3398 aliqua
803 3341 1027 3397 corpora
1050 3335 1156 3380 tam
1183 3325 1320 3380 fmda
1345 3334 1649 3387 nascuntur,
1679 3331 1738 3377 ut

194 3419 398 3474 nonnulla
428 3420 481 3474 in
518 3420 600 3474 cis
629 3419 790 3474 nimia
817 3419 1155 3475 deformitate
1192 3419 1352 3472 etiam
1391 3424 1625 3471 monstra
1655 3414 1736 3468 di—

194 3519 362 3565 antur.
389 3511 505 3567 Non
533 3512 676 3567 enim
707 3511 842 3565 alius
866 3510 1020 3572 deus,
1051 3509 1188 3565 sicut
1217 3507 1537 3563 Manichmus
1567 3506 1733 3576 ﬁngit,

194 3611 260 3653 aut
275 3601 336 3655 dii
357 3603 616 3668 minores,
640 3601 777 3657 sicut
802 3602 952 3656 Plato
972 3610 1135 3663 errat,
1157 3609 1284 3654 sunt
1301 3613 1584 3668 corporum
1609 3613 1738 3652 cou-

195 3692 395 3748 ditores:
429 3693 528 3748 sed
570 3693 754 3763 utique
795 3693 934 3747 Dens
978 3691 1148 3745 bonus
1189 3699 1244 3744 et
1275 3689 1450 3760 justus
1487 3699 1738 3759 operatur

197 3782 316 3837 etiam
340 3799 565 3854 corpora
598 3785 717 3838 talia
737 3785 788 3848 ’ς
820 3799 940 3853 qum
965 3783 1008 3836 si
1037 3782 1238 3837 referas
1263 3781 1328 3835 ad
1357 3795 1518 3852 grave
1550 3781 1736 3851 jugum

196 3888 318 3945 super
351 3877 488 3932 ﬁlios
522 3876 692 3931 Adam
723 3874 741 3946 (
761 3875 920 3930 Eccli.
955 3891 1054 3938 XL,
1088 3873 1186 3943 l),
1219 3874 1456 3928 invenies
1487 3888 1608 3927 cum
1641 3886 1739 3927 nec

195 3968 371 4034 malum,
393 3969 610 4038 qualem
634 3968 954 4024 Manichacus
973 3965 1295 4021 fabricandis
1315 3965 1625 4035 corporibus
1645 3964 1740 4020 ad-

194 4055 334 4124 hibet;
372 4075 471 4116 nec
513 4061 710 4114 victum
744 4059 1002 4130 malisque
1043 4057 1367 4128 implicatum
1396 4065 1555 4126 atque
1587 4071 1738 4111 cotu-

193 4149 375 4206 mixtum
396 4193 413 4219 ,
443 4151 590 4222 quod
620 4150 938 4206 Manichmus
963 4150 1030 4205 de
1062 4147 1172 4204 Deo
1211 4147 1350 4204 bono
1384 4147 1602 4202 credere
1631 4163 1738 4202 non

192 4239 340 4308 timet;
365 4244 460 4298 sed
492 4243 650 4312 plane
672 4241 869 4312 justum
903 4252 1121 4312 propter
1152 4240 1404 4309 originale
1433 4250 1736 4308 peccatum,

190 4334 362 4402 qudem
391 4335 527 4391 ﬁdes
551 4333 809 4390 catholica
835 4334 1001 4399 novit,
1025 4349 1052 4386 a
1077 4347 1180 4403 qua
1207 4341 1384 4386 vester
1406 4345 1558 4385 error
1581 4345 1741 4386 exor-

189 4423 359 4482 bitavit.
385 4428 573 4498 Neque
596 4427 738 4482 enim
761 4469 775 4492 ,
803 4426 848 4481 si
879 4441 1037 4481 nemo
1074 4433 1378 4494 peccasset,
1413 4422 1550 4477 foeda
1579 4430 1738 4492 atque

189 4529 456 4575 monstrosa
483 4520 646 4576 etiam
675 4519 729 4573 in
758 4515 1002 4588 paradiso
1030 4530 1253 4585 corpora
1283 4521 1646 4569 nascerentur.

242 4608 431 4665 CXVII.
457 4610 582 4666 ιω..
610 4609 725 4664 Νοη
757 4607 998 4674 timuisti,
1028 4605 1425 4668 scelestissime,
1454 4603 1557 4659 hoc
1582 4603 1741 4673 appli-

185 4713 285 4756 care
304 4702 434 4767 Deo,
452 4700 596 4772 quod
621 4716 688 4756 ne
707 4701 756 4755 ei
782 4699 1091 4754 admoveret
1113 4695 1454 4759 Manichacus,
1476 4709 1741 4748 commen-

187 4796 255 4844 tus
271 4799 346 4846 est
365 4793 529 4847 alium
549 4790 880 4846 conditorem
904 4806 918 4841 :
941 4788 1098 4844 ambo
1117 4786 1330 4857 quidem
1351 4786 1480 4841 estis
1504 4785 1740 4839 veritatis

186 4881 380 4949 inimici,
403 4883 500 4940 sed
529 4884 811 4954 putabatur
837 4889 962 4936 ante
981 4891 1034 4936 te
1053 4895 1158 4935 non
1187 4892 1342 4949 posse
1362 4878 1452 4934 ille
1471 4877 1741 4947 impietate

183 4976 418 5043 superari.

239 5069 367 5123 Anc.
397 5069 535 5123 Ante
561 5081 647 5121 me
672 5073 788 5122 erat
811 5064 1146 5130 Ambrosius,
1174 5062 1264 5133 qui
1302 5077 1406 5116 non
1432 5069 1547 5118 erat
1571 5060 1741 5116 Mani-

186 5152 378 5224 chazus;
407 5167 528 5212 ante
554 5157 726 5226 ipsum
752 5155 1002 5221 Hilarius,
1025 5154 1348 5225 Gregorius:
1375 5161 1499 5208 ante
1525 5152 1622 5207 1³08
1646 5151 1744 5224 Cl"

185 5247 382 5313 prianus
401 5288 416 5312 ,
445 5257 500 5303 et
525 5247 705 5303 creteri
723 5287 739 5314 ,
770 5260 906 5316 quos
937 5259 1358 5300 commemorare
1383 5243 1599 5312 longum
1626 5251 1739 5310 est,

183 5336 257 5404 ιι·ιὶ
287 5352 394 5392 non
419 5345 573 5394 erant
599 5336 895 5393 Manichrei.
925 5337 992 5391 Et
1020 5344 1194 5391 tamen
1222 5333 1516 5389 Eeelesiam
1543 5333 1742 5413 docue-

184 5437 321 5493 runt,
353 5430 494 5499 quod
533 5431 586 5485 in
626 5429 865 5486 Ecclesia
891 5427 1220 5494 didicerunt,
1258 5425 1469 5482 trahere
1495 5425 1743 5496 parvulos

183 5521 425 5592 originale
459 5530 756 5593 peccatum,
784 5532 838 5578 et
861 5520 1222 5578 exsumandos
1248 5520 1301 5576 in
1326 5518 1657 5583 exorcismis,
1685 5525 1744 5572 ut

238 5698 250 5727 ¹
276 5699 346 5764 sic
384 5711 559 5764 omnes
583 5705 690 5764 Mss.
714 5696 830 5746 Editi
869 5703 1059 5764 autem,
1086 5697 1171 5750 sed
1193 5697 1347 5751 alium
1367 5696 1556 5764 qualem
1576 5689 1744 5746 scribit

190 5757 457 5810 l'nuichazus
479 5758 750 5822 principem
780 5759 1098 5822 tenebrarum.

240 5822 257 5849 ²
409 5819 516 5870 star.
545 5827 599 5870 et
632 5819 776 5878 Port.,
799 5819 1085 5880 corpora-lia;

1525 377 1726 438 LIBER
1767 374 2036 439 PRIMUS.

3275 383 3416 441 H26

1843 489 2193 546 eruantur'de
2232 500 2489 560 potcState
2526 494 2859 549 tenebrarum
2880 538 2894 563 ,
2924 503 2979 551 et
3005 497 3056 550 in
3087 508 3306 567 regnum
3334 500 3421 553 sui

1840 581 2128 637 Salvatoris
2147 591 2200 636 et
2223 581 2430 636 Domini
2453 584 2837 639 transferantur
2858 587 3072 655 (Coloss.
3097 605 3132 651 ι,
3163 591 3265 660 15).
3284 589 3419 659 Quo-

1843 673 1982 727 niam
2005 672 2246 728 Christus
2272 674 2314 727 si
2343 674 2502 728 etiam
2533 691 2628 743 pro
2651 677 2778 745 ipsis
2803 687 3046 733 mortuus
3071 690 3171 747 est,
3199 682 3337 751 quod
3365 692 3418 737 et

1843 771 1897 818 tu
1921 774 2136 820 coactus
2160 780 2220 822 es
2245 766 2506 833 conﬁteri,
2536 783 2653 836 ergo
2681 785 2849 822 omnes
2873 770 3055 822 mortui
3077 782 3192 824 sunt
3218 782 3299 827 :et
3325 790 3418 843 pro

1841 849 2071 904 omnibus
2091 861 2313 906 mortuus
2332 863 2434 916 est;
2471 853 2609 921 quod
2639 855 2712 907 ait
2736 854 3021 923 Apostolus
3042 857 3106 926 (ll
3131 857 3248 911 Cor.
3269 875 3324 922 v,
3352 861 3418 916 M

1842 941 2004 1008 e115)
2037 959 2050 994 :
2078 942 2164 1011 qui
2191 941 2428 1010 profecto
2457 944 2500 998 si
2527 945 2816 1000 secundum
2839 947 2999 1002 verba
3021 953 3107 1002 tua
3128 949 3286 1004 etiam
3308 950 3419 1019 ipse

1840 1031 2158 1087 Maniclireus
2184 1036 2304 1102 erit,
2328 1035 2436 1106 jam
2469 1046 2522 1090 tu
2557 1038 2680 1107 quid
2709 1037 2854 1093 eris?

1912 1125 2137 1180 CXVIII.
2167 1127 2285 1183 IUL.
2313 1128 2391 1182 Tu
2421 1144 2550 1183 vero
2581 1130 2914 1199 justiﬁcasti,
2948 1139 3004 1185 ut
3029 1131 3283 1202 propheta
3313 1132 3418 1196 ait,

1815 1229 2078 1287 ,sororem
2117 1226 2258 1271 tuam
2299 1219 2585 1273 Sodomam
2623 1219 2846 1289 (Ezech.
2887 1237 3009 1288 va,
3048 1223 3138 1293 51)
3169 1240 3183 1275 :
3215 1223 3419 1278 absolvi

1839 1309 2106 1378 putabitur
2129 1309 2466 1377 Manichreus,
2491 1313 2533 1366 si
2563 1313 2665 1367 tuis
2690 1312 3032 1382 blasphemiis
3060 1323 3419 1384 comparetur.

1841 1399 2106 1454 Gloriatus
2134 1402 2184 1455 iu
2216 1403 2386 1471 primo
2414 1404 2591 1472 operis
2621 1404 2725 1457 mei
2761 1404 2896 1458 libro
2921 1403 3125 1460 fueram
3145 1445 3159 1469 ,
3187 1404 3326 1474 quod
3353 1420 3422 1460 eo

1841 1505 1933 1546 ore
1961 1491 2242 1558 lacerarer,
2271 1507 2376 1562 quo
2406 1505 2457 1549 et
2486 1496 2725 1562 Apostoli
2755 1493 3000 1565 iniuriam
3033 1497 3374 1565 pertulissent
3403 1514 3416 1548 :

1841 1595 1982 1637 nunc
2011 1599 2136 1637 vero
2174 1598 2469 1652 expavesco
2502 1585 2918 1655 magnitudinem
2951 1586 3214 1642 felicitatis
3247 1602 3418 1653 meze;

1840 1673 1908 1728 ab
1934 1689 2000 1728 eo
2026 1674 2314 1742 vituperor,
2347 1675 2435 1743 qui
2464 1676 2776 1732 criminatur
2804 1678 2990 1732 Deum.

1912 1767 2048 1822 Avo.
2081 1767 2162 1821 Ab
2187 1782 2253 1821 eo
2278 1769 2594 1837 vituperaris
2613 1811 2628 1835 ,
2657 1771 2743 1839 qui
2774 1785 2894 1824 cum
2927 1770 3207 1827 Ambrosio
3231 1779 3284 1825 et
3311 1785 3420 1826 em-

1844 1857 1972 1911 teris
1998 1858 2156 1912 sociis
2181 1857 2326 1927 ejus,
2355 1860 2513 1912 etiam
2544 1861 2880 1929 parvulorum
2909 1861 3246 1918 liberatorem
3282 1877 3420 1932 prae-

1841 1946 1982 2001 dicat
2004 1949 2272 2004 Christum
2307 1967 2320 2003 :
2347 1967 2503 2021 quem
2534 1961 2588 2006 tu
2626 1967 2730 2007 non
2769 1954 2942 2008 solum
2971 1955 3270 2010 criminaris
3297 1963 3419 2010 tan-

1841 2054 1999 2109 quam
2048 2042 2426 2108 mentientem,
2471 2044 2556 2098 ubi
2598 2044 2726 2098 dicit
2768 2059 2826 2100 se
2870 2046 3081 2101 venisse
3122 2046 3326 2100 salvare
3366 2054 3423 2101 et

1842 2145 2080 2200 qumrere
2109 2134 2246 2201 quod
2285 2135 2513 2204 perierat
2544 2134 2702 2207 (Luc.
2733 2154 2845 2203 χιπ,
2878 2136 2974 2206 IO)
3001 2155 3016 2203 ;
3047 2154 3228 2193 verum
3257 2139 3420 2194 etiam

1841 2223 2160 2277 contradicis
2184 2226 2253 2290 ei,
2287 2241 2352 2279 ne
2379 2227 2659 2281 salvandos
2689 2229 2936 2297 parvulos
2961 2238 3182 2299 qumrat.

1912 2312 2096 2367 CXIX.
2121 2314 2240 2369 Jun.
2269 2315 2415 2370 Unde
2439 2318 2565 2371 mihi
2591 2318 2780 2372 accidit
2807 2327 2964 2373 tantae
2984 2319 3318 2376 contumelia:
3341 2320 3422 2376 di-

1841 2404 2048 2468 gnitas?
2075 2404 2216 2458 Nihil
2247 2406 2297 2458 in
2329 2421 2414 2461 me
2443 2408 2546 2462 tale
2574 2408 2820 2463 conferre
2847 2410 3111 2464 laudando
3134 2413 3420 2480 potuisses.

1841 2493 2009 2549 Sensa
2045 2510 2160 2549 mea
2193 2495 2326 2551 dicis
2352 2512 2472 2552 esse
2502 2498 2868 2567 reprobauda;
2897 2500 2988 2555 sed
3018 2500 3109 2554 Dei
3136 2517 3295 2570 opera
3321 2501 3420 2556 da-

1842 2587 2068 2641 mnanda
2111 2605 2124 2640 :
2166 2603 2252 2642 me
2296 2591 2434 2644 male
2477 2590 2782 2660 disputare;
2829 2591 2924 2647 sed
2968 2593 3132 2648 Deum
3179 2593 3424 2664 nequiter

1841 2692 2025 2734 creare
2051 2681 2360 2748 pronuntias
2389 2697 2404 2735 :
2430 2697 2516 2736 me
2541 2697 2722 2738 errare
2747 2684 2977 2748 clamas;
3008 2684 3155 2738 illum
3187 2685 3378 2741 szevire
3404 2703 3419 2739 ε

1841 2786 1928 2826 me
1951 2772 2148 2826 asseris
2175 2774 2384 2828 nescire
2419 2774 2625 2843 legem;
2669 2776 2830 2830 Deum
2865 2791 2992 2832 vero
3026 2778 3234 2833 nescire
3262 2778 3424 2847 justi-3

1841 2863 1966 2917 tiam
2000 2879 2015 2916 :
2045 2879 2129 2917 me
2155 2864 2461 2919 vociferaris
2489 2866 2808 2921 catholicum
2840 2876 2946 2921 neu
2985 2882 3106 2924 esse
3124 2909 3138 2929 .
3168 2867 3308 2938 quod
3337 2869 3424 2922 di-

1839 2967 1956 3008 cam
1977 2953 2242 3008 Christum
2265 2969 2553 3025 provocare
2570 2973 2704 3026 quos
2723 2957 2920 3022 salvet;
2945 2957 3108 3013 Deum
3131 2973 3259 3014 vero
3272 2959 3424 3030 jttras

1840 3060 2024 3101 creare
2051 3061 2187 3117 quos
2219 3047 2467 3112 damnet,
2507 3064 2605 3103 nec
2643 3050 2712 3104 ob
2750 3051 2892 3106 aliud
2931 3051 3196 3119 condere,
3229 3053 3331 3108 nisi
3366 3062 3426 3109 ut

1841 3146 1966 3192 eant
1991 3152 2179 3192 omnes
2207 3139 2261 3192 in
2287 3139 2808 3196 condemnationem.

1913 3231 2047 3286 Anc.
2072 3230 2184 3285 Hoc
2207 3241 2261 3286 et
2287 3231 2353 3286 de
2377 3233 2706 3300 przescientia
2734 3233 2822 3288 Dei
2847 3234 2948 3288 dici
2978 3243 3170 3304 potest,
3191 3250 3310 3304 quae
3339 3243 3423 3289 ta-

1841 3335 1963 3376 men
1990 3337 2019 3374 a
2051 3321 2294 3377 ﬁdelibus
2331 3323 2508 3391 negari
2539 3339 2646 3378 non
2684 3332 2891 3393 potest,
2919 3335 2970 3379 et
3005 3335 3131 3394 puto
3155 3326 3294 3397 quod
3325 3340 3424 3381 nec

1841 3425 1870 3466 a
1899 3412 2065 3466 vobis.
2096 3414 2202 3467 Aut
2243 3423 2431 3483 negate
2470 3413 2636 3468 Deum
2680 3416 2956 3485 prmeium
3000 3418 3194 3472 multos
3232 3431 3292 3474 se
3322 3417 3453 3471 da-_

1841 3514 2140 3559 mnaturum
2172 3520 2292 3560 esse
2315 3521 2447 3576 quos
2475 3514 2656 3567 creat.
2691 3523 2756 3562 ne
2791 3507 3036 3564 videatur
3070 3523 3257 3563 creare
3289 3523 3425 3579 quos

1841 3598 2090 3664 damnet;
2115 3609 2168 3653 et
2189 3599 2328 3670 quod
2351 3609 2432 3655 est
2457 3601 2746 3656 mirabilius
2771 3611 2824 3655 et
2848 3603 3263 3670 inscrutahilius,
3287 3603 3426 3658 ιηιιιη

1845 3699 1947 3758 tos,
1979 3705 2047 3746 ne
2074 3691 2271 3744 malitia
2299 3699 2463 3745 mutet
2494 3705 2679 3746 eorum
2716 3693 3064 3756 intellectum,
3095 3693 3163 3748 de
3191 3694 3290 3747 hac
3318 3693 3424 3747 vita

1843 3799 1948 3838 non
1973 3784 1990 3814 ί
2016 3797 2204 3851 rapere
2234 3781 2400 3855 (Sap.
2437 3797 2514 3848 tv,
2548 3783 2605 3836 Η
2630 3780 2672 3854 ),
2701 3797 2832 3852 quos
2867 3783 3037 3836 malos
3077 3782 3280 3837 futuros
3313 3796 3422 3837 non

1841 3885 2019 3948 potest
2057 3874 2322 3944 ignorare.
2362 3873 2491 3929 Date
2520 3873 2774 3928 honorem
2807 3874 2916 3928 Deo
2944 3891 2957 3928 :
2985 3874 3248 3928 altitudini
3275 3874 3422 3943 judi-

1842 3968 2043 4022 ciorutn
2071 3965 2186 4036 ejus
2211 3965 2362 4020 cedat
2387 3976 2682 4019 vestrorum
2705 3966 2918 4035 crepula
2943 3970 3093 4021 ruina
3115 3968 3421 4036 verborum,

1843 4059 1993 4130 quasi
2026 4057 2187 4111 nitida
2216 4065 2271 4111 et
2298 4066 2448 4111 acuta
2471 4058 2512 4123 ',
2543 4059 2635 4111 sed
2668 4058 2853 4112 vitrea.

1913 4150 2074 4206 CXX.
2101 4149 2216 4204 Jun.
2247 4150 2386 4204 Inter
2407 4159 2456 4203 te
2478 4150 2637 4220 igitur
2651 4158 2707 4204 et
2725 4149 3069 4204 Manichmum
3095 4160 3425 4220 prosatorem

1844 4257 2098 4297 sensuum
2127 4250 2356 4304 tuorum,
2380 4241 2535 4295 video
2557 4257 2652 4311 per
2674 4240 2966 4309 profectum
2987 4241 3300 4296 eruditionis
3322 4252 3426 4302 tute

1843 4350 2088 4405 magnam
2122 4334 2308 4387 factam
2337 4347 2456 4388 esse
2483 4332 2810 4387 distantiam.
2849 4333 2940 4388 Ille
2968 4334 3109 4388 enim
3147 4335 3268 4389 licet
3292 4335 3427 4391 duos

1845 4425 2135 4480 induxisset
2166 4432 2430 4490 auctores,
2459 4433 2634 4479 tamen
2661 4439 2808 4493 spem
2835 4425 3020 4479 salutis
3039 4441 3106 4479 ex
3126 4440 3187 4479 ea
3212 4425 3426 4496 reliquit

1845 4527 1995 4589 parte
2015 4560 2028 4584 ,
2061 4533 2162 4587 qua
2196 4517 2330 4572 dixit
2361 4517 2559 4571 bonum
2595 4516 2762 4572 Deum
2793 4531 2912 4572 esse
2944 4515 3326 4571 alienissimum
3355 4518 3426 4574 ab

1845 4612 2153 4682 iniquitate,
2185 4621 2239 4666 et
2270 4626 2300 4665 a
2334 4609 2647 4665 crudelitate
2678 4627 2693 4662 :
2721 4618 2776 4663 tu
2814 4623 2940 4663 vero
2978 4624 3140 4663 unum
3180 4610 3380 4665 bonum
3403 4609 3426 4643 ⁸

1843 4704 2056 4775 quidem
2086 4704 2272 4767 Deum,
2304 4702 2395 4757 sed
2425 4701 2669 4757 eumdem
2699 4701 2959 4754 malorum
2987 4701 3316 4757 conditorem
3347 4702 3429 4758 lo.

1843 4809 2044 4865 quens,
2085 4802 2144 4848 ut
2187 4797 2539 4848 reverentiam
2583 4791 2905 4860 divinitatis,
2945 4792 3019 4846 ita
3055 4808 3206 4864 spem
3242 4793 3429 4850 salutis

1843 4886 2078 4942 funditus
2105 4885 2382 4940 sustulisti.

1917 4979 2050 5033 Aue.
2082 4975 2354 5031 Manichaai
2384 4976 2584 5046 tingunt
2619 4975 2786 5031 Deum
2815 4974 3101 5030 crudeliter
3126 4974 3425 5041 inﬁrmum,

1844 5067 1936 5138 qui
1964 5075 2162 5137 partem
2194 5081 2363 5128 suam,
2390 5065 2736 5121 substantiam
2761 5080 2932 5130 suam,
2959 5067 3202 5122 membra
3230 5077 3431 5124 natura:

1847 5173 1958 5214 sua:
1985 5157 2286 5213 dilanianda
2317 5165 2371 5212 et
2403 5157 2807 5212 contaminanda
2844 5157 3084 5214 hostibus
3121 5161 3366 5224 tradidit,
3399 5177 3428 5215 a

1847 5249 2038 5321 quibus
2062 5248 2358 5304 vastitatem
2389 5248 2487 5304 sibi
2515 5248 2791 5304 imminere
2816 5250 3068 5306 cernebat
3091 5268 3103 5304 :
3134 5267 3228 5307 vos
3253 5262 3430 5306 autent

1847 5342 1936 5413 qui
1975 5342 2138 5397 Deum
2179 5339 2753 5410 omnipotentissimum
2789 5355 2896 5395 non
2932 5342 3168 5412 negatis,
3201 5341 3252 5396 in
3285 5343 3430 5410 gravi

1842 5433 1971 5505 jugo
2008 5431 2344 5503 parvulorum
2373 5431 2516 5486 credi
2544 5431 2701 5488 vultis
2729 5431 2980 5502 iniustum
2999 5469 3017 5498 ,
3049 5433 3288 5502 negando
3317 5434 3428 5487 oric

1912 5570 1929 5601 ι
1965 5567 2242 5616 nestituitur
2270 5564 2351 5628 hic
2384 5563 2616 5627 particula
2658 5576 2848 5628 negans
2861 5564 3142 5614 auctoritate
3177 5569 3283 5614 Mss.
3311 5571 3425 5616 Mar.

1845 5627 1966 5679 Clar.
1986 5635 2111 5677 Port.
2137 5635 2190 5676 et
2208 5625 2341 5675 Coll).

1913 5694 1933 5724 ³
1957 5691 2030 5740 sic
2047 5690 2182 5752 Vign.
2209 5695 2261 5738 et
2296 5686 2502 5737 btenard.
2543 5693 2593 5737 In
2617 5693 2683 5748 8.,
2709 5685 2845 5750 quasi
2872 5683 3025 5736 nitida
3046 5692 3188 5738 acuta
3198 5699 3217 5748 ,‘
3253 5694 3431 5744 omisso

1847 5761 1936 5846 et"
1960 5757 2055 5865 [rec
2076 5811 2181 5862 loco
2199 5824 2262 5861 ex
2279 5810 2613 5873 manuscriptis
2629 5809 2860 5872 addimus,
2887 5811 3074 5859 bonum
