4014 6484
529 364 666 420 1127

527 475 703 548 ginale
729 480 1026 544 peccatum.

597 565 784 621 CXXI.
806 563 923 620 ιω..
948 563 1061 617 Non
1083 570 1165 617 est
1182 561 1324 616 enim
1345 559 1437 631 qui
1455 559 1732 614 subveniat
1750 558 1880 622 reis,
1901 557 2114 627 quando

528 656 644 726 ipse
667 657 755 726 qui
785 664 868 709 est
897 669 1062 717 unus,
1097 650 1361 706 desiderio
1394 648 1741 705 creandarum
1781 649 2117 702 miseriarum

529 746 689 800 etiam
718 759 810 799 eos
841 744 1010 813 punit,
1041 743 1091 796 in
1116 742 1310 811 quibus
1338 740 1468 794 nihil
1495 737 1637 793 aliud
1666 753 1824 808 quam
1853 737 1954 792 hoc
1978 735 2120 808 quod

528 839 644 910 ipse
673 837 799 892 fecit
829 836 1090 906 agnoscit.

601 933 736 984 Auc.
769 927 1022 997 Agnoscit
1057 926 1126 980 ibi
1161 925 1322 980 etiam
1352 921 1492 992 quod
1519 922 1634 991 ipse
1663 935 1768 975 non
1796 917 1922 975 fecit
1949 937 1962 972 :
1992 933 2118 990 pec-

530 1031 706 1077 catum
734 1025 926 1091 quippe
956 1020 1068 1089 ipse
1096 1033 1202 1072 non
1235 1016 1377 1072 fecit.
1413 1015 1560 1069 Alius
1587 1023 1764 1068 autem
1796 1012 2038 1067 similiter
2062 1019 2121 1066 ut

529 1127 627 1167 vos
648 1127 812 1165 vanus
835 1119 1014 1180 posset
1033 1110 1208 1164 dicere
1231 1110 1268 1172 ί,
1297 1107 1462 1162 Deum
1485 1104 1749 1160 desiderio
1769 1103 2117 1158 creandarum

532 1205 864 1259 miseriarum
904 1203 1062 1257 etiam
1102 1215 1196 1255 eos
1231 1213 1448 1264 creare,
1486 1212 1620 1266 quos
1654 1196 2027 1250 damnatarum
2059 1209 2118 1249 se

531 1312 652 1354 esse
695 1297 939 1366 ignorare
979 1311 1084 1348 non
1133 1293 1334 1363 potuit,
1378 1289 1862 1360 incomparabiliter
1902 1288 2114 1366 plures,

530 1404 690 1459 quam
718 1401 811 1441 eos
839 1402 976 1455 quos
1004 1386 1347 1439 liberaturum
1377 1397 1436 1436 se
1464 1396 1584 1436 esse
1614 1379 1904 1450 praescivit.

603 1477 810 1532 CXXII.
839 1477 954 1531 ιω..
979 1476 1260 1544 Perspecto
1285 1474 1444 1543 igitur
1463 1474 1656 1542 abysso
1682 1471 1966 1540 impietatis
1990 1478 2114 1537 tua},

529 1571 657 1626 licet
698 1585 963 1639 nunquam
1003 1568 1288 1637 quidquam
1335 1566 1502 1634 possit
1545 1565 1814 1632 profanius
1855 1562 2115 1642 inveniri;

530 1671 709 1716 tamen
739 1675 897 1731 quam
926 1659 1027 1713 hoc
1053 1658 1183 1711 nihil
1221 1656 1414 1710 habeat
1443 1655 1655 1718 virium,
1687 1664 1741 1708 et
1769 1653 1892 1722 quid
1922 1653 1988 1706 de
2015 1653 2118 1708 illis

528 1768 648 1824 qua:
682 1766 1019 1806 annexueras
1055 1749 1354 1818 colligatur,
1391 1747 1536 1801 brevi
1577 1745 1932 1814 disputatione
1961 1759 2116 1797 mon-

528 1844 803 1900 strabitur.
835 1844 977 1898 Deus
1012 1842 1100 1912 qui
1141 1840 1243 1894 hoc
1280 1839 1535 1909 appellari
1577 1839 1793 1892 nomine
1835 1836 2028 1900 voluit,
2063 1843 2120 1891 ut

528 1934 1105 2004 omnipotentissimus,
1155 1933 1226 1985 ita
1277 1931 1435 1987 etiam
1482 1929 1806 2000 justissimus
1847 1927 2112 1993 creditur;

528 2042 752 2097 quorum
775 2026 819 2079 si
848 2042 1006 2078 unum
1028 2024 1273 2089 defuerit,
1299 2033 1542 2076 neutrum
1570 2021 1740 2074 aderit
1761 2035 1775 2083 ;
1800 2027 1855 2072 ut
1875 2018 2118 2072 conditor

525 2118 938 2188 benignissimus
983 2116 1254 2169 hominum
1277 2157 1290 2178 ,
1325 2116 1393 2167 ita
1430 2114 1741 2167 meritorum
1780 2110 2114 2178 expunctor'

526 2210 899 2280 aequissimus;
931 2223 1090 2262 omne
1122 2207 1262 2276 quod
1299 2205 1452 2266 facit,
1487 2202 1872 2257 bonum‘valde
1905 2209 2007 2254 est.
2038 2199 2116 2254 Ac

525 2316 624 2371 per
651 2302 770 2366 hoc,
802 2315 961 2354 nemo
988 2297 1296 2353 naturaliter
1326 2295 1496 2348 malus
1521 2301 1604 2348 est
1633 2311 1645 2346 :
1676 2291 1768 2346 sed
1796 2291 2116 2361 quicumque

527 2409 652 2450 reus
675 2401 777 2459 est,
808 2391 1068 2455 moribus,
1098 2405 1202 2442 non
1228 2386 1460 2443 exordiis
1488 2392 1788 2440 accusatur.

599 2485 733 2538 Auc.
765 2481 872 2537 Cur
899 2494 1026 2550 ergo
1058 2492 1218 2550 grave
1251 2477 1433 2548 jugum
1470 2489 1630 2544 super
1665 2472 1884 2529 exordia
1916 2487 2114 2545 parvu-

524 2574 698 2631 lorum
725 2573 824 2627 sub
849 2572 961 2626 Dco
989 2569 1354 2640 potentissimo
1383 2574 1542 2636 atque
1567 2565 1901 2635 justissima?

597 2664 829 2721 CXXIII.
859 2664 978 2720 JUL.
1017 2663 1126 2718 Nec
1158 2661 1354 2717 malum
1396 2661 1572 2730 itaque
1605 2660 1848 2714 naturale
1871 2668 1986 2725 est,
2015 2671 2116 2716 nec

529 2757 672 2814 Deus
700 2771 882 2812 creare
910 2770 1031 2810 reos
1060 2763 1269 2824 potest,
1303 2768 1403 2807 nec
1438 2752 1488 2805 in
1529 2765 1693 2820 regno
1721 2750 1918 2806 diaboli
1945 2751 2114 2805 collo-

525 2865 669 2906 care.
691 2848 896 2916 Quibus
915 2847 1154 2901 collectis
1173 2855 1220 2900 el
1249 2854 1304 2898 tu
1330 2842 1669 2908 Manichzeus,
1693 2844 1801 2896 imo
1823 2842 2115 2896 Manichan

526 2939 678 3012 pejor
697 2939 994 2994 ostenderis
1020 2954 1033 2991 :
1056 2945 1110 2990 et
1129 2937 1244 2990 sine
1268 2945 1483 3004 peccato
1505 2935 1555 2988 in
1579 2934 1721 2989 hunc
1739 2934 1993 2990 mundum
2017 2934 2114 2987 bu-

526 3031 796 3088 manitatis
821 3030 1111 3098 ingressus,
1141 3036 1193 3081 et
1217 3026 1315 3081 sub
1339 3026 1459 3095 jure
1488 3026 1597 3089 Dei,
1631 3041 1734 3079 non
1760 3025 1974 3088 diaboli,
2004 3025 2113 3080 fru-

524 3131 644 3178 ctus
671 3120 1026 3184 fecunditatis,
1055 3127 1109 3173 et
1135 3117 1388 3171 naturalis
1420 3117 1716 3170 innocentia
1749 3117 2073 3170 claruerunt.

597 3217 732 3269 Ana.
757 3213 898 3282 Ergo
915 3220 969 3266 et
993 3209 1325 3273 Ambrosius,
1354 3208 1441 3277 qui
1467 3207 1619 3271 dixit,
1651 3227 1668 3258 ‹
1701 3206 1757 3261 In
1787 3207 2072 3276 primordia
2091 3205 2112 3238 ³

526 3315 728 3361 natura:
768 3318 907 3366 sum,
937 3301 1027 3369 qui
1067 3299 1315 3369 baptizati
1356 3298 1550 3353 fuerint
1591 3299 1827 3367 parvuli,
1855 3313 1884 3352 a
1916 3299 2111 3354 malitia

526 3397 885 3454 reformantur
909 3414 929 3447 ι
957 3393 1091 3467 (Lib.
1111 3395 1137 3448 l
1159 3393 1212 3446 in
1232 3391 1358 3445 an.
1384 3407 1420 3456 ι,
1447 3392 1533 3456 l7,
1559 3409 1612 3445 η.
1635 3389 1746 3463 57),
1768 3391 2108 3458 Manichacus,

525 3499 619 3546 aut
647 3489 935 3543 Manichteo
963 3486 1112 3557 pejor
1137 3483 1459 3550 ostenditur,
1491 3483 1628 3538 sicut
1655 3484 1990 3550 conviciaris,
2020 3493 2113 3540 aut

525 3582 680 3638 furis.

595 3670 830 3729 CXXIV.
851 3670 971 3726 Jun.
995 3668 1107 3724 Hoc
1127 3667 1286 3739 igitur
1305 3666 1634 3736 consignato,
1657 3665 1781 3736 quid
1806 3681 2110 3736 processum

525 3774 678 3822 tuum
701 3771 1055 3834 consequatur
1077 3758 1310 3816 attende.
1333 3758 1650 3828 Prophetas,
1673 3767 1728 3813 et
1753 3759 2107 3828 Patriarchas,

526 3872 818 3928 omnesque
857 3863 1068 3909 sanctos
1089 3851 1299 3906 Veteris
1326 3849 1651 3906 Testamenti
1688 3859 1896 3905 constat
1929 3851 2114 3921 Bapti-

526 3949 713 4006 smatis
751 3953 996 4017 expertes
1025 3944 1216 4008 fuisse,
1250 3941 1346 3998 sed
1383 3957 1414 3996 a
1453 3942 1563 3996 Deo
1601 3942 1843 3998 conditos
1885 3944 2111 4016 propriis

527 4041 779 4109 deinceps
809 4037 1015 4091 fulsisse
1042 4035 1325 4090 virtutibus
1357 4051 1370 4086 :
1403 4033 1501 4088 sub
1529 4035 1725 4088 diaboli
1755 4051 1882 4105 ergo
1917 4052 2105 4108 regno,

526 4140 713 4188 contra
740 4127 1098 4184 testimonium
1125 4125 1275 4195 legis,
1299 4139 1416 4181 esse
1441 4125 1726 4180 credentur
1751 4127 1966 4181 aeternis
1988 4143 2112 4199 sup-

529 4221 702 4293 pliciis
727 4217 1062 4289 maneipandi
1083 4234 1096 4281 ;
1121 4217 1243 4287 quia
1267 4231 1333 4270 cx
1359 4215 1527 4272 Adam
1553 4230 1742 4272 omnes
1767 4220 2113 4287 pronuntian-

531 4324 617 4371 tur
643 4329 672 4368 a
701 4322 754 4369 te
785 4314 836 4366 in
865 4309 1359 4366 condemnationem
1379 4307 1402 4338 ⁸
1429 4308 1613 4362 creati.

599 4407 734 4461 Ana.
775 4403 839 4458 Et
883 4403 1027 4472 ipsos
1056 4400 1302 4471 antiquos
1337 4399 1512 4469 justos
1550 4397 1736 4454 eadem
1767 4402 1933 4470 gratia
1978 4402 2112 4458 libe-

530 4498 707 4562 ravit,
753 4495 840 4550 cui
870 4509 963 4549 vos
1010 4492 1205 4548 bellum
1255 4490 1522 4545 indixistis
1554 4506 1567 4542 :
1599 4491 1840 4559 quamvis
1887 4491 2110 4552 diversis

530 4595 613 4650 usi
645 4593 842 4649 fuerint
873 4607 970 4662 pro
1002 4601 1241 4661 tempore
1277 4588 1648 4645 sacramentis.
1679 4590 1939 4655 Quoniam
1968 4589 2109 4659 quod

527 4687 598 4740 de
638 4685 850 4740 Christo
895 4682 1193 4748 credimus,
1245 4681 1350 4737 hoc
1399 4679 1709 4736 credebant.
1766 4679 1917 4736 Unus
1965 4681 2109 4736 enim

529 4777 688 4843 Deus,
720 4791 857 4830 unus
883 4785 935 4830 et
965 4775 1221 4829 Mediator
1253 4773 1342 4829 Dei
1373 4782 1427 4829 et
1466 4774 1738 4829 hominum
1771 4774 1932 4832 homo
1959 4775 2112 4832 Chri-

593 4888 907 4999 Lz'tig’nierius
930 4899 942 4935 :
968 4884 1100 4996 (ilius
1121 4892 1312 4946 autem,
1347 4884 1567 4937 similiter
1589 4893 1641 4938 ut
1663 4899 1743 4938 vos
1774 4901 1921 4939 vanus
1941 4924 1955 4949 ,
1987 4889 2112 4942 alius

735 4962 879 4999 icere.
1010 4984 1022 4997 .

529 4949 901 5016 Ροξδθίβξεενεκ
934 4955 1022 5016 ,Μή

593 5015 613 5076 ξ
632 5012 780 5060 Editio
794 5011 904 5059 anni
930 5008 1062 5070 1633,
1081 5007 1359 5076 meritorum
1381 5009 1672 5076 explorator.
1694 5013 1864 5061 verius
1879 5013 2108 5076 vignierii

528 5074 676 5124 editio
716 5080 768 5122 et
810 5079 933 5138 Mss:
955 5077 1068 5120 Mar.
1092 5071 1214 5119 clar.
1236 5079 1406 5138 _POI‘t.,
1435 5071 1714 5138 meritorum
1735 5071 2018 5138 expunctum
2038 5077 2110 5124 sic

526 5148 673 5198 supra
691 5141 828 5194 ,Mss.
872 5135 964 5198 ‘31,,
992 5132 1284 5197 expunctrix
1322 5134 1689 5198 uniuscujusque
1714 5132 2038 5198 meritorum;
2062 5137 2109 5185 id

529 5195 622 5254 est,
645 5197 832 5245 meritis
853 5195 1018 5260 debita
1038 5195 1101 5244 ex
1126 5199 1366 5260 mqttitatts
1391 5195 1579 5247 ratione
1602 5195 1832 5260 reddens.
1859 5205 1969 5260 nam
1992 5199 2107 5260 quia

547 5270 840 5308 iersonarum
864 5259 1053 5306 nomina
1077 5269 1165 5305 seu
1183 5257 1353 5320 debita
1391 5259 1656 5320 perscrinta
1693 5259 1742 5320 in
1766 5258 1957 5317 tabulis,
1983 5257 2110 5307 sole-

547 5273 840 5308 iersonarum
864 5273 1053 5306 nomina
1077 5273 1165 5305 seu
1188 5273 1353 5306 Genua
1391 5273 1656 5320 perscripta
1693 5273 1742 5306 ιη
1766 5273 1957 5317 ιειοιιιιδ,
1983 5273 2106 5307 SOle-

525 5273 644 5371 Laut
666 5326 842 5383 puncto
863 5321 1039 5381 quibus
1058 5317 1350 5368 satisfactum
1373 5328 1478 5370 erat
1501 5321 1674 5378 neutri,
1708 5319 1818 5369 hinc
1837 5321 1946 5369 data
1969 5333 2106 5383 oeca-

527 5383 618 5438 sio,
644 5381 1445 5452 ut(meritorum_expunctor,_qui
1479 5383 1610 5452 paria
1647 5383 1840 5452 meritis.
1861 5382 2104 5452 rependit,

529 5451 802 5493 vocaretur.
827 5443 899 5492 sic
919 5441 1242 5492 'rertullianus
1260 5477 1273 5500 ,
1299 5441 1675 5505 Iib.'de'COrona
1706 5443 1888 5503 militis,
1912 5441 2018 5505 cap.
2047 5445 2066 5492 1
2090 5441 2103 5492 ὲ

533 5523 558 5552 α
576 5504 1459 5580 .Expungebanturritivcastrisntilites
1482 5505 1687 5580 laureati
1705 5537 1720 5564 ,
1744 5519 1767 5549 ι
1795 5505 1860 5554 (ιε
1881 5504 2110 5556 donativo

527 5565 1028 5630 militibns'persoluto
1048 5566 1216 5630 dicere
1239 5565 1542 5628 intelligitur.

591 5629 613 5660 ³
645 5625 796 5688 aliti;
832 5627 885 5678 in
945 5626 1227 5691 primordio.
1271 5635 1350 5677 Ms.
1399 5625 1542 5691 βοῇ,
1591 5625 1641 5676 in
1680 5625 1951 5691 primordia
1992 5640 2010 5677 :
2054 5635 2110 5682 ut

526 5687 981 5802 npufosmbrosium,
1015 5702 1207 5740 necnon
1237 5700 1400 5751 supra,
1427 5687 1575 5739 inlib.
1604 5690 1625 5740 I
1667 5687 1831 5742 contra
1849 5689 2108 5757 lulianum,

529 5766 577 5802 n.
676 5785 688 5798 .

529 5766 577 5803 II.
616 5766 688 5802 Ιυ.

591 5814 612 5846 ⁸
633 5821 704 5862 Sic
725 5820 830 5862 Mss.
852 5817 908 5861 Αι
929 5811 1064 5874 editi,
1087 5809 1138 5863 in
1155 5809 1561 5864 condamnatione.

1228 355 1472 414 OPERIS
1509 355 1918 412 lMPEllFECTl
1967 353 2242 426 CONTRA
2277 353 2634 421 JULIANUM,
2676 356 2730 412 S.
2773 356 3140 416 AUGUSTINI

3649 371 3788 428 “28

2228 479 2341 524 stus
2363 469 2516 525 Jesns
2547 488 2559 525 :
2585 472 2732 540 cujus
2763 473 2867 527 illis
2892 476 3274 544 praenuntiatus
3304 488 3402 544 est,
3440 481 3592 538 nobis
3620 495 3802 542 autem

2224 563 2566 617 annuntiatus
2593 574 2673 616 est
2710 565 3019 622 humilitatis
3047 569 3306 626 adventus
3333 587 3348 636 ;
3392 573 3649 631 claritatis
3675 593 3803 633 vero

2223 653 2313 721 qui
2345 653 2396 706 in
2427 651 2530 707 fine
2573 654 2779 708 futurus
2818 667 2934 724 est,
2967 668 3021 712 et
3062 658 3170 714 illis
3206 670 3288 716 est
3333 666 3719 732 prmt'iutttiatus
3747 679 3804 724 et

2223 745 2397 799 nobis.
2429 745 2497 799 Et
2527 745 2738 801 illorum
2765 764 2894 818 ergo
2935 759 2989 804 et
3032 760 3210 806 nostra
3247 754 3298 806 in
3329 753 3430 809 isto
3466 772 3573 812 uno
3603 759 3807 815 Media-

2223 842 2339 890 tore
2365 851 2466 889 una
2494 837 2625 892 Iides
2648 845 2759 906 est,
2799 847 2852 893 et
2881 840 3017 896 idem
3046 842 3264 911 spiritus
3294 843 3416 901 fidei
3445 855 3499 901 et
3527 848 3579 902 in
3614 849 3720 904 illis
3749 863 3807 906 et

2223 927 2277 982 in
2307 930 2458 984 nobis
2489 948 2502 984 :
2532 931 2672 984 unde
2697 932 2825 986 dicit
2851 935 3156 1002 Aposmlus,
3188 935 3441 992 Habentes
3467 949 3636 994 autem
3661 959 3809 998 eum-

2223 1020 2336 1072 dem
2364 1020 2596 1090 spiritum
2622 1022 2742 1090 ﬁdei
2760 1063 2775 1087 ,
2806 1023 3080 1077 secundum
3106 1027 3241 1096 quod
3269 1028 3512 1098 scriptum
3542 1040 3646 1100 est,
3679 1032 3807 1086 Cre-

2223 1112 2350 1176 didi,
2385 1124 2587 1182 prOpter
2611 1115 2746 1182 quod
2773 1116 2969 1170 locutus
2992 1134 3141 1182 sum;
3180 1128 3228 1173 et
3245 1137 3348 1174 nos
3376 1101 3648 1190 credimus,
3680 1143 3804 1193 pro-

2223 1211 2332 1270 pter
2357 1203 2490 1272 quod
2536 1213 2582 1257 et
2627 1206 2879 1274 loquimur
2905 1206 2981 1274 (ll
3008 1207 3123 1261 Cor.
3151 1225 3230 1273 tv,
3264 1211 3388 1282 13).
3435 1211 3586 1268 Unde
3623 1225 3806 1270 autem

2221 1292 2292 1346 sit
2315 1292 2431 1347 haec
2461 1295 2610 1360 lides,
2646 1312 2712 1350 ne
2741 1298 2807 1351 ita
2840 1297 3128 1368 gloriemur
3157 1310 3404 1371 tanquam
3435 1320 3501 1358 ex
3530 1307 3681 1360 nobis
3710 1307 3805 1376 sit,

2221 1385 2466 1438 eumdem
2497 1386 2774 1442 audiamus
2817 1390 3114 1456 apostolum
3149 1409 3162 1445 :
3197 1391 3374 1447 Gratia
3399 1436 3412 1459 ,
3446 1395 3647 1464 inquit,
3678 1399 3809 1452 salvi

2223 1475 2345 1544 facti
2391 1477 2506 1528 estis
2550 1493 2640 1543 per
2685 1478 2858 1547 ﬁdem,
2904 1488 2951 1532 et
2998 1481 3090 1534 hoc
3134 1499 3236 1536 non
3277 1500 3341 1537 ea:
3383 1486 3542 1550 vobis,
3585 1488 3674 1540 sed
3708 1487 3811 1541 Dei

2222 1566 2407 1618 donum
2436 1577 2506 1620 est
2537 1567 2748 1638 (Ep/tes.
2777 1585 2811 1622 ιι
2833 1610 2846 1636 ,
2875 1570 2964 1644 8).
2999 1573 3064 1626 Ει
3093 1575 3197 1630 alio
3228 1576 3347 1630 loco
3381 1595 3394 1627 τ
3431 1575 3580 1642 Pax,
3611 1579 3806 1651 inquit,

2223 1659 2462 1727 fratribus
2497 1670 2543 1712 et
2580 1661 2800 1714 charitas
2836 1681 2950 1716 cum
2990 1666 3092 1733 ﬁde
3117 1683 3149 1719 a
3173 1666 3281 1721 Deo
3311 1667 3469 1723 Patre
3509 1682 3555 1724 et
3583 1670 3808 1725 Domino

2218 1745 2346 1801 Iesu
2375 1748 2572 1804 Christo
2603 1750 2713 1819 (Id.
2745 1768 2817 1811 vt.
2842 1753 2955 1824 25).

2291 1838 2502 1892 CXXV.
2555 1841 2670 1896 Jun.
2728 1844 2875 1910 Quod
2925 1848 2971 1899 si
3021 1847 3239 1914 dixeris,
3286 1865 3446 1920 quam
3495 1851 3570 1907 sis
3617 1863 3808 1928 aperte

2220 1926 2541 1984 Manichaaus
2561 1973 2574 1997 ,
2607 1933 2766 1986 etiam
2806 1937 3012 2004 patroni
3059 1937 3132 1990 tui
3165 1948 3412 2008 poterunt
3439 1926 3719 1997 confiteri.
3745 1945 3810 1999 Si

2221 2033 2348 2072 vero
2378 2020 2704 2078 intellexeris
2732 2033 2933 2078 tantum
2968 2027 3078 2080 veri
3113 2027 3270 2098 Regis
3299 2032 3589 2086 exercitum
3617 2046 3809 2089 contra

2221 2116 2363 2160 tuam
2392 2109 2646 2166 dimicare
2672 2116 3012 2180 sententiam,
3053 2131 3154 2172 nec
3190 2119 3293 2172 illis
3331 2128 3380 2174 te
3415 2120 3606 2177 alierre
3645 2099 3811 2192 posse

2219 2199 2584 2267 praejudicium
2621 2205 2944 2272 :acquiesce
2990 2205 3319 2263 destructum
3363 2224 3484 2265 esse
3523 2213 3662 2282 quod
3702 2228 3809 2268 ex-

2220 2300 2491 2346 struxeras
2511 2332 2525 2359 ,
2554 2305 2610 2348 et
2639 2311 2732 2365 per
2761 2295 2862 2352 hoc
2888 2314 2992 2352 non
3033 2300 3110 2354 ire
3144 2316 3333 2357 omnes
3359 2318 3419 2358 ex
3454 2320 3557 2358 uno
3588 2305 3640 2360 in
3675 2322 3813 2362 con-

2217 2381 2612 2440 demnationem
2640 2402 2656 2452 ;
2697 2388 2790 2443 sed
2817 2405 2911 2445 eos
2937 2400 3138 2446 tantum
3167 2395 3257 2463 qui
3289 2395 3518 2452 rebelles
3541 2398 3808 2456 voluntati

2218 2475 2334 2544 Dei,
2356 2477 2472 2532 sine
2498 2480 2832 2549 poenitentia,
2863 2483 2978 2539 sine
3005 2487 3362 2556 correctione,
3387 2489 3575 2545 ultimo
3601 2489 3808 2547 fuerint

2218 2567 2323 2623 line
2351 2568 2689 2639 deprehensi.

2291 2661 2426 2716 Auc.
2468 2662 2618 2716 Adde
2654 2671 2710 2718 et
2743 2675 3063 2734 generatos,
3102 2667 3149 2723 si
3189 2685 3292 2725 non
3335 2669 3530 2728 fuerint
3568 2689 3808 2744 regene-

2215 2753 2314 2808 rati
2349 2770 2362 2805 ε
2394 2755 2514 2822 quia
2547 2755 2598 2808 in
2629 2772 2736 2811 uno
2773 2773 2960 2814 omnes
3001 2774 3357 2828 peccaverunt
3394 2763 3572 2834 (Rom.
3601 2782 3653 2833 ν,
3689 2767 3807 2838 12),

2287 2843 2518 2899 CXXVI.
2549 2846 2670 2901 Jun.
2697 2847 2850 2916 Quod
2881 2859 3056 2905 autem
3089 2853 3229 2908 Deus
3257 2853 3428 2909 dictus
3452 2867 3555 2922 est,
3587 2856 3810 2928 Figulus

2216 2953 2278 2990 ea:
2306 2937 2481 2990 cadent
2510 2955 2678 2991 massa
2705 2941 2897 3010 faciens
2925 2943 3067 2996 aliud
3091 2960 3178 2998 uas
3205 2945 3258 2999 in
3288 2947 3548 3012 honorem,
3578 2951 3720 3004 aliud
3746 2952 3809 3008 iu

2215 3029 2573 3082 contumeliam
2599 3029 2710 3100 (Id.
2739 3047 2810 3094 ix,
2840 3031 2936 3102 21)
2960 3050 2974 3097 ;
3003 3050 3030 3089 a
3065 3043 3116 3088 te
3144 3041 3549 3094 commemorari
3581 3043 3811 3098 omnino

2216 3135 2319 3173 non
2347 3120 2528 3174 debuit
2556 3138 2569 3174 ε
2603 3123 2728 3192 quia
2757 3133 2813 3178 ut
2843 3140 2872 3176 a
2904 3125 3056 3180 nobis
3082 3141 3468 3199 consequenter
3493 3135 3807 3203 exponitur,

2215 3210 2288 3265 ita
2317 3212 2411 3266 tibi
2443 3222 2612 3268 totum
2651 3225 2913 3286 repugnat
2943 3234 2957 3270 :
2991 3233 3112 3272 nam
3144 3235 3264 3274 cum
3295 3223 3383 3277 alii
3426 3224 3477 3278 in
3519 3225 3805 3294 honorem,

2214 3303 2303 3356 alii
2345 3305 2399 3358 in
2447 3306 2822 3362 contumeliam
2865 3307 2977 3364 fieri
3021 3310 3304 3378 dicuntur,
3346 3314 3563 3383 juvatur
3605 3333 3809 3375 sensus

2215 3393 2631 3464 Catholicorum,
2658 3415 2764 3469 quo
2794 3401 3086 3456 secundum
3115 3402 3480 3461 diversitatem
3507 3407 3808 3466 voluntatis

2215 3486 2482 3553 humana),
2515 3490 2758 3546 diversus
2793 3495 2951 3548 etiam
2979 3509 3226 3551 vasorum
3254 3499 3427 3554 exitus
3458 3502 3807 3571 praedicatur.

2283 3581 2421 3637 Anc.
2464 3583 2803 3639 Ambrosium
2851 3586 3009 3654 audi,
3039 3589 3128 3658 qui
3155 3589 3310 3657 dicit,
3347 3612 3365 3645 ι
3397 3593 3595 3650 Omnes
3623 3597 3810 3651 homi-

2215 3687 2312 3728 nes
2336 3674 2436 3728 sub
2465 3685 2683 3743 peccato
2708 3679 2998 3746 nascimur,
3020 3696 3244 3750 quorum
3273 3682 3383 3751 ipse
3411 3694 3562 3742 ortus
3589 3687 3640 3741 in
3667 3690 3808 3744 vitio

2214 3773 2299 3819 est
2333 3783 2352 3816 ι
2385 3763 2488 3837 (De
2517 3765 2821 3822 Paenitentia
2839 3811 2853 3834 ,
2887 3770 2974 3824 lib.
3004 3772 3054 3837 1,
3079 3789 3193 3843 cap.
3220 3772 3256 3826 2
3282 3774 3358 3828 vel
3382 3777 3460 3846 ὅ).
3488 3776 3577 3833 Sic
3601 3781 3810 3850 quippe

2215 3854 2480 3910 intellexit
2507 3871 2627 3911 cum
2657 3860 2866 3914 cancris
2896 3861 3277 3933 condiscipulis
3304 3875 3357 3921 et
3386 3868 3810 3929 conductoribus

2214 3947 2325 4001 suis
2343 3988 2358 4013 ,
2385 3949 2500 4002 sine
2528 3949 2634 4002 ulla
2663 3949 2994 4008 dubitatione
3021 3955 3297 4012 catholicis
3316 3999 3330 4022 ,
3360 3959 3501 4028 quod
3539 3963 3806 4032 scriptum

2214 4047 2298 4092 est
2321 4037 2389 4092 de
2418 4049 2636 4107 peccato
2663 4049 2720 4095 et
2762 4052 2965 4108 morte,
2997 4045 3136 4115 quod
3178 4062 3274 4117 per
3303 4065 3462 4104 unum
3499 4052 3808 4123 intraverit,

2216 4138 2270 4184 et
2297 4129 2348 4182 in
2378 4144 2566 4185 omnes
2602 4130 2847 4188 homines
2875 4139 3244 4204 pertransierit
3272 4139 3451 4209 (Rom.
3479 4159 3542 4210 ν,
3576 4144 3699 4218 12).
3732 4147 3814 4204 Ει

2215 4220 2452 4290 intellige
2481 4221 2617 4277 hanc
2656 4238 2775 4278 esse
2821 4240 3050 4281 massam
3080 4227 3148 4283 de
3184 4245 3288 4300 qua
3335 4231 3468 4288 fiunt
3493 4249 3649 4302 vasa,
3686 4237 3813 4293 sive

2215 4311 2324 4378 illa,
2361 4313 2474 4367 sive
2503 4313 2625 4367 ista.
2665 4313 2796 4368 Nam
2827 4316 2872 4369 si
2903 4317 3262 4375 inserutabilis
3291 4323 3602 4392 quaestionis
3641 4327 3814 4397 hujus

2215 4407 2313 4474 ista
2342 4417 2488 4464 esset
2530 4409 2724 4464 solutio
2745 4452 2760 4474 ,
2792 4426 2950 4480 quam
2981 4422 3035 4467 tu
3065 4415 3210 4484 sapis
3229 4457 3244 4482 ,
3286 4419 3580 4474 secundum
3608 4423 3814 4479 merita

2213 4500 2548 4554 voluntatum
2573 4517 2588 4562 ;
2623 4511 2727 4554 tam
2758 4503 3036 4558 manifesta
3062 4515 3226 4573 esset,
3258 4517 3317 4564 ut
3341 4510 3483 4564 nulla
3513 4512 3628 4582 ejus
3652 4513 3814 4568 diffi-

2214 4590 2410 4645 cultate
2450 4591 2858 4661 compelleretur
2890 4595 3179 4665 Apostolus
3217 4597 3424 4666 dicere,
3457 4599 3502 4655 Ο
3526 4603 3707 4670 homo,
3751 4616 3819 4660 tu

2214 4682 2325 4752 quis
2353 4698 2406 4735 es
2440 4683 2527 4753 qui
2564 4684 2870 4754 respondeas
2897 4685 3002 4740 Deo
3036 4686 3148 4759 (Id.
3177 4706 3251 4754 ιχ,
3279 4690 3417 4762 20)?
3458 4693 3532 4748 De
3558 4695 3813 4752 nondum

2215 4775 2354 4829 natis
2382 4776 2522 4829 enim
2561 4777 2819 4845 agebatur
2840 4819 2853 4841 ,
2883 4793 3108 4848 quorum
3141 4796 3247 4835 non
3273 4797 3340 4838 ex
3375 4785 3657 4854 operibus,
3702 4791 3815 4845 sed

2214 4864 2503 4924 secundum
2534 4871 2860 4939 propositum
2892 4886 3046 4926 suum
3073 4873 3212 4929 Deus
3238 4890 3403 4931 unum
3429 4877 3636 4942 dilexit,
3664 4879 3815 4937 alte-

2213 4975 2332 5013 rum
2359 4959 2482 5013 odio
2512 4959 2692 5012 habuit
2722 4978 2734 5014 :
2768 4960 2907 5014 unde
2933 4962 2997 5016 ad
3027 4962 3141 5018 haec
3163 4966 3324 5020 verba
3355 4981 3666 5038 perventum
3690 4982 3812 5041 est,

2214 5059 2273 5104 ut
2295 5049 2363 5105 de
2401 5050 2586 5104 eadem
2618 5067 2790 5106 massa
2819 5062 2873 5107 et
2906 5055 3130 5112 diversis
3154 5059 3316 5124 vasis,
3349 5069 3403 5115 et
3431 5060 3500 5116 de
3535 5073 3816 5132 potestate

2215 5141 2356 5212 figuli
2386 5142 2674 5198 diceretur.

2283 5229 2539 5285 CXXVII.
2568 5233 2686 5288 Jun.
2729 5234 2806 5288 Tu
2833 5247 3007 5291 autem
3039 5238 3129 5308 qui
3156 5253 3315 5310 supra
3341 5241 3573 5310 dixeras,
3609 5258 3814 5300 omnes

2214 5321 2294 5377 ire
2329 5322 2380 5376 in
2413 5322 2935 5392 condemnationem,
2972 5343 3072 5397 qua
3108 5331 3466 5386 testimonium
3498 5332 3674 5389 fronte
3701 5351 3812 5407 p0-

2213 5414 2366 5470 suisti
2387 5456 2402 5480 ,
2428 5431 2533 5485 quo
2559 5419 2934 5485 pronuntiatur
2959 5420 3037 5476 ire
3063 5422 3197 5477 alius
3224 5423 3278 5478 in
3303 5423 3582 5494 honorem,
3613 5427 3752 5486 alius
3781 5431 3803 5462 ‘

2213 5505 2267 5561 in
2306 5507 2681 5562 contumeliam
2704 5509 2728 5562 ?

2283 5597 2418 5654 Auc.
2447 5598 2552 5654 Sed
2577 5601 2746 5670 gratia
2772 5601 2963 5658 liberat
2989 5617 3018 5658 a
3047 5604 3209 5661 totius
3235 5621 3425 5664 massae
3451 5607 3807 5668 damnatione

2280 5755 2475 5833 traditi,
2516 5754 2601 5833 'ire
2630 5757 2750 5833 alios
2777 5759 2842 5833 lin
2884 5759 3142 5828 honorem,
3188 5737 3343 5818 alios;
3375 5773 3430 5818 At
3473 5773 3806 5833 ηαυπτ-ψει

2215 5826 2492 5867 constanter
2516 5819 2714 5882 habent,
2739 5821 2874 5882 alius,
