3996 6478
200 317 310 378 1139

193 447 303 507 quos
342 427 559 490 liberat;
614 438 776 494 quant
818 436 913 476 vos
964 415 1247 489 neganda,
1297 415 1427 472 estis
1474 413 1735 471 hmretiei.

196 532 421 595 Quantum
444 517 586 573 enim
620 516 854 586 pertinet
876 513 942 569 ad
972 511 1190 583 originis
1220 511 1466 565 meritum
1485 551 1501 577 ,
1533 524 1599 564 ex
1630 523 1737 564 uno

195 629 351 674 omnes
366 614 411 666 in
425 606 1117 679 eondemnationem(Rom.
1146 618 1199 669 ν,
1228 604 1318 675 16)
1340 613 1619 675 :quantum
1644 618 1739 658 au-

196 724 282 769 tem
318 697 378 763 ad
417 704 665 777 gratiam,
694 712 810 776 qna:
851 719 955 757 non
1000 700 1296 758 secundum
1339 698 1526 754 merita
1560 697 1738 765 datur,

197 805 475 876 quicumque
501 797 572 852 ah
603 797 704 851 ista
730 794 1171 852 condemnatione
1196 792 1517 854 liberantur,
1545 790 1738 846 dicun-

198 905 267 951 tur
299 906 408 945 vasa
438 885 817 943 tnisericordize
847 901 860 940 :
887 886 976 957 qui
1004 900 1129 938 vero
1172 898 1276 936 non
1312 881 1633 946 liberantur,
1663 881 1740 936 ira

201 987 271 1043 Dei
298 991 460 1037 manet
483 995 647 1051 super
676 994 771 1035 eos
799 976 976 1051 (Joan.
1006 992 1081 1043 Ill,
1110 975 1224 1049 56),
1259 975 1479 1031 veniens
1503 974 1570 1029 de
1594 974 1740 1044 justo

197 1078 361 1151 judicio
386 1074 473 1130 Dei
497 1089 512 1139 ;
543 1071 689 1144 quod
719 1088 823 1128 non
850 1070 968 1126 ideo
992 1054 1362 1147 vituperabile,
1387 1068 1508 1139 quia
1536 1068 1742 1123 inseruo

201 1158 329 1227 labile
357 1176 436 1223 est
461 1182 476 1219 :
507 1174 560 1220 et
596 1172 883 1235 propterea
907 1177 1030 1218 vasa
1072 1161 1164 1217 ira:
1190 1167 1593 1230 nuncupantur,
1618 1158 1742 1228 quia

199 1274 239 1319 ct
258 1262 327 1317 bis
350 1260 479 1317 bene
507 1252 675 1313 utitur
700 1258 859 1320 Deus,
884 1264 941 1311 ut
966 1264 1119 1310 notas
1145 1254 1300 1310 faciat
1325 1254 1536 1309 divitias
1558 1251 1742 1323 gloriae

199 1368 304 1412 sine.
326 1351 374 1406 in
397 1363 515 1405 vasa
547 1347 931 1404 misericordia:
961 1338 1136 1420 (Rom.
1165 1362 1245 1413 ιχ,
1268 1332 1386 1416 Ξό).
1420 1343 1573 1413 Quod
1598 1342 1743 1399 enim

203 1447 291 1501 Deo
312 1442 570 1513 iudicante
599 1457 628 1496 a
660 1441 870 1498 cmteris
897 1441 1153 1512 exigitur,
1186 1439 1288 1495 huc
1327 1438 1444 1494 istis
1477 1452 1542 1494 eo
1578 1438 1744 1494 mise-

200 1535 359 1593 rante‘
399 1533 627 1589 donatur
656 1549 837 1605 aquas
880 1532 1274 1605 investigabiles
1305 1531 1420 1585 vias
1458 1529 1667 1585 Domini
1698 1527 1745 1585 si

199 1628 394 1682 :cstimas
419 1623 822 1695 imprubamlas,
849 1621 1001 1689 audi,
1037 1609 1080 1676 Ο
1112 1622 1293 1688 homo,
1327 1630 1379 1674 tu
1418 1620 1529 1692 quia
1571 1636 1621 1675 es
1661 1618 1745 1690 qui

201 1698 467 1786 respondeas
492 1712 600 1767 Deo
625 1695 691 1768 5?
1140 1716 1144 1721 ’

253 1804 512 1861 CXXVIII.
537 1805 659 1859 Jun.
688 1803 827 1859 Nihil
855 1803 994 1859 enim
1022 1803 1095 1858 ita
1124 1810 1342 1874 pugnat,
1363 1818 1523 1869 quam
1544 1801 1743 1869 dicere,

201 1908 376 1963 euntes,
406 1905 458 1952 et
484 1902 592 1951 uoti
622 1912 834 1953 omnes.
869 1897 949 1951 Tu
978 1895 1141 1963 dicis,
1173 1912 1202 1951 a
1234 1895 1396 1966 ligqu
1423 1896 1532 1952 Deo
1559 1909 1748 1950 onmes

205 1992 296 2047 ticri
317 1991 364 2045 in
388 1988 890 2045 condemnationem
915 2008 930 2045 :
956 1989 1240 2060 Apostolus
1260 1988 1408 2056 dicit,
1433 2004 1539 2042 non
1559 2003 1748 2043 omnes

203 2085 245 2139 in
266 2082 778 2146 condemnationem,
807 2097 910 2137 nec
947 2096 1137 2137 omnes
1173 2080 1225 2136 in
1265 2079 1562 2156 honorem;
1604 2078 1748 2155 quod

206 2158 247 2232 in
271 2173 372 2228 loco
397 2188 492 2228 suo
510 2214 527 2239 ,
558 2173 687 2244 quid
716 2172 910 2228 habeat
934 2172 1207 2243 dignitatis
1231 2171 1522 2228 absolvam.
1552 2171 1609 2227 In
1636 2170 1748 2241 ipsa

206 2274 350 2320 tamen
395 2264 823 2335 pronuntiatione
867 2263 1176 2331 sententire,
1223 2270 1435 2320 constat
1476 2262 1614 2318 inter
1654 2276 1751 2319 vos

205 2372 411 2428 magnam
448 2372 568 2413 esse
609 2357 954 2422 discordiam,
984 2372 1088 2413 nec
1112 2355 1359 2413 eumdem
1384 2372 1503 2413 esse
1530 2357 1749 2428 ﬁgulum

205 2448 247 2504 iu
275 2447 754 2505 condcnmationem
782 2456 972 2505 cuncta
1010 2448 1299 2520 ﬁngentem
1318 2487 1336 2520 ,
1365 2465 1522 2522 quem
1554 2449 1751 2506 Paulus

206 2541 317 2596 dicit
341 2541 388 2596 in
415 2541 670 2598 honorem
702 2530 835 2598 alios
884 2538 1231 2598 fabricantem
1264 2560 1279 2597 :
1316 2556 1415 2597 nec
1443 2550 1494 2598 te
1520 2541 1596 2596 illi
1627 2556 1749 2597 ere-

210 2634 329 2699 dcre,
348 2634 430 2705 qui
455 2649 484 2688 a
512 2635 768 2705 magistro
794 2633 1090 2689 admirabili
1121 2616 1472 2703 prmdicatur;
1496 2634 1749 2704 quoniam

211 2730 309 2782 tuus
335 2727 511 2798 ﬁgulus
547 2742 739 2784 omnes
769 2713 822 2782 in
862 2726 1364 2783 condemnationem
1389 2724 1540 2798 lingit
1559 2766 1575 2792 ,
1610 2724 1757 2797 Apo-

210 2820 308 2875 tloli
335 2819 516 2890 ﬁgulus
541 2819 802 2891 plurimos
830 2819 977 2890 tingit
1005 2819 1060 2872 in
1083 2817 1329 2889 gloriam.

270 2900 382 2968 Acs.
418 2910 548 2968 Cum
585 2911 835 2967 dicuntur
859 2926 1045 2967 omnes
1074 2925 1142 2966 ex
1180 2912 1288 2966 u'no
1331 2910 1384 2965 in
1427 2900 1752 2965 condemna-

216 3002 397 3068 tionem,
422 3003 532 3078 ipsa
564 3018 740 3060 massa
767 3004 1120 3076 signiﬁcatur,
1152 3018 1221 3060 ex
1245 3018 1346 3074 qua
1378 3002 1510 3058 ﬁunt
1534 3017 1566 3058 a
1597 3002 1755 3074 ﬁgulo

210 3082 292 3149 alia
316 3110 424 3150 vasa
465 3096 517 3152 in
566 3096 849 3164 honorem,
897 3096 949 3152 id
997 3097 1120 3162 εει,
1159 3111 1278 3167 quae
1314 3103 1660 3153 assumuntur
1699 3095 1754 3153 in

209 3185 426 3255 gratiam,
455 3186 557 3241 alia
587 3186 640 3243 in
669 3171 1076 3255 contumeliam,
1118 3173 1171 3242 id
1197 3194 1312 3252 cst,
1344 3201 1464 3258 quae
1492 3185 1558 3242 ad
1603 3186 1756 3242 l'uen-

207 3276 304 3332 dum
339 3278 568 3335 debitum
615 3280 1026 3350 relinquuntur;
1080 3287 1134 3335 ut
1182 3267 1277 3335 filii
1319 3275 1506 3350 gratiae
1551 3264 1604 3334 id
1651 3276 1757 3339 sibi

207 3367 363 3426 donari
405 3374 591 3440 sciant,
638 3371 780 3443 quod
824 3371 868 3427 si
910 3371 1234 3442 exigeretur,
1284 3384 1391 3426 non
1430 3377 1576 3425 esset
1617 3368 1758 3439 inju-

206 3472 355 3531 stum;
394 3479 455 3520 ac
482 3464 560 3519 sic
587 3478 691 3519 non
720 3463 773 3519 in
799 3478 858 3520 se
887 3463 1037 3535 ipsis,
1065 3462 1162 3518 sed
1193 3462 1245 3518 in
1274 3462 1501 3520 Domino
1526 3448 1759 3534 glorians»

205 3556 346 3626 lur(l
376 3540 488 3611 cor.
517 3572 557 3623 ι,
587 3558 702 3628 st).

259 3648 476 3707 CXXIX.
514 3651 640 3709 Jun.
680 3635 751 3707 Et
787 3650 903 3707 lucc
941 3650 1157 3723 quidem
1196 3651 1445 3718 dixerim,
1479 3652 1540 3708 tit
1577 3652 1757 3711 statim

206 3752 484 3813 appareret,
532 3752 586 3799 te
635 3759 754 3800 esse
805 3751 900 3799 aut
946 3732 1224 3815 imperitia:
1269 3752 1364 3799 aut
1413 3728 1757 3814 impudentiae

207 3835 475 3906 singularis,
502 3837 595 3909 qui
626 3846 836 3893 tuorum
863 3838 979 3894 'vice
998 3880 1013 3904 ,
1045 3838 1330 3894 contrariis
1356 3839 1583 3895 utereris
1610 3855 1626 3893 :
1653 3853 1760 3894 ea:-

208 3930 347 3982 terum
374 3928 540 3999 pietas
566 3928 869 4000 explanabit
896 3939 949 3985 et
977 3928 1134 3998 ratio,
1165 3929 1332 3987 Deum
1361 3944 1540 3985 meum
1585 3929 1757 3986 nemio‘

207 4030 305 4071 nem
331 4018 381 4073 in
402 4020 779 4076 contumeliam
810 4020 1063 4076 formare.

261 4112 377 4169 Anc.
415 4099 469 4169 Si
501 4112 644 4169 Deus
684 4121 805 4168 tuus
843 4112 897 4168 in
939 4097 1318 4169 contumeliam
1346 4111 1616 4169 neminem
1645 4097 1757 4177 lor-

208 4207 325 4268 tn'at,
356 4208 455 4259 n'on
495 4211 581 4259 est
615 4190 730 4275 ipse
767 4190 918 4260 Pauli
965 4203 1192 4274 apostoli
1226 4189 1365 4259 Deus
1393 4220 1407 4258 :
1439 4188 1528 4259 ille
1555 4204 1755 4274 quippe

206 4278 259 4346 tle
280 4280 377 4350 Duo
405 4310 533 4352 vero
562 4286 788 4363 dicebat,
824 4294 868 4352 ο
902 4294 1074 4364 homo,
1105 4305 1158 4351 ιιι
1194 4297 1306 4370 quis
1338 4312 1392 4352 es
1426 4297 1513 4369 qui
1548 4313 1759 4367 respon-

206 4382 303 4439 dens
337 4384 480 4443 Deo?
524 4385 793 4459 Numquid
825 4387 946 4441 dicit
972 4387 1269 4458 ﬁgmentum
1308 4387 1356 4442 ei
1389 4386 1479 4457 qui
1509 4403 1564 4442 se
1584 4386 1754 4457 ﬁnxit,

207 4476 319 4544 Quid
350 4498 423 4536 me
461 4481 625 4555 fecisti
666 4482 739 4536 sic
757 4481 784 4537 7
821 4481 1005 4536 Annon
1047 4479 1192 4535 habet
1237 4489 1529 4552 potestatem
1568 4480 1758 4553 ﬁgulus

204 4567 310 4633 luti,
342 4588 401 4626 ea:
433 4572 611 4628 eadem
664 4588 833 4629 massa
882 4574 1049 4645 facere
1088 4569 1233 4626 aliud
1275 4585 1362 4627 vas
1398 4570 1451 4624 in
1490 4569 1754 4639 honorent,

204 4660 320 4716 aliud
360 4666 408 4719 in
457 4666 815 4722 contumeliam
861 4664 1054 4741 (Rom.
1083 4681 1133 4721 Ix
1156 4705 1170 4731 ,
1206 4663 1308 4729 20,
1336 4662 1397 4719 2|
1429 4661 1492 4733 )?
1541 4661 1646 4719 Sz-d
1701 4672 1754 4719 tu

204 4752 418 4811 videlicet
459 4757 650 4812 artifex
702 4772 924 4828 magnus
970 4756 1179 4828 profers
1228 4770 1294 4810 ex
1340 4755 1547 4809 officina
1599 4753 1754 4809 Pela-

203 4846 332 4916 giana
356 4852 624 4907 meliorem
654 4849 813 4914 deum
833 4886 849 4918 ,
881 4850 970 4921 qui
1008 4844 1213 4905 nullum
1238 4862 1330 4903 vas
1369 4846 1494 4902 facit
1530 4846 1583 4902 in
1619 4860 1752 4902 con-

203 4941 461 4998 mmdhm.

259 5029 452 5091 CXXX.
492 5034 615 5092 ιιιι..
656 5025 760 5091 Sed
800 5023 1085 5105 imaginem
1123 5046 1296 5097 suam,
1330 5015 1382 5085 id
1425 5038 1526 5097 est,
1567 5042 1753 5085 omnes

204 5120 418 5181 homines
445 5126 617 5182 bonos
642 5124 908 5190 condere,
945 5124 1037 5194 qui
1076 5122 1235 5178 etiam
1250 5108 1288 5152 ’⁵
1317 5120 1598 5176 demolitos
1636 5127 1752 5175 stu-

201 5212 384 5273 diorum
421 5220 680 5291 pravitate
703 5259 718 5284 ,
749 5215 1045 5274 reformare
1086 5212 1443 5270 remediorum
1488 5213 1757 5269 desiderat

201 5299 433 5389 largitate.
467 5311 572 5383 Ipsi
611 5300 826 5382 quidem
858 5310 1035 5364 cantat
1066 5307 1304 5391 Ecclesia
1332 5298 1752 5363 misericordiam

204 5396 502 5463 eljudicium
532 5393 705 5469 (Paul.
734 5415 789 5468 c,
823 5392 918 5471 l):
967 5399 1090 5470 quia
1132 5406 1188 5454 et
1232 5396 1338 5453 illis
1377 5408 1461 5453 est
1498 5397 1757 5466 benignus

202 5485 279 5554 qui
306 5486 425 5542 nihil
444 5493 816 5565 deliquerunt,
844 5503 899 5548 et
931 5490 1077 5562 justo
1108 5490 1257 5562 punit
1292 5487 1494 5560 judicio
1532 5503 1626 5544 eos
1664 5489 1754 5560 qui

266 5637 373 5704 FSic
398 5640 863 5704 ιιιιιιιιιεεηῃιὶειτιιιιὶ
879 5679 895 5704 ,
917 5641 1006 5692 hoc
1025 5640 1129 5693 istis
1151 5641 1529 5693 commiserante.

255 5700 275 5769 ξ
297 5705 344 5748 ιιι
360 5700 820 5769 ιιιιιίριιοιιεὶὀριιιοιι
842 5700 1110 5769 reperitur,
1134 5714 1171 5754 ο
1194 5703 1332 5756 homo
1359 5739 1373 5767 ,
1398 5712 1449 5756 tu
1471 5701 1579 5769 quis
1597 5715 1646 5755 es
1662 5701 1688 5755 ?
1707 5708 1761 5755 ιιι

202 5756 295 5828 quis
327 5775 377 5828 es
391 5762 468 5826 qui
495 5764 786 5828 respondeas
811 5756 915 5815 Ded
925 5762 948 5816 ?

257 5820 277 5853 ⁸
295 5820 437 5876 codex
460 5820 595 5885 Itan;
612 5832 659 5877 et
665 5824 794 5888 jam.
1022 5849 1029 5856 -

396 5936 403 5945 ι
451 5909 674 5972 Sacr.
726 5911 1003 5972 Auensr.
1040 5909 1101 5973 Χ

1530 301 1732 357 LIBER
1775 282 2038 360 emittis.

3280 306 3419 363 H30

1842 415 1965 471 boni
1994 432 2022 469 a
2068 415 2179 472 Deo
2203 415 2400 473 conditi
2441 425 2627 489 suapte
2655 419 2921 476 voluntate
2970 422 2985 453 ¹
3017 430 3323 491 peccaram,
3355 436 3419 476 ae

1841 508 2217 565 misericordia:
2245 510 2479 565 subsidia
2513 523 2852 582 respueruut.
2885 514 3032 569 lianc
3070 514 3232 585 igitur
3258 515 3422 572 misci-

1841 600 2142 664 ricordiam,
2173 611 2228 659 et
2256 602 2356 658 hoc
2376 602 2632 672 judicium
2659 614 2837 660 cantat
2865 606 3097 662 Ecclesia
3117 606 3422 664 Cadioliw-

1842 708 1959 747 rum
1991 700 2282 749 :czeterum
2324 694 2377 748 in
2409 702 2582 749 Vestra
2613 693 2746 749 nihil
2793 704 2966 765 potest
3003 696 3107 751 tale
3141 713 3417 766 resonare,

1840 802 1960 858 qua:
1985 788 2112 843 dicit
2138 789 2256 845 sine
2278 789 2513 859 justitia,
2550 788 2667 843 sine
2689 788 2925 860 judicio,
2954 790 3070 846 sine
3109 791 3417 847 misericors

1841 879 1923 934 dia
1944 921 1959 942 ,
1994 880 2158 934 Deum
2185 879 2517 937 conditorem
2556 880 2815 937 malorum
2835 922 2852 947 ,
2883 880 3115 937 formare
3153 897 3286 953 quos
3313 898 3412 954 pu-

1844 968 1990 1036 niat;
2033 965 2193 1041 atque
2230 970 2299 1026 ob
2329 970 2429 1026 hoc
2464 970 2690 1043 punire,
2725 971 2862 1042 quod
2893 986 2988 1028 eos
3016 987 3081 1027 ex
3111 972 3280 1028 Adam
3308 974 3424 1042 ipse

1842 1059 2169 1117 formaverit.

1914 1156 2049 1211 Ave.
2092 1154 2209 1210 Jam
2238 1155 2454 1228 quidem
2487 1157 2577 1212 tibi
2615 1157 2862 1228 superius
2899 1156 2965 1212 ad
3004 1156 3180 1213 omnia
3208 1157 3309 1215 ista
3338 1168 3428 1214 re-

1840 1261 2097 1316 sponsum
2122 1240 2204 1304 est
2228 1266 2244 1303 :
2268 1256 2446 1305 tamen
2466 1257 2521 1304 et
2540 1249 2625 1305 hic
2643 1248 2876 1306 breviter
2894 1248 3037 1305 audi.
3059 1248 3175 1305 Non
3195 1248 3430 1305 abstinet

1847 1336 1985 1405 Deus
2013 1339 2209 1394 bonum
2241 1338 2569 1396 formatiouis
2596 1357 2707 1397 sua:
2736 1343 2896 1397 etiam
2923 1341 2989 1397 ab
3014 1341 3180 1414 stirpe
3205 1340 3430 1397 damna-

1845 1442 1895 1489 ta
1934 1450 1947 1486 :
1987 1431 2080 1488 sed
2102 1432 2145 1487 si
2174 1433 2265 1488 tibi
2292 1433 2571 1504 displicet,
2598 1435 2760 1491 Deum
2787 1449 2970 1490 creare
3003 1449 3139 1506 quos
3178 1433 3425 1496 damnet;

1844 1512 2120 1582 contradic
2145 1526 2216 1592 ei,
2246 1525 2291 1581 si
2318 1534 2488 1596 potes,
2520 1542 2586 1582 ne
2613 1536 2761 1583 ercet
2784 1541 2898 1594 cos,
2929 1541 3064 1598 quos
3094 1525 3263 1581 malos
3288 1524 3431 1595 futu-

1845 1632 1953 1681 ros,
1988 1627 2043 1671 et
2070 1617 2122 1672 in
2150 1617 2480 1688 malignitate
2508 1632 2675 1688 usque
2700 1618 2753 1672 in
2785 1617 2946 1674 linem
2974 1625 3428 1689 persevcraturos,

1846 1718 1899 1765 et
1924 1710 1992 1764 ob
2014 1711 2116 1765 hoc
2139 1710 2256 1765 sine
2281 1709 2611 1765 dubitatione
2630 1694 2959 1765 danttiandus
2981 1723 3100 1765 esse
3126 1708 3428 1779 praescivit:

1845 1812 1939 1857 aut
1966 1802 2015 1857 ei
2044 1817 2303 1874 suggere,
2331 1803 2374 1859 si
2401 1801 2643 1866 videtur,
2675 1810 2731 1857 ut
2770 1810 2847 1857 tot
2883 1784 3046 1859 millia
3091 1800 3431 1873 parvulorum

1847 1910 1952 1951 non
1984 1895 2408 1969 haptizatorum,
2437 1910 2573 1975 quos
2602 1896 2745 1951 novit
2789 1894 2992 1966 perdite
3027 1909 3145 1952 esse
3174 1895 3429 1959 victuros,

1847 1997 1901 2045 et
1926 1989 1977 2044 in
2007 2001 2265 2044 aeternum
2306 1989 2480 2061 ignem
2501 2031 2515 2055 ,
2558 1987 2846 2044 damname
2887 1991 3038 2058 ipso,
3067 2002 3189 2043 cum
3218 1985 3433 2042 diabolo

1848 2080 2051 2148 ituros,
2082 2081 2252 2152 rapiat
2296 2095 2364 2138 ex
2399 2080 2500 2136 hac
2526 2081 2631 2136 vita
2652 2120 2668 2147 ,
2705 2079 2831 2136 dum
2874 2089 2999 2136 sunt
3040 2079 3352 2135 innocentes
3378 2088 3437 2133 et

1848 2173 2012 2240 boni;
2061 2175 2190 2229 utsi
2221 2189 2326 2230 non
2355 2174 2407 2229 in
2445 2189 2611 2246 regno
2649 2173 2796 2245 ejus,
2825 2181 2970 2229 certe
3014 2173 3068 2228 in
3109 2173 3227 2228 loco
3251 2173 3436 2245 aliquo

1849 2267 2099 2325 secunda:
2142 2267 2442 2336 felicitatis,
2469 2283 2627 2338 quem
2667 2266 2858 2322 talibus
2896 2266 3179 2322 :editicavit
3213 2264 3438 2321 harrcsis

1854 2369 2029 2416 vestra
2053 2401 2068 2426 ,
2117 2361 2278 2415 vitam
2329 2369 2546 2427 teneant
2590 2360 2988 2431 sempiternam.
3039 2357 3215 2413 [labes
3258 2356 3439 2412 adhuc

1849 2456 1991 2528 quod
2033 2471 2288 2528 suggeras
2314 2455 2653 2512 consiliarius
2680 2453 2808 2522 Dei,
2850 2468 2947 2524 pro
2979 2453 3102 2509 ﬁliis
3144 2452 3261 2523 ejus
3296 2466 3438 2523 quos

1851 2549 2218 2620 rcgeueravit,
2260 2564 2397 2620 quos
2437 2547 2743 2618 adeptavit,
2783 2555 2839 2602 et
2868 2553 3044 2601 tamen
3075 2545 3243 2599 malos
3276 2551 3441 2614 atque

1851 2639 2185 2698 damnandos
2223 2640 2429 2696 futuros
2463 2654 2585 2697 esse
2612 2638 2854 2710 praevidit
2883 2654 2897 2692 :
2928 2646 2987 2693 ut
3023 2645 3311 2709 antequam
3338 2650 3439 2692 ve-

1852 2733 2002 2789 niant
2027 2733 2080 2788 in
2111 2747 2256 2789 ream
2282 2732 2467 2805 vitam,
2495 2730 2617 2786 vitae
2645 2730 2814 2801 ipsius
2845 2728 3196 2800 productione
3223 2726 3443 2798 priven-

1856 2834 1981 2890 tur,
2012 2835 2068 2881 et
2107 2824 2175 2880 ad
2218 2839 2438 2896 regnum
2484 2823 2642 2896 ejus,
2675 2838 2780 2878 non
2823 2821 2896 2893 ad,
2935 2819 3194 2893 supplicia
3238 2830 3441 2875 interna

1856 2917 2174 2990 pertineant.
2205 2915 2337 2973 Cum
2380 2915 2522 2971 enim
2555 2924 2607 2972 te
2647 2900 2907 2971 invidiose
2933 2913 3112 2969 dicere
3149 2911 3438 2984 putaveris,

1856 3011 2027 3069 Deum
2054 3025 2240 3068 creare
2279 3025 2414 3081 quos
2458 3009 2717 3075 damnet;
2762 3007 2934 3078 cogita
2962 3017 3162 3078 quanto
3208 3004 3441 3062 invidio-

1853 3104 1966 3162 sius
1997 3103 2165 3173 possit
2183 3101 2364 3158 dicere
2388 3101 2527 3158 alius
2553 3100 2796 3156 similiter
2817 3113 3006 3163 vanus,
3028 3098 3195 3153 Deum
3220 3111 3445 3168 regene-

1855 3210 1977 3251 rare
2029 3208 2163 3266 quos
2198 3192 2416 3249 damnet
2453 3209 2469 3247 :
2507 3206 2628 3248 curn
2669 3191 2739 3246 sit
2781 3190 2834 3246 in
2876 3189 2995 3259 ejus
3037 3188 3443 3259 omnipotentiae

1855 3294 2118 3358 potestate
2131 3287 2175 3351 ⁸,
2200 3295 2485 3356 antequam
2525 3282 2854 3339 damuabiles
2880 3280 3027 3345 ﬁant,
3053 3294 3150 3336 eos
3174 3278 3243 3337 de
3269 3287 3443 3336 tenta-

1858 3376 2091 3461 tionibus
2116 3374 2358 3458 mortalis
2379 3374 2501 3429 vita:
2539 3372 2701 3444 hujus
2736 3369 2971 3427 auferre.
3013 3370 3089 3441 Si
3113 3378 3293 3427 autem
3333 3386 3439 3425 non

1856 3478 2009 3540 potes
2049 3467 2149 3522 ista
2190 3465 2391 3532 dicere,
2435 3478 2537 3521 nec
2576 3465 2686 3519 Deo
2724 3461 3111 3528 contradicere,
3157 3476 3259 3518 nec
3300 3461 3444 3518 illius

1856 3559 2132 3630 sapientia:
2159 3566 2306 3612 tuum
2333 3554 2572 3634 prtehere
2594 3552 2908 3621 consilium;
2934 3553 3052 3624 quis
3079 3551 3222 3608 enim
3245 3566 3442 3624 cogno-

1857 3650 1934 3706 vit
1971 3664 2187 3706 sensum
2229 3647 2475 3712 Domini,
2506 3655 2599 3702 aut
2641 3646 2762 3716 quis
2804 3644 3139 3700 consiliarius
3181 3645 3297 3714 ejus
3344 3642 3443 3699 fuit

1860 3725 2035 3817 (Rom.
2076 3756 2164 3805 ιι,
2203 3732 2358 3813 54)ἳ
2398 3738 2583 3794 desine
2630 3738 2784 3793 nobis
2832 3736 3172 3792 introducere
3214 3736 3443 3793 alterum

1858 3834 2108 3906 ﬁgulum,
2137 3833 2225 3903 qui
2270 3846 2378 3887 non
2422 3829 2549 3886 facit
2576 3845 2701 3886 vasa
2742 3830 2793 3884 in
2823 3829 3240 3896 contumeliam;
3282 3839 3338 3887 et
3372 3830 3444 3886 ab

1858 3928 1960 3983 isto
1984 3925 2072 3997 qui
2101 3940 2163 3980 ea
2192 3923 2316 3978 facit
2341 3921 2784 3994 reprehendendo
2807 3919 3001 3977 cohibe
3025 3928 3077 3976 te
3100 3938 3114 3975 :
3136 3928 3192 3976 et
3211 3934 3444 3991 agnosco

1858 4026 1911 4073 te
1935 4017 1993 4085 ³;
2024 4016 2145 4088 quia
2174 4023 2232 4070 ut
2258 4029 2365 4070 non
2399 4023 2449 4069 te
2481 4012 2722 4084 implices
2746 4010 2850 4069 hoc
2873 4011 3172 4083 sacrilegio,
3201 4011 3322 4068 ideo
3348 4011 3445 4068 tibi

1857 4108 1986 4167 dicit
2011 4106 2297 4180 Apostolus
2321 4146 2338 4176 ,
2369 4097 2415 4160 υ
2449 4106 2637 4174 homo,
2672 4113 2729 4159 tu
2765 4104 2877 4176 quis
2920 4119 2975 4159 es
3011 4104 3099 4177 qui
3138 4088 3444 4177 respondeas

1856 4200 1967 4257 Dea
1986 4191 2013 4258 ?

1927 4277 2167 4348 CXXXI.
2208 4290 2328 4348 J'uc.
2368 4289 2475 4347 Sed
2495 4289 2608 4362 jam
2631 4272 2938 4371 apoStolicre
2961 4289 3244 4346 sententia:
3267 4288 3446 4362 digui~

1858 4395 1942 4442 tas
1969 4393 2240 4442 asseratur
2260 4426 2277 4452 ,
2312 4400 2379 4440 ne
2409 4390 2623 4455 putetur
2651 4381 2735 4438 vel
2776 4381 2844 4438 de
2886 4382 3153 4454 aliquibus
3177 4380 3280 4437 hoc
3314 4396 3445 4437 scn-

1856 4476 2185 4547 sisse,quod
2221 4484 2277 4532 tu
2313 4475 2380 4531 de
2414 4475 2664 4531 omnibus
2696 4473 2991 4529 mstimasti.
3013 4471 3300 4550 Apostolus
3339 4473 3444 4529 ita-

1857 4585 1961 4640 que
1987 4568 2181 4624 Paulus
2206 4568 2485 4638 disputans
2508 4581 2630 4621 cum
2653 4555 3036 4637 qumstionibus
3061 4562 3084 4595 ⁸
3107 4562 3439 4633 Judmorum,

1857 4663 1947 4735 qui
1994 4660 2208 4735 generis
2249 4661 2332 4716 sui
2376 4660 2633 4731 dignitate
2682 4668 2975 4729 turgentes,
3020 4655 3444 4727 dedignabantur

1857 4752 2123 4824 coacquari
2165 4750 2265 4806 sibi
2308 4765 2375 4805 ex
2415 4748 2675 4806 Gentibus
2705 4746 2923 4813 fideles,
2953 4755 3007 4803 ct
3044 4746 3305 4818 justitiam
3345 4747 3448 4804 Dei

1856 4845 2199 4904 commendat
2224 4851 2280 4899 et
2316 4844 2571 4915 gratiam,
2599 4840 2880 4913 disputans
2911 4840 2978 4897 ad
3007 4856 3189 4896 earum
3216 4826 3240 4874 δ
3264 4841 3445 4897 muni-

1860 4939 2124 4996 ﬁcentiam
2151 4937 2420 5009 pertinere
2440 4978 2454 5002 ,
2482 4934 2626 5007 quod
2661 4943 2716 4990 et
2755 4935 2927 5006 primo
2948 4934 3163 4990 Judmos
3197 4934 3449 4990 nobilita-

1856 5040 2006 5090 verat
2033 5031 2162 5102 legis
2205 5028 2426 5100 agnitio,
2472 5038 2526 5084 et
2567 5025 2711 5099 quod
2755 5025 3008 5096 deinceps
3044 5026 3205 5081 etiam
3244 5025 3446 5083 Gentes

1858 5125 2158 5181 adsciverat
2196 5121 2394 5177 Christi
2438 5119 2764 5190 prtedicutio.
2794 5118 2943 5176 Unus
2979 5120 3122 5175 enim
3163 5118 3444 5190 utriusque

1860 5204 2041 5292 populi
2089 5215 2334 5273 conditor
2369 5207 2704 5286 judicaturus
2746 5222 2802 5269 et
2853 5214 2969 5268 illos
3016 5229 3111 5285 per
3153 5213 3344 5283 legem,
3385 5221 3447 5267 et

1924 5393 1941 5425 ι
1965 5398 2073 5441 Mss.
2102 5396 2213 5439 Mar.
2247 5395 2372 5439 Port.
2412 5386 2465 5440 et
2485 5383 2605 5437 Clar.
2623 5413 2638 5441 ε
2659 5388 2891 5440 suadente
2914 5386 3168 5440 voluntate.

1923 5456 1945 5487 ι
1966 5461 2049 5503 us.
2073 5459 2217 5514 Port.,
2239 5447 2545 5514 omnipotemt
2565 5447 2805 5514 potestate.

1925 5516 1947 5549 ³
1968 5521 2017 5565 ιιι
2038 5514 2181 5564 editis
2198 5513 2275 5563 hic
2304 5512 2532 5563 omissum
2550 5512 2573 5571 ,'
2588 5518 2651 5562 te.
2691 5512 2959 5564 Restituitut
2990 5523 3053 5560 ex
3089 5519 3195 5559 MSS.

1925 5578 1947 5609 δ
1970 5578 2242 5640 \‘ignierius
2277 5588 2396 5638 pro,
2436 5586 2546 5624 cum
2567 5571 2953 5640 questionibus;
2977 5572 3151 5640 frustra
3189 5574 3441 5628 correxit.

1862 5652 1973 5690 cum
1989 5634 2291 5702 quibusdam;
2314 5644 2424 5686 Nam
2448 5634 2648 5702 respicit
2680 5634 2893 5702 1lulianus
2916 5635 2964 5683 ir:
2978 5636 3274 5696 qumsttones
3290 5668 3304 5695 ,
3330 5648 3443 5697 quae

1861 5702 1926 5751 ab
1950 5695 2170 5763 apostolo
2187 5698 2434 5749 diluuntur
2452 5699 2500 5746 iu
2524 5695 2727 5760 Epistola
2744 5698 2802 5763 ad
2827 5695 3070 5763 ueniamus,

1856 5786 1903 5874 eo
1924 5763 1953 5874 ἒ
1965 5755 2096 5825 l-iliti,
2120 5774 2300 5812 eorum.
2321 5768 2376 5809 At
2399 5765 2507 5808 uss.
2522 5793 2537 5821 ,
2552 5755 2719 5809 earnm
2736 5776 2754 5821 ,-
2769 5758 2969 5822 justitite
2991 5755 3175 5807 seili:et
3188 5765 3238 5808 et
3270 5760 3441 5820 gratia

1905 5838 1933 5874 e
1959 5861 1972 5874 .
3440 5866 3441 5869 η

1862 5831 1972 5874 Dei.

2711 5904 3161 5985 (Trente-six.)
