4014 6486
503 316 635 372 1131

499 433 638 486 istos
661 429 718 488 in
741 428 887 504 legc'
915 429 1094 502 (Rom.
1118 430 1336 503 nt,9.9);
1368 430 1492 502 quia
1519 445 1624 484 non
1646 441 1759 484 erat
1780 429 2086 486 Judmorum

504 525 648 580 Dens
679 533 905 591 tantum,
935 525 1028 580 sed
1055 525 1215 580 etiam
1238 522 1510 589 Gentium,
1538 523 1767 579 reddens
1792 540 1947 579 suum
1975 525 2096 579 uni-

500 617 692 687 cuique
716 617 832 671 sine
861 616 1066 683 fraude,
1093 617 1210 672 sine
1233 616 1424 687 gratia,
1457 617 1508 671 id
1535 626 1618 671 est
1641 617 1758 671 siue
1779 616 2089 686 cujusquam

495 709 808 780 acceptione
854 724 1096 778 persona:
1125 707 1292 779 (quod
1320 708 1574 778 exprimit
1603 723 1794 760 nomen
1825 707 2008 776 gratire
2037 705 2089 761 in

497 802 812 857 definitione
851 800 1131 872 justitize),
1163 803 1231 854 ita
1277 799 1346 854 de
1381 800 1586 854 semine
1623 798 1898 852 venientes
1926 798 2094 852 Abra-

496 892 644 960 ham,
666 907 788 948 cum
816 894 1057 960 nequiter
1082 893 1284 956 vivunt,
1306 891 1428 962 jure
1452 890 1795 958 condemnat,
1821 905 1883 944 ac
1907 889 1972 944 de
1993 905 2090 945 sua

497 985 812 1041 hereditate
858 985 1166 1055 proturbat,
1193 984 1332 1040 sicut
1371 983 1531 1039 etiam
1559 980 1796 1038 Gentiles
1831 982 1884 1036 in
1925 981 2087 1036 simili

496 1080 810 1153 operatione
866 1079 1276 1148 deprehensos;
1337 1086 1392 1132 et
1433 1092 1466 1132 e
1513 1076 1762 1146 regione,
1812 1073 2090 1144 utriuSqne

496 1174 678 1244 populi
721 1173 889 1228 bonas
916 1173 1214 1226 voluntates
1239 1181 1294 1226 et
1315 1183 1498 1225 veram
1539 1169 1696 1223 fidem
1739 1169 2088 1239 probitatem-

495 1284 600 1339 que
629 1267 896 1324 actionum
928 1266 1091 1321 donat
1134 1265 1340 1336 gaudiis
1379 1263 1744 1336 sempiternis.
1773 1261 2089 1332 Cumprimit

495 1361 659 1427 igitur
716 1359 967 1416 Gentium
1031 1358 1279 1430 Magister
1318 1355 1626 1413 Judzeorum
1689 1363 1994 1418 tumorem,
2035 1362 2089 1407 ct

497 1453 734 1508 ostendit
773 1469 878 1507 non
924 1453 977 1506 in
1021 1449 1315 1506 seminibus
1352 1449 1566 1504 humani
1610 1447 1824 1518 generis
1849 1488 1864 1514 ,
1895 1444 1989 1501 sed
2034 1446 2086 1500 in

497 1544 738 1598 moribus
764 1557 885 1599 esse
911 1541 1257 1607 distantiam;
1297 1548 1351 1594 ut
1387 1555 1446 1594 se
1488 1539 1563 1592 illi
1589 1543 1959 1608 agnoscerent,
1985 1535 2085 1590 nisi

498 1634 683 1690 fideles
706 1649 826 1691 esse
867 1641 1181 1699 curassent,
1221 1631 1364 1686 nulla
1403 1629 1755 1702 praerogativa
1785 1628 2086 1683 circumcisi

496 1726 712 1796 generis
741 1724 1088 1780 vindicandos
1125 1739 1142 1778 :
1185 1721 1449 1794 siquidem
1493 1721 1658 1777 Jacub
1702 1729 1756 1776 et
1799 1721 1938 1776 Esau
1981 1733 2087 1774 una

497 1817 720 1874 seminis
767 1816 1082 1890 exceptione
1143 1813 1428 1884 concepti,
1479 1822 1536 1869 et
1583 1827 1687 1867 una
1733 1813 1783 1866 vi
1835 1811 2088 1882 parientis

497 1910 673 1974 ell'usi,
702 1909 946 1964 diversos
974 1908 1195 1962 nimium
1223 1906 1396 1962 exitus
1424 1919 1522 1976 pro
1552 1905 1867 1960 meritorum
1908 1902 2088 1958 diver-

495 2001 653 2057 sitate
684 2000 1022 2073 pertulerint.

566 2095 703 2152 Also.
733 2095 788 2151 Si
815 2092 1106 2148 secundum
1137 2091 1450 2163 Apostolum
1493 2103 1740 2161 saperes,
1789 2104 1896 2146 non
1938 2103 2091 2145 com-

497 2200 831 2243 memorares
856 2185 958 2240 hoe
985 2185 1104 2240 loco
1135 2184 1326 2240 merita
1351 2182 1536 2248 Jacob,
1572 2183 1659 2238 ubi
1689 2197 1811 2236 eum
1841 2181 1971 2236 dicit
1999 2180 2089 2236 ille

497 2296 604 2338 non
651 2296 718 2338 ex
758 2280 1010 2351 operibus
1053 2278 1218 2334 fuisse
1245 2276 1535 2341 dilectum;
1582 2284 1640 2329 ut
1682 2276 1908 2346 gratiam
1935 2288 2089 2330 com-

498 2373 737 2436 mendet,
783 2386 903 2442 quze
953 2385 1063 2424 non
1109 2367 1401 2424 secundum
1443 2368 1631 2421 merita
1675 2375 1852 2421 nostra
1893 2366 2086 2420 datur:

497 2466 731 2536 alioquin
760 2480 948 2518 merces
978 2478 1078 2516 non
1108 2461 1410 2531 imputatur,
1435 2458 1573 2513 sicut
1597 2459 1709 2529 ipse
1736 2459 1884 2526 dicit,
1911 2474 2091 2513 secun-

495 2559 618 2612 dant
675 2557 918 2630 gratiam,
979 2554 1068 2610 sed
1102 2553 1374 2608 secundant
1402 2551 1625 2606 debitum
1659 2552 1837 2620 (Rom.
1881 2566 1964 2615 ιν,
2008 2549 2088 2622 ι).

495 2647 706 2715 Quibus
732 2647 910 2704 verbis
953 2645 1078 2717 qttid
1119 2645 1387 2707 ostendit,
1430 2644 1530 2698 nisi
1565 2647 1787 2714 gratiam
1834 2659 1938 2696 non
1970 2656 2092 2697 esse

497 2741 755 2807 debitam,
786 2740 881 2796 sed
912 2738 1234 2810 gratuitam?
1261 2737 1408 2792 lianc
1439 2738 1616 2808 itaque
1644 2736 2086 2804 commendabat,

497 2833 588 2888 ubi
632 2832 840 2889 diccbat
871 2849 884 2886 :
915 2829 1042 2886 Cum
1089 2830 1224 2883 enim
1269 2831 1492 2883 nondum
1539 2831 1646 2883 uati
1696 2839 1886 2894 essent,
1935 2844 2094 2898 neque

495 2924 712 2996 egissent
738 2922 932 2992 aliquid
957 2921 1073 2975 boni
1097 2930 1185 2974 aut
1215 2921 1338 2974 ntali
1359 2962 1372 2984 ,
1408 2930 1460 2974 ut
1501 2921 1774 2974 secundum
1802 2921 2092 2975 electionem

496 3015 814 3086 propositum
841 3013 935 3068 Dei
951 3023 1196 3079 maneret,
1217 3030 1316 3067 non
1337 3029 1400 3068 ex
1418 3014 1671 3082 operibus,
1689 3013 1781 3068 sed
1799 3029 1864 3068 ex
1886 3021 2094 3068 vocante

496 3111 689 3164 dictant
730 3117 826 3174 est,
864 3107 998 3176 Quia
1023 3107 1190 3179 major
1214 3107 1391 3161 serviet
1417 3107 1600 3159 minori
1628 3105 1741 3178 (Id.
1775 3123 1852 3173 ιιι,
1882 3105 2089 3178 11-13).

495 3201 650 3256 Clara
677 3209 800 3256 sunt
821 3215 940 3272 qua:
964 3199 1262 3255 obscurare
1289 3200 1501 3254 conaris
1518 3217 1531 3252 :
1548 3197 1722 3252 fumos
1750 3199 1924 3265 tolle’,
1943 3198 2091 3254 Scri-

499 3304 775 3367 pturarum
823 3294 1001 3351 lumen
1057 3292 1294 3349 attende.
1344 3293 1525 3349 Gratia
1576 3293 1774 3364 quippe
1820 3292 2090 3347 hominem

499 3389 785 3461 pra-venit,
834 3396 892 3442 ut
935 3387 1120 3458 diligat
1149 3386 1338 3450 Deum,
1371 3401 1473 3456 qua
1519 3384 1804 3444 dilectione
1842 3393 2095 3455 operetur

499 3482 660 3536 bona.
694 3478 847 3546 Quod
880 3488 933 3532 et
965 3478 1197 3532 Joannes
1227 3478 1500 3548 apostolus
1542 3477 1880 3548 apertissime
1911 3484 2095 3530 osten-

497 3573 597 3638 dit,
629 3571 720 3626 ubi
748 3571 860 3625 ait:
890 3567 1001 3624 Nos
1028 3570 1300 3641 diligamus
1317 3612 1331 3635 ,
1358 3572 1596 3642 quoniam
1637 3571 1776 3639 prior
1801 3569 1978 3623 dilexit
2003 3584 2095 3622 nos

505 3663 550 3732 (Ι
573 3661 732 3717 Joan.
764 3677 836 3726 Iv,
867 3660 979 3731 19).
1003 3659 1118 3716 Non
1149 3676 1276 3731 ergo
1301 3662 1592 3733 diligitnttr,
1624 3661 1745 3734 quia
1776 3661 2091 3727 dileximus;

497 3755 591 3810 sed
619 3755 740 3826 quia
769 3753 952 3809 dilecti
977 3767 1182 3820 sumus,
1214 3751 1554 3824 diligamus‘.

571 3844 832 3902 C.\'.\'.\'ll.
869 3844 988 3901 JUL.
1027 3843 1166 3900 Esau
1207 3844 1351 3900 enim
1380 3845 1632 3915 profanus
1675 3853 1730 3900 et
1775 3844 2092 3914 fornicator,

502 3949 724 4012 propter
750 3955 908 3994 ttnam
946 3953 1126 3993 escam
1171 3937 1410 3992 vendens
1457 3937 1726 4008 primitiva
1769 3953 1863 3991 sua
1897 3935 2092 4007 (llebr.

504 4047 604 4099 xu,
637 4029 760 4100 16),
810 4030 1050 4098 quatsivit
1101 4027 1526 4083 benedictionem
1558 4044 1716 4098 quam
1761 4025 2091 4099 Spreverat‘,

505 4136 609 4178 nec
641 4121 860 4189 adeptus
883 4129 985 4186 est,
1015 4133 1318 4190 quanquam
1345 4135 1464 4175 eam
1496 4135 1617 4174 cum
1653 4120 1900 4192 lacrymis
1926 4135 2096 4190 popo-

506 4214 697 4266 seisstt
733 4249 746 4264 .
777 4209 944 4266 Jacob
969 4220 1146 4265 autem
1175 4209 1390 4281 quietus
1416 4220 1468 4265 et
1497 4211 1638 4265 mitis
1658 4252 1673 4278 ,
1711 4211 1968 4266 obediens
1995 4226 2091 4282 pa-

511 4315 723 4362 tentan.
771 4302 1088 4376 praceptis,
1118 4313 1173 4359 et
1208 4303 1691 4360 sanetitlcatiouum
1719 4307 2095 4376 appetentissi-

513 4412 653 4464 mus,
687 4396 755 4453 ad
805 4395 910 4452 hoc
948 4409 1118 4467 usque
1143 4406 1428 4467 provectus
1451 4398 1593 4464 eSt',
1623 4409 1680 4452 ut
1707 4399 1845 4453 sicut
1867 4398 2096 4453 Abraha:

511 4503 568 4546 et
612 4489 788 4552 Isaac.
827 4490 896 4544 ita
934 4491 1094 4546 etiam
1121 4497 1176 4545 et
1197 4487 1363 4545 Jacob
1408 4490 1546 4546 Deus
1588 4492 1638 4545 in
1684 4502 1868 4545 saneto
1899 4491 2096 4562 populo

513 4584 804 4638 diceretur.
838 4580 971 4636 Cum
995 4581 1155 4652 igitur
1195 4581 1446 4636 omnibus
1486 4592 1757 4638 constaret
1800 4584 2093 4654 exenqilis,

512 4674 680 4729 Deum
716 4684 862 4747 justo
907 4675 1112 4746 judicio
1159 4675 1313 4730 bonis
1355 4676 1620 4732 mentibus
1671 4677 1722 4732 in
1763 4693 2096 4749 quarumque

515 4776 674 4837 gente
716 4781 868 4824 suam
895 4767 1314 4826 misericordiam
1348 4786 1454 4824 non
1485 4787 1714 4840 negare,
1760 4774 1924 4826 malas
1967 4787 2096 4826 vero

509 4867 715 4914 mentes
736 4857 880 4914 nulla
906 4858 1085 4915 sinere
1105 4860 1286 4931 stirpis
1310 4860 1586 4916 nobilitate
1612 4860 1858 4925 defendi;
1893 4864 2092 4918 intelli-

504 4958 688 5020 gerent
707 4949 898 5014 Jndtei,
918 4949 1165 5006 Gcntimu
1191 4949 1349 5005 iidem
1377 4967 1404 5005 a
1430 4968 1487 5006 se
1507 4952 1709 5021 despici
1733 4969 1838 5007 non
1863 4954 2093 5009 debere:

503 5040 626 5111 quia
674 5041 814 5096 sicut
863 5056 968 5094 non
1022 5043 1384 5111 patrocinatur
1428 5041 1782 5097 lsraelitarum
1830 5051 2098 5098 stemma'

501 5133 840 5202 criminibus,
867 5133 934 5190 ita
955 5136 1111 5188 etiam
1137 5134 1282 5190 nullo
1306 5133 1687 5206 impedimento
1711 5136 1824 5191 est'
1842 5136 2096 5192 Gentium

567 5361 584 5394 ³
610 5362 694 5412 tttc
717 5363 913 5422 exjtss.
937 5355 1202 5422 adjicnnns,
1228 5363 1272 5407 et
1294 5355 1409 5408 istos
1429 5353 1479 5422 in
1494 5354 1613 5422 lege.

564 5425 585 5486 ξ
608 5424 744 5482 aliti,
765 5419 920 5486 [tonos
941 5418 1044 5471 tuos
1064 5418 1192 5470 tolle.
1217 5419 1512 5486 mutuseripti
1529 5418 1844 5486 ίιίῐιιίντίξᾳιῃῑ,
1861 5424 1982 5471 tuos.

567 5485 588 5547 β
610 5486 684 5547 sic
713 5480 822 5534 διὰ.
843 5481 967 5547 Clar.
989 5489 1042 5547 et
1063 5489 1172 5547 star.
1198 5488 1256 5547 Iit
1290 5482 1433 5540 editi,
1447 5480 1684 5547 'notterqo
1704 5480 1970 5547 diligbtuts,
1994 5481 2111 5547 quia

506 5545 800 5607 dilationis;
818 5544 904 5598 sed
927 5543 1040 5609 quia
1061 5541 1228 5609 dilecti
1265 5556 1459 5604 sumus,
1484 5541 1751 5609 diliyiuuts.

565 5609 745 5675 fﬁditi,
763 5607 1057 5675 sperauerat.
1076 5607 1372 5675 castigantur
1396 5618 1459 5655 ex
1480 5607 1586 5656 stss;

565 5672 588 5704 ⁸
608 5676 676 5721 ιιι
699 5667 748 5721 in
768 5667 875 5722 διες.
894 5677 949 5720 At
971 5670 1022 5718 in
1045 5667 1466 5731 editis,:profertus
1487 5676 1574 5719 est.

565 5733 587 5764 ⁶
609 5731 772 5783 mdex
796 5738 928 5792 Itan,
951 5737 1152 5794 stegtno.
1174 5728 1248 5780 sic
1272 5728 1416 5796 supra
1435 5765 1450 5792 ,
1473 5743 1581 5796 cap.
1615 5731 1665 5791 5,
1691 5743 1776 5794 [ro
1791 5768 1804 5793 ,
1845 5736 2107 5792 strumam.

503 5795 814 5862 pra-terebat.
841 5799 1084 5856 steqmate.
1536 5795 1544 5796 ’

567 5860 586 5893 ⁷
613 5857 773 5908 uidex
791 5863 920 5917 Itan,
946 5851 1170 5908 itaetiam
1191 5852 1374 5906 nullum
1396 5853 1784 5917 intperlimvnttmt
1818 5861 1904 5904 est.

1184 314 1432 373 oet-tuis
1470 310 1878 372 ntrtzumzrt
1918 311 2186 366 δίηται
2230 297 2591 370 teet-men.
2630 311 2685 367 s.
2740 315 3104 378 ACCIISTIM
3143 298 3158 308 ’

3649 320 3791 378 11⁸52

2198 431 2351 504 origo
2379 431 2676 490 virtutibus.
2711 433 2823 491 lloc
2851 443 2991 507 crgo‘
3024 445 3190 492 totum
3230 451 3392 505 agens
3418 433 3667 491 eonllictu
3695 433 3790 489 illo

2198 523 2517 592 Apustolus;
2565 525 2616 580 in
2660 527 2977 596 quibusdam
3007 537 3184 582 tamen
3217 527 3370 595 locis,
3398 526 3463 582 ad
3495 529 3788 582 incurvan-

2195 611 2315 667 dam
2342 613 2780 670 circumcisorum
2807 618 3196 688 arrogantiam,
3229 618 3327 674 Sub
3357 618 3571 672 nomine
3596 617 3788 688 gratia:

2195 706 2261 762 dc
2286 709 2396 762 sola
2431 709 2524 764 Dei
2553 710 2864 782 pra‘judicat
2895 723 3018 782 pote
3037 722 3176 770 tate.

2266 800 2399 856 Ara.
2444 801 2582 872 Ergo
2616 801 2683 857 ad
2726 804 3104 858 incurvaudam
3151 805 3586 860 circumeisornm
3631 821 3762 860 arro

2193 894 2465 962 gantiam,
2514 895 2616 950 sub
2659 897 2875 952 nomine
2913 898 3098 969 gratim
3143 899 3397 952 mentitur
3447 898 3786 968 Apostolu5°

2194 999 2315 1038 nam
2348 985 2486 1040 Deus
2511 1001 2576 1040 cx
2604 987 2857 1057 operibus
2885 989 3076 1059 eligit',
3108 1006 3213 1043 non
3243 1005 3307 1044 ex
3333 990 3521 1060 gratia.
3551 990 3682 1056 Quis
3713 989 3787 1043 ita

2193 1079 2382 1146 Sapiat,
2415 1079 2513 1134 nisi
2546 1078 2830 1136 hzcretieus
2859 1081 3107 1138 inimicus
3131 1084 3334 1153 gratim,
3363 1085 3565 1139 amicus
3590 1100 3790 1154 supcr-

2194 1170 2329 1226 biae?
2353 1172 2560 1227 Clamat
2583 1188 2677 1230 vas
2706 1174 3007 1240 electionis,
3031 1187 3080 1230 et
3107 1177 3312 1246 gratim,
3339 1192 3440 1247 qua
3465 1177 3585 1230 talis
3613 1176 3789 1232 laetus

2193 1273 2294 1327 est,
2320 1264 2656 1333 prtedicator,
2681 1281 2783 1322 non
2807 1281 2872 1322 ex
2895 1267 3148 1337 Operibus
3172 1267 3422 1322 dilectum
3441 1282 3558 1322 esse
3577 1267 3746 1322 Jacoh
3769 1283 3785 1322 :

2193 1365 2247 1410 et
2276 1367 2328 1410 tu
2363 1369 2755 1414 commemoras
2784 1374 2945 1430 opera
2980 1359 3175 1425 Jacuh,
3217 1375 3282 1413 ex
3330 1360 3521 1430 quibus
3549 1375 3669 1415 cum
3697 1360 3787 1413 di-

2193 1447 2387 1503 lectum
2411 1464 2531 1505 esse
2553 1451 2865 1516 contendis;
2894 1460 2947 1506 et
2978 1450 3079 1505 hoc
3105 1450 3329 1516 faciens,
3359 1451 3489 1506 mihi
3519 1461 3570 1506 te
3593 1452 3787 1506 existis

2193 1556 2308 1595 mas
2327 1539 2720 1608 contradicere,
2765 1558 2888 1598 cum
2928 1542 3004 1597 sis
3030 1557 3200 1596 novus
3227 1541 3604 1604 Antichristus,
3629 1542 3790 1612 eique

2191 1635 2527 1703 apertissime
2551 1634 2890 1690 contradicas
2937 1634 2989 1688 iu
3029 1641 3138 1705 quo
3183 1634 3392 1688 locutus
3429 1642 3511 1688 est
3539 1630 3790 1688 Christus

2193 1724 2258 1795 (ll
2286 1723 2403 1777 Cor.
2435 1740 2553 1791 xnt,
2587 1723 2670 1796 '5).

2263 1815 2547 1872 CXXXIII.
2576 1816 2694 1873 ius.
2731 1813 2803 1874 Ut
2842 1817 2947 1872 illis
2985 1818 3037 1872 in
3068 1816 3480 1873 cerimoniarum
3507 1827 3562 1872 et
3585 1816 3793 1871 hostia-

2193 1923 2312 1964 rum
2340 1907 2714 1965 observatione
2741 1909 3117 1982 gloriantibus,
3151 1924 3352 1980 perque
3382 1909 3484 1964 hoc
3509 1909 3790 1964 :estiman-

2195 2001 2336 2056 tibus
2356 2002 2489 2057 alias
2515 2002 2762 2059 nationes
2789 2003 2950 2058 nullis
2978 2003 3111 2074 legis
3139 2003 3329 2058 ritibus
3353 2011 3697 2058 consecratas
3719 2001 3791 2055 ad

2193 2093 2523 2146 consortium
2552 2093 2635 2147 sui
2667 2107 2767 2148 nec
2791 2107 2949 2162 posse
2977 2085 3184 2148 admitti
3211 2092 3408 2154 subito.
3441 2107 3538 2147 nec
3565 2091 3790 2157 debere,

2194 2184 2435 2252 diceret,
2487 2186 2606 2256 quia
2661 2185 2763 2242 etsi
2820 2185 2872 2240 in
2921 2185 3028 2241 illis
3088 2185 3551 2241 observationibus
3600 2184 3795 2238 fuisset

2195 2292 2401 2334 summa
2425 2278 2667 2349 justitize,
2693 2277 2916 2335 haberet
2943 2288 3116 2334 tamen
3141 2279 3192 2333 in
3219 2288 3483 2348 potestate
3507 2293 3599 2331 sua
3622 2277 3790 2341 Deus,

2194 2374 2478 2442 quamdam
2509 2369 2686 2428 facere
2716 2371 3036 2442 populorum
3064 2371 3539 2425 conmmtationem
3563 2412 3575 2432 ,
3609 2380 3670 2423 ut
3696 2383 3794 2423 re-

2190 2461 2383 2532 jieerct
2426 2478 2561 2534 quos
2607 2462 2786 2529 vellet,
2836 2470 2892 2518 et
2937 2475 3074 2533 quos
3120 2461 3282 2516 vellet
3323 2471 3639 2517 assumeret.
3689 2460 3793 2534 Cui

2195 2557 2374 2612 sensui
2418 2557 2710 2627 respondet
2773 2557 2917 2611 snb'
2969 2571 3200 2626 persona
3249 2556 3555 2611 Jud.corunt
3585 2595 3601 2621 ,
3659 2549 3796 2609 nihil

2195 2649 2394 2706 debere
2431 2648 2542 2722 jam
2569 2651 2708 2722 exigi
2738 2650 2806 2706 ab
2834 2650 3065 2705 hominis
3095 2652 3404 2716 voluntate;
3452 2648 3794 2720 quandoqui-

2195 2743 2316 2799 dem
2346 2745 2506 2809 Dens,
2539 2747 2685 2818 cujus
2715 2745 2819 2800 rult
2848 2752 3140 2812 miseretur,
3174 2755 3221 2799 et
3249 2761 3396 2816 quem
3425 2744 3525 2797 calt
3553 2739 3792 2796 obdurat.

2196 2839 2277 2894 Ad
2307 2838 2447 2910 quod
2477 2839 2638 2894 refert
2669 2839 2956 2909 Apostolus
2977 2881 2990 2902 ,
3025 2837 3072 2893 Ο
3093 2839 3264 2902 Itonto,
3298 2848 3350 2890 tu
3375 2836 3485 2906 quis
3518 2852 3568 2888 es
3606 2836 3692 2902 qui
3713 2849 3798 2886 re-

2195 2931 2447 3002 spondeas
2477 2929 2620 2985 Deo.’
2644 2931 2709 2986 Et
2735 2929 2893 2985 infert
2921 2930 3281 2986 testimonium
3314 2926 3585 2998 propheta:
3619 2925 3792 2985 Isaim,

2199 3019 2466 3094 Numquid
2485 3023 2624 3087 dicit,
2644 3022 2836 3093 inquit,
2859 3022 3154 3093 ﬁgmentum
3179 3020 3226 3075 ei
3239 3020 3326 3090 qui
3345 3036 3398 3073 se
3413 3019 3580 3087 ﬁnxit,
3604 3013 3800 3086 thuid

2197 3129 2278 3169 me
2319 3113 2484 3187 fecisti
2529 3115 2640 3168 sic?
2684 3113 2950 3184 Additque
2987 3111 3053 3168 de
3084 3127 3221 3168 suo:
3253 3112 3351 3164 Aut
3379 3109 3502 3163 non’
3528 3107 3673 3161 habet
3699 3122 3799 3177 po-

2198 3214 2426 3261 testatent
2467 3205 2655 3276 ﬁgulus
2688 3203 2818 3261 luti‘
2861 3220 2924 3260 ex
2950 3204 3121 3259 eadem
3160 3219 3328 3258 massa
3355 3205 3518 3274 facere
3543 3200 3683 3252 aliud
3709 3214 3800 3251 vas

2196 3295 2250 3352 in
2276 3297 2550 3361 honorem,
2589 3296 2732 3351 aliud
2770 3297 2822 3350 in
2845 3296 3201 3350 contumeliam
3229 3291 3407 3367 (Rom.
3445 3309 3527 3358 tx,
3563 3291 3650 3356 18,
3687 3289 3797 3356 (ξο,

2196 3387 2334 3460 2t)?
2380 3387 2450 3444 Et
2476 3398 2558 3443 est
2587 3402 2777 3442 sensus
2806 3387 3068 3458 ejusmodi
3094 3403 3109 3440 :
3135 3388 3266 3454 Quia
3297 3402 3397 3457 ego
3425 3383 3800 3440 commendavi

2197 3481 2526 3537 voluntatem
2557 3480 2672 3546 Dei,
2693 3481 3172 3548 auctoritatemque
3201 3479 3384 3550 gratiae
3407 3477 3522 3548 ejus
3551 3474 3798 3545 exposui,

2197 3574 2382 3630 dicens
2423 3573 2567 3645 quod
2612 3573 3031 3628 misericordiam
3061 3579 3372 3642 pt‘wslarct,
3415 3568 3802 3639 cujuscumque

2199 3667 2449 3722 misertus
2479 3666 2692 3732 fuisset;
2723 3675 2776 3720 tu
2808 3665 2936 3720 mihi
2961 3709 2976 3732 ,
3003 3681 3036 3719 ο
3060 3664 3241 3721 Judaec
3264 3707 3280 3731 ,
3306 3662 3625 3719 calumniam
3664 3674 3801 3713 con-

2199 3759 2409 3828 citasti,
2461 3759 2611 3830 quasi
2641 3759 3034 3814 commendatio
3079 3758 3281 3830 prolata
3325 3773 3355 3811 a
3391 3771 3479 3812 me
3510 3754 3804 3809 voluntatis

2199 3861 2254 3910 et
2280 3853 2556 3924 potestatis
2581 3852 2776 3907 divina:
2815 3852 2881 3906 ad
2907 3853 3174 3907 excidium
3218 3850 3441 3920 justitia:
3489 3849 3628 3903 illius
3678 3862 3804 3914 pcr-

2200 3945 2394 4001 litteret
2415 3962 2429 3998 :
2453 3955 2508 4001 et
2537 3945 2659 4016 quia
2689 3943 2798 3999 dixi
2824 3985 2839 4009 ,
2872 3942 3017 3999 Facit
3044 3941 3184 4014 quod
3214 3942 3352 4005 vult;
3397 3948 3804 4011 argumentatus

2199 4053 2261 4094 cs
2291 4036 2418 4092 nihil
2446 4036 2556 4107 jam
2588 4039 2796 4106 reposci
2823 4036 2892 4090 ab
2918 4035 3150 4090 hominis
3178 4034 3446 4088 voluntate
3485 4027 3716 4096 debere,
3753 4031 3802 4085 si

2203 4129 2348 4185 Dens
2375 4139 2544 4185 totum
2571 4142 2668 4200 pro
2688 4143 2782 4184 sua
2815 4127 3012 4183 faceret
3034 4129 3339 4192 voluntate;
3385 4142 3504 4181 cum
3551 4139 3803 4195 persona:

2200 4221 2432 4295 dignitas
2477 4225 2652 4277 locum
2702 4221 2989 4278 excluserit
3016 4221 3348 4292 quzestiouis.
3381 4219 3509 4274 Nam
3544 4218 3588 4272 si
3633 4217 3804 4272 dixis-

2201 4333 2347 4384 sem,
2397 4316 2544 4372 Facit
2576 4317 2714 4372 Dens
2741 4296 2894 4386 quod.
2912 4317 3071 4371 debet
3110 4315 3405 4370 secundum
3443 4312 3660 4384 justiti:e
3688 4327 3804 4367 sua:

2203 4409 2366 4480 leges,
2390 4425 2507 4478 qua:
2523 4408 2545 4441 ⁸
2571 4408 2638 4464 de
2661 4408 2863 4464 meritis
2882 4406 3085 4479 judicat
3101 4407 3460 4477 singulorum;
3486 4403 3614 4458 nihil
3639 4403 3804 4475 quale

2204 4513 2349 4555 nunc
2372 4499 2587 4567 objicis,
2619 4499 2805 4570 utique
2835 4497 3111 4553 retulisses
3136 4514 3149 4552 :
3177 4513 3317 4552 nunc
3345 4510 3472 4556 vero
3501 4494 3624 4564 quia
3655 4493 3802 4557 dixi,

2204 4589 2354 4646 Facit
2398 4589 2537 4644 Deus
2579 4590 2720 4661 quod
2761 4591 2902 4656 vult;
2949 4590 3148 4660 putasti
3195 4602 3280 4643 mc
3323 4587 3521 4658 aliquid
3566 4585 3803 4640 furatum

2205 4698 2325 4738 esse
2355 4681 2424 4737 de
2446 4681 2667 4751 justitia:
2693 4681 2966 4752 dignitate.
2993 4677 3292 4750 Utrumque
3330 4679 3491 4748 igitur
3528 4676 3665 4730 idem
3696 4685 3802 4729 est.

2203 4775 2336 4832 Nam
2364 4789 2484 4830 cum
2513 4774 2580 4830 de
2607 4775 2718 4829 Deo
2749 4774 2868 4828 dico
2889 4815 2904 4839 ,
2945 4772 3094 4827 Facit
3132 4771 3272 4842 quod
3318 4770 3466 4834 vult;
3498 4768 3626 4824 nihil
3655 4768 3804 4823 aliud

2207 4867 2350 4929 dico,
2379 4881 2570 4932 quam,
2603 4863 2749 4920 Facit
2791 4868 2930 4930 quod
2973 4863 3172 4918 debet:
3200 4864 3321 4934 quia
3363 4863 3476 4916 seio
3507 4877 3628 4916 cum
3670 4859 3807 4914 nihil

2208 4957 2350 5012 aliud
2383 4956 2521 5012 velle
2557 4972 2715 5028 quam
2746 4954 2928 5011 debet.
2962 4955 3062 5012 Ubi
3093 4969 3222 5026 ergo
3253 4952 3677 5024 inseparabiliter
3707 4967 3808 5006 vo-

2210 5049 2388 5105 luntas
2410 5052 2646 5121 cohmret
2690 5049 2927 5116 tequitati
2971 5063 3361 5120 quamcumque
3391 5048 3458 5104 de
3497 5047 3600 5104 illis
3626 5047 3808 5102 nomi-

2214 5157 2433 5206 navero,
2464 5152 2746 5211 utramque
2773 5142 2998 5213 signavi.

2283 5237 2417 5290 Aeo.
2441 5233 2854 5299 Quomodolibet
2881 5233 3031 5290 dicas
3059 5235 3224 5290 Deum
3248 5233 3422 5290 facere
3446 5233 3586 5306 quod
3609 5233 3806 5300 debet;

2210 5328 2431 5400 gratiam
2463 5327 2662 5382 nemini
2703 5326 2883 5396 debet,
2927 5328 3216 5400 multisque
3257 5345 3361 5383 non
3391 5328 3563 5384 reddit
3602 5327 3807 5398 suppli-

2276 5483 2294 5550 ξ
2318 5480 2410 5532 sic.
2563 5487 2678 5550 ttae,
2696 5480 2887 5550 eretur.
2912 5482 3030 5534 retu
3053 5496 3189 5544 vero,
3211 5479 3371 5550 elegit.

2277 5547 2298 5577 ’
2324 5544 2573 5604 l’articula,
2599 5544 2704 5604 sub,
2727 5546 2870 5596 abest
2891 5560 2917 5593 ει
2940 5553 3022 5596 Ms.
3047 5553 3161 5596 Mur.

2278 5603 2702 5671 'tteuarduSIegit
2725 5607 2891 5671 etiam,
2933 5614 3016 5660 aut
3046 5621 3159 5660 non.
3193 5603 3481 5668 vtgnierius,
3506 5615 3695 5665 annon;
3733 5617 3810 5656 Sto

2250 5669 2364 5732 tiam
2378 5665 2629 5732 _t'ulgata._
2695 5677 2750 5718 tt.
2914 5730 2919 5732 _
3352 5729 3361 5732 _
3530 5722 3544 5732 _
3603 5724 3616 5732 _
3795 5728 3810 5732 _

2217 5676 2364 5719 etiam
2390 5676 2606 5720 Vulgata.
2695 5677 2750 5718 Μ.

2277 5722 2998 5795 ιιῖάὶιὶ,”ῇίμιιιιδλεπίοαάινιη
3040 5743 3216 5792 massa,
3267 5729 3479 5790 omisso,
3523 5722 3640 5792 luti,
3677 5728 3814 5795 quod

2213 5794 2417 5843 verbum
2441 5793 2516 5842 ex'
2533 5793 2561 5839 ιξ
2569 5807 2632 5841 ss.
2650 5793 2939 5858 adjeeiznus.

2278 5858 2299 5888 ⁸
2318 5862 2397 5905 Ms.
2427 5863 2551 5916 tiara,
2577 5854 2674 5916 qui.
