4014 6492
202 344 329 404 "53

201 466 355 529 cium,
385 458 527 531 quod
559 460 724 515 malis
749 474 934 514 eorum
964 456 1211 527 operibus
1239 453 1437 517 debet,
1482 462 1536 508 et
1572 452 1791 522 largitur

204 555 440 631 gratiam,
483 567 650 621 quam
697 550 862 605 nullis
899 564 1084 603 eorum
1128 546 1285 601 bonis
1317 545 1573 615 operibus
1611 544 1791 599 debet.

206 647 336 718 Quid
381 646 523 701 enim
569 642 810 699 debebat
855 640 1029 697 eidem
1074 640 1173 709 ipsi
1221 636 1409 704 Paulo,
1455 652 1577 692 cum
1621 635 1797 690 adhuc

209 739 397 796 Saulus
426 734 848 807 permutaretur
874 726 1203 789 Ecclesiaqu
1230 744 1410 787 nonne
1436 728 1796 801 supplicium?

206 831 355 902 Quod
378 844 507 901 ergo
526 843 653 885 eum
674 826 873 883 emissa
900 840 1033 881 voce
1058 825 1125 880 de
1154 824 1293 881 caelo
1321 823 1625 894 prostravit,
1653 820 1795 893 quod

205 922 508 987 excmcavit,
536 918 681 991 quod
712 918 781 973 ad
812 917 972 973 ﬁdem
1008 914 1398 985 percipiendam
1428 928 1586 983 quam
1618 922 1796 966 vasta-

208 1014 311 1079 bat,
329 1023 436 1069 tam
454 1012 722 1067 violenter
735 1010 948 1064 attraxit
966 1006 1103 1079 (Act.
1123 1003 1220 1079 ιι),
1241 1006 1422 1075 procul
1440 1004 1602 1060 dubio
1617 1018 1798 1060 secun-

205 1110 349 1172 dum,
376 1107 606 1177 gratiam
629 1120 738 1159 non
756 1101 1043 1160 secundum
1065 1100 1301 1156 debitum
1317 1098 1460 1164 fecit,
1475 1106 1529 1152 ut
1547 1098 1597 1151 in
1615 1098 1691 1151 eis
1711 1111 1799 1151 es-

207 1209 284 1256 set
298 1200 542 1270 reliquiis
566 1197 750 1268 populi
781 1194 960 1261 lsrael,
978 1194 1047 1249 de
1063 1192 1253 1265 quibus
1276 1191 1405 1246 dicit
1425 1209 1437 1244 :
1459 1190 1547 1246 Sic
1558 1199 1733 1259 ergoet
1746 1188 1797 1243 in

208 1291 296 1344 tot:
319 1296 549 1361 tempore
570 1289 797 1359 reliquid:
824 1303 914 1358 per
934 1286 1223 1342 electionem
1243 1285 1422 1354 gratia
1442 1284 1589 1353 facta:
1611 1291 1729 1336 sunt
1747 1283 1794 1333 ιε

207 1386 246 1439 si
270 1394 439 1439 autent
468 1384 639 1456 gratia
663 1425 677 1451 ,
719 1383 835 1454 jam
864 1398 966 1435 non
994 1396 1059 1435 ex
1087 1379 1355 1449 aperibus;
1381 1376 1605 1443 alioquin
1632 1375 1799 1447 gratia

200 1478 307 1546 iam
329 1492 431 1531 non
454 1488 529 1530 est
550 1476 717 1547 gratia
744 1473 921 1544 (Rem.
948 1489 1021 1539 ιι,
1046 1464 1100 1537 5,
1120 1469 1201 1543 6).
1224 1470 1361 1538 Quid
1387 1468 1615 1524 debebat
1635 1468 1796 1523 etiam

204 1573 304 1626 illis
352 1571 457 1625 nisi
513 1568 857 1641 supplicium,
890 1567 1083 1638 quibus
1106 1566 1255 1632 dicit,
1287 1562 1409 1619 Non
1440 1571 1644 1635 propter
1665 1578 1750 1615 vos
1776 1562 1797 1593 ⁸

202 1674 290 1735 ego
318 1662 481 1733 facio,
507 1662 688 1717 domus
717 1660 905 1726 Israel,
935 1660 1022 1714 sed
1043 1668 1247 1730 praptcr
1274 1662 1452 1711 nomen
1479 1670 1645 1711 nteant
1672 1668 1796 1709 san-

202 1765 353 1819 ctum,
400 1754 542 1825 quod
583 1753 896 1824 profanastis
937 1752 990 1806 in
1031 1749 1304 1823 gentibus!
1344 1748 1542 1803 Facere
1570 1762 1698 1816 ergo
1740 1761 1798 1802 se

203 1849 335 1903 dicit
361 1848 504 1903 bona
529 1862 719 1903 eorum
776 1847 830 1900 in
857 1847 1022 1915 ipsis;
1053 1844 1147 1899 sed
1178 1851 1396 1914 propter
1418 1857 1611 1896 nomen
1641 1854 1797 1895 suum

201 1941 339 2011 quod
369 1939 812 2010 profanaveruut,
844 1952 950 1991 non
994 1944 1213 2007 propter
1253 1934 1396 2004 ipsos
1423 1933 1513 2003 qui
1547 1932 1795 2003 profana-

198 2043 427 2088 verunt:
457 2046 581 2086 nam
611 2038 830 2101 propter
864 2030 1010 2099 ipsos
1054 2028 1099 2083 si
1141 2026 1318 2082 facere
1357 2026 1555 2092 vellet,
1595 2022 1800 2093 suppli-

198 2126 336 2180 cium
360 2125 470 2179 illis
497 2124 740 2181 debitum
768 2122 1041 2188 redderet,
1071 2136 1177 2177 non
1205 2119 1429 2191 gratiam
1461 2118 1687 2174 donaret
1718 2118 1798 2172 in-

199 2218 452 2273 debitam.
471 2215 627 2285 Quod
650 2216 794 2273 enim
816 2230 877 2271 se
901 2217 1160 2271 facturum
1177 2214 1325 2281 dicit,
1354 2213 1418 2268 ad
1441 2212 1543 2268 hoc
1570 2211 1800 2282 pertinet

204 2320 268 2365 ut
290 2312 424 2365 bona
466 2309 715 2376 faciant',
744 2325 851 2363 non
877 2308 1000 2379 quia
1026 2306 1152 2364 boni
1178 2316 1329 2361 erant
1355 2306 1443 2377 qui
1477 2304 1796 2376 profanave-

211 2409 333 2458 runt
375 2419 565 2459 nomen
609 2413 853 2458 sanctum
880 2403 1016 2472 ejus.
1050 2401 1286 2471 Denique
1309 2399 1643 2470 apertissime
1670 2395 1799 2453 dicit

204 2512 301 2553 eos
326 2498 462 2553 bona
490 2513 611 2553 esse
639 2497 908 2563 facturos;
941 2495 1036 2551 sed
1063 2509 1121 2550 se
1144 2492 1374 2549 faciente
1396 2501 1453 2547 ut
1479 2506 1541 2547 ea
1569 2492 1794 2546 faciant:

202 2590 271 2643 ait
294 2589 492 2660 quippe
515 2590 660 2644 inter
693 2596 912 2652 cmtera,
943 2580 1012 2641 Et
1043 2585 1231 2659 faciam
1260 2594 1314 2638 ut
1338 2584 1391 2638 in
1410 2582 1800 2654 justi/irationi-

207 2679 297 2735 lues
323 2681 449 2737 meis
481 2682 765 2746 ambuletis,
796 2690 841 2735 et
860 2680 1063 2751 judicia
1088 2695 1201 2731 mea
1223 2676 1489 2731 observetis
1528 2684 1573 2729 et
1598 2676 1797 2747 faciatis

204 2772 408 2841 (Each.
452 2782 638 2840 xxxvr,
685 2771 779 2837 22,
823 2770 940 2841 27).
988 2770 1082 2825 llis
1123 2754 1269 2824 certe
1296 2767 1548 2838 operibus
1591 2780 1797 2821 merces

204 2864 494 2934 imputatur
523 2866 822 2919 secundum
851 2861 1090 2917 debitum
1120 2877 1134 2914 :
1158 2860 1383 2913 debetur
1402 2858 1545 2913 enim
1569 2871 1795 2922 merces,

205 2960 245 3013 si
275 2960 440 3023 liant;
492 2959 587 3013 sed
630 2958 801 3028 gratia
846 2971 964 3027 qua:
996 2971 1098 3009 non
1144 2952 1409 3017 debetur,
1462 2950 1713 3021 praecedit
1741 2959 1799 3004 ut

206 3050 345 3103 bant.
376 3049 638 3114 Debetur,
670 3049 909 3118 inquam,
953 3047 1090 3100 bona
1119 3059 1326 3099 merces
1352 3042 1601 3113 operibus
1628 3040 1798 3095 homi-

206 3154 322 3195 num
353 3140 515 3196 bonis
537 3158 552 3192 :
576 3140 669 3195 sed
713 3153 818 3194 non
849 3138 1074 3193 debetur
1097 3136 1264 3207 gratia
1292 3176 1307 3203 ,
1358 3152 1477 3206 qua:
1524 3134 1667 3205 ipsos
1687 3129 1791 3187 lio-

208 3233 368 3287 mines
391 3232 567 3287 bonos
588 3238 843 3302 operatur
859 3246 922 3285 ex
946 3230 1119 3284 malis.
1140 3229 1419 3285 Postremo
1438 3226 1481 3294 ⁸,
1505 3227 1597 3299 qui
1621 3226 1798 3282 facere

210 3323 369 3381 Deum
393 3323 582 3379 dixisti
607 3322 751 3395 quod
776 3322 955 3388 debet,
982 3329 1037 3377 et
1060 3320 1166 3375 alta
1193 3320 1399 3376 cervice
1428 3321 1657 3374 humana
1688 3334 1800 3374 me-

208 3420 299 3473 rita
323 3417 627 3482 ventilasti,
655 3415 743 3471 di'c
770 3429 973 3486 quaso,
1004 3413 1198 3485 quibus
1223 3413 1427 3468 meritis
1456 3412 1798 3482 parvolorum

207 3507 389 3565 debeat
434 3522 662 3579 regnum
706 3508 991 3562 malorum.
1026 3505 1274 3560 Dicturus
1299 3519 1359 3560 es
1384 3504 1516 3559 forte
1540 3543 1555 3570 ,
1600 3502 1799 3559 debere

208 3600 300 3658 boc
328 3618 450 3658 eum
478 3602 665 3673 gratia:
692 3617 827 3668 suae,
857 3616 957 3669 qua
983 3600 1277 3671 opitulante
1297 3598 1467 3653 renati
1489 3606 1635 3653 sunt.
1663 3596 1797 3653 Pro-

207 3703 314 3764 pter
342 3694 489 3749 banc
532 3694 676 3748 enim
703 3700 975 3763 acceptam
1002 3691 1112 3763 jam
1142 3692 1323 3747 venire
1350 3689 1403 3746 in
1434 3692 1550 3761 ejus
1575 3706 1798 3761 regnum

205 3796 481 3841 merentur
510 3804 526 3842 :
556 3784 651 3840 sed
699 3784 867 3855 ipsam
915 3784 1163 3854 gratiam,
1210 3798 1367 3857 quam
1413 3781 1799 3854 regenerandis

205 3880 435 3943 exhibet,
468 3879 629 3934 nullis
659 3893 845 3933 eorum
864 3877 1083 3933 omnino
1109 3876 1314 3931 meritis
1331 3876 1511 3931 debet.
1546 3877 1800 3947 Propter-

204 3988 258 4029 ea
302 3972 556 4044 Pelagius
597 3982 776 4027 vester
811 3972 864 4026 in
910 3970 1199 4041 episcopali
1248 3969 1449 4041 judicio
1492 3968 1796 4033 Palmstino,

204 4080 291 4121 eos
314 4067 408 4138 qui
454 4066 643 4121 dicunt
668 4068 893 4136 gratiam
939 4065 1032 4120 Dei
1062 4064 1356 4120 secundum
1401 4064 1589 4119 merita
1616 4073 1800 4119 nostra

204 4157 333 4225 dari,
358 4174 427 4213 ne
454 4159 572 4228 ipse
593 4158 963 4224 damnaretur,
990 4157 1245 4212 damnare
1270 4156 1575 4225 compulsus
1595 4164 1677 4211 est
1698 4153 1795 4228 (a):

203 4253 284 4308 ubi
312 4262 369 4308 et
397 4261 451 4308 te
481 4252 678 4322 ipsum,
709 4260 763 4305 et
792 4266 851 4305 se
878 4251 1066 4320 ipsum,
1101 4250 1189 4320 qui
1234 4248 1335 4304 hoc
1359 4249 1536 4305 dicere
1562 4264 1667 4303 non
1692 4250 1790 4305 de-

204 4344 383 4399 sistitis
398 4345 444 4411 ',
491 4344 609 4398 sine
637 4342 968 4398 dubitatione
996 4341 1286 4398 damnavit.
1318 4339 1475 4395 Istam
1522 4342 1743 4411 gratiam
1768 4383 1783 4407 ,

203 4452 321 4493 vere
344 4437 598 4509 gratiam,
626 4436 675 4489 id
699 4445 797 4495 est.
820 4437 1122 4506 gratuitam,
1148 4434 1409 4504 nullisque
1432 4434 1635 4488 meritis
1656 4444 1794 4503 prie-

202 4530 515 4585 cedentibus
542 4529 796 4593 debitam,
822 4527 1230 4583 commendabat
1249 4527 1558 4595 Apostolus,
1586 4527 1799 4597 quando

202 4619 407 4677 dicebat
434 4641 450 4677 :
479 4621 607 4675 Cum
647 4622 778 4675 enim
831 4621 1053 4674 nondum
1099 4620 1208 4673 nati
1253 4628 1445 4683 essent,
1482 4633 1573 4673 nec
1609 4620 1801 4692 aliquid

205 4714 412 4784 egissent
433 4713 556 4766 boni
579 4721 665 4765 aut
696 4712 834 4777 mali,
863 4721 917 4765 ut
942 4711 1214 4765 secundum
1240 4708 1533 4765 electionem
1560 4709 1800 4781 proposi-

202 4814 301 4857 tum
320 4804 418 4859 Dei
450 4813 691 4858 maneret.
727 4803 851 4858 [Luc
879 4810 961 4858 est
990 4802 1185 4857 electio
1208 4843 1223 4865 ,
1258 4799 1323 4855 de
1348 4816 1450 4871 qua
1480 4808 1535 4855 et
1563 4800 1689 4855 illud
1717 4798 1803 4855 di-

203 4896 365 4951 citur:
393 4895 646 4967 Reliquit:
672 4912 762 4967 per
780 4894 1071 4950 electionem
1094 4894 1272 4965 gratia:
1294 4897 1446 4960 [actm
1464 4901 1578 4946 sunt
1598 4908 1616 4945 :
1636 4893 1681 4946 si
1708 4908 1802 4945 au-

208 4996 297 5041 tem
320 4988 515 5060 gratia,
561 4988 675 5059 jam
705 5003 805 5040 non
854 5002 916 5040 ex
940 4985 1206 5056 operibus;
1246 4982 1471 5054 alioquin
1501 4984 1667 5055 gratia
1689 4984 1803 5056 jam

206 5094 299 5131 non
324 5089 396 5134 est
426 5079 614 5151 gratia.
662 5077 812 5133 Unde
837 5086 891 5132 et
918 5078 1024 5143 hic,
1073 5092 1193 5130 cum
1224 5074 1470 5141 dixisset,
1500 5085 1553 5128 ut
1580 5086 1669 5146 per
1697 5078 1800 5130 cle-

208 5172 413 5227 ctlonem
429 5172 746 5245 propositum
762 5169 857 5225 Dei
876 5178 1096 5224 maneret
1112 5186 1130 5236 ;
1146 5168 1397 5225 continuo
1408 5166 1660 5236 subdidit,
1680 5166 1800 5223 Non

266 5348 285 5380 ί
310 5348 603 5410 \‘ignicritts,
631 5352 683 5397 et
723 5354 826 5397 tres
844 5352 974 5399 Mss...
1014 5342 1161 5396 salue
1194 5345 1339 5409 facta:
1370 5350 1497 5394 sunt.
1540 5348 1795 5399 iteaaidus

211 5409 441 5469 praeterit,
466 5409 630 5468 salrw,
651 5411 791 5471 juxta
811 5422 1043 5470 gnat-um.

268 5471 289 5537 ξ
320 5472 403 5537 llic
418 5485 481 5521 ex
506 5472 846 5537 manuscriptis
860 5471 1179 5537 restituimur),
1201 5480 1295 5537 non
1319 5472 1509 5537 propter
1527 5483 1622 5522 vos.

269 5531 292 5563 ³
311 5532 383 5580 sic
397 5540 503 5581 Mss.
524 5542 635 5583 star.
660 5528 785 5582 clari.
811 5539 933 5582 Port.
959 5537 1015 5580 At
1038 5532 1173 5592 ed.ti,
1198 5538 1248 5581 ut
1273 5528 1529 5592 boniliant.

270 5592 291 5657 ξ
312 5593 791 5657 Editi,etpostre1_no.
818 5595 979 5657 Abest,
1003 5598 1065 5652 et,
1090 5602 1236 5657 a_.\!ss.

268 5653 603 5726 ﬁt‘giguierius,
632 5654 718 5726 ubi
738 5660 785 5705 et
805 5661 851 5726 te
872 5654 1031 5726 ipsum
1052 5660 1095 5705 et
1113 5654 1291 5726 ipsum,
1308 5653 1391 5719 qni
1409 5658 1440 5726 Ις
1460 5672 1495 5704 2r
1520 5657 1685 5709 dicere
1700 5671 1801 5726 non

212 5715 450 5787 45mm.
474 5718 751 5787 Iteuardus,
766 5715 844 5767 ubi
867 5715 911 5767 ct
930 5715 1251 5787 tejpstanqni
1274 5715 1362 5768 hoc
1385 5721 1548 5773 dicere
1560 5734 1652 5772 non
1676 5719 1802 5772 dasi-

212 5778 307 5829 ειὶς.
333 5781 579 5830 Emendati
595 5782 714 5829 sunt
739 5792 801 5827 ex
829 5787 932 5827 ιεδδ.
956 5778 1078 5828 alar.
1109 5778 1233 5829 Pori.
1261 5792 1312 5832 et
1336 5789 1443 5833 Mar.

267 5843 340 5905 (α)
360 5845 455 5895 tib.
480 5844 548 5894 dc
570 5843 734 5893 Gestis
752 5840 948 5905 I‘elagii,
971 5856 1052 5890 nn.
1076 5842 1155 5903 50,
1178 5844 1254 5893 ϐυ.

1555 333 1755 391 LIBER
1797 332 2065 391 PRIMUS.

3347 336 3486 400 Ηΰι

1902 466 1966 504 επ
1990 450 2243 521 operibus,
2274 451 2363 507 sed
2376 468 2439 508 ea:
2462 465 2671 508 uocante
2694 455 2880 510 dictum
2898 467 2992 525 est,
3026 456 3162 527 Quia
3190 461 3357 523 major
3380 478 3491 517 scr-

1901 542 1999 596 eiet
2025 542 2211 598 minori
2249 542 2424 615 (Rom.
2453 560 2541 610 rx,
2581 546 2790 617 Ιι-Ιὸ).
2828 547 3027 604 Contra
3058 554 3214 607 istam
3249 553 3491 609 veritatis

1904 634 2083 689 tubam
2114 636 2405 701 reclamas,
2432 640 2488 693 et
2511 637 2675 695 dicis:
2698 653 2718 692 ι
2739 640 2817 695 Ad
2846 640 3222 699 incurvandam
3251 648 3486 702 circnm-

1901 728 2133 782 clsorum
2159 731 2541 800 arrogantiam,
2563 733 2665 786 sub
2692 734 2910 789 nomine
2935 735 3116 804 gratim
3135 738 3325 793 Paulus
3350 755 3483 810 apa-

1902 818 2071 873 stolus
2098 819 2167 876 de
2207 821 2320 877 sola
2361 822 2453 878 Dei
2491 822 2802 894 prrejudicat
2841 834 3121 895 potesmte.
3148 845 3168 879 ι
3223 828 3321 885 Ubi
3355 832 3483 901 quid

1903 910 2037 967 dicis
2056 914 2219 979 aliud,
2249 915 2347 970 nisi
2370 956 2387 983 ,
2418 916 2499 972 Ad
2530 917 2908 973 iucurvandam
2936 918 3372 977 circumcisormn
3401 938 3488 977 ar-

1902 1006 2197 1075 rogantiam
2224 1010 2476 1064 mentitur
2504 1010 2814 1080 Apostolus,
2842 1010 3028 1067 dicens
3057 1028 3161 1067 non
3201 1028 3268 1069 ex
3313 1016 3490 1085 operi-

1904 1095 2002 1151 bus
2029 1097 2279 1154 dilectum
2317 1113 2437 1155 esse
2482 1092 2677 1165 laeui);
2712 1118 2831 1157 cum
2859 1118 2924 1157 ex
2958 1103 3209 1173 Operibus
3254 1106 3322 1160 sit
3360 1107 3494 1161 dile-

1901 1196 2042 1257 ctus,
2070 1191 2191 1262 Quia
2222 1200 2339 1248 erat
2364 1193 2378 1225 ¹
2412 1211 2434 1247 ‹
2460 1195 2670 1265 quietus
2693 1237 2709 1262 ,
2737 1204 2791 1250 et
2817 1197 2981 1260 mitis,
3012 1197 3268 1253 obedicns
3297 1204 3495 1269 parcn-

1904 1292 2013 1339 tum
2043 1288 2349 1357 praeceptis,
2380 1297 2433 1341 et
2460 1289 2937 1343 sanctificationqu
2964 1292 3434 1360 appetentissimus
3463 1312 3482 1344 ι

1904 1376 2137 1450 (Supra,
2180 1395 2295 1449 cap.
2335 1379 2499 1450 152)?
2552 1379 2662 1436 Nec
2711 1380 2994 1452 intelligis,
3034 1399 3137 1437 non
3198 1384 3318 1439 ideo
3364 1386 3489 1455 quia

1906 1470 2024 1523 tdis
2051 1479 2186 1536 erat,
2209 1471 2288 1525 vel
2304 1472 2324 1502 ³
2346 1472 2467 1525 talis
2494 1470 2704 1527 futurus
2725 1480 2860 1539 erat,
2893 1474 3055 1529 fuisse
3075 1466 3326 1530 dilectum
3357 1494 3370 1531 :
3390 1470 3486 1531 sed

1904 1564 2088 1630 talem,
2111 1564 2231 1633 quia
2254 1563 2480 1619 dilectus
2499 1573 2599 1628 est.
2628 1564 2845 1619 factum.
2876 1566 3143 1622 Erubesce
3168 1586 3182 1620 :
3209 1584 3314 1623 non
3341 1585 3493 1624 meu-

1905 1654 2033 1709 tittir
2057 1656 2379 1725 Apostolus;
2414 1669 2517 1711 non
2545 1665 2610 1711 ex
2640 1658 2893 1727 operibus
2916 1655 3081 1715 Jacob
3110 1659 3339 1717 dilectus
3365 1673 3444 1717 est
3468 1679 3485 1728 ;

1902 1748 1948 1803 si
1968 1748 2111 1802 enim
2140 1749 2307 1817 gratia
2330 1792 2343 1816 ,
2380 1748 2490 1820 jam
2519 1764 2624 1805 nou
2654 1765 2721 1806 ex
2748 1752 2998 1821 operibus
3023 1771 3037 1807 :
3061 1753 3157 1809 sed
3196 1755 3365 1826 gratia
3402 1756 3490 1812 di-

1906 1843 2096 1906 lectus,
2130 1843 2317 1898 eadem
2365 1843 2533 1915 gratia
2577 1843 2807 1901 faciente
2836 1846 2989 1902 bouis
3019 1856 3263 1917 oportuit
3290 1860 3347 1904 ut
3375 1852 3492 1921 pol-

1902 1932 2040 1989 leret
2066 1936 2337 2005 operibus.
2365 1934 2532 1992 Parce
2560 1937 2752 1993 anima}
2793 1948 2896 1993 tua:
2916 1980 2930 2004 ,
2959 1939 3067 1993 noli
3092 1953 3213 1997 esse
3240 1942 3490 1999 inimicus

1902 2023 2024 2080 huic
2048 2026 2253 2095 gratim.

1952 2116 2237 2175 CXXXIV.
2259 2118 2376 2175 JuL.
2401 2118 2545 2190 Ergo
2565 2120 2809 2191 superbia
2838 2120 2926 2177 illa
2943 2138 3063 2194 qua:
3079 2124 3288 2180 volebat
3304 2126 3483 2193 otiari,

1899 2224 1955 2270 et
1980 2214 2238 2270 desidiam
2267 2226 2418 2268 suam
2450 2215 2519 2269 ob
2546 2214 2597 2269 id
2623 2214 2803 2270 colore
2830 2216 3164 2272 necessitatis
3188 2217 3483 2285 obnubere,

1901 2318 1959 2364 ut
1985 2309 2037 2363 in
2064 2307 2402 2377 susceptione
2426 2306 2671 2361 Gentium
2702 2306 3015 2362 reclamaret
3044 2308 3363 2379 Evangelia;
3393 2324 3490 2365 au-

1899 2401 1979 2456 dit
2005 2400 2254 2472 quoniam
2276 2399 2297 2431 ³
2322 2399 2420 2453 etsi
2449 2399 2526 2453 sic
2552 2409 2695 2454 esset
2722 2398 2991 2468 quomodo
3011 2407 3067 2454 tu
3086 2403 3487 2467 commentaris,

1902 2500 2081 2548 tamen
2124 2491 2421 2561 supplicare
2453 2492 2582 2556 Deo,
2630 2506 2732 2545 non
2765 2490 3081 2546 seditionem
3124 2494 3363 2549 excitare
3392 2493 3489 2549 de-

1901 2582 2058 2638 beres
2081 2600 2093 2635 :
2122 2583 2313 2653 quibus
2341 2582 2517 2637 verbis
2542 2582 2831 2653 nequitiam
2857 2582 3091 2637 retundit
3116 2582 3367 2651 hominis,
3399 2586 3490 2655 qui

1899 2675 2261 2732 diversitatem
2307 2678 2618 2730 meritorum
2660 2691 2726 2731 ex
2768 2677 3058 2732 voluntatis
3092 2677 3347 2747 qualitate
3391 2695 3487 2733 ve-

1902 2768 2136 2824 nientem
2157 2808 2173 2833 ,
2205 2776 2477 2838 aucupans
2508 2768 2822 2824 elocutionis
2864 2769 3168 2839 ambiguum
3191 2814 3206 2839 ,
3239 2771 3357 2827 ideo
3392 2790 3486 2827 ne-

1900 2860 2133 2915 cessitati
2178 2859 2369 2914 divina:
2410 2860 2703 2914 conabatur
2739 2859 3080 2927 adscribere,
3126 2872 3184 2917 ut
3222 2873 3494 2919 assereret

1901 2970 2121 3010 necesse
2146 2969 2266 3009 esse
2305 2954 2531 3009 altermu
2560 2954 2625 3007 de
2653 2953 2860 3008 duobus
2879 2994 2895 3022 ,
2928 2953 2978 3008 id
3008 2964 3124 3022 εει,
3154 2966 3245 3011 aut
3285 2956 3490 3012 Ccttlt's

1901 3047 1967 3102 ad
2009 3046 2377 3117 promissionis
2421 3063 2525 3100 non
2560 3050 2741 3103 venire
2780 3048 3145 3115 consortium,
3176 3059 3269 3105 aut
3310 3052 3354 3105 si
3388 3051 3490 3106 hoc

1902 3142 2087 3198 liceret
2113 3142 2245 3208 Deo,
2265 3142 2527 3212 exstingui
2555 3141 2726 3196 ofﬁcia
2755 3141 2934 3197 liberm
2960 3142 3267 3198 voluntatis.
3293 3144 3488 3200 Verum

1901 3236 2025 3307 quia
2067 3236 2118 3291 id
2163 3252 2266 3290 non
2310 3234 2607 3289 sufﬁciebat
2640 3234 2887 3305 negotio;
2931 3244 3103 3306 neqiie
3142 3237 3283 3290 cnim
3332 3251 3360 3290 a
3404 3238 3493 3292 tali

1902 3330 2157 3400 magistro
2181 3372 2195 3395 ,
2225 3328 2361 3383 sicut
2402 3328 2876 3382 commendabatur
2903 3327 3192 3382 auctoritas
3242 3328 3371 3393 Dei,
3420 3330 3493 3384 ita

1899 3432 2018 3480 erat
2043 3422 2315 3479 indefensa
2336 3420 2678 3491 relinquenda
2697 3420 2898 3492 justitia
2924 3439 2937 3475 :
2961 3420 3138 3476 subdit
3158 3436 3495 3492 consequen-

1904 3514 2109 3570 tisslme
2135 3556 2149 3581 ,
2179 3527 2301 3567 vasa
2345 3523 2463 3583 qua:
2494 3511 2547 3567 in
2586 3512 2909 3567 contumelia
2941 3521 2995 3567 et
3029 3528 3148 3583 qum
3191 3512 3242 3567 in
3290 3511 3494 3569 honore

1904 3604 2056 3673 liunt,
2088 3603 2287 3660 habere
2314 3604 2415 3659 hoc
2440 3603 2507 3659 de
2532 3603 2761 3674 propria:
2791 3602 3057 3673 stipendio
3086 3604 3396 3659 voluntatis.
3430 3603 3493 3659 Si

1902 3699 2036 3753 enim
2065 3697 2203 3752 Deus
2247 3698 2414 3751 volens
2441 3696 2701 3751 ostendere
2735 3696 2899 3763 iram,
2932 3704 2978 3752 et
3004 3706 3174 3750 notam
3212 3700 3380 3768 facere
3405 3712 3497 3767 po-

1903 3792 2109 3846 tentiam
2139 3808 2283 3845 suam
2320 3790 2371 3845 in
2401 3788 2559 3844 multa
2588 3789 2828 3860 patientia
2848 3831 2861 3855 ,
2890 3790 2941 3843 in
2968 3791 3098 3844 vasis
3124 3790 3233 3855 ine,
3257 3806 3496 3844 consum-

1904 3882 2052 3937 matis
2082 3883 2133 3937 in
2164 3882 2496 3952 perditionem
2520 3890 2604 3937 :cl
2634 3891 2689 3935 ut
2719 3886 2862 3935 notas
2887 3886 3093 3953 faceret,
3126 3882 3327 3952 inquit,
3360 3882 3491 3935 divi-

1905 3978 2001 4032 tias
2032 3976 2208 4048 glorire
2233 3991 2339 4029 sua:
2376 3977 2428 4029 in
2456 3977 2585 4030 vasis
2626 3976 3017 4044 misericorditc,
3049 3993 3163 4046 qua:
3187 3977 3494 4049 prwpararit

1903 4070 1955 4124 in
1982 4070 2217 4142 gloriam,
2247 4085 2371 4139 quos
2396 4078 2440 4123 et
2468 4069 2659 4123 vocavit
2688 4082 2799 4133 nos,
2831 4086 2929 4123 non
2961 4070 3127 4123 solum
3153 4085 3215 4124 ea:
3255 4068 3487 4137 Judwis,

1902 4162 1992 4217 sed
2016 4164 2166 4217 etiam
2189 4178 2251 4215 ea:
2280 4160 2518 4215 Gentibus
2546 4160 2719 4233 (Rom.
2748 4176 2819 4221 ix.
2852 4160 2924 4215 92
2950 4160 3066 4231 il).
3100 4160 3259 4216 Ccrte
3289 4160 3373 4215 hic
3404 4160 3499 4215 ab-

1904 4254 2081 4318 solvit,
2107 4252 2245 4323 quod
2274 4254 2518 4323 superior
2539 4248 2817 4307 conﬂictus
2845 4261 3147 4323 apcrm'rat.
3178 4270 3283 4307 non
3307 4251 3494 4309 inferri

1904 4362 1934 4403 a
1964 4350 2073 4404 Deo
2111 4348 2243 4403 iram
2274 4347 2376 4402 nisi
2416 4346 2500 4401 bis
2530 4346 2671 4402 vasis
2712 4362 2830 4416 qum
2857 4346 2921 4398 ad
2964 4347 3315 4418 perditionem
3360 4362 3495 4400 con-

1905 4450 2167 4496 summata
2199 4440 2424 4504 fuerint;
2455 4437 2677 4510 gloriam
2699 4448 2875 4491 autem
2902 4437 3015 4491 dari
3045 4437 3125 4490 bis
3151 4454 3267 4506 qua:
3296 4437 3359 4490 ad
3392 4436 3495 4491 hoc

1905 4540 2101 4595 fuerint
2131 4545 2442 4609 pra'parata.
2484 4535 2528 4589 A
2571 4548 2677 4605 quo
2719 4544 2895 4589 autem
2931 4547 3053 4586 vasa
3094 4531 3394 4601 liujusmodi
3442 4532 3495 4586 iu

1906 4631 2299 4701 Susceptiouem
2320 4629 2507 4683 herum
2531 4643 2648 4695 qua:
2664 4624 2895 4680 diximus
2914 4633 3299 4694 prmparentur,
3327 4623 3495 4693 ipsius

1906 4723 2145 4794 Apostoli
2185 4736 2364 4776 sermo
2406 4717 2672 4790 patefecit.
2707 4715 2774 4771 In
2821 4733 3007 4788 magna
3030 4758 3045 4783 ,
3075 4716 3279 4787 inquit,
3311 4717 3494 4783 domo,

1907 4831 2007 4867 non
2036 4823 2150 4867 sunt
2178 4809 2523 4883 tantummodo
2549 4812 2669 4862 vasa
2694 4826 2850 4862 aurea
2875 4818 2920 4861 ct
2946 4818 3203 4879 argentea,
3236 4809 3324 4863 sed
3361 4819 3407 4862 et
3436 4810 3500 4862 li-

1905 4924 2035 4980 gnea
2061 4912 2104 4959 et
2129 4904 2337 4976 ﬁctilia;
2366 4904 2469 4957 alia
2495 4901 2695 4972 quidem
2722 4902 2775 4955 in
2807 4902 3069 4968 honorem,
3100 4900 3203 4954 alia
3232 4902 3285 4954 in
3313 4911 3500 4955 contu-

1906 4999 2127 5053 meliam.
2159 4997 2219 5052 Si
2261 5012 2379 5068 ergo
2408 4993 2721 5049 mandaverit
2759 4994 2870 5065 quis
2911 4993 3231 5064 semetipsum
3275 4993 3338 5047 ab
3380 4994 3494 5056 Iris,

1907 5093 1999 5145 erit
2043 5107 2129 5144 ras
2174 5089 2227 5143 in
2258 5089 2497 5143 honorem
2541 5085 2943 5155 sanctiﬁcatum,
2986 5084 3106 5139 utile
3144 5085 3395 5151 Domino,
3429 5085 3496 5137 ad

1906 5195 2055 5237 omne
2080 5196 2207 5250 Opus
2235 5179 2419 5233 bonum
2450 5187 2683 5249 paratum
2713 5176 2779 5247 (ll
2812 5174 2940 5229 Tim.
2977 5191 3012 5232 ιι
3030 5218 3046 5243 ,
3072 5175 3165 5243 20,
3192 5174 3309 5246 21).

1977 5278 2111 5331 AUG.
2144 5264 2288 5343 Ergo
2316 5272 2426 5342 ipsa
2458 5282 2581 5325 vasa
2610 5269 2679 5323 ita
2700 5283 2759 5323 se
2782 5275 3099 5338 pratparant,
3123 5276 3181 5321 ut
3210 5267 3398 5321 frustra
3422 5264 3490 5320 de

1910 5369 2018 5424 Deo
2043 5367 2244 5422 dictum
2268 5366 2357 5430 sit,
2384 5379 2498 5434 qua:
2512 5363 2817 5435 pricparavit
2844 5363 2895 5416 in
2925 5360 3183 5432 gloriam?
3203 5359 3316 5414 Hoc
3340 5358 3485 5413 enim

1908 5458 2245 5532 apertissime
2287 5456 2422 5513 dicis
2452 5472 2465 5512 :
2491 5470 2588 5511 nec
2632 5453 2886 5528 intelligis
2928 5454 2999 5510 ita
3020 5452 3215 5508 dictum
3244 5464 3387 5514 esse,
3431 5449 3493 5504 Si

1970 5657 1985 5690 ί
2012 5659 2085 5705 Sic
2102 5664 2207 5706 uss.
2233 5655 2351 5706 aditi
2368 5667 2504 5713 vero,
2530 5651 2614 5718 qni
2634 5657 2755 5718 erat.

1968 5720 1989 5749 ¹
2006 5719 2164 5769 Codex
2192 5727 2299 5767 ttar.
2328 5710 2563 5780 prseterit',
2587 5714 2697 5780 talis
2720 5718 2842 5773 erat,
2867 5710 2958 5762 vel.
3046 5768 3074 5780 η

1970 5782 1991 5812 ³
2016 5782 2087 5830 sic
2271 5769 2340 5830 Δι’
2358 5779 2492 5841 editi,
2540 5769 2807 5828 reclmnare
2831 5769 3104 5835 ’litwngelio
3132 5769 3351 5832 auderet,
3378 5780 3493 5837 qner-

1905 5856 2049 5893 mam.
