4014 6500
559 316 576 368 1
598 314 692 369 i715

552 431 662 495 quis
686 427 997 483 mandaverit
1041 426 1378 495 semetipsum,
1409 434 1465 479 nt
1501 425 1876 480 ostenderetur
1900 432 1954 478 et
1995 436 2129 492 opus

553 520 784 576 hominis
826 535 921 589 per
941 519 1261 572 voluntatem
1296 535 1308 571 :
1340 515 1456 582 sed,
1489 518 1691 585 ingrate
1719 516 1898 578 homo,
1929 531 2130 586 praepa-

552 623 695 666 ratur
737 611 966 665 voluntas
987 627 1017 662 (ι
1050 609 1266 662 Domino
1296 606 1473 678 (Prov.
1507 623 1618 672 vtu,
1652 624 1751 661 sec.
1775 606 1974 672 LXX);
2011 606 2132 661 ideo

552 713 836 772 utrumque
865 716 1051 756 verum
1075 709 1176 762 est,
1205 707 1260 752 ct
1299 698 1420 768 quia
1452 699 1590 754 licus
1612 707 1878 766 prmparat
1913 712 2038 751 vasa
2079 695 2130 751 in

550 794 792 864 gloriam.
817 801 872 848 ct
891 792 1012 863 quia
1040 792 1149 861 ipsa
1173 807 1231 845 se
1259 799 1574 860 pneparant.
1603 790 1670 845 Ut
1689 789 1829 845 enim
1852 788 2006 844 faciat
2033 789 2132 842 ho-

553 902 662 952 mo,
697 885 836 942 Deus
865 883 1026 947 facit;
1051 881 1171 953 quia
1197 890 1250 935 ιιι
1273 881 1458 951 diligat
1497 880 1678 946 homo,
1719 881 1856 935 Deus
1886 881 2029 948 prior
2052 879 2136 934 di-

553 981 686 1048 ligit.
720 979 858 1048 Lege
888 976 1221 1031 Ezechielem
1244 975 1259 1006 ¹
1294 973 1628 1044 prophetam,
1674 973 1812 1027 unde
1838 971 1979 1042 quod
2005 973 2134 1026 satis

553 1073 725 1125 visunt
757 1081 838 1124 est
877 1085 1035 1139 supra
1084 1067 1494 1122 commemoravi
1535 1051 1772 1138 (Supra,
1799 1082 1913 1134 cap.
1963 1063 2084 1134 I33)
2117 1081 2130 1118 :

527 1167 650 1219 .ista
679 1164 837 1219 etiatn
875 1161 1076 1216 verba’
1103 1161 1371 1229 reperies.
1424 1159 1472 1213 id
1512 1168 1613 1225 est,
1655 1160 1817 1213 Deum
1863 1159 2036 1213 facere
2076 1164 2135 1212 ut

539 1265 814 1325 priet-epla
857 1255 974 1323 ejus
1019 1253 1260 1307 homines
1302 1251 1513 1316 faciant,
1563 1266 1787 1322 quorum
1829 1251 2130 1316 miSeretnr,

555 1365 659 1402 non
694 1356 910 1417 propter
931 1345 1118 1399 merita
1157 1359 1363 1408 eorum,
1393 1359 1510 1411 ane
1539 1343 1674 1396 mala
1705 1342 1774 1395 ibi
1819 1357 1937 1396 esse
1982 1356 2134 1396 com-

555 1447 834 1503 memorat,
864 1437 955 1493 scd
985 1447 1200 1505 propter
1224 1452 1415 1490 nomen
1447 1451 1634 1500 suum;
1665 1443 1721 1488 nt
1748 1435 1853 1488 Deo
1878 1434 1995 1490 sine
2025 1449 2136 1490 me-

531 1533 670 1590 .ritis
719 1545 902 1586 eorum
956 1528 1179 1583 faciente
1229 1536 1284 1580 ttt
1329 1525 1524 1580 faciam
1570 1534 1832 1594 praecepta
1872 1525 2008 1594 ejus,
2057 1526 2135 1580 itt-

553 1625 600 1676 ci
608 1623 749 1691 piant
762 1621 944 1675 merita
958 1618 1216 1672 bonorum
1241 1617 1432 1670 habere
1446 1616 1722 1670 factorum.
1743 1616 1864 1669 llare.
1877 1627 1951 1670 est
1970 1617 2134 1686 gratia

553 1731 712 1787 quam
743 1713 965 1783 negatis,
986 1727 1088 1767 non
1118 1728 1182 1766 ex
1207 1711 1452 1782 operibus
1478 1725 1594 1779 qure
1620 1709 1868 1768 fiuntsed
1902 1717 1957 1762 nt
1988 1709 2131 1763 fiant.

625 1804 888 1861 CXXXV.
931 1803 1050 1858 JUL.
1081 1804 1217 1858 l-Iccc
1239 1801 1470 1856 oftieium
1497 1800 1676 1854 liberm
1704 1801 2018 1854 voluntatis:
2051 1799 2132 1867 Si,

554 1899 744 1970 inquit,
780 1896 1095 1950 mundat'erit
1145 1894 1255 1963 quis
1292 1892 1612 1961 semetipsum
1639 1905 1669 1943 ιι
1699 1890 1952 1945 societate
1979 1906 2135 1946 vaso-

554 2009 670 2048 rum
698 1991 879 2046 vilium
909 1990 1039 2060 (quo
1063 1987 1278 2041 nomine
1306 1986 1429 2039 vitia
1457 1982 1824 2054 denotamur),
1855 1984 1948 2037 erit
1975 2000 2060 2038 oas
2083 1983 2136 2038 in

555 2085 797 2138 honorem
844 2080 1235 2148 sanctiﬁcatum,
1287 2077 1408 2130 utile
1450 2075 1689 2138 Domino,
1733 2073 1802 2128 ad
1840 2091 1984 2128 omne
2008 2090 2136 2142 opus

557 2177 739 2230 bonum
769 2183 1019 2244 paratum.
1044 2171 1165 2224 llaec
1191 2170 1349 2239 igitur
1378 2183 1521 2231 vasa,
1546 2167 1736 2221 studiis
1763 2166 2014 2240 propriis,
2044 2173 2136 2220 aut

556 2266 622 2322 ad
655 2266 807 2326 iram,
837 2271 928 2318 aut
969 2261 1035 2316 ad
1065 2261 1290 2330 gloriam
1334 2267 1700 2329 praeparantur
1733 2275 1746 2311 :
1777 2257 1917 2310 Deus
1957 2265 2134 2310 autem

557 2367 738 2412 notam
766 2354 886 2408 facit
914 2351 1379 2422 potentiamlsuatn
1410 2349 1462 2402 in
1489 2357 1737 2417 utroque,
1767 2346 1848 2401 vel
1878 2347 2138 2401 severita-

557 2461 664 2504 tem
691 2449 743 2502 itt
773 2447 964 2515 impios
988 2444 1008 2476 ³
1038 2442 1356 2507 cxsercndo,
1389 2441 1470 2493 vel
1512 2440 1935 2495 benedictionem
1969 2439 2139 2493 fideli-

556 2543 656 2598 bus
713 2537 1006 2610 largiendo.
1075 2535 1336 2608 Apparuit
1387 2535 1562 2604 itaque
1629 2534 1762 2588 ltanc
1821 2533 2137 2588 sententiam

556 2630 752 2703 egregii
785 2629 1148 2700 prmceptoris,
1174 2644 1270 2680 nec
1291 2626 1590 2680 Matth-lueis
1616 2641 1769 2697 apem
1792 2626 2035 2680 sensibus
2054 2634 2137 2680 at-

559 2723 763 2788 tulisse,
793 2731 845 2775 ct
873 2736 900 2774 e
921 2719 1134 2774 diverso
1163 2735 1259 2774 nos
1287 2727 1674 2788 consequenter
1693 2731 1949 2772 armasse.

628 2814 762 2870 Avo.
803 2811 938 2880 Quid
959 2810 1317 2875 calumniaris,
1349 2809 1473 2880 quid
1503 2810 1632 2864 falso
1674 2811 1995 2876 criminaris,
2041 2823 2139 2864 nec

557 2919 692 2974 quos
719 2912 774 2958 et
799 2903 986 2973 quales
1009 2901 1261 2956 Ecclesia:
1289 2899 1848 2954 doctorescrimineris
1873 2900 2140 2954 attendis?

556 2994 674 3050 Non
705 2993 1011 3064 cujusquam
1039 2991 1334 3057 Manichasi,
1370 2990 1460 3045 sed
1488 2992 1654 3045 sancti
1681 2990 1944 3045 Ambrosii
1965 2981 2140 3047 verbis

559 3085 651 3140 tibi
679 3084 976 3154 reSjtondco
1005 3099 1018 3138 :
1053 3101 1072 3135 ι
1109 3083 1246 3137 Dens
1271 3097 1404 3152 quos
1431 3079 1676 3152 dignatur
1699 3091 1868 3146 vocat,
1899 3093 1952 3136 et
1980 3095 2139 3152 quem

555 3179 671 3234 vult
693 3177 992 3248 religiosum
1019 3175 1141 3231 facit
1169 3195 1187 3228 ι
1226 3174 1362 3245 (Lib.
1393 3176 1447 3241 7,
1476 3175 1526 3228 in
1555 3173 1680 3228 Luc.
1713 3190 1787 3240 ιι,
1814 3172 1924 3246 ἑ8).
1955 3175 2066 3229 lloc
2088 3176 2138 3229 in

557 3270 781 3324 veritate
808 3268 951 3329 facit,
985 3268 1086 3322 hoc
1112 3269 1162 3322 in
1194 3267 1412 3322 veritate
1433 3267 1822 3337 Scripturarmn
1843 3267 2138 3322 divinarum

559 3361 818 3416 intellexit
847 3361 1156 3415 Ambrosius
1190 3378 1203 3414 :
1234 3359 1327 3413 sed
1370 3359 1644 3429 judicium,
1689 3374 1809 3413 cum
1834 3358 1966 3414 alios
1995 3358 2136 3426 facit,

559 3462 615 3507 et
639 3453 770 3506 ali0s
797 3467 900 3504 non
930 3451 1070 3515 facit,
1107 3451 1372 3505 occultum
1401 3459 1500 3504 est.
1533 3451 1755 3522 Propter
1784 3451 1922 3521 quod
1951 3451 2142 3506 dicitur

564 3545 761 3600 nomini
813 3559 907 3614 per
953 3543 1242 3606 hominem,
1286 3544 1378 3598 sed
1402 3540 1422 3573 "
1453 3559 1556 3596 non
1588 3542 1654 3596 ab
1687 3543 1935 3597 homine:
1972 3543 2015 3596 0
2046 3544 2140 3597 ho-

565 3655 666 3703 mo,
716 3649 768 3690 tu
805 3631 915 3708 quis
939 3654 1010 3704 es,
1051 3637 1135 3707 qui
1165 3636 1467 3706 respondeas
1512 3632 1662 3690 Deo?
1708 3635 1972 3706 Numquid
2021 3637 2142 3690 dicit

562 3733 854 3802 figmentum
889 3724 933 3784 ei
961 3731 1047 3800 qui
1071 3746 1124 3783 se
1152 3730 1300 3798 ﬁnxit
1319 3771 1333 3794 ,
1367 3728 1501 3794 Quid
1530 3745 1607 3782 me
1635 3728 1796 3798 fecisti
1815 3729 1886 3782 sic
1907 3729 1933 3782 Σ)
1962 3730 2142 3783 Annon

562 3824 705 3878 habet
726 3832 1016 3896 potestatem
1036 3822 1224 3893 ﬁgulus
1239 3821 1351 3888 luti,
1370 3838 1431 3875 ea:
1451 3813 1620 3876 eadem
1639 3836 1802 3874 ntassa
1819 3825 1984 3891 facere
2000 3821 2144 3874 aliud

562 3930 648 3972 vas
675 3917 723 3969 in
748 3916 1004 3977 honorem,
1029 3915 1170 3968 aliud
1186 3915 1235 3968 in
1253 3913 1604 3969 contumeliam
1624 3915 1799 3979 l(Rom.
1820 3930 1892 3980 Ix,
1911 3907 2000 3980 90,
2022 3907 2083 3967 21

564 4012 728 4066 Aufer
763 4019 878 4062 tuas
908 4007 1125 4062 nebulas
1151 4007 1218 4061 ab
1257 4007 1477 4061 istorum
1519 4008 1804 4061 serenitate
1833 4006 2140 4074 verborum,

562 4104 757 4174 quibus
788 4101 878 4155 Dei
924 4099 1138 4170 quidem
1176 4097 1432 4168 judicium
1475 4097 1800 4167 significatur
1837 4099 2141 4162 occultum;

563 4195 658 4248 sed
689 4195 797 4266 ipsa
831 4199 938 4246 tam
959 4191 1098 4246 clara
1129 4198 1274 4257 sunt,
1316 4199 1371 4244 ut
1391 4205 1449 4245 sc
1480 4201 1564 4243 tua
1595 4186 1816 4258 caligine
1837 4189 2141 4243 obttmhrari

562 4285 943 4355 obscurat-ique
968 4299 1072 4338 non
1097 4283 1294 4338 sinant.

539 4443 542 4446 ἢ
633 4368 917 4434 CXXXVI.
957 4374 1072 4430 JeL.
1119 4375 1195 4429 Ac
1241 4389 1336 4444 per
1360 4372 1534 4427 hocet
1562 4369 1650 4427 tibi
1681 4372 2022 4428 vehementer
2046 4369 2144 4427 oh-

565 4471 687 4526 nisa
730 4476 833 4532 cst,
878 4467 1082 4532 dicens,
1124 4481 1228 4519 non
1273 4479 1459 4518 omnes
1498 4463 1618 4533 fingi
1661 4465 1712 4518 in
1741 4459 2144 4519 condemnatio-

565 4577 708 4626 nem,
737 4561 790 4616 itt
817 4574 974 4630 quam
997 4567 1052 4612 tu
1081 4571 1268 4612 omnes
1289 4557 1365 4611 ire
1393 4557 1720 4626 pronuntias.
1754 4548 2146 4610 Absurtlissitne

563 4662 741 4708 autent
768 4650 1124 4721 argumentari
1152 4649 1312 4714 soles,
1344 4657 1401 4702 ut
1423 4645 1590 4712 dicas,
1613 4640 1715 4702 Sed
1736 4647 1788 4701 hi
1815 4664 1918 4701 nott
1942 4646 2147 4719 lingnno

543 4746 655 4799 'tnr
684 4743 736 4797 in
766 4741 1285 4808 condemnationem,
1332 4741 1422 4810 qui
1455 4749 1632 4810 pestea
1660 4739 1950 4795 liberantur
1982 4758 1994 4792 :
2023 4755 2145 4794 cum

567 4851 664 4889 nec
696 4833 772 4887 sic
796 4834 964 4903 possit
991 4832 1252 4885 sermonis
1281 4830 1554 4902 apostolici
1583 4831 1673 4884 tibi
1718 4832 1800 4886 vel
1839 4831 2148 4900 superficies

567 4928 873 4983 convenire.
905 4925 1034 4980 Nam
1062 4940 1182 4979 cum
1211 4925 1343 4980 dicis
1393 4934 1468 4990 ttt,
1500 4926 1698 4979 Omnes
1727 4925 1778 4979 itt
1824 4925 2150 4979 condemna-

567 5021 766 5074 tionem
797 5027 1046 5072 creaatur
1077 5016 1191 5087 lege
1217 5015 1488 5082 nascendi,
1526 5015 1617 5070 sed
1661 5015 1818 5086 aliqui
1847 5015 1990 5079 inde,
2019 5015 2142 5069 licet

567 5108 906 5182 perexigui’,
957 5107 1224 5181 mysteriis
1270 5108 1594 5174 liberantur;
1641 5123 1744 5161 tton
1792 5105 1892 5160 hec
1943 5107 2140 5159 asseris

632 5287 650 5318 ⁸
675 5282 954 5346 Menardus,
999 5279 1102 5346 lege
1129 5280 1268 5346 imi/tr
1298 5279 1602 5346 risechiclent.
1627 5283 1842 5346 Erratum
1863 5278 2146 5346 profectum

565 5361 631 5398 ex
667 5360 730 5397 eo
750 5345 880 5410 quod
916 5346 963 5393 in
984 5341 1404 5410 veieribusl'thris
1434 5344 1676 5404 scribitur,
1710 5341 2042 5394 hezecltielent.
2069 5344 2146 5393 vl-

566 5403 787 5474 gnierius
802 5406 924 5474 loco,
938 5403 1064 5474 inihi
1077 5442 1105 5474 ,_
1119 5403 1584 5474 posuit,_diligentcr.

629 5471 800 5538 ξεᾲἱιί,
822 5471 901 5520 uti
931 5467 1021 5538 ista
1040 5464 1185 5538 etiam
1208 5468 1366 5538 verba.
1383 5464 1546 5526 Abest,
1565 5464 1664 5527 ubi,
1683 5477 1711 5515 a
1734 5475 1838 5517 axes.

629 5534 650 5565 ³
672 5534 746 5581 sic
765 5529 869 5581 tttss.
897 5531 1034 5588 aditi,
1053 5529 1103 5580 in
1127 5529 1302 5590 impiis.

626 5593 648 5625 ⁸
672 5595 755 5642 mc
767 5601 998 5702 ιξιιιιιιοιιιιι
1040 5589 1273 5642 librorum
1301 5592 1585 5642 auctoritate
1621 5591 1866 5651 addimus,
1891 5603 1976 5655 per
1998 5589 2149 5642 homi-

626 5667 692 5702 ιιι.
716 5666 765 5702 se
807 5690 818 5702 .
1096 5696 1101 5702 .

565 5667 692 5704 nam.
716 5666 800 5702 sea
807 5690 818 5702 .
1096 5696 1101 5702 .

951 5696 1101 5785 aliqui
1134 5712 1354 5766 videlicet
1394 5713 1644 5781 perexigui
1699 5725 1802 5768 Mss.
1823 5753 1836 5778 ,
1876 5715 1963 5766 sed
2002 5711 2153 5778 aliqui

563 5774 695 5835 inde,
719 5775 826 5826 licet
846 5774 1113 5840 perexigtt'.

1211 307 1454 364 OPi-leiS
1495 307 1902 362 lilPERFliCTI
1944 306 2210 362 CONTRA
2250 307 2608 376 ιυιιιΝωι,
2647 309 2702 366 S.
2746 313 3108 370 AUCL‘STINI

3661 325 3783 383 H36

2239 422 2379 492 quod
2412 423 2518 485 ille.
2572 426 2659 494 qui
2692 441 2795 480 non
2835 431 3007 482 solum
3036 428 3103 483 de
3145 428 3506 487 condemnatis
3551 435 3784 495 liberari'

2238 515 2508 587 praedicat.
2531 535 2714 574 verum
2735 536 2840 576 non
2862 537 3047 576 omnes
3073 522 3124 576 in
3151 522 3632 584 condemnationem
3653 534 3784 604 litigi,

2237 607 2331 662 sed
2358 608 2491 663 alios
2514 609 2572 664 in
2600 611 2996 678 contmneliam,
3028 612 3162 668 alios
3193 613 3244 668 in
3273 613 3546 672 honorem.

2309 701 2443 758 Avo.
2477 701 2574 758 Ubi
2603 703 3071 774 dixitApostolus,
3121 703 3206 759 Ea:
3229 719 3328 759 uno
3343 722 3510 763 omnes
3546 710 3596 764 in
3620 714 3790 770 condc-

2241 794 2549 847 ntnatt'onem
2565 794 2740 864 (Rom.
2755 811 2810 861 ν,
2827 794 2916 867 I6)
2943 811 2958 859 ;
2980 795 3146 865 i
3162 811 3386 852 massam
3412 799 3788 873 demonstravit,

2239 900 2357 955 qua:
2380 893 2485 940 tota
2507 887 2685 941 vitiata
2712 903 2776 942 ex
2810 887 2976 943 Adam
3008 889 3158 944 ﬂuxit
3184 905 3200 942 ε
3229 890 3314 945 ubi
3354 900 3530 948 autem
3554 893 3687 960 dicit,
3725 913 3788 951 ex

2241 976 2325 1030 illa
2346 975 2467 1031 fieri
2502 993 2626 1032 vasa
2657 978 2708 1032 in
2737 977 3015 1045 honorem,
3057 981 3278 1050 gratiam
3313 984 3659 1051 commendat,
3701 997 3791 1056 qua

2241 1065 2486 1122 homines
2513 1083 2646 1138 quos
2667 1079 2834 1132 creat,
2867 1070 3026 1125 etiam
3059 1071 3284 1138 liberat;
3325 1073 3411 1127 ubi
3442 1089 3585 1140 vero,
3628 1091 3690 1131 ex
3714 1078 3790 1133 illa

2241 1158 2355 1214 fieri
2387 1174 2510 1214 vasa
2537 1160 2588 1215 in
2615 1162 3013 1229 contumeliam,
3037 1163 3290 1232 judicium
3319 1166 3566 1232 ostendit,
3588 1184 3686 1236 quo
3709 1168 3792 1224 ho-

2241 1253 2431 1318 mines,
2461 1253 2702 1323 quamvis
2731 1264 2894 1319 crcet,
2931 1264 3228 1311 nontamen
3253 1257 3455 1311 liberat.
3485 1259 3630 1326 Quod
3650 1261 3791 1315 etiam

2239 1359 2336 1399 vos
2361 1344 2427 1399 de
2454 1346 2687 1414 parvulis
2713 1346 2965 1416 cogimini
2995 1347 3257 1413 confiteri,
3279 1363 3503 1417 quorum
3537 1360 3678 1405 certe
3695 1368 3797 1406 om-

2242 1434 2385 1488 nium
2413 1450 2569 1488 unam
2590 1449 2710 1490 esse
2733 1450 2960 1490 massam
2983 1452 3087 1490 non
3111 1437 3331 1505 potestis
3351 1453 3558 1507 negare.
3581 1439 3794 1508 qualem-

2240 1529 2367 1584 libct
2387 1545 2504 1584 eam
2531 1531 2727 1599 putetis
2760 1549 2773 1586 :
2803 1543 2869 1585 ex
2901 1547 3001 1600 qua
3031 1538 3207 1584 tamen
3234 1531 3370 1585 alios
3398 1531 3449 1586 in
3481 1532 3570 1586 Dei
3596 1547 3794 1602 regnum

2238 1620 2477 1689 adoptari
2508 1619 2764 1684 fatemini,
2791 1635 2927 1690 quos
2949 1621 3312 1690 proculdubio
3340 1635 3463 1674 vasa
3487 1622 3538 1674 in
3562 1619 3794 1676 honorem

2241 1712 2372 1765 facta
2399 1712 2728 1777 conceditis;
2759 1713 2896 1768 alios
2919 1729 3047 1768 vero
3092 1729 3196 1768 non
3220 1713 3485 1784 adepturi,
3527 1730 3657 1784 quos
3675 1715 3795 1770 facta

2239 1817 2363 1856 vasa
2395 1802 2446 1856 in
2490 1802 2884 1870 contumeliam,
2919 1802 3020 1856 nisi
3061 1802 3420 1873 intelligentcr
3455 1804 3793 1868 consentiatis,

2241 1893 2577 1965 impudenter
2620 1894 2843 1965 negatis.
2894 1894 3078 1964 Neque
3126 1895 3290 1961 enim,
3343 1894 3518 1949 sinon
3559 1905 3640 1950 est
3677 1895 3796 1950 ista'

2240 2003 2396 2057 poena
2417 1987 2793 2052 damnationis,
2836 1988 2974 2043 sicut
3004 1988 3183 2050 vultis,
3212 2004 3322 2043 non
3343 1988 3447 2043 erit
3480 1987 3661 2042 saltem
3685 2001 3800 2042 eon-

2241 2080 2461 2134 tumelia
2485 2079 2730 2148 imaginis
2759 2079 2874 2146 Dei,
2905 2079 3140 2148 separari
3181 2093 3211 2132 a
3241 2093 3409 2149 regno
3437 2077 3548 2132 Dei.
3593 2077 3692 2133 Sed
3717 2092 3800 2134 vos

2239 2171 2284 2224 si
2309 2171 2448 2224 illam
2472 2179 2876 2240 perseveranter
2894 2169 2916 2200 ³
2946 2169 3212 2239 negabitis
3249 2169 3500 2239 gratiam,
3528 2168 3592 2222 ad
3620 2167 3802 2238 hocin-

2240 2262 2437 2316 dieium
2468 2275 2565 2315 vos
2616 2259 2882 2330 pertinere
2921 2259 3288 2315 monstrabitis
3319 2277 3335 2312 :
3364 2258 3505 2330 quod
3551 2259 3720 2329 utique
3758 2259 3802 2312 in

2241 2353 2478 2424 parvulis
2502 2352 2756 2424 injustam
2807 2361 2969 2418 esset,
3011 2352 3056 2408 si
3097 2358 3384 2422 peccatum
3421 2350 3673 2422 originale
3713 2365 3804 2404 non

2239 2451 2404 2502 esset.

2311 2535 2619 2592 CXXXVII.
2644 2536 2760 2592 ιυι..
2794 2536 2944 2604 Quod
2968 2545 3024 2590 ut
3051 2535 3240 2591 claruit
3268 2535 3585 2606 Apostolum
3624 2533 3807 2590 dixisse

2242 2628 2307 2684 de
2330 2629 2588 2695 moribus,
2621 2630 2694 2684 ita
2723 2638 2944 2699 apparet
2968 2638 3162 2699 quanta
3200 2629 3635 2683 testimoniorum
3669 2629 3808 2698 Legi:

2243 2721 2418 2792 iu0pia
2445 2720 2674 2786 labores,
2696 2722 2784 2792 qui
2801 2722 2868 2776 ab
2891 2721 2976 2777 his
3001 2721 3282 2776 sententiis
3306 2735 3498 2776 contra
3519 2721 3724 2776 fulmina
3743 2737 3808 2777 ra-

2244 2814 2402 2868 tionis
2423 2811 2446 2844 ⁸
2475 2829 2628 2884 opem
2658 2815 2817 2884 petis,
2841 2831 2960 2885 qua:
2991 2815 3082 2870 tibi
3107 2815 3487 2884 dedignantur,
3514 2815 3618 2870 imo
3642 2823 3808 2869 natura

2240 2905 2322 2960 sui
2346 2905 2626 2960 subvenire
2648 2921 2754 2961 non
2769 2906 2790 2938 ³
2827 2915 3068 2976 possunt.

2314 2999 2448 3054 Atto.
2479 2996 2676 3053 Contra
2707 2999 3018 3068 Apostolnm
3049 2998 3335 3060 dicentem.
3373 3014 3440 3054 es
3455 2996 3636 3053 eadem
3655 3009 3810 3050 massa

2243 3089 2384 3143 aliud
2419 3103 2508 3143 vas
2538 3089 2588 3142 in
2613 3090 2889 3156 honorem,
2916 3088 3057 3144 aliud
3086 3090 3536 3145 incontnnteliam
3563 3089 3717 3143 Deum
3743 3085 3813 3140 fa-

2243 3195 2398 3244 cere;
2424 3196 2520 3236 nec
2543 3180 2982 3246 dicentem,aliud
3012 3182 3176 3236 nccin
3201 3181 3489 3245 honorem,
3519 3195 3615 3235 nec
3634 3180 3682 3234 in
3699 3193 3812 3233 con-

2246 3271 2516 3326 tnnteliam
2539 3313 2554 3338 ,
2586 3271 2728 3342 quod
2757 3273 2937 3343 utique
2974 3271 3196 3338 diceret,
3227 3273 3271 3326 si
3305 3272 3412 3327 hoc
3441 3271 3580 3342 quod
3607 3269 3733 3326 vos“
3755 3267 3814 3323 de

2245 3363 2480 3433 parvulis
2525 3363 2768 3419 crederet
2799 3381 2815 3418 :
2845 3374 3029 3419 contra
3077 3363 3217 3419 hunc
3269 3381 3403 3437 ριεο
3449 3365 3696 3420 divinitus
3740 3361 3814 3414 itt-

2247 3462 2517 3508 tonantt-m
2551 3469 2654 3508 non
2675 3463 2762 3510 est
2792 3455 3038 3510 fulminea
3067 3457 3203 3510 ratio
3228 3467 3409 3511 vestra
3435 3499 3451 3518 ,
3481 3456 3572 3512 sed
3603 3456 3782 3510 fumea.

2315 3544 2647 3601 CXXXVIII.
2679 3545 2794 3601 Jun.
2829 3546 2895 3600 Et
2929 3545 3044 3601 lucc
3073 3547 3283 3617 quidem
3315 3559 3578 3618 quantum
3630 3551 3818 3616 spectat

2244 3639 2310 3695 ad
2334 3639 2693 3694 testimonium
2725 3640 2962 3709 Apostoli
2991 3639 3256 3709 disltutata
3281 3652 3431 3695 sunt.
3475 3642 3733 3696 Ca-tcrum
3767 3636 3817 3690 in

2247 3729 2400 3794 Isaia,
2433 3730 2572 3785 unde
2596 3731 2762 3800 ipsam
2794 3731 3111 3785 sententiam
3164 3730 3363 3785 Paulus
3422 3730 3741 3800 assmnpsit,
3771 3726 3816 3780 in

2248 3831 2447 3877 tantum
2478 3837 2580 3875 non
2607 3821 2836 3876 delcrret
2867 3821 3007 3876 Dens
3059 3807 3430 3878 rationabilem
3462 3831 3762 3876 creaturam
3791 3829 3818 3868 a

2247 3915 2327 3968 sui
2359 3913 2788 3968 consideratione
2813 3911 3020 3982 iudicii,
3051 3913 3266 3968 utsicut
3297 3927 3394 3982 per
3432 3912 3678 3968 eumdem
3704 3923 3818 3979 pro-

2247 3995 2460 4075 phetatn
2483 4004 2716 4069 dixerat,
2753 4001 3001 4070 Quiescite
3037 4021 3184 4075 agere
3215 4019 3444 4074 perverse
3467 4045 3482 4071 ,
3515 4004 3688 4058 discite
3712 4001 3823 4054 bene

2247 4098 2414 4168 facere
2432 4139 2446 4162 ,
2471 4095 2724 4150 subvenite
2762 4111 3037 4165 oppresso;
3077 4104 3122 4148 et
3143 4095 3300 4150 venite
3319 4137 3332 4158 ,
3361 4085 3562 4167 arguite
3580 4111 3658 4148 me
3675 4135 3690 4159 ,
3713 4090 3823 4144 dicit

2251 4184 2496 4241 Dominus
2518 4181 2670 4256 (Isai.
2703 4201 2738 4250 ι,
2776 4174 2957 4256 lli-i8)
2993 4203 3006 4236 :
3037 4186 3104 4238 ita
3135 4185 3292 4239 etiam
3321 4185 3429 4249 hic,
3475 4201 3545 4240 ne
3592 4182 3712 4255 quid
3739 4195 3826 4252 po-

2252 4295 2445 4344 testate
2475 4286 2605 4350 sola,
2637 4300 2738 4340 non
2767 4283 2968 4353 iustitia
3001 4283 3270 4338 videretur
3297 4283 3492 4338 fecisse
3513 4324 3528 4347 ,
3557 4281 3826 4350 dispensa-

2251 4381 2454 4434 tiounm
2483 4394 2696 4434 suarum
2734 4377 2980 4448 dignatur
3022 4377 3230 4446 apetire
3279 4377 3569 4432 rationem.
3625 4371 3827 4428 Alflicto

2250 4474 2392 4528 enim
2442 4473 2492 4526 itt
2519 4470 2820 4542 captivitate
2851 4471 3046 4541 populo
3089 4466 3394 4524 Judmorum
3441 4463 3826 4538 redemptionis

2251 4565 2568 4636 appmpiare
2593 4573 2822 4632 tempus,
2855 4577 2960 4633 quo
2986 4561 3052 4616 ad
3085 4571 3279 4616 terram
3309 4576 3463 4615 suam
3506 4568 3831 4616 reverteren-

2254 4657 2746 4726 tur,annuntiat;et
2776 4668 2986 4709 causam
3024 4654 3104 4710 vel
3134 4652 3556 4724 prmeedentium
3582 4659 3830 4718 augurum

2252 4759 2490 4816 reserat,
2519 4748 2603 4803 vel
2633 4747 2937 4802 instantium
2969 4745 3302 4825 gaudiorum.
3330 4743 3606 4812 Epulelur,
3641 4737 3830 4808 inquit,

2235 4843 2433 4906 ⁵ιἰιειιιιιι
2471 4839 2703 4909 desuper,
2738 4847 2783 4891 et
2809 4835 2963 4890 nubes
2988 4843 3230 4906 spargant
3245 4832 3545 4904 justitiam;
3569 4832 3761 4885 oriatur
3779 4841 3836 4880 ex

2255 4943 2387 4986 terra
2421 4931 2782 4994 misericordia,
2814 4938 2858 4982 et
2895 4928 3096 4999 justitia
3125 4927 3320 4980 oriatur
3344 4923 3522 4978 simul.
3572 4923 3685 4994 Ego
3732 4934 3835 4973 sum

2255 5021 2504 5076 Dominus
2533 5013 2665 5073 Deus
2693 5019 2778 5090 qui
2799 5018 2961 5071 creavi
2983 5028 3029 5070 te
3053 5059 3066 5081 ,
3091 5017 3281 5088 faciens
3304 5014 3568 5069 meliorem
3590 5055 3604 5078 ,
3640 5026 3837 5083 pra’pa-

2254 5113 2362 5167 rari
2393 5125 2438 5166 te
2463 5113 2588 5165 sicut
2619 5111 2781 5164 lutum
2803 5109 2964 5181 ﬁguli.
2994 5097 3255 5178 Numquid
3277 5107 3364 5178 qui
3388 5116 3527 5173 arat,
3559 5104 3724 5158 arabit
3746 5111 3840 5152 lcr-

2253 5222 2363 5258 rum
2397 5220 2482 5272 per
2507 5217 2703 5255 onmem
2737 5201 2865 5254 diem
2897 5200 2921 5254 ?
2963 5197 3228 5267 Numquid
3250 5197 3370 5250 dicit
3424 5197 3596 5249 lutum
3645 5192 3802 5264 figulo
3824 5228 3837 5248 .

2258 5295 2395 5365 Quid
2419 5296 2568 5367 [at-is,
2599 5295 2716 5365 quia
2754 5311 2851 5348 non
2897 5291 3141 5362 aperaris,
3171 5292 3286 5360 quia
3314 5305 3410 5343 non
3433 5287 3591 5342 habes
3619 5277 3834 5339 manus?

2319 5409 2334 5475 ξ
2364 5417 2472 5475 Mss.
2503 5407 2623 5456 CIar.
2651 5403 3108 5475 etttar.,liberatis._
3224 5471 3234 5475 Α
3264 5460 3275 5475 ο
3395 5474 3398 5475 ν
3471 5474 3474 5475 ν
3569 5461 3596 5475 ,γ
3622 5459 3653 5475 _,

2315 5471 2337 5501 ⁸
2361 5471 2475 5519 [diti
2500 5477 2742 5527 onttttunt,
2765 5466 2808 5517 is
2827 5480 2857 5516 a
2877 5481 2894 5527 ;
2918 5467 3109 5516 tametsi
3136 5471 3241 5514 erat.
3264 5465 3310 5512 in
3338 5465 3701 5521 manuscriplis.

2317 5533 2338 5594 ἒ
2363 5532 2500 5590 Editi,
2524 5535 2916 5594 perseverantem.
2942 5535 3068 5594 ltiss.,
3090 5529 3462 5594 perseveranter.
3505 5582 3517 5592 ο
3585 5580 3597 5591 .

2317 5592 2338 5624 ⁸
2361 5584 2588 5649 Menaril.,
2615 5596 2780 5640 contra
2807 5588 3018 5651 fulmina
3059 5584 3343 5638 tentationis.
3379 5584 3660 5650 \‘ignierius
3677 5613 3705 5651 7,.
3735 5587 3842 5626 ron-

2255 5661 2332 5706 tra
2351 5654 2552 5717 fulmina
2573 5659 2704 5717 tanta
2721 5650 2936 5717 reticuis.
2964 5651 3136 5706 Abest,
3165 5653 3311 5705 tanta,
3337 5659 3364 5694 a
3388 5650 3749 5717 manust-rimas.

2318 5704 2433 5765 "sic
2456 5723 2561 5763 Mss.
2597 5713 2870 5771 vignierius
2892 5725 3034 5771 vero,
3060 5704 3232 5761 natura
3254 5704 3341 5761 sua
3381 5704 3626 5757 obt'cm'rc.

2245 5810 2258 5822 .
2319 5779 2340 5809 ε
2364 5753 2586 5827 iit'c'Eﬁiii
2609 5753 3002 5828 satiataerat;
