3996 6474
202 437 321 497 1157

200 553 438 622 Numquid
462 550 586 605 dicit
611 549 900 620 ﬁgmentum
925 546 972 600 ei
996 546 1081 615 qui
1100 562 1155 600 se
1176 545 1344 613 ﬁnxit,
1378 543 1647 616 Sapienter
1669 560 1749 599 me

196 646 367 716 ῥεια-ἰειὲ
387 643 413 696 .’
436 641 513 697 uel
530 641 634 712 ‘qni
662 640 782 693 dicit
806 637 956 709 patri,
990 636 1126 702 Quid
1163 635 1462 706 generabis?
1483 646 1531 691 et
1559 636 1708 688 matri
1728 673 1744 700 ,

200 733 320 805 Quid
355 731 601 803 parturies
625 731 653 785 .’
682 728 813 797 Quia
834 729 906 784 sic
943 726 1061 800 dicit
1106 725 1355 782 Dominus
1400 725 1538 789 Deus
1582 724 1748 781 Israel

199 834 375 887 sanctus
396 821 483 892 qui
503 820 623 893 fecit
642 819 818 890 futura
836 835 856 875 :
876 816 1192 889 lnterrogate
1214 833 1291 873 me
1303 817 1748 890 proﬁliismeiset

201 917 393 988 ﬁliabus,
419 922 466 969 et
484 928 578 983 pro
595 911 829 984 operibus
847 926 1087 965 manuum
1101 925 1331 967 mearum
1347 908 1580 964 mandate
1602 908 1744 973 mihi.
1768 935 1779 941 -

202 1008 294 1081 Ego
316 1007 408 1079 feci
430 1015 619 1061 terram
644 1014 691 1059 et
735 1005 984 1061 hominem
1004 1020 1159 1073 super
1185 1018 1321 1069 eam;
1346 1019 1436 1075 ego
1461 1020 1612 1059 manu
1637 1019 1747 1067 mea

200 1098 368 1170 ﬁrmavi
385 1098 563 1152 caelum
582 1113 603 1161 ;
623 1113 715 1166 ego
744 1093 1233 1159 omnibusuideribus
1248 1093 1495 1159 mandaui
1519 1109 1537 1151 .'
1563 1111 1652 1165 ego
1670 1094 1747 1149 (εει

201 1190 289 1244 uari
313 1204 420 1241 eum
456 1188 658 1260 justitia
700 1203 867 1259 regem
891 1229 905 1251 ,
931 1195 984 1251 et.
1005 1202 1176 1246 omnes
1199 1185 1293 1251 vite
1327 1185 1436 1257 ejus
1461 1195 1638 1250 rectae;
1666 1185 1749 1241 hic

200 1280 435 1349 cdi/icabit
455 1280 707 1347 ciuitatem
737 1295 930 1350 nteant,
975 1288 1021 1333 et
1045 1279 1383 1351 captivitatem
1430 1278 1609 1349 papuli
1651 1277 1750 1333 mei

202 1373 388 1440 reducet,
406 1388 504 1426 non
524 1383 649 1439 cum,
660 1371 892 1445 praemio,
914 1386 1003 1425 nec
1026 1387 1141 1425 cum
1163 1369 1477 1439 muneribus,
1493 1370 1620 1433 dixit
1643 1368 1751 1425 00-

203 1468 339 1527 minus
360 1464 562 1533 subactio
584 1463 735 1534 (Lsui.
763 1464 1090 1536 ιινιβ-Ιό).

258 1559 379 1619 Anc.
401 1555 453 1612 Si
475 1555 803 1626 intelligeres
824 1555 984 1610 verba
1005 1552 1655 1625 Prophetar,_intelligercs
1677 1552 1748 1623 ibi

204 1663 372 1721 regem,
395 1646 460 1704 de
484 1662 591 1718 quo
610 1647 812 1703 dictum
834 1655 936 1714 est,
974 1646 1080 1719 Ego
1105 1646 1264 1702 levavi
1283 1663 1398 1701 cum
1432 1647 1638 1720 justitia
1678 1662 1751 1703 re-

203 1756 308 1813 gem,
333 1747 376 1793 et
395 1754 563 1797 omnes
588 1739 683 1793 vite
709 1740 817 1813 ejus
842 1748 1019 1806 rectm,
1045 1742 1186 1795 hunc
1229 1753 1351 1794 esse
1399 1738 1748 1803 ntediatorcm

206 1833 280 1890 Dei
312 1841 361 1888 et
400 1830 671 1888 hominum
699 1833 969 1890 hominem
993 1831 1263 1891 Christum
1289 1833 1470 1891 Jesum
1499 1849 1515 1890 :
1541 1833 1634 1890 sed
1667 1835 1750 1891 ἰιιςτ

206 1926 432 1997 telligeres
460 1935 517 1982 ut
556 1926 932 1997 intelligendus
976 1938 1079 1983 est.
1106 1926 1288 1997 Neque
1338 1927 1479 1983 enim
1529 1926 1752 1985 audebis

204 2016 495 2080 enmdiccre
520 2017 942 2088 praecedentibus
964 2033 1185 2089 operum
1215 2018 1420 2077 meritis
1444 2017 1635 2079 Filium
1659 2018 1751 2077 Dei

206 2110 365 2173 lacuna
398 2110 466 2167 ab
491 2109 646 2171 initio
666 2152 698 2182 ,ο
712 2110 763 2168 id
789 2121 905 2182 est,
933 2126 964 2167 τι
990 2111 1212 2183 virginis
1243 2123 1415 2177 utero.
1460 2111 1574 2181 Qua
1625 2124 1752 2181 ergo

204 2200 356 2271 gratia
365 2200 521 2256 homo
544 2201 633 2258 ille
651 2202 719 2258 ab
740 2202 890 2265 initio
918 2202 1184 2264 lactusest
1200 2202 1392 2269 bonus,
1416 2201 1602 2258 eadem
1626 2217 1750 2272 gra-

206 2291 507 2361 tiabomines
534 2293 623 2364 qui
641 2300 769 2353 sunt
791 2293 1029 2349 membra
1046 2293 1162 2365 ejus
1189 2310 1259 2353 ex
1280 2293 1438 2351 malis
1454 2292 1585 2353 llunt
1602 2291 1749 2347 boni.

204 2383 313 2450 Quid
354 2383 489 2451 enim
531 2383 722 2449 dicatis
748 2385 814 2441 de
841 2383 1073 2451 Christo.
1099 2374 1390 2443 Secundum
1440 2382 1711 2443 hominem
1732 2423 1749 2452 ,

206 2488 289 2528 non
313 2473 569 2541 invenitis,
597 2474 648 2530 id
677 2476 1097 2549 est,‘sccundum
1128 2474 1179 2537 id
1206 2475 1351 2547 quod
1370 2474 1602 2532 Verbum
1626 2491 1752 2545 caro

206 2566 367 2635 factum
390 2577 501 2623 est:
524 2567 663 2640 quod
682 2567 772 2631 ille
790 2568 878 2639 qui
911 2568 1050 2625 Deus
1075 2577 1217 2637 erat,
1249 2577 1305 2624 et
1327 2568 1466 2623 Deus
1488 2567 1679 2622 mansit
1700 2575 1753 2627 et

206 2659 338 2729 homo
364 2659 525 2719 lactus
546 2672 629 2719 est
646 2678 673 2729 ;_
690 2662 831 2734 quod
860 2662 973 2733 ipse
999 2661 1161 2717 homo
1210 2677 1480 2733 nunquam
1536 2661 1606 2717 ita
1651 2660 1750 2716 l'uit

206 2750 372 2820 homo,
400 2763 585 2808 utnon
612 2762 756 2814 esset
808 2753 1110 2824 unigenitus
1158 2753 1250 2808 Dei
1292 2751 1493 2820 Filius,
1535 2761 1751 2827 promer

206 2845 494 2916 unigenitum
522 2843 777 2902 Verbum.
805 2844 987 2916 Neque
1003 2844 1142 2900 enim
1160 2853 1215 2898 ut
1232 2843 1332 2903 hoc
1357 2850 1521 2910 esset,
1541 2857 1748 2903 morum

209 2949 392 2990 suorum
419 2935 484 2991 de
512 2935 723 3007 propria
752 2936 1020 2999 voluntate
1036 2935 1360 3002 venientium
1380 2934 1580 3001 meritis
1599 2950 1752 3001 com:-

209 3027 521 3095 paravitzscd
543 3068 560 3092 ,
598 3028 736 3083 sicut
763 3042 944 3082 verum
976 3026 1107 3092 dixit
1138 3027 1480 3093 Ambrosius,
1510 3026 1657 3098 quasi
1685 3025 1752 3088 de

203 3106 369 3193 Spiritu
384 3127 528 3173 natus
557 3117 815 3184 abstinuit
837 3132 867 3172 a
895 3116 1089 3178 delicto
1123 3116 1223 3191 (a).
1258 3116 1511 3188 Alioquin
1543 3132 1742 3172 secun-

201 3206 307 3262 dum
326 3225 426 3274 vos,
456 3209 605 3265 multi
627 3218 811 3265 essent
837 3208 991 3276 tales,
1014 3207 1058 3263 si
1088 3222 1211 3265 esse
1238 3206 1566 3272 voluissent;
1591 3217 1752 3279 atque

201 3310 246 3354 ut
270 3301 351 3356 ille
378 3301 489 3356 talis
519 3303 536 3334 ¹
570 3302 784 3357 nonnisi
827 3316 963 3357 unus
1001 3309 1175 3368 esset,
1204 3300 1256 3356 in
1285 3307 1547 3371 potestate
1575 3299 1749 3356 homi—

202 3408 307 3447 num
338 3392 459 3460 luit,
486 3395 579 3465 qui
597 3394 729 3449 tales
754 3408 874 3450 esse
903 3393 1224 3450 noluerunt:
1255 3409 1374 3465 qua:
1409 3392 1453 3448 si
1480 3392 1751 3449 attendilis

200 3493 369 3553 quanta
394 3484 661 3556 impietate
686 3484 954 3552 dicantur,
983 3484 1065 3541 vel
1098 3484 1252 3540 tacita
1278 3483 1599 3556 cogitatione
1630 3499 1750 3540 cre-

198 3574 395 3640 dantur;
421 3576 557 3633 sicut
583 3576 870 3649 agnoscitis
894 3574 1163 3648 Unigeniti
1194 3584 1435 3631 naturam
1450 3617 1472 3644 ,
1516 3575 1656 3648 quod
1689 3578 1746 3645 in

198 3665 425 3737 principio
443 3676 557 3723 erat
583 3667 838 3734 Verbum,
871 3676 926 3723 et
954 3665 1190 3733 Verbum
1221 3674 1337 3735 erat
1356 3666 1495 3737 apud
1543 3669 1706 3722 Deum
1728 3709 1747 3739 ,

200 3766 240 3813 et
261 3757 387 3814 Deus
402 3770 512 3815 erat
530 3759 765 3819 Verbum
785 3776 801 3826 ;
823 3760 1095 3832 agnoscite
1122 3768 1176 3817 et
1199 3758 1601 3833 gratiam,_qupd
1625 3760 1751 3819 \'er-
1792 3788 1795 3789 ν

201 3862 298 3905 sum
321 3866 441 3906 caro
466 3850 784 3923 factumest,
816 3860 877 3920 et,
892 3850 1144 3918 habitavit
1169 3850 1221 3905 in
1244 3836 1397 3917 nobis
1420 3849 1596 3922 (Jonn.
1626 3867 1639 3905 ι
1696 3852 1753 3921 l,

205 3941 287 4014 li).
329 3942 415 4007 ille
470 3943 630 4017 igitur
655 3957 790 4017 quos
837 3941 1083 4013 dignatur
1119 3950 1305 4008 vocat,
1334 3952 1388 3997 et
1436 3957 1594 4013 quem
1643 3943 1751 4013 vult

200 4035 467 4107 religiosum
496 4034 983 4108 faciuAmbrosius,
1009 4034 1096 4102 lib.
1120 4034 1152 4090 7
1184 4035 1236 4089 in
1268 4034 1392 4106 Luc.
1422 4035 1628 4107 tx,58),
1660 4036 1751 4109 qui

200 4125 432 4185 hominem
460 4145 619 4201 quem
650 4129 835 4197 voluit,
868 4145 1029 4196 unum
1057 4129 1172 4197 sine
1217 4128 1338 4185 ullis
1370 4129 1614 4198 humana:
1657 4145 1750 4191 V09,

201 4217 380 4287 luntatis
405 4221 829 4292 praecedentibus
852 4220 1055 4276 meritis
1087 4219 1434 4291 mediatorem
1462 4220 1554 4277 Dei
1581 4230 1633 4277 ct
1654 4220 1751 4291 ho-

201 4313 366 4383 minum
395 4314 537 4370 fecit.

252 4403 518 4463 CXXXIX.
544 4404 668 4462 Jun.
699 4403 754 4460 ln
784 4404 885 4460 hoc
914 4405 1073 4477 igitur
1100 4405 1218 4461 loco
1238 4405 1324 4461 hic
1343 4419 1554 4472 sensus,
1582 4420 1751 4476 quan-z

200 4506 288 4553 tum
311 4508 509 4571 spectat
536 4500 618 4560 ad.
637 4500 933 4564 historiam,
963 4500 1285 4568 continetur,
1317 4509 1373 4555 ut
1405 4500 1541 4557 Deus
1568 4502 1752 4575 loquag

201 4598 268 4644 tur
285 4591 345 4646 ad
372 4592 623 4663 populum
658 4591 837 4670 :Qttia
877 4608 977 4648 nec
1016 4588 1139 4648 odio
1160 4607 1257 4648 vos
1298 4592 1352 4647 in
1392 4594 1749 4663 captivitatem

198 4683 389 4754 tradidi,
418 4700 520 4740 nec
546 4701 688 4740 nunc
712 4684 977 4741 oblivione
1003 4683 1187 4755 judicii
1222 4683 1288 4739 de
1320 4684 1544 4749 vinculis
1575 4684 1749 4758 Baby-

200 4775 355 4834 lonica
381 4776 963 4850 captivitatisexemi',
985 4775 1078 4839 sed
1107 4790 1206 4851 ego
1227 4817 1245 4849 η
1284 4783 1540 4846 quantum
1572 4776 1622 4830 in
1665 4790 1750 4841 me

197 4877 292 4937 est,
320 4880 525 4943 paratus
550 4872 572 4902 ⁹
595 4868 708 4947 jugi
738 4884 832 4923 vos
859 4867 1229 4937 benevolentia
1259 4863 1750 4935 confovere,justi-

198 4960 269 5015 tia:
294 4978 419 5019 mea;
448 4971 626 5018 tamen
669 4959 866 5027 debui,
911 4967 1063 5029 utet
1105 4957 1475 5028 delinquentes
1510 4955 1749 5015 hostibus

200 5051 451 5119 traderem,
487 5064 541 5109 et
565 5066 863 5107 rcerearem
905 5050 1294 5133 libcmreutqtte
1319 5057 1557 5105 vexatos.
1592 5050 1744 5106 Sicut

198 5146 316 5200 enim
360 5144 649 5202 rusticandi
692 5133 891 5215 gnarus
937 5156 1044 5198 non
1094 5157 1308 5212 semper
1358 5155 1465 5203 uno
1512 5141 1752 5209 imminet

198 5238 356 5307 operi,
392 5247 448 5294 ut
482 5238 612 5293 solis
656 5234 822 5291 ﬁndat
865 5250 990 5289 arva
1034 5232 1372 5301 dentalibus;
1405 5233 1499 5289 sed
1538 5232 1750 5291 diverso

197 5343 367 5399 genere
400 5332 590 5387 votiva:
629 5327 887 5389 fertilitati
917 5327 939 5361 ⁸
971 5343 1093 5384 rura
1128 5327 1400 5404 componit
1430 5341 1444 5380 :
1479 5326 1550 5381 ita
1590 5326 1750 5383 etiam

200 5434 284 5491 ego
306 5422 756 5492 dispensationum
798 5420 940 5477 vices
982 5422 1149 5486 vario,
1190 5427 1250 5473 ut
1288 5426 1397 5473 tum
1442 5417 1707 5487 prcssuris
1732 5458 1748 5483 ,

201 5523 294 5569 tum
312 5514 590 5570 consolatic
598 5513 756 5572 sibus
774 5496 1099 5573 voluntatem
1118 5519 1348 5566 vestram
1373 5508 1608 5580 frugibus
1627 5523 1753 5583 pos-

251 5625 267 5656 ³
290 5623 547 5683 Itenardtts,
564 5626 708 5685 atque
726 5628 778 5672 ut
806 5618 913 5671 illos
934 5627 1071 5695 tates.
1093 5619 1398 5729 vtgnFrins,
1421 5623 1566 5683 atque
1587 5617 1751 5683 utique

251 5685 317 5729 lea.
338 5685 657 5729 Fmendanlm'
681 5696 745 5729 ex
768 5688 1193 5729 mamtscrtntorunt
1231 5681 1327 5729 ide.

201 5685 317 5737 tales.
338 5681 657 5736 mandantur
681 5696 745 5733 ex
768 5681 1193 5744 manuscriptorunt
1215 5681 1327 5729 lide.
1404 5742 1414 5752 .
1473 5681 1493 5753 _‘

251 5750 269 5779 ²
289 5748 416 5805 Editi,
437 5752 639 5805 paratus
658 5756 780 5795 sinu.
804 5744 967 5805 Abest,
988 5756 1112 5805 sum,
1126 5755 1162 5805 Δξι
1185 5747 1513 5805 manusct'tptts

259 5760 269 5779 '
290 5760 416 5808 antu,
437 5760 639 5812 paratus
658 5760 780 5795 sum.
804 5760 967 5805 ADeSt,
988 5760 1112 5801 sum,
1134 5760 1162 5791 a
1185 5760 1528 5811 mpuuscrtpus.

259 5809 431 5878 finiti,
449 5804 982 5878 fertilitatisittsittarv
1005 5802 1255 5878 fertilitate.
1314 5865 1326 5875 ο
1369 5876 1406 5878 Α
1582 5860 1613 5878 ν

252 5870 321 5982 (ﬂ
356 5860 467 5923 vide
505 5880 673 5933 supra,
716 5872 785 5917 De
822 5860 1016 5930 nu,
1037 5875 1086 5917 ct
1122 5862 1546 5931 Concupiscentia,
1582 5860 1664 5914 lib.
1705 5862 1751 5927 ι,

204 5944 244 5979 Β.
322 5970 334 5981 .

1536 427 1737 485 LIBER
1778 428 2052 487 PRiMUS.

3296 445 3431 506 1138

1856 543 1956 599 sim
1982 554 2165 614 aptare
2188 544 2426 616 iustitiae.
2461 547 2697 620 Denique
2718 592 2732 616 ,
2779 561 2835 608 ut
2885 554 3188 628 intelligetis
3232 569 3430 629 quanta

1855 635 2102 705 aequitate
2140 649 2292 708 agam
2322 636 2594 697 vobiscum
2618 681 2634 705 ,
2666 656 2877 712 possem
2912 647 3307 704 mussitationes
3344 664 3436 711 ve.

1853 737 1999 782 stras
2022 743 2118 798 pro
2146 740 2405 800 potestate
2429 731 2706 802 despicere
2722 775 2740 801 ,
2781 743 2839 790 ut
2866 736 3002 793 sicut
3030 737 3186 807 ﬁgulo
3212 738 3436 809 ﬁgmen-

1855 826 1967 881 tum
2006 836 2159 886 suum
2202 821 2379 879 dicere
2425 840 2529 879 uou
2585 835 2794 894 potest,
2844 827 2981 896 Quid
3034 829 3209 886 iecisti
3241 832 3304 884 t?
3360 832 3432 888 ita

1854 911 2014 979 etiam
2043 912 2190 977 vobis
2225 915 2419 972 silentii
2462 916 2666 986 pondus
2693 917 3018 989 imponet-cm
3053 938 3066 977 :
3101 930 3277 976 utmen
3300 937 3439 985 con,-

1856 1008 1945 1059 tra.
1968 1000 2081 1066 htcc
2107 1005 2347 1074 exetnpla
2377 1020 2610 1077 provoco
2643 1022 2775 1074 vos,
2816 1018 2884 1068 ut
2910 1025 3007 1081 pro
3046 1008 3169 1075 [illis
3206 1012 3338 1067 meis
3380 1021 3438 1067 ct

1855 1092 2085 1162 ﬁliabus,
2123 1096 2173 1151 id
2203 1105 2302 1159 est,
2333 1100 2603 1168 provtthis
2632 1110 2685 1155 et
2712 1103 2963 1171 operibus
2993 1120 3245 1161 manuum
3284 1120 3433 1159 metu

1854 1199 1970 1241 rum
2000 1200 2086 1239 me
2115 1185 2817 1259 interrogetis,ctdiscatis,
2841 1202 3005 1247 totunt
3033 1209 3118 1249 nte
3133 1194 3310 1265 justo,
3335 1209 3437 1252 nec

1852 1273 2136 1345 quidquam
2166 1291 2395 1346 unquam
2424 1280 2444 1310 ²
2473 1280 2660 1341 iecisse
2688 1281 2996 1338 crudeliter.
3126 1290 3131 1295 '

1870 1436 1873 1439 ν
1924 1366 2059 1429 Anc.
2077 1366 2228 1437 Quod
2252 1371 2331 1430 vis
2347 1369 2500 1440 dicis,
2523 1388 2627 1429 non
2652 1375 2791 1443 quod
2814 1374 2950 1429 dixit
2978 1374 3171 1432 lsaias:
3197 1375 3287 1439 illc
3306 1392 3433 1449 gra-

1856 1456 1981 1519 tiam
2010 1458 2265 1530 loquitur,
2294 1470 2476 1517 contra
2502 1480 2660 1534 quam
2689 1476 2755 1525 tu.
2773 1465 3030 1538 loqueris.

1923 1551 2080 1610 CXL.
2110 1551 2229 1611 iet.
2263 1554 2330 1615 Et
2356 1571 2385 1609 a
2411 1556 2675 1626 Propheta
2703 1573 2850 1629 ergo,
2883 1569 2937 1614 et
2962 1560 3031 1623 ab
3061 1560 3347 1630 Apostoio,
3378 1562 3433 1621 in

1854 1645 2164 1717 exemplum
2177 1646 2435 1723 adductus
2459 1657 2557 1711 est,
2578 1648 2801 1720 ﬁgulus,
2844 1652 2972 1710 nihil
3015 1652 3156 1708 aliud
3186 1654 3435 1724 przebituo

1855 1753 1983 1801 rus,
2021 1754 2177 1809 quam
2221 1742 2633 1810 comparationis
2677 1743 2945 1811 ofﬁcium;
2995 1761 3102 1801 non
3152 1756 3328 1802 tamen
3375 1756 3436 1805 ut

1856 1837 1962 1898 tam
1994 1828 2123 1893 viles
2142 1830 2472 1900 apudDeum
2498 1847 2619 1898 esse
2656 1831 2902 1895 homines
2926 1836 3245 1904 iudicentur,
3270 1853 3433 1909 quam

1855 1919 2035 1989 argilla
2080 1927 2163 1975 est
2209 1920 2260 1975 in
2309 1919 2524 1979 fornace
2565 1932 2622 1979 et
2660 1927 2789 1982 orbo
2833 1926 3131 1996 ligulorum.
3177 1928 3437 1985 Absoluta

1853 2007 1954 2068 hac
1984 2011 2314 2082 expositione
2338 2015 2912 2092 quamprarmisimus,
2961 2017 3310 2089 admonemus
3346 2032 3436 2073 se-

1854 2103 2085 2160 cundum
2131 2105 2620 2179 interpretationem
2668 2120 2938 2171 recentem
2985 2110 3050 2171 in.
3081 2110 3271 2167 eodem
3313 2111 3433 2183 loco

1854 2194 1995 2250 aliud
2021 2197 2278 2253 relucerc.
2309 2198 2516 2268 Rorate,
2549 2201 2719 2271 inquit
2738 2242 2752 2266 ,
2780 2200 2913 2267 eteli,
2940 2202 3177 2273 desuper,
3200 2212 3247 2259 et
3276 2201 3432 2273 nubes

1854 2285 2034 2358 pluant
2049 2288 2245 2358 justum
2266 2308 2287 2358 ;
2307 2292 2733 2362 aperiaturterra,
2755 2303 2801 2349 et
2822 2296 3066 2366 germinet
3090 2294 3430 2360 Salvatorem,

1854 2388 1902 2434 et
1919 2377 2344 2449 justitiqorjatur
2372 2382 2523 2439 simul
2550 2399 2569 2438 :
2593 2400 2683 2456 ego
2713 2383 2960 2442 Dominus
2985 2386 3149 2442 creari
3173 2403 3307 2441 eum.
3347 2385 3435 2451 Va:

1853 2470 1938 2539 qui
1962 2472 2262 2535 contradicit
2286 2473 2467 2544 [actori
2493 2492 2606 2549 suo,
2631 2485 2757 2531 testa
2785 2476 2847 2530 de
2869 2478 3042 2533 samiis
3064 2486 3211 2532 terra:
3236 2494 3256 2533 :
3282 2494 3434 2533 num-

1854 2564 1974 2634 quid
2002 2566 2121 2628 dicit
2151 2567 2494 2640 lutumﬁgulo
2519 2586 2612 2623 suo
2632 2612 2651 2638 ,
2693 2570 2829 2636 Quid
2857 2571 2984 2641 facis
3004 2572 3030 2626 1’
3069 2582 3113 2626 et
3139 2588 3264 2644 opus
3291 2582 3434 2627 tuum

1853 2652 2038 2725 absque
2065 2655 2293 2719 manibus
2320 2668 2390 2712 est
2421 2657 2576 2731 (Isui.
2619 2677 2751 2729 xcv,
2778 2660 2844 2725 8,
2877 2661 2982 2732 9)?
3016 2662 3218 2731 Quibus
3258 2665 3441 2735 verbis,

1854 2747 1954 2802 etsi
1983 2747 2273 2812 secundum
2307 2751 2579 2807 historiam
2607 2752 2778 2825 Cyrus
2803 2770 2897 2810 rex
2923 2796 2939 2825 ,
2970 2756 3264 2814 secundum
3309 2772 3431 2828 pro,

1857 2837 2089 2910 phetiam
2153 2848 2331 2905 tamen
2382 2842 2680 2906 incarnatio
2733 2845 3026 2907 Saluatoris
3078 2847 3445 2921 eXprimitur;

1853 2922 2224 3005 quiquoniam
2268 2941 2381 2995 erat
2410 2933 2478 2989 de
2522 2935 2724 3008 virgine
2754 2937 3050 2993 nasciturus
3075 2979 3090 3005 ,
3128 2937 3436 2995 .ludtcorum

1853 3029 1909 3076 et
1935 3020 2170 3076 omnium
2200 3022 2493 3079 inﬁdelium
2539 3027 2824 3083 obstinatio
2860 3030 3172 3085 convenitur
3192 3071 3209 3097 ,
3235 3046 3304 3086 ne
3330 3031 3439 3087 sint

1855 3112 2020 3182 signis
2061 3112 2301 3169 ﬁdelibus
2341 3114 2665 3184 perduelles.
2707 3117 2838 3174 Cum
2869 3120 3009 3175 enim
3052 3122 3442 3197 praemisisset,

1855 3203 2126 3275 Aperiutur
2169 3215 2323 3273 terra,
2372 3217 2418 3262 et
2456 3208 2697 3277 germinet
2747 3209 3099 3278 Sulvdtorem,
3151 3222 3199 3267 et
3231 3214 3442 3285 justitiq

1854 3295 2048 3350 oriatur
2071 3295 2238 3350 simul.
2269 3294 2381 3369 Ego
2410 3297 2677 3367 Dominus,
2707 3300 2875 3371 inquit
2895 3344 2910 3370 ,
2939 3304 3100 3357 creari
3123 3321 3255 3359 eum.

1926 3389 2061 3445 Auc.
2090 3387 2187 3444 Dic
2231 3389 2362 3444 mihi
2400 3391 2593 3462 quibus
2626 3392 2876 3462 operibus
2912 3395 3014 3456 hoc
3053 3397 3246 3459 meruit
3274 3395 3442 3469 horno

1852 3477 2097 3535 Christus
2122 3478 2310 3547 icsus;
2341 3490 2395 3536 et
2420 3496 2521 3553 qua
2556 3481 2759 3553 justitia
2790 3483 2883 3539 Dei
2923 3484 3068 3549 solus
3094 3484 3194 3545 hoc
3221 3470 3443 3561 mente:

1852 3568 1956 3635 rit,
1993 3569 2131 3625 aude
2168 3568 2191 3602 ⁸
2216 3570 2417 3648 garrire
2451 3590 2464 3626 :
2494 3581 2595 3640 aut
2618 3573 2661 3627 si
2695 3572 3026 3641 nonaudes,
3062 3576 3273 3640 tandem
3307 3592 3434 3648 gra-

1855 3659 2125 3725 tiamsine
2159 3661 2701 3732 meritisconlitere,
2719 3679 2824 3725 non
2854 3665 3025 3720 solum
3070 3658 3433 3725 remittentem

1856 3758 2069 3822 peccata
2098 3750 2319 3817 homini,
2342 3767 2525 3820 verum
2547 3752 2706 3811 etiam
2733 3753 2785 3808 in
2813 3754 3253 3823 naturahltumana
3275 3756 3434 3827 justi-
3506 3747 3525 3759 ’

1854 3826 1980 3896 tiam
2009 3850 2194 3909 sancto
2234 3841 2435 3913 Spiritu
2484 3841 2787 3904 facientem.
2829 3843 2942 3899 Non
2979 3846 3119 3901 enim
3151 3856 3204 3901 et
3228 3826 3433 3902 homini

1851 3929 2065 3997 Christo
2090 3932 2256 4003 gratia
2285 3920 2738 4001 peccatadimisit,
2767 3942 2857 3993 aut
2879 3951 2983 3991 non
3008 3951 3126 3992 cum
3153 3938 3319 4010 gratia
3352 3948 3434 3993 ta-

1853 4023 1957 4079 lem
1989 4021 2115 4091 fecit
2137 4030 2246 4092 ,ιιι
2274 4024 2342 4078 ab
2374 4024 2523 4080 initio
2546 4040 2759 4096 semper
2779 4027 3119 4107 esset‘bonus
3142 4071 3158 4097 ,
3193 4030 3328 4086 sicut
3361 4023 3441 4103 ab

1852 4117 2005 4182 initio
2045 4131 2257 4188 semper
2303 4116 2397 4173 Dei
2439 4117 2627 4173 Filius.
2676 4118 2941 4187 Prorsus,
2991 4122 3127 4176 sicut
3173 4121 3433 4179 admoniti

1852 4217 1999 4274 sunt,
2041 4207 2129 4278 qui
2180 4208 2232 4262 in
2275 4218 2806 4282 eremoqserpentum
2856 4211 3122 4268 morsibus
3165 4213 3434 4269 lethaliter

1851 4299 2203 4367 vexabantur,
2226 4307 2285 4355 ut
2309 4299 2456 4354 illum
2482 4300 2571 4372 qui
2601 4301 2651 4355 in
2675 4305 2824 4373 signo
2845 4304 3105 4359 exaltatus
3133 4305 3324 4373 fuerat,
3352 4315 3434 4361 at-

1851 4391 2151 4457 tenderem,
2181 4406 2248 4447 ne
2273 4379 2512 4463 perirent
2543 4391 2728 4463 (Num.
2752 4410 2861 4459 xvi,
2891 4394 3006 4467 6-9)
3041 4413 3056 4449 :
3088 4395 3160 4451 ita
3184 4405 3309 4451 sunt
3333 4398 3431 4465 ad-

1852 4483 2124 4550 monendi,
2155 4483 2243 4553 qui
2282 4485 2476 4541 vestris
2510 4484 2952 4559 disputationibus
2985 4498 3344 4557 venenantur,
3374 4496 3436 4546 ut

1851 4572 2123 4632 Christum
2150 4575 2445 4639 attendant.
2461 4584 2513 4631 et
2533 4577 2583 4632 in
2605 4576 2749 4634 illius
2765 4578 2994 4636 hominis
3008 4580 3314 4636 mediatoris
3338 4581 3432 4653 ju-

1851 4668 1993 4722 sutia
2017 4668 2241 4739 gratiam
2275 4669 2390 4737 sine
2416 4670 2618 4723 meritis
2656 4670 2908 4738 videant,
2945 4671 3084 4728 unde
3115 4688 3143 4727 a
3174 4688 3232 4729 se
3265 4675 3433 4731 vestri

1849 4760 1960 4814 oris
1997 4759 2140 4813 virus
2171 4759 2475 4819 excludant.
2520 4761 2759 4832 Denique
2799 4762 2850 4817 in
2892 4763 3072 4819 verbis
3098 4764 3382 4836 Propheta:
3405 4808 3423 4833 ,

1851 4852 2010 4907 etiam
2059 4850 2352 4907 secundum
2406 4862 2673 4908 recentem
2704 4840 3215 4926 interpretationem
3267 4875 3435 4932 quam

1851 4936 2279 5001 commemorasti
2317 4943 2405 4999 ubi
2445 4944 2744 5011 evidentius
2769 4947 3119 5018 pr0phetatus
3155 4959 3239 5007 est
3271 4938 3443 5008 Chri?

1851 5047 1986 5103 stus,
2016 5052 2119 5092 non
2142 5035 2265 5092 inde
2289 5038 2622 5107 assumpsisti
2644 5039 2785 5095 unde
2805 5039 3124 5111 disputares,
3157 5042 3260 5098 nisi
3287 5044 3431 5114 quod

1852 5148 1916 5190 ex
1947 5132 2149 5203 virgine
2180 5140 2333 5185 natus
2357 5136 2460 5196 cst,-
2487 5132 2607 5201 quia
2631 5123 2827 5188 dictum
2854 5142 2955 5199 est,
2983 5132 3255 5207 Aperiatur
3273 5145 3426 5199 terra,

1853 5234 1899 5280 et
1927 5223 2166 5294 germinet
2188 5220 2507 5276 Salvatorem
2534 5236 2555 5277 :
2581 5221 2649 5278 de
2668 5222 2871 5293 iustitia
2892 5238 3019 5280 vero
3040 5224 3175 5294 ejus,
3197 5242 3315 5295 qua:
3343 5226 3429 5279 hic

1852 5316 2053 5386 pariter
2072 5311 2416 5383 prmnuntiata
2446 5320 2551 5380 est,
2580 5313 2712 5369 nihil
2737 5313 2919 5371 dicere
2947 5315 3196 5381 voluisti;
3218 5329 3338 5370 cum
3370 5325 3426 5370 tu

1852 5406 2014 5462 verba
2043 5406 2155 5476 ipsa
2182 5404 2490 5475 prophetica
2523 5406 2896 5475 proposueris,
2938 5406 3026 5460 ubi
3056 5407 3166 5474 ait,
3197 5406 3439 5487 Rornte,_

1854 5500 1984 5565 oeuli,
2012 5500 2244 5568 desuper,
2270 5506 2318 5553 et
2344 5496 2497 5552 nubes
2524 5499 2702 5569 pluunt
2719 5500 2951 5569 justum;
2970 5500 3227 5569 aperiatur
3255 5508 3421 5567 terra,

1855 5602 1901 5646 et
1922 5590 2162 5663 germinet
2184 5587 2500 5644 Salvatorem
2521 5631 2538 5657 ,
2578 5598 2626 5644 et
2645 5590 2846 5660 justitia
2884 5590 3076 5645 oriatur
3109 5589 3280 5644 simul.
3332 5590 3447 5646 Dic‘

1920 5702 1936 5733 ι
1954 5700 2253 5765 vigaicrius,
2278 5697 2394 5762 quid
2415 5710 2493 5765 me
2523 5697 2683 5765 fecisti
2715 5698 2786 5749 sic
2805 5699 2831 5749 .9
2863 5699 3180 5764 Manuscripu,
3210 5698 3336 5761 Quid
3358 5701 3426 5765 [εν

1855 5761 1964 5814 eisti
1979 5761 2003 5814 2’
2018 5759 2134 5820 nec,
2150 5773 2253 5821 me,
2280 5759 2388 5819 nec,
2414 5759 2503 5819 sie,
2524 5759 2725 5810 habent.

1919 5817 2274 5885 ’tts.t\tar.,nec
2307 5817 2569 5886 quidquam
2594 5822 2781 5885 fecisset
2802 5817 3061 5872 crudeliter
3074 5834 3093 5884 ;
3116 5823 3311 5886 omisso,
3343 5834 3431 5873 utt-

1857 5898 2020 5958 συειηξ·
2049 5950 2084 5958 .-
2179 5951 2208 5958 _
2228 5944 2255 5958 ..

1921 5948 1942 5980 ³
1958 5949 2027 5996 sic
2048 5950 2152 5996 Mss.
2179 5944 2297 5994 editi
2321 5958 2457 6005 vero,
2480 5943 2644 5995 audes.
