4014 6496
517 449 656 508 H39

513 566 646 623 mihi
679 567 695 599 '
725 577 883 639 quem
907 561 1108 634 justum
1137 561 1306 616 nubes
1332 560 1613 630 plueruot,
1647 558 1746 612 nisi
1775 557 1895 626 quia
1920 557 1939 585 ²
1965 554 2094 608 Pro-

511 658 689 732 pheta:
721 665 777 714 et
802 655 1044 727 Apostoli
1081 653 1352 715 Christum
1395 650 1816 722 prmdicavcruut
1841 689 1856 713 ,
1897 646 1988 717 qui
2031 660 2098 700 ex

513 751 634 823 ipso
680 749 902 822 virginis
949 757 1104 803 utero
1149 763 1269 802 cum
1315 745 1521 817 justitia
1567 753 1724 808 natus
1771 741 1896 797 est?
1943 739 2098 796 Unde

512 858 635 900 cum
663 842 862 900 dictum
899 848 1082 905 esset,
1119 838 1394 909 Aperiatur
1436 846 1568 890 terra
1587 877 1602 902 ,
1631 844 1677 889 et
1701 835 1948 906 germinet
1977 831 2100 888 Sal-

511 943 736 990 uatorem
755 950 776 1000 ;
797 948 920 988 mox
940 930 1179 987 additum
1199 938 1301 996 est,
1327 928 1584 1000 etjustitia
1605 927 1800 980 oriatur
1823 925 1994 980 simul.
2020 924 2098 979 Ac

513 1041 612 1097 per
640 1027 760 1093 hoc,
781 1040 842 1082 ea
871 1025 1038 1097 gratia
1065 1024 1086 1057 ³
1113 1024 1243 1078 fiunt
1262 1023 1391 1093 justi
1419 1019 1663 1076 homines
1692 1018 1782 1090 qui
1810 1032 2098 1073 renascun-

513 1130 599 1173 tur
631 1120 681 1174 iu
709 1119 940 1183 Christo,
968 1133 1068 1194 qua
1092 1116 1259 1188 gratia
1281 1116 1454 1188 jus-tus
1480 1114 1639 1180 homo
1667 1122 1821 1170 natus
1841 1122 1922 1169 est
1950 1110 2097 1172 Chri-

511 1221 648 1266 stus.
672 1210 822 1264 Sicut
846 1225 976 1280 ergo
1001 1209 1304 1279 exemplum
1332 1217 1415 1263 est
1439 1208 1583 1274 vitaz,
1609 1215 1666 1260 ut
1687 1221 1806 1262 cum
1839 1203 2097 1258 imitando

508 1303 653 1373 juste
677 1318 897 1373 agamus
931 1320 944 1356 :
979 1301 1046 1356 ita
1074 1312 1156 1356 est
1188 1301 1349 1356 etiam
1375 1299 1678 1370 exemplum
1708 1296 1914 1370 gratiae,
1951 1304 2012 1351 ut
2042 1295 2094 1350 in

513 1410 638 1450 cum
681 1393 950 1451 credendo.
987 1393 1109 1448 inde
1155 1408 1250 1448 nos
1296 1391 1411 1448 ticri
1458 1406 1737 1463 speremus
1779 1389 1953 1460 justos
1999 1403 2098 1459 per

511 1486 687 1558 ipsum
711 1484 763 1554 ⁵,
791 1486 931 1540 unde
959 1484 1129 1540 factus
1152 1495 1235 1541 est
1265 1486 1398 1554 ipse,
1425 1484 1512 1552 qui
1542 1486 1708 1558 [actus
1731 1492 1803 1538 est
1833 1481 1978 1536 nobis
2012 1498 2097 1536 sa-

513 1579 704 1650 pientia
723 1597 754 1633 a
783 1577 912 1644 Deo,
943 1589 989 1634 et
1007 1579 1232 1651 justitia,
1264 1587 1312 1634 et
1337 1577 1690 1649 sanctiﬁcatio,
1713 1586 1760 1631 et
1780 1577 2098 1645 redemptio;

510 1680 588 1735 ut,
619 1671 1040 1738 quemadmodum
1062 1673 1304 1743 scriptum
1336 1680 1445 1736 est,
1475 1670 1561 1742 qui
1586 1669 1866 1742 gloriatur,
1896 1670 1949 1723 in
1989 1667 2098 1723 Do-

509 1763 649 1817 mino
674 1764 916 1835 glorietur
937 1764 980 1834 (Ι
1007 1764 1125 1820 Cor.
1152 1780 1190 1831 ι,
1231 1763 1322 1832 50,
1362 1762 1477 1836 51).
1505 1763 1876 1834 Quoscumque
1916 1762 2096 1834 itaque

508 1854 670 1912 dente
691 1856 964 1912 mortifero
989 1856 1353 1913 momordistis
1374 1857 1396 1890 '
1412 1900 1429 1926 ,
1461 1857 1602 1913 hunc
1619 1858 1822 1929 justum
1845 1857 2094 1913 intuean-

511 1958 616 2013 tur.
644 1958 699 2006 et
723 1949 1054 2014 sanabuntur
1083 1966 1100 2006 :
1129 1950 1230 2006 hoc
1252 1960 1357 2020 est,
1385 1950 1510 2010 inde
1530 1966 1589 2008 se
1609 1950 1832 2008 credant
1850 1951 2096 2022 accipere

503 2040 800 2111 justitiam,
844 2040 986 2098 unde
1014 2041 1228 2102 Christo
1267 2051 1350 2098 est
1385 2041 1564 2098 innata
1600 2041 1835 2112 justitia;
1880 2050 1935 2097 et
1974 2041 2096 2099 ideo

508 2147 616 2191 non
647 2134 702 2188 in
735 2148 834 2189 suo
861 2132 1104 2201 arbitrio,
1141 2149 1239 2192 nec
1277 2134 1332 2193 in
1369 2149 1468 2196 suo
1503 2135 1733 2204 merito,
1773 2135 1866 2190 scd
1893 2133 1945 2190 in
1988 2134 2095 2214 Do-

507 2221 654 2278 mino
677 2223 992 2294 glorientur.
1973 2293 1977 2296 λ

580 2313 760 2376 CXLI.
802 2315 922 2372 Jac.
954 2318 1092 2373 Ante
1119 2325 1261 2372 terra
1297 2316 1537 2388 aperitur
1573 2316 1627 2372 in
1663 2331 1904 2388 germen,
1933 2331 2092 2388 quam

509 2419 672 2476 opera
715 2407 942 2463 colentis
988 2421 1172 2463 semen
1219 2409 1484 2478 accipiat:
1518 2407 1661 2478 quod
1703 2406 1757 2462 iu
1807 2408 2091 2478 puerperio

505 2501 727 2573 virginis
775 2501 1136 2572 approbatur,
1186 2517 1308 2573 qua:
1356 2517 1579 2558 munere
1623 2502 1810 2557 matris
1853 2500 2089 2560 ofﬁcium

505 2595 764 2665 prmvcnit
796 2604 851 2651 et
874 2594 1100 2651 exclusit
1124 2598 1328 2651 uxoris.
1377 2594 1529 2662 Quod
1575 2610 1703 2666 ergo
1745 2596 1797 2650 in
1844 2610 1941 2651 usu
1983 2609 2091 2650 non

504 2695 656 2754 erat,
689 2684 742 2748 id
769 2686 1028 2742 facturum
1055 2701 1114 2744 se
1150 2687 1290 2744 Deus
1317 2688 1655 2758 omnipotens
1693 2688 2004 2758 pollicetur;
2037 2698 2092 2744 et

504 2777 674 2843 addit,
723 2777 1024 2849 praevidens
1065 2777 1360 2849 infidelium
1402 2779 1798 2844 multitudinem
1832 2797 1845 2834 :
1887 2777 1977 2835 Va:
2002 2779 2092 2851 qui

502 2870 801 2933 contradicit
829 2857 996 2941 lictori
1019 2888 1135 2942 suo,
1158 2881 1284 2928 testa
1304 2873 1368 2928 de
1390 2874 1564 2929 samiis
1585 2883 1749 2929 ten-te.
1785 2872 1841 2928 ιιι
1866 2882 1969 2942 εει,
1999 2867 2090 2930 Vm

503 2961 591 3017 his
625 2961 738 3033 qui,
781 2963 890 3020 Deo
919 2965 1283 3034 promittente,
1325 2963 1485 3020 fetam
1521 2966 1634 3021 ﬁeri
1675 2966 1938 3037 virginem
1982 2980 2088 3022 non

508 3053 746 3123 potuisse
771 3055 1100 3111 contendunt
1127 3073 1140 3110 :
1174 3070 1403 3128 cumque
1447 3057 1545 3132 ipsi
1574 3056 1794 3116 totidem
1824 3056 1846 3090 ⁸
1874 3056 1998 3113 licet
2022 3057 2090 3114 de

502 3146 796 3217 seminibus
823 3163 853 3202 a
889 3147 998 3204 Deo
1023 3149 1312 3223 institutis,
1350 3159 1523 3205 tamen
1566 3150 1955 3207 interveniente
1993 3150 2089 3207 Dei

501 3238 762 3314 potentia,
781 3238 834 3295 in
851 3240 1147 3304 visceribus
1166 3240 1432 3313 ﬁngantur
1448 3244 1721 3311 maternis,
1741 3243 1951 3314 obstipo
1976 3251 2090 3300 stu-

502 3332 594 3387 dio
621 3332 911 3401 affirmant,
951 3333 1255 3405 nequivisse
1279 3349 1493 3390 carnem
1520 3336 1637 3393 sine
1667 3335 1963 3392 ministerio
1988 3335 2088 3392 viri

501 3437 570 3480 cx
595 3438 756 3480 carne
784 3425 1006 3497 virginis
1030 3425 1298 3495 fabricari.
1326 3426 1458 3498 Tale
1495 3437 1578 3484 est
1605 3428 1763 3499 igitur
1790 3427 1930 3502 quod
1958 3443 2086 3499 vos,

501 3533 538 3575 ο
566 3518 894 3588 pcrvicaces,
926 3533 1033 3574 non
1079 3521 1279 3590 putatis
1309 3537 1394 3576 me
1421 3521 1471 3576 id
1502 3521 1678 3582 facere
1709 3525 1947 3593 potuisse
1967 3565 1984 3591 ,
2024 3539 2088 3581 ae

501 3609 633 3664 mihi
660 3607 729 3666 de
758 3609 837 3665 rei
863 3609 1181 3667 difficultate
1209 3613 1552 3682 praescribitis
1580 3614 1601 3646 ⁷
1622 3655 1638 3680 ,
1667 3629 1790 3670 cum
1816 3631 1911 3670 vos
1943 3614 2088 3685 ipsos

499 3702 748 3758 manibus
771 3703 912 3767 meis.
929 3711 1137 3770 constet
1163 3704 1380 3761 eﬂectos
1404 3723 1420 3772 ;
1445 3706 1623 3777 quale,
1657 3707 1701 3762 si
1732 3708 1899 3763 lutum
1926 3707 2089 3780 figulo

499 3809 620 3860 suo,
645 3809 766 3851 eum
791 3795 859 3850 ab
883 3811 955 3864 eo
979 3805 1255 3866 tractatur,
1288 3797 1508 3864 diceret,
1530 3799 1646 3856 Non
1673 3800 1838 3858 habes
1861 3817 2086 3870 manus;

500 3886 695 3972 quibus
721 3897 846 3950 tunc
891 3889 946 3948 in
986 3905 1079 3948 vas
1107 3881 1322 3969 aliquod
1360 3891 1706 3959 formabatur.
1753 3892 1826 3949 lla
1869 3910 1998 3966 ergo
2035 3904 2093 3970 et

503 3992 620 4043 vos,
650 3978 740 4050 qui
766 3979 1034 4050 inquiritis
1061 3982 1180 4052 quis
1211 3982 1374 4040 filium
1404 3983 1595 4057 virgini
1621 3984 1827 4044 dederit
1851 3987 1966 4049 sine
1991 3987 2092 4048 vitri

503 4067 733 4131 semine.
762 4070 1066 4140 cognoscite
1095 4072 1342 4128 eumdem
1364 4090 1486 4130 esse
1511 4077 1598 4146 qui
1634 4092 1727 4131 vos
1759 4075 1885 4133 fecit
1912 4094 1976 4136 ex
2005 4094 2090 4135 se-

502 4159 668 4216 miue.
709 4158 814 4215 Sed
837 4161 948 4231 jam
975 4164 1227 4234 quoniam
1267 4163 1560 4237 Seripturis
1599 4169 1800 4224 sanctis
1825 4171 2089 4238 expositio

503 4253 649 4309 varia
673 4253 823 4324 licet,
855 4264 1079 4327 utraque
1108 4267 1282 4315 tamen
1316 4259 1399 4329 pia
1427 4267 1482 4315 et
1519 4261 1766 4332 religiosa
1793 4262 2088 4330 concinuit,

503 4348 707 4416 primus
729 4347 1045 4416 terminetur
1066 4349 1199 4404 lihc'r
1230 4369 1244 4405 :
1271 4365 1368 4404 suo
1392 4359 1567 4406 tamen
1590 4352 1692 4411 liue
1717 4369 2088 4422 commoneas,

506 4449 563 4493 ut
587 4438 760 4512 opifex
790 4441 1121 4496 nascentium
1154 4441 1296 4497 Deus
1322 4442 1587 4506 credatur,
1621 4444 1980 4500 innocentium
2007 4427 2092 4501 tu?

503 4540 624 4597 tor,
674 4532 1066 4598 Catholicorum
1114 4543 1522 4603 remunerator,
1569 4533 2092 4610 Manichmorumque

504 4623 784 4680 damnatur
807 4627 849 4680 ⁸.

580 4717 714 4774 Aoc.
757 4717 826 4773 Ut
853 4717 1042 4786 sciant,
1071 4719 1160 4789 qui
1205 4721 1562 4794 intelligenter
1587 4724 1790 4796 legunt,
1823 4724 2090 4797 quemad:

504 4809 722 4864 modum
763 4820 986 4867 conatus
1031 4812 1198 4880 fueris
1240 4817 1402 4873 verba
1445 4820 1734 4891 apostolica
1771 4820 2088 4880 ohnubilare

505 4904 677 4978 clara,
702 4913 755 4959 et
784 4913 926 4960 recta
959 4916 1284 4976 pervertere,
1317 4909 1437 4968 huic
1479 4913 1824 4985 disputationi
1873 4925 1974 4970 tua:
2019 4931 2088 4985 ex

505 4996 695 5050 eadem
750 5006 960 5066 oportet
1007 4999 1244 5071 Apostoli
1303 5003 1664 5074 disputatione
1705 5007 2084 5078 respondeam.

514 5089 708 5143 Volens
739 5088 898 5160 igitur
926 5089 1113 5153 beatus
1137 5093 1334 5158 Paulus
1359 5098 1642 5166 ostendere
1660 5141 1676 5167 ,
1703 5101 1846 5171 quod
1874 5116 1937 5159 ea
1965 5117 2092 5175 qua:

568 5247 587 5318 ξ
613 5245 750 5318 mliti,
774 5243 855 5306 die
877 5259 1017 5318 quem
1038 5247 1184 5311 nubes
1195 5249 1632 5318 justum;_omisso,
1648 5252 1782 5308 mihi.

567 5310 588 5376 ξ
617 5310 769 5376 \‘igm,
796 5321 954 5372 quem.
978 5310 1329 5376 ιιεηέειειεεη
1354 5310 1485 5376 quia.
1619 5310 1629 5316 ’
1764 5320 1766 5323 ’

523 5370 600 5482 ni:
615 5365 765 5434 ΕΔΜ,
799 5365 859 5436 ἀρ
894 5385 981 5437 per
1015 5374 1106 5425 hoc
1137 5389 1170 5426 a
1199 5365 1378 5440 gratia:
1411 5373 1708 5442 Castiganlur
1731 5392 1792 5430 ex
1827 5384 2090 5448 manseri-

504 5444 616 5496 pus.

567 5495 685 5571 ςξὶε
707 5497 973 5560 ttenardm,
996 5505 1053 5552 Δι
1085 5501 1221 5568 \‘ign.
1252 5505 1305 5552 et
1328 5509 1434 5553 uss.
1477 5500 1598 5564 clar.
1792 5510 1918 5555 Part.
1937 5537 1956 5566 ,
2002 5517 2091 5571 per

501 5555 854 5696 ῳῗτζὲῖζηδὶπη.
871 5623 1189 5696 medidi-

567 5681 597 5750 ξ,
616 5685 776 5750 vign.,
797 5681 986 5750 itidem.
1009 5681 1142 5750 Men.
1162 5696 1214 5750 et
1235 5695 1364 5749 Mss,
1389 5687 1602 5740 totidem.

565 5745 589 5817 ξ
613 5745 696 5817 stc'
708 5745 812 5817 Mss.
838 5748 978 5817 miti,
997 5747 1053 5800 ac
1076 5747 1198 5800 mihi
1220 5745 1548 5817 difﬁcultatem
1571 5752 1902 5817 prascribitis.

563 5810 588 5843 ⁸
628 5816 723 5879 Hoc
767 5810 874 5862 loco
917 5813 967 5862 in
1003 5822 1200 5879 _vetere
1267 5810 1434 5879 codice
1469 5810 1622 5879 stati,
1673 5825 1796 5879 ante
1841 5819 2087 5879 augustiui

501 5874 872 5945 Ecsjwttsionem
896 5875 1201 5945 praefigitur,_
1223 5877 1427 5945 Eitplit‘ll
1461 5876 1580 5945 liber
1610 5874 1833 5945 'Jttliani;
1856 5874 1952 5944 qua
1977 5888 2088 5932 nota

627 5933 1172 5989 superioris'volumims
1190 5933 1387 5992 indicari
1409 5941 1551 5996 solet.

1119 445 1361 502 OPERIS
1401 440 1807 498 llll’EllFECTl
1847 438 2118 496 CONTRA
2161 435 2518 503 JULIANL’M,
2560 439 2618 493 S.
2659 437 3023 498 AUGUSTI.“

3641 437 3786 498 mo

2211 553 2452 623 promisit
2483 554 2643 622 Deus,
2674 564 2862 626 potens
2880 565 2956 610 est
2983 564 3036 610 et
3065 554 3240 610 facere
3261 573 3276 622 ;
3301 555 3387 611 ubi
3413 556 3639 613 maxime
3661 571 3790 629 gra-

2204 646 2276 700 tia
2305 647 2728 716 commendatur,
2755 648 2907 718 cujus
2939 649 3068 703 estis
3090 649 3285 704 inimici
3322 666 3334 703 :
3365 665 3538 720 neque
3566 650 3706 704 enim
3735 651 3791 704 iu

2203 746 2466 808 potestate
2495 740 2764 796 hominum
2794 750 2874 796 cst
2897 781 2913 809 ,
2943 750 3000 796 ut
3026 743 3162 796 Deus
3194 742 3407 812 impleat
3434 758 3551 812 qua!
3583 742 3790 814 promi-

2203 829 2310 896 sit,
2354 840 2408 885 et
2447 847 2553 887 non
2595 831 2646 886 in
2696 833 2863 904 ipsius
2899 835 2988 905 qui
3032 834 3275 904 promisit
3305 853 3318 889 :
3350 835 3534 890 volens
3558 849 3686 906 ergo
3730 833 3787 892 id

2202 925 2520 993 ostendere,
2559 924 2679 981 Non
2716 935 2897 998 potest,L
2936 927 3124 998 inquit,
3165 927 3393 982 excidere
3418 927 3618 981 verbum
3648 925 3794 980 Dei:

2203 1029 2303 1081 non
2332 1016 2464 1085 enim
2488 1034 2661 1079 omnes
2697 1018 2785 1088 qui
2827 1035 2889 1076 ex
2929 1017 3117 1085 Israel,
3159 1018 3213 1073 hi
3253 1028 3371 1073 stmt
3405 1017 3599 1083 Israel;
3630 1034 3792 1090 neque

2201 1108 2357 1178 quia‘
2385 1117 2504 1162 sunt
2541 1125 2710 1164 semen
2748 1109 3028 1178 Abraham,
3073 1127 3244 1166 omnes
3273 1110 3516 1182 ﬁlii;‘sed
3539 1111 3592 1166 in
3635 1108 3792 1165 Isaac

2201 1201 2458 1255 roeabitur
2480 1201 2567 1255 tibi
2596 1218 2800 1256 semen:
2827 1203 2923 1257 hoc
2947 1211 3039 1268 est,
3068 1219 3169 1256 non
3205 1203 3258 1256 hi
3283 1203 3370 1269 qui
3395 1202 3490 1273 ﬁlii
3519 1202 3706 1266 carnis,
3737 1201 3792 1256 ht

2202 1292 2299 1362 lilii
2341 1291 2466 1360 Dei;
2491 1293 2580 1349 sed
2623 1294 2722 1364 ﬁlii
2763 1294 3112 1366 promissionis
3141 1295 3452 1365 deputantur
3471 1295 3522 1349 in
3548 1311 3716 1358 semen
3740 1295 3787 1350 ι.

2203 1381 2563 1442 Promissionis
2589 1387 2723 1443 enim
2761 1386 2964 1441 verbum
2992 1387 3088 1450 hoc
3113 1396 3205 1452 est,
3251 1387 3333 1442 Ad
3356 1387 3451 1442 hoc
3475 1395 3670 1458 tempus
3696 1401 3788 1442 κο

2201 1477 2359 1544 niam,
2395 1487 2442 1532 et
2477 1479 2571 1533 erit
2608 1479 2785 1536 Sarra
2807 1478 2995 1535 Filius.
3018 1479 3166 1536 Tene
3192 1481 3244 1536 in
3272 1489 3453 1536 mente
3487 1478 3623 1536 ﬁlios
3663 1495 3792 1551 ριόη

2201 1569 2490 1636 missionis,
2521 1572 2769 1641 quoniam
2813 1573 2904 1644 qui
2945 1573 3188 1644 promisit
3211 1581 3402 1645 potens
3425 1582 3507 1629 est
3531 1582 3585 1628 ct
3611 1571 3793 1629 facere

2205 1659 2378 1733 (Rom.
2402 1677 2475 1728 tv,
2503 1663 2618 1740 2|).
2651 1663 2770 1734 Non
2797 1665 2963 1720 solum
3001 1674 3186 1738 autem,
3219 1667 3407 1738 inquit,
3454 1665 3545 1722 sed
3586 1674 3632 1721 et
3675 1665 3790 1722 Re-

2203 1752 2350 1829 becca
2379 1769 2441 1808 ea:
2465 1771 2564 1809 uno
2587 1757 2852 1812 concubitu
2872 1757 3061 1812 habens
3078 1757 3248 1824 Isaac,
3281 1758 3441 1829 patris
3467 1759 3643 1822 nostri.
3658 1757 3791 1824 Cum

2181 1817 2334 1900 'enim
2363 1846 2587 1900 nondum
2617 1848 2725 1902 nati
2747 1849 2980 1921 fuissent,
3004 1858 3093 1903 aut
3117 1817 3314 1922 aliquid
3336 1825 3550 1924 egissent
3571 1852 3689 1906 boni
3707 1829 3792 1908 vel

2199 1939 2344 2006 mali,
2374 1950 2430 1994 ut
2454 1943 2729 2005 secundum
2753 1943 3044 1998 electionem
3073 1944 3387 2017 propositum
3411 1943 3504 2000 Dei
3534 1955 3786 2014 maneret,

2199 2044 2301 2084 non
2327 2047 2391 2085 ea:
2414 2033 2668 2103 aperibus,
2691 2034 2782 2104 sed
2810 2051 2874 2089 ea:
2896 2043 3102 2101 uocante
3123 2035 3312 2092 dictum
3332 2046 3422 2102 est,
3458 2036 3591 2106 Quia
3619 2037 3792 2109 major

2197 2124 2373 2180 serviet
2395 2126 2595 2180 minori.
2621 2127 2686 2181 Et
2719 2128 2802 2182 hic
2824 2135 2945 2183 tene
2967 2131 3017 2183 in
3040 2140 3220 2184 mente
3248 2128 3566 2184 electionem
3589 2145 3694 2185 non
3716 2145 3790 2199 ex

2197 2217 2470 2288 cperihus,
2500 2234 2658 2290 quam
2688 2219 2922 2296 quodam
2945 2219 3106 2276 modo
3134 2221 3381 2292 exposuit
3407 2219 3665 2293 propheta
3686 2236 3796 2292 ρος

2197 2315 2420 2386 sterior;
2451 2313 2595 2384 quod
2637 2313 2969 2385 subjungeus,
3008 2315 3294 2385 Apostolus
3323 2315 3418 2384 ait,
3467 2313 3612 2371 Sicut
3651 2316 3790 2383 seri-3

2199 2415 2344 2476 ptum
2389 2415 2479 2470 est,
2524 2404 2685 2460 Iacob
2730 2406 2905 2472 dilexi,
2940 2406 3082 2460 Esau
3113 2416 3281 2461 autem
3317 2407 3434 2462 odio
3477 2407 3650 2468 habui.
3683 2407 3790 2468 Hic

2196 2498 2428 2556 occurrit
2462 2499 2706 2569 quicstio,
2737 2514 2855 2568 qua:
2888 2498 3202 2573 pertutbare
3233 2506 3414 2570 posset
3443 2513 3548 2555 non
3587 2499 3789 2555 intelli-

2194 2601 2383 2664 gentes
2425 2591 2759 2646 altitudinem
2785 2590 3004 2660 gratim:
3039 2606 3264 2662 eamque
3307 2591 3407 2646 sibi
3436 2591 3550 2662 ipse
3578 2609 3786 2664 propo-

2195 2700 2353 2751 nens,
2384 2684 2478 2751 ait,
2511 2682 2649 2750 Quid
2675 2701 2794 2755 ergo
2839 2683 3096 2739 dicemus?
3139 2686 3386 2754 numquid
3425 2687 3664 2756 iniquitas
3707 2696 3790 2744 est

2195 2779 2334 2850 apud
2371 2776 2572 2836 Deum?
2609 2777 2770 2832 Absit.
2804 2778 2868 2833 Et
2912 2786 2969 2832 ut
3006 2777 3222 2834 doceret
3247 2778 3388 2849 quod
3425 2778 3576 2846 dixit,
3607 2780 3788 2838 absit:

2195 2870 2400 2944 Moyses
2421 2871 2463 2938 ⁸,
2509 2870 2662 2938 enim,
2702 2870 2894 2942 inquit,
2927 2871 3068 2935 dicit,
3103 2870 3377 2928 Miserebor
3419 2873 3502 2927 cui
3546 2875 3786 2932 misertus

2193 2983 2302 3038 ero,
2323 2975 2368 3021 et
2390 2964 2785 3039 misericordiam
2807 2965 3054 3035 prwstabo
3077 2966 3158 3020 cui
3179 2966 3459 3022 misericors
3479 2968 3642 3039 fuero.
3667 2967 3788 3041 Igi-

2195 3068 2276 3114 tur
2301 3075 2402 3114 non
2427 3057 2655 3124 volentis,
2681 3074 2838 3128 neque
2855 3057 3120 3124 currentis,
3145 3059 3234 3113 sed
3258 3060 3536 3115 miserentis
3562 3071 3634 3116 est
3660 3060 3790 3139 Dei.

2193 3151 2308 3208 Hoc
2330 3152 2375 3207 si
2395 3151 2722 3218 attenderes,
2754 3167 2858 3210 non
2885 3151 3172 3225 extolleres
3199 3159 3382 3218 contra
3412 3154 3636 3226 gratiam
3663 3171 3787 3214 me-

2192 3245 2298 3303 rita
2327 3244 2643 3309 voluntatis;
2680 3243 2766 3299 ubi
2796 3243 2970 3310 audis,
2995 3241 3115 3298 Non
3143 3245 3371 3313 uolentis,
3395 3263 3551 3318 neque
3567 3264 3784 3303 curren.

2191 3339 2278 3406 tis,
2307 3339 2400 3393 sed
2425 3338 2703 3393 miserentis
2731 3346 2802 3392 est
2832 3335 2947 3391 Dei.
2971 3336 3086 3392 Non
3118 3353 3246 3408 ergo
3273 3336 3393 3393 ideo
3421 3339 3672 3395 misertus
3697 3351 3788 3397 est

2194 3428 2356 3495 Deus,
2393 3429 2517 3500 quia
2542 3428 2706 3500 voluit
2731 3436 2784 3486 et
2808 3428 3257 3494 cucurritJacob;
3279 3429 3375 3490 sed
3397 3429 3518 3487 ideo
3539 3431 3703 3488 voluit
3728 3441 3788 3489 et

2189 3521 2428 3579 cucurrit
2453 3521 2640 3586 Jacoh,
2670 3521 2793 3592 quia
2821 3521 3070 3576 misertus
3097 3530 3180 3577 εει
3210 3521 3368 3577 Deus.
3397 3521 3621 3587 Paratur
3637 3523 3784 3580 enim

2192 3613 2438 3669 voluntas
2478 3627 2507 3666 a
2551 3611 2778 3667 Domino
2809 3610 2990 3684 (Prov.
3024 3629 3135 3678 vm,
3178 3630 3277 3668 sec.
3311 3612 3476 3687 LXX)
3503 3631 3517 3668 :
3543 3623 3646 3670 eta
3676 3615 3784 3671 Do-

2192 3705 2343 3761 mino
2366 3719 2581 3777 gressus
2611 3703 2842 3758 hominis
2871 3704 3192 3776 diriguntur,
3221 3714 3276 3760 et
3305 3705 3445 3760 viam
3475 3705 3593 3778 ejus
3637 3706 3784 3764 volet

2195 3795 2369 3869 (Psal.
2396 3813 2582 3862 xxxvi,
2598 3795 2716 3869 2'5).
2742 3796 2965 3864 Deinde,
2985 3797 3108 3868 quia
3129 3808 3343 3870 prepter
3355 3798 3521 3856 Jacoh
3541 3799 3680 3855 dicta
3697 3810 3786 3857 est

2195 3890 2294 3946 ista
2321 3890 2580 3946 sententia
2608 3888 2894 3960 generalis,
2924 3887 3047 3943 Non
3070 3890 3296 3955 colentis,
3326 3907 3484 3962 neque
3511 3892 3782 3960 currentis,

2194 3983 2284 4037 sed
2303 3982 2584 4050 ntiserentis
2605 3990 2676 4035 est
2703 3979 2795 4034 Dei
2821 3999 2840 4035 :
2865 3979 3022 4050 datur
3042 3979 3202 4036 etiam
3227 3982 3528 4052 exemplum
3557 3981 3624 4038 de
3644 3983 3785 4038 Pha-

2195 4089 2377 4140 raone,
2411 4083 2627 4144 propter
2657 4072 2706 4136 id
2739 4072 2880 4148 quod
2912 4072 3112 4128 dictum
3143 4082 3247 4141 est,
3294 4071 3435 4128 Esau
3465 4083 3630 4129 autem
3661 4076 3784 4130 odio

2194 4166 2377 4233 habui;
2425 4176 2479 4221 et
2516 4166 2813 4238 subjicitur,
2869 4167 3000 4221 Dicit
3027 4169 3162 4221 enim
3193 4167 3461 4240 Scriptura
3492 4167 3780 4235 Pharaoni,

2196 4260 2332 4328 Quia
2372 4258 2440 4313 ad
2471 4260 2563 4314 hoc
2599 4270 2646 4316 te
2672 4261 2905 4328 excitavi,
2952 4269 3006 4316 ut
3050 4261 3315 4316 ostendam
3362 4262 3416 4317 in
3463 4273 3510 4317 te
3546 4263 3785 4320 virtutem

2192 4371 2374 4418 meam,
2405 4362 2452 4410 et
2477 4363 2533 4412 ut
2557 4355 2883 4410 annuntietur
2901 4372 3080 4422 nomen
3098 4373 3263 4427 meatu
3284 4357 3337 4411 in
3358 4357 3445 4411 uni
3451 4373 3591 4412 versa
3619 4367 3781 4412 terra.

2193 4446 2320 4503 Post
2361 4445 2477 4500 huic
2504 4445 2570 4501 ad
2607 4455 2894 4518 utrumque
2940 4449 3297 4515 concluditur,
3331 4447 3470 4520 Ergo
3500 4451 3643 4520 cujus
3672 4451 3784 4506 vult

2192 4539 2470 4606 miseretur,
2506 4548 2554 4594 et
2582 4555 2729 4610 quem
2756 4539 2860 4594 vult
2886 4539 3142 4594 obdurat:
3167 4539 3263 4594 sed
3290 4541 3575 4596 miseretur
3599 4542 3786 4612 utique

2192 4629 2484 4687 secundum
2507 4631 2752 4702 gratiam,
2780 4646 2896 4701 qua:
2922 4631 3086 4702 gratis
3107 4631 3280 4696 datur,
3305 4648 3411 4686 non
3431 4632 3632 4688 meritis
3658 4631 3784 4688 red-

2191 4724 2363 4790 ditur;
2395 4724 2624 4778 obdurat
2652 4737 2826 4779 autem
2855 4723 3148 4780 secundum
3175 4723 3456 4795 judicium,
3495 4726 3634 4796 quod
3666 4742 3782 4781 tne-

2191 4818 2309 4873 ritis
2332 4815 2628 4872 redditur‘.
2659 4817 2731 4871 De
2769 4831 2941 4871 massa
2982 4817 3177 4887 quippe
3199 4817 3446 4874 damnata
3475 4820 3650 4874 facere
3683 4833 3783 4873 vas

2193 4908 2248 4965 in
2276 4907 2557 4975 honorem,
2588 4906 2870 4970 manifesta
2899 4917 2981 4962 est
3013 4909 3216 4980 gratia:
3243 4907 3416 4966 facere
3444 4919 3621 4966 autem
3655 4909 3783 4967 inde

2192 5018 2286 5057 vas
2316 5003 2368 5057 in
2397 5001 2795 5067 contumeliam,
2820 5000 3022 5072 justum
3059 5001 3319 5072 judicium
3359 5012 3459 5058 est.
3504 5002 3637 5058 llinc
3665 5003 3784 5074 jam

2193 5094 2481 5165 subjicieus
2505 5093 2667 5169 verba
2693 5108 2902 5164 eorum,
2923 5094 3116 5168 quibus
3138 5093 3241 5150 hoc
3262 5094 3526 5166 displicet,
3549 5096 3622 5149 ait
3645 5115 3656 5149 :
3680 5094 3783 5150 Di-

2191 5187 2264 5250 cis
2289 5186 2456 5257 itaque
2479 5184 2622 5252 mihi,
2651 5185 2788 5252 Quid
2806 5185 2971 5246 adhuc
3000 5187 3368 5257 conqueritur?
3389 5205 3507 5241 nam
3533 5189 3786 5245 voluntati

2192 5279 2302 5350 ejus
2329 5277 2442 5348 quis
2470 5277 2694 5332 resistit?
2719 5276 2932 5348 Eosque
2957 5277 3248 5337 cohibens:
3283 5278 3326 5333 0
3369 5279 3537 5345 Ιιοιιιο,
3585 5279 3780 5350 inquit,

2192 5380 2245 5444 tu
2270 5370 2382 5442 quis
2417 5386 2469 5425 es
2502 5370 2590 5444 qui
2612 5371 2917 5442 respondeas
2947 5369 3091 5427 Deo?
3130 5371 3394 5445 Numquid
3421 5375 3540 5428 dicit
3565 5376 3782 5445 ﬁgmeno

2257 5572 2275 5604 ι
2297 5577 2402 5630 uss,
2428 5578 2537 5624 Mar.
2564 5578 2617 5621 et
2630 5570 2778 5634 etim,
2795 5570 2897 5633 qui.

2257 5635 2280 5666 ⁸
2301 5634 2376 5683 sic
2396 5641 2502 5682 Mss.
2524 5633 2659 5692 mni,
2685 5633 2738 5684 in
2765 5648 2942 5686 semen.

2258 5695 2279 5758 ξ
2295 5702 2453 5758 Forte,
2498 5693 2666 5758 Moysi.

2254 5756 2277 5787 ι
2301 5756 2643 5828 alterum-hoc
2675 5759 2948 5828 membrum
2969 5763 3256 5828 sementim,
3275 5761 3488 5828 obdurat
3517 5769 3677 5814 autem
3707 5780 3786 5820 ses

2193 5819 2406 5885 ctutdum
2439 5819 2723 5885 judicium,
2765 5823 2890 5882 qua?!
2935 5823 3119 5872 meritis
3159 5824 3410 5885 redditur,
3449 5840 3512 5874 ex
3550 5819 3783 5878 veterum

2195 5884 2426 5932 librorum
2459 5882 2553 5932 ﬁde
2586 5883 2904 5934 restitttituus.
2941 5886 2986 5932 td
3021 5885 3200 5936 habent
3241 5882 3403 5940 cﬁatn’
3431 5887 3555 5938 Beda
3589 5897 3637 5939 et
3673 5890 3784 5942 t-‘lo-

2197 5958 2297 5996 tus.
