3996 6478
218 396 325 455 ΗΜ
1486 380 1687 436 LIBER
1727 379 2100 437 SECUNDUS.
3323 385 3464 444 “ta

217 525 304 567 tum
326 509 365 564 ei
386 506 471 577 qui
494 523 549 561 se
578 506 749 575 finxit,
783 501 913 569 Quid
942 517 1019 555 me
1044 498 1205 570 fecisti
1244 496 1357 552 sic?
1391 496 1573 551 Annon
1612 494 1759 548 habet
1873 494 2029 550 faciat
2055 496 2248 550 habere
2269 496 2547 568 justitiam.
2584 498 2782 554 Deinde
2808 514 3045 556 connexa
3076 500 3289 555 sibimet
3318 501 3462 555 serie

216 610 477 675 potestatem
520 598 712 669 ﬁgulus
754 596 862 661 luti,
902 611 964 648 ea:
1004 592 1179 647 eadem
1208 608 1373 645 massa
1412 596 1578 663 facere
1619 587 1761 642 aliud
1869 588 2261 658 disputationis,
2312 591 2377 644 ad
2425 590 2550 644 illttd
2593 592 2851 660 pervenit,
2886 591 2972 645 ubi
3003 592 3097 655 ait,
3150 591 3270 646 Dico
3314 608 3459 662 ergo,

214 695 385 768 quidem
411 707 494 744 t'as
517 690 570 743 in
597 690 856 754 honorem,
886 684 1025 741 aliud
1050 702 1100 739 tu
1134 683 1531 738 contumeliam?
1558 680 1690 737 Vide
1716 678 1759 733 si
1873 678 2135 748 Numquid
2183 684 2366 752 repulit
2407 680 2547 736 Deus
2596 680 2786 751 plebem
2829 682 3013 736 suam?
3046 683 3182 736 Absit
3216 697 3239 738 :
3263 698 3382 736 nant
3413 690 3461 736 et

216 805 304 844 non
330 789 580 839 consmtat
607 779 968 851 superioribus
997 776 1126 841 suis,
1170 783 1224 830 et
1266 774 1515 831 dissentit
1554 789 1583 828 a
1616 773 1718 828 luis
1745 790 1757 828 :
1868 788 1957 843 ego
1988 769 2223 827 Israelita
2252 790 2385 839 sum,
2413 790 2474 828 ex
2499 773 2687 827 sentiae
2714 772 2988 838 Abraham,
3022 788 3084 826 ex
3115 773 3245 827 tribu
3274 772 3469 841 Benia-

215 880 289 953 qni
318 886 455 947 putas
484 873 586 929 hoc
629 874 826 929 dictth
855 870 1146 926 secundum
1186 869 1371 923 merita
1404 869 1757 933 voluntatum,
1868 864 1971 917 min
1994 881 2014 919 :
2040 882 2139 919 non
2165 866 2349 935 repulit
2391 865 2523 920 Deus
2566 865 2755 935 plebem
2792 882 2957 930 suam,
2988 882 3139 937 quant
3181 866 3452 933 prtvscivit,

213 980 367 1027 contra
388 966 437 1021 id
462 965 602 1036 quod
628 965 741 1035 ipse
766 964 860 1029 ait,
882 961 1005 1019 Cum
1032 962 1162 1015 enim
1191 960 1415 1016 nondum
1442 960 1549 1013 nati
1573 967 1759 1025 essent,
1870 959 1947 1013 An
1975 961 2172 1014 nescitis
2194 962 2245 1014 in
2273 960 2388 1014 Elia
2411 960 2533 1032 quid
2552 960 2671 1015 dicit
2708 958 2997 1029 Scriptura,
3029 958 3451 1027 quemadmodum

213 1077 285 1114 nec
308 1056 484 1127 aliquid
513 1056 728 1127 egissent
759 1054 875 1109 boni
899 1054 975 1110 vel
1001 1053 1146 1119 ntali,
1175 1064 1228 1107 ut
1255 1052 1532 1107 secundum
1561 1052 1762 1105 electio-
1868 1052 2157 1123 interpellat
2184 1052 2345 1107 Deum
2374 1054 2613 1108 adversus
2649 1052 2855 1107 Israel?
2905 1052 3138 1115 Domine,
3183 1050 3456 1120 praphetas

214 1168 306 1205 item
328 1148 628 1218 propositum
656 1146 751 1205 Dei
777 1154 1015 1213 maneret,
1054 1161 1157 1199 ncte
1186 1161 1251 1198 ea:
1276 1143 1531 1215 aperibas,
1572 1141 1663 1198 sed
1698 1158 1763 1197 ex
1869 1153 1980 1199 tuos
2001 1145 2307 1211 occiderunt,
2331 1155 2375 1199 et
2394 1144 2577 1200 altaria
2597 1154 2685 1198 tua
2710 1142 3047 1210 stt/foderunt,
3070 1152 3114 1196 et
3134 1158 3223 1214 ego
3251 1139 3457 1195 relictus

214 1251 390 1299 rorante
410 1239 599 1292 dictum
623 1248 717 1300 est,
750 1238 881 1303 Quia
908 1238 1073 1301 maior
1094 1236 1275 1299 seruiet
1302 1235 1482 1289 minori
1496 1250 1516 1300 ;
1551 1244 1609 1290 et
1634 1250 1764 1303 con-
1867 1253 1979 1293 sum
2007 1237 2166 1303 solus,
2195 1246 2241 1291 et
2267 1246 2498 1308 quierunt
2526 1237 2748 1290 animam
2793 1251 2974 1289 meam.
3023 1232 3130 1288 Sed
3168 1231 3291 1300 quid
3336 1229 3459 1284 dicit

215 1344 279 1389 ira
302 1332 345 1386 id
368 1329 501 1399 quod
536 1331 649 1401 ipse
677 1329 770 1395 ait,
798 1328 968 1399 Igitur
992 1344 1095 1382 non
1114 1327 1343 1393 volentis,
1372 1343 1531 1395 neque
1553 1344 1764 1381 curren-
1867 1328 1945 1382 illi
1973 1345 2265 1399 responsant
2293 1328 2554 1385 diuinum?
2586 1328 2786 1397 Reliqui
2812 1328 2935 1381 mihi
2974 1336 3163 1396 septem
3192 1325 3355 1380 millia
3384 1326 3458 1379 ri-

215 1426 284 1491 tis,
305 1422 383 1478 sed
408 1422 682 1475 misercutis
712 1429 784 1475 est
812 1419 926 1475 Det.
960 1418 1071 1475 Nec
1095 1419 1269 1473 solum
1292 1426 1478 1473 contra
1504 1417 1619 1487 lucc
1642 1434 1761 1488 qua:
1866 1437 2060 1485 rorum,
2091 1421 2176 1488 qui
2196 1438 2295 1475 non
2321 1428 2648 1475 curvaverant
2676 1437 2805 1491 genu
2827 1427 2944 1473 ante
2962 1417 3112 1473 Baal.
3144 1416 3235 1473 Sic
3261 1432 3381 1488 ergo
3411 1425 3459 1469 et

214 1521 588 1588 przecessctuut,
633 1528 833 1575 verum.
863 1512 1041 1579 etiam,
1068 1522 1253 1566 contra
1302 1510 1391 1565 illa
1419 1525 1536 1580 qua!
1568 1510 1761 1564 SIIbSC°
1868 1514 1921 1573 iu
1946 1515 2040 1568 hoc
2070 1524 2290 1584 tempore
2323 1514 2551 1584 reliquid:
2595 1531 2683 1584 per
2726 1514 3017 1567 electionem
3059 1512 3239 1583 gratia:
3261 1511 3276 1542 ¹
3308 1513 3459 1581 facta!

214 1615 435 1677 quuntur.
458 1603 595 1659 Vasa
621 1604 818 1674 quippe
846 1604 939 1658 ira:
966 1602 1115 1668 dicit,
1144 1618 1262 1673 qua:
1292 1612 1417 1656 sunt
1448 1600 1685 1671 perlecta
1709 1601 1761 1656 in
1866 1616 2002 1663 sunt.
2033 1606 2092 1661 Si
2122 1617 2291 1662 autem
2333 1607 2517 1677 gratia,
2558 1607 2671 1675 jam
2699 1623 2797 1660 non
2827 1622 2888 1661 ea:
2925 1605 3200 1673 operibus;
3225 1604 3456 1672 alioquin

214 1699 559 1771 perditionem;
608 1697 753 1767 quod
785 1696 1037 1767 injustum
1064 1705 1228 1762 esset,
1276 1695 1376 1751 nisi
1414 1696 1665 1751 omnibus
1694 1712 1765 1755 ex
1866 1700 2033 1769 gratia
2052 1700 2167 1770 jam
2197 1716 2297 1754 non
2327 1708 2398 1754 est
2430 1700 2615 1770 gratia.
2649 1699 2850 1755 Deinde
2878 1699 2999 1753 vide
3024 1698 3149 1769 quid
3178 1697 3453 1766 adiungat.

214 1806 302 1845 uno
339 1791 386 1844 in
430 1787 928 1843 condemnationem
984 1787 1318 1843 venientibus
1353 1786 1464 1858 jam
1512 1787 1761 1849 damnata
1871 1790 2007 1855 Quid
2035 1808 2175 1861 ergo,
2200 1793 2404 1861 inquit?
2425 1790 2577 1859 Quod
2618 1792 2866 1860 qttwrebat
2914 1789 3100 1854 Israel,
3133 1790 3227 1843 hoc
3252 1796 3457 1842 nonest

214 1898 362 1939 massa
395 1891 562 1937 esset:
588 1890 643 1936 et
667 1897 792 1943 vasa
822 1880 949 1943 dicit
978 1879 1379 1947 misericordiae,
1407 1896 1525 1950 qua:
1562 1894 1765 1949 prcha-
1866 1894 2198 1938 consecutus:
2220 1885 2395 1939 electio
2432 1894 2601 1939 autem
2626 1893 2893 1938 consecuta
2935 1892 3028 1937 est.
3073 1881 3179 1937 Sed
3208 1881 3455 1951 superius

213 1974 326 2028 mit
348 1974 393 2027 iu
417 1972 669 2041 gloriam:
703 1971 777 2027 ad
800 1971 1219 2028 misericordiam
1241 1971 1435 2042 quippe
1454 1980 1759 2042 gratuitam,
1867 1977 2073 2046 reSpice
2095 1977 2267 2047 qualis
2290 1977 2498 2041 electio,
2528 1976 2615 2030 ubi
2646 1976 2715 2029 ait
2737 1993 2749 2029 :
2777 1975 3019 2042 Reliquae
3046 1991 3136 2044 per
3162 1973 3458 2029 electionem

212 2080 298 2120 non
317 2064 559 2129 debitum,
584 2064 808 2133 pcrtiucl
830 2063 898 2120 de
923 2079 1097 2119 massa
1126 2062 1376 2119 damnata
1405 2079 1528 2117 vasa
1563 2063 1614 2117 in
1643 2063 1761 2133 εἶο-
1866 2071 2043 2140 gratia:
2065 2071 2214 2139 facta:
2226 2078 2341 2125 sunt
2363 2070 2621 2127 :siautem
2641 2070 2826 2139 gratia,
2840 2070 2955 2139 jam
2984 2085 3083 2122 non
3112 2083 3174 2121 ea:
3196 2066 3453 2135 operibus.

211 2157 319 2211 riam
352 2171 669 2225 praeparare;
697 2172 797 2210 non
821 2156 984 2210 solum
1009 2172 1074 2210 ea:
1097 2154 1316 2219 Juda'is,
1346 2154 1650 2221 sicutdicit;
1673 2154 1763 2211 sed

1870 2163 1933 2219 Et
1954 2162 2056 2219 hoc
2082 2162 2248 2219 refert
2272 2162 2341 2216 ad
2383 2161 2532 2227 illud,
2582 2160 2721 2216 unde
2763 2160 3051 2231 disputatio
3078 2160 3176 2214 ista
3208 2157 3448 2230 proiecta

208 2249 334 2303 etiatn
358 2264 414 2301 ea:
436 2245 703 2314 Gentibus,
732 2256 949 2317 propter
972 2247 1295 2317 quod-ponit
1312 2246 1673 2308 testimonium
1695 2246 1762 2303 d0
1866 2267 1983 2313 est:
2012 2254 2139 2312 Cant
2167 2256 2298 2310 enim
2323 2254 2548 2309 nondum
2574 2254 2679 2307 nati
2707 2263 2891 2320 essent,
2918 2268 3079 2324 neque
3105 2250 3297 2323 aliquid
3323 2250 3458 2323 egis-

208 2342 322 2395 Osce
338 2338 606 2410 propheta,
636 2338 819 2395 Voconi
837 2356 936 2394 non
954 2338 1143 2411 plebem
1160 2356 1341 2405 meam,
1362 2339 1553 2408 plebem
1574 2354 1763 2403 meam;

1875 2359 1974 2404 rent
1999 2350 2113 2403 boni
2140 2358 2224 2401 aut
2255 2346 2399 2414 mali,
2426 2356 2479 2400 ut
2505 2346 2781 2400 secundum
2810 2346 3103 2401 electionem
3135 2346 3453 2417 prepositum

208 2443 251 2489 et
274 2433 334 2487 de
357 2432 504 2498 Isaia,
532 2430 755 2502 Pr0pter
783 2431 949 2486 Israel
976 2432 1204 2501 reliquiae
1228 2432 1383 2486 salute
1407 2432 1551 2501 ﬁent.
1584 2430 1652 2488 Ut
1676 2447 1763 2485 au-

1873 2439 1964 2495 Dei
1987 2448 2245 2502 maneret;
2276 2454 2377 2493 non
2402 2454 2465 2493 ea:
2487 2436 2740 2509 aperibas.
2771 2436 2896 2491 llzec
2921 2447 3003 2492 est
3029 2436 3220 2492 electio
3243 2436 3451 2507 gratim,

210 2535 295 2581 lem
318 2534 489 2593 essent
510 2526 627 2580 istan
648 2525 910 2595 relitluitc,
935 2526 1103 2596 gralia
1134 2525 1226 2580 Dei
1255 2526 1451 2580 laetum
1477 2539 1596 2580 esse
1624 2525 1764 2585 lcsli-
1866 2549 1971 2589 non
1994 2550 2059 2588 ex
2080 2533 2348 2602 operibus,
2383 2547 2486 2602 qua
2507 2533 2528 2564 '
2551 2532 2683 2587 [lunt
2707 2545 2832 2585 vasa
2855 2530 2907 2585 in
2934 2530 3217 2595 honorem,
3245 2539 3303 2584 ut
3316 2531 3457 2585 bona

207 2620 358 2672 ntouio
372 2626 625 2688 sequente
644 2618 822 2685 docet,
852 2633 947 2687 per
966 2616 1213 2673 eumdem
1245 2616 1559 2687 prophetam
1587 2616 1763 2672 dicen.
1866 2641 2029 2695 «metu
2058 2623 2253 2678 faciunt
2275 2642 2287 2677 :
2311 2624 2590 2694 quiaboua
2608 2637 2773 2693 opera
2790 2621 3188 2692 subsequuntur
3207 2621 3455 2693 gratiam,

208 2718 313 2775 tetu,
359 2707 471 2763 Nisi
512 2707 765 2763 Dominus
808 2708 1017 2769 sabaoth
1062 2707 1343 2779 reliquisset
1386 2707 1529 2763 nobis
1570 2725 1759 2763 semen.

1880 2737 1972 2775 non
2006 2717 2341 2790 prtceedunt;
2372 2716 2623 2787 quoniam
2644 2716 2811 2787 gratia
2844 2715 2937 2771 Dei
2970 2714 3096 2770 facit
3121 2724 3178 2770 ut
3204 2730 3267 2770 ea
3296 2713 3458 2770 facia-

209 2801 382 2856 Dcimlc
405 2800 634 2858 ostendit
659 2800 860 2857 Cellles
900 2816 977 2865 ex.
1010 2800 1115 2856 “de
1142 2800 1560 2871 θρρτειιοηάίεδθ
1596 2800 1767 2870 Ws"!
1866 2830 2016 2879 inus;
2050 2828 2149 2868 nec
2174 2812 2561 2867 constituamus
2594 2811 2853 2881 justitiam
2906 2818 3167 2875 nostram,
3219 2809 3315 2866 sed
3364 2809 3460 2864 Del

208 2894 343 2947 tiam:
369 2890 523 2951 Israel
551 2904 730 2950 autem
763 2895 883 2952 idco
908 2910 1012 2950 nou
1036 2895 1474 2965 apprehendisse,
1498 2896 1619 2967 quia
1655 2912 1761 2951 non
1862 2905 2063 2975 jnstitia
2091 2904 2237 2959 sitin
2265 2903 2441 2969 nobis,
2472 2902 2521 2957 id
2549 2910 2653 2967 est,
2685 2917 2841 2972 quam
2890 2901 3055 2956 donat
3100 2903 3241 2958 Deus
3279 2901 3457 2957 nobis.

212 3001 265 3040 ex
291 2988 392 3051 title,
428 2987 799 3059 scdtanqttam
827 3004 893 3044 ex
922 2988 1195 3058 Operihus.
1223 2988 1382 3045 Fides
1406 2990 1547 3045 enim
1576 2988 1757 3053 habet,
1865 2997 2045 3054 οωιενὶ
2068 3014 2178 3052 vero
2199 2998 2433 3052 minanti
2455 2994 2763 3068 sunt(Rom.
2782 2998 2927 3062 sui,
2946 2995 3038 3065 7):
3070 2995 3175 3051 hoc
3206 3004 3290 3051 est
3308 2994 3459 3067 judi-

208 3078 323 3148 qm-d
340 3080 617 3151 aliquando
639 3090 760 3151 post
786 3082 946 3137 dicit:
972 3082 1225 3148 Quonam
1248 3084 1413 3138 omnis
1438 3083 1528 3155 qui
1553 3084 1759 3137 ὺιυοεα·
1865 3091 2028 3157 cium,
2063 3105 2171 3161 quo
2202 3091 2332 3144 tiunt
2354 3103 2477 3143 vasa
2511 3089 2563 3143 in
2593 3089 3004 3153 contumeliam;
3033 3104 3099 3144 ex
3125 3104 3231 3159 quo
3250 3086 3456 3158 judicio

206 3173 307 3225 serit
325 3189 495 3227 nomen
521 3172 753 3239 Domini,
780 3174 951 3230 salvus
970 3175 1083 3231 erit.
1113 3175 1187 3232 Ad
1213 3191 1370 3248 quam
1394 3175 1618 3231 salutem
1640 3191 1763 3246 per-
1865 3180 2067 3237 dictum
2094 3189 2196 3244 est,
2232 3180 2371 3236 Esau
2397 3189 2561 3233 autent
2591 3180 2709 3233 odio
2731 3180 2902 3233 habui.
2933 3177 3009 3235 Ex
3031 3196 3137 3250 quo
3158 3178 3358 3250 judicio
3378 3179 3461 3234 di-

208 3263 334 3331 tinet,
360 3274 416 3319 ut
440 3281 601 3335 opera
650 3266 787 3321 bona
828 3276 884 3323 et
920 3267 1116 3337 justiti:
1172 3270 1274 3325 noh
1301 3283 1326 3325 3
1355 3282 1420 3324 ex
1452 3268 1562 3324 Deo
1590 3268 1755 3332 sint‘,
1866 3281 2009 3327 ctum
2036 3280 2117 3326 est
2141 3270 2303 3326 etiam
2324 3270 2611 3335 Pharaoni,
2642 3270 2722 3324 Ad
2747 3271 2840 3324 hoc
2870 3278 2918 3323 te
2940 3270 3169 3325 excitavi.
3190 3268 3342 3325 Unde
3363 3283 3459 3339 ap-

204 3370 289 3408 non
314 3371 374 3410 ex
402 3358 571 3412 nobis.
606 3357 833 3429 Propter
855 3359 1019 3430 quod,
1050 3358 1117 3429 de
1156 3358 1261 3415 .ll'ts
1288 3360 1377 3431 qui
1407 3374 1511 3415 non
1540 3375 1604 3415 ex
1633 3359 1757 3424 fide,
1866 3374 2019 3434 paret
2043 3378 2137 3418 vos
2159 3362 2237 3417 sic
2259 3362 2637 3431 intelligentcs,
2657 3362 2739 3416 vel
2768 3362 2942 3432 potius
2969 3375 3073 3419 non
3098 3360 3458 3431 intelligentes

202 3445 278 3500 sed
305 3456 546 3518 tanquam
573 3464 641 3503 ex
665 3450 916 3521 operibus
953 3450 1290 3507 oﬂ'enderunt
1317 3452 1367 3506 in
1400 3451 1632 3521 lapidem
1679 3450 1763 3505 οι·-
1868 3454 2205 3525 Apostolum,
2228 3470 2290 3509 ex
2314 3454 2564 3523 operibus
2587 3460 2771 3507 contra
2802 3454 3026 3523 gratiam
3050 3452 3190 3508 velle
3213 3452 3453 3523 gloriari,

202 3537 451 3605 lensionis,
483 3542 744 3613 sequitur,
789 3552 845 3599 et
890 3543 1021 3599 dicit
1056 3561 1070 3599 :
1113 3543 1344 3609 Fratres,
1375 3544 1503 3599 bona
1530 3544 1761 3601 voluntas
1866 3557 1921 3603 et
1946 3559 2176 3601 veSIram
2195 3545 2453 3615 justitiam
2478 3546 2717 3601 volentes
2744 3547 3089 3610 constituere,
3116 3545 3335 3616 iustitia:
3361 3545 3460 3601 Dei

201 3632 375 3698 quidem
402 3635 566 3688 cordis
590 3635 709 3703 mei,
740 3642 789 3689 et
824 3635 1111 3707 deprecatio
1139 3636 1208 3690 ad
1237 3636 1399 3691 Deum
1443 3653 1535 3708 pro
1571 3637 1675 3691 illis
1707 3636 1760 3691 in
1867 3655 1973 3694 non
2002 3637 2441 3708 cssesubjcmos.
2465 3637 2574 3693 Nos
2605 3652 2733 3696 vero
2759 3639 2924 3693 Deum
2955 3637 3171 3707 quidem
3204 3637 3456 3708 parvulo-

199 3724 387 3778 solutem
408 3741 427 3780 :
451 3726 787 3785 testimonium
808 3726 940 3782 enim
962 3726 1195 3797 perhibeo
1216 3709 1319 3782 illis
1336 3729 1455 3798 quia
1480 3727 1643 3782 selum
1666 3726 1762 3782 Dei
1866 3746 1985 3786 rttm
2012 3730 2258 3801 cpilicem
2286 3728 2675 3799 prmdicamus:
2702 3728 2797 3784 sed
2822 3743 2899 3791 ex,
2919 3728 3105 3784 eadem
3136 3742 3315 3783 massa
3339 3744 3460 3785 me-

199 3816 378 3885 ltabent,
405 3820 493 3874 sed
520 3837 625 3875 non
649 3820 923 3877 secundum
963 3821 1240 3875 scientiam.
1289 3819 1591 3891 Ignorantes
1628 3820 1763 3874 enim
1867 3822 2012 3878 dium
2042 3822 2215 3877 locum
2243 3821 2402 3885 vasis,
2437 3821 2525 3876 ubi
2569 3835 2673 3878 nec
2709 3821 2760 3875 in
2790 3821 3051 3876 honorem
3096 3820 3244 3888 (iant,
3277 3835 3374 3875 nec
3403 3822 3457 3875 in

198 3908 277 3963 Dei
298 3912 547 3980 justitiam
576 3922 622 3975 et
650 3928 797 3968 suam
826 3913 1080 3985 justitiam
1120 3921 1397 3983 quterentes
1438 3912 1755 3977 constituere,
1866 3913 2266 3977 contumeliam,
2294 3926 2454 3983 quem
2481 3928 2585 3967 non
2608 3911 2755 3967 dedit
2777 3912 3082 3981 Apostolus,
3105 3926 3212 3967 non
3236 3911 3455 3977 damus;

195 4002 379 4071 justitia:
406 4002 499 4060 Dei
525 4021 628 4058 non
667 4014 783 4059 sunt
819 4004 1031 4075 subjecti
1060 4003 1234 4078 (llam.
1260 4020 1335 4071 ιχ,
1366 4003 1430 4069 6;
1459 4019 1491 4058 κ
1514 4044 1528 4068 ,
1557 4004 1611 4070 5,
1647 4004 1757 4074 l3).
1866 4006 2008 4078 quod
2034 4020 2130 4061 vos
2175 4004 2420 4060 faciendo
2465 4004 2764 4060 evaderetis
2803 4003 3063 4074 judicium
3104 4003 3218 4070 Dei,
3254 4003 3301 4058 si
3329 4017 3457 4058 eum

200 4094 329 4159 Quod
358 4096 577 4150 ontuino
601 4106 657 4151 et
681 4110 778 4152 vos
800 4096 972 4152 facitis
992 4112 1005 4151 :
1027 4096 1284 4166 justitiam
1307 4097 1501 4171 quippe
1527 4105 1758 4151 vestram
1867 4098 2237 4156 tantummodo
2252 4097 2694 4163 Manichaeorum,
2725 4105 2782 4153 et
2822 4112 2929 4153 non
2959 4096 3199 4152 omnium
3237 4095 3453 4153 haereti-

202 4186 336 4241 vultis
350 4190 697 4253 constituere,
717 4189 801 4243 cui
819 4188 961 4244 Deus
982 4187 1273 4244 secundum
1294 4188 1480 4242 merita
1504 4187 1761 4243 retribuat
1867 4207 2052 4250 eorum
2072 4192 2441 4248 damnatos-cm
2459 4191 2831 4247 demonstrare
2852 4189 3101 4261 possetis.

197 4278 425 4345 gratiam;
456 4294 556 4335 nec
600 4280 759 4335 vultis
783 4280 1006 4351 gratiam
1036 4279 1128 4336 Dei
1161 4279 1487 4350 prascedcre,
1519 4293 1640 4350 qua)
1664 4293 1763 4334 vos

1931 4351 1950 4381 ι
1982 4347 2253 4397 vianicrius
2273 4345 2353 4397 hic
2374 4352 2426 4396 ct
2449 4344 2569 4396 infra
2587 4346 2633 4393 in
2656 4356 2718 4395 eo
2739 4343 2867 4393 Pauli
2890 4341 3165 4395 testimonio
3179 4347 3461 4393 constanter

250 4409 264 4438 ¹
289 4409 425 4482 limi,
458 4416 514 4482 ut
542 4423 692 4475 ορθνα
718 4410 861 4482 “bona
898 4410 1025 4472 sint,
1065 4416 1113 4463 et
1144 4409 1337 4475 Justitia
1376 4410 1512 4463 nobis
1549 4423 1617 4463 ea:
1662 4420 1762 4463 Deo
1867 4385 2253 4482 ααρῑίξίέὶῇἱιὶξέῗ
2275 4385 2427 4482 ’ένξ
2449 4385 2633 4396 ’“’““““
2658 4385 2718 4395 "
2740 4385 2867 4393 ’““”
2892 4385 2945 4428 "1

199 4475 267 4517 stt.
293 4468 583 4535 Castigaatur
618 4487 681 4523 ex
714 4474 811 4525 nae
845 4482 925 4524 us.
959 4468 1084 4529 Part.
1144 4468 1160 4475 '
1931 4470 2105 4541 ’Δριιά
2126 4471 2317 4530 δαίων
2343 4468 2475 4534 σκία-

197 4614 3464 4647 —_______._______._._._____.._.__________.______,____

1098 4738 1577 4857 LIBER
1636 4734 2516 4853 SECUNDUS.

246 4920 481 4989 helellitnr
498 4925 625 4974 .zher
645 4925 819 4989 .tuliani
838 4926 897 4975 ad
922 4928 1107 4979 Florum
1130 4928 1389 4983 secundus,
1412 4927 1495 4985 qui
1514 4926 1579 4976 de
1600 4924 1698 4975 illis
1720 4932 1798 4975 est
1820 4921 2029 4989 Apostoli
2047 4923 2228 4979 verbis,
2257 4922 2315 4970 ad
2337 4928 2572 4989 permotis
2592 4937 2640 4983 v,
2668 4931 2763 4989 rer
2784 4936 2933 4989 unum
2956 4923 3195 4989 hominem
3212 4932 3465 4989 peccatum

192 4993 233 5056 ut
252 4986 371 5034 hunc
392 4988 626 5037 mundum
645 4986 858 5056 intrarit,
882 4999 1028 5056 etper
1052 4998 1301 5056 peccatum
1320 4983 1449 5056 mors
1468 5003 1485 5051 ;
1502 4992 1631 5056 ettta
1652 4991 1704 5039 in
1718 4983 1880 5056 omnes
1902 4983 2130 5056 homines,
2158 4994 2255 5034 etc.
2274 4984 2513 5056 Julianum
2528 4986 2605 5056 hic
2627 4987 2814 5056 rejecto
2835 4986 3071 5037 catholico
3084 4983 3235 5056 sensit
3256 4988 3466 5056 (secue-

191 5041 289 5092 dum
311 5062 453 5110 quem
498 5052 791 5112 augustiaus
836 5041 881 5100 in
926 5041 1297 5104 lihro'secundo
1332 5053 1397 5102 de
1428 5041 1610 5113 Nuptiis
1647 5058 1699 5100 et
1740 5041 2163 5113 ϐοοσυιῆξοςιιίῖὶἱν
2204 5048 2372 5113 palmo
2411 5046 2644 5109 vigesimo
2680 5041 2923 5113 ἒββῑὶιηορ
2963 5062 3021 5098 ea
3058 5053 3209 5113 verba
3243 5041 3308 5101 de
3353 5052 3464 5102 Adin

193 5106 373 5178 poenale
395 5106 715 5178 generatione
739 5114 787 5178 in
812 5127 983 5164 omnes
1006 5116 1154 5178 ipsius
1175 5124 1397 5178 posteros
1418 5106 1700 5164 transmisso
1718 5106 1978 5178 exposuit)
2002 5108 2177 5178 frustra
2204 5106 2442 5167 laborare,
2460 5106 2521 5178 ut
2542 5106 2810 5178 sccmtdtim
2834 5109 3134 5173 Pelagianam
3152 5112 3381 5163 lueresim
3399 5114 3465 5164 de

194 5170 417 5233 exemplo
426 5175 629 5236 peccati,
657 5188 754 5224 non
778 5176 829 5224 in
844 5170 1273 5241 eumes'poste'ros,
1296 5178 1387 5229 sed
1410 5178 1459 5227 in
1478 5182 1739 5241 peccantes
1758 5170 1943 5226 tantum
1962 5170 2232 5221 imitatione
2257 5171 2553 5222 transeuntis
2570 5208 2585 5234 ,
2611 5170 2965 5238 intelligantur:

1626 5302 1997 5361 MM

260 5420 296 5474 1.
334 5422 603 5483 Ιυιειλμυε.
645 5425 937 5485 Commode
981 5431 1256 5487 nobiscum
1298 5443 1567 5504 ageretur,
1600 5432 1643 5487 si
1674 5440 1765 5485 aut
1874 5426 1980 5490 nis,
2017 5440 2188 5496 neque
2234 5426 2595 5498 ignoraverint
2628 5430 2753 5502 quid
2798 5432 3063 5488 senserint
3102 5431 3262 5489 etiam
3305 5432 3464 5503 bajus

195 5515 321 5579 apud
348 5517 584 5572 eruditos
610 5519 818 5589 judices
842 5526 1109 5595 negotium
1133 5527 1372 5583 veritatis
1393 5529 1525 5584 tueri
1550 5529 1766 5584 daretur

1886 5517 2057 5573 mundi
2084 5519 2101 5551 ⁸
2130 5519 2453 5590 philosophi,
2484 5521 2551 5577 de
2584 5524 2688 5579 tuis
2721 5522 2878 5579 dictis
2914 5523 3155 5593 judicare
3191 5538 3299 5577 non
3340 5539 3464 5594 pos-

198 5603 445 5674 lat-ultas;
486 5617 578 5663 aut
624 5611 752 5679 quia
801 5611 899 5667 hoc
946 5616 1156 5672 interim
1198 5627 1441 5689 ηρεειιυι,
1485 5619 1569 5677 νει
1618 5620 1765 5678 "uno
1872 5607 2007 5664 sint.
2032 5608 2179 5664 Talis
2210 5611 2295 5666 hic
2324 5612 2794 5678 eratAmhrosius,
2826 5628 2984 5683 quem
3011 5612 3246 5680 judicent
3276 5614 3321 5669 si
3353 5630 3462 5669 nou

198 5695 545 5764 imperitorum
577 5700 1060 5763 obverberaremur
1092 5710 1337 5765 tumultu.
1868 5702 2085 5773 refugis,
2109 5702 2352 5761 dubitare
2378 5722 2483 5761 nett
2510 5706 2693 5771 debes,
2718 5704 3009 5777 justissime
3028 5713 3081 5759 te
3104 5720 3225 5760 esse
3241 5705 3461 5759 damna-

262 5791 605 5846 Acocsrtxus.
649 5791 808 5846 Tales
848 5807 992 5854 certe
1031 5801 1269 5855 eruditos
1308 5802 1513 5871 judiccs
1547 5806 1761 5875 quaeris,
1870 5804 2001 5849 tum.
2053 5794 2147 5850 Ille
2173 5796 2315 5851 enim
2342 5798 2472 5853 dixit
2500 5843 2514 5867 ,
2550 5820 2569 5854 ι
2597 5801 2791 5855 Omnes
2821 5796 3066 5852 homines
3084 5800 3192 5865 sub
3238 5810 3459 5869 peccato

197 5882 273 5949 qui
310 5884 402 5940 nisi
444 5884 646 5941 fuerint
687 5886 881 5943 exculti
910 5899 961 5945 et
991 5892 1162 5947 ornati
1196 5893 1496 5949 liberalibus
1527 5897 1761 5964 di~eipli-
1928 5913 2060 5963 'Mss.
2095 5912 2209 5962 Mar.
2246 5922 2293 5965 et
2327 5926 2475 5972 pom.
2503 5913 2645 5963 'nodi.
