4014 6498
495 408 632 466 11-ἱὸ

487 520 775 586 nascimur,
808 535 1028 590 quorum
1055 520 1167 590 ipse
1195 531 1343 576 ortus
1373 521 1424 576 in
1453 522 1580 577 vitio
1607 531 1688 578 est
1709 540 1727 574 ι
1764 520 1862 593 (De
1883 519 2059 575 Pleni-

487 613 661 675 tentia.
691 613 779 668 lib.
811 615 862 679 l,
888 630 1002 684 cap.
1029 615 1065 666 2
1092 615 1167 668 rel
1189 615 1264 686 5)
1291 633 1305 668 :
1334 623 1393 682 ut
1435 615 1516 670 his
1540 616 1715 670 verbis
1744 615 1882 680 suis,
1906 613 2061 668 Chri-

435 729 438 732 η
484 711 626 758 stum
653 703 1001 769 Salvatorcm,
1037 705 1136 759 hoc
1163 714 1265 768 est,
1293 705 1472 761 Jesnm
1498 705 1803 760 ostenderet
1828 703 2060 774 parvulis

485 796 844 851 necessarium
873 814 887 850 :
919 797 1003 851 cui
1035 806 1090 852 tu
1117 812 1236 851 cum
1265 798 1614 861 contradicis,
1655 796 1923 856 fatendum
1967 794 2060 873 tibi

483 894 591 952 est,
622 885 694 940 ita
736 895 788 941 te
816 886 1012 942 habere
1041 888 1176 942 velle
1199 887 1407 958 judiees
1433 887 1691 956 eruditos,
1722 895 1778 942 ut
1805 887 1938 942 nolis
1969 887 2062 940 ha-

485 976 615 1033 bere
635 975 843 1048 judices
871 977 1162 1035 catholicos
1189 969 1527 1034 christianos.

562 1066 624 1122 ll.
664 1066 783 1123 Jut.
825 1068 892 1123 Et
919 1068 1040 1139 quia
1069 1069 1361 1124 obtollendi
1391 1070 1407 1102 ¹
1435 1085 1486 1123 ιιι
1523 1068 1880 1143 Ecclesiarum
1922 1068 2064 1122 salu-

483 1165 592 1212 tem
639 1160 820 1230 tropa-i
865 1159 1056 1214 damna
1105 1161 1447 1230 perpetimur,
1495 1159 1638 1230 quod
1689 1161 1841 1215 bona:
1887 1174 2061 1214 causa:

483 1248 762 1318 prudentia
791 1252 1120 1323 cognitorum
1159 1253 1306 1308 miris
1343 1263 1459 1308 erat
1494 1254 1730 1308 delatura
1761 1252 2058 1322 suffragiis;

484 1337 570 1392 vel
601 1338 728 1395 nihil
757 1339 898 1394 aliud
933 1341 999 1396 ad
1030 1343 1050 1373 '
1079 1343 1425 1397 contumelias
1454 1352 1664 1397 nostras
1693 1343 1830 1413 vulgi
1863 1343 2061 1397 valeret

481 1429 748 1484 assensio.
773 1430 850 1486 De
880 1429 964 1486 his
992 1447 1140 1502 ergo,
1179 1448 1308 1503 quas
1337 1432 1481 1499 dixi,
1512 1433 1782 1488 hominum
1824 1435 2060 1503 partibus

483 1533 588 1574 una
632 1521 788 1577 nobis
833 1522 1128 1593 prodesset,
1160 1525 1326 1582 altera
1356 1513 1486 1578 nihil
1515 1536 1753 1592 noceret,
1781 1526 1826 1579 si
1853 1532 1944 1579 aut
1973 1525 2061 1580 illa

482 1621 798 1683 potestatem
844 1616 1136 1686 obtineret,
1177 1626 1268 1672 aut
1312 1619 1408 1672 ista
1438 1618 1832 1673 verecundiam.
1863 1617 2059 1674 Verum

481 1704 606 1774 quia
632 1721 808 1762 rerum
833 1715 916 1762 est
937 1723 1124 1779 magna
1145 1708 1406 1776 confusio,
1427 1719 1482 1765 et
1500 1709 1811 1764 stolidorum
1833 1710 2061 1773 maxima

481 1795 799 1857 multitudo:
827 1799 1124 1870 eripiuntur
1151 1801 1404 1857 Ecclesiae
1432 1802 1786 1873 gubernacula
1818 1802 2059 1870 rationis,

481 1895 541 1944 ut
568 1901 749 1946 erecto
777 1906 942 1948 cornu
972 1893 1200 1950 velificet
1228 1894 1416 1965 dogma
1452 1897 1726 1966 populare.

550 1982 687 2039 Auc.
726 1984 780 2040 Si
809 1983 911 2041 hoc
937 1986 1078 2056 quod
1105 1987 1411 2053 asserimus,
1443 1969 1632 2056 dogma
1661 1988 1912 2058 populare
1939 1996 2058 2055 est;

477 2087 587 2129 non
608 2083 690 2129 est
709 2089 836 2145 ergo
855 2075 1046 2147 dogma
1069 2077 1475 2133 Manichzeornm
1503 2078 1624 2142 hoc,
1651 2079 1794 2148 quod
1818 2079 1868 2132 in
1897 2093 2062 2149 pupu-

477 2164 544 2219 lis
570 2164 874 2231 christianis
895 2176 1072 2230 mente
1099 2170 1302 2238 perdita
1327 2185 1622 2242 oppugnas.
1646 2169 2059 2224 Manichzeorum

478 2256 674 2326 quippe
701 2257 1023 2314 dementiam
1068 2260 1119 2314 in
1156 2261 1339 2330 paucis
1377 2263 1568 2316 merito
1594 2260 1891 2316 contemnis
1920 2278 1932 2314 :
1964 2260 2062 2317 sed

477 2344 646 2402 habes
683 2359 737 2403 et
782 2357 946 2416 tuam,
985 2365 1089 2420 qua
1129 2351 1342 2406 nomine
1379 2351 1807 2414 Manicha-orum,
1839 2367 1932 2407 eos
1961 2367 2060 2422 po-

476 2439 634 2508 pulos
661 2455 795 2510 quos
817 2441 1028 2512 judices
1053 2442 1270 2513 refugis,
1299 2443 1524 2500 reddere
1552 2445 1708 2501 nobis
1733 2446 1944 2501 conaris
1971 2444 2058 2500 in-

477 2529 678 2596 festos;
718 2531 869 2602 quasi
912 2535 1117 2603 possint
1160 2535 1339 2606 populi
1380 2545 1467 2590 tua
1503 2536 1825 2606 loquacitate
1850 2537 2058 2607 decepti

477 2619 824 2681 Manichrcum
864 2623 1046 2685 dicere
1089 2625 1458 2693 Ambrosium,
1488 2625 1839 2682 Manichmum
1879 2628 2058 2684 dicere

476 2709 800 2783 Cyprianum
821 2756 836 2782 ,
867 2715 956 2784 qui
985 2724 1203 2786 promer
1230 2718 1454 2774 salutem
1503 2719 1662 2774 etiam
1714 2721 2057 2791 parvulorum

479 2801 777 2869 docuerunt
808 2819 930 2873 esse
963 2807 1220 2876 originale
1249 2817 1545 2879 peccatum.
1571 2809 1726 2865 Tales
1756 2819 1932 2865 autem
1962 2827 2058 2880 po-

479 2895 636 2965 pulos
683 2911 787 2952 non
837 2896 978 2965 fecit,
1022 2899 1124 2954 sed
1165 2901 1365 2971 invenit
1393 2901 1744 2968 Ambrosius;
1777 2919 1879 2957 non
1912 2902 2056 2967 fecit,

477 2986 579 3050 sed
625 2987 825 3048 invenit
869 2990 1029 3053 etiam
1075 2991 1188 3061 ipse
1212 2992 1513 3064 Cyprianus
1542 3011 1556 3048 :
1586 2994 1716 3049 tales
1745 2995 1968 3064 populos
2006 2996 2058 3050 in

480 3079 540 3136 Ε‹
559 3082 722 3138 clesia
764 3082 968 3138 invenit
992 3085 1150 3139 etiam
1184 3095 1334 3154 pater
1365 3094 1504 3154 tuus,
1527 3086 1738 3156 quando
1763 3087 2062 3156 baptizatus

479 3187 542 3228 es
567 3171 610 3238 ³,
638 3182 695 3233 ut
740 3172 954 3242 dicitur,
997 3175 1301 3244 parvulus;
1345 3176 1477 3231 tales
1521 3186 1790 3246 postremo
1837 3178 2059 3246 populos

478 3264 770 3326 catholicos
801 3266 1076 3327 invenistis
1100 3276 1154 3322 et
1181 3283 1294 3324 vos.
1322 3268 1659 3338 Compescite
1679 3282 1808 3332 vos;
1835 3266 2060 3324 fatemur

479 3354 671 3427 dogma
721 3365 960 3416 nostrum
1003 3372 1125 3413 esse
1174 3358 1426 3429 populare
1458 3376 1471 3413 :
1503 3359 1626 3428 quia
1673 3359 1896 3429 p0pulus
1945 3359 2061 3429 ejus

479 3460 684 3513 sumus.
714 3447 803 3517 qui
843 3455 1124 3519 propterea
1163 3458 1246 3505 est
1282 3449 1580 3521 appellatus
1598 3450 1774 3517 Iesus,
1800 3452 1921 3521 quia
1949 3451 2058 3506 sal.-

479 3553 603 3597 vum
625 3537 752 3599 facit
775 3541 1025 3610 populum
1053 3555 1206 3596 suum
1233 3557 1264 3596 a
1297 3542 1533 3612 peccatis
1555 3558 1738 3597 eorum
1764 3542 1978 3616 (Matth.
2005 3559 2057 3608 ι,

479 3632 616 3703 2|):
645 3646 676 3693 ιι
701 3647 808 3703 quo
836 3634 1031 3703 populo
1058 3649 1179 3690 cum
1208 3649 1457 3705 separare
1484 3634 1734 3706 parvulos
1761 3636 1938 3703 vultis,
1967 3650 2062 3691 vos

479 3722 629 3794 ipsos
647 3723 819 3794 potius
846 3725 1122 3794 separatis.

553 3815 640 3872 Ill.
679 3816 799 3878 ιω..
841 3818 916 3874 lla
941 3834 1062 3875 cum
1089 3821 1436 3889 prudentibus
1460 3837 1646 3892 parum
1678 3821 1830 3887 licet,
1864 3821 2061 3876 vilibus

483 3918 660 3965 autem
702 3911 976 3981 quodlibet
1015 3913 1174 3967 etiam
1213 3913 1336 3968 licet
1374 3912 1426 3980 ἰ;
1475 3913 1794 3980 seditionum
1845 3912 2063 3968 decreto

481 4000 699 4057 exclusa
741 4011 823 4056 est
855 4003 923 4058 de
950 4002 1201 4059 Ecclesiis
1228 4018 1452 4058 censura
1479 4005 1728 4058 virtutum
1756 4023 1770 4059 :
1801 4005 2064 4076 nobisque

485 4091 588 4147 hoc
605 4091 756 4162 apud
779 4091 1022 4149 homines
1048 4094 1190 4165 vulgi
1222 4094 1406 4159 ofﬁcit,
1434 4094 1573 4164 quod
1598 4096 1835 4150 accessio
1865 4097 2064 4152 erroris

482 4196 604 4238 esse
644 4183 949 4249 renuimus;
981 4185 1144 4258 vulgi,
1185 4185 1424 4256 inquam,
1454 4185 1544 4254 qui
1583 4186 1864 4243 sententia:
1898 4189 2064 4242 meri-

485 4281 599 4346 tum
650 4273 717 4330 de
769 4275 1210 4346 prosperitatibus
1260 4275 1582 4353 ponderans,
1630 4292 1756 4352 eam.
1802 4277 2063 4334 veriorem

483 4367 732 4438 aestimat,
760 4367 919 4437 quam
951 4359 1190 4437 pluribus
1219 4368 1428 4438 placere
1453 4357 1814 4438 conspexerit.
1999 4357 2001 4359 ’

556 4460 692 4516 Αυε.
731 4458 996 4529 Numquid
1025 4458 1347 4514 Manichacus
1385 4459 1622 4530 pluribus
1649 4460 1823 4531 placet
1836 4459 1873 4516 ?.
1889 4477 2066 4519 nonne

488 4550 629 4628 sicut
647 4550 946 4632 parricidae,
969 4558 1024 4629 ct
1041 4549 1215 4631 pauci,
1243 4557 1296 4606 et
1320 4552 1533 4621 pessimi
1559 4551 1718 4606 sunt?
1741 4551 1915 4608 Nolite
1939 4567 2067 4633 ergo

489 4641 559 4697 de
602 4641 865 4710 paucitate
911 4641 1160 4711 gloriari;
1208 4649 1282 4707 et,
1330 4640 1467 4711 quod
1516 4650 1598 4697 est
1642 4643 1860 4710 vanius,
1889 4644 2068 4701 dicere

488 4731 633 4803 quod
679 4731 917 4802 pluribus
956 4733 1162 4803 placeat
1203 4731 1396 4803 dogma
1441 4740 1704 4803 nostrum,
1742 4744 1798 4790 et
1835 4734 2068 4806 objicere

427 4845 434 4854 -
489 4823 644 4878 nobis
671 4822 1062 4878 detestabilium
1088 4822 1276 4893 dogma
1301 4838 1610 4892 paucorum.

566 4912 654 4972 IV.
691 4911 814 4981 lup.
854 4911 1122 4982 Quodque,
1139 4913 1211 4966 ait
1252 4913 1304 4967 in
1334 4913 1617 4982 Epicurum
1649 4914 1870 4978 Tullius.
1895 4916 2067 4971 mani-

491 5006 630 5060 festo
660 5013 972 5081 argumento
996 5019 1103 5081 non
1141 5002 1246 5065 dici
1289 5004 1376 5077 illa
1405 5005 1691 5078 subtiliter,
1719 5007 1861 5077 quod
1889 5009 2067 5078 cujus'

493 5096 701 5153 cemodi
727 5097 749 5130 ⁸
779 5080 1024 5156 homines
1047 5097 1242 5169 passim
1269 5096 1371 5165 sibi
1397 5113 1465 5160 ea
1492 5099 1806 5170 profitentur
1835 5101 2068 5174 placere.

557 5211 572 5274 ι
599 5211 671 5260 sic
692 5217 798 5274 Mss.
824 5215 878 5259 Αι
903 5208 1202 5274 \jignierius,
1227 5214 1280 5274 Et
1302 5209 1385 5274 qui
1405 5208 1667 5274 attollendi.

557 5273 578 5303 ’
597 5271 863 5334 Menardtts,
888 5268 1188 5334 stipiti/tiliam
1204 5268 1505 5334 rvignierius,
1536 5272 1657 5323 nihil
1679 5271 1762 5323 ad.
1788 5279 2074 5333 Concmntus

495 5340 625 5393 3155.,
649 5333 721 5383 vel
741 5331 864 5383 nihil
881 5331 1016 5382 aliud
1033 5333 1098 5384 ad
1125 5345 1144 5383 :
1167 5333 1216 5382 id
1238 5331 1334 5394 est,
1347 5333 1464 5384 nihil
1483 5331 1608 5383 aliud
1631 5335 1914 5384 incommodi
1932 5334 2075 5383 affer-

494 5403 590 5454 ret,
617 5402 793 5458 praeter
813 5395 984 5462 damna
1010 5397 1214 5462 tropaei,
1250 5397 1381 5462 quod
1411 5395 1623 5461 iudicum
1655 5398 1913 5452 sententiis
1947 5398 2072 5460 erigi

494 5455 654 5507 causa:
675 5463 852 5506 nostra!
874 5455 1144 5508 debuisset.
1198 5455 1222 5470 "
1267 5455 1292 5484 “ῖ

558 5517 930 5589 {Vetusoodex
959 5525 1116 5589 _a_lar._,
1153 5516 1425 5589 baptizatus
1451 5524 1536 5589 est.
1573 5525 1627 5567 At
1661 5517 1894 5589 inpriore
1917 5531 2072 5589 Opere

494 5588 661 5647 contra
677 5578 936 5648 tuhantim,
959 5579 1043 5648 ’_i_b.
1072 5578 1120 5648 l,_
1143 5596 1194 5648 ιι.
1216 5578 1296 5640 ⁷14,
1336 5581 1430 5648 ipsi
1450 5580 1635 5630 Juliano
1655 5580 1847 5643 dicitur,
1881 5578 2074 5648 audivi;-

491 5641 599 5706 ntus
617 5648 662 5706 te
681 5639 969 5706 infamatum
993 5639 1298 5706 baptizatzmt.
1353 5639 1370 5644 '
1427 5644 1430 5648 ‘
1782 5639 1786 5643 '
1831 5639 1847 5642 "
2053 5639 2064 5656 ’ν

557 5703 581 5750 ξ
603 5705 679 5759 sie
698 5703 800 5757 Mss.
825 5703 942 5754 Editi
966 5703 1104 5762 vero,
1129 5705 1284 5755 decet.

555 5767 578 5798 ³
602 5767 758 5836 mliti,
793 5767 920 5836 quod
955 5764 1316 5836 hujuscemodi;
1354 5772 1405 5836 et
1431 5763 1575 5836 infra
1595 5801 1609 5824 ,
1659 5767 1712 5832 in,
1753 5765 2073 5836 responsipne

493 5823 761 5941 Auguggini,’
782 5823 826 5878 et
848 5827 960 5889 ideo
980 5823 1322 5890 Ititjuscemodt‘.
1349 5834 1403 5878 At
1558 5829 1765 5907 utroque
1791 5823 1913 5888 loco,
1933 5823 2070 5888 ctijus

496 5902 624 5941 sema
681 5923 694 5936 .

496 5901 694 5943 scmoat.
1697 5901 1701 5907 ³

1121 407 1367 470 OPERIS
1402 408 1804 473 NPERFECTI
1843 407 2061 465 (30ΧῖΊῖ

2185 407 2508 478 ιἰιΙΛΝυὶΙ,
2547 410 2606 466 S.
2649 411 3012 474 ιιυουδτιὶιι

3611 415 3748 474 ΠΗ

2174 517 2226 573 Id
2271 520 2376 584 isti,
2421 536 2558 578 sicut
2599 525 2796 591 omnia,
2840 541 2988 581 more
3027 525 3276 596 perverso
3301 527 3342 597 ι,
3369 527 3436 585 ad
3465 532 3744 602 sapientia:

2169 619 2356 688 putant
2381 613 2739 688 testimonium
2764 602 3050 686 pertinere.
3107 603 3112 608 ’

2240 703 2374 759 Anc.
2415 703 2519 759 Sed
2541 702 2920 762 Tullium‘vicit
2948 717 3107 784 atque
3129 711 3356 785 convicit
3375 713 3397 745 ³
3419 712 3470 768 in
3498 712 3596 769 hac
3617 729 3747 770 sen-

2170 793 2331 847 tentia
2360 793 2450 849 ille
2474 795 2562 865 qui
2589 795 2736 863 dicit,
2758 795 2986 878 Laudat:
3012 797 3306 866 Dominum,
3338 817 3507 882 autne:
3537 813 3748 874 gentes;

2168 883 2372 939 laudate
2415 901 2549 952 eum,
2597 903 2768 966 attines
2815 889 2991 958 populi
3027 889 3198 970 (Paul.
3225 907 3371 959 CXVI,
3401 896 3474 966 l).
3507 894 3652 970 Quos
3687 905 3746 950 tu

2167 976 2380 1045 quzcris,
2423 991 2528 1057 non
2557 978 2816 1034 veraciter
2853 969 3067 1049 docere,
3113 981 3208 1038 sed
3247 969 3512 1040 subtiliter
3557 985 3750 1042 fallere

2165 1067 2374 1136 aliquos
2399 1082 2606 1136 eorum,
2637 1077 2691 1125 et
2719 1081 2910 1125 vestrae
2940 1070 3137 1127 addere
3174 1062 3446 1143 paucitati,
3479 1073 3751 1131 subtilita—

2170 1151 2276 1212 tem
2334 1173 2618 1228 paucorum
2666 1159 3103 1232 philosophorum
3159 1165 3491 1222 saecularium
3543 1151 3748 1236 pradi-

2165 1251 2358 1316 onndo,
2385 1260 2439 1306 et
2468 1267 2564 1307 nos
2593 1254 3035 1324 reprehendendo
3061 1256 3200 1326 quod
3232 1271 3335 1311 non
3364 1257 3606 1312 dicantur
3638 1273 3748 1330 nos

2166 1349 2277 1395 stra
2324 1341 2607 1410 subtiliter,
2641 1353 2696 1399 et
2734 1343 2852 1400 ideo
2883 1345 3243 1423 cujuscemodi
3280 1347 3519 1404 homines
3543 1351 3746 1422 passim

2166 1433 2263 1486 sibi
2293 1448 2354 1486 ea
2385 1434 2733 1504 profiteantur
2758 1436 2986 1506 placere.
3005 1437 3088 1493 Me
3110 1447 3284 1493 tamen
3310 1440 3587 1511 aliquoties
3605 1423 3751 1497 dixi-I

2163 1522 2253 1589 sti,
2287 1523 2418 1578 nihil
2460 1511 2630 1597 magis
2664 1514 2843 1596 agere,
2886 1543 3042 1597 quam
3089 1537 3144 1583 ut
3186 1544 3291 1584 non
3332 1531 3593 1602 intelligar
3621 1531 3699 1606 (α)
3730 1551 3748 1588 :

2117 1625 2126 1631 ·
2166 1606 2436 1681 quomodo
2481 1630 2608 1684 ergo
2652 1615 2704 1669 id
2744 1616 2885 1696 quod
2913 1617 3163 1685 defendo,
3196 1620 3516 1677 multitudini
3545 1623 3744 1693 placet,

2166 1704 2264 1757 nisi
2313 1705 2434 1774 quia
2483 1707 2763 1761 multitudo
2809 1708 2907 1763 ista
2956 1697 3216 1766 catholica
3263 1721 3373 1781 est,
3417 1715 3502 1769 cui
3549 1711 3751 1771 merito

2164 1804 2337 1850 vestra
2365 1797 2584 1854 hreresis
2611 1799 2897 1870 displicet!
3373 1787 3379 1797 “
3587 1788 3603 1796 ”

2236 1888 2300 1944 γ.
2339 1888 2441 1946 1m.
2500 1891 2737 1948 Delectat
2773 1894 2916 1948 enim
2957 1909 3177 1966 prorsus
3213 1897 3467 1955 subantes
3507 1901 3744 1972 animas,

2165 1978 2425 2036 infamare
2445 1982 2694 2053 quidquid
2717 1973 2945 2055 unquam
2973 1995 3026 2042 et
3044 2003 3264 2058 usquam
3291 1998 3594 2047 sanctorum
3617 1988 3752 2059 fuit,

2167 2085 2235 2124 ne
2260 2071 2522 2126 clarorum
2551 2077 2768 2143 operum
2799 2076 3124 2148 castigentur
3152 2081 3431 2150 exemplis.
3743 2079 3752 2084 ’

2237 2161 2371 2223 Anc.
2410 2160 2673 2218 Subanles
2701 2179 2830 2235 ergo
2854 2166 3046 2244 animm
3073 2177 3193 2238 post
3221 2178 3272 2224 te
3302 2171 3474 2240 potius
3497 2186 3747 2243 currunt,

2167 2252 2257 2323 qui
2289 2253 2560 2310 libidinem
2591 2255 2773 2312 laudas
2797 2275 2810 2311 :
2834 2273 2955 2312 nam
2985 2265 3145 2315 easta:
3170 2262 3362 2318 anima:
3389 2264 3753 2336 vituperando

2162 2353 2409 2414 arguunt,
2433 2345 2573 2415 quod
2602 2349 2960 2418 expugnando
2987 2349 3288 2408 laudantur.

2241 2435 2332 2493 Vl.
2367 2436 2486 2492 Jun.
2521 2439 2756 2496 Delectat
2781 2457 2998 2511 prorsus
3016 2453 3069 2499 et
3093 2446 3303 2516 penitus
3327 2446 3508 2515 afficit,
3531 2464 3748 2508 causan

2164 2525 2580 2584 imbecillitatem
2628 2539 2849 2598 naturaz,
2875 2532 3052 2589 dicere
3080 2551 3294 2592 carnem
3325 2523 3615 2608 congenitis
3641 2524 3758 2596 ob;

2165 2616 2376 2672 noxiam
2402 2633 2523 2673 esse
2547 2621 2797 2688 peccatis,
2817 2637 2918 2678 nec
2938 2623 2989 2678 in
3005 2625 3278 2682 voluntate
3299 2626 3530 2684 hominis
3555 2613 3748 2687 emen-

2164 2709 2394 2764 dationis
2418 2711 2662 2767 effectum
2693 2714 2888 2783 locare,
2920 2716 3013 2771 sed
3042 2719 3336 2776 studiorum
3361 2721 3584 2777 crimina
3613 2725 3746 2779 offi-

2163 2801 2243 2855 cia
2272 2817 2463 2860 vocare
2489 2805 2844 2860 membrorum
2871 2824 2884 2858 :
2907 2807 3223 2863 catholicam
3248 2810 3386 2867 hanc
3410 2812 3566 2868 lldem
3595 2830 3744 2884 esse,

2168 2898 2226 2946 ut
2255 2891 2478 2960 liberum
2509 2896 2824 2958 confiteatur
2847 2897 3142 2966 arbitrium,
3171 2901 3264 2956 sed
3292 2917 3388 2972 per
3410 2904 3553 2974 quod
3580 2905 3756 2963 homo

2169 2982 2367 3040 malum
2395 2982 2570 3040 facere
2588 2997 2830 3056 cogatur,
2857 2987 3050 3042 bonum
3074 2985 3220 3046 velle
3238 3007 3344 3046 non
3374 2995 3559 3062 possit.

2234 3075 2371 3134 Ave.
2412 3076 2558 3144 Quid.
2587 3079 2742 3134 nobis
2783 3079 3047 3146 irasceris,
3075 3084 3166 3152 qui
3193 3085 3580 3141 emendationis
3605 3087 3748 3144 ell‘e-

2162 3177 2304 3223 ctum
2343 3177 2488 3224 tanto
2514 3171 2713 3226 certius
2741 3173 3060 3242 appetimus,
3089 3175 3301 3245 quando
3331 3176 3537 3232 lidelius
3561 3194 3682 3234 eum
3710 3195 3748 3236 ιι

2164 3259 2389 3314 Domino
2419 3261 2680 3329 petimus?
2706 3261 2923 3317 Frustra
2955 3265 3188 3318 inﬂatam
3221 3265 3457 3337 linguam.
3485 3284 3617 3323 voce
3643 3285 3746 3325 30-.

2163 3349 2438 3418 perbiente
2475 3350 2700 3406 dilatas:
2727 3352 2971 3408 nolumus
3006 3369 3243 3424 prorsus,
3273 3356 3517 3413 n'olnmus
3545 3361 3622 3414 eis
3646 3376 3750 3415 an-

2165 3442 2430 3496 numerari
2456 3442 2547 3512 qui
2574 3443 2852 3498 conlidunt
2890 3444 2948 3500 in
2980 3447 3174 3500 virtute
3200 3463 3294 3502 sua
3338 3447 3524 3515 (Psal.
3557 3466 3747 3519 nvm,

2165 3531 2197 3584 7
2221 3532 2262 3601 ).
2289 3531 2478 3589 Anima
2505 3543 2684 3588 nostra
2713 3534 2824 3589 Deo
2846 3535 2958 3590 sitit
2979 3534 3001 3568 ⁸
3031 3535 3199 3608 (Paul.
3229 3553 3361 3605 uti,
3383 3539 3463 3609 2),
3487 3541 3568 3594 cui
3591 3539 3747 3610 dicit,

2164 3618 2389 3693 Diligam
2418 3630 2484 3690 te,
2515 3622 2749 3689 Domine,
2781 3625 2936 3679 virtus
2960 3643 3070 3680 mea
3099 3625 3269 3700 (Psal.
3299 3644 3428 3695 xvu,
3454 3629 3534 3702 2).
3561 3631 3751 3687 Potest

2164 3715 2306 3770 enim
2349 3713 2506 3773 homo
2545 3715 2742 3772 bonum
2771 3718 2941 3782 velle;
2971 3719 3064 3774 sed
3096 3731 3422 3790 prazparatur
3439 3723 3682 3779 voluntas
3709 3740 3744 3779 a

2167 3807 2391 3863 Domino
2439 3807 2646 3879 (Prov.
2685 3825 2798 3875 vui,
2846 3826 2945 3864 rec.
2992 3809 3180 3884 LXX)
3220 3830 3233 3866 :
3271 3814 3321 3867 in
3367 3814 3562 3869 malum
3614 3831 3748 3872 vero

2167 3901 2338 3960 libens
2387 3901 2556 3974 vergit
2604 3901 2824 3968 vitiata,
2887 3911 3104 3974 propter
3159 3905 3300 3975 quod
3363 3914 3448 3960 est
3507 3907 3748 3962 sananda

2166 4001 2374 4058 natura.

2246 4082 2355 4137 VII.
2396 4082 2515 4139 Ιιιι..
2558 4082 2733 4143 Yanos
2761 4098 2899 4154 vero,
2917 4083 3190 4142 hominum
3219 4085 3602 4157 hmreticosque
3631 4102 3753 4143 ser-

2168 4191 2377 4244 mones,
2403 4178 2494 4247 qui
2529 4186 2774 4236 asset-ant
2797 4178 2962 4233 Deum
3007 4177 3208 4247 justum
3253 4179 3317 4233 ad
3368 4179 3561 4234 bonum
3611 4195 3754 4250 opus

2170 4271 2396 4326 liberum
2433 4270 2703 4331 heminem
2741 4271 3068 4338 condidisse,
3097 4280 3152 4327 et
3177 4287 3297 4328 esse
3324 4273 3376 4326 in
3407 4274 3753 4341 uniuscujus—

2169 4379 2272 4452 que
2316 4373 2578 4434 potestate
2616 4363 2866 4420 recedere
2892 4379 2922 4419 a
2954 4365 3113 4432 malo,
3142 4379 3206 4420 ac
3233 4365 3422 4420 studiis
3465 4366 3755 4436 Splendere

2171 4458 2408 4523 virtutis,
2449 4467 2505 4512 ut
2543 4457 2625 4511 his
2667 4459 2754 4524 qui
2795 4456 2986 4528 flagitia
3031 4459 3083 4520 in
3127 4459 3528 4515 neccessitatem
3569 4461 3756 4514 carnis

2171 4547 2493 4626 refundunt,
2531 4547 2942 4626 sollicitudinum
2988 4558 3040 4625 et
3095 4549 3345 4620 timorum
3398 4549 3614 4603 aculeus
3670 4550 3756 4605 in-

2174 4627 2382 4710 ligatur.
2486 4623 2494 4628 ’

2243 4734 2378 4788 Auc.
2419 4730 2533 4790 Non
2575 4730 2810 4804 (licinius
2837 4730 3111 4793 hominum
3152 4745 3320 4796 vanos
3364 4729 3756 4800 harreticosqne

2172 4839 2470 4890 sermones,
2495 4805 2582 4894 qui
2609 4833 2855 4877 asserunt
2883 4823 3047 4876 Deum
3070 4821 3270 4891 justum
3300 4821 3364 4876 ad
3392 4821 3587 4876 bonum
3614 4838 3757 4890 Opus

2174 4917 2400 4971 liberum
2441 4915 2711 4970 hominem
2748 4912 3070 4968 condidisse.
3120 4912 3302 4968 Talem
3349 4914 3541 4982 quippe
3578 4913 3754 4968 Adam

2172 5007 2430 5071 condidit,
2460 5006 2511 5059 in
2533 5020 2638 5074 quo
2667 5005 2860 5057 fuimus
2890 5019 3074 5058 omnes
3100 5022 3113 5058 :
3144 5003 3238 5059 sed
3273 5003 3540 5072 peccando
3571 5004 3758 5074 perdi-

2172 5099 2250 5158 dit
2277 5083 2357 5163 se,
2378 5106 2438 5153 et
2460 5110 2648 5160 omnes
2674 5096 2724 5148 in
2751 5110 2828 5149 se.
2848 5093 2999 5162 Unde
3020 5110 3162 5149 nunc
3183 5111 3286 5148 non
3313 5106 3393 5150 est
3418 5096 3470 5149 in
3493 5105 3760 5166 potestate

2176 5189 2400 5242 liliorum
2434 5186 2664 5240 hominis
2700 5202 2727 5238 a
2757 5185 2897 5240 malo
2926 5186 3172 5253 liberari,
3205 5187 3309 5241 nisi
3337 5188 3502 5256 gratia
3541 5187 3630 5241 Dei
3659 5186 3756 5243 det

2175 5285 2490 5353 potestatem
2521 5276 2658 5331 filios
2689 5276 2780 5332 Dei
2807 5277 2920 5355 fieri
2949 5276 3128 5346 (Joan.
3156 5292 3194 5346 ι,
3231 5275 3340 5348 12).
3370 5277 3591 5346 Ριοίνιρι·
3618 5277 3751 5340 hoc,

2232 5456 2255 5530 ,ι
2287 5455 2432 5518 Editi,
2456 5453 2584 5506 sicut
2601 5453 2758 5526 omnia
2780 5466 3020 5517 perversa.
3054 5452 3378 5502 Emendantur
3402 5465 3465 5503 ex
3489 5455 3757 5502 manuscri-

2176 5526 2401 5629 νυξὶ.ᾱίιί
2418 5615 2432 5638 ,
2457 5578 2541 5651 sed
2585 5563 2788 5651 Tullium
2824 5575 2973 5650 vincit,
3000 5583 3140 5650 atque
3181 5573 3432 5634 convincit.
3487 5583 3614 5635 λιες,
3644 5574 3758 5627 vicit

2176 5645 2664 5771 ωτᾝῧῗῗαὲεωῃ
2706 5700 2822 5771 είιξις
2861 5707 2926 5771 ,Αι
2976 5706 3083 5750 κεε-
3106 5736 3144 5771 ν.
3170 5706 3270 5771 eeo
3291 5697 3427 5771 erit;
3475 5697 3759 5771 emt.“

2178 5763 2414 5831 Psalmum
2442 5760 2578 5821 'Lxu,
2625 5762 2685 5821 2,
2734 5763 2816 5811 ubi
2860 5760 3035 5824 legere
3075 5760 3229 5820 solet,
3271 5760 3422 5812 sttirit
3468 5760 3554 5810 tibi
3591 5760 3760 5812 ωιὶυια

2177 5838 2283 5876 utea
2291 5861 2301 5871 .

2247 5885 2321 5949 (α)
2345 5883 2459 5934 Vide
2482 5881 2562 5938 lib.
2595 5883 2611 5934 l
2639 5881 2702 5936 de
2929 5891 2980 5935 ct
2998 5886 3403 5949 Concupiscentia,
3427 5897 3474 5934 n.
3498 5883 3576 5936 2t.
