3996 6474
190 420 300 482 ms

189 548 273 589 non
295 527 366 584 Itis
391 526 479 597 qui
509 525 709 598 flagitia
729 569 745 590 ,
774 525 906 579 sicut
930 523 1088 589 dicis,
1126 520 1177 576 in
1207 522 1575 576 necessitatem
1602 537 1720 576 car-

189 628 254 682 nis
280 619 584 684 refundunt;
625 620 720 673 scd
749 617 831 673 his
855 618 942 687 qui
979 626 1034 670 ut
1057 615 1117 670 in
1149 615 1466 669 tentationes
1498 614 1740 684 flagitio-'

190 731 284 773 rum
322 727 418 767 non
469 710 801 776 inferantur,
859 722 1043 779 preces
1090 707 1196 763 Deo
1242 705 1501 770 fundunt,
1551 705 1728 775 flgitur

190 807 369 863 aculeus
408 801 782 861 sollicitudinis
821 809 875 855 et
899 798 1132 863 timoris,
1174 812 1242 852 ne
1267 798 1606 851 consentiant
1631 810 1728 850 su-

190 893 474 972 perbissimis
487 902 542 946 et
556 892 668 947 Deo
683 889 1051 961 ingratissimis
1063 886 1504 958 disputationibus
1515 885 1726 942 vestris.

245 984 358 1050 V’lll.
382 983 496 1039 ,ιιι-ι..
532 982 827 1045 Postremo,
859 982 910 1035 in
938 979 1192 1035 Ecclesiis
1211 994 1330 1049 qua:
1354 993 1602 1049 magnum
1631 977 1728 1033 ho-

192 1094 340 1138 norem
365 1078 380 1108 ¹
410 1086 464 1131 et
492 1090 742 1143 magnum
783 1074 1036 1145 populum
1082 1072 1419 1150 possideant,
1451 1070 1728 1141 prmdicari

194 1181 353 1228 tantam
378 1168 478 1222 vim
506 1183 630 1223 esse
667 1169 904 1238 peccati,
951 1175 1010 1221 ut
1047 1175 1170 1220 ante
1213 1164 1574 1220 membrorum
1617 1163 1728 1217 for-

193 1277 323 1326 mam,
348 1268 466 1314 ante
493 1258 700 1313 initium
726 1257 1120 1326 adventumque
1143 1256 1357 1321 animze,
1383 1254 1544 1324 jactis
1567 1254 1731 1309 semi-

196 1355 320 1410 nibus
353 1351 728 1421 supervolans,
781 1350 832 1404 in
874 1355 1139 1404 secretum
1185 1347 1369 1401 matris
1399 1345 1646 1412 invadat,
1675 1352 1731 1400 et

195 1459 292 1501 reos
313 1441 461 1497 faciat
483 1441 781 1502 nasciturus
806 1479 822 1506 ,
849 1448 1077 1508 ortuque
1102 1438 1216 1506 ipso
1239 1435 1506 1506 antiquior
1541 1449 1734 1505 exspea

195 1545 282 1592 etet
299 1533 435 1603 culpa
455 1531 803 1586 substantiam
822 1547 836 1596 ;
854 1546 972 1601 qua:
992 1529 1075 1583 lex
1098 1527 1296 1598 peccati
1323 1528 1567 1582 habitans
1579 1527 1734 1582 dein-

197 1642 298 1698 ροβε
322 1627 366 1680 ἱη
404 1623 694 1690 membris,
735 1623 1008 1691 captivum
1040 1620 1307 1674 hominem
1335 1627 1491 1689 cogat
1525 1617 1729 1674 servire

195 1717 490 1781 criminibus,
534 1731 640 1770 non
686 1713 1037 1784 castigatione
1080 1711 1132 1766 in
1159 1710 1601 1780 turpitudinibus,
1633 1709 1729 1766 sed

195 1808 513 1866 misericordia
539 1806 837 1877 digniorem
863 1822 877 1858 :
905 1801 1336 1874 quandoquidem
1362 1800 1502 1871 quod
1531 1815 1630 1856 nos
1653 1800 1736 1854 vi-

196 1903 249 1957 tia
269 1914 428 1972 pravae
461 1898 752 1954 voluntatis
779 1913 900 1954 esse
929 1896 1187 1963 dicimus,
1228 1895 1376 1972 idin
1421 1895 1658 1950 Ecclesia
1697 1909 1729 1949 a

195 1971 296 2049 viris
319 2001 367 2045 et
388 1989 598 2045 feminis
622 1989 935 2060 magnisque
962 1971 1302 2059 pontificibus
1318 1985 1590 2057 originalis
1608 1999 1738 2056 pas.

196 2083 259 2138 sio
278 2091 612 2150 nuncupatur.

249 2174 362 2230 Anc.
386 2170 691 2242 Respondet
727 2169 819 2228 tibi
849 2170 1166 2235 Ambrosius
1195 2167 1430 2240 pontifex
1472 2182 1694 2237 magnus
1712 2206 1735 2232 ν

199 2261 521 2319 ιιιετεείπειιω
544 2263 709 2318 vestri
729 2263 1054 2320 excellenter
1079 2277 1173 2316 ore
1195 2262 1459 2327 Laudatus,
1483 2270 1536 2316 et
1560 2260 1688 2316 dicit
1713 2277 1729 2315 :

204 2346 350 2403 «Male
375 2346 482 2408 Eva
504 2346 788 2417 parturivit
805 2387 821 2413 ,
851 2354 910 2401 ut
938 2357 1118 2416 partus
1146 2346 1470 2415 relinqueret
1493 2344 1736 2407 mulieris

199 2439 276 2498 bus
299 2436 674 2504 hereditatem,
704 2444 862 2507 atque
889 2436 1249 2506 unusquisque
1288 2437 1734 2504 concupiscentia:

201 2528 429 2598 voluptate
450 2537 754 2594 concretus,
776 2537 829 2582 et
853 2527 1172 2597 genitalibus
1192 2526 1484 2582 visceribus
1507 2525 1734 2598 infusus,

200 2630 240 2682 et
258 2619 538 2692 coagulatus
568 2620 621 2674 in
652 2620 928 2690 sanguine,
961 2619 1016 2674 in
1047 2618 1236 2689 pannis
1262 2618 1557 2678 involutus,
1591 2617 1736 2687 prius

199 2716 366 2771 subiret
388 2715 700 2770 delictorum
740 2715 1038 2782 contagium
1060 2753 1076 2779 ,
1117 2728 1274 2782 quam
1305 2711 1478 2767 vitalis
1518 2709 1737 2780 spiritus

200 2821 352 2868 munus
369 2805 602 2873 hauriret
630 2825 649 2873 ξ
678 2803 814 2874 (ιλιι.
843 2805 905 2857 de
925 2803 1077 2859 Sacr.
1099 2819 1267 2874 regeri.
1293 2819 1381 2856 seu
1398 2801 1460 2856 de
1486 2800 1732 2872 Philam).

200 2896 400 2952 Sananda
420 2905 501 2952 est
527 2897 723 2965 itaque,
752 2895 981 2960 Juliane,
1007 2895 1257 2957 humana,
1283 2892 1396 2947 Deo
1423 2893 1734 2966 miserante,

204 3000 384 3049 natura:
411 3005 512 3045 non
535 3032 550 3058 ,
579 2999 632 3046 te
680 2989 910 3047 inaniter
936 2987 1296 3053 declamante,
1330 2993 1576 3059 tanquam
1605 3000 1735 3055 sana

201 3082 439 3138 laudanda.

257 3174 330 3230 IX.
354 3174 466 3232 Jun.
491 3175 618 3230 llmc
642 3188 771 3245 ergo
793 3171 1208 3228 Manichaeorum
1233 3177 1410 3227 scorta
1431 3167 1736 3240 dogmatum

201 3264 636 3339 iatpurissimorum
660 3266 1028 3322 lenocinantur
1055 3263 1271 3319 auribus
1290 3265 1335 3319 '.

255 3361 373 3414 Auc.
400 3356 760 3420 Ambrosium,
783 3357 826 3410 si
849 3355 1032 3420 audes,
1059 3355 1341 3409 criminare
1365 3352 1735 3408 Manichaeum.

201 3446 394 3507 Attende
431 3447 481 3501 in
519 3462 681 3518 quem,
708 3446 883 3509 dicas,
929 3444 1068 3514 quod
1096 3444 1174 3498 vis
1202 3443 1365 3500 videri
1398 3451 1644 3512 tanquam
1685 3441 1738 3496 in

201 3555 269 3605 tne
290 3539 452 3596 dicere
477 3558 491 3594 :
517 3548 572 3594 et
597 3539 641 3592 si
664 3538 800 3600 ullus
821 3537 913 3592 tibi
937 3537 1016 3591 vel
1043 3535 1134 3590 Dei
1165 3535 1342 3601 timor,
1367 3534 1449 3588 vel
1477 3532 1740 3599 humanus

202 3632 340 3700 pudor
362 3641 469 3699 est,
514 3632 837 3688 conticesce.
878 3630 961 3684 Me
1007 3637 1218 3699 oportet
1255 3643 1376 3689 cum
1413 3626 1608 3680 talibus
1652 3634 1738 3679 tua

201 3725 431 3788 convicia,
475 3738 582 3778 non
611 3722 785 3781 solum
825 3720 1106 3791 patienter,
1149 3733 1330 3777 verum
1370 3717 1528 3773 etiam
1557 3725 1740 3786 gratu-

201 3814 342 3871 lanter
362 3814 584 3871 audire:
623 3812 720 3868 sed
760 3821 816 3867 tu
851 3810 1014 3866 debes
1043 3813 1094 3864 iu
1135 3810 1327 3863 talibus
1367 3807 1661 3869 lacerandis
1688 3816 1742 3863 et

203 3905 396 3962 humana
421 3906 744 3962 erubescere
774 3911 828 3958 ct
849 3902 1025 3957 divina
1053 3900 1253 3972 judicia
1284 3898 1593 3958 formidare.

255 3998 316 4063 Χ.
361 3998 478 4066 Jun.
528 3999 657 4066 llam
703 3997 758 4052 in
801 4005 1027 4066 utroque
1073 4010 1204 4050 sexu
1250 3994 1450 4070 positos
1501 3993 1742 4066 inimicos

201 4100 378 4147 nostros
432 4090 604 4147 urtica
655 4087 985 4153 commovit,
1034 4101 1153 4156 qua:
1207 4084 1334 4139 olim
1397 4082 1606 4154 quidem
1659 4082 1743 4141 vi-

205 4182 261 4238 tio
293 4183 430 4238 mala:
469 4179 871 4242 consuetudinis
913 4178 1133 4236 mordax
1176 4177 1230 4242 1.‘,
1275 4185 1453 4232 tamen
1492 4175 1744 4231 exhorta-

204 4275 373 4342 tionem
408 4274 720 4336 salutarium
766 4273 914 4332 velut
960 4269 1274 4342 quibusdam
1319 4269 1605 4325 curabatur
1647 4283 1744 4329 un-

201 4369 396 4436 guentis.

258 4461 374 4516 Anc.
416 4459 595 4517 Urtica
642 4464 910 4529 pungentc
957 4455 1157 4525 prurit,
1200 4452 1294 4510 sed
1336 4453 1425 4524 qui
1474 4451 1745 4507 libidinem

203 4549 371 4606 laudat.
395 4553 449 4609 Si
475 4563 654 4606 autem
679 4557 894 4620 propter
914 4547 1104 4602 malam
1126 4545 1586 4612 consuetudinem,
1609 4545 1747 4598 sicut

201 4641 319 4715 sapis
335 4642 356 4674 ⁸
380 4643 570 4698 clamat
591 4643 769 4706 homo,
797 4639 918 4694 Non
939 4639 1074 4709 quod
1096 4639 1229 4704 volo,
1259 4637 1390 4706 facio
1413 4637 1632 4700 bonum;
1657 4635 1748 4690 sed

203 4734 313 4800 quod
334 4736 445 4790 nolo
469 4736 695 4800 malum,
727 4734 821 4787 hoc
849 4749 944 4804 ago
972 4731 1146 4805 (Rom.
1183 4746 1258 4785 vn
1278 4773 1290 4796 ,
1326 4730 1412 4801 19)
1443 4749 1457 4784 :
1491 4738 1634 4784 certe
1661 4729 1747 4784 vel

204 4823 244 4878 in
267 4826 356 4892 isto
382 4827 619 4890 fatemini
651 4828 935 4882 humanam
961 4823 1285 4878 voluntatem
1317 4822 1458 4876 vires
1487 4820 1745 4875 bonorum

201 4928 392 4985 operum
419 4917 742 4988 perdidisse,
773 4916 858 4978 cui
895 4914 993 4969 nisi
1030 4912 1224 4973 divina:
1252 4911 1433 4982 gratim
1470 4909 1748 4966 subveniat

199 5005 510 5077 adjutorium,
543 5009 668 5080 quid
694 5008 742 5069 ei
773 5006 993 5078 prodest
1014 5007 1287 5074 copiosum
1310 5011 1630 5063 clamatum
1657 5017 1750 5057 cu.

197 5097 388 5166 juslibet
411 5101 742 5162 exhortantis
771 5097 1081 5170 eloquium?

252 5231 268 5264 ¹
297 5233 536 5284 Iteuardus
555 5233 708 5296 primo
725 5232 961 5291 ediderat,
981 5242 1206 5296 mqgmmz
1222 5227 1462 5296 bonorum.
1480 5227 1750 5296 \‘ignierius

201 5296 408 5360 porrexit,
428 5286 650 5360 umquam
690 5293 918 5344 bonorum
950 5286 1154 5360 capiam.
1188 5291 1312 5360 Libri
1337 5286 1602 5360 vero-Mss.
1625 5286 1742 5360 dar.

202 5358 300 5421 ῳῃε
314 5351 726 5421 et_Port.'habent,
761 5367 988 5421 magnum
1010 5351 1264 5421 honorem.
1299 5357 1347 5400 tu
1385 5351 1747 5421 editione-anni

202 5412 303 5463 1618
322 5417 380 5466 ad
399 5431 527 5468 oram
547 5410 726 5468 codicis
746 5410 960 5466 nota'tum
984 5423 1060 5465 est
1082 5429 1104 5477 :7
1128 5432 1151 5460 ι
1167 5419 1322 5474 Forte,
1359 5424 1584 5477 magnum
1607 5410 1747 5462 bono-

206 5491 226 5521 ι
244 5485 407 5542 (umet
440 5481 673 5542 titulorum
687 5477 926 5542 populum
947 5476 1231 5542 possideant.
1250 5491 1273 5519 r

253 5539 428 5603 "liditi,
477 5539 631 5590 scoria
663 5532 966 5603 ι1ἱ)9ἱ1ιέιιιιηι’Δ
979 5535 1408 5603 impnrissignorum
1453 5532 1748 5603 lenocinatur

200 5599 394 5663 nutibus.
415 5592 590 5652 breues
609 5592 748 5661 Mss,"
760 5608 913 5651 scorta
934 5592 1205 5663 dogmatum
1220 5595 1651 5663 impurissimoer
1677 5592 1748 5646 16-.

201 5660 752 5728 ηοςίηαηιιινᾼαιινίὺυδ.-
1117 5721 1167 5728 ,,
1288 5660 1311 5728 ⁷,
1573 5723 1584 5728 _
1642 5715 1674 5728 ..
1712 5716 1724 5728 .

253 5723 272 5798 ξ
303 5725 564 5798 sanemus
594 5737 700 5798 9w
721 5725 835 5798 dum
854 5722 1060 5798 ,φιίιίαηι
1081 5721 1193 5798 vitio
1213 5715 1748 5798 cete,_cqcee'5fl§e€8

199 5785 385 5854 mordet.
407 5781 800 5854 \‘iguieriusqute
833 5781 946 5836 dum
967 5785 1200 5854 quosdam
1209 5783 1336 5854 ritiio
1348 5781 1490 5834 nulla
1504 5785 1748 5831 consuetu-

204 5845 532 5916 dinismord'et.
556 5845 860 5916 fastigantur
884 5861 945 5899 ex
969 5845 1314 5910 manuscriptis.

255 5908 274 5938 ο
294 5910 361 5960 Sic
378 5917 486 5962 uss.
508 5909 644 5974 nuo,
660 5908 836 5973 sopitis.

1353 365 1358 368 ’
1449 407 1661 465 uaso.
1687 405 2058 467 secusous.
3072 439 3098 460 .

3261 415 3400 472 1116

1909 523 1997 578 XI.
2030 522 2146 578 Jun.
2179 521 2248 578 At
2275 539 2416 579 nunc
2443 532 2721 596 postquam
2747 542 2844 598 pro
2869 529 3219 589 medicamine
3244 533 3408 602 coepit

1831 615 2008 670 offerri
2032 656 2044 680 ,
2076 623 2132 671 et
2167 609 2506 671 delectationi
2550 620 2773 673 accessit
2812 614 3132 687 auctoritas,
3180 634 3236 679 ut
3279 639 3408 677 eon-

1832 721 1991 762 sensu
2021 709 2038 740 ¹
2065 723 2202 776 pene
2228 707 2448 775 mundi,
2480 709 2898 779 membripoteus
2921 713 3099 781 regina
3127 716 3403 780 mentium,

1832 799 2180 868 expugnatrix
2211 799 2522 863 honestatis,
2551 807 2606 853 et
2633 800 2824 854 invicta
2847 801 3146 858 animorum
3169 805 3406 861 omnium

1832 888 2145 958 captivatrix
2174 889 2443 959 turpitudo
2476 889 2866 946 baecharetur:
2898 891 3053 947 nobis
3087 903 3285 962 quanto
3314 895 3409 950 lio-

1833 981 2054 1048 nestior,
2086 988 2231 1036 tanto
2256 982 2438 1037 durior
2467 983 2676 1038 tuenda:
2703 983 2943 1040 veritatis
2963 999 3122 1039 causa
3146 985 3281 1040 facta
3304 994 3406 1041 est.

1832 1074 1965 1143 Quia
1994 1083 2176 1130 contra
2203 1076 2505 1146 praecipites
2547 1078 2769 1147 populos
2807 1085 2863 1132 et
2903 1078 3016 1133 suis
3041 1079 3293 1134 remediis
3330 1080 3411 1133 iri-

1832 1165 2045 1231 feusos,
2088 1183 2192 1220 non
2222 1169 2445 1222 multum
2475 1168 2618 1222 valet
2641 1169 2829 1223 raritas
2871 1169 3113 1224 oratione
3142 1169 3411 1225 medican-

1833 1259 1983 1312 tium.
2015 1257 2152 1326 Quid
2180 1258 2373 1329 igitur?
2406 1259 2666 1317 horumne
2687 1261 2909 1324 intuitu,
2946 1261 3185 1332 receptui
3220 1276 3412 1316 canere

1833 1347 2164 1415 debebimus,
2184 1358 2238 1404 et
2255 1350 2606 1406 contumelias
2628 1360 2840 1406 nostras
2855 1352 3022 1406 ultum
3047 1353 3122 1406 ire
3141 1352 3351 1407 silentio
3366 1354 3428 1415 ³,·

1833 1454 1896 1494 ac
1933 1439 1999 1496 de
2042 1441 2383 1496 conscientia:
2425 1451 2580 1511 portu
2609 1443 2836 1498 aliorum
2878 1443 3056 1498 ridere
3102 1443 3413 1514 naufragia?

1834 1531 2031 1587 Verum
2057 1533 2373 1588 contradicit
2401 1534 2526 1590 huic
2561 1535 2706 1601 odio,
2735 1536 2908 1606 primo
2933 1537 3228 1608 benignitas
3252 1543 3426 1608 quam

1833 1622 2013 1691 generi
2042 1623 2300 1679 debemus
2325 1623 2587 1692 humano;
2615 1626 2867 1697 deinceps
2895 1641 3038 1697 spes,
3071 1628 3224 1698 fides,
3253 1644 3411 1697 quam

1834 1712 2090 1768 habemus
2115 1715 2168 1773 in
2199 1715 2362 1770 Deum
2381 1757 2396 1781 ,
2435 1717 2523 1786 qui
2551 1726 2698 1771 extra
2739 1718 2790 1771 id
2819 1718 2960 1788 quod
2993 1718 3298 1788 frequenter
3319 1719 3414 1772 de-

1832 1814 2074 1877 speratae
2091 1814 2387 1877 temporum
2409 1807 2604 1863 levavit
2623 1810 2834 1875 ruinas;
2861 1811 3210 1865 constantiam
3235 1821 3411 1865 tamen

1833 1911 1990 1968 quam
2014 1913 2183 1969 usque
2207 1897 2277 1954 ad
2296 1900 2483 1955 mortis
2509 1899 2694 1956 horam
2715 1903 2959 1956 exerceri
2987 1903 3173 1968 voluit,
3204 1902 3412 1958 etiamsi

1834 1989 2012 2044 nullus
2051 1990 2102 2044 in
2145 1992 2548 2060 prmsentiarum
2591 2001 2906 2063 sequeretur
2950 1992 3170 2050 effectus
3213 2000 3414 2049 aeterna

1835 2081 2266 2137 remuneratione
2295 2081 2532 2137 donavit.
3019 2087 3023 2092 ’

1907 2173 2039 2228 Auc.
2069 2173 2344 2239 Quomodo
2373 2174 2513 2228 levat
2555 2174 2696 2231 Deus
2732 2175 2913 2230 ruinas
2942 2176 3200 2230 malarum
3226 2177 3415 2232 volun-

1837 2270 2002 2316 tatum
2027 2263 2144 2333 (per
2163 2277 2296 2334 quas
2322 2265 2502 2334 utique
2524 2273 2763 2334 tempora
2781 2266 3167 2335 vituperantur,
3198 2265 3414 2336 quando

1837 2364 1982 2411 recte
2009 2355 2428 2430 vituperantur),
2471 2357 2573 2413 nisi
2604 2358 2768 2412 bonas
2807 2358 3106 2413 voluntates
3142 2359 3416 2429 operando

1839 2447 1890 2500 in
1921 2446 2170 2502 cordi-bus
2209 2446 2524 2502 hominum?
2549 2449 2656 2502 Aut
2693 2449 2736 2502 si
2779 2459 3032 2517 possunt,
3077 2449 3206 2518 ipsm
3235 2465 3294 2504 se
3336 2450 3415 2504 le-

1837 2548 1984 2607 vent,
2014 2540 2150 2594 sicut
2171 2540 2568 2597 dementissime
2587 2540 2886 2610 sentiendo,
2913 2557 3100 2612 magna
3123 2542 3274 2596 ruina
3296 2542 3418 2596 facti

1840 2633 1992 2687 estis.
2024 2631 2172 2688 Unde
2201 2648 2296 2702 pro
2327 2634 2477 2689 vobis
2506 2634 2675 2704 ipsum
2714 2649 2962 2704 rogamus
2989 2676 3001 2688 .
3032 2643 3190 2704 atque
3216 2635 3417 2689 utinam

1840 2724 1918 2779 sic
1951 2725 2112 2779 etiam
2154 2725 2222 2781 de
2263 2737 2346 2794 te,
2377 2727 2823 2797 quemadmodum
2871 2727 2938 2783 de
2984 2727 3147 2784 fratre
3175 2728 3420 2784 Turbati-

1843 2819 1913 2872 tio
1940 2815 2036 2891 (α),
2068 2833 2168 2873 nos
2193 2819 2445 2876 exaudire
2469 2820 2736 2890 dignetur.
2929 2885 2931 2887 ι

1911 2911 2026 2966 XII.
2057 2911 2176 2967 Jun.
2220 2912 2330 2966 llac
2372 2913 2529 2982 igitur
2559 2913 2680 2968 fidei
2723 2914 3088 2969 consolatione
3128 2913 3421 2983 gaudentes

1843 3001 2215 3058 immineamus
2244 3012 2421 3072 empto
2447 3004 2614 3072 Operi,
2643 3012 2698 3058 et
2722 3004 3134 3074 disputationum
3161 3005 3421 3074 promissa

1841 3094 2178 3149 reddamus:
2223 3109 2328 3149 non
2381 3094 2713 3164 ambigentes
2762 3094 2862 3149 hoc
2906 3095 3080 3163 ipsum
3130 3096 3414 3148 maximam

1841 3201 1961 3240 esse
1987 3186 2188 3255 prmmii
2212 3197 2444 3256 partem,
2477 3187 2598 3255 quia
2637 3186 2689 3239 in
2715 3185 2830 3254 ejus
2849 3185 3111 3255 dogmatis
3141 3201 3262 3240 arce
3291 3201 3421 3240 cono

1842 3276 2093 3341 stitimus,
2126 3276 2264 3346 quod
2293 3292 2412 3330 eum
2441 3284 2544 3330 tam
2574 3275 2861 3330 multorum
2888 3275 3040 3338 livor,
3070 3274 3165 3329 sed
3194 3275 3421 3344 plurium

1843 3385 1993 3427 error
2017 3378 2314 3439 oppugnet;
2349 3378 2523 3424 tamen
2553 3369 2622 3423 ita
2651 3383 2809 3437 supra
2835 3382 2992 3422 casus
3016 3369 3184 3422 evasit
3215 3367 3422 3438 ancipi-

1843 3471 1944 3529 tes,
1975 3470 2034 3516 ut
2057 3461 2376 3516 invincibilis
2395 3461 2536 3514 cluat
2565 3450 2902 3529 possessione
2926 3461 3184 3515 victoriae.

1913 3554 2047 3610 Auc.
2080 3555 2198 3624 Ipse
2226 3554 2315 3608 tibi
2342 3553 2438 3608 das
2460 3553 2687 3624 palmam
2709 3563 2891 3608 contra
2919 3562 2996 3607 tot
3016 3554 3278 3608 antistites
3307 3553 3419 3616 Dei,

1844 3646 1932 3714 qui
1959 3657 2081 3700 ante
2126 3661 2255 3710 nos,
2304 3659 2365 3699 ea
2400 3660 2520 3714 qua:
2546 3659 2850 3714 uppuguas,
2881 3645 2932 3698 in
2962 3644 3196 3698 Ecclesia
3227 3642 3424 3699 Christi

1843 3736 2170 3802 didicerunt,
2198 3744 2356 3806 atque
2379 3735 2707 3798 docuerunt,
2740 3735 2982 3789 bibentes
3025 3744 3080 3789 et
3119 3734 3425 3788 ministran-

1845 3839 1925 3885 tes
1961 3829 2028 3884 de
2067 3829 2086 3860 ³
2134 3828 2366 3884 fontibus
2411 3828 2570 3882 Israel
2619 3827 2787 3897 (Psal.
2821 3843 2980 3891 vau,
3007 3827 3120 3897 27).
3153 3827 3262 3880 lloc
3295 3839 3424 3896 ergo

1844 3923 1984 3993 quod
2011 3922 2168 3987 facis,
2203 3938 2308 3977 nou
2337 3931 2419 3977 est
2450 3921 2687 3976 γίςιοτίςυ
2714 3919 3052 3989 possessione
3088 3919 3294 3984 cluere,
3327 3917 3424 3972 sed

1846 4015 1896 4068 in
1950 4012 2152 4068 odiosas
2201 4013 2516 4082 arrogantia:
2580 4011 2814 4066 cloacam
2878 4011 3185 4066 deformiter
3234 4010 3422 4066 ﬂuere.

1844 4104 2036 4159 Cluere
2060 4104 2283 4174 quippe,
2329 4103 2531 4173 pollere
2560 4111 2643 4157 est
2681 4119 2693 4156 :
2739 4102 3011 4172 quomodo
3052 4111 3227 4156 autem
3277 4109 3426 4170 potes

1845 4195 2081 4252 victoria:
2123 4196 2458 4266 possessione
2505 4195 2740 4264 pollere,
2790 4194 2880 4263 qui
2931 4195 3142 4249 conaris
3167 4194 3427 4250 catholica

1846 4287 2115 4356 dogmata,
2145 4287 2385 4356 antiqua,
2417 4295 2468 4341 et
2495 4285 2688 4340 invicta
2718 4285 2991 4355 polluere?

1919 4378 2058 4433 ΧΙΙΙ.
2089 4377 2208 4433 Jun.
2238 4377 2368 4432 Nam
2397 4379 2471 4444 si,
2505 4387 2562 4430 ut
2587 4386 2642 4430 et
2669 4377 2914 4446 superior
2939 4391 3117 4432 sermo
3141 4376 3422 4447 patefecit,

1848 4480 1903 4528 et
1947 4479 2227 4526 secuturus
2263 4470 2502 4531 docebit,
2532 4468 2784 4539 quidquid
2831 4470 2967 4524 ratio
3015 4477 3125 4535 est,
3173 4469 3426 4539 quidquid

1850 4565 2098 4630 eruditio,
2127 4563 2380 4634 quidquid
2404 4563 2628 4632 justitia,
2666 4561 2920 4632 quidquid
2949 4562 3146 4630 pietas,
3175 4561 3429 4631 quidquid

1850 4655 2273 4710 testimoniorum
2300 4667 2570 4706 sacrorum
2589 4693 2604 4718 ,
2635 4651 2756 4705 huic
2785 4651 2924 4720 quod
2959 4659 3170 4705 tuemur
3183 4651 3428 4720 dogmati

1849 4745 2203 4813 suffragatur:
2235 4744 2364 4797 nihil
2387 4742 2530 4797 aliud
2560 4741 2758 4795 inimici
2782 4741 2947 4795 nostri
2979 4750 3090 4795 toto
3120 4741 3428 4810 adipiscun-

1851 4845 1937 4891 tur
1960 4845 2185 4902 conatu,
2225 4850 2382 4905 quam
2419 4843 2476 4889 ut
2517 4833 2686 4888 doctis
2730 4835 3023 4904 quibusque
3053 4833 3429 4903 imprudentis-

1849 4929 1969 4983 simi
1997 4927 2038 4992 ‘,
2065 4927 2266 4981 sanctis
2289 4925 2760 4990 contumacissimi,
2791 4925 2844 4979 in
2874 4925 3038 4980 Deum
3069 4922 3427 4994 profanissimi

1850 5019 2282 5087 comprobentur.

1921 5111 2055 5167 Auc.
2085 5110 2188 5164 Sed
2231 5108 2358 5163 falsa
2397 5107 2669 5178 loqueris:
2701 5123 2824 5162 nam
2858 5122 3028 5177 neque
3054 5107 3222 5172 ratio,
3256 5123 3430 5176 neque

1851 5215 1976 5256 sana
2003 5200 2251 5267 eruditio,
2285 5215 2456 5269 neque
2475 5199 2701 5268 iustitia,
2735 5213 2906 5268 neque
2936 5198 3122 5267 pictas,
3147 5213 3319 5268 neque
3341 5212 3428 5251 sa-

1851 5311 1937 5351 cra
1968 5294 2088 5352 testi
2112 5315 2121 5344 ι
2145 5294 2262 5346 ouia
2283 5302 2462 5347 vestro
2483 5291 2710 5362 dogmati
2739 5289 3271 5359 suffragantur;'imo,
3315 5286 3432 5340 lucc

1851 5386 2048 5448 omnia,
2079 5385 2217 5437 sicut
2241 5383 2293 5436 hi
2314 5382 2403 5452 qui
2428 5390 2572 5436 recte
2595 5381 2890 5450 intelligunt
2912 5379 3163 5447 iudiCaut,
3193 5385 3427 5429 vestruut

1851 5476 2042 5547 dogma
2073 5474 2406 5530 subvertuut.
2436 5473 2590 5527 Ratio
2616 5472 2807 5541 quippe
2828 5469 2996 5536 cernit
3022 5469 3108 5521 vix
3134 5465 3198 5520 ad
3228 5461 3433 5533 aliquid

1915 5656 1933 5722 ξ
1967 5655 2040 5722 sic
2061 5661 2167 5711 Mss-
2191 5653 2330 5722 Εᾷἓῑῗι
2351 5664 2601 5722 οοηέεδδυκ
2635 5709 2648 5722 .
2707 5707 2720 5719 .

1915 5719 1936 5750 ¹
1969 5718 2040 5765 sic
2062 5707 2165 5766 Mss.
2191 5707 2329 5775 Editi,
2349 5720 2532 5763 nostras
2551 5707 2720 5762 ulcisci
2735 5707 2934 5759 siletm'o.

1917 5780 1938 5842 ξ
1970 5779 2104 5838 Editi,
2128 5779 2194 5826 in.
2223 5786 2347 5842 Mss,
2371 5777 2450 5825 dc.
2474 5835 2486 5842 _
2624 5832 2634 5842 .
2701 5830 2728 5842 _.

1915 5841 1939 5874 δ
1972 5850 2074 5889 Mss.
2092 5832 2207 5888 'Mat'.
2232 5846 2284 5887 ct
2301 5838 2439 5895 (:lar.,
2467 5832 2879 5895 impudentisstmr.

1919 5903 1991 5967 (α)
2021 5911 2182 5963 Supra,
2208 5901 2290 5949 lib.
2321 5900 2372 5959 i,
2396 5911 2499 5961 cap.
2530 5900 2573 5947 1.
