4014 6484
568 393 703 450 1147
885 413 924 455 ο

565 505 674 560 veri
719 520 778 560 se
816 518 971 575 posse
1019 505 1298 577 pervenire
1341 505 1588 562 tarditate
1627 505 1950 576 impediente
1989 513 2142 559 natu-

563 612 670 652 rze:
701 595 928 650 eruditio
971 611 1181 665 pmuam
1221 596 1416 653 laboris
1457 597 1615 652 habet
1658 598 1711 652 in
1753 596 1939 654 eadem
1978 597 2144 652 tardi-

561 696 670 744 tate
694 697 896 742 natura:
928 705 942 741 :
964 687 1168 758 justitia
1193 687 1387 742 clamat
1428 704 1532 742 non
1559 688 1624 750 ad
1654 704 1713 745 se
1756 691 2044 757 pertinere,
2087 695 2152 754 ut,

561 777 733 833 Adam
762 777 853 833 ﬁlii
878 779 1025 851 gravi
1051 779 1181 850 jugo
1212 788 1522 849 premantur
1545 796 1574 835 a
1603 779 1694 852 die
1720 783 1902 838 exitus
1927 780 1994 836 de
2018 798 2146 837 ven-

561 879 641 924 tre
669 870 853 925 matris
880 886 1012 938 suae,
1056 870 1172 927 sine
1199 872 1308 926 ullo
1333 872 1526 927 merito
1554 883 1889 942 peccatorum
1925 891 1940 927 :
1973 875 2145 944 pietas

559 960 814 1018 adversus
856 962 958 1019 hoc
985 963 1470 1040 malum,divinum
1515 966 1689 1037 pascit
1728 967 1982 1022 auxilium
2011 984 2026 1022 :
2056 983 2146 1022 sa-

559 1068 653 1108 cra
685 1053 1008 1122 testimonia,
1037 1061 1098 1112 ut.
1123 1054 1224 1110 hoc
1253 1056 1365 1122 ﬁat,
1397 1055 1684 1112 humanum
1712 1057 2003 1114 admouent
2029 1057 2147 1133 ani-

558 1162 728 1201 tuum.

629 1237 768 1294 XIV.
800 1238 919 1296 Jun.
959 1240 1030 1296 Et
1053 1240 1266 1310 quidem
1305 1257 1464 1312 quam
1509 1242 1640 1297 nihil
1671 1241 1902 1310 habeant
1943 1243 2147 1299 Tradu-

559 1333 722 1400 ciani,
751 1332 894 1404 quod
917 1334 969 1388 vi
1001 1349 1103 1405 qua
1133 1342 1492 1405 proteruntur,
1517 1335 2057 1407 rationisopponant,
2085 1344 2147 1396 ut

557 1423 660 1477 alia
684 1439 874 1483 eorum
901 1425 1122 1496 scripta,
1155 1426 1224 1480 ita
1255 1425 1308 1500 hj
1339 1436 1522 1482 contra
1550 1442 1686 1498 quos
1707 1427 1916 1497 agimus
1944 1435 2145 1485 testan-

559 1521 649 1570 tur
677 1515 862 1581 libelli,
895 1517 988 1586 qui
1019 1516 1207 1583 directi
1246 1517 1314 1572 ad
1344 1518 1624 1573 militarem
1667 1518 1838 1576 virum
1859 1517 1934 1590 (a)
1965 1518 2145 1592 (quod

557 1606 719 1664 etiam
741 1608 854 1677 ipse
880 1607 1115 1677 proﬁteri
1144 1608 1366 1678 potest),
1394 1609 1513 1664 aliis
1540 1609 1710 1680 magis
1734 1610 1961 1681 negotiis
1983 1627 2148 1682 quam

559 1697 750 1754 litteris
777 1709 1113 1769 occupatum,
1152 1701 1478 1771 impotentia:
1505 1712 1703 1760 contra.
1732 1719 1828 1760 nos
1856 1715 2146 1776 precantur

558 1789 834 1857 auxilium,
863 1806 926 1849 ac
966 1807 1063 1863 pro
1093 1807 1152 1848 se
1179 1807 1390 1850 sursum
1417 1794 1668 1851 deorsum
1711 1796 2102 1866 plebecularum
2121 1839 2142 1867 ,

557 1887 652 1938 aut
673 1882 949 1948 ruralium,
974 1892 1066 1937 aut
1091 1882 1426 1940 theatralium
1447 1885 1579 1942 scita
1601 1887 1996 1956 commendant,
2022 1904 2147 1960 qure

559 1987 666 2041 quo
703 1972 810 2028 sint
839 1974 1170 2046 promulgata
1199 1977 1448 2046 consilio,
1480 1976 1701 2034 historia
1724 1979 1876 2052 nulla,
1903 1995 2144 2048 comme—

557 2073 751 2120 morat.

631 2157 767 2212 Acs.
811 2155 928 2212 Non
959 2157 1282 2230 impotentia
1321 2169 1508 2217 contra
1534 2177 1631 2217 vos
1670 2177 1952 2232 precamur
1987 2163 2145 2218 anxi-

563 2247 690 2301 lium
721 2265 734 2302 :
762 2247 853 2303 sed
879 2263 977 2320 pro
1015 2250 1163 2306 vobis
1195 2253 1390 2322 potius,
1420 2262 1474 2308 ut
1509 2253 1578 2308 ab
1607 2269 1738 2308 ausu
1764 2255 2023 2324 sacrilego
2046 2271 2143 2310 co-

562 2335 850 2393 hibeatuini
877 2379 892 2404 ,
923 2338 1229 2398 christiante
1279 2343 1527 2412 potentia:
1572 2345 1847 2400 laudamus
1887 2346 2141 2402 ofﬁcium.

562 2428 697 2483 Vide
721 2445 852 2485 sane
871 2433 1318 2502 quemadmodum
1345 2434 1548 2490 rurales
1571 2445 1625 2492 et
1648 2437 1932 2494 theatrales
1956 2438 2144 2507 dicas,

564 2517 889 2590 Cyprianum
911 2561 928 2587 ,
967 2531 1019 2577 et
1064 2522 1425 2593 Ambrosium,
1456 2533 1510 2581 et
1536 2533 1613 2585 tot
1637 2527 1873 2585 eruditos
1900 2527 1952 2584 in
1978 2544 2145 2601 regno

569 2609 663 2666 Dei
692 2613 896 2670 scribas
921 2614 1098 2670 socios
1119 2631 1326 2672 eorum.

639 2702 757 2759 XV.
799 2705 919 2761 Jun.
951 2705 1084 2763 Illud
1121 2716 1296 2765 tamen
1327 2726 1657 2782 nequaquam
1688 2712 1908 2769 inﬁciari
1954 2728 2144 2786 possu-

563 2810 685 2851 mus
705 2837 720 2863 ,
752 2798 893 2868 quod
925 2799 1206 2868 plurimum
1227 2843 1243 2867 ,
1271 2811 1326 2856 ut
1355 2801 1461 2857 dixi
1482 2845 1498 2870 ,
1528 2803 1694 2859 turbis
1733 2805 1958 2874 placeat,
1990 2806 2144 2862 luteis

563 2894 742 2942 tamen
774 2889 791 2922 ⁸
830 2889 1024 2957 ἀοιίςμι
1051 2893 1335 2948 voluntatis
1369 2894 1629 2964 imputare
1659 2906 1894 2964 natum,
1921 2908 1976 2952 et
2008 2899 2144 2955 infe.

565 2979 799 3039 ntatione
827 2982 1089 3037 seminum
1125 2998 1333 3040 morum
1365 2987 1711 3056 petulantiam
1745 2989 2015 3046 vindicare
2043 3009 2057 3045 :
2087 2999 2144 3046 ut

567 3086 838 3142 nunquam
861 3075 979 3144 quis
1004 3077 1289 3132 emendare
1316 3089 1557 3148 conetur,
1587 3082 1726 3152 quod
1758 3086 1978 3154 sperat’
2001 3084 2055 3139 in
2085 3100 2144 3142 se

567 3165 684 3233 ipso
713 3166 934 3220 alterum
964 3178 1293 3237 perpetrare.

635 3256 771 3312 Auc.
804 3256 934 3324 Quis
967 3259 1058 3322 tibi
1081 3259 1215 3318 dixit
1240 3261 1281 3329 ³,
1313 3262 1453 3332 quod
1480 3263 1628 3324 alter
1653 3277 1921 3336 perpetret
1952 3283 2142 3339 pecca-

565 3354 676 3400 tum
704 3349 1058 3418 cujusquam?
1083 3349 1522 3424 Quandoquidem
1560 3358 1722 3426 ctiam
1751 3359 1840 3414 ille
1874 3360 1974 3431 qui,
1993 3362 2140 3429 dicit,

564 3435 688 3491 Jam
713 3455 812 3492 non
839 3455 929 3511 ego
955 3456 1137 3510 aperor
1173 3443 1323 3511 illud,
1359 3446 1448 3500 sed
1484 3447 1541 3502 id
1568 3451 1702 3518 quod
1737 3450 1794 3503 in
1832 3467 1912 3506 me
1951 3452 2145 3508 habitat

571 3539 828 3597 peccatum
852 3546 872 3588 :
895 3532 1150 3588 continuo
1168 3534 1472 3604 subjiciens,
1500 3537 1620 3594 Scio
1639 3542 1771 3595 enim
1795 3545 1912 3613 quia
1933 3561 2032 3598 non
2053 3547 2145 3600 Ita-

566 3619 688 3672 bitat
716 3620 767 3673 in
807 3637 907 3688 me,
944 3622 1040 3678 hoc
1068 3634 1142 3679 est
1167 3625 1221 3679 in
1258 3643 1409 3682 carne
1441 3645 1572 3695 mea,
1613 3629 1795 3685 bonum
1823 3633 2012 3704 (Rom.
2049 3652 2140 3705 vn,

563 3713 655 3779 l7,
684 3709 816 3786 I8);
839 3716 1070 3772 ostendit
1094 3731 1248 3774 suum
1275 3734 1398 3777 esse
1423 3721 1675 3792 quidquid
1706 3724 1832 3787 illud
1863 3738 1944 3787 est
1976 3744 1989 3780 :
2021 3729 2142 3797 quia

563 3811 618 3859 et
643 3803 755 3874 ipsa
786 3819 912 3861 caro
939 3807 1006 3863 ad
1032 3823 1158 3864 eum
1184 3812 1434 3881 pertinet,
1466 3813 1554 3884 qui
1582 3831 1645 3869 ex
1671 3829 1833 3872 carne
1857 3827 2064 3874 constat
2091 3830 2146 3876 et

563 3894 776 3965 spiritu.
802 3896 870 3951 Et
891 3906 1068 3956 tamen
1088 3916 1192 3956 non
1217 3903 1297 3958 vis
1321 3918 1440 3959 cum
1467 3905 1749 3963 Ambrosio
1769 3924 1976 3980 sapere,
2003 3913 2144 3983 quod

571 3986 676 4044 hoc
705 3989 926 4055 malum,
957 4008 1066 4062 quo
1090 4009 1219 4050 caro
1242 3997 1568 4067 concupiscit
1597 3999 1852 4057 adversus
1878 4005 2142 4075 spiritum,

563 4080 1004 4147 prmvaricatione
1031 4081 1053 4114 ⁸
1096 4086 1250 4153 primi
1295 4085 1524 4143 hominis
1567 4090 1618 4145 in
1658 4103 1900 4148 naturam
1927 4099 2146 4158 verterit

564 4169 858 4239 (Aminea,
881 4172 969 4227 lib.
998 4174 1029 4228 7
1056 4175 1108 4227 in
1131 4174 1256 4232 Luc.
1280 4194 1372 4240 xu,
1397 4179 1509 4249 52).
1538 4181 1641 4236 Sed
1662 4191 1716 4237 et
1745 4193 1796 4239 tu
1821 4200 1940 4245 cum
1965 4188 2144 4246 dicere

565 4262 741 4318 soleas
769 4263 820 4316 in
847 4263 937 4322 liis
961 4267 1268 4334 apostolicis
1295 4271 1470 4326 verbis
1500 4273 1806 4329 violentiam
1835 4278 1989 4332 mala:
2011 4295 2145 4336 con-

563 4353 862 4410 suetudinis
899 4357 1164 4426 exprimi,
1193 4359 1316 4427 quid
1345 4370 1459 4428 est,
1487 4365 1627 4433 quod
1658 4366 1816 4420 modo
1844 4367 2021 4425 dicere
2048 4387 2144 4424 vo—

562 4447 728 4514 Iutstt,
766 4466 786 4501 (
815 4448 883 4506 Ut
930 4467 1198 4522 nunquam
1235 4454 1354 4524 quis
1394 4456 1685 4515 emendare
1727 4473 1970 4527 conetur,
2001 4467 2141 4536 quod

560 4539 662 4592 scit
686 4539 736 4593 in
762 4555 821 4595 se
844 4541 1068 4598 alterum
1091 4547 1438 4616 perpetrare?
1465 4567 1486 4602 ι
1512 4549 1644 4604 Cum
1671 4551 1804 4612 velis
1830 4554 1852 4586 ⁸
1879 4556 2060 4626 utique
2084 4573 2142 4614 se

561 4630 735 4700 ipsum
762 4636 1046 4692 anendare
1073 4653 1196 4693 eum
1217 4639 1306 4710 qui
1333 4639 1478 4706 dicit,
1510 4641 1634 4697 Non
1655 4660 1746 4715 ego
1775 4661 1955 4716 operor
1976 4648 2144 4706 illud:

559 4733 611 4779 et
642 4725 746 4781 hoc
773 4728 908 4783 velis
939 4731 1050 4786 tieri
1081 4731 1280 4788 viribus
1305 4735 1533 4805 propria:
1562 4736 1885 4805 voluntatis;
1917 4755 2037 4794 cum
2065 4743 2144 4798 vi-

565 4816 692 4873 deas
718 4833 878 4888 quam
917 4822 985 4874 sit
1025 4823 1267 4879 voluntas
1295 4825 1412 4896 ejus
1453 4827 1659 4883 inﬁrma
1699 4831 1787 4900 qui
1817 4831 1978 4899 dicit,
2020 4832 2143 4895 Non

565 4910 699 4978 quod
719 4909 853 4978 volo,
886 4929 1002 4984 ago.
1027 4911 1190 4969 Istum
1218 4916 1428 4986 saltem,
1457 4935 1659 4990 quaeso,
1691 4924 1982 4992 permittite
2004 4925 2141 4984 divi-

563 5015 689 5055 num
722 5017 944 5070 poscere
985 5006 1260 5076 auxilium,
1289 5009 1342 5065 in
1373 5026 1477 5082 quo
1501 5012 1760 5070 defecisse
1785 5017 2004 5072 cernitis
2027 5033 2140 5078 sua)

556 5094 843 5152 voluntatis
869 5099 1176 5156 arbitrium.

618 5289 941 5370 :Jtteunardus,
961 5292 1147 5370 χωρίς.
1174 5294 1373 5370 placet,
1407 5299 1595 5370 Juda'ir
1847 5307 2137 5370 Vignierius,

553 5348 1106 5432 incili‘spilagetltideris
1130 5348 1306 5430 (limen.
1317 5348 1383 5412 Fit
1413 5348 1872 5432 piiib'hdgi'iiiiém

551 5417 607 5490 et
615 5409 1028 5490 ingfairtationes‘et
1057 5417 1300 5471 hominum
1330 5409 2136 5490 idor‘iliiibéiiﬂiniiihin"

550 5476 852 5536 castigantur
875 5491 938 5527 ex
961 5484 1068 5531 Mss.

615 5536 636 5597 ἒ
668 5541 825 5597 Forte,
849 5537 987 5591 sciat.

614 5596 636 5669 ξ
666 5596 873 5669 gallis.
908 5603 1025 5653 Editi
1043 5618 1180 5669 vero,
1204 5606 1333 5669 quod
1355 5606 1442 5662 tibi
1457 5609 1583 5663 dixi.

613 5655 636 5738 ξ
959 5655 1995 5738 Ρναζυανὶἱῖαὶξρἠἧιίλῖδξίξρνωυανὶταιὶοηε.

612 5719 635 5793 ξ
668 5719 803 5793 satu,
818 5719 972 5793 ient}
994 5719 1356 5793 refragantibus
1366 5719 1477 5784 uss;

549 5780 691 5892 tum).
706 5780 827 5834 Libri
850 5787 915 5838 de
935 5780 1202 5852 Nuptiisuet
1236 5780 1646 5859 t..9tictttxiscentia,
1669 5801 1726 5852 ad
1746 5803 1971 5854 comitem
1995 5803 2132 5855 vale-

1231 391 1476 449 UPEIlIS
1515 389 1920 446 IMI‘ERFECTI
1960 390 2231 446 CONTRA
2270 389 2628 457 JULIANUM,
2669 393 2726 449 S.
2769 393 3138 454 AUGUS'I‘INI

3694 407 3840 463 1118

2325 502 2465 559 XVI.
2485 504 2605 561 los.
2634 506 2833 563 Verum
2855 509 3180 568 imbecillum
3201 527 3357 570 emcze
3378 515 3642 586 opinionis
3665 532 3844 591 patro-

2251 595 2450 650 cinium
2497 597 2808 668 multiplicat
2843 611 3090 671 peccata,
3139 620 3246 660 non
3286 606 3498 666 minuit.
3538 609 3637 667 llic
3675 614 3844 684 igitur

2250 689 2566 752 miserorum
2591 692 2825 761 pruritus
2848 701 2903 749 et
2921 705 3114 766 sponte
3137 703 3536 768 mgrescentium
3559 705 3603 772 ⁸,
3632 707 3842 764 nullum

2251 789 2440 836 contra
2473 781 2644 852 ipsam
2684 784 2947 842 rationem
2987 789 3183 846 valebit
3225 793 3434 861 pondus
3471 795 3665 852 afferre
3695 817 3708 853 :
3739 801 3842 855 sed

2249 873 2374 944 quia
2404 875 2675 931 nonnullis
2693 873 3087 948 Scripturarum
3108 881 3259 950 locis,
3282 894 3337 940 et
3356 887 3584 943 maxime
3608 893 3844 959 apostoli

2251 966 2401 1021 Pauli
2431 968 2774 1036 sermonibus
2801 971 3107 1028 conﬁrmari
3151 985 3399 1033 asserunt
3441 981 3678 1036 naturale
3706 997 3842 1052 pec-

2250 1069 2432 1122 catum
2451 1102 2467 1128 ,
2495 1077 2722 1132 quorum
2753 1066 3143 1136 expositionem
3175 1068 3226 1122 in
3269 1072 3558 1126 secundum
3587 1075 3841 1132 volumen

2249 1151 2449 1218 distuli,
2478 1154 2700 1223 ejusque
2719 1154 3004 1212 reddendae
3027 1166 3235 1228 tempus
3257 1169 3341 1215 est
3362 1162 3415 1228 ’ς
3441 1162 3672 1218 breviter
3688 1166 3844 1234 prius

2254 1241 2354 1318 (tut
2380 1243 2474 1312 ﬁat
2501 1245 2668 1300 lector
2695 1245 3062 1322 instructior),
3099 1260 3153 1305 et
3181 1266 3302 1322 qua:
3334 1253 3443 1310 sint
3467 1264 3606 1319 acta,
3637 1267 3691 1311 et
3715 1273 3842 1326 qua:

2250 1335 2359 1390 sint
2399 1336 2609 1406 agenda
2654 1335 2999 1408 distinguam.
3047 1339 3332 1397 Ostensum
3373 1353 3456 1399 est
3496 1360 3659 1414 ergo,
3703 1346 3840 1402 nihil

2252 1440 2416 1496 posse
2444 1442 2542 1496 per
2584 1439 2796 1485 sanctas
2833 1429 3136 1500 Scripturas
3171 1433 3422 1502 probari,
3463 1435 3604 1506 quod
3629 1436 3839 1507 juSIitia

2249 1531 2358 1572 non
2404 1518 2572 1588 possit
2618 1519 2756 1575 tueri
2786 1535 2804 1575 :
2834 1521 2958 1590 quia
2986 1522 3033 1576 si
3080 1523 3133 1577 in
3178 1523 3293 1594 lege
3337 1524 3434 1587 Dei
3476 1536 3560 1580 est
3604 1527 3842 1596 perlecta

2249 1607 2414 1664 forma
2439 1610 2680 1685 justitim,
2710 1611 2840 1679 nihil
2870 1627 2968 1682 per
3002 1628 3120 1668 eam
3150 1614 3456 1684 adversaria
3484 1617 3619 1687 ejus,
3651 1617 3702 1673 id
3727 1628 3836 1683 est,

2249 1699 2505 1771 injustitia
2530 1702 2723 1761 sinitur
2751 1705 2960 1759 virtutis
2981 1707 3261 1775 acquirere
3289 1726 3304 1762 :
3333 1723 3396 1762 ac
3423 1724 3516 1777 per
3543 1708 3664 1775 hoc,
3691 1711 3844 1780 quod

2250 1793 2389 1847 ratio
2417 1795 2614 1865 arguit,
2646 1809 2750 1850 non
2780 1805 2958 1867 potest
2993 1799 3284 1853 auctoritas
3311 1799 3601 1856 vindicare.
3635 1801 3840 1857 Deinde

2251 1886 2528 1956 probatum
2560 1895 2644 1942 est
2665 1929 2679 1952 ,
2713 1888 2880 1943 Deum
2921 1889 3076 1944 nobis
3120 1900 3304 1945 nolunt
3352 1906 3473 1946 esse
3503 1892 3790 1948 virtutibus
3820 1910 3835 1947 :

2250 1975 2407 2046 hujus
2428 1993 2557 2048 ergo
2596 1978 2854 2048 justitiam
2886 1988 2944 2035 ut
2967 1981 3404 2051 omnipotentiam
3441 1983 3835 2048 conﬁtendam;

2247 2071 2403 2145 cujus
2439 2072 2482 2125 si
2511 2071 2822 2127 admittatur
2864 2073 3166 2145 excidium,
3197 2075 3458 2145 majestas,
3474 2076 3687 2146 incipiet
3725 2085 3840 2132 tota

2249 2171 2467 2229 nutare;
2494 2165 2616 2235 quia
2641 2165 2713 2220 ita
2742 2165 2884 2225 Deus
2905 2166 3085 2237 justus
3109 2176 3213 2235 est,
3245 2177 3302 2222 ut
3328 2167 3719 2239 siproharetur
3740 2170 3838 2241 ju-

2248 2265 2366 2312 stus
2401 2272 2506 2312 non
2545 2273 2698 2325 esse,
2743 2260 3152 2319 convinceretur
3191 2262 3333 2317 Deus
3363 2278 3466 2317 non
3505 2278 3627 2322 esse
3657 2282 3673 2319 :
3699 2279 3838 2319 con.

2248 2350 2560 2421 clusnmque
2588 2359 2702 2416 est,
2747 2366 2844 2406 nos
2875 2352 3043 2409 Deum
3072 2354 3434 2424 arquissimum
3479 2355 3532 2409 in
3575 2353 3841 2412 Trinitate

2247 2445 2520 2512 venerari;
2566 2453 2620 2501 et
2660 2445 3059 2502 irrefutabiliter
3094 2448 3373 2516 apparuit,
3420 2462 3528 2515 non
3567 2461 3724 2520 posse
3765 2448 3840 2504 ah

2249 2552 2314 2594 eo
2343 2535 2633 2609 pcccatunf
2650 2539 2879 2593 alienum
2904 2539 3136 2609 parvulis
3161 2539 3428 2609 imputari.

2321 2630 2457 2686 Auc.
2486 2630 2663 2699 Quare
2689 2645 2794 2685 non
2829 2630 3012 2687 fateris
3031 2633 3099 2687 ab
3123 2631 3491 2701 omnipotente
3510 2629 3654 2701 justo
3673 2644 3841 2700 grave

2243 2719 2430 2791 jugum
2457 2737 2622 2792 snper
2649 2722 2786 2777 ﬁlios
2817 2723 2983 2777 Adam
3011 2738 3042 2777 a
3084 2723 3173 2778 die
3196 2724 3370 2778 exitus
3407 2723 3475 2778 de
3511 2731 3695 2778 ventre
3723 2738 3842 2776 ma~

2252 2814 2349 2868 tris
2373 2827 2579 2879 eorum,
2607 2814 2721 2870 siue
2749 2815 2855 2892 ullo
2875 2817 3076 2887 peccati
3107 2815 3296 2872 merito
3320 2830 3424 2870 non
3452 2815 3687 2886 potuisse
3708 2829 3837 2871 con-

2248 2905 2416 2962 Ititui.

2319 2997 2486 3054 XVII.
2527 2997 2649 3054 Jt:t..
2696 2997 2802 3055 Sed
2852 3007 2910 3053 ut
2964 2998 3032 3054 de
3092 2998 3404 3059 deﬁnitione
3447 2999 3699 3070 justitiae,
3762 2999 3836 3054 ita

2249 3091 2412 3147 etiam
2443 3089 2511 3146 de
2537 3091 2741 3162 peccati
2775 3091 3078 3146 conditione
3102 3091 3385 3146 dissertnm
3415 3099 3515 3157 est,
3544 3091 3683 3164 quod
3711 3105 3841 3162 pec.

2248 3191 2424 3238 catum
2454 3185 2696 3253 apparuit
2725 3182 2855 3237 nihil
2882 3198 3001 3238 esse
3026 3181 3166 3238 aliud
3192 3199 3349 3264 quam
3377 3184 3569 3238 malam
3594 3185 3842 3240 voluntao

2251 3286 2380 3340 tem,
2409 3276 2496 3333 cui
2536 3287 2680 3333 esset
2719 3275 2942 3346 liberum
2970 3276 3038 3331 ab
3063 3291 3129 3333 eo
3156 3276 3482 3349 quodprave
3509 3278 3840 3350 oppetiverat

2248 3366 2544 3422 abstinere.

2319 3459 2454 3515 Auo.
2504 3458 2616 3514 Iloc
2645 3467 2727 3514 est
2771 3458 2989 3514 omnino
3040 3467 3316 3530 peceatum
3364 3460 3516 3531 primi
3563 3461 3836 3530 hominis,

2248 3549 2390 3604 unde
2441 3549 2493 3603 in
2539 3548 2784 3605 homines
2834 3551 2956 3604 mali
3002 3552 3152 3621 origo
3194 3550 3489 3608 descendit.
3533 3551 3593 3606 Ei
3638 3553 3838 3623 quippe

2249 3639 2402 3701 valde
2429 3639 2652 3695 liberum
2672 3640 2788 3706 fuit,
2815 3639 2882 3695 ab
2909 3655 2974 3695 eo
3001 3641 3140 3712 quod
3167 3657 3328 3711 prave
3349 3643 3674 3711 appetiverat
3701 3643 3836 3700 abs-

2257 3734 2430 3789 tinere
2461 3749 2474 3787 :
2519 3733 2640 3804 quia
2679 3733 2915 3789 nondum
2945 3742 3061 3789 erat
3088 3735 3293 3798 vitium,
3325 3749 3433 3804 quo
3481 3745 3608 3790 caro
3633 3749 3836 3790 concu—

2250 3825 2480 3896 pisceret
2521 3825 2778 3880 adversus
2807 3826 3096 3896 spiritum:
3135 3828 3369 3881 nondum
3412 3814 3620 3885 dicebat
3644 3868 3660 3894 ,
3712 3826 3839 3884 Non

2247 3918 2384 3988 quod
2407 3917 2540 3984 volo,
2573 3933 2669 3988 ago
2694 3933 2714 3972 :
2745 3917 2978 3971 nondunt
3011 3917 3216 3987 positus
3253 3918 3305 3972 in
3333 3933 3497 3974 carne
3522 3919 3720 3989 peccati
3748 3920 3838 3973 nl-

2249 4007 2357 4064 lum
2405 4009 2766 4064 necessarium
2813 4007 3041 4064 habebat
3082 4009 3334 4064 auxilium
3365 4009 3435 4065 de
3483 4011 3836 4068 similitudine

2248 4101 2424 4157 carnis
2469 4103 2673 4172 peccati
2686 4141 2699 4156 .

2318 4190 2504 4248 XVIII.
2561 4192 2679 4248 JUL.
2735 4193 2820 4250 Ac
2869 4208 2966 4263 per
3024 4192 3128 4249 hoc
3177 4194 3537 4249 illustrissimo
3589 4195 3838 4252 testimo-

2248 4288 2339 4342 nio
2385 4288 2695 4359 perdoctam
2743 4298 2864 4354 est,
2915 4289 2966 4342 in
3011 4290 3353 4344 nascentibus
3398 4306 3504 4344 non
3555 4305 3673 4345 esse
3704 4305 3838 4360 pec-

2247 4392 2422 4436 catum
2447 4423 2463 4450 ,
2493 4381 2633 4452 quod
2666 4383 2716 4437 in
2761 4383 2843 4437 his
2873 4397 3005 4438 usus
3043 4382 3331 4438 voluntatis
3376 4399 3478 4438 non
3509 4393 3716 4455 poterat
3745 4384 3834 4439 in-

2247 4471 2437 4525 veniri.
3439 4497 3448 4499 -

2319 4564 2454 4620 Avo.
2481 4563 2547 4618 Et
2569 4563 2707 4619 unde
2726 4579 2886 4636 grave
2903 4565 3108 4636 jugum,
3135 4567 3234 4621 nisi
3260 4567 3382 4638 quia
3408 4566 3477 4622 ita
3505 4583 3608 4622 non
3633 4567 3837 4624 habent

2249 4654 2538 4709 voluntatis
2565 4671 2738 4723 usum,
2773 4666 2829 4710 ut
2851 4656 3095 4713 obnoxia:
3113 4657 3134 4689 ⁸
3159 4666 3335 4715 tamen
3358 4659 3586 4716 habeant
3610 4661 3837 4731 originis

2249 4745 2544 4799 vinculum.

2317 4837 2460 4892 XIX.
2492 4838 2609 4894 Jun.
2651 4837 2900 4895 Liberum
2931 4849 3105 4896 autem
3135 4841 3412 4897 arbitrium
3443 4843 3621 4914 negari
3650 4844 3717 4897 ab
3748 4844 3837 4900 bis

2245 4930 2334 5000 qui
2361 4931 2541 4985 dicunt
2571 4942 2785 5002 peceata
2820 4948 2940 4988 esse
2964 4935 3245 4997 naturalia,
3279 4935 3447 4989 lucida
3475 4945 3558 4989 est
3585 4935 3832 5006 disputa-

2247 5021 2391 5076 tione
2433 5033 2801 5078 monstratum.
2852 5024 3004 5092 Quod
3051 5025 3262 5095 quidem
3309 5025 3538 5093 Pteuus,
3584 5042 3690 5081 non
3732 5041 3836 5083 suo

2244 5125 2512 5179 sermone,
2545 5129 2611 5168 ne
2650 5115 2826 5168 minus
2852 5114 3101 5184 ponderis
3129 5116 3387 5186 haberet,
3432 5119 3522 5172 sed
3557 5119 3834 5190 Evangelii

2246 5193 2586 5271 testimonio,
2627 5206 2776 5275 quasi
2817 5209 3176 5270 auctoratius,
3205 5208 3522 5280 denegavit,
3547 5209 3688 5278 quod
3732 5225 3838 5266 nos

2244 5297 2598 5367 exponendo,
2645 5300 2968 5370 evangelica:
3018 5300 3345 5356 reddidimus
3378 5301 3640 5374 dignitati.
3686 5304 3835 5374 Apo-

2243 5389 2369 5445 stoli
2400 5405 2612 5460 quoque
2643 5390 2792 5447 Pauli
2819 5391 3178 5447 testimonium
3211 5391 3412 5463 laqueis
3431 5391 3835 5448 calumniatoris

2243 5483 2575 5552 exemimus,
2623 5492 2680 5542 et
2705 5484 2965 5542 bonorum
2994 5499 3243 5541 vasorum
3275 5485 3487 5557 ﬁgulum
3529 5485 3698 5541 Deum
3732 5502 3834 5541 no-

2305 5683 2322 5746 t
2358 5681 2494 5746 aditi,
2517 5679 2843 5746 crescentem.
2865 5689 2990 5746 Mss”
3011 5680 3391 5746 wgrescentitnn.

2303 5745 2324 5774 ²
2349 5744 2482 5818 editi,
2512 5743 2696 5805 distuli,
2720 5742 2970 5810 querendi
2988 5742 3172 5809 tempus
3189 5751 3274 5798 est.
3293 5743 3614 5796 chndautur
3633 5758 3696 5796 ex
3725 5759 3832 5799 ma-

2239 5813 2511 5867 nuseriptis.

2311 5868 2331 5900 ³
2361 5870 2432 5919 sic
2453 5875 2556 5920 Mss.
2584 5876 2633 5920 At
2661 5869 2797 5931 editi,
2817 5867 3089 5927 obnoxium.
