3996 6510
180 440 304 496 1H9

175 564 332 610 strum
358 567 482 609 esse
509 553 750 611 omnium
776 552 1126 618 conditorem,
1154 547 1410 623 propheta
1444 558 1578 606 teste
1608 566 1759 606 mon-

179 646 480 703 Stravimus.

238 742 368 796 Acs.
412 739 527 797 tilic
552 734 650 793 tibi
679 752 996 810 responsum
1039 744 1141 802 cst,
1171 743 1226 791 et
1253 742 1507 807 quantum
1537 732 1758 791 aberra-

181 831 309 890 reris
333 847 361 884 a
396 832 625 887 veritate
650 840 1028 892 monstratum.

237 923 360 981 XX.
389 922 516 980 Jun.
543 923 640 979 IIis
679 924 842 997 igitur
877 922 1112 987 maxime
1137 919 1269 977 actis
1294 919 1347 983 in
1378 919 1552 990 primo
1575 918 1713 977 libro
1736 960 1754 995 ,_

175 1032 385 1088 quorum
429 1031 596 1071 unum
639 1014 859 1087 aliquod
900 1013 1112 1071 abunde
1140 1011 1340 1069 sufﬁcit
1366 1012 1433 1068 ad
1476 1012 1754 1068 victoriam

182 1108 399 1165 veritatis
427 1125 443 1173 ;
486 1124 550 1163 ex
580 1106 873 1182 abundanti
915 1106 1126 1179 quidem
1151 1146 1168 1174 ,
1196 1113 1441 1176 superest
1468 1112 1667 1173 tamen,
1699 1109 1758 1160 ut

178 1200 392 1272 Magistri
424 1199 702 1267 Gentium,
736 1215 837 1270 qua
862 1214 962 1277 per
988 1212 1150 1253 unum
1180 1196 1449 1253 hominem
1477 1204 1752 1266 peccatum

176 1292 293 1349 dixit
321 1292 551 1346 intrasse
593 1291 645 1345 in
689 1290 944 1346 mundum
978 1288 1152 1363 (Rom.
1194 1305 1247 1356 ν,
1287 1287 1400 1362 ιε),
1429 1289 1752 1345 sententiam

176 1385 495 1457 disputemus
524 1402 537 1438 :
562 1391 619 1440 et
639 1384 1059 1449 deﬁnitionibus,
1082 1398 1214 1454 quas
1234 1382 1608 1453 pnemisimus,
1632 1396 1755 1438 cum

176 1490 377 1548 necesse
406 1475 584 1543 fuerit,
609 1474 930 1553 adjuvandi;
961 1483 1014 1531 et
1032 1474 1302 1545 probaturi
1332 1474 1463 1541 nihil
1490 1476 1754 1532 rationem

176 1568 320 1623 fuisse
348 1566 670 1635 mentitam;
698 1567 794 1641 sed
824 1567 1094 1637 injustitite
1131 1580 1251 1623 esse
1273 1565 1498 1631 crimen,
1525 1566 1753 1622 aliorum

176 1659 331 1731 studia
359 1658 589 1714 aliorum
615 1657 823 1719 ortibus
850 1659 1147 1729 imputare;
1179 1656 1385 1729 hocque
1411 1658 1582 1728 ipsum
1610 1655 1755 1730 quod

179 1751 395 1823 iniquum
427 1759 544 1816 est,
574 1751 820 1822 quamvis
854 1766 1014 1808 nemo
1053 1751 1176 1807 hinc
1215 1749 1459 1808 dubitare
1486 1750 1751 1820 debuerit,

183 1855 341 1919 tamen
374 1842 490 1899 Deo
515 1842 804 1914 displicere
825 1885 843 1912 ,
874 1852 929 1906 ct
952 1843 1020 1903 ab
1056 1842 1246 1903 eodem
1279 1842 1572 1916 prohiberi,
1601 1844 1752 1901 testi—

178 1934 350 1992 moniis
372 1934 531 2007 legis,
562 1935 649 1992 vel
677 1935 730 1991 in
762 1937 865 1993 hoc
893 1936 1028 1995 libro
1051 1977 1070 2015 η
1095 1937 1180 1994 vel
1207 1937 1261 1994 in
1305 1938 1546 2011 sequenti
1586 1938 1753 2003 doce-

183 2027 357 2097 bimus.
401 2028 479 2084 Ex
528 2028 723 2101 quibus
764 2031 1071 2106 necessario
1109 2030 1410 2111 conficitur,
1441 2041 1496 2092 et
1539 2047 1637 2088 nos
1666 2048 1753 2089 rc-

183 2120 396 2189 ctissime
433 2119 755 2188 defendere,
787 2121 1057 2178 neminem
1086 2137 1207 2178 cum
1251 2131 1472 2194 peccato
1499 2124 1667 2192 nasci,
1697 2132 1749 2180 et

180 2214 326 2281 Deum
368 2228 492 2277 reos
538 2229 646 2269 non
692 2208 850 2285 pdsse
889 2214 1134 2285 judicare
1178 2224 1503 2277 nasrentes:
1550 2230 1614 2273 ac
1656 2231 1752 2286 per

180 2303 292 2372 hoc,
333 2312 438 2359 tam
487 2304 755 2374 integrum
796 2320 916 2362 esse
959 2306 1186 2363 liberum
1232 2307 1547 2376 arbitrium,
1587 2322 1746 2380 quam

180 2404 284 2468 ante
308 2395 601 2451 voluntatis
626 2397 857 2477 propria:
879 2412 1032 2458 usum
1054 2397 1324 2471 innoxiam
1352 2398 1403 2454 in
1431 2414 1750 2471 unoquoque

182 2496 394 2544 naturam
405 2525 421 2542 .

237 2583 358 2637 Aus.
394 2580 525 2648 Dic,
559 2580 841 2639 videamus
883 2582 1025 2654 quod
1061 2582 1079 2616 ¹
1119 2582 1189 2651 de
1231 2582 1471 2654 Apostoli
1503 2585 1748 2640 testimo-

181 2674 255 2751 nio
286 2673 523 2731 dicturus
566 2690 628 2732 es
650 2718 666 2743 ,
708 2685 814 2732 tam
862 2675 1092 2746 inaniter
1114 2720 1130 2748 ,
1162 2693 1320 2749 quam
1364 2679 1638 2750 superiora
1666 2678 1749 2739 di-

184 2765 303 2819 sisti.

243 2854 370 2912 XXI.
399 2856 520 2918 Jun.
563 2856 887 2915 Mauicbmos
915 2867 1095 2931 autem
1136 2867 1191 2915 et
1235 2859 1416 2931 pietati
1461 2865 1516 2916 et
1553 2858 1745 2921 rationi

186 2946 400 3018 rebelles,
426 2948 521 3019 qui
548 2958 737 3021 putent
763 2951 784 2983 ⁸
814 2958 869 3007 et
895 2960 1019 3006 ante
1060 2960 1268 3023 tempus
1308 2952 1595 3007 voluntatis
1625 2964 1746 3007 esse

188 3049 425 3112 peccatum
451 3084 468 3111 ,
511 3041 656 3114 quod
695 3059 873 3099 rerum
917 3054 1103 3100 natura
1134 3062 1239 3100 non
1282 3045 1445 3112 sinit;
1486 3053 1540 3101 ct
1576 3044 1743 3100 Deum

185 3147 317 3199 esse,
356 3149 513 3205 quem
562 3143 1006 3207 argumentantur
1049 3136 1340 3207 injustam;
1389 3146 1442 3192 et
1486 3136 1743 3192 infamare

182 3232 362 3289 sanctas
401 3224 623 3297 paginas
646 3267 663 3292 ,
707 3242 931 3297 quarum
962 3230 1322 3285 monumentis
1365 3226 1577 3300 probari
1604 3227 1741 3284 alle-

187 3327 289 3386 gaut
312 3317 507 3375 crimen
550 3318 846 3377 divinitatis
884 3333 901 3379 :
943 3321 1086 3394 quod
1127 3337 1249 3378 cum
1295 3338 1361 3378 ex
1406 3321 1572 3377 tribus
1608 3321 1743 3380 nihil

183 3418 317 3478 queat
340 3411 546 3469 ratione
590 3412 917 3482 monstrari,
950 3413 1002 3470 id
1045 3423 1148 3482 est,
1180 3430 1279 3470 nec
1307 3415 1425 3471 sine
1465 3414 1741 3471 voluntate

185 3510 420 3568 peccatum
445 3544 461 3568 ,
491 3518 593 3559 nec
622 3502 675 3559 in
704 3504 816 3560 Deo
846 3505 1121 3578 iniquitas,
1154 3522 1253 3562 nce
1281 3507 1333 3562 in
1380 3507 1497 3577 lege
1523 3523 1742 3579 perver-

184 3592 318 3661 sitas;
359 3595 457 3651 soli
508 3597 585 3653 illi
630 3597 821 3668 stulti,
854 3598 1191 3671 impudentes
1238 3608 1293 3657 et
1333 3601 1478 3674 impii
1518 3601 1742 3660 demon-

184 3695 384 3747 ttrcntur
402 3689 448 3746 ³.
708 3683 715 3688 ’

236 3778 352 3837 duo.
390 3781 706 3842 Erubesce:
734 3800 842 3840 non
884 3783 984 3843 fuit
1024 3785 1338 3841 Ambrosius
1378 3785 1698 3844 Manichacus
1721 3831 1736 3855 ,

185 3885 280 3926 cum
305 3874 500 3932 diceret
527 3876 805 3935 hominem
834 3879 980 3950 prius
1005 3879 1185 3936 subire
1208 3878 1519 3935 delictorum
1550 3890 1737 3937 conta-

184 3964 331 4037 gium,
357 3985 512 4041 quam
555 3972 731 4027 vitalis
759 3973 977 4044 spiritus
1014 3989 1208 4029 munus
1251 3972 1467 4030 haurire
1512 3972 1646 4048 (Lib.
1677 3975 1740 4031 de

189 4054 402 4135 Philas).
431 4063 538 4131 Sed
566 4080 669 4121 nec
690 4064 787 4122 isa
810 4065 1027 4135 delicta,
1058 4067 1157 4123 nisi
1186 4082 1250 4123 ex
1277 4067 1547 4123 voluntate
1572 4067 1736 4124 exsti-

187 4157 361 4221 terunt,
389 4156 531 4213 unde
560 4157 820 4231 originem
867 4156 1082 4214 trahunt
1112 4177 1127 4215 :
1155 4166 1210 4214 et
1238 4159 1358 4214 ideo
1401 4173 1503 4215 nec
1544 4158 1595 4213 in
1629 4158 1748 4220 Deut

187 4253 250 4297 est
269 4245 528 4319 iniquitas,
550 4249 642 4321 qui
665 4260 881 4322 propter
901 4249 1003 4305 hoc
1025 4249 1202 4322 posuit
1222 4250 1564 4306 noscentibus
1579 4265 1737 4321 grave

185 4333 329 4407 iugum
357 4358 371 4396 :
400 4356 500 4397 nec
531 4341 584 4396 in
614 4341 729 4414 lege
752 4341 1095 4414 perversitas,
1128 4342 1181 4398 in
1203 4358 1308 4414 qua
1335 4342 1437 4399 hoc
1465 4341 1686 4401 discitur
1714 4340 1738 4375 ⁸

187 4441 281 4484 esse
302 4432 668 4499 verissimum;
701 4431 842 4506 quod
871 4444 924 4490 et
950 4434 1049 4505 ipsi
1081 4434 1354 4502 videretis,
1386 4434 1488 4490 nisi
1518 4449 1612 4491 vos
1636 4450 1735 4507 po-

189 4517 271 4573 tius
290 4536 562 4591 perversos
586 4523 773 4580 oculos
802 4524 1090 4582 haberetis.

240 4608 385 4685 XXII.
416 4613 535 4672 Jun.
586 4614 798 4671 Haereat
839 4616 998 4687 igitur
1041 4615 1142 4672 hoc
1186 4615 1419 4676 maxime
1463 4616 1738 4686 prudentis

186 4700 330 4758 animo
355 4706 589 4774 lectoris,
610 4705 858 4763 omnibus
879 4706 1166 4778 Scripturis
1190 4707 1357 4762 sacris
1384 4707 1555 4771 solum
1584 4707 1732 4776 illud,

186 4794 295 4859 quod
334 4797 380 4851 in
410 4797 670 4853 honorem
717 4798 809 4853 Dei
850 4798 1108 4860 Catholici
1151 4798 1402 4868 sapiunt,
1434 4800 1733 4869 contineri,

187 4880 295 4940 sicut
326 4886 678 4961 frequentium
724 4892 1107 4951 sententiarum
1151 4890 1269 4947 luce
1308 4890 1642 4947 illustratur:
1683 4902 1738 4949 et

188 4975 326 5034 sicubi
352 4980 532 5039 durior
568 4981 804 5038 elocutio
832 4982 1058 5038 moverit
1094 4980 1443 5054 qumstionem
1469 5023 1486 5050 ,
1532 4990 1736 5038 certum

188 5069 364 5142 quidem
387 5091 541 5145 esse,
569 5093 678 5133 non
705 5077 775 5133 ibi
804 5077 856 5134 id
882 5075 1023 5149 quod
1052 5076 1305 5147 injustum
1336 5085 1437 5144 est,
1467 5078 1569 5133 loci
1598 5078 1737 5134 illius

186 5173 418 5224 auctorem
447 5171 728 5241 sapuisse;
758 5168 1050 5227 secundum
1081 5169 1133 5225 id
1156 5180 1333 5225 autem
1360 5169 1557 5227 debere
1582 5169 1738 5227 intel~

187 5250 275 5324 "si,
309 5262 438 5331 quod
462 5272 519 5319 et
544 5265 683 5319 ratio
712 5262 988 5334 perspicua
1008 5304 1025 5331 ,
1055 5270 1111 5319 et
1137 5262 1361 5317 aliorum
1388 5263 1649 5330 iocorum,
1682 5263 1734 5319 in

186 5348 342 5415 quibus
365 5370 465 5412 non
487 5363 574 5413 est
600 5354 940 5427 ambiguitas,
967 5353 1221 5426 splendor
1247 5356 1513 5424 aperuerit
1543 5355 1585 5408 '.
1617 5354 1735 5410 Jam

188 5435 314 5507 igitur
334 5444 444 5516 ejus
469 5461 593 5503 cum
618 5461 726 5518 quo
751 5448 959 5518 agimus
977 5445 1138 5503 verba
1170 5461 1450 5524 ponamus.
1480 5444 1732 5516 Equidem

236 5652 252 5724 ξ
277 5655 395 5724 Editi,
427 5657 564 5724 quid.
582 5666 713 5719 Mss,
738 5660 885 5724 quod.

233 5715 982 5795 ἓρίιίνηπὶξάηὲο,....
1176 5783 1188 5795 .
1551 5783 1617 5795 ,.
1707 5782 1738 5795 ..

234 5776 252 5809 ³
276 5781 340 5831 Sic
359 5789 456 5834 Mss.
494 5776 691 5835 ctariét
712 5790 837 5834 Port.
867 5783 987 5837 Editi
1008 5798 1144 5850 vero,
1168 5782 1495 5851 intprudentes
1516 5790 1563 5836 et
1599 5782 1738 5848 impii

189 5833 543 5896 damnatrmtur.

278 5973 391 6033 llas,
420 5973 627 6036 aperuit.

1476 430 1675 488 LIBER
1714 428 2088 489 secuxous.
2484 394 2491 397 Α
3094 468 3127 497 μ..

3314 448 3456 507 H50

1869 550 1921 606 in
1953 550 2045 605 illo
2068 552 2242 622 capite
2265 551 2529 607 dictorum
2569 568 2785 611 suorum
2803 599 2818 625 ,
2846 559 2986 629 quod
3016 574 3180 631 usque
3206 562 3273 618 ad
3317 564 3457 634 ligo.

1865 642 1974 698 lum
2024 654 2361 716 peccatorum
2409 647 2427 679 ⁸
2475 645 2640 702 Deum
2689 663 2842 703 suum
2891 650 3219 719 adduxerat,
3265 663 3455 711 contra

1861 736 2006 808 quod
2038 738 2176 794 libro
2213 739 2490 810 superiore
2528 738 2883 810 confliximus,
2920 743 3149 800 tenuiter
3171 744 3325 812 dixit,
3357 760 3459 816 per

1862 838 2027 883 unum
2057 829 2328 886 hominem
2355 839 2630 903 peccatum
2661 832 2888 888 intrasse
2917 833 2970 888 in
3014 835 3268 890 mundum
3296 853 3312 889 :
3345 851 3453 892 non

1863 928 1945 982 est
1967 928 2142 975 autem
2175 921 2227 976 in
2254 922 2588 992 expositione
2615 923 2716 983 loci
2738 923 2905 995 ipsius
2929 923 3264 980 immoratus.
3294 926 3456 982 Posto

1865 1027 2024 1084 quam
2051 1028 2179 1070 vero
2204 1015 2386 1071 multis
2410 1016 2589 1072 verbis
2613 1026 2796 1079 contra
2825 1016 2913 1072 illa
2941 1027 3211 1088 excerpta,
3241 1032 3362 1088 quae
3386 1019 3454 1075 ad

1859 1121 1919 1163 se
1961 1107 2241 1164 confirmat
2268 1110 2463 1177 missa,
2501 1111 2792 1186 disseruit,
2834 1110 3083 1183 pervenit
3110 1111 3175 1166 ad
3219 1110 3453 1185 aliquem

1859 1194 2127 1255 dictorum
2158 1216 2401 1256 meorum
2442 1202 2637 1270 locum,
2682 1218 2839 1274 quem
2876 1202 2976 1259 sibi
3005 1203 3155 1275 quasi
3182 1218 3456 1274 oppugna¢

1861 1298 2016 1346 turus
2045 1290 2276 1361 objccit;
2303 1293 2394 1349 sed
2427 1294 2558 1352 nihil
2580 1294 2879 1359 secundum.
2901 1295 2951 1353 id
2978 1295 3118 1366 quod
3142 1294 3314 1351 fuerat
3336 1295 3451 1366 pul-

1861 1389 2012 1437 satus
2036 1382 2280 1439 referens
2303 1427 2318 1451 ,
2364 1384 2429 1439 ad
2462 1385 2598 1440 hanc
2634 1386 2877 1457 Apostoli
2906 1387 3223 1444 sententiam
3248 1398 3452 1441 convo-

1857 1470 2025 1538 lavit,
2080 1474 2132 1528 iu
2175 1489 2277 1545 qua
2328 1474 2493 1544 dicit,
2526 1490 2624 1547 per
2664 1493 2827 1545 unum
2873 1478 3142 1533 hominem
3172 1484 3451 1547 peccatum

1861 1563 2093 1621 intrasse
2138 1566 2190 1621 in
2241 1567 2532 1635 mundum;
2571 1578 2625 1625 ct
2670 1570 2960 1625 secundum
3009 1569 3201 1641 dogma
3251 1585 3450 1637 suum,

1858 1664 2167 1725 contextum
2199 1656 2301 1712 loci
2330 1658 2495 1729 ipsius
2521 1674 2793 1730 exponere
2816 1659 3032 1719 molitus
3061 1669 3147 1722 est
3173 1677 3189 1714 :
3234 1667 3452 1731 propter

1856 1746 1998 1817 quod
2038 1762 2162 1818 ego,
2190 1751 2571 1819 prmtcriitissis
2596 1750 2736 1819 aliis,
2764 1751 2833 1808 ad
2872 1764 2991 1808 eam
3018 1751 3298 1824 properavi
3327 1767 3452 1823 pan

1856 1847 1962 1893 tem
1989 1881 2005 1907 ,
2054 1849 2113 1896 ut
2154 1842 2277 1912 quia
2318 1859 2406 1900 me
2451 1844 2798 1915 promiseram
2843 1846 2978 1902 hanc
3023 1861 3144 1903 esse
3190 1847 3449 1918 quzrstioq

1857 1944 1981 1985 nem
2009 1931 2061 1986 in
2090 1934 2333 1990 sccumlo
2361 1937 2632 1996 volumine
2673 1938 2971 1993 soluturum
2994 1979 3009 2004 ,
3040 1948 3094 1994 et
3124 1938 3280 1994 tidem
3325 1952 3448 2008 pro-

1855 2021 2125 2085 missionis
2168 2025 2463 2096 implerem,
2494 2037 2547 2083 et
2571 2029 2961 2099 argumentatio
2990 2029 3130 2084 illius
3152 2041 3274 2099 qua:
3302 2037 3449 2085 esset

1854 2117 2232 2183 ostenderem,
2283 2131 2352 2177 ne
2396 2127 2613 2188 putarer
2659 2118 2847 2175 fecisse
2885 2118 3166 2184 fmudem,
3214 2120 3259 2174 si
3304 2119 3447 2174 illius

1851 2206 2188 2275 expositione
2211 2223 2519 2280 suppressa,
2549 2224 2666 2266 eam
2693 2226 2852 2282 quam
2877 2210 3188 2267 catholicam
3216 2209 3447 2267 fat-mum

1853 2296 2134 2354 inferrem.

1922 2388 2061 2445 Acs.
2090 2387 2429 2462 Pelagianam
2455 2392 2698 2449 illaturus
2726 2407 2805 2460 cs,
2837 2409 2943 2449 non
2971 2393 3309 2451 catholicam.
3334 2394 3444 2449 Ca.

1852 2477 2047 2537 tltoIica
2080 2481 2169 2538 illa
2214 2492 2333 2552 est,
2379 2500 2498 2555 qum
2544 2486 2774 2540 ostrmlit
2809 2486 3007 2557 justum
3051 2487 3214 2543 Deum
3263 2487 3315 2541 in
3365 2495 3443 2543 tot

1847 2587 1911 2631 ac
1941 2574 2100 2629 tantis
2143 2575 2316 2644 pmnis
2357 2586 2410 2633 et
2443 2578 2768 2633 cruciatibus
2810 2578 3182 2649 parvulorum;
3212 2594 3346 2650 quos
3387 2579 3445 2634 in

1849 2666 2098 2736 paradiso
2128 2668 2270 2724 ullus
2295 2683 2480 2725 eorum
2512 2671 2657 2726 nulla
2701 2672 2950 2741 a‘qnilate
2978 2672 3204 2728 sentiret
3223 2714 3238 2739 ,
3269 2672 3313 2727 si
3344 2685 3443 2725 ua-

1849 2764 1965 2812 tura
1998 2756 2226 2818 hmnana
2257 2760 2438 2815 vitiata
2485 2769 2725 2832 peccato,
2755 2770 2809 2818 ct
2847 2763 3037 2818 merito
3060 2762 3302 2817 danmata
3334 2778 3439 2817 nou

1847 2860 2011 2905 CSSCI.
2927 2918 2929 2921 Ι

1917 2938 2110 3000 XXIII.
2174 2941 2294 3000 Jun.
2359 2943 2677 3001 Rctractans
2729 2945 2889 3016 igitur
2936 2945 2989 3000 in
3051 2947 3225 3017 primo
3275 2959 3443 3016 opere

1846 3045 1971 3089 meo
2022 3034 2343 3089 sententiam
2393 3033 2546 3106 ejus,
2596 3051 2699 3108 qua
2748 3036 2954 3092 dixerat
3005 3055 3020 3092 :
3075 3056 3096 3090 ι
3126 3036 3256 3092 Nam
3301 3036 3441 3092 sicut

1845 3134 2122 3194 peccatum
2149 3167 2164 3190 ,
2200 3127 2319 3183 sive
2346 3127 2468 3183 hinc
2494 3168 2512 3197 ,
2540 3129 2653 3186 sive
2680 3128 2804 3186 inde
2834 3128 3075 3185 trahatur
3103 3147 3130 3183 a
3164 3130 3394 3201 parvulis
3416 3168 3435 3197 ,

1843 3231 1978 3287 Opus
2024 3226 2107 3273 cst
2156 3218 2393 3285 diaboli;
2440 3220 2519 3277 sic
2556 3220 2757 3288 homo,
2803 3222 2916 3278 sive
2964 3220 3125 3289 hinc,
3157 3223 3268 3277 sive
3313 3221 3441 3276 inth

1842 3317 2109 3379 nascatur,
2132 3324 2267 3381 opus
2279 3320 2360 3366 est
2388 3312 2480 3368 Dei
2513 3331 2532 3365 ο
2565 3312 2666 3383 (De
2682 3311 2893 3384 Nuptiis
2919 3324 2967 3368 ct
2997 3313 3432 3385 Concapisrentia,

1843 3398 1930 3454 lib.
1955 3401 2003 3464 I,
2020 3402 2119 3456 n.t
2148 3406 2168 3473 )
2192 3419 2207 3457 :
2236 3402 2304 3456 ita
2324 3412 2501 3473 uitem
2524 3419 2554 3460 a
2572 3420 2661 3461 me
2686 3420 2825 3461 nunc
2849 3406 2934 3462 hic
2952 3405 3200 3469 refertur,
3219 3408 3357 3461 sicut
3378 3406 3435 3461 in

1841 3507 1963 3547 meo
1992 3506 2153 3566 opere
2181 3496 2508 3565 continetur,
2539 3496 2682 3554 unde
2707 3500 2997 3555 maximam
3029 3508 3233 3572 partem
3261 3498 3435 3556 fuerat

1847 3585 1948 3642 istc
1976 3585 2199 3646 furatus.

1911 3679 2045 3735 Are.
2097 3678 2186 3736 Sic
2227 3696 2351 3737 vera
2398 3683 2420 3715 ²
2477 3682 2724 3756 disputas
2751 3727 2765 3752 ,
2812 3682 3082 3756 quomodo
3126 3700 3306 3740 verum
3353 3692 3437 3741 est

1842 3771 1982 3841 quod
2030 3789 2128 3845 ego
2178 3774 2265 3829 illa
2315 3775 2521 3831 furatus
2570 3793 2686 3831 sum
2743 3795 2756 3832 :
2800 3793 2919 3833 cum
2980 3777 3159 3849 potius
3202 3778 3294 3833 ille
3335 3794 3432 3834 cu-

1838 3862 1930 3935 jus
1968 3863 2209 3920 cbartula
2250 3865 2379 3921 mibi
2431 3867 2592 3923 missa
2637 3877 2758 3936 est,
2806 3867 2948 3940 quod
2993 3869 3161 3924 voluit
3188 3878 3346 3942 atque
3377 3877 3436 3924 ut

1840 3955 2007 4009 voluit
2028 3998 2043 4021 ,
2066 3971 2131 4012 ex
2161 3971 2323 4027 opere
2352 3965 2444 4014 tuo
2469 4000 2484 4026 ,
2516 3958 2740 4015 arbitrio
2764 3975 2863 4016 suo
2894 3960 3196 4032 iudicioque
3242 3970 3420 4016 trans-

1841 4045 2038 4101 tulerit.

1906 4134 2098 4194 XXIV.
2123 4138 2246 4195 JUL.
2276 4140 2546 4212 Respondi
2570 4157 2698 4214 ergo
2725 4143 2798 4199 ibi
2824 4161 2838 4199 :
2869 4162 2887 4197 ι
2920 4143 3000 4199 Tu
3031 4143 3245 4217 quidem
3272 4143 3433 4220 (pace

1837 4231 2126 4301 magisterii
2161 4233 2231 4287 tui
2264 4233 2487 4289 dixerim
2511 4233 2555 4308 ³)
2592 4237 2960 4307 tergiversaris
3002 4255 3017 4293 :
3064 4237 3159 4293 sed
3188 4239 3427 4310 intelligo

1836 4323 1977 4394 quod
2007 4323 2265 4379 ademerit
2292 4325 2383 4380 tibi
2412 4326 2607 4382 veritas
2629 4328 2896 4383 licentiam
2923 4329 3269 4401 pcrvagandi.
3294 4329 3433 4385 Ecce

1836 4419 1978 4475 enim
2027 4428 2079 4474 et
2130 4435 2227 4476 nos
2266 4422 2652 4492 acquiescimus
2695 4425 2816 4494 quia
2859 4433 3134 4493 peceatum
3176 4438 3308 4494 opus
3347 4429 3432 4479 cst

1836 4510 1991 4564 mala:
2019 4509 2325 4576 voluntatis,
2364 4513 2446 4568 vel
2474 4573 2477 4576 ἠ
2503 4528 2635 4583 opus
2666 4524 2747 4568 est
2783 4512 2979 4569 diaboli
3005 4531 3017 4567 :
3050 4513 3142 4569 sed
3182 4526 3276 4584 per
3302 4512 3429 4583 quid

1837 4598 1939 4656 boc
1966 4609 2242 4672 peccatum
2278 4601 2541 4658 invenitur
2570 4605 2623 4658 in
2653 4604 2905 4674 parvulo?
2938 4605 3041 4660 Per
3062 4606 3385 4661 voluntatem
3406 4605 3433 4660 ἳ

1837 4691 1905 4747 At
1932 4692 2074 4746 nulla
2116 4692 2168 4747 in
2196 4708 2260 4747 eo
2292 4692 2406 4747 fuit.
2444 4695 2543 4749 l‘cr
2584 4694 2807 4749 formam
2839 4695 3123 4765 corporis?
3156 4696 3262 4753 Sed
3291 4696 3429 4753 hanc

1837 4784 1978 4840 Deus
2009 4785 2213 4840 tribuit.
2245 4787 2349 4842 Per
2386 4788 2690 4859 ingressum
2715 4789 2950 4845 animm?
2976 4789 3079 4847 Sed
3110 4789 3240 4846 nihil
3271 4790 3433 4847 debet

1836 4880 2032 4939 semini
2061 4881 2346 4952 corporali,
2377 4899 2495 4954 qua:
2532 4899 2667 4938 nova
2693 4900 2722 4938 a
2754 4885 2864 4940 Deo
2891 4886 3159 4941 conditur.
3193 4886 3294 4942 Per
3325 4885 3428 4942 nu-

1837 4973 2018 5042 ptius?
2056 4973 2161 5029 Sed
2196 4973 2276 5029 ba:
2307 4975 2574 5047 pertinent
2601 4976 2667 5032 ad
2699 4991 2834 5048 opus
2872 4986 3173 5048 parentmn,
3213 4995 3349 5050 quos
3379 4980 3430 5034 in

1839 5065 1941 5123 hoc
1961 5075 2083 5123 actu
2104 5083 2208 5123 non
2231 5084 2482 5140 peccasse
2515 5071 2862 5139 praemiseras
2887 5090 2900 5124 :
2927 5070 3065 5142 quod
3096 5071 3139 5125 si
3167 5087 3270 5126 non
3302 5087 3428 5129 vere

1839 5158 1892 5214 id
1935 5174 2300 5227 concesseras,
2325 5149 2455 5215 sicu'l
2484 5177 2769 5233 processus
2799 5162 2874 5217 tui
2910 5162 3176 5217 sermonis
3202 5160 3426 5230 indicat,

1838 5251 1968 5321 ipsze
2009 5260 2132 5308 sunt
2173 5253 2536 5318 exsecrandae,
2582 5269 2703 5324 quin
2744 5268 2961 5308 causam
2996 5251 3236 5308 fecerunt
3279 5253 3426 5306 mali.

1837 5341 2035 5397 Verum
2066 5342 2170 5398 illa:
2217 5344 2567 5400 substantiam
2608 5345 2874 5416 propriam
2917 5361 3022 5399 non
3068 5344 3296 5408 habent;
3329 5341 3422 5398 sed

1901 5477 1928 5549 ι.
1955 5475 2103 5550 Editi,
2133 5483 2433 5542 peccatorem
2473 5488 2492 5528 :
2535 5475 2665 5527 male
2717 5490 2775 5528 ac
2827 5475 3217 5543 repugnantibus
3265 5487 3430 5527 uianti-

1834 5550 2089 5674 ωὲιέὶδν
2181 5612 2310 5651 ⁸⁸η·
2331 5605 2399 5674 ,Αί
2671 5613 2829 5674 “mn
3041 5666 3053 5674 .
3119 5673 3124 5674 ν
3230 5657 3296 5674 η.
3323 5665 3337 5674 ,
3402 5659 3433 5672 ..

1901 5662 1923 5728 _'
1955 5662 2107 5728 tgditi,
2126 5661 2370 5728 Responde
2400 5676 2518 5726 ergo
2546 5661 2613 5713 ibi
2636 5668 2687 5713 tu
2710 5661 2925 5728 quidem,
2944 5666 3131 5725 partem
3163 5661 3433 5728 magisterii

1835 5722 1907 5776 tui
1942 5721 2174 5788 dixerim.
2213 5721 2631 5788 ‘Castiganfueex
2677 5721 2784 5776 uss.
2832 5721 2955 5788 vorti
3009 5730 3120 5772 Mar.
3172 5721 3434 5788 ,Cla'ratte'

1836 5787 2146 5850 sponsionem
2164 5786 2270 5850 huc,
2299 5785 2435 5836 suam
2479 5786 2694 5837 Julianus
2732 5787 2961 5837 transfert
2999 5798 3060 5834 ex
3110 5786 3266 5849 primo
3308 5785 3435 5850 libro

1840 5845 2012 5913 prioris
2028 5849 2194 5912 operis
2212 5849 2275 5914 ad
2296 5851 2626 5914 mrhautium,
2654 5864 2769 5914 quae
2787 5850 2883 5914 jam
2916 5849 2979 5897 ab
3003 5845 3264 5914 Augustino
3295 5845 3432 5914 refu-

1843 5908 1938 5964 tata
1952 5908 2309 5981 ᾏεξειγξειιιλιίίινὶη
2332 5910 2415 5981 lib.
2443 5908 2701 5981 νήπιοιΙῄ
2736 5908 2914 5973 Μῖίιίίε
2949 5908 3435 5981 ettioneupiscenth,
3534 5967 3541 5976 _

1843 5989 1925 6027 Int-
1951 5978 2033 6034 5οι
2055 5970 2141 6039 5t;
2162 5970 2349 6032 inlita.
2374 5974 2407 6024 ὅ
2428 5970 2592 6025 contra
2613 5970 2875 6036 Juliauuin,
2905 5986 2957 6025 ιι.
2978 5970 3040 6025 ϋί
3057 5985 3164 6038 sqq.
