4014 6482
516 394 650 453 Ηὸί

510 506 728 565 nomine
751 519 851 562 suo
862 520 1216 578 personarum
1240 521 1378 576 opus
1397 504 1670 563 indicant:
1704 510 1953 575 parentes
1989 502 2085 572 igi-

512 608 619 666 tur,
656 599 746 670 qui
791 608 1062 657 conventu
1100 613 1200 654 suo
1226 612 1442 661 causam
1488 595 1661 652 fecere
1704 603 1942 666 peccato,
1966 592 2087 664 iure

508 688 863 745 damnabiles.
894 688 1105 759 Ambigi
1147 702 1276 759 ergo
1311 689 1423 759 iam
1469 702 1574 745 non
1601 695 1795 757 potest,
1833 684 2088 756 coniuges

508 791 716 838 aeterno
763 782 1026 854 supplicio
1068 781 1385 851 mancipari,
1420 794 1645 851 quorum
1689 778 1870 834 labore
1909 786 2086 832 actum

508 884 593 930 est
618 883 678 931 ut
701 873 769 931 ad
797 874 1128 930 dominatum
1154 873 1507 933 exercendum
1545 874 1598 928 in
1629 872 1873 928 homines
1898 870 2086 927 diabo-

512 967 596 1023 lus
626 968 948 1037 perveniret.
972 966 1124 1037 Quod
1139 967 1184 1023 si
1202 967 1568 1031 concesseris;
1600 964 1728 1020 illud
1750 973 1917 1020 totum
1943 962 2087 1034 quod

507 1070 666 1117 antea
682 1060 919 1121 tenuisse
931 1060 1198 1115 videbaris
1216 1059 1448 1126 amittes,
1464 1058 1515 1113 id
1536 1066 1640 1126 est,
1653 1056 1793 1127 quod
1812 1056 2105 1129 hominem,

508 1151 606 1208 Dei
646 1152 1019 1224 opusdixeras.
1055 1151 1370 1216 Necessario
1409 1150 1607 1221 quippe
1660 1149 1923 1219 sequitur,
1964 1147 2086 1218 quia

506 1259 604 1315 per
619 1244 1054 1303 commistionem
1092 1256 1376 1313 corporum
1406 1241 1554 1313 origo
1593 1238 1884 1311 progenitis
1907 1246 2008 1304 cst,
2040 1237 2086 1292 si

506 1351 604 1407 per
628 1336 888 1408 originem
928 1335 1126 1390 malum
1168 1334 1222 1390 in
1265 1332 1590 1403 hominibus,
1633 1346 1728 1401 per
1752 1331 1965 1394 :malum
1998 1327 2089 1400 ius

504 1427 700 1484 diaboli
739 1429 794 1484 in
832 1428 1098 1495 homines,
1128 1427 1400 1484 diabolum
1436 1440 1557 1481 esse
1597 1431 1869 1491 auctorem
1911 1421 2099 1481 homi-.

506 1535 659 1587 num,
685 1536 715 1575 a
742 1537 847 1591 quo
879 1530 960 1576 est
985 1521 1135 1590 origo
1163 1519 1515 1584 nasccntium.
1550 1536 1570 1570 ι
1622 1517 1747 1572 Post
1771 1531 1888 1586 qua:
1917 1512 2094 1585 ipsius,

504 1612 683 1668 denuo
698 1613 853 1668 verba
872 1612 1088 1683 repetivi
1112 1630 1125 1667 :
1156 1631 1176 1665 ι
1197 1612 1328 1668 Nam
1349 1611 1485 1666 sicut
1502 1607 1924 1679 peccatum,sive
1940 1606 2083 1672 hinc,

504 1705 623 1761 sive
659 1704 782 1761 inde
809 1706 1066 1769 trahatur,
1088 1718 1223 1775 opus
1256 1711 1341 1762 est
1365 1702 1591 1767 diaboli;
1627 1702 1707 1758 sic
1746 1700 1931 1764 homo,
1968 1697 2099 1755 sive.

503 1794 657 1861 hinc,
688 1796 798 1852 sive
834 1795 955 1857 inde
981 1806 1243 1860 nascatur,
1271 1809 1406 1866 opus
1425 1803 1509 1850 est
1535 1794 1649 1849 Dei.
1681 1812 1713 1853 ι,
1743 1793 1823 1849 Ac
1842 1789 2099 1862 protinus

510 1886 774 1943 insurnexi
802 1886 1085 1942 hoemodo
1112 1902 1127 1940 :
1162 1886 1514 1950 cCumillam
1543 1899 1728 1941 vocem
1771 1882 1978 1939 timoris
2007 1882 2084 1938 tui

502 1976 700 2049 cogito,
725 1990 829 2047 qua
847 1976 980 2033 dicis
1008 1976 1218 2047 nuptias
1252 1976 1448 2031 malum
1479 1989 1585 2030 non
1623 1988 1762 2040 esse,
1790 1974 1920 2030 istos
1952 1972 2085 2029 alios

501 2082 782 2124 sermones
820 2076 942 2125 tuos
962 2067 1079 2123 sine
1111 2069 1218 2123 risu
1251 2067 1591 2123 considerare
1619 2081 1723 2123 non
1757 2080 1992 2136 possum.
2024 2062 2099 2129 Si,

501 2158 646 2215 enim
670 2158 846 2215 credis
871 2173 901 2213 a
939 2158 1048 2222 Deo
1068 2158 1313 2214 homines
1338 2157 1476 2225 fieri,
1502 2166 1557 2214 et
1578 2171 1698 2213 esse
1718 2155 1974 2227 coniuges
1998 2155 2082 2218 in,-

502 2256 793 2315 nocentes;
817 2247 935 2303 vide
953 2263 1112 2319 quam
1135 2258 1278 2303 stare
1298 2262 1401 2304 non
1423 2247 1613 2317 possit,
1634 2246 1769 2301 trahi
1790 2260 1857 2300 ex
1872 2244 1957 2300 his
1976 2244 2093 2310 ori-,

500 2339 677 2410 ginale
702 2349 996 2409 peccatum.
1025 2338 1186 2396 Certe
1213 2353 1322 2394 non
1350 2346 1536 2411 peccat
1572 2337 1674 2399 iste
1698 2337 1788 2408 qui
1824 2336 2079 2400 nascitur,

500 2445 609 2485 non
639 2438 824 2501 peccat
857 2431 944 2485 ille
974 2429 1064 2499 qui
1092 2430 1296 2500 genuit,
1329 2444 1434 2488 non
1460 2435 1644 2499 peccat
1671 2428 1759 2482 ille
1781 2427 1871 2498 qui
1897 2427 2093 2491 condit

499 2519 579 2576 dit
610 2538 625 2575 :
672 2535 767 2590 per
796 2535 929 2589 quas
968 2521 1132 2575 rimas
1167 2520 1305 2575 inter
1343 2527 1427 2587 tot,
1457 2519 1702 2592 praesidia
1740 2518 2095 2593 innocentia,

500 2619 778 2680 peccatum
806 2611 959 2681 fingis
982 2610 1323 2683 ingressum?
1355 2629 1381 2669 ι,

573 2705 713 2759 Anc.
750 2702 869 2760 Jam
909 2703 991 2762 bis
1024 2703 1201 2774 verbis
1226 2702 1350 2769 tuis,
1388 2702 1550 2759 etiam
1588 2718 1709 2758 cum
1743 2702 1889 2775 ipsos.
1916 2702 2092 2773 libros,

508 2802 632 2848 tuos
662 2794 931 2865 legissem,
960 2795 1302 2864 respondisse
1327 2811 1412 2849 me
1433 2793 1630 2849 sufficit
1654 2793 1877 2863 (Supra,
1904 2803 2081 2849 contra

498 2884 789 2954 lulianum,
833 2885 922 2941 lib.
954 2886 1010 2952 3,
1039 2903 1094 2940 τι.
1134 2885 1348 2962 ξ4-57).
1376 2885 1574 2942 Verum
1598 2894 1652 2941 et
1682 2885 1767 2942 hic
1793 2886 2075 2955 admoneo,

497 2976 811 3048 Apostolum
843 2976 1017 3047 potius
1046 2975 1367 3032 audiendum
1393 2991 1535 3043 esse,
1563 2991 1720 3046 quam
1752 2986 1824 3043 te,
1855 2976 1945 3047 qui
1972 2992 2091 3041 non,

497 3070 759 3136 occultam
789 3069 1000 3136 rimam,
1032 3069 1126 3125 sed
1168 3069 1558 3139 apertissimam
1595 3069 1809 3139 ianuam
1852 3069 2080 3125 demon-

496 3161 703 3229 stravit,
727 3176 831 3232 qua
859 3169 1120 3231 peccatum
1156 3160 1360 3215 intravit
1389 3162 1449 3227 in
1472 3160 1734 3224 mundum,
1762 3169 1810 3215 et
1837 3176 1925 3230 per
1960 3177 2077 3233 pec-

495 3263 662 3307 catum
681 3266 846 3314 mors;
886 3260 934 3306 et
954 3250 1025 3305 ita
1046 3251 1098 3305 in
1118 3267 1290 3313 omnes
1315 3251 1542 3315 homines
1567 3251 1876 3322 pertransiit,
1900 3250 1951 3304 in
1981 3268 2079 3321 quo

495 3359 666 3398 omnes
692 3351 1015 3414 peccaverunt
1036 3340 1213 3417 (flant.
1236 3359 1290 3410 v,
1313 3342 1401 3413 12)
1434 3360 1447 3397 :
1473 3342 1933 3441 qttaéverbaeeius,
1956 3358 2081 3413 cum

497 3434 792 3492 secundum
822 3450 951 3501 vos,
985 3450 1091 3490 non
1118 3434 1407 3491 secundum
1438 3434 1638 3505 ipsum,
1676 3450 1940 3504 exponere
1968 3449 2077 3490 etn-

496 3525 660 3594 peris,
686 3534 810 3580 tunc
830 3526 1103 3595 apparebit
1128 3526 1211 3580 cui
1238 3524 1536 3580 rectitudini
1570 3525 1812 3586 veritatis
1843 3525 2079 3599 loquaci-

495 3622 607 3679 tate
636 3614 1020 3669 tortuosissima
1049 3614 1344 3671 relucteris.

571 3703 739 3767 XXV.
780 3704 900 3761 JUL.
943 3704 1093 3761 llunc
1116 3720 1246 3777 ergo
1269 3704 1337 3762 de
1364 3720 1529 3774 opere
1582 3721 1703 3767 meo
1739 3707 1913 3777 priore
1950 3723 2078 3769 con-

496 3803 704 3859 textum
724 3836 742 3863 ,
774 3796 827 3851 in
855 3796 959 3853 hoc
983 3796 1221 3860 secundo
1250 3796 1387 3852 libro
1407 3812 1506 3852 suo
1534 3797 1658 3867 sibi,
1696 3797 1820 3853 licet
1842 3813 1964 3853 cum
1997 3800 2078 3852 in-

494 3887 853 3967 terpolatione
874 3890 913 3954 ί,
946 3889 1221 3958 preposuit
1255 3887 1356 3962 (De
1392 3887 1601 3962 Nuptiis
1628 3899 1673 3943 et
1703 3888 2075 3961 Concupiscen-

494 3981 590 4047 tia,
638 3980 727 4034 lib.
757 3980 814 4047 9,
851 3998 903 4034 ιι.
935 3981 1145 4051 all—l9).
1176 3981 1305 4036 Nam
1334 3990 1387 4036 et
1412 3992 1887 4037 commemoratam
1918 3997 1948 4037 a
1988 3998 2074 4038 me

494 4070 867 4132 formationem
908 4075 1171 4143 corporis,
1221 4083 1274 4129 et
1317 4074 1613 4144 ingressum
1662 4075 1873 4139 animm,
1914 4092 2072 4146 quam

494 4178 688 4223 novam
741 4164 794 4219 in
845 4180 1163 4236 unoquoque
1209 4181 1241 4224 a
1281 4166 1391 4221 Deo
1430 4166 1718 4233 conditam,
1769 4176 1873 4221 tam
1911 4168 2071 4235 ratio,

493 4274 652 4329 quam
697 4258 828 4330 legis
877 4273 1042 4314 sacra:
1079 4258 1438 4330 Ecclesimqtte
1474 4259 1750 4318 catholica:
1798 4258 2077 4327 confirmat

494 4352 803 4420 auctoritas,
837 4360 892 4405 ut
912 4367 1092 4422 spero,
1118 4360 1234 4406 arte
1257 4351 1511 4422 praeteriit
1533 4354 1578 4407 ³.

569 4444 699 4501 Anc.
739 4442 841 4510 Qui
888 4442 1015 4514 legit
1059 4457 1153 4501 sex
1203 4443 1365 4497 libros
1416 4457 1589 4509 meos,
1631 4442 1823 4513 quibus
1851 4442 2072 4499 refutavi

493 4546 724 4605 quatuor
745 4545 864 4590 tuos
883 4576 898 4601 ,
925 4534 992 4590 de
1023 4549 1249 4604 quorum
1276 4538 1449 4605 primo
1473 4550 1593 4606 qua:
1629 4534 1814 4600 voluit,
1847 4542 1902 4600 et
1937 4535 2076 4592 sicut

494 4625 702 4692 voluit,
759 4625 847 4681 ille
897 4625 1203 4698 decerpsit,
1254 4625 1342 4682 cui
1388 4625 1636 4695 respondi
1687 4624 1738 4679 in
1788 4625 1924 4680 libro
1971 4626 2074 4685 isto

390 4706 395 4715 ’
495 4730 652 4786 quem
708 4730 848 4770 nunc
890 4714 1084 4770 frustra
1127 4716 1446 4788 redarguere
1500 4716 1867 4787 loquacissima
1921 4716 2073 4770 vani-

495 4814 606 4862 tate
650 4806 889 4873 conaris;
936 4807 1013 4862 sic
1057 4821 1143 4864 me
1187 4807 1277 4861 tibi
1310 4808 1359 4861 in
1390 4807 1547 4865 tertio
1574 4823 1693 4863 meo
1733 4807 2073 4881 respondisse

493 4899 763 4969 reperiet,
810 4906 869 4953 ut
912 4898 1121 4965 videat,
1168 4915 1274 4955 non
1323 4915 1407 4955 me
1432 4910 1546 4959 arte
1575 4900 1893 4971 prmteriissc
1930 4899 2072 4971 quod

492 4989 663 5055 dicis;
710 4989 803 5045 sed
851 4990 998 5044 illum
1056 4999 1251 5061 potius,
1300 4991 1452 5061 cujus
1490 4990 1750 5045 chartula:
1783 4991 2074 5063 responde-

492 5082 614 5139 bam
640 5125 657 5150 ,
700 5083 803 5140 hoc
848 5084 916 5142 de
953 5101 1113 5157 opere
1161 5096 1251 5140 tuo
1301 5085 1533 5140 noluisse
1587 5082 1913 5150 transferre,
1959 5083 2071 5138 sive

492 5176 668 5232 studio
711 5177 1018 5243 brevitatis,
1045 5178 1156 5234 sive
1181 5177 1301 5249 quia
1334 5179 1597 5249 pertinere
1628 5192 1732 5232 non
1765 5176 1967 5247 putavit
2002 5173 2069 5229 ad

454 5276 465 5283 “
490 5284 732 5325 Causam.

563 5357 755 5414 XXVI.
796 5359 914 5416 Jun.
954 5357 1069 5414 Jam
1102 5358 1334 5431 reliqua,
1365 5360 1488 5416 licet
1513 5358 1777 5430 aliquibus
1802 5359 2069 5414 sermoni-

489 5448 591 5505 bus
627 5450 824 5506 variata
845 5492 861 5515 ,
906 5452 1194 5507 contexuit.
1223 5448 1418 5507 Contra
1460 5451 1556 5506 has
1584 5468 1710 5523 ergo
1738 5451 2069 5522 obiectiones

499 5556 647 5597 meas
679 5542 808 5597 nihil
839 5558 944 5613 quo
974 5554 1343 5614 repercntcrcr
1368 5544 1685 5616 excogitavit
1712 5562 1727 5598 :
1754 5543 1847 5599 scd
1880 5558 2065 5600 verum

550 5695 569 5729 ι
603 5696 741 5756 Fdlli,
764 5696 942 5764 scilicet
980 5713 1089 5751 cum
1120 5698 1513 5764 interpellatione.
1552 5704 1608 5750 At
1643 5706 1767 5760 Mss,
1802 5696 1924 5762 sibi;
1961 5697 2072 5751 licet

486 5768 597 5822 tum
619 5759 997 5822 interpolatione.

485 5820 811 5934 ,εὶέᾰωξιὶίυι
832 5836 987 5888 spero,
1021 5825 1109 5877 iste
1133 5821 1379 5888 pra’teriit.
1402 5828 1531 5886 ttss.,
1557 5828 1607 5873 nt
1636 5835 1794 5886 spero,
1817 5829 1920 5876 arte
1942 5835 2069 5889 pra!-

1170 393 1410 451 ut’LttlS
1436 392 1843 451 IMPERFECTI
1915 391 2181 450 CONTRA
2221 389 2581 458 JULIANUM,
2621 392 2681 449 S.
2725 393 3097 453 AUClZSTlNl

3631 395 3797 459 1132-

2201 516 2288 557 me
2313 501 2612 574 collegisse,
2652 503 3057 575 argumentandi
3093 503 3268 575 inopia
3306 504 3598 569 confessus,
3641 507 3779 571 dicit

2193 593 2322 648 mihi
2348 594 2414 648 ad
2442 595 2555 651 haec
2578 594 2756 651 omnia
2780 595 3092 665 Apostolum
3118 594 3441 666 respondere
3467 596 3509 661 ί,
3533 596 3621 667 qui
3648 612 3781 668 pro-

2192 686 2420 755 nuntiet,
2468 702 2566 759 per
2613 702 2776 745 unum
2811 685 3082 754 hominem
3123 693 3398 759 peccatum
3434 687 3661 753 intrasse
3712 687 3775 747 in

2192 777 2335 834 hunc
2361 779 2637 835 mundum.
2668 779 2725 835 ln
2748 794 2860 851 quo
2897 780 3034 849 loco,
3074 780 3193 852 quis
3230 796 3351 835 eum
3390 779 3628 847 eruditus
3671 795 3770 836 sa-

2192 889 2318 928 num
2345 873 2593 939 habuisse
2618 885 2774 946 caput
2800 875 3050 943 aestimet,
3077 875 3168 945 qtti
3199 888 3304 937 non
3328 873 3647 941 intellexerit
3667 881 3773 939 aut

2194 966 2564 1034 prmtet‘eunda
2587 966 2688 1021 sibi
2714 981 2835 1021 esse
2861 974 3044 1022 contra
3073 980 3192 1036 qua:
3222 964 3350 1019 nihil
3383 973 3588 1036 poterat
3612 964 3767 1019 inve-

2192 1054 2337 1126 nire,
2368 1062 2462 1113 aut
2487 1069 2835 1127 quascumque
2861 1054 3213 1127 excogitanda
3254 1070 3373 1127 qua:
3412 1053 3636 1129 referret
3670 1054 3775 1110 ob-

2188 1145 2367 1217 iectis,
2418 1146 2486 1203 ad
2536 1163 2763 1223 quorum
2813 1147 3267 1219 confirmationem
3318 1146 3555 1218 Apostoli
3606 1146 3785 1211 verba

2192 1240 2556 1314 coniungeret.

2262 1334 2415 1406 Anc.
2436 1332 2540 1389 Sed
2570 1332 2762 1395 melius
2786 1333 2963 1399 verbis
2984 1332 3294 1403 apostolicis
3321 1330 3580 1397 refelleris
3605 1345 3781 1402 quam

2192 1426 2326 1497 rpeis
2344 1443 2359 1483 :
2384 1441 2483 1481 nec
2511 1436 2686 1482 tamen
2703 1434 2757 1481 et
2781 1424 3085 1497 apostolicis
3101 1423 3250 1480 cedis
3268 1441 3284 1482 :
3313 1423 3407 1478 sed
3423 1422 3589 1478 mavis
3604 1423 3774 1491 etiam

2192 1516 2304 1587 ipsa
2334 1526 2654 1586 pervertere,
2682 1532 2839 1587 quam
2865 1525 2915 1571 te
2942 1515 3225 1586 corrigere.

2262 1607 2474 1666 XXVII.
2514 1607 2633 1664 loc.
2673 1606 2904 1680 Qnresivi
2945 1621 3075 1678 ergo
3116 1605 3659 1677 consequentissime,
3709 1614 3771 1669 ut

2190 1699 2365 1756 onmis
2394 1716 2602 1756 mecum
2629 1701 2861 1767 eruditio
2884 1709 3232 1779 recognoscat
3254 1699 3299 1766 ',
3324 1707 3595 1769 peccatum
3620 1697 3770 1768 quod

2189 1804 2325 1861 Opus
2351 1801 2432 1847 est
2461 1792 2614 1848 malae
2636 1792 2942 1864 voluntatis,
2972 1800 3028 1847 et
3055 1806 3189 1861 opus
3215 1789 3411 1853 diaboli
3427 1788 3638 1855 dicitur,
3668 1805 3775 1860 per,

2189 1882 2317 1955 quid
2355 1882 2682 1955 inveniretur
2726 1884 2780 1939 in
2822 1883 3044 1955 parvulo
3074 1900 3088 1937 :
3125 1882 3170 1938 si
3198 1897 3301 1961 per
3329 1881 3679 1947 voluntatem;
3712 1888 3773 1937 at

2190 1976 2386 2030 nullam
2416 1975 2783 2049 incoluisse,
2802 1977 2962 2049 etiam
2988 1974 3093 2041 hic,
3111 1990 3232 2042 cum
3259 1975 3769 2047 quo_agimus,_cono

2186 2067 2367 2129 litetur
2396 2085 2412 2123 :
2438 2068 2484 2124 si
2515 2084 2610 2140 per
2634 2069 2874 2140 nuptias;
2902 2069 2996 2126 sed
3023 2068 3119 2124 has
3144 2068 3410 2140 pertinere
3428 2066 3496 2123 ad
3514 2082 3647 2139 opus
3668 2082 3772 2138 pa-

2187 2171 2420 2231 rentum,
2448 2176 2607 2224 nemo
2631 2164 2720 2235 qui
2756 2163 3149 2237 dubitet,_qnos
3176 2164 3228 2218 in
3261 2165 3359 2217 hac
3383 2160 3789 2218 commixtione.

2190 2266 2297 2307 non
2325 2267 2577 2322 peccasse
2614 2253 2948 2324 prmmiserat
2983 2271 2998 2308 :
3029 2262 3121 2308 aut
3148 2252 3575 2323 siconcessionis
3604 2250 3773 2320 huius

2186 2343 2473 2414 pmniteret
2500 2343 2904 2415 disputatorem,
2937 2344 3075 2415 sicut
3105 2358 3385 2417 processus
3408 2343 3589 2412 operis
3616 2340 3770 2396 indi.

2184 2433 2373 2502 cabat;
2406 2434 2745 2507 profiteretur
2769 2452 2889 2493 esse
2919 2452 3042 2493 reos
3067 2446 3311 2508 parentes
3333 2480 3347 2503 ,
3378 2452 3602 2509 quorum
3627 2450 3770 2499 con-

2185 2536 2596 2598 vcnturcgnum
2638 2528 2691 2583 in
2734 2528 3035 2600 imaginem.
3058 2528 3150 2584 Dei
3185 2527 3398 2600 diabolo
3438 2535 3718 2597 pararetur
3747 2546 3765 2582 :

2184 2629 2240 2693 et
2280 2619 2478 2686 addidi,
2528 2620 2842 2691 necessariis
2886 2618 3299 2697 disputationum
3347 2617 3618 2689 gradibus,
3660 2632 3770 2689 per

2184 2710 2442 2782 originale
2468 2720 2741 2781 peccatum
2767 2717 3037 2765 auctorem
3065 2724 3348 2779 corporum
3376 2707 3639 2763 diabolum
3666 2708 3773 2764 de—

2185 2801 2323 2866 finiri
2354 2819 2368 2855 :
2396 2803 2517 2875 quia
2547 2802 2591 2857 si
2620 2817 2713 2871 per
2733 2802 2989 2875 originem
3011 2802 3205 2857 malum
3234 2803 3285 2857 in
3315 2802 3638 2869 hominibus,
3664 2818 3771 2872 per

2183 2892 2380 2946 malum
2412 2891 2501 2963 ius
2543 2892 2739 2948 diaboli
2770 2892 2820 2947 in
2867 2891 3143 2967 homines;
3173 2891 3416 2949 diabolus
3453 2901 3534 2948 est
3573 2901 3771 2955 auctor

2183 2986 2480 3055 hominum,
2511 3003 2540 3041 a
2570 3003 2674 3059 quo
2691 2995 2771 3042 est
2792 2987 3316 3059 origonascentium.
3348 2988 3478 3055 Qua:
3505 2988 3771 3058 quoniam,

2183 3079 2236 3133 in
2263 3086 2416 3135 antro
2445 3077 2856 3139 Maniehmorum
2884 3077 3246 3134 Traducianos
3271 3093 3388 3133 esse
3417 3079 3628 3133 clusura
3657 3076 3765 3133 de-

2182 3169 2581 3241 prehenderat'
2629 3187 2645 3227 :
2691 3172 2823 3225 verti
2862 3170 3102 3236 clavem,
3147 3177 3218 3241 ut~
3248 3168 3540 3239 pr.cberem
3586 3168 3769 3238 captis

2182 3261 2467 3334 clfttgium;
2494 3259 2875 3339 admonuique;
2907 3271 2962 3333 ut
2989 3260 3188 3330 sivere
3213 3275 3243 3316 a
3268 3260 3374 3323 Deo
3392 3259 3635 3315 crederet
3659 3258 3801 3316 lto--

2183 3354 2354 3422 mincs
2380 3353 2514 3422 fieri,
2545 3367 2780 3427 pureque
2803 3351 3150 3427 conﬁteretur
3176 3367 3295 3407 esse
3323 3351 3576 3422 coniuges
3606 3353 3771 3407 inno-

2181 3452 2384 3510 centes,
2417 3443 2734 3513 intelligeret
2769 3443 2905 3497 trahi
2947 3458 3052 3499 non
3090 3457 3248 3514 posse
3289 3457 3354 3498 ex
3383 3441 3467 3498 his
3504 3442 3771 3514 originale

2183 3547 2478 3608 peccatum.
2527 3555 2547 3590 ι
2575 3537 2733 3601 Certe
2762 3552 2885 3609 non.
2906 3545 3111 3619 peccat,
3143 3538 3436 3620 linquam,
3479 3554 3499 3589 ι
3529 3536 3628 3591 iste
3667 3537 3766 3607 qui

2182 3632 2437 3699 nascitur,
2476 3647 2583 3686 non
2612 3641 2794 3701 peccat
2824 3632 2912 3687 ille
2941 3630 3029 3701 qui
3048 3616 3258 3701 genuit,
3296 3616 3406 3686 non
3442 3638 3627 3700 peccat
3655 3630 3763 3687 iste

2179 3722 2270 3793 qui
2296 3722 2533 3781 condidit
2565 3739 2579 3776 :
2613 3738 2707 3793 per
2729 3738 2862 3793 quas
2902 3723 3087 3789 rimas,
3135 3723 3274 3777 inter
3302 3730 3377 3778 tot
3402 3721 3648 3793 prmsidia
3679 3722 3771 3777 in-

2180 3814 2459 3878 nocentia),
2485 3824 2762 3883 peccatum
2792 3812 2946 3884 lingis
2972 3811 3307 3884 ingressum?
3343 3831 3362 3865 ι
3392 3811 3529 3881 Quid
3559 3811 3759 3881 potuit,

2180 3922 2331 3979 rogo,
2368 3906 2625 3973 sanctius,
2656 3905 2780 3976 quid
2810 3904 3005 3970 verius,
3032 3904 3157 3975 quid
3202 3903 3445 3969 lucidius,
3478 3902 3601 3973 quid
3630 3902 3764 3957 bre-

2178 4000 2315 4063 vius,
2344 3998 2653 4068 firmiusque
2672 3997 2941 4069 componi,
2964 4012 3122 4068 quam
3147 4005 3265 4067 post
3290 3997 3386 4050 tria
3409 4004 3616 4065 sumpta
3637 4009 3766 4066 qua:

2179 4092 2395 4147 inimico
2428 4090 2757 4146 concedente
2800 4104 3162 4160 susceperam.
3196 4087 3448 4143 inferrem
3482 4096 3762 4158 quartum,

2180 4186 2234 4240 in
2275 4201 2379 4256 quo
2419 4194 2531 4241 crat
2561 4199 2767 4239 summa
2806 4182 3118 4239 conclusio?
3144 4180 3277 4237 Nam
3324 4196 3444 4235 cum
3475 4194 3581 4235 uno
3620 4168 3785 4234 non?

2179 4293 2469 4349 nunquam,
2515 4285 2606 4332 aut
2650 4276 2861 4332 duobus
2897 4276 3143 4346 sumptis,
3193 4275 3407 4330 tertium
3448 4274 3764 4330 necessario

2177 4372 2475 4441 colligatur,
2504 4386 2604 4441 qua
2631 4369 2746 4441 lege
2776 4369 2905 4424 mihi
2939 4379 3057 4439 post
3080 4367 3177 4423 tria
3204 4382 3480 4433 concessa,
3507 4377 3763 4439 quartum

2177 4461 2315 4531 quod
2346 4460 2428 4516 his
2456 4461 2696 4517 adltmret
2717 4503 2732 4527 ,
2780 4477 2886 4517 non
2914 4462 3098 4517 liceret
3133 4458 3366 4527 inferre?
3413 4459 3482 4515 Et
3508 4447 3609 4515 hoc
3633 4461 3764 4531 qui-

2178 4552 2300 4608 dem
2345 4553 2398 4607 in
2441 4553 2674 4608 secunda
2719 4553 3077 4623 disputatione
3121 4571 3135 4609 :
3180 4561 3430 4620 ceterum
3471 4552 3523 4607 in
3554 4538 3783 4622 priore,

2177 4647 2408 4717 quinque
2438 4646 2564 4700 mihi
2592 4655 2683 4700 aut
2710 4646 2937 4717 amplius
2966 4644 3363 4712 conceduntur,
3404 4655 3521 4719 post
3550 4658 3668 4717 qua:
3698 4645 3767 4701 fit

2179 4740 2408 4810 legitima
2439 4740 2736 4815 invictaque
2758 4738 3049 4795 conclusio.
3780 4744 3785 4751 ’

2248 4834 2383 4895 Avo.
2424 4830 2558 4895 Vide
2605 4847 2766 4901 quam
2814 4845 2907 4902 per
2960 4829 3121 4897 multa
3162 4827 3389 4901 vageris,
3442 4828 3638 4885 timens
3689 4844 3765 4889 ne

2176 4925 2418 4996 Apostoli
2466 4923 2630 4991 verba
2675 4923 2790 4978 siue
2850 4922 2951 4977 tuis
2993 4906 3313 5001 pra‘iudiciis
3348 4922 3524 4978 audita
3571 4932 3623 4978 te
3658 4923 3766 4978 da-

2176 5027 2384 5085 mnent,
2406 5016 2543 5070 sicut
2564 5014 2674 5085 iam
2698 5014 2932 5069 Ecclesia
2959 5015 3214 5070 catholica
3228 5014 3501 5086 iudicante
3529 5014 3761 5071 damna-

2176 5115 2317 5167 runt.
2359 5106 2463 5163 Sed
2506 5120 2730 5161 excurre
2758 5122 2865 5176 quo
2892 5104 3147 5172 volneris,
3186 5120 3458 5160 remorare
3500 5115 3764 5177 quantum

2175 5199 2432 5267 volueris,
2461 5197 2748 5268 multiplica
2778 5211 2936 5269 gyros
2967 5207 3083 5252 tuos
3111 5212 3536 5268 quaquaversum
3566 5196 3762 5253 volue-

2177 5292 2252 5356 ris
2282 5310 2297 5348 :
2327 5290 2768 5363 quandocumque
2810 5289 2875 5345 ad
2905 5290 3093 5346 eadem
3134 5291 3296 5347 verba
3340 5289 3580 5347 veritatis
3608 5292 3764 5347 navis

2238 5447 2256 5480 ί
2282 5445 2418 5505 mliti,
2440 5446 2730 5510 respondere
2750 5444 2941 5497 debere.
2962 5445 3122 5506 Abest,
3139 5444 3331 5505 debere,
3351 5457 3383 5495 ι
3396 5447 3764 5510 κωιιιιιεειιιμιε..

2237 5511 2259 5542 θ
2282 5510 2353 5581 sic
2373 5515 2481 5559 Mss.
2506 5508 2562 5559 At
2583 5510 2852 5569 Meuardus,
2876 5514 3264 5572 recognosceret;
3288 5508 3560 5572 \‘ignierius
3584 5543 3601 5569 ,
3623 5521 3767 5559 reco-

2173 5578 2561 5707 illam}.
2599 5630 2923 5707 ῑναᾴυείωιαι
3101 5629 3322 5707 amre
3356 5628 3764 5707 μερνεραιειεναι-

2174 5696 2466 5765 ngnierius,
2502 5691 2824 5765 thadnriattos
2844 5700 2994 5744 essent
3034 5692 3301 5765 (vclnesscl
3323 5691 3539 5765 οἰκέτα-ᾳ)
3566 5691 3769 5765 clusum

2175 5752 2576 5821 deprehenderat.
2599 5763 2778 5821 names
2802 5765 2933 5818 Mss,
2961 5752 3293 5821 tractationes
3322 5768 3424 5807 esse
3450 5752 3648 5821 (ipsum
3675 5757 3769 5821 dc-

2175 5808 2511 5884 prehenderat.
2537 5808 2935 5884 1’ριί·ο,ἐζηδιιι·αζ
2960 5817 3050 5869 hoc
3073 5815 3177 5869 loco
3214 5817 3341 5869 idem
3378 5808 3506 5883 quod
3528 5815 3770 5884 clausula,

2178 5879 2269 5934 Seu
2292 5881 2532 5934 conclusio
2552 5879 2900 5944 disputationis.
