3996 6478
205 326 323 383 H53

200 437 501 493 fallaciarum
547 443 761 489 tuarum
815 428 1129 502 pervenerit,
1176 427 1291 485 sine
1321 428 1483 486 dubio
1519 427 1737 485 naufra-

199 531 343 604 gallis.

258 618 475 676 XXVIII.
502 618 623 675 Jun.
663 618 780 675 Jam
804 618 961 688 igitur
988 615 1053 670 ad
1073 630 1194 670 eum
1218 613 1742 681 convertamur..De_-

203 713 335 768 dcras
375 709 520 773 mihi,
572 717 845 777 peccatum
885 723 1017 778 opus
1059 721 1178 778 esse
1215 705 1541 774 voluntatis:
1592 705 1737 776 potui

202 803 352 858 statim
391 798 567 854 dicere
614 807 1038 869 consequenter,
1082 796 1339 852 Voluntas
1381 805 1561 852 autem
1615 810 1734 866 qua:

204 884 381 964 peccet,
409 891 458 945 in
482 889 725 960 parvulis
748 888 888 944 nulla
917 896 1028 960 est;
1056 896 1328 958 peccatum
1359 888 1516 958 igitur
1546 887 1596 941 in
1622 901 1738 957 par-

204 984 350 1038 vulis'
379 996 481 1036 non
521 990 621 1035 est.
656 981 849 1036 Verum
884 978 1207 1049 utpluribus
1247 977 1565 1048 premereris
1592 977 1745 1043 testi-

205 1078 301 1140 bus,
327 1072 639 1141 interrogavi
685 1072 903 1139 sensim,
943 1086 1040 1141 per
1066 1069 1191 1142 quid
1222 1070 1321 1135 hoc
1350 1055 1626 1139 peccatum
1658 1068 1742 1122 iu-

206 1165 443 1219 reniretur
488 1162 537 1215 in
583 1163 845 1234 parvulo:
894 1177 962 1216 ne
1005 1160 1141 1216 forte
1190 1175 1283 1230 per
1326 1160 1651 1215 voluntatem
1679 1158 1745 1213 ’ἲ

209 1256 315 1311 l’ust
338 1254 495 1324 quod,
526 1262 579 1308 te
603 1255 943 1319 connivente,
971 1252 1178 1323 suscepi
1204 1252 1398 1306 nullam
1422 1252 1472 1305 in
1499 1267 1564 1305 eo
1585 1250 1746 1305 luisse

204 1348 517 1403 concientiam
540 1345 829 1399 voluntatis
858 1362 872 1397 :
902 1343 1138 1414 adjunxi,
1169 1358 1237 1397 ne
1268 1359 1361 1412 per
1392 1343 1612 1412 primam
1634 1342 1747 1397 cul—

207 1457 307 1511 pain
352 1438 707 1512 membrorum
746 1437 1062 1516 lineamenta
1108 1435 1374 1490 traxisset.
1417 1434 1522 1489 Sed
1574 1433 1689 1489 hate
1715 1448 1747 1489 ιι

210 1532 298 1585 Deo
325 1526 627 1593 informari,
678 1536 731 1581 et
770 1522 866 1596 per
909 1525 1012 1579 hoc
1056 1524 1194 1580 bona
1233 1539 1353 1579 esse
1382 1538 1743 1579 concesseras.

207 1620 347 1676 Potiri
378 1619 611 1683 tertium,
636 1627 812 1673 utrum
859 1630 954 1685 per
978 1613 1272 1686 ingressum
1299 1614 1510 1679 animm,
1542 1620 1746 1668 reatum

208 1710 454 1765 advectum
497 1715 733 1777 putares.
773 1705 878 1761 Sed
918 1706 1054 1760 hanc
1084 1719 1204 1761 esse
1234 1719 1446 1769 novam,
1480 1718 1559 1785 ne
1596 1702 1750 1773 quid-

208 1816 340 1871 quam
362 1799 648 1855 seminibus
687 1798 885 1855 debere
927 1800 1225 1854 constabat.
1269 1796 1424 1852 lntuli
1464 1793 1741 1868 deinceps,

209 1912 264 1952 ne
286 1895 305 1927 ³
330 1896 465 1968 (quia
484 1884 624 1972 inibit
660 1894 752 1948 tibi
791 1890 860 1972 de
903 1892 984 1948 his
1018 1898 1346 1947 remanserat
1390 1889 1742 1968 urguendum)

209 1988 407 2057 nuptias,
456 1969 505 2041 id
553 1994 637 2042 est
677 1969 1117 2041 commixtionem
1165 1983 1491 2061 corporum,
1539 1980 1736 2037 diaboli

208 2094 321 2151 opus
345 2077 593 2133 vocares?
634 2077 739 2133 Sed
785 2077 880 2131 has
909 2077 1177 2146 pertinere
1212 2074 1277 2131 ad
1317 2083 1594 2151 parentum
1624 2072 1751 2144 epe-

209 2182 301 2224 ram
323 2212 338 2233 ,
371 2177 419 2223 te
442 2183 651 2238 quoque
677 2176 968 2247 annuente,
999 2166 1304 2221 monstravi.
1340 2165 1443 2221 Illis
1469 2165 1625 2236 igitur
1645 2179 1754 2219 om-

208 2262 336 2316 nibus
361 2276 473 2331 qua:
498 2259 656 2331 supra
681 2256 909 2314 diximus
930 2258 1210 2336 absolutis,
1247 2258 1502 2328 conjuges
1522 2257 1609 2328 qui
1637 2256 1750 2313 tne-

208 2359 308 2429 raut
340 2367 493 2408 causa
538 2351 766 2422 peccati,
800 2350 991 2429 tradunt
1016 2360 1103 2406 tua
1142 2349 1354 2406 diabolo
1390 2348 1748 2420 mancipabat.

206 2427 311 2498 Post
334 2459 450 2514 qua:
484 2442 683 2507 omnia,
723 2442 864 2513 quod
912 2427 1006 2497 tibi
1052 2443 1439 2514 prepinqnabat
1479 2440 1671 2511 impegi
1701 2440 1747 2511 ⁵,

208 2542 253 2587 ιιι
275 2533 492 2589 dicerem
519 2532 736 2589 credere
764 2541 814 2588 te
840 2533 1105 2611 diabolum
1128 2542 1399 2607 auctorem
1425 2521 1736 2602 corporum,

207 2627 275 2680 cui
298 2626 679 2687 commixtionis
712 2640 950 2696 operam,
1002 2625 1119 2680 sine
1158 2641 1262 2695 qua
1292 2626 1440 2696 origo
1467 2638 1751 2705 corporum

208 2731 306 2773 esse
339 2732 446 2772 non
475 2724 697 2788 poterat,
729 2716 1062 2787 deputasses.
1093 2716 1161 2771 Et
1195 2715 1310 2771 hinc
1336 2715 1546 2786 quidem
1572 2713 1756 2786 dispu»

212 2811 336 2874 latio,
363 2825 468 2880 quo
496 2810 684 2865 morbo
721 2823 1009 2880 Oppressus
1031 2823 1200 2877 esses,
1229 2808 1461 2863 ostendit
1494 2827 1508 2861 :
1540 2807 1627 2861 illa
1654 2821 1753 2883 au-

210 2910 298 2956 tem
321 2901 565 2966 secunda,
592 2910 647 2957 et
677 2910 727 2955 te
750 2900 1106 2956 miserabilem
1136 2913 1256 2954 cum
1287 2896 1550 2969 ejusmodi
1581 2895 1755 2952 sensi-

211 2978 390 3058 bus,et
432 2991 729 3048 Catholicos
766 2992 926 3047 etiam
967 2989 1281 3046 timoris‘tui
1327 2987 1578 3059 suffragio
1606 2986 1753 3067 imi-

212 3089 310 3138 ctus
330 3081 578 3154 probavit.
601 3074 679 3139 Te
704 3082 844 3138 enim
871 3082 1050 3149 dante,
1075 3096 1103 3135 a
1135 3082 1244 3136 Deo
1272 3079 1387 3136 ﬁeri
1416 3078 1678 3142 homines,
1699 3085 1757 3133 et

209 3180 310 3230 esse
341 3174 586 3246 conjuges
631 3173 963 3239 innocentes,
1010 3188 1071 3227 ac
1101 3165 1350 3243 parvulos
1383 3184 1477 3241 per
1517 3184 1578 3225 se
1623 3167 1755 3223 nihil

208 3265 390 3335 Operari
437 3283 452 3321 :
498 3265 582 3321 his
626 3266 794 3321 tribus
836 3264 1082 3335 sumptis,
1115 3262 1513 3319 irrefutahiliter
1549 3262 1754 3318 illatum

208 3365 290 3419 est,
316 3371 431 3410 cum
460 3370 563 3411 non
592 3364 774 3426 peccat
802 3349 893 3411 ille
919 3354 1005 3426 qui
1034 3354 1287 3421 nascitur,
1319 3369 1423 3409 non
1454 3364 1640 3424 peccat
1664 3352 1756 3407 ille

210 3443 280 3516 qui
313 3446 502 3515 genuit,
551 3462 657 3501 non
684 3448 869 3517 peccat
899 3446 1000 3501 iste
1026 3435 1116 3516 qui
1143 3440 1399 3511 condidit,
1432 3444 1631 3500 nullam
1661 3457 1754 3498 re-

208 3539 439 3594 mansisse
477 3538 690 3603 rimam,
738 3553 833 3608 per
871 3552 1028 3608 quam
1076 3544 1348 3607 peceatum
1391 3528 1643 3591 doceatur
1672 3526 1755 3589 iu-

208 3638 439 3697 gressum.
469 3626 585 3685 Tibi
611 3642 739 3700 ergo
765 3627 811 3683 si
849 3627 870 3660 '
899 3615 1142 3698 diSplicet
1165 3621 1304 3698 quod
1332 3627 1613 3682 collectum
1642 3633 1754 3692 est;

208 3716 355 3776 abnue
381 3722 518 3793 quod
545 3713 760 3787 dedisti,
788 3729 840 3775 et
867 3720 955 3776 die
978 3729 1070 3776 aut
1097 3720 1243 3775 illum
1274 3734 1524 3790 peccasse
1549 3719 1637 3790 qui
1665 3733 1758 3789 ge-

208 3813 325 3878 nuit,
345 3820 435 3868 aut
453 3813 600 3869 illum
628 3813 719 3884 qui
744 3810 1000 3879 condidit,
1029 3821 1120 3867 aut
1149 3812 1306 3866 istum
1332 3811 1420 3883 qui
1449 3821 1604 3866 natus
1632 3818 1754 3867 est:

196 3896 259 3956 ex
280 3903 455 3973 quibus
482 3916 645 3959 unum
673 3904 914 3960 insanum
944 3912 1047 3971 est,
1075 3901 1216 3959 aliud
1243 3902 1615 3971 Mauichmum,
1649 3911 1759 3959 ter-

210 3992 319 4047 tium
359 4010 512 4066 supra
566 3995 886 4053 Manichreos
923 4011 938 4049 :
979 3995 1242 4062 insanum,
1280 3991 1325 4049 si
1362 3988 1561 4049 dixeris
1589 3993 1760 4049 delin-

208 4102 346 4153 quere
384 4088 670 4158 parvulos;
713 4087 1082 4155 Mauiclueum,
1118 4087 1163 4143 si
1202 4086 1535 4143 accusaveris
1568 4085 1756 4157 conju-

208 4189 313 4243 gcs.
336 4192 484 4246 supra
511 4177 852 4243 Manichmos,
878 4178 923 4233 si
944 4178 1143 4249 peccati
1172 4178 1334 4232 Deum
1357 4176 1640 4232 mstimaris
1661 4177 1761 4232 au-

208 4274 401 4321 ctorem.
427 4267 582 4335 Quod
621 4267 666 4322 si
708 4267 822 4322 lucc
861 4268 1040 4322 omnia
1070 4275 1174 4321 tam
1201 4267 1371 4323 aliena
1402 4275 1525 4321 sunt
1549 4282 1579 4320 a
1608 4276 1755 4332 vero,

208 4364 256 4408 ιιι
274 4356 430 4412 adhuc
459 4373 521 4413 ea
548 4364 756 4413 metuas
780 4358 948 4415 libere
976 4356 1250 4425 confiteri;
1278 4372 1380 4429 qua
1407 4356 1755 4428 impudentia,

209 4448 349 4503 humo
374 4451 608 4506 omnium
647 4451 1030 4519 amentissime,
1076 4449 1181 4507 hoc
1210 4449 1353 4522 quod
1396 4466 1428 4506 a
1462 4451 1614 4505 nobis
1641 4449 1758 4506 illa-

209 4550 301 4595 tum
322 4553 413 4608 est,
444 4542 686 4612 persistis
710 4532 940 4614 negare?

263 4636 383 4690 Anc.
419 4632 552 4690 Cum
583 4632 649 4687 ad
678 4633 836 4689 verba
873 4633 1115 4703 Apostoli
1156 4633 1401 4701 veneris,
1428 4632 1499 4688 ibi
1538 4647 1643 4688 non
1680 4628 1758 4688 ri-

206 4737 328 4777 mam
350 4724 603 4793 invenies,
644 4723 739 4780 sed
765 4725 1152 4794 apertissimam
1176 4725 1414 4795 januam,
1443 4740 1544 4795 qua
1576 4738 1761 4795 pecca-

208 4821 301 4869 tum
334 4817 541 4873 intravit
581 4819 635 4874 in
678 4818 932 4873 mundum
980 4835 994 4873 :
1039 4828 1195 4889 quam
1234 4819 1510 4874 conaberis
1544 4818 1757 4889 quidem

205 4907 453 4978 claudere;
496 4910 594 4968 sed
638 4926 707 4967 ex
753 4927 849 4967 ore
898 4909 1177 4967 infantium
1224 4918 1383 4984 atque
1428 4903 1755 4978 lactentium,

206 5000 500 5058 salvatorem
560 5006 743 5074 potius
790 5001 1080 5069 Christum,
1113 5020 1270 5073 quam
1325 5011 1376 5059 te
1428 5002 1758 5060 laudatorem

204 5093 551 5161 qumreutium,
574 5103 758 5149 etnon
786 5091 1140 5149 anfractuasis
1165 5094 1634 5165 disputationibus,
1663 5085 1759 5150 sed

206 5188 346 5241 mutis
380 5188 593 5244 ﬂetibus
630 5188 896 5243 miseriam
925 5204 1072 5242 suam
1113 5189 1277 5244 nmlto
1314 5188 1512 5244 certius
1574 5195 1761 5243 conte.

205 5278 430 5333 stantium
454 5263 634 5350 (quam
659 5277 918 5348 profecto,
932 5279 975 5333 si
1004 5278 1157 5349 primi
1178 5279 1409 5334 hominis
1429 5277 1688 5334 rectitude
1707 5285 1761 5333 et

260 5391 276 5455 ξ
309 5390 432 5455 ultu,
458 5404 490 5441 a
508 5390 740 5455 parvulis.
768 5391 1078 5455 Eruendantut
1111 5405 1138 5441 a
1160 5398 1266 5441 Mss.

256 5453 279 5484 ⁸
308 5450 432 5516 Editi,
454 5450 517 5503 αὴ
537 5465 624 5516 per
647 5451 970 5504 rotmuatem?
990 5461 1046 5503 At
1065 5453 1370 5516 uianuscriptl
1393 5450 1516 5512 loco,
1532 5464 1594 5502 an
1610 5489 1628 5515 ,
1652 5462 1762 5501 eon-

204 5519 370 5564 Itanter
389 5515 586 5573 habent,
612 5527 692 5564 ue.

260 5575 281 5608 ⁸
311 5577 459 5625 viam.
483 5588 546 5624 an
566 5588 645 5625 ne.
721 5581 780 5623 ιιι.

259 5636 281 5712 τ
679 5609 856 5712 esse
1000 5670 1014 5696 .
1037 5636 1231 5712 mea.

206 5697 542 5823 tibi
562 5709 681 5763 ergo
701 5695 938 5761 displicet,
961 5695 1139 5750 omisso
1163 5695 1242 5762 'si,
1287 5697 1414 5763 quod
1437 5710 1499 5749 ex
1525 5702 1605 5747 Ms.
1635 5702 1759 5747 Port.

1494 311 1692 369 LlBER
1732 311 2106 371 SECUNLUS.

3285 325 3425 381 H54

1846 428 2116 484 beatitudo
2143 429 2441 495 mansisset,
2473 432 2621 487 nullo
2660 434 2818 488 modo
2847 435 2898 490 in
2938 434 3183 505 paradiso
3212 434 3422 493 habere

1854 519 2198 592 potuissent),
2223 536 2344 577 cum
2367 531 2452 575 tua
2479 532 2584 578 tota
2606 524 2922 593 loquacitate
2940 526 3186 587 vinceris.

1918 609 2110 666 XXIX.
2147 610 2268 668 Jun.
2308 610 2544 680 Quatuor
2570 612 2658 669 hic
2680 629 3027 684 personarum
3067 632 3225 675 causa
3254 617 3423 672 verti-

1852 710 1971 766 tur;
2006 702 2097 758 Dei
2127 702 2353 773 opiﬁcis,
2380 703 2602 759 duorum
2639 712 2913 774 parentum
2941 707 3008 762 de
3032 709 3226 781 quibus
3242 719 3426 764 mate-

1849 793 1926 847 ria
1955 804 2235 864 prmstatur
2255 798 2516 865 aperanti,
2555 805 2611 852 et
2646 797 2852 867 parvuli
2878 800 2967 869 qui
2998 801 3250 855 nascitur.
3287 802 3428 859 Dicis

1852 894 1907 939 tu
1935 886 1987 939 in
2019 885 2121 941 hoc
2146 887 2311 942 choro
2350 888 2586 944 habitare
2615 886 2887 959 peccatum
2911 906 2926 945 :
2954 888 3222 963 interrogo
3249 906 3365 963 ego,
3394 907 3443 946 a-

1849 990 1956 1046 quo
1995 977 2106 1044 liat,
2156 986 2330 1032 utrum
2360 993 2389 1031 a
2419 979 2557 1045 Deo;
2585 993 2787 1050 negas:
2818 994 2848 1035 a
2875 988 3062 1051 patre;
3088 980 3305 1036 totidem
3333 997 3430 1037 ne-

1848 1081 1981 1137 gas:
2012 1083 2040 1119 a
2073 1076 2270 1134 matre;
2294 1068 2437 1125 idem
2461 1086 2658 1142 negas:
2691 1086 2718 1124 ιι
2742 1072 2999 1143 parvulo;
3028 1072 3189 1144 negas
3213 1090 3227 1128 :
3252 1081 3311 1129 et
3332 1073 3431 1129 ad-

1848 1157 1957 1215 huc
2005 1176 2110 1215 non
2164 1170 2317 1230 putas
2355 1160 2519 1219 fuisse
2561 1164 2894 1231 conclusum,
2938 1167 3060 1236 quia
3114 1182 3218 1222 non
3264 1167 3432 1237 possit

1846 1266 1969 1307 esse
2002 1253 2141 1307 inter
2188 1252 2289 1308 hos
2314 1262 2559 1326 quatuor,
2598 1256 2739 1327 quod
2776 1255 2845 1312 ab
2888 1257 2971 1311 his
2996 1266 3223 1329 quatuor
3257 1257 3432 1314 nullus

1848 1343 2098 1400 admittit.

1922 1437 2056 1493 Anc.
2098 1435 2361 1507 Quidquid
2390 1437 2471 1494 vis
2514 1438 2702 1494 dicas:
2746 1439 2813 1495 ad
2840 1439 2999 1495 verba
3044 1439 3284 1511 Apostoli
3326 1440 3424 1496 ali-

1852 1525 2094 1597 quando‘
2133 1537 2387 1582 venturus
2429 1542 2522 1594 es;
2570 1537 2625 1584 et
2671 1529 2908 1599 quisquis
2954 1544 3017 1603 ea
3066 1546 3161 1601 per
3210 1530 3432 1586 istarum

1850 1618 2368 1689 argumentationum
2422 1627 2628 1674 tuarum
2675 1621 2793 1675 loca
2845 1620 3051 1693 singula
3097 1620 3429 1688 recordatur,

1851 1722 1972 1778 qua:
2012 1721 2111 1762 nos
2146 1708 2358 1763 assidue
2402 1718 2619 1779 prepter
2647 1698 2864 1785 lectoris
2896 1709 3164 1766 fastidium
3191 1721 3434 1783 repetere

1851 1799 2120 1871 nolumus,
2145 1800 2259 1870 ipsa
2282 1813 2375 1854 sua
2400 1799 2494 1854 tibi
2515 1799 2884 1875 recordatione
2904 1800 3212 1877 respondet.

1924 1888 2093 1947 XXX.
2133 1890 2255 1946 ιυι..
2294 1890 2375 1946 Ad
2406 1890 2534 1962 quid
2560 1906 2688 1962 ergo
2706 1891 3140 1963 persuadendum
3169 1900 3262 1948 aut
3284 1890 3432 1950 Scri-

1853 1988 2037 2051 pturas
2075 1980 2309 2051 releges,
2348 1988 2442 2036 aut
2477 1981 2721 2038 conscios
2759 1983 3088 2059 nominabis.
3129 1984 3219 2054 qui
3258 1984 3434 2045 adhuc

1852 2071 1994 2141 quod
2031 2071 2199 2127 sentis
2240 2085 2346 2127 non
2384 2080 2540 2146 potes
2578 2071 2842 2150 deﬁnire?
2891 2072 3030 2140 Quid
3070 2082 3123 2129 te
3154 2074 3336 2144 juvat,
3377 2083 3437 2130 ut

1855 2159 2259 2241 Adam‘doceas
2297 2160 2608 2233 deliquisse,
2630 2162 2772 2232 quod
2812 2178 2912 2234 ego
2950 2162 3159 2234 penitus
3197 2179 3302 2219 non
3342 2180 3435 2220 re-

1854 2250 2018 2307 felle?
2038 2251 2544 2333 Qumrimus,‘Adam
2574 2262 2698 2309 ante
2724 2246 2802 2309 tot
2817 2255 3015 2315 smcula
3038 2264 3269 2320 mortuo,
3298 2271 3429 2327 pec-

1853 2352 2052 2409 catum,
2075 2358 2181 2414 quo
2202 2344 2253 2399 in
2273 2343 2471 2400 diaboli
2495 2345 2583 2416 jus
2609 2346 2704 2402 Dei
2725 2346 2898 2418 imago
2923 2339 3311 2415 transcribitur,
3336 2364 3437 2420 per

1854 2435 1982 2508 quid
2010 2436 2309 2492 inveniatur
2337 2437 2391 2492 in
2423 2439 2667 2511 parVulo.
2748 2512 2753 2518 t
3076 2479 3097 2518 ._
3170 2506 3177 2511 .

1926 2529 2064 2586 Auc.
2104 2528 2213 2585 Cur
2241 2546 2341 2586 nec
2372 2540 2433 2611 tu
2471 2530 2709 2587 admittis
2747 2515 2800 2587 in
2838 2548 3059 2605 regnum
3089 2515 3207 2598 hci,
3232 2533 3435 2589 nullum

1856 2620 2145 2703 habentem
2184 2621 2475 2678 sccnndum
2515 2613 2567 2679 te
2603 2624 2849 2679 meritum
2890 2610 3123 2696 peccati,
3153 2625 3437 2696 imaginem

1855 2711 1995 2767 Dei?
2034 2711 2141 2768 Cur
2184 2714 2515 2770 ministratur
2561 2715 2803 2785 sanguis,
2844 2716 2934 2786 qui
2980 2715 3047 2771 de
3093 2715 3439 2772 similitudine

1847 2790 2033 2869 carnis
2062 2806 2262 2875 peccati
2293 2805 2345 2860 in
2371 2797 2742 2861 remissionem
2769 2803 2919 2861 fusus
2954 2814 3034 2862 est
3077 2810 3438 2877 peccatorum,

1855 2910 2016 2966 quem
2056 2894 2203 2952 bibat
2240 2899 2511 2968 parvulus,
2540 2907 2599 2953 ut
2636 2899 2834 2967 habere
2873 2886 3040 2968 possit
3076 2900 3270 2963 vitam.
3300 2900 3344 2955 si
3371 2899 3440 2957 de

1858 2987 2088 3068 uullius'
2126 2989 2329 3059 peccati
2361 2990 2565 3061 origine
2594 2991 2740 3046 venit
2761 2991 2811 3045 in
2842 2980 3108 3046 mortem?
3135 2991 3191 3046 Si
3215 2995 3313 3046 hoc
3347 2979 3439 3046 tibi

1857 3078 2143 3151 displicet,
2170 3089 2351 3150 aperte
2398 3097 2529 3153 nega
2575 3081 2849 3152 parvulum
2900 3068 3226 3148 Christum”,
3257 3091 3441 3153 aperte

1848 3187 1993 3242 nega
2038 3187 2133 3247 pro
2182 3161 2413 3242 parvulis
2440 3182 2738 3241 mortuum,
2780 3173 2869 3244 qui
2914 3180 3044 3227 unus
3072 3171 3165 3244 pro
3210 3164 3439 3227 omnibus

1859 3275 2084 3319 mortuus
2110 3274 2182 3319 est
2210 3280 2229 3319 :
2273 3252 2411 3320 unde
2436 3263 2735 3335 colligitur‘
2772 3261 2914 3335 quod
2953 3260 3083 3344 dicit
3121 3249 3431 3335 Apostolus,

1860 3353 1998 3426 Ergo
2037 3372 2206 3408 omnes
2244 3355 2431 3408 mortui
2464 3365 2600 3422 sunt,
2630 3364 2676 3410 et
2715 3371 2807 3425 pro
2845 3354 3079 3409 omnibus
3115 3365 3341 3409 mortuus
3366 3365 3440 3410 est

1860 3445 1940 3519 (ll
1966 3446 2083 3501 Cor.
2109 3462 2166 3513 v,
2200 3442 2288 3514 lt,
2320 3444 2434 3519 15).
2479 3446 2571 3501 Dic
2606 3455 2812 3518 aperte,
2853 3445 3042 3500 Mortui
3084 3446 3285 3517 parvuli
3328 3460 3439 3501 non

1859 3548 2019 3607 sunt,
2060 3539 2149 3611 qui
2187 3548 2462 3611 peccatum
2516 3538 2721 3594 nullum
2761 3538 2997 3605 habent;
3039 3548 3211 3594 morte
3250 3552 3345 3610 pro
3382 3552 3442 3594 se

1860 3628 2076 3694 Christi,
2119 3630 2172 3683 in
2210 3644 2314 3699 qua
2352 3628 2709 3699 baptizeutur,
2752 3647 2855 3686 non
2894 3645 3028 3700 Opus
3067 3630 3281 3686 habent.
3320 3621 3442 3686 1am

1859 3719 1948 3776 die
1982 3719 2279 3786 evidenter,
2319 3720 2458 3792 quod
2510 3721 2736 3777 latenter
2782 3722 2977 3788 sentis,
3018 3716 3267 3792 qlioniam
3308 3721 3442 3777 satis

1860 3812 2043 3883 prodis
2082 3823 2165 3867 tua
2205 3804 2564 3884 disputatione
2600 3799 2743 3884 quod
2782 3813 2992 3869 sentis:
3036 3801 3154 3880 die,
3197 3813 3437 3884 inquam,

1862 3901 2110 3972 parvulos
2136 3893 2331 3957 frustra
2368 3900 2481 3957 ﬁeri
2503 3896 2860 3959 christianos:
2888 3899 2982 3959 sed
3010 3902 3152 3971 vide,
3184 3913 3359 3957 utrmn
3387 3904 3441 3958 te

1860 3992 2035 4064 ipsum
2065 3991 2293 4049 debeas"
2324 3993 2504 4050 dicere
2528 3992 2903 4050 christianum.

1931 4073 2127 4139 XXXI.
2180 4084 2300 4140 σιω..
2354 4085 2408 4141 Si
2471 4102 2567 4156 per
2615 4078 3049 4141 comrnixtionem
3116 4094 3438 4158 parentum:

1860 4173 2091 4230 damna'
2128 4177 2340 4247 nuptias
2389 4177 2750 4246 professione,
2790 4186 2920 4249 quas
2973 4180 3442 4249 argumentatione

1861 4264 2222 4333 condemnas;
2252 4273 2310 4323 et
2332 4267 2487 4323 deme
2516 4268 2668 4324 nobis
2694 4268 2950 4335 laborem,
2979 4278 3084 4340 quo
3112 4278 3163 4324 te
3196 4271 3443 4326 convici-

1862 4372 1982 4412 mus
2019 4373 2139 4413 esse
2175 4358 2542 4415 Maniehmum.
2583 4360 2675 4415 Sin
2714 4369 2891 4415 autem
2933 4362 2986 4415 tu
3027 4376 3131 4415 nou
3189 4360 3241 4416 id
3278 4361 3444 4418 audes

1862 4448 2064 4519 dicere,
2096 4465 2159 4505 ac
2187 4450 2424 4507 ratione"
2455 4461 2737 4507 contumax
2781 4452 3258 4507 concumbeutibus
3286 4447 3444 4507 incli-

1862 4544 2009 4599 naris
2022 4543 2066 4610 ⁸,
2093 4552 2152 4598 ιιι
2180 4559 2274 4613 per
2309 4554 2738 4615 argumentorum
2767 4543 3027 4598 hactenus
3060 4542 3290 4598 inaudita
3317 4558 3445 4614 pora

1867 4646 2042 4703 tenta,
2084 4634 2233 4691 dicas
2271 4632 2546 4691 libidinem
2584 4625 2901 4691 diabolicam
2939 4648 3084 4701 esse,
3125 4650 3350 4705 eamque
3389 4627 3444 4691 in

1862 4743 2025 4784 sensu
2058 4727 2363 4783 coeuntium
2403 4727 2650 4798 positam,
2673 4726 2738 4781 ad
2776 4720 3099 4797 voluptatem
3140 4738 3441 4797 parentum,

1863 4817 1930 4872 ad
1957 4825 2158 4873 reatum
2185 4816 2450 4888 pertinere
2472 4818 2831 4884 nascentium;
2857 4826 3001 4872 tuam
3020 4817 3234 4889 quidem
3259 4834 3444 4873 amen-

1866 4910 1992 4962 tiam
2019 4916 2074 4963 et
2099 4906 2480 4977 turpitudinem
2507 4907 2684 4977 prodis
2708 4924 2722 4962 :
2751 4907 2842 4962 sed
2883 4912 3076 4979 precor
3101 4924 3168 4964 ne
3198 4908 3292 4963 tibi
3328 4918 3444 4963 tauo

1865 5006 1976 5053 tum
2006 5012 2255 5070 arroges,
2292 5005 2350 5052 ut
2384 5006 2540 5069 putes
2568 4996 2721 5053 nobis
2758 4997 2984 5053 liberum
3023 5014 3126 5053 non
3164 5009 3286 5055 esse
3324 5014 3442 5055 cum

1929 5193 1945 5228 ί
1981 5186 2053 5259 sic
2072 5200 2179 5246 Mss.
2212 5188 2348 5259 mliti,
2377 5192 2584 5259 quando.

1927 5265 1949 5298 ι
1979 5258 2051 5307 Sic
2067 5264 2172 5307 Mss.
2199 5257 2315 5305 Etllti
2335 5252 2473 5315 vero,
2497 5255 2539 5305 si
2558 5254 2619 5305 de
2643 5252 2794 5304 nulla.

1929 5327 1950 5360 I
1981 5321 2063 5370 Hie
2083 5320 2233 5369 verba
2259 5317 2356 5376 illa,
2396 5314 2560 5382 aperte
2581 5329 2703 5381 nega
2723 5315 2975 5382 parvulum
3015 5314 3275 5374 Christum,
3298 5314 3444 5364 restis

1864 5389 2063 5438 tuuntnr
2087 5394 2151 5430 ex
2173 5387 2279 5429 Mss.
2306 5386 2417 5429 Mar.
2448 5381 2567 5428 Clar.
2588 5381 2732 5429 πνοι-ιζ
2917 5436 2923 5438 _
2992 5437 2998 5438 ί
3028 5392 3031 5393 ⁷

1925 5434 1950 5480 ῖ
1978 5446 2053 5493 sic
2071 5449 2179 5492 Mss.
2201 5441 2321 5490 Clar.
2349 5447 2402 5503 et
2422 5448 2531 5489 Mar.
2557 5448 2639 5490 tus.
2664 5444 2808 5500 Port.,
2832 5436 3034 5503 collegit.
3062 5434 3308 5500 [colligit]

1925 5510 1949 5578 ξ
1982 5501 2564 5578 Χεβρίθηίυεταεοξαημφ-

1928 5570 1951 5636 ξ
1982 5560 2119 5625 min,
2142 5560 2360 5636 damnas.
2385 5565 2548 5627 Aptius
2570 5569 2695 5622 Mss,
2728 5560 2922 5611 damna.

1925 5633 1947 5663 ⁷
1981 5636 2138 5687 Forte,
2163 5633 2357 5687 ratium.
2446 5682 2474 5687 ,Α
2574 5683 2585 5687 Δ
2654 5682 2683 5687 Α-
2779 5681 2792 5687 _
2840 5642 2845 5647 '
3240 5674 3252 5687 ,
3328 5674 3359 5687 _.

1925 5693 1948 5726 ⁸
1980 5674 2252 5747 siritich
2266 5674 2545 5736 cadentibus
2566 5681 2990 5747 inclbmris._‘tttss..
3037 5674 3446 5747 commulcle

1866 5742 2149 5813 inclinaéis;
2172 5748 2219 5800 id
2244 5755 2338 5810 est,
2360 5748 2442 5810 qui
2461 5748 2639 5807 utiptiis
2659 5752 2708 5794 et
2729 5742 2911 5793 libidini
2937 5746 3118 5790 vacem.
