  <div class='ocr_page' id='page_1' title='image "/cluster/home/n/w/nwhite01/storage/ocr_20150623/45/hvd.32044015471501/091.png"; bbox 0 0 4014 6490; ppageno 0'>
   <div class='ocr_carea' id='block_1_1' title="bbox 596 335 734 394">
    <p class='ocr_par' dir='ltr' id='par_1_1' title="bbox 596 335 734 394">
     <span class='ocr_line' id='line_1_1' title="bbox 596 335 734 394; baseline 0 0"><span class='ocrx_word' id='word_1_1' title='bbox 596 335 734 394; x_wconf 74' lang='lat' dir='ltr'><strong>H35</strong></span> 
     </span>
    </p>
   </div>
   <div class='ocr_carea' id='block_1_2' title="bbox 591 440 2168 508">
    <p class='ocr_par' dir='ltr' id='par_1_2' title="bbox 591 440 2168 508">
     <span class='ocr_line' id='line_1_2' title="bbox 591 440 2168 508; baseline -0.01 0"><span class='ocrx_word' id='word_1_2' title='bbox 591 454 794 508; x_wconf 80' lang='lat' dir='ltr'><strong>honore</strong></span> <span class='ocrx_word' id='word_1_3' title='bbox 835 447 925 504; x_wconf 81' lang='lat' dir='ltr'><strong>Dei</strong></span> <span class='ocrx_word' id='word_1_4' title='bbox 967 446 1298 502; x_wconf 87' lang='lat' dir='ltr'><strong>nasccntium</strong></span> <span class='ocrx_word' id='word_1_5' title='bbox 1339 442 1697 499; x_wconf 75' lang='lat' dir='ltr'><strong>innocentiam</strong></span> <span class='ocrx_word' id='word_1_6' title='bbox 1728 440 2006 508; x_wconf 85' lang='lat' dir='ltr'><strong>contueri;</strong></span> <span class='ocrx_word' id='word_1_7' title='bbox 2047 455 2168 494; x_wconf 82' lang='lat' dir='ltr'><strong>cum</strong></span> 
     </span>
    </p>
   </div>
   <div class='ocr_carea' id='block_1_3' title="bbox 591 537 2174 606">
    <p class='ocr_par' dir='ltr' id='par_1_3' title="bbox 591 537 2174 606">
     <span class='ocr_line' id='line_1_3' title="bbox 591 537 2174 606; baseline -0.008 -6"><span class='ocrx_word' id='word_1_8' title='bbox 591 545 684 601; x_wconf 86' lang='lat' dir='ltr'><strong>tibi</strong></span> <span class='ocrx_word' id='word_1_9' title='bbox 726 544 884 600; x_wconf 83' lang='lat' dir='ltr'><strong>liceat</strong></span> <span class='ocrx_word' id='word_1_10' title='bbox 924 549 980 597; x_wconf 91' lang='lat' dir='ltr'><strong>et</strong></span> <span class='ocrx_word' id='word_1_11' title='bbox 1019 540 1182 594; x_wconf 92' lang='lat' dir='ltr'><strong>libeat</strong></span> <span class='ocrx_word' id='word_1_12' title='bbox 1215 580 1230 606; x_wconf 97' lang='lat'><strong>,</strong></span> <span class='ocrx_word' id='word_1_13' title='bbox 1262 554 1382 594; x_wconf 93' lang='lat' dir='ltr'><strong>cum</strong></span> <span class='ocrx_word' id='word_1_14' title='bbox 1424 537 1761 593; x_wconf 73' lang='lat' dir='ltr'><strong>accusatione</strong></span> <span class='ocrx_word' id='word_1_15' title='bbox 1802 537 1916 602; x_wconf 89' lang='lat' dir='ltr'><strong>Dei,</strong></span> <span class='ocrx_word' id='word_1_16' title='bbox 1955 549 1987 588; x_wconf 86' lang='lat' dir='ltr'><strong>a</strong></span> <span class='ocrx_word' id='word_1_17' title='bbox 2027 543 2174 588; x_wconf 82' lang='lat' dir='ltr'><strong>reatu</strong></span> 
     </span>
    </p>
   </div>
   <div class='ocr_carea' id='block_1_4' title="bbox 588 630 2172 710">
    <p class='ocr_par' dir='ltr' id='par_1_4' title="bbox 588 630 2172 710">
     <span class='ocr_line' id='line_1_4' title="bbox 588 630 2172 710; baseline -0.007 -18"><span class='ocrx_word' id='word_1_18' title='bbox 588 653 748 710; x_wconf 85' lang='lat' dir='ltr'><strong>quem</strong></span> <span class='ocrx_word' id='word_1_19' title='bbox 788 635 922 691; x_wconf 90' lang='lat' dir='ltr'><strong>dicis</strong></span> <span class='ocrx_word' id='word_1_20' title='bbox 950 633 1204 700; x_wconf 80' lang='lat' dir='ltr'><strong>libidinis,</strong></span> <span class='ocrx_word' id='word_1_21' title='bbox 1238 630 1628 686; x_wconf 75' lang='lat' dir='ltr'><strong>libidinantium</strong></span> <span class='ocrx_word' id='word_1_22' title='bbox 1657 630 1893 685; x_wconf 85' lang='lat' dir='ltr'><strong>membra</strong></span> <span class='ocrx_word' id='word_1_23' title='bbox 1924 642 2172 698; x_wconf 90' lang='lat' dir='ltr'><strong>purgare.</strong></span> 
     </span>
    </p>
   </div>
   <div class='ocr_carea' id='block_1_5' title="bbox 659 721 2176 796">
    <p class='ocr_par' dir='ltr' id='par_1_5' title="bbox 659 721 2176 796">
     <span class='ocr_line' id='line_1_5' title="bbox 659 721 2176 796; baseline -0.007 -11"><span class='ocrx_word' id='word_1_24' title='bbox 659 732 792 788; x_wconf 82' lang='lat' dir='ltr'><strong>Anc.</strong></span> <span class='ocrx_word' id='word_1_25' title='bbox 833 727 1086 795; x_wconf 78' lang='lat' dir='ltr'><strong>Quolibet</strong></span> <span class='ocrx_word' id='word_1_26' title='bbox 1123 724 1327 796; x_wconf 89' lang='lat' dir='ltr'><strong>pruritu</strong></span> <span class='ocrx_word' id='word_1_27' title='bbox 1374 722 1666 787; x_wconf 84' lang='lat' dir='ltr'><strong>libidinem,</strong></span> <span class='ocrx_word' id='word_1_28' title='bbox 1701 721 1753 776; x_wconf 91' lang='lat' dir='ltr'><strong>id</strong></span> <span class='ocrx_word' id='word_1_29' title='bbox 1794 731 1894 786; x_wconf 92' lang='lat' dir='ltr'><strong>est,</strong></span> <span class='ocrx_word' id='word_1_30' title='bbox 1919 721 2176 792; x_wconf 87' lang='lat' dir='ltr'><strong>concupi-</strong></span> 
     </span>
    </p>
   </div>
   <div class='ocr_carea' id='block_1_6' title="bbox 586 810 2176 882">
    <p class='ocr_par' dir='ltr' id='par_1_6' title="bbox 586 810 2176 882">
     <span class='ocr_line' id='line_1_6' title="bbox 586 810 2176 882; baseline -0.008 -4"><span class='ocrx_word' id='word_1_31' title='bbox 586 821 844 878; x_wconf 88' lang='lat' dir='ltr'><strong>scentiam</strong></span> <span class='ocrx_word' id='word_1_32' title='bbox 871 817 1047 874; x_wconf 89' lang='lat' dir='ltr'><strong>carnis</strong></span> <span class='ocrx_word' id='word_1_33' title='bbox 1079 815 1285 881; x_wconf 88' lang='lat' dir='ltr'><strong>laudes,</strong></span> <span class='ocrx_word' id='word_1_34' title='bbox 1317 810 1446 870; x_wconf 83' lang='lat' dir='ltr'><strong>dicit</strong></span> <span class='ocrx_word' id='word_1_35' title='bbox 1483 830 1599 868; x_wconf 89' lang='lat' dir='ltr'><strong>eam</strong></span> <span class='ocrx_word' id='word_1_36' title='bbox 1639 813 1873 868; x_wconf 78' lang='lat' dir='ltr'><strong>Joannes</strong></span> <span class='ocrx_word' id='word_1_37' title='bbox 1901 811 2176 882; x_wconf 75' lang='lat' dir='ltr'><strong>apostolus</strong></span> 
     </span>
    </p>
   </div>
   <div class='ocr_carea' id='block_1_7' title="bbox 587 901 2170 975">
    <p class='ocr_par' dir='ltr' id='par_1_7' title="bbox 587 901 2170 975">
     <span class='ocr_line' id='line_1_7' title="bbox 587 901 2170 975; baseline -0.008 -8"><span class='ocrx_word' id='word_1_38' title='bbox 587 928 615 967; x_wconf 90' lang='lat' dir='ltr'><strong>a</strong></span> <span class='ocrx_word' id='word_1_39' title='bbox 643 913 802 969; x_wconf 88' lang='lat' dir='ltr'><strong>Patre</strong></span> <span class='ocrx_word' id='word_1_40' title='bbox 827 926 933 966; x_wconf 90' lang='lat' dir='ltr'><strong>non</strong></span> <span class='ocrx_word' id='word_1_41' title='bbox 956 923 1094 975; x_wconf 92' lang='lat' dir='ltr'><strong>esse,</strong></span> <span class='ocrx_word' id='word_1_42' title='bbox 1120 906 1214 962; x_wconf 91' lang='lat' dir='ltr'><strong>sed</strong></span> <span class='ocrx_word' id='word_1_43' title='bbox 1236 923 1299 962; x_wconf 81' lang='lat' dir='ltr'><strong>es</strong></span> <span class='ocrx_word' id='word_1_44' title='bbox 1324 906 1522 960; x_wconf 89' lang='lat' dir='ltr'><strong>mundo</strong></span> <span class='ocrx_word' id='word_1_45' title='bbox 1547 919 1666 960; x_wconf 89' lang='lat' dir='ltr'><strong>esse</strong></span> <span class='ocrx_word' id='word_1_46' title='bbox 1691 903 1744 974; x_wconf 93' lang='lat' dir='ltr'><strong>(I</strong></span> <span class='ocrx_word' id='word_1_47' title='bbox 1767 901 1925 957; x_wconf 81' lang='lat' dir='ltr'><strong>Joan.</strong></span> <span class='ocrx_word' id='word_1_48' title='bbox 1952 916 2012 969; x_wconf 81' lang='grc' dir='ltr'><strong>ιι,</strong></span> <span class='ocrx_word' id='word_1_49' title='bbox 2044 901 2170 971; x_wconf 85' lang='lat' dir='ltr'><strong>l6):</strong></span> 
     </span>
    </p>
   </div>
   <div class='ocr_carea' id='block_1_8' title="bbox 587 993 2174 1075">
    <p class='ocr_par' dir='ltr' id='par_1_8' title="bbox 587 993 2174 1075">
     <span class='ocr_line' id='line_1_8' title="bbox 587 993 2174 1075; baseline -0.006 -19"><span class='ocrx_word' id='word_1_50' title='bbox 587 1013 804 1075; x_wconf 76' lang='lat' dir='ltr'><strong>propter</strong></span> <span class='ocrx_word' id='word_1_51' title='bbox 833 1017 990 1072; x_wconf 89' lang='lat' dir='ltr'><strong>quam</strong></span> <span class='ocrx_word' id='word_1_52' title='bbox 1022 1007 1168 1054; x_wconf 88' lang='lat' dir='ltr'><strong>recte</strong></span> <span class='ocrx_word' id='word_1_53' title='bbox 1195 998 1390 1054; x_wconf 86' lang='lat' dir='ltr'><strong>dicitur</strong></span> <span class='ocrx_word' id='word_1_54' title='bbox 1422 995 1667 1052; x_wconf 81' lang='lat' dir='ltr'><strong>diabolus</strong></span> <span class='ocrx_word' id='word_1_55' title='bbox 1699 994 1948 1065; x_wconf 86' lang='lat' dir='ltr'><strong>princeps</strong></span> <span class='ocrx_word' id='word_1_56' title='bbox 1991 993 2174 1047; x_wconf 89' lang='lat' dir='ltr'><strong>mundi</strong></span> 
     </span>
    </p>
   </div>
   <div class='ocr_carea' id='block_1_9' title="bbox 587 1083 2174 1167">
    <p class='ocr_par' dir='ltr' id='par_1_9' title="bbox 587 1083 2174 1167">
     <span class='ocr_line' id='line_1_9' title="bbox 587 1083 2174 1167; baseline -0.009 -16"><span class='ocrx_word' id='word_1_57' title='bbox 587 1111 709 1151; x_wconf 89' lang='lat' dir='ltr'><strong>esse</strong></span> <span class='ocrx_word' id='word_1_58' title='bbox 738 1091 917 1167; x_wconf 83' lang='lat' dir='ltr'><strong>(Joan.</strong></span> <span class='ocrx_word' id='word_1_59' title='bbox 942 1108 1034 1159; x_wconf 78' lang='lat' dir='ltr'><strong>sn,</strong></span> <span class='ocrx_word' id='word_1_60' title='bbox 1054 1089 1167 1162; x_wconf 79' lang='lat' dir='ltr'><strong>5i).</strong></span> <span class='ocrx_word' id='word_1_61' title='bbox 1192 1089 1324 1144; x_wconf 77' lang='lat' dir='ltr'><strong>Nam</strong></span> <span class='ocrx_word' id='word_1_62' title='bbox 1354 1090 1553 1143; x_wconf 89' lang='lat' dir='ltr'><strong>scimus</strong></span> <span class='ocrx_word' id='word_1_63' title='bbox 1582 1085 1723 1156; x_wconf 90' lang='lat' dir='ltr'><strong>quod</strong></span> <span class='ocrx_word' id='word_1_64' title='bbox 1752 1083 2005 1139; x_wconf 91' lang='lat' dir='ltr'><strong>mundum</strong></span> <span class='ocrx_word' id='word_1_65' title='bbox 2034 1083 2174 1138; x_wconf 90' lang='lat' dir='ltr'><strong>Deus</strong></span> 
     </span>
    </p>
   </div>
   <div class='ocr_carea' id='block_1_10' title="bbox 585 1174 2174 1253">
    <p class='ocr_par' dir='ltr' id='par_1_10' title="bbox 585 1174 2174 1253">
     <span class='ocr_line' id='line_1_10' title="bbox 585 1174 2174 1253; baseline -0.007 -12"><span class='ocrx_word' id='word_1_66' title='bbox 585 1185 790 1243; x_wconf 89' lang='lat' dir='ltr'><strong>fecerit.</strong></span> <span class='ocrx_word' id='word_1_67' title='bbox 843 1185 955 1240; x_wconf 92' lang='lat' dir='ltr'><strong>IIoc</strong></span> <span class='ocrx_word' id='word_1_68' title='bbox 995 1198 1124 1253; x_wconf 89' lang='lat' dir='ltr'><strong>ergo</strong></span> <span class='ocrx_word' id='word_1_69' title='bbox 1165 1181 1306 1235; x_wconf 91' lang='lat' dir='ltr'><strong>malo</strong></span> <span class='ocrx_word' id='word_1_70' title='bbox 1345 1177 1790 1247; x_wconf 70' lang='lat' dir='ltr'><strong>concdpiscentia:</strong></span> <span class='ocrx_word' id='word_1_71' title='bbox 1829 1176 2005 1230; x_wconf 87' lang='lat' dir='ltr'><strong>carnis</strong></span> <span class='ocrx_word' id='word_1_72' title='bbox 2036 1174 2174 1230; x_wconf 87' lang='lat' dir='ltr'><strong>bene</strong></span> 
     </span>
    </p>
   </div>
   <div class='ocr_carea' id='block_1_11' title="bbox 583 1267 2172 1347">
    <p class='ocr_par' dir='ltr' id='par_1_11' title="bbox 583 1267 2172 1347">
     <span class='ocr_line' id='line_1_11' title="bbox 583 1267 2172 1347; baseline -0.01 -12"><span class='ocrx_word' id='word_1_73' title='bbox 583 1281 753 1335; x_wconf 85' lang='lat' dir='ltr'><strong>utitur</strong></span> <span class='ocrx_word' id='word_1_74' title='bbox 801 1276 1052 1347; x_wconf 83' lang='lat' dir='ltr'><strong>pudicitia</strong></span> <span class='ocrx_word' id='word_1_75' title='bbox 1097 1272 1423 1343; x_wconf 86' lang='lat' dir='ltr'><strong>conjugalis;</strong></span> <span class='ocrx_word' id='word_1_76' title='bbox 1454 1271 1678 1341; x_wconf 87' lang='lat' dir='ltr'><strong>ejusque</strong></span> <span class='ocrx_word' id='word_1_77' title='bbox 1722 1267 1846 1323; x_wconf 80' lang='lat' dir='ltr'><strong>mali</strong></span> <span class='ocrx_word' id='word_1_78' title='bbox 1889 1279 2096 1322; x_wconf 90' lang='lat' dir='ltr'><strong>reatum</strong></span> <span class='ocrx_word' id='word_1_79' title='bbox 2142 1279 2172 1320; x_wconf 68' lang='grc' dir='ltr'><strong>θ</strong></span> 
     </span>
    </p>
   </div>
   <div class='ocr_carea' id='block_1_12' title="bbox 583 1358 2168 1436">
    <p class='ocr_par' dir='ltr' id='par_1_12' title="bbox 583 1358 2168 1436">
     <span class='ocr_line' id='line_1_12' title="bbox 583 1358 2168 1436; baseline -0.009 -9"><span class='ocrx_word' id='word_1_80' title='bbox 583 1370 926 1428; x_wconf 84' lang='lat' dir='ltr'><strong>nascentibus</strong></span> <span class='ocrx_word' id='word_1_81' title='bbox 944 1375 1168 1422; x_wconf 90' lang='lat' dir='ltr'><strong>tractum</strong></span> <span class='ocrx_word' id='word_1_82' title='bbox 1191 1359 1348 1420; x_wconf 84' lang='lat' dir='ltr'><strong>solvit</strong></span> <span class='ocrx_word' id='word_1_83' title='bbox 1374 1361 1706 1434; x_wconf 86' lang='lat' dir='ltr'><strong>regeneratio</strong></span> <span class='ocrx_word' id='word_1_84' title='bbox 1724 1359 2033 1430; x_wconf 88' lang='lat' dir='ltr'><strong>spiritualis.</strong></span> <span class='ocrx_word' id='word_1_85' title='bbox 2055 1358 2168 1436; x_wconf 77' lang='lat' dir='ltr'><strong>Hoc</strong></span> 
     </span>
    </p>
   </div>
   <div class='ocr_carea' id='block_1_13' title="bbox 583 1450 2172 1534">
    <p class='ocr_par' dir='ltr' id='par_1_13' title="bbox 583 1450 2172 1534">
     <span class='ocr_line' id='line_1_13' title="bbox 583 1450 2172 1534; baseline -0.009 -17"><span class='ocrx_word' id='word_1_86' title='bbox 583 1460 835 1534; x_wconf 76' lang='lat' dir='ltr'><strong>quamdiu</strong></span> <span class='ocrx_word' id='word_1_87' title='bbox 878 1475 984 1514; x_wconf 90' lang='lat' dir='ltr'><strong>non</strong></span> <span class='ocrx_word' id='word_1_88' title='bbox 1025 1458 1190 1527; x_wconf 82' lang='lat' dir='ltr'><strong>sapis,</strong></span> <span class='ocrx_word' id='word_1_89' title='bbox 1221 1471 1326 1510; x_wconf 90' lang='lat' dir='ltr'><strong>non</strong></span> <span class='ocrx_word' id='word_1_90' title='bbox 1363 1453 1679 1517; x_wconf 88' lang='lat' dir='ltr'><strong>catholicus,</strong></span> <span class='ocrx_word' id='word_1_91' title='bbox 1711 1450 1808 1506; x_wconf 90' lang='lat' dir='ltr'><strong>sed</strong></span> <span class='ocrx_word' id='word_1_92' title='bbox 1854 1450 2172 1520; x_wconf 85' lang='lat' dir='ltr'><strong>Pelagianos</strong></span> 
     </span>
    </p>
   </div>
   <div class='ocr_carea' id='block_1_14' title="bbox 583 1540 2173 1616">
    <p class='ocr_par' dir='ltr' id='par_1_14' title="bbox 583 1540 2173 1616">
     <span class='ocr_line' id='line_1_14' title="bbox 583 1540 2173 1616; baseline -0.01 -7"><span class='ocrx_word' id='word_1_93' title='bbox 583 1553 795 1609; x_wconf 85' lang='lat' dir='ltr'><strong>futurus</strong></span> <span class='ocrx_word' id='word_1_94' title='bbox 834 1565 925 1614; x_wconf 90' lang='lat' dir='ltr'><strong>es;</strong></span> <span class='ocrx_word' id='word_1_95' title='bbox 967 1557 1020 1604; x_wconf 93' lang='lat' dir='ltr'><strong>ct</strong></span> <span class='ocrx_word' id='word_1_96' title='bbox 1056 1546 1346 1616; x_wconf 85' lang='lat' dir='ltr'><strong>Seripturis</strong></span> <span class='ocrx_word' id='word_1_97' title='bbox 1384 1543 1613 1606; x_wconf 82' lang='lat' dir='ltr'><strong>sanctis,</strong></span> <span class='ocrx_word' id='word_1_98' title='bbox 1654 1540 2042 1612; x_wconf 80' lang='lat' dir='ltr'><strong>quantumlibet</strong></span> <span class='ocrx_word' id='word_1_99' title='bbox 2081 1546 2173 1593; x_wconf 85' lang='lat' dir='ltr'><strong>eas</strong></span> 
     </span>
    </p>
   </div>
   <div class='ocr_carea' id='block_1_15' title="bbox 583 1633 2170 1704">
    <p class='ocr_par' dir='ltr' id='par_1_15' title="bbox 583 1633 2170 1704">
     <span class='ocr_line' id='line_1_15' title="bbox 583 1633 2170 1704; baseline -0.011 -2"><span class='ocrx_word' id='word_1_100' title='bbox 583 1644 878 1702; x_wconf 75' lang='lat' dir='ltr'><strong>defendere</strong></span> <span class='ocrx_word' id='word_1_101' title='bbox 909 1643 1000 1697; x_wconf 90' lang='lat' dir='ltr'><strong>tibi</strong></span> <span class='ocrx_word' id='word_1_102' title='bbox 1027 1640 1279 1704; x_wconf 86' lang='lat' dir='ltr'><strong>videaris,</strong></span> <span class='ocrx_word' id='word_1_103' title='bbox 1302 1636 1730 1692; x_wconf 88' lang='lat' dir='ltr'><strong>contradicturus</strong></span> <span class='ocrx_word' id='word_1_104' title='bbox 1768 1651 1847 1690; x_wconf 86' lang='lat' dir='ltr'><strong>es.</strong></span> <span class='ocrx_word' id='word_1_105' title='bbox 1885 1633 1966 1688; x_wconf 77' lang='lat' dir='ltr'><strong>Me</strong></span> <span class='ocrx_word' id='word_1_106' title='bbox 1994 1638 2170 1686; x_wconf 91' lang='lat' dir='ltr'><strong>autem</strong></span> 
     </span>
    </p>
   </div>
   <div class='ocr_carea' id='block_1_16' title="bbox 583 1723 2172 1810">
    <p class='ocr_par' dir='ltr' id='par_1_16' title="bbox 583 1723 2172 1810">
     <span class='ocr_line' id='line_1_16' title="bbox 583 1723 2172 1810; baseline -0.009 -19"><span class='ocrx_word' id='word_1_107' title='bbox 583 1738 794 1810; x_wconf 88' lang='lat' dir='ltr'><strong>quoties</strong></span> <span class='ocrx_word' id='word_1_108' title='bbox 836 1743 1055 1806; x_wconf 89' lang='lat' dir='ltr'><strong>pr0pter</strong></span> <span class='ocrx_word' id='word_1_109' title='bbox 1085 1732 1185 1787; x_wconf 87' lang='lat' dir='ltr'><strong>hoc</strong></span> <span class='ocrx_word' id='word_1_110' title='bbox 1224 1732 1308 1786; x_wconf 79' lang='lat' dir='ltr'><strong>eui</strong></span> <span class='ocrx_word' id='word_1_111' title='bbox 1335 1729 1681 1796; x_wconf 88' lang='lat' dir='ltr'><strong>contradicis,</strong></span> <span class='ocrx_word' id='word_1_112' title='bbox 1712 1727 2060 1782; x_wconf 70' lang='lat' dir='ltr'><strong>Manicbazum</strong></span> <span class='ocrx_word' id='word_1_113' title='bbox 2091 1723 2172 1778; x_wconf 88' lang='lat' dir='ltr'><strong>di-</strong></span> 
     </span>
    </p>
   </div>
   <div class='ocr_carea' id='block_1_17' title="bbox 584 1817 2171 1899">
    <p class='ocr_par' dir='ltr' id='par_1_17' title="bbox 584 1817 2171 1899">
     <span class='ocr_line' id='line_1_17' title="bbox 584 1817 2171 1899; baseline -0.008 -14"><span class='ocrx_word' id='word_1_114' title='bbox 584 1829 700 1893; x_wconf 88' lang='lat' dir='ltr'><strong>cis;</strong></span> <span class='ocrx_word' id='word_1_115' title='bbox 747 1826 986 1899; x_wconf 88' lang='lat' dir='ltr'><strong>profecto</strong></span> <span class='ocrx_word' id='word_1_116' title='bbox 1016 1834 1072 1881; x_wconf 91' lang='lat' dir='ltr'><strong>et</strong></span> <span class='ocrx_word' id='word_1_117' title='bbox 1099 1824 1248 1880; x_wconf 92' lang='lat' dir='ltr'><strong>illum</strong></span> <span class='ocrx_word' id='word_1_118' title='bbox 1292 1822 1448 1889; x_wconf 89' lang='lat' dir='ltr'><strong>dicis,</strong></span> <span class='ocrx_word' id='word_1_119' title='bbox 1481 1822 1571 1892; x_wconf 93' lang='lat' dir='ltr'><strong>qui</strong></span> <span class='ocrx_word' id='word_1_120' title='bbox 1612 1821 1880 1874; x_wconf 82' lang='lat' dir='ltr'><strong>hominem</strong></span> <span class='ocrx_word' id='word_1_121' title='bbox 1917 1817 2171 1873; x_wconf 85' lang='lat' dir='ltr'><strong>membris</strong></span> 
     </span>
    </p>
   </div>
   <div class='ocr_carea' id='block_1_18' title="bbox 585 1911 2173 1993">
    <p class='ocr_par' dir='ltr' id='par_1_18' title="bbox 585 1911 2173 1993">
     <span class='ocr_line' id='line_1_18' title="bbox 585 1911 2173 1993; baseline -0.008 -16"><span class='ocrx_word' id='word_1_122' title='bbox 585 1919 905 1993; x_wconf 80' lang='lat' dir='ltr'><strong>genitalibus</strong></span> <span class='ocrx_word' id='word_1_123' title='bbox 932 1917 1187 1981; x_wconf 83' lang='lat' dir='ltr'><strong>infusum,</strong></span> <span class='ocrx_word' id='word_1_124' title='bbox 1207 1926 1258 1971; x_wconf 92' lang='lat' dir='ltr'><strong>et</strong></span> <span class='ocrx_word' id='word_1_125' title='bbox 1279 1913 1726 1984; x_wconf 63' lang='lat' dir='ltr'><strong>cencupiscentite</strong></span> <span class='ocrx_word' id='word_1_126' title='bbox 1753 1911 2026 1981; x_wconf 89' lang='lat' dir='ltr'><strong>voluptate</strong></span> <span class='ocrx_word' id='word_1_127' title='bbox 2051 1925 2173 1964; x_wconf 91' lang='lat' dir='ltr'><strong>con-</strong></span> 
     </span>
    </p>
   </div>
   <div class='ocr_carea' id='block_1_19' title="bbox 584 2001 2170 2078">
    <p class='ocr_par' dir='ltr' id='par_1_19' title="bbox 584 2001 2170 2078">
     <span class='ocr_line' id='line_1_19' title="bbox 584 2001 2170 2078; baseline -0.01 -9"><span class='ocrx_word' id='word_1_128' title='bbox 584 2020 822 2078; x_wconf 91' lang='lat' dir='ltr'><strong>cretum,</strong></span> <span class='ocrx_word' id='word_1_129' title='bbox 862 2016 987 2065; x_wconf 89' lang='lat' dir='ltr'><strong>ante</strong></span> <span class='ocrx_word' id='word_1_130' title='bbox 1024 2007 1152 2063; x_wconf 90' lang='lat' dir='ltr'><strong>dicit</strong></span> <span class='ocrx_word' id='word_1_131' title='bbox 1190 2005 1438 2075; x_wconf 82' lang='lat' dir='ltr'><strong>excipere</strong></span> <span class='ocrx_word' id='word_1_132' title='bbox 1476 2003 1795 2059; x_wconf 90' lang='lat' dir='ltr'><strong>delictorum</strong></span> <span class='ocrx_word' id='word_1_133' title='bbox 1833 2001 2170 2072; x_wconf 80' lang='lat' dir='ltr'><strong>contagium,</strong></span> 
     </span>
    </p>
   </div>
   <div class='ocr_carea' id='block_1_20' title="bbox 583 2093 2174 2176">
    <p class='ocr_par' dir='ltr' id='par_1_20' title="bbox 583 2093 2174 2176">
     <span class='ocr_line' id='line_1_20' title="bbox 583 2093 2174 2176; baseline -0.009 -17"><span class='ocrx_word' id='word_1_134' title='bbox 583 2119 744 2176; x_wconf 91' lang='lat' dir='ltr'><strong>quam</strong></span> <span class='ocrx_word' id='word_1_135' title='bbox 771 2100 948 2156; x_wconf 87' lang='lat' dir='ltr'><strong>vitalis</strong></span> <span class='ocrx_word' id='word_1_136' title='bbox 985 2099 1207 2170; x_wconf 88' lang='lat' dir='ltr'><strong>spiritus</strong></span> <span class='ocrx_word' id='word_1_137' title='bbox 1247 2110 1440 2151; x_wconf 91' lang='lat' dir='ltr'><strong>munus</strong></span> <span class='ocrx_word' id='word_1_138' title='bbox 1479 2094 1716 2150; x_wconf 88' lang='lat' dir='ltr'><strong>haurire.</strong></span> <span class='ocrx_word' id='word_1_139' title='bbox 1747 2093 2065 2148; x_wconf 87' lang='lat' dir='ltr'><strong>Ambrosius</strong></span> <span class='ocrx_word' id='word_1_140' title='bbox 2091 2099 2174 2145; x_wconf 90' lang='lat' dir='ltr'><strong>est</strong></span> 
     </span>
    </p>
   </div>
   <div class='ocr_carea' id='block_1_21' title="bbox 583 2181 2170 2266">
    <p class='ocr_par' dir='ltr' id='par_1_21' title="bbox 583 2181 2170 2266">
     <span class='ocr_line' id='line_1_21' title="bbox 583 2181 2170 2266; baseline -0.009 -14"><span class='ocrx_word' id='word_1_141' title='bbox 583 2198 687 2253; x_wconf 85' lang='lat' dir='ltr'><strong>iste</strong></span> <span class='ocrx_word' id='word_1_142' title='bbox 736 2195 753 2266; x_wconf 94' lang='lat'>(</span> <span class='ocrx_word' id='word_1_143' title='bbox 776 2194 928 2249; x_wconf 87' lang='lat' dir='ltr'><strong>Libro</strong></span> <span class='ocrx_word' id='word_1_144' title='bbox 957 2194 1020 2248; x_wconf 84' lang='lat' dir='ltr'><strong>de</strong></span> <span class='ocrx_word' id='word_1_145' title='bbox 1041 2189 1371 2248; x_wconf 80' lang='lat' dir='ltr'><strong>Sacramenta</strong></span> <span class='ocrx_word' id='word_1_146' title='bbox 1401 2187 1814 2260; x_wconf 79' lang='lat' dir='ltr'><strong>regenerationis,</strong></span> <span class='ocrx_word' id='word_1_147' title='bbox 1840 2199 1928 2241; x_wconf 86' lang='lat' dir='ltr'><strong>seu</strong></span> <span class='ocrx_word' id='word_1_148' title='bbox 1953 2184 2016 2238; x_wconf 86' lang='lat' dir='ltr'><strong>de</strong></span> <span class='ocrx_word' id='word_1_149' title='bbox 2039 2181 2170 2237; x_wconf 83' lang='lat' dir='ltr'><strong>Phi-</strong></span> 
     </span>
    </p>
   </div>
   <div class='ocr_carea' id='block_1_22' title="bbox 583 2274 2166 2362">
    <p class='ocr_par' dir='ltr' id='par_1_22' title="bbox 583 2274 2166 2362">
     <span class='ocr_line' id='line_1_22' title="bbox 583 2274 2166 2362; baseline -0.01 -16"><span class='ocrx_word' id='word_1_150' title='bbox 583 2287 877 2362; x_wconf 81' lang='lat' dir='ltr'><strong>losophia),</strong></span> <span class='ocrx_word' id='word_1_151' title='bbox 918 2287 1128 2343; x_wconf 81' lang='lat' dir='ltr'><strong>Juliane</strong></span> <span class='ocrx_word' id='word_1_152' title='bbox 1181 2291 1195 2342; x_wconf 70' lang='grc' dir='ltr'><strong><em>ὲ</em></strong></span> <span class='ocrx_word' id='word_1_153' title='bbox 1238 2283 1584 2340; x_wconf 80' lang='lat' dir='ltr'><strong>Ambrosium</strong></span> <span class='ocrx_word' id='word_1_154' title='bbox 1625 2279 1974 2334; x_wconf 78' lang='lat' dir='ltr'><strong>Maniclnuum</strong></span> <span class='ocrx_word' id='word_1_155' title='bbox 2013 2274 2166 2342; x_wconf 85' lang='lat' dir='ltr'><strong>dicis,</strong></span> 
     </span>
    </p>
   </div>
   <div class='ocr_carea' id='block_1_23' title="bbox 581 2383 795 2439">
    <p class='ocr_par' dir='ltr' id='par_1_23' title="bbox 581 2383 795 2439">
     <span class='ocr_line' id='line_1_23' title="bbox 581 2383 795 2439; baseline -0.009 -1"><span class='ocrx_word' id='word_1_156' title='bbox 581 2383 795 2439; x_wconf 89' lang='lat' dir='ltr'><strong>insane.</strong></span> 
     </span>
    </p>
   </div>
   <div class='ocr_carea' id='block_1_24' title="bbox 656 2448 2218 2538">
    <p class='ocr_par' dir='ltr' id='par_1_24' title="bbox 656 2448 2218 2538">
     <span class='ocr_line' id='line_1_24' title="bbox 656 2448 2218 2538; baseline -0.013 -7"><span class='ocrx_word' id='word_1_157' title='bbox 656 2474 874 2531; x_wconf 82' lang='lat' dir='ltr'><strong>XXXII.</strong></span> <span class='ocrx_word' id='word_1_158' title='bbox 914 2471 1032 2529; x_wconf 67' lang='lat' dir='ltr'><strong>Jun.</strong></span> <span class='ocrx_word' id='word_1_159' title='bbox 1074 2469 1206 2526; x_wconf 81' lang='lat' dir='ltr'><strong>Nam</strong></span> <span class='ocrx_word' id='word_1_160' title='bbox 1250 2479 1371 2525; x_wconf 85' lang='lat' dir='ltr'><strong>eum</strong></span> <span class='ocrx_word' id='word_1_161' title='bbox 1418 2448 1751 2538; x_wconf 78' lang='lat' dir='ltr'><strong>propontias,</strong></span> <span class='ocrx_word' id='word_1_162' title='bbox 1781 2462 2170 2532; x_wconf 78' lang='lat' dir='ltr'><strong>concupiscen-</strong></span> <span class='ocrx_word' id='word_1_163' title='bbox 2208 2503 2218 2510; x_wconf 83' lang='lat'><strong>.</strong></span> 
     </span>
    </p>
   </div>
   <div class='ocr_carea' id='block_1_25' title="bbox 581 2553 2172 2634">
    <p class='ocr_par' dir='ltr' id='par_1_25' title="bbox 581 2553 2172 2634">
     <span class='ocr_line' id='line_1_25' title="bbox 581 2553 2172 2634; baseline -0.009 -10"><span class='ocrx_word' id='word_1_164' title='bbox 581 2569 713 2624; x_wconf 91' lang='lat' dir='ltr'><strong>tiam</strong></span> <span class='ocrx_word' id='word_1_165' title='bbox 751 2565 928 2621; x_wconf 89' lang='lat' dir='ltr'><strong>earnis</strong></span> <span class='ocrx_word' id='word_1_166' title='bbox 955 2581 984 2618; x_wconf 91' lang='lat' dir='ltr'><strong>a</strong></span> <span class='ocrx_word' id='word_1_167' title='bbox 1026 2563 1262 2634; x_wconf 90' lang='lat' dir='ltr'><strong>principe</strong></span> <span class='ocrx_word' id='word_1_168' title='bbox 1300 2559 1640 2614; x_wconf 84' lang='lat' dir='ltr'><strong>tenebrarum</strong></span> <span class='ocrx_word' id='word_1_169' title='bbox 1671 2557 1722 2611; x_wconf 91' lang='lat' dir='ltr'><strong>in</strong></span> <span class='ocrx_word' id='word_1_170' title='bbox 1764 2555 1978 2610; x_wconf 88' lang='lat' dir='ltr'><strong>homine</strong></span> <span class='ocrx_word' id='word_1_171' title='bbox 2007 2553 2172 2609; x_wconf 89' lang='lat' dir='ltr'><strong>fuisse</strong></span> 
     </span>
    </p>
   </div>
   <div class='ocr_carea' id='block_1_26' title="bbox 581 2647 2174 2731">
    <p class='ocr_par' dir='ltr' id='par_1_26' title="bbox 581 2647 2174 2731">
     <span class='ocr_line' id='line_1_26' title="bbox 581 2647 2174 2731; baseline -0.008 -17"><span class='ocrx_word' id='word_1_172' title='bbox 581 2661 893 2731; x_wconf 90' lang='lat' dir='ltr'><strong>plantatam,</strong></span> <span class='ocrx_word' id='word_1_173' title='bbox 925 2671 1151 2725; x_wconf 82' lang='lat' dir='ltr'><strong>eantque</strong></span> <span class='ocrx_word' id='word_1_174' title='bbox 1191 2668 1310 2708; x_wconf 87' lang='lat' dir='ltr'><strong>esse</strong></span> <span class='ocrx_word' id='word_1_175' title='bbox 1349 2651 1545 2706; x_wconf 88' lang='lat' dir='ltr'><strong>diaboli</strong></span> <span class='ocrx_word' id='word_1_176' title='bbox 1583 2650 1849 2714; x_wconf 87' lang='lat' dir='ltr'><strong>fruticem,</strong></span> <span class='ocrx_word' id='word_1_177' title='bbox 1875 2664 1941 2704; x_wconf 82' lang='lat' dir='ltr'><strong>ex</strong></span> <span class='ocrx_word' id='word_1_178' title='bbox 1985 2663 2043 2703; x_wconf 92' lang='lat' dir='ltr'><strong>se</strong></span> <span class='ocrx_word' id='word_1_179' title='bbox 2073 2647 2174 2702; x_wconf 87' lang='lat' dir='ltr'><strong>hu-</strong></span> 
     </span>
    </p>
   </div>
   <div class='ocr_carea' id='block_1_27' title="bbox 581 2740 2166 2820">
    <p class='ocr_par' dir='ltr' id='par_1_27' title="bbox 581 2740 2166 2820">
     <span class='ocr_line' id='line_1_27' title="bbox 581 2740 2166 2820; baseline -0.009 -14"><span class='ocrx_word' id='word_1_180' title='bbox 581 2765 798 2806; x_wconf 91' lang='lat' dir='ltr'><strong>manum</strong></span> <span class='ocrx_word' id='word_1_181' title='bbox 855 2761 1023 2820; x_wconf 87' lang='lat' dir='ltr'><strong>genus</strong></span> <span class='ocrx_word' id='word_1_182' title='bbox 1076 2746 1229 2818; x_wconf 87' lang='lat' dir='ltr'><strong>quasi</strong></span> <span class='ocrx_word' id='word_1_183' title='bbox 1285 2759 1440 2815; x_wconf 89' lang='lat' dir='ltr'><strong>poma</strong></span> <span class='ocrx_word' id='word_1_184' title='bbox 1503 2743 1718 2814; x_wconf 82' lang='lat' dir='ltr'><strong>propria</strong></span> <span class='ocrx_word' id='word_1_185' title='bbox 1776 2740 2166 2811; x_wconf 85' lang='lat' dir='ltr'><strong>proferentem;</strong></span> 
     </span>
    </p>
   </div>
   <div class='ocr_carea' id='block_1_28' title="bbox 579 2829 2171 2911">
    <p class='ocr_par' dir='ltr' id='par_1_28' title="bbox 579 2829 2171 2911">
     <span class='ocr_line' id='line_1_28' title="bbox 579 2829 2171 2911; baseline -0.008 -15"><span class='ocrx_word' id='word_1_186' title='bbox 579 2841 821 2897; x_wconf 85' lang='lat' dir='ltr'><strong>absolute</strong></span> <span class='ocrx_word' id='word_1_187' title='bbox 846 2839 1060 2911; x_wconf 82' lang='lat' dir='ltr'><strong>quidem</strong></span> <span class='ocrx_word' id='word_1_188' title='bbox 1092 2835 1356 2908; x_wconf 82' lang='lat' dir='ltr'><strong>proderis,</strong></span> <span class='ocrx_word' id='word_1_189' title='bbox 1389 2833 1529 2905; x_wconf 90' lang='lat' dir='ltr'><strong>quod</strong></span> <span class='ocrx_word' id='word_1_190' title='bbox 1562 2849 1666 2887; x_wconf 90' lang='lat' dir='ltr'><strong>non</strong></span> <span class='ocrx_word' id='word_1_191' title='bbox 1710 2830 1902 2899; x_wconf 81' lang='lat' dir='ltr'><strong>Deum,</strong></span> <span class='ocrx_word' id='word_1_192' title='bbox 1936 2830 2030 2886; x_wconf 91' lang='lat' dir='ltr'><strong>sed</strong></span> <span class='ocrx_word' id='word_1_193' title='bbox 2057 2829 2171 2885; x_wconf 59' lang='lat' dir='ltr'><strong>dias-</strong></span> 
     </span>
    </p>
   </div>
   <div class='ocr_carea' id='block_1_29' title="bbox 579 2924 2170 2996">
    <p class='ocr_par' dir='ltr' id='par_1_29' title="bbox 579 2924 2170 2996">
     <span class='ocr_line' id='line_1_29' title="bbox 579 2924 2170 2996; baseline -0.008 -5"><span class='ocrx_word' id='word_1_194' title='bbox 579 2936 759 2992; x_wconf 88' lang='lat' dir='ltr'><strong>bolum</strong></span> <span class='ocrx_word' id='word_1_195' title='bbox 783 2933 935 2989; x_wconf 84' lang='lat' dir='ltr'><strong>dicas</strong></span> <span class='ocrx_word' id='word_1_196' title='bbox 962 2931 1235 2987; x_wconf 85' lang='lat' dir='ltr'><strong>hominum</strong></span> <span class='ocrx_word' id='word_1_197' title='bbox 1263 2929 1594 2984; x_wconf 87' lang='lat' dir='ltr'><strong>conditorem</strong></span> <span class='ocrx_word' id='word_1_198' title='bbox 1623 2945 1636 2981; x_wconf 91' lang='lat'><strong>:</strong></span> <span class='ocrx_word' id='word_1_199' title='bbox 1666 2940 1772 2996; x_wconf 89' lang='lat' dir='ltr'><strong>quo</strong></span> <span class='ocrx_word' id='word_1_200' title='bbox 1801 2924 2048 2995; x_wconf 84' lang='lat' dir='ltr'><strong>dogmate</strong></span> <span class='ocrx_word' id='word_1_201' title='bbox 2079 2924 2170 2978; x_wconf 90' lang='lat' dir='ltr'><strong>im-</strong></span> 
     </span>
    </p>
   </div>
   <div class='ocr_carea' id='block_1_30' title="bbox 577 3018 2167 3100">
    <p class='ocr_par' dir='ltr' id='par_1_30' title="bbox 577 3018 2167 3100">
     <span class='ocr_line' id='line_1_30' title="bbox 577 3018 2167 3100; baseline -0.008 -15"><span class='ocrx_word' id='word_1_202' title='bbox 577 3028 837 3100; x_wconf 85' lang='lat' dir='ltr'><strong>piissimo,</strong></span> <span class='ocrx_word' id='word_1_203' title='bbox 858 3036 912 3082; x_wconf 88' lang='lat' dir='ltr'><strong>et</strong></span> <span class='ocrx_word' id='word_1_204' title='bbox 931 3023 1298 3096; x_wconf 85' lang='lat' dir='ltr'><strong>conjugiorum</strong></span> <span class='ocrx_word' id='word_1_205' title='bbox 1325 3022 1618 3094; x_wconf 86' lang='lat' dir='ltr'><strong>negotium,</strong></span> <span class='ocrx_word' id='word_1_206' title='bbox 1650 3019 1700 3074; x_wconf 90' lang='lat' dir='ltr'><strong>id</strong></span> <span class='ocrx_word' id='word_1_207' title='bbox 1722 3026 1825 3086; x_wconf 86' lang='lat' dir='ltr'><strong>est,</strong></span> <span class='ocrx_word' id='word_1_208' title='bbox 1857 3018 2167 3090; x_wconf 74' lang='lat' dir='ltr'><strong>genitalium</strong></span> 
     </span>
    </p>
   </div>
   <div class='ocr_carea' id='block_1_31' title="bbox 578 3113 1663 3184">
    <p class='ocr_par' dir='ltr' id='par_1_31' title="bbox 578 3113 1663 3184">
     <span class='ocr_line' id='line_1_31' title="bbox 578 3113 1663 3184; baseline -0.008 -10"><span class='ocrx_word' id='word_1_209' title='bbox 578 3118 861 3184; x_wconf 71' lang='lat' dir='ltr'><strong>admixtio,</strong></span> <span class='ocrx_word' id='word_1_210' title='bbox 893 3127 943 3172; x_wconf 87' lang='lat' dir='ltr'><strong>et</strong></span> <span class='ocrx_word' id='word_1_211' title='bbox 985 3130 1112 3172; x_wconf 86' lang='lat' dir='ltr'><strong>caro</strong></span> <span class='ocrx_word' id='word_1_212' title='bbox 1141 3125 1333 3169; x_wconf 88' lang='lat' dir='ltr'><strong>cuncta</strong></span> <span class='ocrx_word' id='word_1_213' title='bbox 1362 3113 1663 3168; x_wconf 83' lang='lat' dir='ltr'><strong>damnatur.</strong></span> 
     </span>
    </p>
   </div>
   <div class='ocr_carea' id='block_1_32' title="bbox 648 3205 2168 3284">
    <p class='ocr_par' dir='ltr' id='par_1_32' title="bbox 648 3205 2168 3284">
     <span class='ocr_line' id='line_1_32' title="bbox 648 3205 2168 3284; baseline -0.006 -15"><span class='ocrx_word' id='word_1_214' title='bbox 648 3215 784 3269; x_wconf 81' lang='lat' dir='ltr'><strong>Auc.</strong></span> <span class='ocrx_word' id='word_1_215' title='bbox 823 3210 940 3266; x_wconf 83' lang='lat' dir='ltr'><strong>Non</strong></span> <span class='ocrx_word' id='word_1_216' title='bbox 961 3209 1248 3265; x_wconf 88' lang='lat' dir='ltr'><strong>damnatur</strong></span> <span class='ocrx_word' id='word_1_217' title='bbox 1274 3226 1285 3261; x_wconf 92' lang='lat'>:</span> <span class='ocrx_word' id='word_1_218' title='bbox 1315 3207 1410 3264; x_wconf 90' lang='lat' dir='ltr'><strong>sed</strong></span> <span class='ocrx_word' id='word_1_219' title='bbox 1441 3222 1545 3262; x_wconf 90' lang='lat' dir='ltr'><strong>non</strong></span> <span class='ocrx_word' id='word_1_220' title='bbox 1578 3222 1608 3260; x_wconf 93' lang='lat' dir='ltr'><strong>a</strong></span> <span class='ocrx_word' id='word_1_221' title='bbox 1640 3214 1691 3284; x_wconf 75' lang='lat' dir='ltr'><strong>te</strong></span> <span class='ocrx_word' id='word_1_222' title='bbox 1718 3206 1868 3276; x_wconf 90' lang='lat' dir='ltr'><strong>quasi</strong></span> <span class='ocrx_word' id='word_1_223' title='bbox 1896 3219 2022 3261; x_wconf 89' lang='lat' dir='ltr'><strong>sana</strong></span> <span class='ocrx_word' id='word_1_224' title='bbox 2053 3205 2168 3260; x_wconf 84' lang='lat' dir='ltr'><strong>lau-</strong></span> 
     </span>
    </p>
   </div>
   <div class='ocr_carea' id='block_1_33' title="bbox 575 3300 2170 3374">
    <p class='ocr_par' dir='ltr' id='par_1_33' title="bbox 575 3300 2170 3374">
     <span class='ocr_line' id='line_1_33' title="bbox 575 3300 2170 3374; baseline -0.004 -13"><span class='ocrx_word' id='word_1_225' title='bbox 575 3303 788 3374; x_wconf 78' lang='lat' dir='ltr'><strong>detur‘,</strong></span> <span class='ocrx_word' id='word_1_226' title='bbox 829 3312 887 3359; x_wconf 91' lang='lat' dir='ltr'><strong>ut</strong></span> <span class='ocrx_word' id='word_1_227' title='bbox 924 3303 1084 3359; x_wconf 88' lang='lat' dir='ltr'><strong>etiam</strong></span> <span class='ocrx_word' id='word_1_228' title='bbox 1126 3311 1178 3358; x_wconf 92' lang='lat' dir='ltr'><strong>te</strong></span> <span class='ocrx_word' id='word_1_229' title='bbox 1215 3301 1506 3356; x_wconf 79' lang='lat' dir='ltr'><strong>confitente</strong></span> <span class='ocrx_word' id='word_1_230' title='bbox 1533 3343 1546 3367; x_wconf 93' lang='lat'><strong>,</strong></span> <span class='ocrx_word' id='word_1_231' title='bbox 1573 3314 1604 3355; x_wconf 92' lang='lat' dir='ltr'><strong>a</strong></span> <span class='ocrx_word' id='word_1_232' title='bbox 1644 3315 1741 3355; x_wconf 88' lang='lat' dir='ltr'><strong>suo</strong></span> <span class='ocrx_word' id='word_1_233' title='bbox 1779 3300 2067 3355; x_wconf 89' lang='lat' dir='ltr'><strong>Conditore</strong></span> <span class='ocrx_word' id='word_1_234' title='bbox 2103 3313 2170 3354; x_wconf 84' lang='lat' dir='ltr'><strong>ac</strong></span> 
     </span>
    </p>
   </div>
   <div class='ocr_carea' id='block_1_34' title="bbox 577 3394 2166 3466">
    <p class='ocr_par' dir='ltr' id='par_1_34' title="bbox 577 3394 2166 3466">
     <span class='ocr_line' id='line_1_34' title="bbox 577 3394 2166 3466; baseline -0.003 -11"><span class='ocrx_word' id='word_1_235' title='bbox 577 3399 859 3455; x_wconf 83' lang='lat' dir='ltr'><strong>Saivalore</strong></span> <span class='ocrx_word' id='word_1_236' title='bbox 886 3406 1126 3451; x_wconf 89' lang='lat' dir='ltr'><strong>sanetur.</strong></span> <span class='ocrx_word' id='word_1_237' title='bbox 1157 3395 1290 3450; x_wconf 85' lang='lat' dir='ltr'><strong>Nam</strong></span> <span class='ocrx_word' id='word_1_238' title='bbox 1331 3395 1436 3451; x_wconf 83' lang='lat' dir='ltr'><strong>hoc</strong></span> <span class='ocrx_word' id='word_1_239' title='bbox 1466 3394 1518 3449; x_wconf 93' lang='lat' dir='ltr'><strong>in</strong></span> <span class='ocrx_word' id='word_1_240' title='bbox 1552 3395 1747 3466; x_wconf 90' lang='lat' dir='ltr'><strong>quibus</strong></span> <span class='ocrx_word' id='word_1_241' title='bbox 1777 3410 1881 3450; x_wconf 91' lang='lat' dir='ltr'><strong>non</strong></span> <span class='ocrx_word' id='word_1_242' title='bbox 1921 3395 2010 3463; x_wconf 87' lang='lat' dir='ltr'><strong>tit,</strong></span> <span class='ocrx_word' id='word_1_243' title='bbox 2047 3397 2166 3451; x_wconf 90' lang='lat' dir='ltr'><strong>sine</strong></span> 
     </span>
    </p>
   </div>
   <div class='ocr_carea' id='block_1_35' title="bbox 577 3487 1422 3546">
    <p class='ocr_par' dir='ltr' id='par_1_35' title="bbox 577 3487 1422 3546">
     <span class='ocr_line' id='line_1_35' title="bbox 577 3487 1422 3546; baseline -0.005 -1"><span class='ocrx_word' id='word_1_244' title='bbox 577 3492 681 3546; x_wconf 86' lang='lat' dir='ltr'><strong>ulla</strong></span> <span class='ocrx_word' id='word_1_245' title='bbox 708 3489 1039 3545; x_wconf 90' lang='lat' dir='ltr'><strong>dubitatione</strong></span> <span class='ocrx_word' id='word_1_246' title='bbox 1066 3487 1422 3543; x_wconf 89' lang='lat' dir='ltr'><strong>damnabitur.</strong></span> 
     </span>
    </p>
   </div>
   <div class='ocr_carea' id='block_1_36' title="bbox 645 3577 2164 3650">
    <p class='ocr_par' dir='ltr' id='par_1_36' title="bbox 645 3577 2164 3650">
     <span class='ocr_line' id='line_1_36' title="bbox 645 3577 2164 3650; baseline -0.003 -12"><span class='ocrx_word' id='word_1_247' title='bbox 645 3580 888 3638; x_wconf 81' lang='lat' dir='ltr'><strong>XXXIIl.</strong></span> <span class='ocrx_word' id='word_1_248' title='bbox 928 3579 1048 3636; x_wconf 80' lang='lat' dir='ltr'><strong>JuL.</strong></span> <span class='ocrx_word' id='word_1_249' title='bbox 1087 3578 1221 3635; x_wconf 87' lang='lat' dir='ltr'><strong>Cum</strong></span> <span class='ocrx_word' id='word_1_250' title='bbox 1251 3593 1381 3633; x_wconf 90' lang='lat' dir='ltr'><strong>vero</strong></span> <span class='ocrx_word' id='word_1_251' title='bbox 1421 3587 1542 3650; x_wconf 85' lang='lat' dir='ltr'><strong>post</strong></span> <span class='ocrx_word' id='word_1_252' title='bbox 1569 3577 1671 3633; x_wconf 89' lang='lat' dir='ltr'><strong>hoc</strong></span> <span class='ocrx_word' id='word_1_253' title='bbox 1701 3578 2037 3650; x_wconf 90' lang='lat' dir='ltr'><strong>sacrilegium</strong></span> <span class='ocrx_word' id='word_1_254' title='bbox 2065 3577 2164 3634; x_wconf 78' lang='lat' dir='ltr'><strong>ad-</strong></span> 
     </span>
    </p>
   </div>
   <div class='ocr_carea' id='block_1_37' title="bbox 570 3668 2165 3746">
    <p class='ocr_par' dir='ltr' id='par_1_37' title="bbox 570 3668 2165 3746">
     <span class='ocr_line' id='line_1_37' title="bbox 570 3668 2165 3746; baseline -0.001 -18"><span class='ocrx_word' id='word_1_255' title='bbox 570 3673 768 3746; x_wconf 83' lang='lat' dir='ltr'><strong>jungis,</strong></span> <span class='ocrx_word' id='word_1_256' title='bbox 797 3683 850 3728; x_wconf 88' lang='lat' dir='ltr'><strong>et</strong></span> <span class='ocrx_word' id='word_1_257' title='bbox 889 3671 1044 3736; x_wconf 91' lang='lat' dir='ltr'><strong>dicis,</strong></span> <span class='ocrx_word' id='word_1_258' title='bbox 1078 3668 1314 3742; x_wconf 73' lang='lat' dir='ltr'><strong>profiteri</strong></span> <span class='ocrx_word' id='word_1_259' title='bbox 1347 3679 1397 3724; x_wconf 92' lang='lat' dir='ltr'><strong>te</strong></span> <span class='ocrx_word' id='word_1_260' title='bbox 1438 3669 1757 3724; x_wconf 88' lang='lat' dir='ltr'><strong>diabolicam</strong></span> <span class='ocrx_word' id='word_1_261' title='bbox 1798 3670 2012 3741; x_wconf 86' lang='lat' dir='ltr'><strong>quidem</strong></span> <span class='ocrx_word' id='word_1_262' title='bbox 2044 3683 2165 3726; x_wconf 84' lang='lat' dir='ltr'><strong>esse</strong></span> 
     </span>
    </p>
   </div>
   <div class='ocr_carea' id='block_1_38' title="bbox 571 3762 2163 3839">
    <p class='ocr_par' dir='ltr' id='par_1_38' title="bbox 571 3762 2163 3839">
     <span class='ocr_line' id='line_1_38' title="bbox 571 3762 2163 3839; baseline -0.003 -16"><span class='ocrx_word' id='word_1_263' title='bbox 571 3767 898 3839; x_wconf 75' lang='lat' dir='ltr'><strong>gignentium</strong></span> <span class='ocrx_word' id='word_1_264' title='bbox 937 3765 1222 3836; x_wconf 86' lang='lat' dir='ltr'><strong>conjugum</strong></span> <span class='ocrx_word' id='word_1_265' title='bbox 1263 3763 1612 3833; x_wconf 87' lang='lat' dir='ltr'><strong>voluptatem,</strong></span> <span class='ocrx_word' id='word_1_266' title='bbox 1652 3763 1970 3819; x_wconf 87' lang='lat' dir='ltr'><strong>diabolicam</strong></span> <span class='ocrx_word' id='word_1_267' title='bbox 2009 3762 2163 3834; x_wconf 82' lang='lat' dir='ltr'><strong>geni-</strong></span> 
     </span>
    </p>
   </div>
   <div class='ocr_carea' id='block_1_39' title="bbox 573 3854 2162 3925">
    <p class='ocr_par' dir='ltr' id='par_1_39' title="bbox 573 3854 2162 3925">
     <span class='ocr_line' id='line_1_39' title="bbox 573 3854 2162 3925; baseline -0.001 -12"><span class='ocrx_word' id='word_1_268' title='bbox 573 3858 757 3914; x_wconf 90' lang='lat' dir='ltr'><strong>talium</strong></span> <span class='ocrx_word' id='word_1_269' title='bbox 809 3858 1261 3921; x_wconf 87' lang='lat' dir='ltr'><strong>commotionem;</strong></span> <span class='ocrx_word' id='word_1_270' title='bbox 1303 3855 1398 3910; x_wconf 88' lang='lat' dir='ltr'><strong>sed</strong></span> <span class='ocrx_word' id='word_1_271' title='bbox 1446 3863 1624 3909; x_wconf 88' lang='lat' dir='ltr'><strong>tamen</strong></span> <span class='ocrx_word' id='word_1_272' title='bbox 1666 3862 1722 3910; x_wconf 93' lang='lat' dir='ltr'><strong>et</strong></span> <span class='ocrx_word' id='word_1_273' title='bbox 1760 3854 1870 3925; x_wconf 87' lang='lat' dir='ltr'><strong>ipsa</strong></span> <span class='ocrx_word' id='word_1_274' title='bbox 1923 3855 2162 3911; x_wconf 79' lang='lat' dir='ltr'><strong>tnetnbra</strong></span> 
     </span>
    </p>
   </div>
   <div class='ocr_carea' id='block_1_40' title="bbox 570 3947 2158 4020">
    <p class='ocr_par' dir='ltr' id='par_1_40' title="bbox 570 3947 2158 4020">
     <span class='ocr_line' id='line_1_40' title="bbox 570 3947 2158 4020; baseline 0.001 -17"><span class='ocrx_word' id='word_1_275' title='bbox 570 3965 690 4020; x_wconf 72' lang='lat' dir='ltr'><strong>qum</strong></span> <span class='ocrx_word' id='word_1_276' title='bbox 722 3955 1025 4015; x_wconf 86' lang='lat' dir='ltr'><strong>moventur,</strong></span> <span class='ocrx_word' id='word_1_277' title='bbox 1058 3955 1113 4002; x_wconf 91' lang='lat' dir='ltr'><strong>et</strong></span> <span class='ocrx_word' id='word_1_278' title='bbox 1142 3947 1394 4019; x_wconf 90' lang='lat' dir='ltr'><strong>conjuges</strong></span> <span class='ocrx_word' id='word_1_279' title='bbox 1419 3948 1508 4018; x_wconf 91' lang='lat' dir='ltr'><strong>qui</strong></span> <span class='ocrx_word' id='word_1_280' title='bbox 1532 3947 1806 4018; x_wconf 83' lang='lat' dir='ltr'><strong>voluptate</strong></span> <span class='ocrx_word' id='word_1_281' title='bbox 1831 3947 2158 4018; x_wconf 82' lang='lat' dir='ltr'><strong>afficiuntur,</strong></span> 
     </span>
    </p>
   </div>
   <div class='ocr_carea' id='block_1_41' title="bbox 575 4039 2162 4108">
    <p class='ocr_par' dir='ltr' id='par_1_41' title="bbox 575 4039 2162 4108">
     <span class='ocr_line' id='line_1_41' title="bbox 575 4039 2162 4108; baseline 0.001 -14"><span class='ocrx_word' id='word_1_282' title='bbox 575 4053 701 4094; x_wconf 90' lang='lat' dir='ltr'><strong>reos</strong></span> <span class='ocrx_word' id='word_1_283' title='bbox 733 4054 837 4093; x_wconf 89' lang='lat' dir='ltr'><strong>non</strong></span> <span class='ocrx_word' id='word_1_284' title='bbox 866 4053 986 4094; x_wconf 88' lang='lat' dir='ltr'><strong>esse</strong></span> <span class='ocrx_word' id='word_1_285' title='bbox 1013 4055 1028 4105; x_wconf 92' lang='lat'><strong>;</strong></span> <span class='ocrx_word' id='word_1_286' title='bbox 1059 4053 1244 4093; x_wconf 91' lang='lat' dir='ltr'><strong>verum</strong></span> <span class='ocrx_word' id='word_1_287' title='bbox 1286 4053 1383 4108; x_wconf 88' lang='lat' dir='ltr'><strong>pro</strong></span> <span class='ocrx_word' id='word_1_288' title='bbox 1409 4039 1493 4093; x_wconf 90' lang='lat' dir='ltr'><strong>his</strong></span> <span class='ocrx_word' id='word_1_289' title='bbox 1520 4039 1768 4094; x_wconf 90' lang='lat' dir='ltr'><strong>omnibus</strong></span> <span class='ocrx_word' id='word_1_290' title='bbox 1792 4055 1960 4095; x_wconf 88' lang='lat' dir='ltr'><strong>novos</strong></span> <span class='ocrx_word' id='word_1_291' title='bbox 1989 4043 2162 4096; x_wconf 88' lang='lat' dir='ltr'><strong>homi-</strong></span> 
     </span>
    </p>
   </div>
   <div class='ocr_carea' id='block_1_42' title="bbox 571 4128 2160 4199">
    <p class='ocr_par' dir='ltr' id='par_1_42' title="bbox 571 4128 2160 4199">
     <span class='ocr_line' id='line_1_42' title="bbox 571 4128 2160 4199; baseline 0.001 -15"><span class='ocrx_word' id='word_1_292' title='bbox 571 4143 692 4197; x_wconf 86' lang='lat' dir='ltr'><strong>nes,</strong></span> <span class='ocrx_word' id='word_1_293' title='bbox 725 4129 776 4184; x_wconf 93' lang='lat' dir='ltr'><strong>id</strong></span> <span class='ocrx_word' id='word_1_294' title='bbox 803 4138 904 4188; x_wconf 89' lang='lat' dir='ltr'><strong>est.</strong></span> <span class='ocrx_word' id='word_1_295' title='bbox 929 4129 1062 4183; x_wconf 89' lang='lat' dir='ltr'><strong>rude</strong></span> <span class='ocrx_word' id='word_1_296' title='bbox 1099 4143 1234 4199; x_wconf 90' lang='lat' dir='ltr'><strong>opus</strong></span> <span class='ocrx_word' id='word_1_297' title='bbox 1273 4128 1327 4182; x_wconf 93' lang='lat' dir='ltr'><strong>in</strong></span> <span class='ocrx_word' id='word_1_298' title='bbox 1367 4129 1710 4184; x_wconf 89' lang='lat' dir='ltr'><strong>nascentibus</strong></span> <span class='ocrx_word' id='word_1_299' title='bbox 1746 4129 1960 4186; x_wconf 81' lang='lat' dir='ltr'><strong>deitatis</strong></span> <span class='ocrx_word' id='word_1_300' title='bbox 1997 4147 2160 4186; x_wconf 88' lang='lat' dir='ltr'><strong>accu-</strong></span> 
     </span>
    </p>
   </div>
   <div class='ocr_carea' id='block_1_43' title="bbox 570 4217 2159 4293">
    <p class='ocr_par' dir='ltr' id='par_1_43' title="bbox 570 4217 2159 4293">
     <span class='ocr_line' id='line_1_43' title="bbox 570 4217 2159 4293; baseline 0.001 -17"><span class='ocrx_word' id='word_1_301' title='bbox 570 4236 660 4276; x_wconf 86' lang='lat' dir='ltr'><strong>sas</strong></span> <span class='ocrx_word' id='word_1_302' title='bbox 691 4237 704 4272; x_wconf 92' lang='lat'>:</span> <span class='ocrx_word' id='word_1_303' title='bbox 751 4218 880 4274; x_wconf 89' lang='lat' dir='ltr'><strong>nihil</strong></span> <span class='ocrx_word' id='word_1_304' title='bbox 909 4217 1126 4290; x_wconf 85' lang='lat' dir='ltr'><strong>quidem</strong></span> <span class='ocrx_word' id='word_1_305' title='bbox 1155 4218 1222 4274; x_wconf 92' lang='lat' dir='ltr'><strong>de</strong></span> <span class='ocrx_word' id='word_1_306' title='bbox 1249 4219 1663 4274; x_wconf 80' lang='lat' dir='ltr'><strong>Manichaeorum</strong></span> <span class='ocrx_word' id='word_1_307' title='bbox 1697 4219 1970 4291; x_wconf 90' lang='lat' dir='ltr'><strong>impietate</strong></span> <span class='ocrx_word' id='word_1_308' title='bbox 1995 4221 2159 4293; x_wconf 89' lang='lat' dir='ltr'><strong>depo-</strong></span> 
     </span>
    </p>
   </div>
   <div class='ocr_carea' id='block_1_44' title="bbox 573 4311 2154 4381">
    <p class='ocr_par' dir='ltr' id='par_1_44' title="bbox 573 4311 2154 4381">
     <span class='ocr_line' id='line_1_44' title="bbox 573 4311 2154 4381; baseline -0.001 -13"><span class='ocrx_word' id='word_1_309' title='bbox 573 4313 688 4379; x_wconf 89' lang='lat' dir='ltr'><strong>nis;</strong></span> <span class='ocrx_word' id='word_1_310' title='bbox 719 4311 813 4369; x_wconf 86' lang='lat' dir='ltr'><strong>sed</strong></span> <span class='ocrx_word' id='word_1_311' title='bbox 837 4322 941 4366; x_wconf 90' lang='lat' dir='ltr'><strong>tam</strong></span> <span class='ocrx_word' id='word_1_312' title='bbox 966 4311 1250 4366; x_wconf 85' lang='lat' dir='ltr'><strong>immanem</strong></span> <span class='ocrx_word' id='word_1_313' title='bbox 1279 4311 1407 4366; x_wconf 91' lang='lat' dir='ltr'><strong>moti</strong></span> <span class='ocrx_word' id='word_1_314' title='bbox 1429 4311 1618 4381; x_wconf 87' lang='lat' dir='ltr'><strong>capitis</strong></span> <span class='ocrx_word' id='word_1_315' title='bbox 1633 4313 1872 4368; x_wconf 85' lang='lat' dir='ltr'><strong>ostendis</strong></span> <span class='ocrx_word' id='word_1_316' title='bbox 1899 4313 2154 4380; x_wconf 85' lang='lat' dir='ltr'><strong>furorem,</strong></span> 
     </span>
    </p>
   </div>
   <div class='ocr_carea' id='block_1_45' title="bbox 570 4400 2160 4475">
    <p class='ocr_par' dir='ltr' id='par_1_45' title="bbox 570 4400 2160 4475">
     <span class='ocr_line' id='line_1_45' title="bbox 570 4400 2160 4475; baseline 0.002 -17"><span class='ocrx_word' id='word_1_317' title='bbox 570 4414 627 4458; x_wconf 87' lang='lat' dir='ltr'><strong>ut</strong></span> <span class='ocrx_word' id='word_1_318' title='bbox 655 4401 1069 4473; x_wconf 78' lang='lat' dir='ltr'><strong>consequentius</strong></span> <span class='ocrx_word' id='word_1_319' title='bbox 1098 4400 1403 4466; x_wconf 85' lang='lat' dir='ltr'><strong>fovendum,</strong></span> <span class='ocrx_word' id='word_1_320' title='bbox 1427 4417 1586 4471; x_wconf 92' lang='lat' dir='ltr'><strong>quam</strong></span> <span class='ocrx_word' id='word_1_321' title='bbox 1617 4405 1996 4472; x_wconf 88' lang='lat' dir='ltr'><strong>amputandum</strong></span> <span class='ocrx_word' id='word_1_322' title='bbox 2017 4405 2160 4475; x_wconf 89' lang='lat' dir='ltr'><strong>judi-</strong></span> 
     </span>
    </p>
   </div>
   <div class='ocr_carea' id='block_1_46' title="bbox 567 4491 2154 4563">
    <p class='ocr_par' dir='ltr' id='par_1_46' title="bbox 567 4491 2154 4563">
     <span class='ocr_line' id='line_1_46' title="bbox 567 4491 2154 4563; baseline 0 -13"><span class='ocrx_word' id='word_1_323' title='bbox 567 4504 803 4561; x_wconf 90' lang='lat' dir='ltr'><strong>caretur,</strong></span> <span class='ocrx_word' id='word_1_324' title='bbox 831 4493 932 4548; x_wconf 92' lang='lat' dir='ltr'><strong>nisi</strong></span> <span class='ocrx_word' id='word_1_325' title='bbox 962 4493 1286 4548; x_wconf 87' lang='lat' dir='ltr'><strong>voluntatem</strong></span> <span class='ocrx_word' id='word_1_326' title='bbox 1312 4506 1376 4547; x_wconf 91' lang='lat' dir='ltr'><strong>ac</strong></span> <span class='ocrx_word' id='word_1_327' title='bbox 1403 4491 1635 4546; x_wconf 86' lang='lat' dir='ltr'><strong>studium</strong></span> <span class='ocrx_word' id='word_1_328' title='bbox 1676 4493 1729 4548; x_wconf 91' lang='lat' dir='ltr'><strong>in</strong></span> <span class='ocrx_word' id='word_1_329' title='bbox 1762 4495 1861 4550; x_wconf 88' lang='lat' dir='ltr'><strong>hac</strong></span> <span class='ocrx_word' id='word_1_330' title='bbox 1899 4511 1958 4550; x_wconf 91' lang='lat' dir='ltr'><strong>re</strong></span> <span class='ocrx_word' id='word_1_331' title='bbox 1987 4505 2154 4563; x_wconf 92' lang='lat' dir='ltr'><strong>tuum,</strong></span> 
     </span>
    </p>
   </div>
   <div class='ocr_carea' id='block_1_47' title="bbox 568 4582 2157 4658">
    <p class='ocr_par' dir='ltr' id='par_1_47' title="bbox 568 4582 2157 4658">
     <span class='ocr_line' id='line_1_47' title="bbox 568 4582 2157 4658; baseline 0.002 -18"><span class='ocrx_word' id='word_1_332' title='bbox 568 4595 622 4640; x_wconf 85' lang='lat' dir='ltr'><strong>et</strong></span> <span class='ocrx_word' id='word_1_333' title='bbox 645 4586 933 4640; x_wconf 88' lang='lat' dir='ltr'><strong>multormn</strong></span> <span class='ocrx_word' id='word_1_334' title='bbox 978 4583 1206 4648; x_wconf 81' lang='lat' dir='ltr'><strong>eversio,</strong></span> <span class='ocrx_word' id='word_1_335' title='bbox 1234 4591 1288 4638; x_wconf 90' lang='lat' dir='ltr'><strong>et</strong></span> <span class='ocrx_word' id='word_1_336' title='bbox 1317 4591 1404 4638; x_wconf 90' lang='lat' dir='ltr'><strong>tua</strong></span> <span class='ocrx_word' id='word_1_337' title='bbox 1433 4582 1743 4654; x_wconf 88' lang='lat' dir='ltr'><strong>obstinatio,</strong></span> <span class='ocrx_word' id='word_1_338' title='bbox 1771 4596 1825 4641; x_wconf 90' lang='lat' dir='ltr'><strong>et</strong></span> <span class='ocrx_word' id='word_1_339' title='bbox 1852 4585 2157 4658; x_wconf 87' lang='lat' dir='ltr'><strong>Scriptura-</strong></span> 
     </span>
    </p>
   </div>
   <div class='ocr_carea' id='block_1_48' title="bbox 567 4673 1439 4747">
    <p class='ocr_par' dir='ltr' id='par_1_48' title="bbox 567 4673 1439 4747">
     <span class='ocr_line' id='line_1_48' title="bbox 567 4673 1439 4747; baseline -0.001 -16"><span class='ocrx_word' id='word_1_340' title='bbox 567 4692 686 4731; x_wconf 88' lang='lat' dir='ltr'><strong>rum</strong></span> <span class='ocrx_word' id='word_1_341' title='bbox 715 4675 1084 4747; x_wconf 86' lang='lat' dir='ltr'><strong>multiplicatio</strong></span> <span class='ocrx_word' id='word_1_342' title='bbox 1109 4673 1439 4745; x_wconf 86' lang='lat' dir='ltr'><strong>loqueretur.</strong></span> 
     </span>
    </p>
   </div>
   <div class='ocr_carea' id='block_1_49' title="bbox 641 4767 2156 4840">
    <p class='ocr_par' dir='ltr' id='par_1_49' title="bbox 641 4767 2156 4840">
     <span class='ocr_line' id='line_1_49' title="bbox 641 4767 2156 4840; baseline 0.003 -17"><span class='ocrx_word' id='word_1_343' title='bbox 641 4769 776 4823; x_wconf 71' lang='lat' dir='ltr'><strong>huc.</strong></span> <span class='ocrx_word' id='word_1_344' title='bbox 819 4767 926 4821; x_wconf 84' lang='lat' dir='ltr'><strong>Has</strong></span> <span class='ocrx_word' id='word_1_345' title='bbox 955 4769 1305 4822; x_wconf 89' lang='lat' dir='ltr'><strong>contumelias</strong></span> <span class='ocrx_word' id='word_1_346' title='bbox 1340 4783 1444 4822; x_wconf 92' lang='lat' dir='ltr'><strong>non</strong></span> <span class='ocrx_word' id='word_1_347' title='bbox 1477 4767 1813 4840; x_wconf 81' lang='lat' dir='ltr'><strong>indignanter</strong></span> <span class='ocrx_word' id='word_1_348' title='bbox 1845 4771 2029 4826; x_wconf 90' lang='lat' dir='ltr'><strong>audire</strong></span> <span class='ocrx_word' id='word_1_349' title='bbox 2059 4770 2156 4828; x_wconf 90' lang='lat' dir='ltr'><strong>de-</strong></span> 
     </span>
    </p>
   </div>
   <div class='ocr_carea' id='block_1_50' title="bbox 570 4858 2154 4934">
    <p class='ocr_par' dir='ltr' id='par_1_50' title="bbox 570 4858 2154 4934">
     <span class='ocr_line' id='line_1_50' title="bbox 570 4858 2154 4934; baseline 0.004 -20"><span class='ocrx_word' id='word_1_350' title='bbox 570 4860 691 4925; x_wconf 85' lang='lat' dir='ltr'><strong>beo,</strong></span> <span class='ocrx_word' id='word_1_351' title='bbox 741 4874 863 4914; x_wconf 93' lang='lat' dir='ltr'><strong>cum</strong></span> <span class='ocrx_word' id='word_1_352' title='bbox 915 4858 997 4914; x_wconf 89' lang='lat' dir='ltr'><strong>his</strong></span> <span class='ocrx_word' id='word_1_353' title='bbox 1044 4859 1294 4916; x_wconf 67' lang='lat' dir='ltr'><strong>Ecclesim</strong></span> <span class='ocrx_word' id='word_1_354' title='bbox 1342 4860 1669 4928; x_wconf 78' lang='lat' dir='ltr'><strong>doctoribus,</strong></span> <span class='ocrx_word' id='word_1_355' title='bbox 1717 4864 1804 4934; x_wconf 90' lang='lat' dir='ltr'><strong>qui</strong></span> <span class='ocrx_word' id='word_1_356' title='bbox 1854 4881 1948 4934; x_wconf 89' lang='lat' dir='ltr'><strong>per</strong></span> <span class='ocrx_word' id='word_1_357' title='bbox 1994 4883 2154 4921; x_wconf 87' lang='lat' dir='ltr'><strong>unmn</strong></span> 
     </span>
    </p>
   </div>
   <div class='ocr_carea' id='block_1_51' title="bbox 569 4950 2154 5024">
    <p class='ocr_par' dir='ltr' id='par_1_51' title="bbox 569 4950 2154 5024">
     <span class='ocr_line' id='line_1_51' title="bbox 569 4950 2154 5024; baseline 0.004 -18"><span class='ocrx_word' id='word_1_358' title='bbox 569 4950 842 5007; x_wconf 87' lang='lat' dir='ltr'><strong>hominem</strong></span> <span class='ocrx_word' id='word_1_359' title='bbox 871 4951 923 5006; x_wconf 91' lang='lat' dir='ltr'><strong>in</strong></span> <span class='ocrx_word' id='word_1_360' title='bbox 967 4950 1222 5006; x_wconf 90' lang='lat' dir='ltr'><strong>mundum</strong></span> <span class='ocrx_word' id='word_1_361' title='bbox 1255 4953 1502 5009; x_wconf 77' lang='lat' dir='ltr'><strong>introisse</strong></span> <span class='ocrx_word' id='word_1_362' title='bbox 1548 4964 1842 5024; x_wconf 86' lang='lat' dir='ltr'><strong>peceatum,</strong></span> <span class='ocrx_word' id='word_1_363' title='bbox 1875 4958 1955 5013; x_wconf 90' lang='lat' dir='ltr'><strong>sic</strong></span> <span class='ocrx_word' id='word_1_364' title='bbox 1995 4959 2154 5013; x_wconf 81' lang='lat' dir='ltr'><strong>intel-</strong></span> 
     </span>
    </p>
   </div>
   <div class='ocr_carea' id='block_1_52' title="bbox 570 5039 2155 5115">
    <p class='ocr_par' dir='ltr' id='par_1_52' title="bbox 570 5039 2155 5115">
     <span class='ocr_line' id='line_1_52' title="bbox 570 5039 2155 5115; baseline 0.005 -17"><span class='ocrx_word' id='word_1_365' title='bbox 570 5039 760 5114; x_wconf 86' lang='lat' dir='ltr'><strong>ligunt,</strong></span> <span class='ocrx_word' id='word_1_366' title='bbox 805 5049 864 5098; x_wconf 87' lang='lat' dir='ltr'><strong>ut</strong></span> <span class='ocrx_word' id='word_1_367' title='bbox 890 5051 1066 5098; x_wconf 89' lang='lat' dir='ltr'><strong>rectus</strong></span> <span class='ocrx_word' id='word_1_368' title='bbox 1094 5043 1382 5112; x_wconf 87' lang='lat' dir='ltr'><strong>Apostolus</strong></span> <span class='ocrx_word' id='word_1_369' title='bbox 1411 5044 1664 5115; x_wconf 87' lang='lat' dir='ltr'><strong>loquitur,</strong></span> <span class='ocrx_word' id='word_1_370' title='bbox 1695 5063 1799 5103; x_wconf 91' lang='lat' dir='ltr'><strong>non</strong></span> <span class='ocrx_word' id='word_1_371' title='bbox 1826 5059 1880 5103; x_wconf 93' lang='lat' dir='ltr'><strong>ut</strong></span> <span class='ocrx_word' id='word_1_372' title='bbox 1909 5050 2155 5106; x_wconf 81' lang='lat' dir='ltr'><strong>Julianus</strong></span> 
     </span>
    </p>
   </div>
   <div class='ocr_carea' id='block_1_53' title="bbox 566 5133 2150 5208">
    <p class='ocr_par' dir='ltr' id='par_1_53' title="bbox 566 5133 2150 5208">
     <span class='ocr_line' id='line_1_53' title="bbox 566 5133 2150 5208; baseline 0.006 -22"><span class='ocrx_word' id='word_1_373' title='bbox 566 5133 1008 5206; x_wconf 83' lang='lat' dir='ltr'><strong>perversissimus</strong></span> <span class='ocrx_word' id='word_1_374' title='bbox 1029 5135 1296 5204; x_wconf 88' lang='lat' dir='ltr'><strong>opinatur.</strong></span> <span class='ocrx_word' id='word_1_375' title='bbox 1330 5135 1384 5189; x_wconf 90' lang='lat' dir='ltr'><strong>In</strong></span> <span class='ocrx_word' id='word_1_376' title='bbox 1416 5135 1499 5192; x_wconf 85' lang='lat' dir='ltr'><strong>bis</strong></span> <span class='ocrx_word' id='word_1_377' title='bbox 1524 5146 1667 5205; x_wconf 89' lang='lat' dir='ltr'><strong>sunt,</strong></span> <span class='ocrx_word' id='word_1_378' title='bbox 1685 5147 1741 5193; x_wconf 92' lang='lat' dir='ltr'><strong>ut</strong></span> <span class='ocrx_word' id='word_1_379' title='bbox 1766 5141 1898 5195; x_wconf 90' lang='lat' dir='ltr'><strong>alios</strong></span> <span class='ocrx_word' id='word_1_380' title='bbox 1927 5151 2150 5208; x_wconf 87' lang='lat' dir='ltr'><strong>taceam,</strong></span> 
     </span>
    </p>
   </div>
   <div class='ocr_carea' id='block_1_54' title="bbox 566 5225 2152 5300">
    <p class='ocr_par' dir='ltr' id='par_1_54' title="bbox 566 5225 2152 5300">
     <span class='ocr_line' id='line_1_54' title="bbox 566 5225 2152 5300; baseline 0.004 -20"><span class='ocrx_word' id='word_1_381' title='bbox 566 5225 696 5281; x_wconf 83' lang='lat' dir='ltr'><strong>Afer</strong></span> <span class='ocrx_word' id='word_1_382' title='bbox 729 5225 1056 5298; x_wconf 82' lang='lat' dir='ltr'><strong>Cyprianus,</strong></span> <span class='ocrx_word' id='word_1_383' title='bbox 1092 5226 1273 5281; x_wconf 87' lang='lat' dir='ltr'><strong>Gallus</strong></span> <span class='ocrx_word' id='word_1_384' title='bbox 1315 5227 1575 5297; x_wconf 89' lang='lat' dir='ltr'><strong>IIilarius,</strong></span> <span class='ocrx_word' id='word_1_385' title='bbox 1617 5228 1776 5286; x_wconf 90' lang='lat' dir='ltr'><strong>Italus</strong></span> <span class='ocrx_word' id='word_1_386' title='bbox 1815 5230 2152 5300; x_wconf 81' lang='lat' dir='ltr'><strong>Ambrosius,</strong></span> 
     </span>
    </p>
   </div>
   <div class='ocr_carea' id='block_1_55' title="bbox 567 5313 2152 5394">
    <p class='ocr_par' dir='ltr' id='par_1_55' title="bbox 567 5313 2152 5394">
     <span class='ocr_line' id='line_1_55' title="bbox 567 5313 2152 5394; baseline 0.006 -22"><span class='ocrx_word' id='word_1_387' title='bbox 567 5313 787 5374; x_wconf 69' lang='lat' dir='ltr'><strong>Grsecus</strong></span> <span class='ocrx_word' id='word_1_388' title='bbox 824 5317 1114 5385; x_wconf 77' lang='lat' dir='ltr'><strong>Gregorius</strong></span> <span class='ocrx_word' id='word_1_389' title='bbox 1143 5335 1157 5370; x_wconf 88' lang='lat'><strong>:</strong></span> <span class='ocrx_word' id='word_1_390' title='bbox 1186 5331 1217 5372; x_wconf 90' lang='lat' dir='ltr'><strong>a</strong></span> <span class='ocrx_word' id='word_1_391' title='bbox 1260 5319 1454 5390; x_wconf 86' lang='lat' dir='ltr'><strong>quibus</strong></span> <span class='ocrx_word' id='word_1_392' title='bbox 1494 5323 1872 5378; x_wconf 88' lang='lat' dir='ltr'><strong>eruditissimis</strong></span> <span class='ocrx_word' id='word_1_393' title='bbox 1915 5325 2152 5394; x_wconf 89' lang='lat' dir='ltr'><strong>pruden-</strong></span> 
     </span>
    </p>
   </div>
   <div class='ocr_carea' id='block_1_56' title="bbox 569 5407 2151 5480">
    <p class='ocr_par' dir='ltr' id='par_1_56' title="bbox 569 5407 2151 5480">
     <span class='ocr_line' id='line_1_56' title="bbox 569 5407 2151 5480; baseline 0.006 -18"><span class='ocrx_word' id='word_1_394' title='bbox 569 5408 897 5479; x_wconf 88' lang='lat' dir='ltr'><strong>tissimisque</strong></span> <span class='ocrx_word' id='word_1_395' title='bbox 930 5407 1233 5478; x_wconf 77' lang='lat' dir='ltr'><strong>judicibus,</strong></span> <span class='ocrx_word' id='word_1_396' title='bbox 1273 5411 1461 5480; x_wconf 84' lang='lat' dir='ltr'><strong>quales</strong></span> <span class='ocrx_word' id='word_1_397' title='bbox 1502 5420 1551 5467; x_wconf 90' lang='lat' dir='ltr'><strong>te</strong></span> <span class='ocrx_word' id='word_1_398' title='bbox 1591 5428 1696 5467; x_wconf 90' lang='lat' dir='ltr'><strong>non</strong></span> <span class='ocrx_word' id='word_1_399' title='bbox 1736 5413 1979 5471; x_wconf 86' lang='lat' dir='ltr'><strong>invenire</strong></span> <span class='ocrx_word' id='word_1_400' title='bbox 2016 5432 2151 5472; x_wconf 85' lang='lat' dir='ltr'><strong>vana</strong></span> 
     </span>
    </p>
   </div>
   <div class='ocr_carea' id='block_1_57' title="bbox 565 5499 2154 5579">
    <p class='ocr_par' dir='ltr' id='par_1_57' title="bbox 565 5499 2154 5579">
     <span class='ocr_line' id='line_1_57' title="bbox 565 5499 2154 5579; baseline 0.009 -28"><span class='ocrx_word' id='word_1_401' title='bbox 565 5499 983 5570; x_wconf 72' lang='lat' dir='ltr'><strong>praesumptione</strong></span> <span class='ocrx_word' id='word_1_402' title='bbox 1020 5502 1387 5572; x_wconf 83' lang='lat' dir='ltr'><strong>conquereris,</strong></span> <span class='ocrx_word' id='word_1_403' title='bbox 1422 5502 1644 5562; x_wconf 76' lang='lat' dir='ltr'><strong>lueresis</strong></span> <span class='ocrx_word' id='word_1_404' title='bbox 1683 5515 1856 5562; x_wconf 88' lang='lat' dir='ltr'><strong>vestra</strong></span> <span class='ocrx_word' id='word_1_405' title='bbox 1898 5509 2044 5579; x_wconf 88' lang='lat' dir='ltr'><strong>prius</strong></span> <span class='ocrx_word' id='word_1_406' title='bbox 2070 5519 2154 5566; x_wconf 90' lang='lat' dir='ltr'><strong>est</strong></span> 
     </span>
    </p>
   </div>
   <div class='ocr_carea' id='block_1_58' title="bbox 559 5591 1172 5664">
    <p class='ocr_par' dir='ltr' id='par_1_58' title="bbox 559 5591 1172 5664">
     <span class='ocr_line' id='line_1_58' title="bbox 559 5591 1172 5664; baseline 0 -17"><span class='ocrx_word' id='word_1_407' title='bbox 559 5591 812 5647; x_wconf 86' lang='lat' dir='ltr'><strong>damnata</strong></span> <span class='ocrx_word' id='word_1_408' title='bbox 842 5607 1001 5664; x_wconf 90' lang='lat' dir='ltr'><strong>quam</strong></span> <span class='ocrx_word' id='word_1_409' title='bbox 1028 5602 1172 5648; x_wconf 90' lang='lat' dir='ltr'><strong>nata.</strong></span> 
     </span>
    </p>
   </div>
   <div class='ocr_carea' id='block_1_59' title="bbox 613 5746 2150 5858">
    <p class='ocr_par' dir='ltr' id='par_1_59' title="bbox 613 5746 2150 5858">
     <span class='ocr_line' id='line_1_59' title="bbox 613 5746 2150 5858; baseline 0.012 -63"><span class='ocrx_word' id='word_1_410' title='bbox 613 5747 639 5818; x_wconf 67' lang='lat' dir='ltr'><strong><em>f</em></strong></span> <span class='ocrx_word' id='word_1_411' title='bbox 678 5748 836 5858; x_wconf 39' lang='lat' dir='ltr'><strong>vig‘nu</strong></span> <span class='ocrx_word' id='word_1_412' title='bbox 875 5757 959 5800; x_wconf 85' lang='lat' dir='ltr'><strong>sea</strong></span> <span class='ocrx_word' id='word_1_413' title='bbox 1005 5763 1097 5801; x_wconf 76' lang='lat' dir='ltr'><strong>non</strong></span> <span class='ocrx_word' id='word_1_414' title='bbox 1121 5784 1136 5812; x_wconf 92' lang='lat'><strong>,</strong></span> <span class='ocrx_word' id='word_1_415' title='bbox 1177 5746 1304 5800; x_wconf 72' lang='lat' dir='ltr'><strong>velut</strong></span> <span class='ocrx_word' id='word_1_416' title='bbox 1335 5764 1366 5802; x_wconf 91' lang='lat' dir='ltr'><strong>a</strong></span> <span class='ocrx_word' id='word_1_417' title='bbox 1408 5756 1474 5812; x_wconf 87' lang='lat' dir='ltr'><strong>te,</strong></span> <span class='ocrx_word' id='word_1_418' title='bbox 1516 5753 1654 5815; x_wconf 84' lang='lat' dir='ltr'><strong>quasi</strong></span> <span class='ocrx_word' id='word_1_419' title='bbox 1699 5768 1818 5806; x_wconf 87' lang='lat' dir='ltr'><strong>sana</strong></span> <span class='ocrx_word' id='word_1_420' title='bbox 1871 5757 2101 5811; x_wconf 75' lang='lat' dir='ltr'><strong>laudatur</strong></span> <span class='ocrx_word' id='word_1_421' title='bbox 2130 5775 2150 5813; x_wconf 89' lang='lat'><strong><em>:</em></strong></span> 
     </span>
     <span class='ocr_line' id='line_1_60' title="bbox 613 5821 888 5858; baseline 0 0"><span class='ocrx_word' id='word_1_422' title='bbox 613 5821 718 5858; x_wconf 84' lang='lat' dir='ltr'><strong>mus</strong></span> <span class='ocrx_word' id='word_1_423' title='bbox 775 5823 888 5858; x_wconf 89' lang='lat' dir='ltr'><strong>ene.</strong></span> 
     </span>
    </p>
   </div>
   <div class='ocr_carea' id='block_1_60' title="bbox 560 5818 888 5860">
    <p class='ocr_par' dir='ltr' id='par_1_60' title="bbox 560 5818 888 5860">
     <span class='ocr_line' id='line_1_61' title="bbox 560 5818 888 5860; baseline 0 -2"><span class='ocrx_word' id='word_1_424' title='bbox 560 5818 602 5848; x_wconf 68' lang='grc' dir='ltr'><strong>θ’</strong></span> <span class='ocrx_word' id='word_1_425' title='bbox 611 5821 718 5858; x_wconf 74' lang='lat' dir='ltr'><strong>IDUS</strong></span> <span class='ocrx_word' id='word_1_426' title='bbox 739 5818 888 5860; x_wconf 71' lang='lat' dir='ltr'><strong>D0110.</strong></span> 
     </span>
    </p>
   </div>
   <div class='ocr_carea' id='block_1_61' title="bbox 1279 278 3206 394">
    <p class='ocr_par' dir='ltr' id='par_1_61' title="bbox 1279 278 3206 394">
     <span class='ocr_line' id='line_1_62' title="bbox 1279 278 3206 394; baseline 0 -9"><span class='ocrx_word' id='word_1_427' title='bbox 1279 278 1523 386; x_wconf 79' lang='lat' dir='ltr'><strong>OPERIS</strong></span> <span class='ocrx_word' id='word_1_428' title='bbox 1561 323 1972 381; x_wconf 65' lang='lat' dir='ltr'><strong>IVPEIlFECTI</strong></span> <span class='ocrx_word' id='word_1_429' title='bbox 2011 316 2285 380; x_wconf 65' lang='lat' dir='ltr'><strong>CONTRA</strong></span> <span class='ocrx_word' id='word_1_430' title='bbox 2327 323 2690 394; x_wconf 72' lang='lat' dir='ltr'><strong>JUIJANUM,</strong></span> <span class='ocrx_word' id='word_1_431' title='bbox 2733 325 2794 383; x_wconf 90' lang='lat' dir='ltr'><strong>S.</strong></span> <span class='ocrx_word' id='word_1_432' title='bbox 2834 326 3206 386; x_wconf 76' lang='lat' dir='ltr'><strong>AUGUSTINI</strong></span> 
     </span>
    </p>
   </div>
   <div class='ocr_carea' id='block_1_62' title="bbox 3729 330 3875 390">
    <p class='ocr_par' dir='ltr' id='par_1_62' title="bbox 3729 330 3875 390">
     <span class='ocr_line' id='line_1_63' title="bbox 3729 330 3875 390; baseline -0.007 0"><span class='ocrx_word' id='word_1_433' title='bbox 3729 330 3875 390; x_wconf 60' lang='lat'><strong>“3‘6</strong></span> 
     </span>
    </p>
   </div>
   <div class='ocr_carea' id='block_1_63' title="bbox 2359 438 3876 519">
    <p class='ocr_par' dir='ltr' id='par_1_63' title="bbox 2359 438 3876 519">
     <span class='ocr_line' id='line_1_64' title="bbox 2359 438 3876 519; baseline 0.007 -24"><span class='ocrx_word' id='word_1_434' title='bbox 2359 438 2596 497; x_wconf 82' lang='lat' dir='ltr'><strong>XXXIV.</strong></span> <span class='ocrx_word' id='word_1_435' title='bbox 2639 442 2756 498; x_wconf 71' lang='lat' dir='ltr'><strong>Jun.</strong></span> <span class='ocrx_word' id='word_1_436' title='bbox 2798 443 2940 515; x_wconf 82' lang='lat' dir='ltr'><strong>Lege</strong></span> <span class='ocrx_word' id='word_1_437' title='bbox 2968 447 3113 502; x_wconf 87' lang='lat' dir='ltr'><strong>etde</strong></span> <span class='ocrx_word' id='word_1_438' title='bbox 3143 446 3244 502; x_wconf 89' lang='lat' dir='ltr'><strong>hoc</strong></span> <span class='ocrx_word' id='word_1_439' title='bbox 3270 456 3516 518; x_wconf 87' lang='lat' dir='ltr'><strong>quartum</strong></span> <span class='ocrx_word' id='word_1_440' title='bbox 3547 449 3724 519; x_wconf 79' lang='lat' dir='ltr'><strong>operis</strong></span> <span class='ocrx_word' id='word_1_441' title='bbox 3763 453 3876 506; x_wconf 85' lang='lat' dir='ltr'><strong>mei</strong></span> 
     </span>
    </p>
   </div>
   <div class='ocr_carea' id='block_1_64' title="bbox 2283 533 3872 610">
    <p class='ocr_par' dir='ltr' id='par_1_64' title="bbox 2283 533 3872 610">
     <span class='ocr_line' id='line_1_65' title="bbox 2283 533 3872 610; baseline 0.005 -22"><span class='ocrx_word' id='word_1_442' title='bbox 2283 533 2476 588; x_wconf 88' lang='lat' dir='ltr'><strong>librum</strong></span> <span class='ocrx_word' id='word_1_443' title='bbox 2507 553 2518 588; x_wconf 93' lang='lat'><strong>:</strong></span> <span class='ocrx_word' id='word_1_444' title='bbox 2551 543 2606 589; x_wconf 87' lang='lat' dir='ltr'><strong>et</strong></span> <span class='ocrx_word' id='word_1_445' title='bbox 2630 545 2884 605; x_wconf 86' lang='lat' dir='ltr'><strong>quantum</strong></span> <span class='ocrx_word' id='word_1_446' title='bbox 2913 536 3146 604; x_wconf 89' lang='lat' dir='ltr'><strong>diabolo,</strong></span> <span class='ocrx_word' id='word_1_447' title='bbox 3173 555 3332 610; x_wconf 82' lang='lat' dir='ltr'><strong>quem</strong></span> <span class='ocrx_word' id='word_1_448' title='bbox 3372 551 3576 610; x_wconf 77' lang='lat' dir='ltr'><strong>patrem</strong></span> <span class='ocrx_word' id='word_1_449' title='bbox 3604 550 3750 596; x_wconf 77' lang='lat' dir='ltr'><strong>luunt</strong></span> <span class='ocrx_word' id='word_1_450' title='bbox 3784 543 3872 596; x_wconf 88' lang='lat' dir='ltr'><strong>di-</strong></span> 
     </span>
    </p>
   </div>
   <div class='ocr_carea' id='block_1_65' title="bbox 2281 625 3876 704">
    <p class='ocr_par' dir='ltr' id='par_1_65' title="bbox 2281 625 3876 704">
     <span class='ocr_line' id='line_1_66' title="bbox 2281 625 3876 704; baseline 0.006 -25"><span class='ocrx_word' id='word_1_451' title='bbox 2281 627 2391 691; x_wconf 91' lang='lat' dir='ltr'><strong>cis,</strong></span> <span class='ocrx_word' id='word_1_452' title='bbox 2433 640 2497 682; x_wconf 89' lang='lat' dir='ltr'><strong>ae</strong></span> <span class='ocrx_word' id='word_1_453' title='bbox 2535 625 2736 681; x_wconf 88' lang='lat' dir='ltr'><strong>libidini</strong></span> <span class='ocrx_word' id='word_1_454' title='bbox 2787 629 2942 683; x_wconf 91' lang='lat' dir='ltr'><strong>matri</strong></span> <span class='ocrx_word' id='word_1_455' title='bbox 2996 630 3153 698; x_wconf 67' lang='lat' dir='ltr'><strong>tuaa‘,</strong></span> <span class='ocrx_word' id='word_1_456' title='bbox 3193 630 3293 686; x_wconf 89' lang='lat' dir='ltr'><strong>sub</strong></span> <span class='ocrx_word' id='word_1_457' title='bbox 3330 631 3646 688; x_wconf 87' lang='lat' dir='ltr'><strong>criminandi</strong></span> <span class='ocrx_word' id='word_1_458' title='bbox 3683 634 3876 704; x_wconf 86' lang='lat' dir='ltr'><strong>specie</strong></span> 
     </span>
    </p>
   </div>
   <div class='ocr_carea' id='block_1_66' title="bbox 2280 719 2923 793">
    <p class='ocr_par' dir='ltr' id='par_1_66' title="bbox 2280 719 2923 793">
     <span class='ocr_line' id='line_1_67' title="bbox 2280 719 2923 793; baseline 0.002 -18"><span class='ocrx_word' id='word_1_459' title='bbox 2280 719 2575 775; x_wconf 87' lang='lat' dir='ltr'><strong>blandiaris</strong></span> <span class='ocrx_word' id='word_1_460' title='bbox 2592 762 2606 789; x_wconf 93' lang='lat'><strong>,</strong></span> <span class='ocrx_word' id='word_1_461' title='bbox 2639 720 2923 793; x_wconf 85' lang='lat' dir='ltr'><strong>intelliges.</strong></span> 
     </span>
    </p>
   </div>
   <div class='ocr_carea' id='block_1_67' title="bbox 2353 811 3876 883">
    <p class='ocr_par' dir='ltr' id='par_1_67' title="bbox 2353 811 3876 883">
     <span class='ocr_line' id='line_1_68' title="bbox 2353 811 3876 883; baseline 0.004 -18"><span class='ocrx_word' id='word_1_462' title='bbox 2353 811 2490 868; x_wconf 80' lang='lat' dir='ltr'><strong>Aac.</strong></span> <span class='ocrx_word' id='word_1_463' title='bbox 2534 811 2659 882; x_wconf 86' lang='lat' dir='ltr'><strong>Legi</strong></span> <span class='ocrx_word' id='word_1_464' title='bbox 2696 813 2856 867; x_wconf 84' lang='lat' dir='ltr'><strong>etiam</strong></span> <span class='ocrx_word' id='word_1_465' title='bbox 2887 822 3131 883; x_wconf 87' lang='lat' dir='ltr'><strong>quartum</strong></span> <span class='ocrx_word' id='word_1_466' title='bbox 3169 822 3338 882; x_wconf 89' lang='lat' dir='ltr'><strong>tuum,</strong></span> <span class='ocrx_word' id='word_1_467' title='bbox 3370 824 3425 872; x_wconf 86' lang='lat' dir='ltr'><strong>et</strong></span> <span class='ocrx_word' id='word_1_468' title='bbox 3460 830 3583 870; x_wconf 88' lang='lat' dir='ltr'><strong>meo</strong></span> <span class='ocrx_word' id='word_1_469' title='bbox 3620 824 3774 870; x_wconf 83' lang='lat' dir='ltr'><strong>sexto</strong></span> <span class='ocrx_word' id='word_1_470' title='bbox 3803 815 3876 871; x_wconf 90' lang='lat' dir='ltr'><strong>ad</strong></span> 
     </span>
    </p>
   </div>
   <div class='ocr_carea' id='block_1_68' title="bbox 2281 901 3879 976">
    <p class='ocr_par' dir='ltr' id='par_1_68' title="bbox 2281 901 3879 976">
     <span class='ocr_line' id='line_1_69' title="bbox 2281 901 3879 976; baseline 0.004 -20"><span class='ocrx_word' id='word_1_471' title='bbox 2281 901 2397 972; x_wconf 87' lang='lat' dir='ltr'><strong>ejus</strong></span> <span class='ocrx_word' id='word_1_472' title='bbox 2421 901 2512 956; x_wconf 91' lang='lat' dir='ltr'><strong>tibi</strong></span> <span class='ocrx_word' id='word_1_473' title='bbox 2533 910 2728 958; x_wconf 91' lang='lat' dir='ltr'><strong>cuncta</strong></span> <span class='ocrx_word' id='word_1_474' title='bbox 2757 904 3048 973; x_wconf 89' lang='lat' dir='ltr'><strong>respondi;</strong></span> <span class='ocrx_word' id='word_1_475' title='bbox 3089 907 3210 976; x_wconf 87' lang='lat' dir='ltr'><strong>quis</strong></span> <span class='ocrx_word' id='word_1_476' title='bbox 3249 916 3422 962; x_wconf 88' lang='lat' dir='ltr'><strong>autem</strong></span> <span class='ocrx_word' id='word_1_477' title='bbox 3453 917 3694 962; x_wconf 86' lang='lat' dir='ltr'><strong>nostrum</strong></span> <span class='ocrx_word' id='word_1_478' title='bbox 3727 913 3879 964; x_wconf 86' lang='lat' dir='ltr'><strong>vice-</strong></span> 
     </span>
    </p>
   </div>
   <div class='ocr_carea' id='block_1_69' title="bbox 2280 992 3279 1063">
    <p class='ocr_par' dir='ltr' id='par_1_69' title="bbox 2280 992 3279 1063">
     <span class='ocr_line' id='line_1_70' title="bbox 2280 992 3279 1063; baseline 0.006 -17"><span class='ocrx_word' id='word_1_479' title='bbox 2280 992 2373 1058; x_wconf 90' lang='lat' dir='ltr'><strong>rit,</strong></span> <span class='ocrx_word' id='word_1_480' title='bbox 2402 992 2607 1061; x_wconf 87' lang='lat' dir='ltr'><strong>judicet</strong></span> <span class='ocrx_word' id='word_1_481' title='bbox 2637 994 2755 1063; x_wconf 85' lang='lat' dir='ltr'><strong>pius</strong></span> <span class='ocrx_word' id='word_1_482' title='bbox 2780 995 2952 1049; x_wconf 90' lang='lat' dir='ltr'><strong>lector</strong></span> <span class='ocrx_word' id='word_1_483' title='bbox 2975 996 3279 1052; x_wconf 88' lang='lat' dir='ltr'><strong>amborum.</strong></span> 
     </span>
    </p>
   </div>
   <div class='ocr_carea' id='block_1_70' title="bbox 2352 1082 3876 1159">
    <p class='ocr_par' dir='ltr' id='par_1_70' title="bbox 2352 1082 3876 1159">
     <span class='ocr_line' id='line_1_71' title="bbox 2352 1082 3876 1159; baseline 0.005 -22"><span class='ocrx_word' id='word_1_484' title='bbox 2352 1082 2572 1138; x_wconf 81' lang='lat' dir='ltr'><strong>XXXV.</strong></span> <span class='ocrx_word' id='word_1_485' title='bbox 2605 1085 2722 1140; x_wconf 72' lang='lat' dir='ltr'><strong>Jun.</strong></span> <span class='ocrx_word' id='word_1_486' title='bbox 2753 1085 2949 1141; x_wconf 85' lang='lat' dir='ltr'><strong>Verum</strong></span> <span class='ocrx_word' id='word_1_487' title='bbox 2973 1087 3082 1157; x_wconf 90' lang='lat' dir='ltr'><strong>jam</strong></span> <span class='ocrx_word' id='word_1_488' title='bbox 3110 1089 3348 1159; x_wconf 85' lang='lat' dir='ltr'><strong>Apostoli</strong></span> <span class='ocrx_word' id='word_1_489' title='bbox 3377 1089 3536 1145; x_wconf 86' lang='lat' dir='ltr'><strong>verba</strong></span> <span class='ocrx_word' id='word_1_490' title='bbox 3568 1091 3876 1157; x_wconf 81' lang='lat' dir='ltr'><strong>videamus,</strong></span> 
     </span>
    </p>
   </div>
   <div class='ocr_carea' id='block_1_71' title="bbox 2279 1178 3881 1254">
    <p class='ocr_par' dir='ltr' id='par_1_71' title="bbox 2279 1178 3881 1254">
     <span class='ocr_line' id='line_1_72' title="bbox 2279 1178 3881 1254; baseline 0.006 -23"><span class='ocrx_word' id='word_1_491' title='bbox 2279 1192 2438 1246; x_wconf 87' lang='lat' dir='ltr'><strong>quem</strong></span> <span class='ocrx_word' id='word_1_492' title='bbox 2471 1178 2600 1233; x_wconf 93' lang='lat' dir='ltr'><strong>mihi</strong></span> <span class='ocrx_word' id='word_1_493' title='bbox 2628 1179 2694 1234; x_wconf 89' lang='lat' dir='ltr'><strong>ad</strong></span> <span class='ocrx_word' id='word_1_494' title='bbox 2725 1181 2922 1246; x_wconf 90' lang='lat' dir='ltr'><strong>omnia,</strong></span> <span class='ocrx_word' id='word_1_495' title='bbox 2956 1197 3113 1252; x_wconf 91' lang='lat' dir='ltr'><strong>quem</strong></span> <span class='ocrx_word' id='word_1_496' title='bbox 3144 1197 3302 1251; x_wconf 88' lang='lat' dir='ltr'><strong>supra</strong></span> <span class='ocrx_word' id='word_1_497' title='bbox 3336 1185 3510 1253; x_wconf 89' lang='lat' dir='ltr'><strong>posui,</strong></span> <span class='ocrx_word' id='word_1_498' title='bbox 3545 1184 3881 1254; x_wconf 83' lang='lat' dir='ltr'><strong>respondere</strong></span> 
     </span>
    </p>
   </div>
   <div class='ocr_carea' id='block_1_72' title="bbox 2279 1268 3878 1346">
    <p class='ocr_par' dir='ltr' id='par_1_72' title="bbox 2279 1268 3878 1346">
     <span class='ocr_line' id='line_1_73' title="bbox 2279 1268 3878 1346; baseline 0.004 -23"><span class='ocrx_word' id='word_1_499' title='bbox 2279 1268 2499 1324; x_wconf 74' lang='lat' dir='ltr'><strong>dixisti:</strong></span> <span class='ocrx_word' id='word_1_500' title='bbox 2542 1270 2624 1324; x_wconf 73' lang='lat' dir='ltr'><strong>At!</strong></span> <span class='ocrx_word' id='word_1_501' title='bbox 2659 1273 2828 1325; x_wconf 81' lang='lat' dir='ltr'><strong>omnia</strong></span> <span class='ocrx_word' id='word_1_502' title='bbox 2868 1273 2966 1327; x_wconf 65' lang='lat' dir='ltr'><strong>icta</strong></span> <span class='ocrx_word' id='word_1_503' title='bbox 3007 1274 3124 1327; x_wconf 89' lang='lat' dir='ltr'><strong>huic</strong></span> <span class='ocrx_word' id='word_1_504' title='bbox 3165 1275 3424 1343; x_wconf 76' lang='lat' dir='ltr'><strong>respondit</strong></span> <span class='ocrx_word' id='word_1_505' title='bbox 3462 1275 3754 1346; x_wconf 77' lang='lat' dir='ltr'><strong>Apostolus,</strong></span> <span class='ocrx_word' id='word_1_506' title='bbox 3787 1278 3878 1345; x_wconf 84' lang='lat' dir='ltr'><strong>qui</strong></span> 
     </span>
    </p>
   </div>
   <div class='ocr_carea' id='block_1_73' title="bbox 2279 1358 3878 1442">
    <p class='ocr_par' dir='ltr' id='par_1_73' title="bbox 2279 1358 3878 1442">
     <span class='ocr_line' id='line_1_74' title="bbox 2279 1358 3878 1442; baseline 0.004 -29"><span class='ocrx_word' id='word_1_507' title='bbox 2279 1376 2436 1430; x_wconf 86' lang='lat' dir='ltr'><strong>neque</strong></span> <span class='ocrx_word' id='word_1_508' title='bbox 2476 1363 2784 1416; x_wconf 81' lang='lat' dir='ltr'><strong>voluntatem</strong></span> <span class='ocrx_word' id='word_1_509' title='bbox 2821 1365 2990 1435; x_wconf 80' lang='lat' dir='ltr'><strong>arguit</strong></span> <span class='ocrx_word' id='word_1_510' title='bbox 3039 1365 3258 1442; x_wconf 80' lang='lat' dir='ltr'><strong>parvuli,</strong></span> <span class='ocrx_word' id='word_1_511' title='bbox 3284 1381 3399 1437; x_wconf 69' lang='lat' dir='ltr'><strong>quis</strong></span> <span class='ocrx_word' id='word_1_512' title='bbox 3435 1367 3641 1438; x_wconf 87' lang='lat' dir='ltr'><strong>prapria</strong></span> <span class='ocrx_word' id='word_1_513' title='bbox 3680 1367 3733 1420; x_wconf 88' lang='lat' dir='ltr'><strong>in</strong></span> <span class='ocrx_word' id='word_1_514' title='bbox 3779 1358 3878 1420; x_wconf 85' lang='lat' dir='ltr'><strong>illo</strong></span> 
     </span>
    </p>
   </div>
   <div class='ocr_carea' id='block_1_74' title="bbox 2280 1454 3880 1530">
    <p class='ocr_par' dir='ltr' id='par_1_74' title="bbox 2280 1454 3880 1530">
     <span class='ocr_line' id='line_1_75' title="bbox 2280 1454 3880 1530; baseline 0.004 -23"><span class='ocrx_word' id='word_1_515' title='bbox 2280 1454 2508 1508; x_wconf 85' lang='lat' dir='ltr'><strong>nondum</strong></span> <span class='ocrx_word' id='word_1_516' title='bbox 2547 1464 2620 1508; x_wconf 88' lang='lat' dir='ltr'><strong>est</strong></span> <span class='ocrx_word' id='word_1_517' title='bbox 2656 1455 2724 1509; x_wconf 85' lang='lat' dir='ltr'><strong>ad</strong></span> <span class='ocrx_word' id='word_1_518' title='bbox 2762 1456 3108 1525; x_wconf 82' lang='lat' dir='ltr'><strong>peccandum;</strong></span> <span class='ocrx_word' id='word_1_519' title='bbox 3164 1473 3320 1527; x_wconf 87' lang='lat' dir='ltr'><strong>neque</strong></span> <span class='ocrx_word' id='word_1_520' title='bbox 3357 1459 3575 1528; x_wconf 80' lang='lat' dir='ltr'><strong>nuptias,</strong></span> <span class='ocrx_word' id='word_1_521' title='bbox 3617 1460 3668 1513; x_wconf 88' lang='lat' dir='ltr'><strong>in</strong></span> <span class='ocrx_word' id='word_1_522' title='bbox 3707 1477 3880 1530; x_wconf 87' lang='lat' dir='ltr'><strong>quan-</strong></span> 
     </span>
    </p>
   </div>
   <div class='ocr_carea' id='block_1_75' title="bbox 2283 1548 3876 1621">
    <p class='ocr_par' dir='ltr' id='par_1_75' title="bbox 2283 1548 3876 1621">
     <span class='ocr_line' id='line_1_76' title="bbox 2283 1548 3876 1621; baseline 0.005 -22"><span class='ocrx_word' id='word_1_523' title='bbox 2283 1563 2391 1600; x_wconf 72' lang='lat' dir='ltr'><strong>tum</strong></span> <span class='ocrx_word' id='word_1_524' title='bbox 2428 1548 2622 1618; x_wconf 81' lang='lat' dir='ltr'><strong>nuptia:</strong></span> <span class='ocrx_word' id='word_1_525' title='bbox 2658 1557 2805 1614; x_wconf 89' lang='lat' dir='ltr'><strong>sunt,</strong></span> <span class='ocrx_word' id='word_1_526' title='bbox 2844 1565 2959 1621; x_wconf 77' lang='lat' dir='ltr'><strong>qua:</strong></span> <span class='ocrx_word' id='word_1_527' title='bbox 3006 1550 3190 1605; x_wconf 81' lang='lat' dir='ltr'><strong>habent</strong></span> <span class='ocrx_word' id='word_1_528' title='bbox 3227 1569 3258 1604; x_wconf 92' lang='lat' dir='ltr'><strong>a</strong></span> <span class='ocrx_word' id='word_1_529' title='bbox 3296 1549 3406 1606; x_wconf 86' lang='lat' dir='ltr'><strong>Deo</strong></span> <span class='ocrx_word' id='word_1_530' title='bbox 3444 1569 3544 1606; x_wconf 86' lang='lat' dir='ltr'><strong>non</strong></span> <span class='ocrx_word' id='word_1_531' title='bbox 3583 1553 3745 1606; x_wconf 81' lang='lat' dir='ltr'><strong>solum</strong></span> <span class='ocrx_word' id='word_1_532' title='bbox 3785 1553 3876 1607; x_wconf 70' lang='lat' dir='ltr'><strong>in—</strong></span> 
     </span>
    </p>
   </div>
   <div class='ocr_carea' id='block_1_76' title="bbox 2278 1638 3880 1714">
    <p class='ocr_par' dir='ltr' id='par_1_76' title="bbox 2278 1638 3880 1714">
     <span class='ocr_line' id='line_1_77' title="bbox 2278 1638 3880 1714; baseline 0.002 -21"><span class='ocrx_word' id='word_1_533' title='bbox 2278 1639 2608 1706; x_wconf 86' lang='lat' dir='ltr'><strong>stitutionem,</strong></span> <span class='ocrx_word' id='word_1_534' title='bbox 2639 1645 2809 1694; x_wconf 74' lang='lat' dir='ltr'><strong>verum</strong></span> <span class='ocrx_word' id='word_1_535' title='bbox 2835 1641 2986 1695; x_wconf 86' lang='lat' dir='ltr'><strong>etiam</strong></span> <span class='ocrx_word' id='word_1_536' title='bbox 3017 1638 3450 1709; x_wconf 76' lang='lat' dir='ltr'><strong>benedictitinem;</strong></span> <span class='ocrx_word' id='word_1_537' title='bbox 3488 1649 3645 1714; x_wconf 81' lang='lat' dir='ltr'><strong>neque</strong></span> <span class='ocrx_word' id='word_1_538' title='bbox 3684 1661 3880 1713; x_wconf 53' lang='lat' dir='ltr'><strong>parca-‘-</strong></span> 
     </span>
    </p>
   </div>
   <div class='ocr_carea' id='block_1_77' title="bbox 2278 1730 3879 1806">
    <p class='ocr_par' dir='ltr' id='par_1_77' title="bbox 2278 1730 3879 1806">
     <span class='ocr_line' id='line_1_78' title="bbox 2278 1730 3879 1806; baseline 0.003 -23"><span class='ocrx_word' id='word_1_539' title='bbox 2278 1735 2371 1795; x_wconf 74' lang='lat' dir='ltr'><strong>tes,</strong></span> <span class='ocrx_word' id='word_1_540' title='bbox 2403 1730 2454 1783; x_wconf 91' lang='lat' dir='ltr'><strong>in</strong></span> <span class='ocrx_word' id='word_1_541' title='bbox 2485 1740 2728 1801; x_wconf 87' lang='lat' dir='ltr'><strong>quantmn</strong></span> <span class='ocrx_word' id='word_1_542' title='bbox 2763 1742 2998 1802; x_wconf 87' lang='lat' dir='ltr'><strong>parentes</strong></span> <span class='ocrx_word' id='word_1_543' title='bbox 3020 1743 3154 1798; x_wconf 87' lang='lat' dir='ltr'><strong>sunt,</strong></span> <span class='ocrx_word' id='word_1_544' title='bbox 3182 1734 3392 1788; x_wconf 78' lang='lat' dir='ltr'><strong>invicem</strong></span> <span class='ocrx_word' id='word_1_545' title='bbox 3421 1734 3556 1788; x_wconf 90' lang='lat' dir='ltr'><strong>licite</strong></span> <span class='ocrx_word' id='word_1_546' title='bbox 3578 1745 3724 1804; x_wconf 88' lang='lat' dir='ltr'><strong>atque</strong></span> <span class='ocrx_word' id='word_1_547' title='bbox 3744 1735 3879 1806; x_wconf 55' lang='lat' dir='ltr'><strong>legi:-</strong></span> 
     </span>
    </p>
   </div>
   <div class='ocr_carea' id='block_1_78' title="bbox 2277 1815 3868 1898">
    <p class='ocr_par' dir='ltr' id='par_1_78' title="bbox 2277 1815 3868 1898">
     <span class='ocr_line' id='line_1_79' title="bbox 2277 1815 3868 1898; baseline 0.002 -22"><span class='ocrx_word' id='word_1_548' title='bbox 2277 1821 2396 1876; x_wconf 87' lang='lat' dir='ltr'><strong>time</strong></span> <span class='ocrx_word' id='word_1_549' title='bbox 2415 1815 2483 1874; x_wconf 84' lang='lat' dir='ltr'><strong>ad</strong></span> <span class='ocrx_word' id='word_1_550' title='bbox 2506 1823 2846 1892; x_wconf 84' lang='lat' dir='ltr'><strong>procreandos</strong></span> <span class='ocrx_word' id='word_1_551' title='bbox 2871 1825 3005 1893; x_wconf 78' lang='lat' dir='ltr'><strong>ﬁlios</strong></span> <span class='ocrx_word' id='word_1_552' title='bbox 3030 1823 3288 1898; x_wconf 71' lang='lat' dir='ltr'><strong>conjugati</strong></span> <span class='ocrx_word' id='word_1_553' title='bbox 3302 1826 3442 1892; x_wconf 84' lang='lat' dir='ltr'><strong>:sed,</strong></span> <span class='ocrx_word' id='word_1_554' title='bbox 3462 1845 3480 1877; x_wconf 73' lang='grc' dir='ltr'>ί</span> <span class='ocrx_word' id='word_1_555' title='bbox 3515 1825 3616 1882; x_wconf 88' lang='lat' dir='ltr'><strong>Per</strong></span> <span class='ocrx_word' id='word_1_556' title='bbox 3635 1843 3816 1892; x_wconf 86' lang='lat' dir='ltr'><strong>unum,</strong></span> <span class='ocrx_word' id='word_1_557' title='bbox 3845 1846 3868 1879; x_wconf 73' lang='grc' dir='ltr'>ι</span> 
     </span>
    </p>
   </div>
   <div class='ocr_carea' id='block_1_79' title="bbox 2276 1914 3875 1990">
    <p class='ocr_par' dir='ltr' id='par_1_79' title="bbox 2276 1914 3875 1990">
     <span class='ocr_line' id='line_1_80' title="bbox 2276 1914 3875 1990; baseline 0.003 -22"><span class='ocrx_word' id='word_1_558' title='bbox 2276 1914 2456 1986; x_wconf 79' lang='lat' dir='ltr'><strong>inquit,</strong></span> <span class='ocrx_word' id='word_1_559' title='bbox 2481 1933 2500 1967; x_wconf 71' lang='grc' dir='ltr'><strong>α</strong></span> <span class='ocrx_word' id='word_1_560' title='bbox 2532 1915 2784 1971; x_wconf 84' lang='lat' dir='ltr'><strong>hominem</strong></span> <span class='ocrx_word' id='word_1_561' title='bbox 2815 1926 3070 1989; x_wconf 85' lang='lat' dir='ltr'><strong>peccatum</strong></span> <span class='ocrx_word' id='word_1_562' title='bbox 3093 1918 3294 1972; x_wconf 82' lang='lat' dir='ltr'><strong>intrauit</strong></span> <span class='ocrx_word' id='word_1_563' title='bbox 3324 1919 3377 1972; x_wconf 88' lang='lat' dir='ltr'><strong>in</strong></span> <span class='ocrx_word' id='word_1_564' title='bbox 3405 1920 3671 1986; x_wconf 84' lang='lat' dir='ltr'><strong>mundum,</strong></span> <span class='ocrx_word' id='word_1_565' title='bbox 3697 1929 3746 1972; x_wconf 88' lang='lat' dir='ltr'><strong>et</strong></span> <span class='ocrx_word' id='word_1_566' title='bbox 3777 1937 3875 1990; x_wconf 86' lang='lat' dir='ltr'><strong>per</strong></span> 
     </span>
    </p>
   </div>
   <div class='ocr_carea' id='block_1_80' title="bbox 2281 2011 3871 2082">
    <p class='ocr_par' dir='ltr' id='par_1_80' title="bbox 2281 2011 3871 2082">
     <span class='ocr_line' id='line_1_81' title="bbox 2281 2011 3871 2082; baseline 0.003 -22"><span class='ocrx_word' id='word_1_567' title='bbox 2281 2019 2303 2060; x_wconf 68' lang='grc' dir='ltr'><strong><em>ι</em></strong></span> <span class='ocrx_word' id='word_1_568' title='bbox 2348 2019 2609 2080; x_wconf 77' lang='lat' dir='ltr'><strong>peccatum</strong></span> <span class='ocrx_word' id='word_1_569' title='bbox 2633 2026 2806 2076; x_wconf 89' lang='lat' dir='ltr'><strong>mors;</strong></span> <span class='ocrx_word' id='word_1_570' title='bbox 2834 2019 2881 2064; x_wconf 92' lang='lat' dir='ltr'><strong>et</strong></span> <span class='ocrx_word' id='word_1_571' title='bbox 2910 2011 2982 2064; x_wconf 88' lang='lat' dir='ltr'><strong>ita</strong></span> <span class='ocrx_word' id='word_1_572' title='bbox 3023 2012 3076 2066; x_wconf 84' lang='lat' dir='ltr'><strong>in</strong></span> <span class='ocrx_word' id='word_1_573' title='bbox 3101 2027 3273 2066; x_wconf 87' lang='lat' dir='ltr'><strong>omnes</strong></span> <span class='ocrx_word' id='word_1_574' title='bbox 3300 2012 3525 2067; x_wconf 77' lang='lat' dir='ltr'><strong>homines</strong></span> <span class='ocrx_word' id='word_1_575' title='bbox 3551 2014 3871 2082; x_wconf 80' lang='lat' dir='ltr'><strong>pertransiit,</strong></span> 
     </span>
    </p>
   </div>
   <div class='ocr_carea' id='block_1_81' title="bbox 2283 2099 3876 2175">
    <p class='ocr_par' dir='ltr' id='par_1_81' title="bbox 2283 2099 3876 2175">
     <span class='ocr_line' id='line_1_82' title="bbox 2283 2099 3876 2175; baseline 0.006 -25"><span class='ocrx_word' id='word_1_576' title='bbox 2283 2115 2303 2150; x_wconf 85' lang='grc'><strong><em>‹</em></strong></span> <span class='ocrx_word' id='word_1_577' title='bbox 2346 2099 2399 2152; x_wconf 89' lang='lat' dir='ltr'><strong>in</strong></span> <span class='ocrx_word' id='word_1_578' title='bbox 2428 2115 2527 2170; x_wconf 86' lang='lat' dir='ltr'><strong>quo</strong></span> <span class='ocrx_word' id='word_1_579' title='bbox 2547 2117 2718 2155; x_wconf 89' lang='lat' dir='ltr'><strong>omnes</strong></span> <span class='ocrx_word' id='word_1_580' title='bbox 2748 2107 3079 2173; x_wconf 75' lang='lat' dir='ltr'><strong>peccaverunt</strong></span> <span class='ocrx_word' id='word_1_581' title='bbox 3124 2121 3144 2157; x_wconf 70' lang='grc' dir='ltr'><strong><em>ι</em></strong></span> <span class='ocrx_word' id='word_1_582' title='bbox 3181 2103 3356 2174; x_wconf 84' lang='lat' dir='ltr'><strong>(Rom.</strong></span> <span class='ocrx_word' id='word_1_583' title='bbox 3386 2121 3436 2169; x_wconf 77' lang='grc' dir='ltr'><strong>ν,</strong></span> <span class='ocrx_word' id='word_1_584' title='bbox 3468 2104 3576 2175; x_wconf 71' lang='grc'><strong>12).</strong></span> <span class='ocrx_word' id='word_1_585' title='bbox 3610 2105 3758 2172; x_wconf 80' lang='lat' dir='ltr'><strong>Quod</strong></span> <span class='ocrx_word' id='word_1_586' title='bbox 3783 2107 3876 2160; x_wconf 81' lang='lat' dir='ltr'><strong>isti</strong></span> 
     </span>
    </p>
   </div>
   <div class='ocr_carea' id='block_1_82' title="bbox 2275 2189 3875 2266">
    <p class='ocr_par' dir='ltr' id='par_1_82' title="bbox 2275 2189 3875 2266">
     <span class='ocr_line' id='line_1_83' title="bbox 2275 2189 3875 2266; baseline 0.004 -22"><span class='ocrx_word' id='word_1_587' title='bbox 2275 2189 2322 2244; x_wconf 83' lang='lat' dir='ltr'><strong>si</strong></span> <span class='ocrx_word' id='word_1_588' title='bbox 2349 2191 2610 2245; x_wconf 81' lang='lat' dir='ltr'><strong>catholicis</strong></span> <span class='ocrx_word' id='word_1_589' title='bbox 2643 2191 2848 2246; x_wconf 89' lang='lat' dir='ltr'><strong>auribus</strong></span> <span class='ocrx_word' id='word_1_590' title='bbox 2876 2193 3224 2264; x_wconf 86' lang='lat' dir='ltr'><strong>mentibusque</strong></span> <span class='ocrx_word' id='word_1_591' title='bbox 3247 2195 3576 2266; x_wconf 83' lang='lat' dir='ltr'><strong>perciperent,</strong></span> <span class='ocrx_word' id='word_1_592' title='bbox 3601 2197 3875 2250; x_wconf 74' lang='lat' dir='ltr'><strong>adversum</strong></span> 
     </span>
    </p>
   </div>
   <div class='ocr_carea' id='block_1_83' title="bbox 2278 2279 3870 2356">
    <p class='ocr_par' dir='ltr' id='par_1_83' title="bbox 2278 2279 3870 2356">
     <span class='ocr_line' id='line_1_84' title="bbox 2278 2279 3870 2356; baseline 0.005 -23"><span class='ocrx_word' id='word_1_593' title='bbox 2278 2279 2431 2350; x_wconf 78' lang='lat' dir='ltr'><strong>[idem</strong></span> <span class='ocrx_word' id='word_1_594' title='bbox 2457 2281 2774 2352; x_wconf 83' lang='lat' dir='ltr'><strong>gratiamque</strong></span> <span class='ocrx_word' id='word_1_595' title='bbox 2802 2281 2989 2338; x_wconf 85' lang='lat' dir='ltr'><strong>Christi</strong></span> <span class='ocrx_word' id='word_1_596' title='bbox 3012 2284 3217 2340; x_wconf 83' lang='lat' dir='ltr'><strong>rebelles</strong></span> <span class='ocrx_word' id='word_1_597' title='bbox 3244 2286 3440 2341; x_wconf 88' lang='lat' dir='ltr'><strong>animos</strong></span> <span class='ocrx_word' id='word_1_598' title='bbox 3469 2303 3568 2342; x_wconf 85' lang='lat' dir='ltr'><strong>non</strong></span> <span class='ocrx_word' id='word_1_599' title='bbox 3604 2287 3870 2356; x_wconf 85' lang='lat' dir='ltr'><strong>haberent,</strong></span> 
     </span>
    </p>
   </div>
   <div class='ocr_carea' id='block_1_84' title="bbox 2275 2374 3876 2449">
    <p class='ocr_par' dir='ltr' id='par_1_84' title="bbox 2275 2374 3876 2449">
     <span class='ocr_line' id='line_1_85' title="bbox 2275 2374 3876 2449; baseline 0.006 -24"><span class='ocrx_word' id='word_1_600' title='bbox 2275 2387 2434 2444; x_wconf 86' lang='lat' dir='ltr'><strong>neque</strong></span> <span class='ocrx_word' id='word_1_601' title='bbox 2465 2382 2765 2427; x_wconf 85' lang='lat' dir='ltr'><strong>conarentur</strong></span> <span class='ocrx_word' id='word_1_602' title='bbox 2792 2374 3029 2441; x_wconf 87' lang='lat' dir='ltr'><strong>inaniter,</strong></span> <span class='ocrx_word' id='word_1_603' title='bbox 3057 2376 3127 2430; x_wconf 86' lang='lat' dir='ltr'><strong>ad</strong></span> <span class='ocrx_word' id='word_1_604' title='bbox 3151 2394 3296 2431; x_wconf 89' lang='lat' dir='ltr'><strong>suum</strong></span> <span class='ocrx_word' id='word_1_605' title='bbox 3333 2379 3594 2449; x_wconf 87' lang='lat' dir='ltr'><strong>praprium</strong></span> <span class='ocrx_word' id='word_1_606' title='bbox 3623 2389 3670 2434; x_wconf 90' lang='lat' dir='ltr'><strong>et</strong></span> <span class='ocrx_word' id='word_1_607' title='bbox 3699 2380 3876 2435; x_wconf 71' lang='lat' dir='ltr'><strong>licere-</strong></span> 
     </span>
    </p>
   </div>
   <div class='ocr_carea' id='block_1_85' title="bbox 2275 2465 3871 2537">
    <p class='ocr_par' dir='ltr' id='par_1_85' title="bbox 2275 2465 3871 2537">
     <span class='ocr_line' id='line_1_86' title="bbox 2275 2465 3871 2537; baseline 0.007 -21"><span class='ocrx_word' id='word_1_608' title='bbox 2275 2465 2429 2517; x_wconf 87' lang='lat' dir='ltr'><strong>ticum</strong></span> <span class='ocrx_word' id='word_1_609' title='bbox 2474 2476 2676 2519; x_wconf 82' lang='lat' dir='ltr'><strong>sensum</strong></span> <span class='ocrx_word' id='word_1_610' title='bbox 2720 2467 2828 2521; x_wconf 76' lang='lat' dir='ltr'><strong>han:</strong></span> <span class='ocrx_word' id='word_1_611' title='bbox 2865 2468 3148 2537; x_wconf 86' lang='lat' dir='ltr'><strong>apostolica</strong></span> <span class='ocrx_word' id='word_1_612' title='bbox 3192 2469 3341 2524; x_wconf 76' lang='lat' dir='ltr'><strong>verba</strong></span> <span class='ocrx_word' id='word_1_613' title='bbox 3389 2480 3492 2524; x_wconf 85' lang='lat' dir='ltr'><strong>tant</strong></span> <span class='ocrx_word' id='word_1_614' title='bbox 3537 2471 3768 2525; x_wconf 84' lang='lat' dir='ltr'><strong>dilucida</strong></span> <span class='ocrx_word' id='word_1_615' title='bbox 3815 2480 3871 2527; x_wconf 80' lang='lat' dir='ltr'><strong>et</strong></span> 
     </span>
    </p>
   </div>
   <div class='ocr_carea' id='block_1_86' title="bbox 2277 2555 3872 2626">
    <p class='ocr_par' dir='ltr' id='par_1_86' title="bbox 2277 2555 3872 2626">
     <span class='ocr_line' id='line_1_87' title="bbox 2277 2555 3872 2626; baseline 0.006 -20"><span class='ocrx_word' id='word_1_616' title='bbox 2277 2563 2380 2607; x_wconf 89' lang='lat' dir='ltr'><strong>tam</strong></span> <span class='ocrx_word' id='word_1_617' title='bbox 2419 2555 2686 2626; x_wconf 74' lang='lat' dir='ltr'><strong>manifesta</strong></span> <span class='ocrx_word' id='word_1_618' title='bbox 2714 2565 3017 2623; x_wconf 82' lang='lat' dir='ltr'><strong>convertere,</strong></span> <span class='ocrx_word' id='word_1_619' title='bbox 3054 2569 3328 2614; x_wconf 83' lang='lat' dir='ltr'><strong>asserentes</strong></span> <span class='ocrx_word' id='word_1_620' title='bbox 3375 2562 3470 2615; x_wconf 89' lang='lat' dir='ltr'><strong>hoc</strong></span> <span class='ocrx_word' id='word_1_621' title='bbox 3518 2561 3630 2616; x_wconf 87' lang='lat' dir='ltr'><strong>ideo</strong></span> <span class='ocrx_word' id='word_1_622' title='bbox 3673 2562 3872 2617; x_wconf 80' lang='lat' dir='ltr'><strong>dictum</strong></span> 
     </span>
    </p>
   </div>
   <div class='ocr_carea' id='block_1_87' title="bbox 2274 2646 3870 2723">
    <p class='ocr_par' dir='ltr' id='par_1_87' title="bbox 2274 2646 3870 2723">
     <span class='ocr_line' id='line_1_88' title="bbox 2274 2646 3870 2723; baseline 0.006 -25"><span class='ocrx_word' id='word_1_623' title='bbox 2274 2661 2404 2712; x_wconf 87' lang='lat' dir='ltr'><strong>esse,-</strong></span> <span class='ocrx_word' id='word_1_624' title='bbox 2431 2646 2566 2716; x_wconf 86' lang='lat' dir='ltr'><strong>quod</strong></span> <span class='ocrx_word' id='word_1_625' title='bbox 2596 2646 2758 2700; x_wconf 79' lang='lat' dir='ltr'><strong>Adam</strong></span> <span class='ocrx_word' id='word_1_626' title='bbox 2786 2651 3063 2717; x_wconf 81' lang='lat' dir='ltr'><strong>peccaverit</strong></span> <span class='ocrx_word' id='word_1_627' title='bbox 3103 2650 3342 2720; x_wconf 88' lang='lat' dir='ltr'><strong>primum,</strong></span> <span class='ocrx_word' id='word_1_628' title='bbox 3371 2652 3422 2705; x_wconf 90' lang='lat' dir='ltr'><strong>in</strong></span> <span class='ocrx_word' id='word_1_629' title='bbox 3448 2668 3547 2723; x_wconf 88' lang='lat' dir='ltr'><strong>quo</strong></span> <span class='ocrx_word' id='word_1_630' title='bbox 3576 2651 3638 2707; x_wconf 83' lang='lat' dir='ltr'><strong>de</strong></span> <span class='ocrx_word' id='word_1_631' title='bbox 3661 2663 3870 2721; x_wconf 75' lang='lat' dir='ltr'><strong>ca&#39;tero,</strong></span> 
     </span>
    </p>
   </div>
   <div class='ocr_carea' id='block_1_88' title="bbox 2272 2737 3877 2815">
    <p class='ocr_par' dir='ltr' id='par_1_88' title="bbox 2272 2737 3877 2815">
     <span class='ocr_line' id='line_1_89' title="bbox 2272 2737 3877 2815; baseline 0.009 -29"><span class='ocrx_word' id='word_1_632' title='bbox 2272 2737 2497 2806; x_wconf 84' lang='lat' dir='ltr'><strong>quisquis</strong></span> <span class='ocrx_word' id='word_1_633' title='bbox 2522 2752 2730 2806; x_wconf 88' lang='lat' dir='ltr'><strong>peccare</strong></span> <span class='ocrx_word' id='word_1_634' title='bbox 2755 2738 2930 2806; x_wconf 86' lang='lat' dir='ltr'><strong>voluit,</strong></span> <span class='ocrx_word' id='word_1_635' title='bbox 2961 2741 3204 2810; x_wconf 83' lang='lat' dir='ltr'><strong>peccandi</strong></span> <span class='ocrx_word' id='word_1_636' title='bbox 3232 2742 3416 2796; x_wconf 80' lang='lat' dir='ltr'><strong>invenit</strong></span> <span class='ocrx_word' id='word_1_637' title='bbox 3443 2745 3726 2815; x_wconf 74' lang='lat' dir='ltr'><strong>exemplum</strong></span> <span class='ocrx_word' id='word_1_638' title='bbox 3750 2759 3772 2809; x_wconf 87' lang='lat'><strong>;</strong></span> <span class='ocrx_word' id='word_1_639' title='bbox 3810 2755 3877 2800; x_wconf 75' lang='lat' dir='ltr'><strong>ut</strong></span> 
     </span>
    </p>
   </div>
   <div class='ocr_carea' id='block_1_89' title="bbox 2274 2830 3868 2907">
    <p class='ocr_par' dir='ltr' id='par_1_89' title="bbox 2274 2830 3868 2907">
     <span class='ocr_line' id='line_1_90' title="bbox 2274 2830 3868 2907; baseline 0.009 -27"><span class='ocrx_word' id='word_1_640' title='bbox 2274 2839 2532 2898; x_wconf 87' lang='lat' dir='ltr'><strong>peccatum</strong></span> <span class='ocrx_word' id='word_1_641' title='bbox 2561 2830 2749 2885; x_wconf 86' lang='lat' dir='ltr'><strong>scilicet</strong></span> <span class='ocrx_word' id='word_1_642' title='bbox 2778 2847 2878 2886; x_wconf 88' lang='lat' dir='ltr'><strong>non</strong></span> <span class='ocrx_word' id='word_1_643' title='bbox 2907 2838 3230 2904; x_wconf 84' lang='lat' dir='ltr'><strong>generatione</strong></span> <span class='ocrx_word' id='word_1_644' title='bbox 3257 2836 3318 2890; x_wconf 89' lang='lat' dir='ltr'><strong>ab</strong></span> <span class='ocrx_word' id='word_1_645' title='bbox 3345 2836 3434 2890; x_wconf 88' lang='lat' dir='ltr'><strong>illo</strong></span> <span class='ocrx_word' id='word_1_646' title='bbox 3465 2855 3563 2892; x_wconf 90' lang='lat' dir='ltr'><strong>uno</strong></span> <span class='ocrx_word' id='word_1_647' title='bbox 3593 2839 3644 2892; x_wconf 89' lang='lat' dir='ltr'><strong>in</strong></span> <span class='ocrx_word' id='word_1_648' title='bbox 3667 2855 3868 2907; x_wconf 72' lang='lat' dir='ltr'><strong>omnes,</strong></span> 
     </span>
    </p>
   </div>
   <div class='ocr_carea' id='block_1_90' title="bbox 2271 2923 3875 3005">
    <p class='ocr_par' dir='ltr' id='par_1_90' title="bbox 2271 2923 3875 3005">
     <span class='ocr_line' id='line_1_91' title="bbox 2271 2923 3875 3005; baseline 0.008 -30"><span class='ocrx_word' id='word_1_649' title='bbox 2271 2923 2360 2977; x_wconf 83' lang='lat' dir='ltr'><strong>sed</strong></span> <span class='ocrx_word' id='word_1_650' title='bbox 2397 2923 2535 2977; x_wconf 86' lang='lat' dir='ltr'><strong>illius</strong></span> <span class='ocrx_word' id='word_1_651' title='bbox 2570 2925 2720 2979; x_wconf 88' lang='lat' dir='ltr'><strong>unius</strong></span> <span class='ocrx_word' id='word_1_652' title='bbox 2758 2926 3039 2983; x_wconf 88' lang='lat' dir='ltr'><strong>imitatione</strong></span> <span class='ocrx_word' id='word_1_653' title='bbox 3081 2931 3336 2985; x_wconf 85' lang='lat' dir='ltr'><strong>transiret.</strong></span> <span class='ocrx_word' id='word_1_654' title='bbox 3367 2931 3494 2986; x_wconf 85' lang='lat' dir='ltr'><strong>Cum</strong></span> <span class='ocrx_word' id='word_1_655' title='bbox 3535 2935 3781 3005; x_wconf 76' lang='lat' dir='ltr'><strong>proferto,</strong></span> <span class='ocrx_word' id='word_1_656' title='bbox 3821 2935 3875 2988; x_wconf 75' lang='lat' dir='ltr'><strong>si</strong></span> 
     </span>
    </p>
   </div>
   <div class='ocr_carea' id='block_1_91' title="bbox 2272 3013 3873 3098">
    <p class='ocr_par' dir='ltr' id='par_1_91' title="bbox 2272 3013 3873 3098">
     <span class='ocr_line' id='line_1_92' title="bbox 2272 3013 3873 3098; baseline 0.009 -30"><span class='ocrx_word' id='word_1_657' title='bbox 2272 3013 2547 3088; x_wconf 79' lang='lat' dir='ltr'><strong>Apostolus</strong></span> <span class='ocrx_word' id='word_1_658' title='bbox 2587 3017 2669 3070; x_wconf 92' lang='lat' dir='ltr'><strong>hic</strong></span> <span class='ocrx_word' id='word_1_659' title='bbox 2709 3018 3037 3075; x_wconf 84' lang='lat' dir='ltr'><strong>imitationem</strong></span> <span class='ocrx_word' id='word_1_660' title='bbox 3076 3022 3290 3096; x_wconf 84' lang='lat' dir='ltr'><strong>intelligi</strong></span> <span class='ocrx_word' id='word_1_661' title='bbox 3329 3025 3580 3092; x_wconf 79' lang='lat' dir='ltr'><strong>voluisset,</strong></span> <span class='ocrx_word' id='word_1_662' title='bbox 3626 3044 3726 3081; x_wconf 87' lang='lat' dir='ltr'><strong>non</strong></span> <span class='ocrx_word' id='word_1_663' title='bbox 3777 3040 3873 3098; x_wconf 78' lang='lat' dir='ltr'><strong>per</strong></span> 
     </span>
    </p>
   </div>
   <div class='ocr_carea' id='block_1_92' title="bbox 2271 3107 3872 3186">
    <p class='ocr_par' dir='ltr' id='par_1_92' title="bbox 2271 3107 3872 3186">
     <span class='ocr_line' id='line_1_93' title="bbox 2271 3107 3872 3186; baseline 0.009 -26"><span class='ocrx_word' id='word_1_664' title='bbox 2271 3121 2429 3160; x_wconf 88' lang='lat' dir='ltr'><strong>unum</strong></span> <span class='ocrx_word' id='word_1_665' title='bbox 2459 3107 2736 3175; x_wconf 85' lang='lat' dir='ltr'><strong>hominem,</strong></span> <span class='ocrx_word' id='word_1_666' title='bbox 2759 3110 2850 3162; x_wconf 85' lang='lat' dir='ltr'><strong>sed</strong></span> <span class='ocrx_word' id='word_1_667' title='bbox 2877 3127 2968 3181; x_wconf 85' lang='lat' dir='ltr'><strong>per</strong></span> <span class='ocrx_word' id='word_1_668' title='bbox 2992 3112 3251 3167; x_wconf 82' lang='lat' dir='ltr'><strong>diabolqu</strong></span> <span class='ocrx_word' id='word_1_669' title='bbox 3276 3115 3463 3186; x_wconf 83' lang='lat' dir='ltr'><strong>potius,</strong></span> <span class='ocrx_word' id='word_1_670' title='bbox 3488 3117 3536 3171; x_wconf 89' lang='lat' dir='ltr'><strong>in</strong></span> <span class='ocrx_word' id='word_1_671' title='bbox 3565 3119 3695 3172; x_wconf 88' lang='lat' dir='ltr'><strong>hunc</strong></span> <span class='ocrx_word' id='word_1_672' title='bbox 3716 3137 3872 3173; x_wconf 87' lang='lat' dir='ltr'><strong>mun-</strong></span> 
     </span>
    </p>
   </div>
   <div class='ocr_carea' id='block_1_93' title="bbox 2271 3197 3870 3284">
    <p class='ocr_par' dir='ltr' id='par_1_93' title="bbox 2271 3197 3870 3284">
     <span class='ocr_line' id='line_1_94' title="bbox 2271 3197 3870 3284; baseline 0.009 -32"><span class='ocrx_word' id='word_1_673' title='bbox 2271 3197 2392 3252; x_wconf 83' lang='lat' dir='ltr'><strong>dum</strong></span> <span class='ocrx_word' id='word_1_674' title='bbox 2441 3210 2701 3269; x_wconf 84' lang='lat' dir='ltr'><strong>peccatum</strong></span> <span class='ocrx_word' id='word_1_675' title='bbox 2749 3201 2986 3269; x_wconf 84' lang='lat' dir='ltr'><strong>intrasse,</strong></span> <span class='ocrx_word' id='word_1_676' title='bbox 3037 3215 3082 3260; x_wconf 86' lang='lat' dir='ltr'><strong>et</strong></span> <span class='ocrx_word' id='word_1_677' title='bbox 3127 3224 3217 3278; x_wconf 89' lang='lat' dir='ltr'><strong>per</strong></span> <span class='ocrx_word' id='word_1_678' title='bbox 3256 3225 3426 3263; x_wconf 89' lang='lat' dir='ltr'><strong>omnes</strong></span> <span class='ocrx_word' id='word_1_679' title='bbox 3474 3211 3696 3266; x_wconf 85' lang='lat' dir='ltr'><strong>homines</strong></span> <span class='ocrx_word' id='word_1_680' title='bbox 3743 3231 3870 3284; x_wconf 76' lang='lat' dir='ltr'><strong>per-</strong></span> 
     </span>
    </p>
   </div>
   <div class='ocr_carea' id='block_1_94' title="bbox 2271 3291 3871 3373">
    <p class='ocr_par' dir='ltr' id='par_1_94' title="bbox 2271 3291 3871 3373">
     <span class='ocr_line' id='line_1_95' title="bbox 2271 3291 3871 3373; baseline 0.011 -31"><span class='ocrx_word' id='word_1_681' title='bbox 2271 3291 2510 3345; x_wconf 82' lang='lat' dir='ltr'><strong>transisse</strong></span> <span class='ocrx_word' id='word_1_682' title='bbox 2527 3291 2754 3346; x_wconf 76' lang='lat' dir='ltr'><strong>dixisset.</strong></span> <span class='ocrx_word' id='word_1_683' title='bbox 2776 3292 2854 3348; x_wconf 84' lang='lat' dir='ltr'><strong>De</strong></span> <span class='ocrx_word' id='word_1_684' title='bbox 2874 3295 3076 3350; x_wconf 85' lang='lat' dir='ltr'><strong>diabolo</strong></span> <span class='ocrx_word' id='word_1_685' title='bbox 3097 3298 3281 3370; x_wconf 88' lang='lat' dir='ltr'><strong>quippe</strong></span> <span class='ocrx_word' id='word_1_686' title='bbox 3298 3301 3538 3373; x_wconf 88' lang='lat' dir='ltr'><strong>scriptum</strong></span> <span class='ocrx_word' id='word_1_687' title='bbox 3560 3309 3650 3367; x_wconf 76' lang='lat' dir='ltr'><strong>est,</strong></span> <span class='ocrx_word' id='word_1_688' title='bbox 3676 3319 3695 3354; x_wconf 70' lang='grc' dir='ltr'>ι</span> <span class='ocrx_word' id='word_1_689' title='bbox 3735 3302 3871 3359; x_wconf 79' lang='lat' dir='ltr'><strong>Imi-</strong></span> 
     </span>
    </p>
   </div>
   <div class='ocr_carea' id='block_1_95' title="bbox 2274 3387 3865 3467">
    <p class='ocr_par' dir='ltr' id='par_1_95' title="bbox 2274 3387 3865 3467">
     <span class='ocr_line' id='line_1_96' title="bbox 2274 3387 3865 3467; baseline 0.011 -32"><span class='ocrx_word' id='word_1_690' title='bbox 2274 3394 2295 3435; x_wconf 70' lang='grc' dir='ltr'>ι</span> <span class='ocrx_word' id='word_1_691' title='bbox 2341 3391 2512 3438; x_wconf 84' lang='lat' dir='ltr'><strong>tantur</strong></span> <span class='ocrx_word' id='word_1_692' title='bbox 2558 3402 2704 3454; x_wconf 91' lang='lat' dir='ltr'><strong>eum,</strong></span> <span class='ocrx_word' id='word_1_693' title='bbox 2750 3387 2839 3460; x_wconf 84' lang='lat' dir='ltr'><strong>qui</strong></span> <span class='ocrx_word' id='word_1_694' title='bbox 2886 3399 3004 3443; x_wconf 86' lang='lat' dir='ltr'><strong>sunt</strong></span> <span class='ocrx_word' id='word_1_695' title='bbox 3054 3406 3118 3445; x_wconf 72' lang='lat' dir='ltr'><strong>ea:</strong></span> <span class='ocrx_word' id='word_1_696' title='bbox 3154 3402 3299 3462; x_wconf 85' lang='lat' dir='ltr'><strong>parte</strong></span> <span class='ocrx_word' id='word_1_697' title='bbox 3347 3395 3506 3464; x_wconf 84' lang='lat' dir='ltr'><strong>ipsius</strong></span> <span class='ocrx_word' id='word_1_698' title='bbox 3553 3413 3571 3447; x_wconf 72' lang='grc' dir='ltr'><strong><em>ι</em></strong></span> <span class='ocrx_word' id='word_1_699' title='bbox 3604 3394 3763 3467; x_wconf 87' lang='lat' dir='ltr'><strong>(Sap.</strong></span> <span class='ocrx_word' id='word_1_700' title='bbox 3801 3414 3865 3464; x_wconf 87' lang='lat' dir='ltr'><strong>tt,</strong></span> 
     </span>
    </p>
   </div>
   <div class='ocr_carea' id='block_1_96' title="bbox 2267 3473 3869 3561">
    <p class='ocr_par' dir='ltr' id='par_1_96' title="bbox 2267 3473 3869 3561">
     <span class='ocr_line' id='line_1_97' title="bbox 2267 3473 3869 3561; baseline 0.009 -32"><span class='ocrx_word' id='word_1_701' title='bbox 2267 3473 2381 3546; x_wconf 76' lang='grc'><strong>25).</strong></span> <span class='ocrx_word' id='word_1_702' title='bbox 2415 3475 2522 3530; x_wconf 82' lang='lat' dir='ltr'><strong>Sed</strong></span> <span class='ocrx_word' id='word_1_703' title='bbox 2568 3477 2702 3545; x_wconf 80' lang='lat' dir='ltr'><strong>ideo,</strong></span> <span class='ocrx_word' id='word_1_704' title='bbox 2753 3497 2772 3532; x_wconf 72' lang='grc' dir='ltr'><strong><em>ι</em></strong></span> <span class='ocrx_word' id='word_1_705' title='bbox 2829 3496 2918 3551; x_wconf 87' lang='lat' dir='ltr'><strong>per</strong></span> <span class='ocrx_word' id='word_1_706' title='bbox 2965 3498 3123 3536; x_wconf 85' lang='lat' dir='ltr'><strong>unum</strong></span> <span class='ocrx_word' id='word_1_707' title='bbox 3158 3483 3408 3539; x_wconf 86' lang='lat' dir='ltr'><strong>hominem</strong></span> <span class='ocrx_word' id='word_1_708' title='bbox 3444 3505 3462 3539; x_wconf 72' lang='grc' dir='ltr'><strong><em>ι</em></strong></span> <span class='ocrx_word' id='word_1_709' title='bbox 3503 3487 3628 3542; x_wconf 73' lang='lat' dir='ltr'><strong>dixit</strong></span> <span class='ocrx_word' id='word_1_710' title='bbox 3656 3530 3671 3552; x_wconf 94' lang='lat'><strong>,</strong></span> <span class='ocrx_word' id='word_1_711' title='bbox 3699 3507 3730 3542; x_wconf 92' lang='lat' dir='ltr'><strong>a</strong></span> <span class='ocrx_word' id='word_1_712' title='bbox 3763 3507 3869 3561; x_wconf 87' lang='lat' dir='ltr'><strong>qua</strong></span> 
     </span>
    </p>
   </div>
   <div class='ocr_carea' id='block_1_97' title="bbox 2267 3569 3859 3652">
    <p class='ocr_par' dir='ltr' id='par_1_97' title="bbox 2267 3569 3859 3652">
     <span class='ocr_line' id='line_1_98' title="bbox 2267 3569 3859 3652; baseline 0.011 -33"><span class='ocrx_word' id='word_1_713' title='bbox 2267 3569 2522 3638; x_wconf 87' lang='lat' dir='ltr'><strong>generatio</strong></span> <span class='ocrx_word' id='word_1_714' title='bbox 2559 3571 2729 3640; x_wconf 86' lang='lat' dir='ltr'><strong>utique</strong></span> <span class='ocrx_word' id='word_1_715' title='bbox 2759 3572 3018 3628; x_wconf 87' lang='lat' dir='ltr'><strong>hominum</strong></span> <span class='ocrx_word' id='word_1_716' title='bbox 3065 3579 3232 3648; x_wconf 69' lang='lat' dir='ltr'><strong>coepit,</strong></span> <span class='ocrx_word' id='word_1_717' title='bbox 3265 3588 3317 3630; x_wconf 89' lang='lat' dir='ltr'><strong>ut</strong></span> <span class='ocrx_word' id='word_1_718' title='bbox 3345 3595 3433 3649; x_wconf 88' lang='lat' dir='ltr'><strong>per</strong></span> <span class='ocrx_word' id='word_1_719' title='bbox 3481 3591 3859 3652; x_wconf 82' lang='lat' dir='ltr'><strong>generationem</strong></span> 
     </span>
    </p>
   </div>
   <div class='ocr_carea' id='block_1_98' title="bbox 2267 3659 3868 3745">
    <p class='ocr_par' dir='ltr' id='par_1_98' title="bbox 2267 3659 3868 3745">
     <span class='ocr_line' id='line_1_99' title="bbox 2267 3659 3868 3745; baseline 0.011 -34"><span class='ocrx_word' id='word_1_720' title='bbox 2267 3659 2465 3713; x_wconf 88' lang='lat' dir='ltr'><strong>doceret</strong></span> <span class='ocrx_word' id='word_1_721' title='bbox 2490 3660 2609 3714; x_wconf 88' lang='lat' dir='ltr'><strong>iisse</strong></span> <span class='ocrx_word' id='word_1_722' title='bbox 2638 3680 2726 3728; x_wconf 88' lang='lat' dir='ltr'><strong>per</strong></span> <span class='ocrx_word' id='word_1_723' title='bbox 2752 3680 2925 3719; x_wconf 87' lang='lat' dir='ltr'><strong>omnes</strong></span> <span class='ocrx_word' id='word_1_724' title='bbox 2951 3666 3199 3738; x_wconf 87' lang='lat' dir='ltr'><strong>originale</strong></span> <span class='ocrx_word' id='word_1_725' title='bbox 3221 3679 3482 3739; x_wconf 86' lang='lat' dir='ltr'><strong>peccatum</strong></span> <span class='ocrx_word' id='word_1_726' title='bbox 3511 3669 3625 3742; x_wconf 88' lang='lat' dir='ltr'><strong>(De</strong></span> <span class='ocrx_word' id='word_1_727' title='bbox 3647 3671 3868 3745; x_wconf 79' lang='lat' dir='ltr'><strong>Nuptiis</strong></span> 
     </span>
    </p>
   </div>
   <div class='ocr_carea' id='block_1_99' title="bbox 2265 3750 3188 3833">
    <p class='ocr_par' dir='ltr' id='par_1_99' title="bbox 2265 3750 3188 3833">
     <span class='ocr_line' id='line_1_100' title="bbox 2265 3750 3188 3833; baseline 0.008 -26"><span class='ocrx_word' id='word_1_728' title='bbox 2265 3761 2315 3807; x_wconf 84' lang='lat' dir='ltr'><strong>et</strong></span> <span class='ocrx_word' id='word_1_729' title='bbox 2343 3750 2780 3826; x_wconf 88' lang='lat' dir='ltr'><strong>Concupiscentia,</strong></span> <span class='ocrx_word' id='word_1_730' title='bbox 2806 3758 2893 3813; x_wconf 89' lang='lat' dir='ltr'><strong>lib.</strong></span> <span class='ocrx_word' id='word_1_731' title='bbox 2917 3758 2972 3823; x_wconf 76' lang='lat'><strong>2,</strong></span> <span class='ocrx_word' id='word_1_732' title='bbox 2998 3777 3051 3814; x_wconf 82' lang='grc' dir='ltr'><strong>η.</strong></span> <span class='ocrx_word' id='word_1_733' title='bbox 3075 3759 3188 3833; x_wconf 70' lang='grc'><strong>45).</strong></span> 
     </span>
    </p>
   </div>
   <div class='ocr_carea' id='block_1_100' title="bbox 2341 3846 3870 3929">
    <p class='ocr_par' dir='ltr' id='par_1_100' title="bbox 2341 3846 3870 3929">
     <span class='ocr_line' id='line_1_101' title="bbox 2341 3846 3870 3929; baseline 0.01 -29"><span class='ocrx_word' id='word_1_734' title='bbox 2341 3846 2475 3903; x_wconf 77' lang='lat' dir='ltr'><strong>Atta.</strong></span> <span class='ocrx_word' id='word_1_735' title='bbox 2520 3849 2708 3904; x_wconf 80' lang='lat' dir='ltr'><strong>Dixisti</strong></span> <span class='ocrx_word' id='word_1_736' title='bbox 2738 3852 2901 3905; x_wconf 87' lang='lat' dir='ltr'><strong>verba</strong></span> <span class='ocrx_word' id='word_1_737' title='bbox 2946 3852 3064 3908; x_wconf 90' lang='lat' dir='ltr'><strong>libri</strong></span> <span class='ocrx_word' id='word_1_738' title='bbox 3107 3855 3232 3919; x_wconf 88' lang='lat' dir='ltr'><strong>mei,</strong></span> <span class='ocrx_word' id='word_1_739' title='bbox 3259 3853 3344 3911; x_wconf 90' lang='lat' dir='ltr'><strong>dic</strong></span> <span class='ocrx_word' id='word_1_740' title='bbox 3371 3855 3481 3927; x_wconf 89' lang='lat' dir='ltr'><strong>jam</strong></span> <span class='ocrx_word' id='word_1_741' title='bbox 3512 3858 3870 3929; x_wconf 86' lang='lat' dir='ltr'><strong>quemadmo-</strong></span> 
     </span>
    </p>
   </div>
   <div class='ocr_carea' id='block_1_101' title="bbox 2265 3937 3863 4022">
    <p class='ocr_par' dir='ltr' id='par_1_101' title="bbox 2265 3937 3863 4022">
     <span class='ocr_line' id='line_1_102' title="bbox 2265 3937 3863 4022; baseline 0.011 -30"><span class='ocrx_word' id='word_1_742' title='bbox 2265 3937 2393 3993; x_wconf 92' lang='lat' dir='ltr'><strong>dum</strong></span> <span class='ocrx_word' id='word_1_743' title='bbox 2422 3940 2732 4010; x_wconf 90' lang='lat' dir='ltr'><strong>accipienda</strong></span> <span class='ocrx_word' id='word_1_744' title='bbox 2781 3943 2886 3998; x_wconf 90' lang='lat' dir='ltr'><strong>sint</strong></span> <span class='ocrx_word' id='word_1_745' title='bbox 2918 3960 3037 4015; x_wconf 72' lang='lat' dir='ltr'><strong>qua:</strong></span> <span class='ocrx_word' id='word_1_746' title='bbox 3079 3945 3148 4001; x_wconf 90' lang='lat' dir='ltr'><strong>ibi</strong></span> <span class='ocrx_word' id='word_1_747' title='bbox 3193 3948 3344 4017; x_wconf 90' lang='lat' dir='ltr'><strong>posui</strong></span> <span class='ocrx_word' id='word_1_748' title='bbox 3386 3949 3545 4005; x_wconf 83' lang='lat' dir='ltr'><strong>verba</strong></span> <span class='ocrx_word' id='word_1_749' title='bbox 3575 3951 3863 4022; x_wconf 80' lang='lat' dir='ltr'><strong>Apostoli:</strong></span> 
     </span>
    </p>
   </div>
   <div class='ocr_carea' id='block_1_102' title="bbox 2265 4031 3864 4111">
    <p class='ocr_par' dir='ltr' id='par_1_102' title="bbox 2265 4031 3864 4111">
     <span class='ocr_line' id='line_1_103' title="bbox 2265 4031 3864 4111; baseline 0.011 -28"><span class='ocrx_word' id='word_1_750' title='bbox 2265 4037 2325 4084; x_wconf 86' lang='lat' dir='ltr'><strong>ut</strong></span> <span class='ocrx_word' id='word_1_751' title='bbox 2351 4031 2518 4101; x_wconf 86' lang='lat' dir='ltr'><strong>magis</strong></span> <span class='ocrx_word' id='word_1_752' title='bbox 2565 4033 2840 4104; x_wconf 88' lang='lat' dir='ltr'><strong>magisque</strong></span> <span class='ocrx_word' id='word_1_753' title='bbox 2868 4036 3232 4094; x_wconf 85' lang='lat' dir='ltr'><strong>manifesteris</strong></span> <span class='ocrx_word' id='word_1_754' title='bbox 3271 4039 3578 4111; x_wconf 63' lang='lat' dir='ltr'><strong>ba‘reticus,</strong></span> <span class='ocrx_word' id='word_1_755' title='bbox 3609 4043 3864 4100; x_wconf 90' lang='lat' dir='ltr'><strong>laudato-</strong></span> 
     </span>
    </p>
   </div>
   <div class='ocr_carea' id='block_1_103' title="bbox 2264 4126 3861 4201">
    <p class='ocr_par' dir='ltr' id='par_1_103' title="bbox 2264 4126 3861 4201">
     <span class='ocr_line' id='line_1_104' title="bbox 2264 4126 3861 4201; baseline 0.011 -26"><span class='ocrx_word' id='word_1_756' title='bbox 2264 4131 2379 4177; x_wconf 82' lang='lat' dir='ltr'><strong>rem</strong></span> <span class='ocrx_word' id='word_1_757' title='bbox 2421 4132 2472 4177; x_wconf 90' lang='lat' dir='ltr'><strong>te</strong></span> <span class='ocrx_word' id='word_1_758' title='bbox 2499 4126 2871 4194; x_wconf 85' lang='lat' dir='ltr'><strong>supponendo,</strong></span> <span class='ocrx_word' id='word_1_759' title='bbox 2905 4137 2961 4182; x_wconf 89' lang='lat' dir='ltr'><strong>ut</strong></span> <span class='ocrx_word' id='word_1_760' title='bbox 2987 4129 3200 4185; x_wconf 78' lang='lat' dir='ltr'><strong>auferas</strong></span> <span class='ocrx_word' id='word_1_761' title='bbox 3228 4133 3460 4201; x_wconf 83' lang='lat' dir='ltr'><strong>parvulis</strong></span> <span class='ocrx_word' id='word_1_762' title='bbox 3499 4134 3861 4192; x_wconf 81' lang='lat' dir='ltr'><strong>Salvatorent.</strong></span> 
     </span>
    </p>
   </div>
   <div class='ocr_carea' id='block_1_104' title="bbox 2334 4212 3866 4294">
    <p class='ocr_par' dir='ltr' id='par_1_104' title="bbox 2334 4212 3866 4294">
     <span class='ocr_line' id='line_1_105' title="bbox 2334 4212 3866 4294; baseline 0.011 -26"><span class='ocrx_word' id='word_1_763' title='bbox 2334 4212 2578 4268; x_wconf 77' lang='lat' dir='ltr'><strong>XXXVI.</strong></span> <span class='ocrx_word' id='word_1_764' title='bbox 2623 4215 2744 4271; x_wconf 72' lang='lat' dir='ltr'><strong>Jun.</strong></span> <span class='ocrx_word' id='word_1_765' title='bbox 2787 4219 2944 4273; x_wconf 83' lang='lat' dir='ltr'><strong>Abuti</strong></span> <span class='ocrx_word' id='word_1_766' title='bbox 2972 4230 3021 4275; x_wconf 92' lang='lat' dir='ltr'><strong>te</strong></span> <span class='ocrx_word' id='word_1_767' title='bbox 3055 4221 3315 4293; x_wconf 85' lang='lat' dir='ltr'><strong>imperitia</strong></span> <span class='ocrx_word' id='word_1_768' title='bbox 3343 4223 3630 4282; x_wconf 83' lang='lat' dir='ltr'><strong>faventium</strong></span> <span class='ocrx_word' id='word_1_769' title='bbox 3665 4227 3780 4294; x_wconf 88' lang='lat' dir='ltr'><strong>tibi,</strong></span> <span class='ocrx_word' id='word_1_770' title='bbox 3807 4240 3866 4285; x_wconf 82' lang='lat' dir='ltr'><strong>et</strong></span> 
     </span>
    </p>
   </div>
   <div class='ocr_carea' id='block_1_105' title="bbox 2261 4301 3861 4391">
    <p class='ocr_par' dir='ltr' id='par_1_105' title="bbox 2261 4301 3861 4391">
     <span class='ocr_line' id='line_1_106' title="bbox 2261 4301 3861 4391; baseline 0.013 -34"><span class='ocrx_word' id='word_1_771' title='bbox 2261 4301 2576 4361; x_wconf 88' lang='lat' dir='ltr'><strong>delitescere</strong></span> <span class='ocrx_word' id='word_1_772' title='bbox 2597 4308 2696 4363; x_wconf 91' lang='lat' dir='ltr'><strong>sub</strong></span> <span class='ocrx_word' id='word_1_773' title='bbox 2716 4310 3058 4381; x_wconf 86' lang='lat' dir='ltr'><strong>ambiguitate</strong></span> <span class='ocrx_word' id='word_1_774' title='bbox 3085 4316 3390 4385; x_wconf 87' lang='lat' dir='ltr'><strong>verborum,</strong></span> <span class='ocrx_word' id='word_1_775' title='bbox 3413 4319 3734 4391; x_wconf 74' lang='lat' dir='ltr'><strong>quicquue</strong></span> <span class='ocrx_word' id='word_1_776' title='bbox 3763 4323 3861 4378; x_wconf 83' lang='lat' dir='ltr'><strong>ille</strong></span> 
     </span>
    </p>
   </div>
   <div class='ocr_carea' id='block_1_106' title="bbox 2262 4394 3858 4486">
    <p class='ocr_par' dir='ltr' id='par_1_106' title="bbox 2262 4394 3858 4486">
     <span class='ocr_line' id='line_1_107' title="bbox 2262 4394 3858 4486; baseline 0.013 -36"><span class='ocrx_word' id='word_1_777' title='bbox 2262 4394 2423 4452; x_wconf 77' lang='lat' dir='ltr'><strong>fuerit</strong></span> <span class='ocrx_word' id='word_1_778' title='bbox 2466 4406 2690 4469; x_wconf 76' lang='lat' dir='ltr'><strong>operum</strong></span> <span class='ocrx_word' id='word_1_779' title='bbox 2738 4414 3042 4460; x_wconf 73' lang='lat' dir='ltr'><strong>nostrorum</strong></span> <span class='ocrx_word' id='word_1_780' title='bbox 3087 4408 3327 4464; x_wconf 88' lang='lat' dir='ltr'><strong>eruditus</strong></span> <span class='ocrx_word' id='word_1_781' title='bbox 3365 4410 3552 4479; x_wconf 88' lang='lat' dir='ltr'><strong>lector,</strong></span> <span class='ocrx_word' id='word_1_782' title='bbox 3586 4413 3858 4486; x_wconf 82' lang='lat' dir='ltr'><strong>intelligit.</strong></span> 
     </span>
    </p>
   </div>
   <div class='ocr_carea' id='block_1_107' title="bbox 2262 4488 3865 4576">
    <p class='ocr_par' dir='ltr' id='par_1_107' title="bbox 2262 4488 3865 4576">
     <span class='ocr_line' id='line_1_108' title="bbox 2262 4488 3865 4576; baseline 0.012 -33"><span class='ocrx_word' id='word_1_783' title='bbox 2262 4488 2550 4560; x_wconf 81' lang='lat' dir='ltr'><strong>Reliquum</strong></span> <span class='ocrx_word' id='word_1_784' title='bbox 2595 4509 2723 4549; x_wconf 86' lang='lat' dir='ltr'><strong>vero</strong></span> <span class='ocrx_word' id='word_1_785' title='bbox 2780 4497 2998 4567; x_wconf 84' lang='lat' dir='ltr'><strong>vulgus,</strong></span> <span class='ocrx_word' id='word_1_786' title='bbox 3048 4499 3114 4555; x_wconf 89' lang='lat' dir='ltr'><strong>de</strong></span> <span class='ocrx_word' id='word_1_787' title='bbox 3166 4502 3272 4570; x_wconf 86' lang='lat' dir='ltr'><strong>qu&#39;o</strong></span> <span class='ocrx_word' id='word_1_788' title='bbox 3322 4502 3580 4574; x_wconf 85' lang='lat' dir='ltr'><strong>prepbeta</strong></span> <span class='ocrx_word' id='word_1_789' title='bbox 3622 4504 3865 4576; x_wconf 90' lang='lat' dir='ltr'><strong>loquitur</strong></span> 
     </span>
    </p>
   </div>
   <div class='ocr_carea' id='block_1_108' title="bbox 2259 4581 3862 4670">
    <p class='ocr_par' dir='ltr' id='par_1_108' title="bbox 2259 4581 3862 4670">
     <span class='ocr_line' id='line_1_109' title="bbox 2259 4581 3862 4670; baseline 0.01 -34"><span class='ocrx_word' id='word_1_790' title='bbox 2259 4581 2326 4637; x_wconf 87' lang='lat' dir='ltr'><strong>ad</strong></span> <span class='ocrx_word' id='word_1_791' title='bbox 2365 4583 2553 4651; x_wconf 89' lang='lat' dir='ltr'><strong>Deum,</strong></span> <span class='ocrx_word' id='word_1_792' title='bbox 2582 4585 2875 4642; x_wconf 69' lang='lat' dir='ltr'><strong>1Estimasti</strong></span> <span class='ocrx_word' id='word_1_793' title='bbox 2901 4589 3127 4645; x_wconf 88' lang='lat' dir='ltr'><strong>homines</strong></span> <span class='ocrx_word' id='word_1_794' title='bbox 3155 4593 3282 4646; x_wconf 88' lang='lat' dir='ltr'><strong>sicut</strong></span> <span class='ocrx_word' id='word_1_795' title='bbox 3321 4593 3481 4665; x_wconf 83' lang='lat' dir='ltr'><strong>pisces</strong></span> <span class='ocrx_word' id='word_1_796' title='bbox 3506 4596 3661 4650; x_wconf 90' lang='lat' dir='ltr'><strong>maris</strong></span> <span class='ocrx_word' id='word_1_797' title='bbox 3701 4595 3862 4670; x_wconf 81' lang='lat' dir='ltr'><strong>(Ila-</strong></span> 
     </span>
    </p>
   </div>
   <div class='ocr_carea' id='block_1_109' title="bbox 2260 4674 3862 4757">
    <p class='ocr_par' dir='ltr' id='par_1_109' title="bbox 2260 4674 3862 4757">
     <span class='ocr_line' id='line_1_110' title="bbox 2260 4674 3862 4757; baseline 0.011 -29"><span class='ocrx_word' id='word_1_798' title='bbox 2260 4674 2413 4729; x_wconf 88' lang='lat' dir='ltr'><strong>bacuc</strong></span> <span class='ocrx_word' id='word_1_799' title='bbox 2437 4692 2474 4742; x_wconf 87' lang='grc' dir='ltr'><strong>ι,</strong></span> <span class='ocrx_word' id='word_1_800' title='bbox 2509 4678 2636 4747; x_wconf 79' lang='grc'><strong>14);</strong></span> <span class='ocrx_word' id='word_1_801' title='bbox 2668 4687 2847 4734; x_wconf 90' lang='lat' dir='ltr'><strong>mutua</strong></span> <span class='ocrx_word' id='word_1_802' title='bbox 2881 4684 3267 4752; x_wconf 78' lang='lat' dir='ltr'><strong>praegressione</strong></span> <span class='ocrx_word' id='word_1_803' title='bbox 3293 4685 3574 4757; x_wconf 86' lang='lat' dir='ltr'><strong>decipitur,</strong></span> <span class='ocrx_word' id='word_1_804' title='bbox 3606 4703 3668 4744; x_wconf 91' lang='lat' dir='ltr'><strong>ac</strong></span> <span class='ocrx_word' id='word_1_805' title='bbox 3702 4691 3862 4747; x_wconf 82' lang='lat' dir='ltr'><strong>salu-</strong></span> 
     </span>
    </p>
   </div>
   <div class='ocr_carea' id='block_1_110' title="bbox 2260 4767 3858 4856">
    <p class='ocr_par' dir='ltr' id='par_1_110' title="bbox 2260 4767 3858 4856">
     <span class='ocr_line' id='line_1_111' title="bbox 2260 4767 3858 4856; baseline 0.011 -35"><span class='ocrx_word' id='word_1_806' title='bbox 2260 4767 2429 4823; x_wconf 74' lang='lat' dir='ltr'><strong>tifera:</strong></span> <span class='ocrx_word' id='word_1_807' title='bbox 2463 4768 2802 4827; x_wconf 69' lang='lat' dir='ltr'><strong>discretionis</strong></span> <span class='ocrx_word' id='word_1_808' title='bbox 2851 4772 3145 4843; x_wconf 78' lang='lat' dir='ltr'><strong>ignarum&#39;,</strong></span> <span class='ocrx_word' id='word_1_809' title='bbox 3181 4784 3348 4831; x_wconf 88' lang='lat' dir='ltr'><strong>totum</strong></span> <span class='ocrx_word' id='word_1_810' title='bbox 3396 4787 3544 4849; x_wconf 88' lang='lat' dir='ltr'><strong>putat</strong></span> <span class='ocrx_word' id='word_1_811' title='bbox 3599 4782 3858 4856; x_wconf 84' lang='lat' dir='ltr'><strong>conjungi</strong></span> 
     </span>
    </p>
   </div>
   <div class='ocr_carea' id='block_1_111' title="bbox 2259 4860 3860 4944">
    <p class='ocr_par' dir='ltr' id='par_1_111' title="bbox 2259 4860 3860 4944">
     <span class='ocr_line' id='line_1_112' title="bbox 2259 4860 3860 4944; baseline 0.014 -33"><span class='ocrx_word' id='word_1_812' title='bbox 2259 4873 2418 4928; x_wconf 90' lang='lat' dir='ltr'><strong>posse</strong></span> <span class='ocrx_word' id='word_1_813' title='bbox 2438 4860 2618 4925; x_wconf 82' lang='lat' dir='ltr'><strong>rebus,</strong></span> <span class='ocrx_word' id='word_1_814' title='bbox 2642 4863 2784 4934; x_wconf 92' lang='lat' dir='ltr'><strong>quod</strong></span> <span class='ocrx_word' id='word_1_815' title='bbox 2808 4865 2998 4920; x_wconf 85' lang='lat' dir='ltr'><strong>viderit</strong></span> <span class='ocrx_word' id='word_1_816' title='bbox 3021 4867 3241 4923; x_wconf 85' lang='lat' dir='ltr'><strong>vocibus</strong></span> <span class='ocrx_word' id='word_1_817' title='bbox 3267 4885 3386 4925; x_wconf 89' lang='lat' dir='ltr'><strong>esse</strong></span> <span class='ocrx_word' id='word_1_818' title='bbox 3406 4873 3688 4929; x_wconf 88' lang='lat' dir='ltr'><strong>sociatum.</strong></span> <span class='ocrx_word' id='word_1_819' title='bbox 3709 4876 3860 4944; x_wconf 85' lang='lat' dir='ltr'><strong>Quid</strong></span> 
     </span>
    </p>
   </div>
   <div class='ocr_carea' id='block_1_112' title="bbox 2261 4953 3860 5037">
    <p class='ocr_par' dir='ltr' id='par_1_112' title="bbox 2261 4953 3860 5037">
     <span class='ocr_line' id='line_1_113' title="bbox 2261 4953 3860 5037; baseline 0.014 -32"><span class='ocrx_word' id='word_1_820' title='bbox 2261 4965 2388 5006; x_wconf 84' lang='lat' dir='ltr'><strong>vero</strong></span> <span class='ocrx_word' id='word_1_821' title='bbox 2417 4953 2484 5008; x_wconf 89' lang='lat' dir='ltr'><strong>sit</strong></span> <span class='ocrx_word' id='word_1_822' title='bbox 2511 4969 2868 5025; x_wconf 89' lang='lat' dir='ltr'><strong>consequens,</strong></span> <span class='ocrx_word' id='word_1_823' title='bbox 2893 4957 3019 5026; x_wconf 91' lang='lat' dir='ltr'><strong>quid</strong></span> <span class='ocrx_word' id='word_1_824' title='bbox 3052 4975 3374 5032; x_wconf 80' lang='lat' dir='ltr'><strong>repugnans,</strong></span> <span class='ocrx_word' id='word_1_825' title='bbox 3399 4965 3697 5037; x_wconf 88' lang='lat' dir='ltr'><strong>quibusque</strong></span> <span class='ocrx_word' id='word_1_826' title='bbox 3721 4985 3860 5026; x_wconf 83' lang='lat' dir='ltr'><strong>con-</strong></span> 
     </span>
    </p>
   </div>
   <div class='ocr_carea' id='block_1_113' title="bbox 2259 5043 3859 5120">
    <p class='ocr_par' dir='ltr' id='par_1_113' title="bbox 2259 5043 3859 5120">
     <span class='ocr_line' id='line_1_114' title="bbox 2259 5043 3859 5120; baseline 0.014 -23"><span class='ocrx_word' id='word_1_827' title='bbox 2259 5043 2426 5097; x_wconf 88' lang='lat' dir='ltr'><strong>cessis</strong></span> <span class='ocrx_word' id='word_1_828' title='bbox 2455 5044 2580 5114; x_wconf 89' lang='lat' dir='ltr'><strong>quid</strong></span> <span class='ocrx_word' id='word_1_829' title='bbox 2611 5045 2692 5100; x_wconf 76' lang='lat' dir='ltr'><strong>lex</strong></span> <span class='ocrx_word' id='word_1_830' title='bbox 2726 5046 3144 5120; x_wconf 75' lang='lat' dir='ltr'><strong>inexpugnabilis</strong></span> <span class='ocrx_word' id='word_1_831' title='bbox 3174 5063 3228 5108; x_wconf 87' lang='lat' dir='ltr'><strong>et</strong></span> <span class='ocrx_word' id='word_1_832' title='bbox 3256 5057 3556 5112; x_wconf 86' lang='lat' dir='ltr'><strong>veneranda</strong></span> <span class='ocrx_word' id='word_1_833' title='bbox 3592 5061 3859 5120; x_wconf 82' lang='lat' dir='ltr'><strong>orationis</strong></span> 
     </span>
    </p>
   </div>
   <div class='ocr_carea' id='block_1_114' title="bbox 2258 5134 3857 5222">
    <p class='ocr_par' dir='ltr' id='par_1_114' title="bbox 2258 5134 3857 5222">
     <span class='ocr_line' id='line_1_115' title="bbox 2258 5134 3857 5222; baseline 0.016 -36"><span class='ocrx_word' id='word_1_834' title='bbox 2258 5143 2412 5204; x_wconf 84' lang='lat' dir='ltr'><strong>cogat</strong></span> <span class='ocrx_word' id='word_1_835' title='bbox 2455 5134 2655 5203; x_wconf 86' lang='lat' dir='ltr'><strong>inferri,</strong></span> <span class='ocrx_word' id='word_1_836' title='bbox 2691 5138 2790 5193; x_wconf 80' lang='lat' dir='ltr'><strong>nisi</strong></span> <span class='ocrx_word' id='word_1_837' title='bbox 2836 5139 3179 5200; x_wconf 88' lang='lat' dir='ltr'><strong>doctissimus</strong></span> <span class='ocrx_word' id='word_1_838' title='bbox 3207 5148 3698 5222; x_wconf 88' lang='lat' dir='ltr'><strong>attentissimusque</strong></span> <span class='ocrx_word' id='word_1_839' title='bbox 3743 5171 3857 5212; x_wconf 90' lang='lat' dir='ltr'><strong>non</strong></span> 
     </span>
    </p>
   </div>
   <div class='ocr_carea' id='block_1_115' title="bbox 2253 5222 2475 5294">
    <p class='ocr_par' dir='ltr' id='par_1_115' title="bbox 2253 5222 2475 5294">
     <span class='ocr_line' id='line_1_116' title="bbox 2253 5222 2475 5294; baseline 0.014 -19"><span class='ocrx_word' id='word_1_840' title='bbox 2253 5222 2475 5294; x_wconf 78' lang='lat' dir='ltr'><strong>jttdical.</strong></span> 
     </span>
    </p>
   </div>
   <div class='ocr_carea' id='block_1_116' title="bbox 2332 5317 3854 5405">
    <p class='ocr_par' dir='ltr' id='par_1_116' title="bbox 2332 5317 3854 5405">
     <span class='ocr_line' id='line_1_117' title="bbox 2332 5317 3854 5405; baseline 0.018 -35"><span class='ocrx_word' id='word_1_841' title='bbox 2332 5318 2464 5372; x_wconf 78' lang='lat' dir='ltr'><strong>Acc.</strong></span> <span class='ocrx_word' id='word_1_842' title='bbox 2505 5317 2694 5375; x_wconf 84' lang='lat' dir='ltr'><strong>Adhuc</strong></span> <span class='ocrx_word' id='word_1_843' title='bbox 2740 5321 2935 5379; x_wconf 75' lang='lat' dir='ltr'><strong>cit-cois</strong></span> <span class='ocrx_word' id='word_1_844' title='bbox 2971 5326 3262 5394; x_wconf 66' lang='lat' dir='ltr'><strong>quaerendo</strong></span> <span class='ocrx_word' id='word_1_845' title='bbox 3307 5329 3637 5405; x_wconf 88' lang='lat' dir='ltr'><strong>dialecticos,</strong></span> <span class='ocrx_word' id='word_1_846' title='bbox 3665 5348 3721 5394; x_wconf 90' lang='lat' dir='ltr'><strong>et</strong></span> <span class='ocrx_word' id='word_1_847' title='bbox 3772 5342 3854 5398; x_wconf 86' lang='lat' dir='ltr'><strong>vi-</strong></span> 
     </span>
    </p>
   </div>
   <div class='ocr_carea' id='block_1_117' title="bbox 2260 5408 3856 5498">
    <p class='ocr_par' dir='ltr' id='par_1_117' title="bbox 2260 5408 3856 5498">
     <span class='ocr_line' id='line_1_118' title="bbox 2260 5408 3856 5498; baseline 0.019 -36"><span class='ocrx_word' id='word_1_848' title='bbox 2260 5408 2420 5462; x_wconf 90' lang='lat' dir='ltr'><strong>tando</strong></span> <span class='ocrx_word' id='word_1_849' title='bbox 2463 5412 2852 5471; x_wconf 80' lang='lat' dir='ltr'><strong>ecclesiastiCos</strong></span> <span class='ocrx_word' id='word_1_850' title='bbox 2889 5416 3117 5486; x_wconf 88' lang='lat' dir='ltr'><strong>judices.</strong></span> <span class='ocrx_word' id='word_1_851' title='bbox 3155 5423 3245 5479; x_wconf 92' lang='lat' dir='ltr'><strong>Dic</strong></span> <span class='ocrx_word' id='word_1_852' title='bbox 3267 5423 3376 5492; x_wconf 90' lang='lat' dir='ltr'><strong>jam</strong></span> <span class='ocrx_word' id='word_1_853' title='bbox 3407 5431 3676 5498; x_wconf 89' lang='lat' dir='ltr'><strong>quomodo</strong></span> <span class='ocrx_word' id='word_1_854' title='bbox 3705 5437 3856 5492; x_wconf 81' lang='lat' dir='ltr'><strong>acci-</strong></span> 
     </span>
    </p>
   </div>
   <div class='ocr_carea' id='block_1_118' title="bbox 2261 5501 3855 5589">
    <p class='ocr_par' dir='ltr' id='par_1_118' title="bbox 2261 5501 3855 5589">
     <span class='ocr_line' id='line_1_119' title="bbox 2261 5501 3855 5589; baseline 0.019 -35"><span class='ocrx_word' id='word_1_855' title='bbox 2261 5501 2507 5571; x_wconf 80' lang='lat' dir='ltr'><strong>piendum</strong></span> <span class='ocrx_word' id='word_1_856' title='bbox 2536 5505 2623 5571; x_wconf 90' lang='lat' dir='ltr'><strong>sit,</strong></span> <span class='ocrx_word' id='word_1_857' title='bbox 2651 5505 2756 5560; x_wconf 87' lang='lat' dir='ltr'><strong>Per</strong></span> <span class='ocrx_word' id='word_1_858' title='bbox 2781 5525 2937 5563; x_wconf 89' lang='lat' dir='ltr'><strong>unum</strong></span> <span class='ocrx_word' id='word_1_859' title='bbox 2970 5513 3224 5569; x_wconf 87' lang='lat' dir='ltr'><strong>hominem</strong></span> <span class='ocrx_word' id='word_1_860' title='bbox 3265 5531 3524 5589; x_wconf 79' lang='lat' dir='ltr'><strong>peccatum</strong></span> <span class='ocrx_word' id='word_1_861' title='bbox 3563 5525 3770 5582; x_wconf 69' lang='lat' dir='ltr'><strong>intravit</strong></span> <span class='ocrx_word' id='word_1_862' title='bbox 3802 5531 3855 5584; x_wconf 89' lang='lat' dir='ltr'><strong>in</strong></span> 
     </span>
    </p>
   </div>
   <div class='ocr_carea' id='block_1_119' title="bbox 2322 5642 3856 5721">
    <p class='ocr_par' dir='ltr' id='par_1_119' title="bbox 2322 5642 3856 5721">
     <span class='ocr_line' id='line_1_120' title="bbox 2322 5642 3856 5721; baseline 0.023 -34"><span class='ocrx_word' id='word_1_863' title='bbox 2322 5642 2354 5721; x_wconf 41' lang='grc' dir='ltr'>ζ</span> <span class='ocrx_word' id='word_1_864' title='bbox 2613 5644 2738 5721; x_wconf 57' lang='lat' dir='ltr'><strong>(lar.</strong></span> <span class='ocrx_word' id='word_1_865' title='bbox 2773 5655 2880 5698; x_wconf 73' lang='lat' dir='ltr'><strong>star.</strong></span> <span class='ocrx_word' id='word_1_866' title='bbox 2923 5655 3048 5700; x_wconf 71' lang='lat' dir='ltr'><strong>Fort.</strong></span> <span class='ocrx_word' id='word_1_867' title='bbox 3106 5658 3159 5702; x_wconf 79' lang='lat' dir='ltr'><strong>At</strong></span> <span class='ocrx_word' id='word_1_868' title='bbox 3198 5654 3332 5718; x_wconf 86' lang='lat' dir='ltr'><strong>editi,</strong></span> <span class='ocrx_word' id='word_1_869' title='bbox 3367 5672 3398 5708; x_wconf 90' lang='lat' dir='ltr'><strong>a</strong></span> <span class='ocrx_word' id='word_1_870' title='bbox 3444 5658 3644 5714; x_wconf 78' lang='lat' dir='ltr'><strong>libidine</strong></span> <span class='ocrx_word' id='word_1_871' title='bbox 3676 5668 3856 5721; x_wconf 66' lang='lat' dir='ltr'><strong>manis</strong></span> 
     </span>
    </p>
   </div>
   <div class='ocr_carea' id='block_1_120' title="bbox 2257 5706 2646 5764">
    <p class='ocr_par' dir='ltr' id='par_1_120' title="bbox 2257 5706 2646 5764">
     <span class='ocr_line' id='line_1_121' title="bbox 2257 5706 2646 5764; baseline 0.008 -11"><span class='ocrx_word' id='word_1_872' title='bbox 2257 5709 2370 5764; x_wconf 75' lang='lat' dir='ltr'><strong>(me,</strong></span> <span class='ocrx_word' id='word_1_873' title='bbox 2394 5706 2646 5756; x_wconf 82' lang='lat' dir='ltr'><strong>mendose.</strong></span> 
     </span>
    </p>
   </div>
   <div class='ocr_carea' id='block_1_121' title="bbox 2289 5766 3859 5847">
    <p class='ocr_par' dir='ltr' id='par_1_121' title="bbox 2289 5766 3859 5847">
     <span class='ocr_line' id='line_1_122' title="bbox 2289 5766 3859 5847; baseline -0.001 0"><span class='ocrx_word' id='word_1_874' title='bbox 2289 5766 2495 5847; x_wconf 50' lang='grc' dir='ltr'><strong>,ἈΞίἓὲ</strong></span> <span class='ocrx_word' id='word_1_875' title='bbox 2526 5769 2851 5847; x_wconf 45' lang='lat' dir='ltr'><strong>autem</strong></span> <span class='ocrx_word' id='word_1_876' title='bbox 2885 5771 3142 5847; x_wconf 57' lang='grc' dir='ltr'><strong>άοςξιῖιτινέ</strong></span> <span class='ocrx_word' id='word_1_877' title='bbox 3180 5792 3238 5829; x_wconf 74' lang='lat' dir='ltr'><strong>ac</strong></span> <span class='ocrx_word' id='word_1_878' title='bbox 3275 5780 3524 5847; x_wconf 66' lang='lat' dir='ltr'><strong>suasorem</strong></span> <span class='ocrx_word' id='word_1_879' title='bbox 3562 5785 3859 5847; x_wconf 61' lang='lat' dir='ltr'><strong>discretione</strong></span> 
     </span>
    </p>
   </div>
   <div class='ocr_carea' id='block_1_122' title="bbox 2257 5832 3065 5892">
    <p class='ocr_par' dir='ltr' id='par_1_122' title="bbox 2257 5832 3065 5892">
     <span class='ocr_line' id='line_1_123' title="bbox 2257 5832 3065 5892; baseline 0.012 -15"><span class='ocrx_word' id='word_1_880' title='bbox 2257 5832 2509 5892; x_wconf 75' lang='lat' dir='ltr'><strong>signatmn.</strong></span> <span class='ocrx_word' id='word_1_881' title='bbox 2535 5832 2853 5884; x_wconf 72' lang='lat' dir='ltr'><strong>Eruendautur</strong></span> <span class='ocrx_word' id='word_1_882' title='bbox 2877 5849 2936 5884; x_wconf 77' lang='lat' dir='ltr'><strong>ex</strong></span> <span class='ocrx_word' id='word_1_883' title='bbox 2960 5832 3065 5886; x_wconf 63' lang='lat' dir='ltr'><strong>Mss.</strong></span> 
     </span>
    </p>
   </div>
  </div>
