3950 6474
161 352 273 412 1137

159 467 410 521 tumulum:
439 461 634 517 melius
670 458 912 514 videlicet
941 454 1042 510 hoc
1072 453 1389 523 intelligens,
1424 468 1581 523 quam
1615 453 1706 508 ille

160 578 233 630 qui
255 556 392 618 dixit,
426 552 617 608 Omnes
636 553 690 606 in
725 551 883 605 Adam
907 549 1208 614 moriuntur,
1235 546 1352 617 quia
1379 564 1396 597 ι
1436 562 1524 615 per
1551 561 1709 599 unum

164 671 180 704 ι
205 649 448 701 hominem
478 653 744 714 peceatum
771 639 969 695 intrauit
998 638 1050 692 in
1087 639 1219 691 hunc
1248 636 1512 702 mundum,
1544 645 1590 689 et
1621 652 1710 706 per

165 763 181 795 α
218 745 453 810 peccatum
479 750 657 799 mora;
687 743 732 787 et
756 733 824 786 ita
860 731 910 784 in
935 747 1104 784 omnes
1133 729 1355 782 homines
1394 728 1706 799 pertransiit,

163 855 181 887 ι
217 833 262 885 in
286 843 380 898 quo
407 842 582 880 omnes
603 832 949 891 peccaverunt.
993 841 1012 874 ι
1048 818 1198 876 Illius
1218 821 1374 890 igitur
1397 821 1548 889 culpa
1574 836 1708 874 mora

161 921 352 978 omnium
375 926 446 972 eat
475 916 809 989 (Ambrosius,
830 913 915 968 lib.
938 914 972 968 4
995 913 1047 966 in
1076 911 1197 965 Luc.
1226 927 1296 977 tv,
1322 910 1434 981 '58).
1471 911 1537 964 Et
1567 909 1706 964 idem

161 1018 250 1085 ipse
275 1010 429 1066 alibi:
470 1006 598 1062 Fuit
627 1007 811 1070 Adam,
839 1014 886 1059 et
911 1005 963 1058 in
985 1003 1074 1058 illo
1102 1003 1293 1075 {nimus
1321 1017 1529 1067 omnes;
1561 1002 1707 1072 periit

161 1106 316 1168 Adam,
347 1110 392 1156 et
430 1101 482 1155 in
526 1101 618 1154 illo
648 1115 819 1154 omnes
849 1097 1102 1170 perierunt
1147 1094 1283 1169 (Lib.
1317 1092 1348 1148 7
1373 1095 1426 1148 in
1455 1092 1581 1148 Lu’c.
1616 1110 1705 1158 xv,

161 1198 253 1263 Si).
289 1190 595 1249 Ambrosius
642 1199 726 1245 cst
769 1189 876 1254 ille,
922 1204 1028 1244 non
1067 1189 1385 1258 quicumque
1425 1185 1492 1240 de
1531 1185 1707 1257 vulgo,

165 1289 288 1361 cujus
311 1285 605 1356 imperitam
637 1282 1024 1338 multitudinem
1067 1291 1173 1334 non
1208 1280 1470 1334 valentem
1501 1278 1568 1333 de
1607 1277 1711 1333 tuis

109 1405 117 1450 ρ
167 1377 866 1451 disputationibusjudicare,
899 1375 1054 1430 nimis
1101 1373 1206 1426 alta
1249 1372 1457 1427 cervice
1486 1380 1538 1426 et
1583 1386 1709 1440 pro-

163 1487 282 1532 terva
319 1471 488 1528 fronte
512 1469 814 1526 centemois
843 1485 858 1522 :
891 1466 1204 1523 Ambrosius
1228 1474 1331 1531 est,
1362 1467 1598 1536 inquam,
1625 1463 1710 1519 cui

163 1569 281 1625 nulla
313 1581 376 1621 ex
418 1573 568 1636 parte
601 1563 656 1619 in
702 1563 832 1633 ipsis
868 1561 1058 1617 litteris
1093 1558 1459 1625 stecularibus,
1486 1558 1554 1613 de
1591 1558 1712 1629 qui.

165 1661 245 1716 bus
267 1657 478 1713 multum
509 1655 730 1720 inﬂaris,
776 1654 1035 1726 trquaris;
1082 1654 1133 1707 in
1174 1650 1547 1707 ecclesiasticis
1586 1664 1713 1704 vero

160 1753 258 1824 quis
281 1750 361 1806 ille
385 1749 470 1814 sit,
498 1747 621 1804 audi
664 1747 748 1802 vel
774 1745 890 1816 lege
929 1744 1198 1815 Pelagium
1237 1743 1511 1798 doctorem
1542 1750 1710 1807 tuum,

165 1854 208 1900 et
246 1842 339 1898 noli
377 1854 556 1896 amare
593 1853 810 1895 sensum
847 1853 879 1892 a
916 1851 1076 1892 sensu
1115 1835 1246 1890 tanti
1285 1833 1439 1904 hujus
1478 1831 1715 1890 doctoris

162 1936 379 1990 alienum.

211 2024 452 2082 XXXVII.
493 2023 614 2079 Jun.
656 2022 726 2078 Ft
762 2021 866 2078 hoc
902 2027 986 2078 est
1022 2027 1240 2091 propter
1275 2016 1420 2089 quod
1460 2016 1712 2085 maxime,

163 2116 441 2172 miserantes
469 2112 860 2170 Ecclesiarum‘
901 2113 1106 2178 ruinas,
1128 2109 1194 2164 ad
1220 2107 1452 2164 virorum
1484 2106 1718 2178 pruden-

157 2211 213 2265 tia
232 2208 496 2264 illustrium
529 2219 884 2282 provocamus
913 2219 1160 2268 examen,
1193 2209 1251 2257 ut
1283 2217 1387 2256 non
1416 2198 1541 2272 quid
1568 2199 1717 2254 dica—

163 2309 248 2364 tur,
275 2298 361 2355 sed
387 2298 513 2370 quid
543 2304 939 2367 consequenter
958 2295 1166 2350 dicatur
1183 2300 1456 2364 appareat.
1484 2291 1541 2347 Si
1570 2295 1716 2347 enim

146 2393 236 2448 .sub
256 2391 332 2446 tali
353 2389 580 2446 concilio
599 2388 1016 2459 disceptaretur;
1047 2385 1140 2441 tibi
1170 2385 1350 2456 utique
1371 2397 1478 2439 non
1507 2382 1712 2449 liceret,

159 2480 377 2552 autquod
420 2493 718 2551 negaveras
762 2478 982 2544 inferre,
1028 2484 1121 2530 aut
1159 2475 1303 2546 quod
1352 2473 1718 2528 aliirmaveras

160 2575 382 2645 denegare
423 2591 438 2629 :
483 2573 535 2627 in
582 2571 720 2626 libro
761 2584 890 2626 vero
941 2578 1054 2634 tuo,
1101 2582 1259 2638 quem
1309 2567 1452 2621 nulla
1497 2563 1717 2636 pudoris

160 2681 347 2723 censura
384 2665 632 2736 castigat,
677 2673 732 2720 et
770 2663 914 2735 quod
960 2662 1215 2719 Catholici
1244 2660 1448 2728 dicunt,
1477 2669 1530 2714 et
1573 2658 1716 2730 quod

161 2758 417 2826 Iianicbmi,
433 2757 767 2813 conﬁdenter
787 2755 1174 2827 agglomeras’,
1197 2753 1298 2808 hac
1327 2752 1439 2807 sola
1466 2751 1716 2822 opinione

167 2859 430 2918 contentus,
458 2851 502 2904 si
531 2847 873 2918 reSpondisse
900 2846 1127 2911 dicaris;
1159 2845 1284 2915 quid
1310 2851 1486 2900 autem
1524 2843 1719 2898 habeat

163 2941 373 3013 ponderis
394 2941 571 2997 oratio
612 2950 721 3007 tua,
754 2939 880 3010 quid
909 2938 1248 3004 constantia,
1287 2937 1522 3009 cogitare
1550 2936 1711 2992 etiam

168 3035 364 3104 ineptum
393 3045 568 3104 putas.

216 3129 332 3184 Aac.
362 3127 533 3199 Rogo,
552 3126 638 3182 dic
653 3126 764 3196 jam
787 3125 1056 3197 quomodo
1077 3123 1477 3196 intelligendum
1500 3123 1590 3190 sit,
1614 3122 1718 3178 Per

163 3233 289 3272 unum
307 3217 552 3273 hominem
579 3225 840 3289 peccatum
860 3218 1060 3272 intravit
1086 3218 1139 3272 in
1161 3217 1409 3272 mundum
1429 3230 1448 3272 :
1469 3215 1595 3288 quid
1623 3215 1719 3270 ad;

165 3313 246 3368 huc
264 3313 616 3377 calumniaris,
640 3311 975 3376 conviciaris,
999 3310 1401 3382 tergiversaris?
1420 3309 1477 3366 Si
1507 3310 1558 3363 in
1589 3324 1718 3364 con-

163 3406 278 3472 cilia,
303 3405 447 3478 cujus
473 3405 672 3460 videris
697 3403 1004 3460 desiderare
1022 3404 1302 3474 judicium,
1335 3403 1585 3458 sederent
1615 3402 1718 3474 Cy-

167 3497 375 3566 prianus,
417 3497 652 3552 liilarius
669 3537 686 3562 ,
716 3495 1029 3550 Ambrosius
1049 3536 1065 3562 ,
1093 3494 1380 3566 Gregorius
1400 3537 1414 3560 ,
1447 3494 1674 3549 Basilius
1700 3535 1714 3560 ,

165 3589 362 3645 Ioannes
381 3588 1028 3659 Constantinopulitanus,
1063 3595 1120 3642 ut
1146 3589 1278 3641 alios
1306 3596 1540 3653 taceam;
1565 3602 1719 3640 num-

165 3680 266 3751 quid
288 3679 568 3747 doctiores,
600 3679 993 3750 prudentiores,
1020 3679 1318 3734 veraciores
1339 3678 1550 3750 judices
1575 3693 1720 3748 qure-

166 3790 261 3830 rcre
281 3772 530 3829 auderes?
549 3773 651 3844 Ipsi
674 3780 857 3827 contra
878 3767 1128 3842 dogmata
1147 3780 1322 3825 vestra
1344 3771 1594 3838 clamant,
1620 3768 1720 3840 ἰνμί

167 3868 341 3938 scriptis
366 3869 478 3924 suis
502 3875 680 3924 vestra
710 3865 905 3937 scripta
934 3864 1294 3922 condemnant
1325 3882 1337 3917 :
1371 3864 1494 3935 quid
1525 3865 1721 3935 qumris

165 3960 394 4031 amplius?
417 3959 530 4015 Hoc
550 3959 660 4030 jam
683 3959 735 4013 in
766 3958 938 4030 primo
956 3965 1011 4013 et
1030 3955 1266 4012 secundo
1290 3957 1545 4011 librorum
1576 3971 1721 4010 meo-

168 4065 258 4104 rum
283 4051 404 4106 satis
422 4050 601 4117 docui,
624 4065 758 4121 quos
778 4057 961 4104 contra
991 4057 1112 4104 tuos
1131 4057 1357 4118 quatuor
1375 4062 1475 4118 ego
1495 4062 1585 4103 sex
1608 4046 1723 4102 edi-

169 4142 210 4197 di
225 4161 236 4197 :
251 4144 334 4199 sed
354 4160 478 4200 ecce
498 4143 676 4198 adhuc
697 4151 748 4198 te
766 4141 951 4197 audire
972 4150 1187 4212 paratus
1208 4156 1347 4205 sum;
1366 4140 1450 4194 dic
1465 4140 1574 4211 jam
1592 4155 1722 4208 quo-

169 4237 300 4293 modo
320 4236 789 4308 sitaccipiendum,
809 4234 950 4306 quod
971 4251 1060 4304 per
1084 4250 1239 4287 unum
1265 4233 1518 4286 hominem
1543 4248 1723 4304 pecca-

170 4341 252 4385 tum
273 4333 460 4387 intrauit
486 4335 539 4386 in
565 4330 834 4385 mundum.

149 4409 156 4420 ’
225 4423 489 4481 XXXVIII.
522 4424 640 4481 ιω..
675 4423 913 4493 Denique
956 4421 1071 4477 sine
1100 4421 1439 4477 cunctatione
1485 4419 1722 4475 tribuens

169 4532 264 4586 qua:
279 4519 504 4589 poposci,
520 4517 756 4588 quidque
775 4531 840 4571 cx
859 4515 938 4570 his
955 4514 1255 4570 coniectum
1273 4525 1417 4570 esset
1434 4513 1719 4582 aspiciens,

169 4609 402 4679 proﬁteris
417 4619 468 4666 te
485 4610 551 4665 ad
571 4609 671 4664 hoc
685 4607 825 4680 qttod
842 4607 1222 4672 exstruximus,
1241 4607 1564 4662 imbecillum
1581 4617 1720 4673 esse;

168 4701 433 4770 apostolum
452 4701 675 4757 Paulum
694 4700 797 4754 illis
811 4699 1058 4754 omnibus
1075 4715 1191 4769 qmc
1209 4699 1466 4761 diximus,
1484 4697 1720 4764 obviare;

169 4807 302 4862 quem
323 4803 491 4848 tamen
513 4791 722 4847 inducis
739 4791 924 4846 eadem
945 4807 1064 4862 quae
1092 4796 1145 4844 tn
1163 4789 1407 4854 dederas,
1425 4789 1727 4844 conceden-

169 4893 276 4939 tcm.
301 4886 390 4942 Ais
413 4887 555 4943 enim
578 4928 593 4953 ,
633 4903 653 4938 ε
692 4885 981 4956 Apostolus
1007 4900 1179 4954 neque
1205 4884 1528 4938 voluntatem
1554 4883 1727 4954 arguit

171 4978 368 5045 parvuli,
388 4995 504 5049 quzc
523 4977 733 5048 propria
751 4977 802 5032 in
823 4976 912 5031 illo
931 4976 1161 5031 nonduin
1182 4975 1342 5032 estad
1363 4975 1720 5047 peccandum)

169 5067 252 5133 (De
275 5069 476 5143 Nuptiis
501 5080 548 5126 et
575 5067 1013 5140 Concupiscentia,
1045 5069 1129 5125 lib.
1155 5070 1209 5136 2,
1240 5088 1292 5124 n.
1319 5070 1409 5142 45)
1439 5086 1577 5143 :_quo
1601 5069 1727 5125 dato

167 5158 256 5227 jam
289 5162 586 5218 convictum
612 5169 729 5225 est,
773 5175 872 5216 nec
903 5175 1058 5230 posse
1096 5161 1147 5214 in
1178 5160 1269 5215 illo
1297 5160 1581 5230 quodpiam
1609 5175 1729 5215 esse

174 5264 418 5320 peccatum
440 5297 455 5322 ,
489 5254 643 5326 cujus
673 5253 816 5309 nulla
857 5253 959 5308 alia
1005 5254 1239 5309 conditio
1286 5263 1368 5310 cst
1390 5293 1407 5321 ,
1435 5253 1728 5310 secundum

174 5345 506 5404 deﬁnitionem
553 5362 769 5417 quoque
815 5356 996 5414 tuam,
1037 5362 1194 5417 quam
1241 5346 1487 5400 voluntas
1535 5345 1730 5400 admit-

175 5437 298 5492 tendi
329 5438 465 5509 quod
502 5437 708 5510 justitia
739 5446 881 5492 vetat
903 5477 918 5504 ,
951 5445 1005 5493 et
1031 5437 1175 5494 unde
1202 5438 1426 5494 liberum
1455 5447 1537 5492 est
1561 5435 1732 5492 absti-

176 5540 306 5583 ncte.

231 5706 464 5776 {sicitas
496 5704 905 5776 eumww-
956 5769 966 5776 .
1269 5764 1330 5776 --
1394 5764 1406 5776 -

201 5769 377 5893 ὧἓὲ
393 5774 497 5820 tlss.
515 5762 630 5820 tit-iri
654 5778 709 5818 et
737 5765 884 5829 ctar.,
921 5769 966 5817 ct
987 5762 1116 5832 quod
1153 5764 1406 5819 ataniclnri
1437 5764 1734 5840 conﬁtentur,

179 5842 202 5875 α
374 5844 462 5882 τω.

1470 327 1669 391 LIBER
1711 333 2086 393 SECUNDUS.

3265 351 3406 409 “58

1892 453 2024 509 Ave.
2057 451 2183 508 Ilico
2222 452 2460 510 deﬁnitio
2486 463 2686 528 peccati
2715 472 2799 518 est
2840 464 2957 536 ejus
2978 465 3159 540 ,_‘qn‘od
3189 485 3291 524 non
3318 478 3406 525 est

1817 543 1976 598 etiam
2004 559 2157 614 paena
2182 547 2404 616 peccati.
2432 547 2566 603 Nam
2591 552 2678 605 ubi
2706 556 2859 608 mal-.e
2885 559 3286 615 censuetndinis
3306 574 3406 615 vo-

1816 649 1906 690 ces
1931 651 2051 692 esse
2080 637 2401 694 contenditis
2425 640 2440 671 ί
2462 681 2477 706 ,
2508 649 2666 712 atque
2695 654 2765 698 ita
2794 660 2951 701 voces
2987 641 3158 704 vestri
3177 651 3404 722 dogma-

1817 727 1883 780 tis
1905 727 2175 784 suil‘ocatis
2195 728 2216 762 ’
2237 771 2251 796 ,
2284 730 2368 785 die
2387 770 2402 799 ,
2433 733 2478 788 si
2499 734 2663 790 audes
2682 776 2696 804 ,
2728 739 2996 807 quomodo
3020 742 3278 800 voluntati
3307 747 3405 802 Inoo

1817 820 1974 874 minis
2015 821 2240 878 liberum
2269 825 2338 878 sit
2364 824 2632 883 abstinere
2660 843 2687 882 a
2719 830 2894 893 malo,
2927 832 3013 888 ubi
3057 835 3242 900 audis,
3280 835 3404 893 Non

1814 911 1949 976 quod
1977 912 2110 980 volo,
2134 930 2229 985 ago
2259 931 2278 968 :
2309 927 2400 970 aut
2420 933 2550 988 nega
2573 931 2693 975 esse
2719 921 2937 990 malum,
2961 924 3049 978 ubi
3080 927 3252 991 audis,
3280 929 3402 985 Non

1813 1003 1948 1072 quod
1975 1004 2106 1070 volo,
2133 1005 2266 1075 facio
2294 1007 2473 1060 bonum
2494 1025 2512 1070 ;
2537 1010 2624 1063 sed
2647 1011 2782 1082 quod
2808 1013 2924 1068 nolo
2949 1017 3160 1082 malum,
3189 1017 3282 1071 hoc
3309 1036 3404 1090 ago

1817 1091 1992 1163 (Rom.
2023 1110 2116 1159 vit,
2152 1096 2236 1161 I5,
2270 1097 2381 1169 I9).
2410 1099 2515 1156 Sed
2544 1101 2724 1172 utique
2755 1108 3114 1174 agnoscimus,
3146 1108 3245 1164 hoc
3275 1109 3402 1180 pee-

1811 1191 1990 1240 ‘eatum
2021 1200 2230 1254 pmnum
2258 1203 2378 1245 esse
2405 1193 2604 1260 peccati
2627 1209 2640 1258 ;
2673 1203 2726 1249 et
2754 1195 2874 1249 ideo
2900 1196 3310 1255 discernendum
3338 1201 3405 1255 ab

1814 1276 1904 1332 illa
1928 1276 2236 1336 deﬁnitione
2262 1283 2461 1350 peccati
2483 1325 2496 1348 ,
2527 1285 2615 1340 ubi
2637 1287 2884 1342 voluntas
2911 1288 3010 1344 hoc
3037 1293 3318 1345 committit
3343 1292 3363 1324 ³
3390 1333 3402 1353 ,

1815 1366 1957 1422 unde
1985 1368 2210 1424 liberum
2239 1379 2321 1425 est
2344 1373 2630 1430 abstinere.
2653 1376 2892 1448 Intellige
2915 1380 3056 1449 quod
3083 1381 3224 1446 dico;
3245 1391 3299 1436 et
3319 1381 3406 1438 die

1811 1458 1920 1529 jam
1939 1475 2142 1530 quaeso,
2161 1464 2429 1533 quomodo
2453 1466 2924 1538 sitaccipiendun’t,
2947 1469 3050 1526 Per
3066 1489 3222 1527 unum
3243 1473 3408 1529 homi-

1817 1566 1930 1604 nem
1957 1562 2216 1620 peccatum
2237 1553 2440 1610 intravit
2462 1556 2512 1610 in
2534 1559 2796 1614 minutum.

1887 1639 2133 1696 XXXIX.
2165 1641 2282 1698 Jun.
2317 1643 2460 1716 Ergo
2498 1647 2541 1702 si
2572 1649 2857 1718 Apostolus
2885 1667 2988 1706 non
3029 1655 3203 1725 arguit
3232 1655 3284 1712 in
3316 1656 3406 1713 illo

1819 1732 2086 1802 propriam
2113 1734 2461 1802 voluntatem,
2479 1753 2636 1808 quam
2667 1740 2908 1812 intelligit
2938 1760 3036 1800 nec
3058 1762 3177 1801 esse
3204 1751 3408 1819 potuis-

1818 1835 1910 1888 se;
1940 1826 2246 1894 pronuntiat
2272 1828 2473 1900 utique,
2505 1844 2604 1885 nec
2630 1831 2838 1902 signum
2868 1833 2919 1887 in
2949 1850 3014 1889 eo
3041 1837 3282 1894 criminis
3307 1854 3406 1910 ap-

1819 1919 2029 1983 parere,
2059 1929 2121 1970 ea
2153 1918 2383 1973 maxime
2401 1917 2674 1989 judicante
2694 1922 2918 1992 justitia,
2947 1941 3062 1995 qua:
3088 1942 3194 1982 non
3224 1929 3404 2000 impu-

1819 2011 1896 2058 tat
1922 2015 2217 2075 peccatum,
2239 2009 2336 2063 nisi
2357 2025 2387 2064 a
2408 2025 2513 2080 quo
2536 2011 2757 2066 liberum
2783 2022 2864 2068 est
2889 2015 3176 2072 abstinere.
3209 2018 3404 2076 Verum

1819 2109 1926 2150 non
1972 2096 2074 2152 hoc
2115 2099 2288 2154 solum
2317 2101 2565 2157 tribuisse
2593 2113 2877 2162 contentus
2899 2149 2914 2172 ,
2943 2107 3097 2162 addis
3117 2149 3132 2174 ,
3168 2127 3186 2161 ι
3224 2110 3407 2182 Neque

1821 2187 2032 2256 nuptias
2051 2191 2222 2259 arguit
2239 2191 2542 2260 Apostolus,
2565 2192 2615 2247 in
2634 2205 2885 2264 quantum
2909 2203 3103 2267 nuptia:
3123 2208 3267 2267 sunt,
3285 2217 3408 2272 qua:

1821 2277 2016 2336 habent
2047 2293 2077 2333 a
2110 2279 2218 2336 Deo
2249 2296 2355 2336 non
2381 2282 2550 2337 solum
2580 2283 2962 2341 institutionem
2986 2330 3001 2356 ,
3031 2300 3216 2344 verum
3243 2291 3406 2346 etiam

1822 2369 2246 2428 benedictionem
2285 2391 2306 2427 ι
2341 2373 2442 2448 (De
2471 2373 2678 2445 Nuptiis
2707 2387 2752 2430 et
2778 2377 3210 2448 Concupisccntia,
3231 2380 3318 2436 lib.
3348 2382 3405 2450 2,

1822 2475 1877 2516 n.
1906 2461 2017 2534 45).
2045 2463 2196 2532 Quod
2225 2479 2321 2534 per
2345 2479 2402 2520 se
2430 2465 2602 2520 solum
2629 2481 2781 2537 teque
2811 2480 2989 2539 posset
3009 2469 3075 2524 ad
3097 2485 3408 2542 expugnan-

1820 2553 1948 2609 dum
1971 2565 2246 2625 peccatum
2274 2557 2516 2612 naturale
2540 2556 2789 2614 suiﬁcere
2813 2575 2826 2612 :
2851 2560 2972 2631 quia
2993 2561 3036 2615 si
3063 2563 3163 2616 scit
3182 2562 3413 2633 Aposto-

1823 2647 1905 2703 lus
1924 2691 1940 2717 ,
1970 2657 2027 2703 ut
2052 2650 2152 2705 scit
2170 2690 2185 2717 ,
2218 2664 2324 2704 non
2349 2664 2468 2706 esse
2497 2651 2707 2722 nuptias
2731 2653 3060 2724 a'rguendas,
3090 2653 3157 2709 ad
3185 2671 3409 2726 quarum

1823 2741 2253 2797 conciliationem
2278 2749 2333 2797 et
2357 2743 2709 2798 ministerium
2737 2752 2791 2799 et
2812 2745 3223 2802 instrumentum
3252 2750 3414 2818 perti-

1823 2844 1916 2890 net
1935 2833 1956 2866 ‘
1986 2851 2015 2890 a
2050 2835 2161 2891 Deo
2201 2837 2439 2892 instituta
2465 2847 2516 2893 ct
2541 2838 2819 2895 benedicta
2844 2855 3069 2897 sexuum
3109 2858 3229 2898 cum
3259 2845 3412 2899 volu-

1824 2934 1970 2998 ptate
2007 2927 2351 2996 commixtio;
2381 2945 2484 2985 non
2521 2941 2696 3001 potest
2721 2931 2789 2988 de
2816 2931 2897 2987 bis
2923 2933 3184 2989 diabolica
3215 2936 3413 3005 germi-

1823 3035 1954 3075 nare
1980 3021 2249 3090 possessio
2265 3019 2308 3086 ⁸,
2328 3036 2427 3077 nec
2442 3024 2643 3078 fructus
2668 3038 2850 3078 earum
2874 3039 2996 3080 rcus
3018 3032 3120 3088 est,
3139 3025 3277 3096 apud
3293 3041 3410 3081 eam

1823 3114 2056 3169 maxime
2092 3113 2349 3185 justitiam
2370 3151 2385 3182 ,
2417 3131 2536 3186 quae
2577 3127 2854 3185 peccatum
2885 3131 2989 3173 non
3019 3118 3278 3189 imputat,
3311 3119 3413 3176 nisi

1823 3204 1970 3261 unde
1993 3205 2220 3261 liberum
2244 3214 2328 3262 est
2347 3207 2637 3263 abstineret

1892 3297 2026 3354 Atta.
2058 3295 2213 3364 Noli,
2259 3297 2518 3363 obsecro,
2547 3313 2667 3353 eum
2703 3298 2792 3353 tali
2834 3299 3105 3369 voluptate
3148 3302 3412 3357 commix-

1823 3387 2023 3444 tiouem
2040 3390 2324 3460 conjugum
2353 3388 2407 3442 in
2434 3389 2681 3458 paradiso
2702 3390 2961 3460 suspicari
2978 3390 3020 3456 ⁸,
3043 3392 3256 3462 qualem
3276 3407 3416 3452 nunc

1824 3478 1950 3534 facit
1976 3478 2140 3535 libido
2160 3521 2176 3547 ,
2204 3493 2322 3549 qua:
2349 3494 2456 3534 nou
2497 3479 2564 3534 ad
2595 3491 2780 3534 nutum
2809 3481 3096 3537 voluntatis
3137 3484 3370 3555 exsurgit
3396 3526 3414 3549 ,

1823 3589 1943 3643 qua:
1969 3581 2176 3628 mentes
2198 3573 2357 3628 etiam
2384 3584 2712 3642 sanctorum,
2734 3575 3031 3631 cohibenda
3057 3577 3295 3648 quidem,
3318 3572 3416 3634 sed

1825 3672 2002 3720 tamen
2026 3665 2325 3738 importuna
2347 3667 2618 3722 sollicitat.
2643 3668 2794 3721 Absit
2815 3675 2871 3721 ut
2892 3685 2920 3722 a
2945 3668 3192 3723 ﬁdelibus
3213 3679 3265 3724 et
3291 3686 3416 3739 prn-

1823 3755 2074 3812 dentibus
2091 3757 2209 3812 talis
2226 3757 2468 3828 voluptas
2485 3757 2737 3829 paradisi,
2757 3759 2875 3814 talis
2897 3758 2982 3814 illa
3003 3775 3102 3831 pax
3120 3769 3175 3816 et
3192 3759 3416 3818 felicitas

1824 3849 2108 3920 cogitetur.

1895 3939 2008 3994 XL.
2040 3937 2159 3995 Jun.
2189 3938 2606 3997 Consideremus
2633 3949 2688 3998 et
2713 3940 2948 4006 tertium,
2977 3957 3084 4013 quo
3113 3934 3416 4016 benignitas

1827 4039 1914 4086 tua
1938 4031 1988 4085 in
2011 4031 2380 4102 acquiesccndi
2405 4031 2657 4088 facilitate
2677 4043 2946 4089 cernatur.
2977 4053 2995 4086 ι
3021 4033 3202 4107 Neque
3222 4051 3418 4106 paren-

1828 4133 1928 4188 tes,
1950 4123 2000 4178 in
2027 4132 2280 4194 quantum
2313 4133 2558 4193 parentes
2581 4137 2708 4181 sunt
2734 4126 2964 4182 invicem
2993 4127 3134 4184 licite
3161 4137 3318 4201 atque
3343 4131 3417 4185 le-

1826 4216 2008 4287 gitime
2035 4216 2100 4270 ad
2129 4217 2488 4286 procreandos
2519 4219 2653 4274 ﬁlios
2678 4219 2945 4292 conjngati
2967 4263 2982 4289 ,
3014 4222 3297 4292 Apostolus
3323 4239 3416 4278 ars

1826 4309 1937 4381 gnit
1962 4327 1980 4361 ι
2007 4305 2212 4382 (Ibid.).
2232 4308 2490 4378 Eupcnde
2509 4310 2635 4380 quid
2657 4309 2875 4380 dixeris,
2897 4327 3000 4368 non
3023 4314 3171 4384 angui
3192 4314 3260 4370 ab
3277 4317 3421 4385 Apo-

1827 4399 1967 4470 stolo
1997 4409 2244 4470 parentes
2263 4442 2276 4466 ,
2305 4400 2358 4455 in
2387 4410 2640 4471 quantum
2680 4412 2930 4473 parentes
2958 4414 3100 4461 sunt.
3141 4403 3266 4460 Ideo
3291 4423 3420 4478 ergo

1827 4505 1943 4558 eos,
1964 4491 2016 4546 in
2040 4501 2295 4563 quantum
2325 4502 2569 4561 parentes
2594 4503 2740 4558 sunt,
2761 4509 2864 4549 non
2895 4510 3057 4565 posse
3073 4496 3287 4552 diabolo
3313 4496 3420 4553 frn-

1827 4581 2084 4648 ctilicare,
2105 4597 2204 4637 nec
2225 4582 2291 4636 de
2309 4582 2390 4637 his
2409 4583 2628 4654 aliquid,
2649 4584 2700 4638 in
2723 4595 2980 4655 quantum
3002 4595 3250 4655 parentes
3270 4598 3418 4653 sunt,

1829 4671 1895 4727 ad
1923 4671 2191 4727 diabolum
2223 4677 2486 4742 pertinere
2512 4675 2818 4744 pronuntiat
2851 4692 2864 4730 :
2899 4675 2993 4730 ﬁlii
3021 4688 3200 4732 autem
3231 4678 3284 4736 in
3309 4689 3423 4734 tan-

1831 4773 1940 4818 tum
1967 4765 2231 4833 pertinent
2253 4763 2318 4819 ad
2347 4774 2612 4834 parentes,
2637 4765 2689 4820 in
2717 4776 2971 4836 quantum
3003 4778 3249 4837 parentes
3277 4781 3420 4834 sunt;

1827 4857 1989 4927 igitur
2013 4870 2112 4912 nec
2142 4856 2241 4920 rei,
2272 4872 2371 4913 nec
2397 4856 2501 4912 sub
2540 4873 2704 4928 regno
2731 4858 2950 4925 diaboli,
2979 4875 3079 4916 nec
3104 4865 3360 4934 arguendi
3391 4883 3420 4920 a

1829 4951 2041 5008 diabolo
2061 4950 2496 5022 comprobantur.
2517 4950 2586 5009 Ut
2605 4952 2749 5010 enim
2773 4953 2876 5011 Itoc
2895 4956 3038 5028 quod
3062 4956 3314 5025 diximus,
3339 4975 3425 5015 rer

1896 5156 1913 5188 ι
1947 5161 2106 5217 Forte,
2129 5153 2406 5217 conceditis.

1899 5219 1920 5250 ¹
1945 5216 2582 5291 βιοῖο),,ωριιιηρι-ἱῑἋΓεεε
2606 5220 2716 5284 5H,
2739 5222 2852 5291 διε,
2876 5222 3000 5289 legit
3022 5240 3035 5277 :
3056 5231 3194 5290 atque
3225 5227 3296 5280 ita
3320 5230 3431 5291 fau-

1834 5291 1913 5330 ces
1934 5278 2079 5330 vestri
2101 5280 2338 5344 dogmatis
2343 5278 2621 5393 modum.
2702 5278 2712 5284 ’
2747 5290 2806 5333 Μ.
2838 5278 2848 5286 ’
2927 5278 2957 5289 “’
3118 5278 3131 5290 ’
3229 5278 3240 5280 “
3320 5278 3332 5291 ⁸

1901 5343 1923 5374 ³
1955 5347 2084 5393 διεδ..
2130 5341 2236 5392 lucc
2271 5355 2342 5392 cor
2445 5342 2535 5393 itit.
2568 5351 2622 5393 Et
2661 5344 2808 5393 infra.
2847 5347 3059 5393 Intelliae
3101 5362 3212 5393 (mm
3239 5350 3365 5393 dim-
3395 5343 3400 5354 ’

1901 5343 2084 5413 ξφα,
2123 5341 2236 5413 [nec
2271 5341 2535 5394 committit.
2568 5351 2622 5396 Et
2661 5344 2808 5413 inira,
2847 5347 3059 5413 Intellige
3099 5350 3366 5413 gntegdico.

1898 5402 1921 5436 δ
1945 5403 2272 5470 κ’ὶκῑιθτὶυθηα
2301 5417 2510 5470 quarum
2539 5402 2866 5470 conciliatione
2905 5416 2950 5460 et
2991 5402 3254 5462 ﬁmiisterio
3282 5419 3329 5463 et
3351 5412 3430 5464 ina»

1835 5463 2096 5539 stnnnenta
2113 5463 2335 5539 pertinet}
2361 5468 2533 5539 verius
2552 5474 2681 5539 atss.,
2709 5469 2776 5520 ad
2799 5483 3004 5539 quarum
3025 5463 3423 5536 conciliationem,

1835 5532 1882 5577 et
1901 5532 2216 5578 monsterimn
2237 5535 2283 5578 rt
2303 5532 2668 5580 instrumentum
2701 5532 2921 5584 pertinet.

1903 5589 1925 5622 ³
1950 5589 2025 5639 sic
2067 5594 2176 5640 Itss.
2210 5589 2352 5653 Editi,
2373 5588 2435 5642 de
2461 5589 2536 5642 his
2558 5588 2844 5644 diabolicam
2878 5592 3149 5660 germinare
3181 5597 3434 5659 possessa»

1841 5661 2038 5781 "mansio.
2050 5724 2226 5784 omnes
2251 5721 2355 5763 tltss.
2397 5713 2515 5784 editi
2546 5721 2709 5784 autem
2733 5713 2911 5784 ferunt,
2947 5727 3057 5765 cum
3077 5716 3166 5766 tali
3197 5717 3432 5781 voluptate

1843 5773 2120 5883 :q‘ngtngflqm
2162 5773 2214 5826 in
2257 5774 2488 5841 paradiso
2525 5773 2763 5840 suspicati
2779 5790 2801 5840 ,ε
2837 5773 2904 5828 et
2930 5787 3262 5848 praetereunt,
3303 5773 3432 5830 'com-

1969 5848 1984 5883 ι
2075 5848 2138 5883 m.
2785 5873 2796 5882 .

1846 5846 2138 5885 ιιιιϊιῖοησηι.
2785 5873 2796 5882 -
