3950 6486
584 307 718 364 11ὅο

578 424 833 498 petitione
858 421 1147 478 clarescat:
1182 419 1238 476 In
1265 430 1467 475 tantum
1494 434 1713 475 sexuum
1739 418 2042 490 conjunctio
2065 433 2154 474 so-

582 516 686 572 boli
728 515 1039 586 participat,
1070 513 1121 568 in
1148 522 1401 584 quantum
1426 512 1517 583 qui
1558 513 1813 582 conjuges
1834 519 1994 578 sunt,
2023 510 2159 566 ﬁunt

579 616 866 678 parentes;
914 607 1162 663 siautem
1192 604 1388 675 aliquid
1437 605 1578 659 inter
1623 619 1683 660 se
1719 603 1986 658 voluerint
2028 617 2156 673 age-

579 714 639 755 re
681 699 1005 771 petulantius
1026 740 1041 763 ,
1094 697 1178 774 vel
1209 712 1303 767 per
1333 695 1543 751 illicitos
1584 693 1965 749 adulteriorum
1996 694 2157 749 ober-

568 805 700 857 rare
742 790 1057 845 concubitus
1081 830 1095 851 ,
1128 787 1229 842 hoc
1272 786 1339 840 ad
1371 784 1508 841 ﬁlios
1535 801 1639 839 non
1667 792 1844 854 potest
1888 785 2116 839 attinere
2137 822 2155 851 ,

579 881 670 953 qui
699 880 767 937 de
787 887 841 936 vi
869 882 1132 936 seminum
1162 916 1179 947 ,
1204 892 1311 932 non
1339 877 1407 933 de
1433 875 1683 931 vitiorum
1711 873 2045 949 obscenitate
2064 888 2159 930 na-

577 980 820 1030 scnntur.

648 1067 782 1124 Aac.
800 1046 989 1121 iamne
1007 1061 1278 1118 conﬁteris
1296 1052 1457 1116 etiam
1478 1057 1617 1114 inter
1629 1050 2026 1130 conjuges‘esSe
2046 1070 2163 1128 pos-

577 1173 638 1214 se
664 1157 1005 1227 petulantiam
1030 1150 1456 1228 commixtionis?
1478 1152 1615 1207 Ecce
1638 1150 1781 1221 quod
1809 1149 1934 1220 facit
1957 1158 2043 1203 tua
2070 1148 2160 1205 illa

575 1247 797 1318 pulchra
822 1254 1068 1318 suscepta
1093 1246 1110 1277 ί
1136 1262 1151 1298 :
1176 1244 1277 1300 hoc
1300 1244 1440 1298 enim
1468 1234 1570 1297 nisi
1595 1256 1718 1297 cum
1742 1242 1792 1296 ei
1820 1240 2028 1296 ceditur
2052 1254 2159 1294 non

580 1341 636 1392 tit
654 1379 672 1407 ,
701 1336 916 1409 quando
940 1335 1007 1391 ad
1035 1334 1378 1406 petulantiam
1399 1374 1415 1400 ,
1442 1346 1602 1403 quam
1630 1341 1684 1387 tu
1727 1345 1943 1403 quoque
1968 1344 2159 1400 repre-

578 1427 787 1493 hendis,
808 1428 968 1483 etiam
988 1425 1243 1497 conjuges
1256 1424 1547 1479 liberorum
1571 1420 2019 1493 procreandorum
2037 1434 2162 1475 cau-

578 1535 635 1573 sa
679 1506 956 1588 copulalos
974 1557 991 1585 ,
1020 1512 1161 1570 nulla
1188 1514 1509 1593 necessitate
1529 1515 1551 1546 ’
1581 1512 1821 1569 serenda:
1846 1511 2014 1581 prolis
2057 1511 2160 1565 im-

581 1610 730 1683 pellit
760 1625 776 1663 :
810 1611 961 1678 cujus
990 1615 1165 1665 tantus
1193 1604 1436 1660 laudator
1473 1620 1594 1660 esse
1615 1602 1833 1678 voluisti
1856 1644 1873 1670 ,
1901 1610 1959 1657 ut
2001 1614 2162 1657 nemo

580 1702 764 1758 credat
800 1700 939 1773 quod
969 1701 1129 1755 etiam
1171 1706 1504 1769 oppugnator
1545 1710 1666 1752 esse
1701 1694 1934 1761 audeas;
1964 1694 2162 1775 quippe

576 1809 737 1865 quam
782 1793 860 1847 sic
906 1791 1123 1846 laudare
1161 1806 1268 1845 non
1316 1788 1614 1853 erubuisti,
1640 1797 1712 1861 'ut
1756 1802 1873 1841 eam
1914 1794 1976 1861 te
2021 1782 2161 1840 libe-

576 1891 699 1948 ret,
731 1896 830 1937 nec
857 1880 1120 1951 puderet;
1151 1880 1311 1936 etiam
1341 1880 1395 1934 in
1425 1877 1655 1950 paradisi
1694 1876 2017 1933 beatitudine
2043 1875 2161 1933 col-

465 1974 475 1982 ’
575 1973 772 2028 locare.

646 2061 785 2118 XLI.
816 2060 936 2118 Jun.
969 2060 1133 2139 Igitur
1176 2060 1243 2117 ad
1289 2048 1569 2117 nascentes
1609 2057 1980 2131 generantium
2005 2100 2021 2126 ,
2052 2073 2160 2116 non

555 2156 807 2228 ,llagitia,
857 2154 954 2211 sed
999 2153 1203 2210 semina
1244 2153 1613 2225 pervehuntur
1643 2166 1657 2207 :
1687 2153 1796 2209 vim
1844 2161 2023 2208 autem
2066 2167 2161 2225 se-

574 2248 777 2303 minum
807 2247 947 2303 Deus
974 2246 1240 2313 instituit,
1271 2235 1326 2302 et
1351 2245 1490 2302 sicut
1513 2244 1755 2300 conﬁteri
1781 2244 1993 2315 cogeris
2012 2280 2030 2314 ,
2062 2243 2158 2319 be-

572 2338 795 2395 nedixit.

558 2414 563 2421 ’
642 2435 775 2491 Aca.
806 2433 1021 2491 Semina
1048 2433 1189 2490 Deus
1215 2426 1478 2503 instituit;
1500 2432 1596 2489 sed
1620 2432 1708 2504 qui
1740 2440 1959 2503 possunt
1983 2431 2038 2488 in
2064 2444 2160 2487 na-

574 2532 691 2579 tura
720 2524 904 2579 vitiata
949 2524 1144 2580 bonum
1169 2525 1289 2594 ejus
1313 2539 1347 2578 a
1374 2523 1517 2579 malo
1558 2522 1675 2594 ejus
1705 2523 1775 2578 ita
1805 2522 2115 2579 discernere
2134 2562 2153 2591 ,

571 2622 634 2670 ut
656 2631 829 2686 neque
848 2615 869 2647 ³
900 2623 1084 2687 putent
1108 2624 1348 2671 naturam
1377 2614 1573 2670 malum
1600 2628 1742 2681 esse,
1772 2628 1946 2685 neque
1970 2611 2154 2668 vitium

554 2718 815 2768 ,naturam
835 2721 977 2775 esse,
997 2706 1098 2777 ipsi
1118 2714 1343 2779 possunt
1359 2694 1667 2762 discernere
1676 2704 1803 2776 quid
1825 2704 2014 2759 horum
2030 2703 2158 2760 duo-

570 2812 688 2852 rum
713 2797 780 2853 ad
808 2797 974 2853 Deum
1000 2813 1183 2853 creare
1208 2797 1503 2869 pertineat,
1529 2796 1656 2868 quid
1682 2810 1893 2852 sanare.
1919 2794 2027 2853 Sed
2052 2795 2155 2869 lioe

568 2903 667 2944 vos
693 2903 801 2944 non
839 2887 1097 2959 potestis,
1126 2887 1379 2959 quamdiu
1407 2886 1712 2959 Pelagiani,
1743 2901 1850 2941 non
1887 2885 2153 2942 Catholici

568 2978 717 3035 estis.
743 2978 839 3035 Dic
853 2979 963 3050 jam
982 3010 1000 3047 ,
1027 2993 1157 3049 rogo
1174 3017 1192 3047 ,
1220 2977 1309 3034 die
1331 2974 1440 3049 jam
1463 3019 1478 3046 ,
1508 2977 1775 3050 quomodo
1799 2977 1869 3034 sit
1887 2978 2153 3049 accipien-

565 3068 728 3136 dum,
759 3069 902 3142 quod
946 3086 1035 3142 per
1062 3084 1222 3123 mium
1260 3069 1512 3124 hominem
1549 3080 1809 3141 peccatum
1852 3068 2055 3125 intravit
2097 3070 2152 3126 in

565 3162 833 3216 mundum.
2102 3236 2107 3243 η

635 3252 793 3310 XLII.
822 3252 941 3311 Jun.
970 3253 1093 3311 Filii
1117 3252 1275 3325 igitur
1298 3268 1397 3311 nec
1422 3260 1549 3309 tunc
1577 3253 1655 3310 rei
1676 3260 1822 3322 sunt,
1850 3252 2063 3325 quando
2093 3255 2148 3310 in

561 3358 748 3400 eorum
770 3345 1112 3417 generatione
1131 3354 1355 3416 peccant
1374 3352 1624 3415 parentes
1654 3361 1671 3400 :
1703 3344 1824 3416 quia
1850 3345 1904 3400 in
1944 3340 2148 3400 tantum

561 3433 630 3489 ad
657 3434 854 3490 liberos
871 3450 999 3491 suos
1027 3436 1316 3507 pertinent,
1350 3435 1403 3490 in
1428 3443 1685 3507 quantum
1713 3440 1961 3507 parentes
1980 3447 2146 3494 sunt:

550 3511 724 3597 igitur
751 3536 803 3581 et
829 3534 1032 3582 tantum
1053 3525 1076 3558 δ
1106 3525 1203 3581 ﬁlii
1225 3525 1293 3582 ad
1316 3536 1564 3598 parentes
1589 3524 1874 3598 pertinent,
1902 3528 1957 3582 in
1977 3543 2150 3599 quan-

562 3629 676 3678 tum
717 3618 814 3675 ﬁlii
850 3627 996 3675 sunt.
1023 3618 1238 3677 Natura:
1257 3620 1281 3653 ⁸
1307 3620 1505 3692 quippe
1539 3621 1907 3692 generantium
1934 3631 2149 3680 constat

560 3710 801 3782 germina
826 3713 1223 3769 communicare
1245 3754 1262 3781 ,
1290 3727 1396 3768 non
1418 3713 1608 3784 culpae.
1632 3711 1784 3783 Quod
1811 3714 1894 3781 si,
1927 3723 1985 3771 ut
2010 3717 2147 3774 ratio

561 3801 913 3871 demonstrat,
943 3804 1013 3860 ita
1041 3805 1201 3861 etiam
1230 3806 1547 3877 Apostolum
1573 3806 1894 3864 confirmare
1914 3823 2148 3880 pronun-

559 3895 694 3962 tias;
724 3896 915 3952 merito
936 3912 1057 3965 nos,
1082 3913 1149 3954 eo
1173 3897 1421 3967 docente,
1452 3897 1786 3957 defendimus
1804 3909 2023 3973 peccata
2052 3918 2149 3974 pa-

559 3996 773 4044 rentum
802 3987 869 4044 ad
895 3988 1031 4044 ﬁlios
1053 3990 1320 4060 pertinere
1348 4005 1455 4045 non
1479 4005 1639 4062 posse
1670 4007 1686 4046 :
1715 3992 2144 4065 quandoquidem

556 4084 613 4133 et
640 4080 926 4151 Apostolus
954 4080 1154 4152 Spiritu
1196 4091 1382 4138 sancto
1425 4082 1635 4151 clarus,
1665 4091 1720 4141 et
1759 4100 1859 4141 nos
1901 4086 2144 4144 instructi

559 4171 681 4227 luce
709 4171 963 4239 rationis,
994 4180 1048 4229 et
1074 4180 1129 4229 tu
1152 4173 1387 4245 pondere
1412 4175 1733 4248 impugnatae
1759 4191 1792 4233 a
1821 4186 1875 4234 te
1901 4180 2144 4237 veritatis

555 4277 877 4334 oppressus,
906 4265 1263 4323 communiter
1305 4282 1536 4337 vereque
1563 4267 1860 4338 fateamur,
1892 4282 2143 4342 parentes

555 4353 609 4409 in
631 4364 887 4427 quantum
914 4365 1164 4428 parentes
1188 4356 1372 4424 sunt‘,
1403 4372 1524 4413 reos
1553 4373 1657 4413 non
1679 4374 1832 4427 esse;
1862 4363 1914 4416 in
1937 4370 2141 4418 tantum

552 4454 732 4503 autem
752 4446 818 4500 ad
848 4446 988 4504 ﬁlios
1014 4447 1304 4519 pertinere,
1335 4447 1386 4501 in
1416 4456 1671 4521 quantum
1704 4460 1955 4519 parentes
1974 4444 2137 4519 sunt;

553 4538 716 4608 igitur
756 4527 893 4594 ﬁlios
930 4537 987 4594 in
1015 4547 1268 4611 quantum
1302 4537 1393 4594 lilii
1422 4547 1577 4605 sunt,
1611 4538 1665 4594 id
1706 4548 1824 4608 est,
1855 4550 2139 4614 antequam

554 4618 753 4698 aliquid
780 4643 874 4699 per
891 4628 1218 4686 voluntatem
1249 4629 1519 4702 propriam
1544 4638 1855 4701 operentur,
1878 4646 2002 4688 reos
2019 4648 2140 4690 esse

554 4733 660 4773 non
691 4732 870 4789 posse.

623 4813 759 4869 Aac.
792 4810 1051 4870 Parentes
1074 4813 1290 4885 quidem
1329 4812 1594 4887 gignendo
1624 4826 1874 4886 parentes
1899 4825 2054 4887 sunt,
2084 4827 2138 4876 ct

614 4984 633 5021 ί
666 4977 966 5059 τήξειιίεξιζίιιεὶ,Δ
980 4994 1102 5059 εσσε
1137 4986 1266 5059 quod
1288 4982 1406 5059 facit
1427 4986 1514 5040 tibi
1528 4986 1600 5059 ad
1620 4986 1708 5040 illa
1729 4987 1937 5059 pulchra
1973 5005 2136 5044 susce-

550 5047 1163 5134 ἓξὲξ
1183 5047 1422 5134 Mitte:
1445 5053 1654 5134 sese:
1677 5047 1887 5134 92-.1’925
1918 5067 2135 5134 (ξιξρειξιοε

544 5243 658 5300 nus,
680 5233 746 5284 de
761 5233 1149 5298 concupiscentia
1173 5235 1396 5300 loquens,
1419 5233 1560 5299 cujus
1575 5235 1662 5286 ille
1686 5233 2006 5300 patrocinium
2023 5252 2134 5290 sus-

545 5297 961 5431 αῗίῗξεειίθτίμεν
988 5356 1262 5431 Messalas:
1376 5418 1400 5431 ..
1553 5352 1564 5431 ζ
1625 5418 1647 5430 ..
1700 5418 1713 5431 .

609 5419 631 5487 ξ
662 5418 799 5479 sum,
835 5424 886 5469 ut
907 5431 1057 5487 neque
1079 5419 1193 5487 qui;
1218 5427 1271 5487 et
1291 5418 1435 5483 paulo
1464 5426 1588 5483 post,
1618 5418 1713 5486 ipsi
1743 5419 1938 5485 possint.
1964 5423 2128 5487 Abest,

546 5478 647 5552 qui,
659 5459 1106 5552 g'iigé.féi"ﬁiiﬁiil
1114 5459 1271 5547 ξ’ἷρὲ

605 5542 628 5572 ⁸
658 5548 814 5603 Forte,
837 5542 888 5592 in
908 5547 1106 5592 tantum.

605 5603 628 5635 ³
662 5604 928 5673 Meuanias,
960 5610 1226 5673 Naturam;
1257 5610 1310 5655 et
1348 5603 1487 5673 infra,
1526 5615 1621 5655 non
1663 5604 1870 5670 culpam.
1932 5609 2131 5673 \‘ignie-

540 5664 659 5772 gius,
701 5669 918 5774 al'atura;
951 5673 1002 5716 et
1038 5667 1178 5729 infra,
1206 5664 1307 5718 non
1345 5664 1503 5732 culpa.
1543 5675 1600 5716 Al.
1642 5664 1769 5728 Mss,
1795 5664 2131 5736 satureia",-

583 5737 721 5774 unca
743 5737 834 5774 me.

547 5733 640 5817 ηυέ
848 5795 951 5838 Mss.
977 5789 1240 5861 adjicimus,
1267 5787 1317 5840 in
1341 5794 1566 5854 quantum
1588 5797 1954 5869 parentesszmt.

1246 302 1486 360 OPERB
1522 300 1930 359 IMPIERFECTI
1969 301 2242 360 CONTRA
2281 302 2639 374 JULHNUM,
2671 305 2732 365 S.
2773 307 3136 368 AUGUSTINI

3676 327 3794 389 non

2264 418 2359 476 ﬁlii
2385 422 2652 480 nascendo
2672 421 2765 479 ﬁlii
2792 433 2950 480 sunt:
2975 441 3074 483 nec
3098 427 3315 497 gignere
3338 439 3537 500 autem,
3566 452 3656 493 nec
3682 447 3805 498 nasci

2262 515 2463 569 malum
2495 526 2611 584 est,
2654 518 2795 586 quod
2832 521 3057 588 pertinet
3100 521 3168 577 ad
3202 523 3581 582 institutionem
3613 531 3729 598 Dei,
3762 547 3808 593 et

2263 616 2544 680 utrumque
2563 609 2680 665 sine
2700 611 2945 680 pudenda
2974 613 3189 670 libidine
3210 627 3389 686 posset
3409 618 3462 672 in
3486 622 3714 689 paradiso
3730 627 3808 684 lie.

2263 699 2306 753 ri
2329 741 2349 773 ,η
2370 700 2415 754 si
2450 715 2608 756 nemo
2650 713 2943 771 peccasset.
2971 705 3223 762 Pudenda
3248 708 3390 764 enim
3433 700 3595 767 libido
3619 715 3711 772 nisi
3732 730 3807 777 aut

2262 799 2480 860 peccato
2504 804 2709 856 exorta,
2727 803 2819 849 ant
2842 806 3060 865 peccato
3081 798 3261 853 vitiata
3281 809 3447 865 esset,
3468 803 3697 873 pudenda
3718 826 3826 870 non.

2262 892 2439 949 esset;
2472 892 2524 940 et
2547 893 2641 940 aut
2670 888 2812 942 nulla
2838 899 2983 946 esset
3008 897 3226 949 omnino
3245 933 3265 959 ,
3293 903 3350 951 et
3367 896 3485 953 sine
3515 896 3600 953 illa
3621 901 3687 956 ita
3708 917 3806 961 ser-

2262 974 2433 1057 virent
2456 977 2702 1047 genitalia
2740 980 2979 1036 membra
3007 982 3380 1054 gignentibus,
3414 996 3473 1042 ut
3513 1004 3686 1048 manus
3708 1011 3805 1052 ser-

2261 1068 2412 1123 viunt
2425 1072 2786 1140 operantibus;
2803 1083 2896 1129 aut
2910 1075 2979 1131 ita
2994 1085 3138 1133 esset
3152 1077 3486 1151 subsequens
3501 1082 3805 1156 voluntatem,

2266 1167 2321 1214 ut
2340 1175 2609 1231 nunquam
2631 1173 2812 1232 posset
2839 1166 3129 1232 sollicitare
3149 1169 3444 1235 nolentem;
3466 1173 3667 1243 qualem
3691 1195 3806 1238 nunc

2260 1263 2381 1306 eam
2408 1266 2514 1306 non
2530 1266 2671 1320 esse,
2690 1255 2907 1312 castitas
2926 1256 3103 1325 docet,
3121 1275 3241 1330 qua:
3266 1261 3400 1317 tales
3428 1271 3601 1320 motus
3618 1267 3721 1337 ejus
3733 1286 3807 1326 ex-

2262 1352 2480 1413 pugnat,
2498 1353 2554 1398 et
2578 1344 2629 1399 iu
2657 1346 2953 1418 coniugatis
2974 1389 2991 1415 ,
3010 1365 3078 1406 ne
3096 1352 3179 1429 rel
3201 1351 3341 1410 inter
3355 1370 3415 1410 se
3436 1356 3724 1417 indecenter
3747 1363 3807 1421 Ia-

2264 1435 2509 1502 scivianl,
2535 1438 2618 1493 vel
2642 1438 2694 1493 in
2723 1439 2981 1506 adulteria
3002 1444 3371 1513 prolabantur,
3392 1457 3448 1504 ct
3475 1448 3527 1504 in
3551 1452 3807 1527 quibusque

2263 1526 2678 1595 continentibus,
2698 1544 2766 1586 ne
2790 1528 2913 1587 huic
2932 1535 3339 1605 consentiendo,
3355 1537 3681 1609 dejiciantur.
3698 1526 3807 1604 Ecce

2260 1613 2332 1671 de
2358 1632 2461 1687 qua
2502 1617 2726 1675 trahitur
2752 1620 3013 1692 originale
3041 1634 3314 1695 peccatum
3349 1646 3364 1684 :
3393 1644 3525 1687 ecce
3564 1647 3655 1701 per
3676 1644 3811 1705 quam

2265 1708 2407 1763 nasci
2435 1708 2624 1775 noluit,
2651 1712 2740 1781 qui
2769 1713 2932 1781 venit,
2962 1730 3067 1771 non
3092 1707 3249 1773 suum
3277 1719 3440 1790 ferre,
3469 1721 3563 1778 sed
3600 1734 3805 1785 nostrum

2262 1797 2472 1867 auferre
2501 1811 2797 1871 peccatum.
3279 1878 3283 1882 θ

2333 1888 2517 1945 XLIII.
2543 1891 2662 1948 Jun.
2696 1894 2833 1950 Eant
2858 1891 2999 1953 nunc
3016 1938 3032 1964 ,
3061 1908 3118 1954 et
3143 1901 3323 1956 omnia
3344 1896 3596 1976 quidquid
3621 1920 3808 1980 possunt

2260 1979 2565 2038 Manichma:
2590 1985 2812 2041 rationis
2836 1989 3125 2046 moliantur
3154 1992 3362 2063 ingenia
3385 1996 3402 2027 ¹
3423 2036 3440 2062 ,
3470 1979 3637 2067 quam,
3657 2001 3809 2060 volunt

2264 2071 2450 2144 longas
2469 2076 2736 2145 patiantur
2754 2080 3131 2155 cogitationum
3154 2100 3456 2142 aerumnas:
3479 2104 3580 2145 non
3600 2106 3810 2164 arrogan-

2265 2173 2366 2231 ter,
2388 2166 2483 2222 sed
2508 2168 2755 2240 religiose
2779 2172 3059 2243 polliceor,
3086 2191 3360 2250 nunquam
3401 2181 3538 2240 hanc
3560 2184 3810 2243 instructu-

2261 2272 2376 2313 ram
2397 2259 2418 2291 '
2449 2274 2607 2330 posse
2634 2263 2898 2333 quassari.
3398 2340 3403 2344 δ

2256 2418 2257 2423 η
2331 2349 2464 2407 Aac.
2487 2350 2655 2420 Quam
2677 2353 3053 2427 instructuram
3069 2373 3252 2428 vocas,
3273 2360 3367 2418 tibi
3383 2362 3406 2395 ³
3425 2364 3576 2420 ruina
3606 2375 3701 2435 est,-
3715 2385 3808 2441 qua

2262 2451 2316 2498 te
2333 2442 2405 2498 ita
2432 2445 2645 2515 pressit,
2663 2455 2721 2502 ut
2740 2447 2958 2506 laudare
2982 2461 3200 2522 cogeret
3223 2454 3365 2524 quod
3380 2471 3650 2529 expugnas
3666 2477 3679 2514 :
3694 2462 3732 2517 si
3748 2471 3809 2518 ta-

2259 2548 2386 2589 men
2412 2544 2492 2621 est
2519 2536 2572 2591 in
2603 2548 2654 2592 te
2677 2539 3075 2613 qualiscumque
3097 2545 3336 2613 castitas;
3358 2562 3478 2618 qua:
3504 2558 3554 2606 te
3580 2550 3810 2610 [sciatu-

2263 2637 2500 2699 pugnare
2516 2627 2670 2703 (quod
2686 2628 2903 2701 laudas.
3273 2702 3276 2705 λ

2329 2706 2515 2772 XLIV.
2535 2716 2654 2774 Jun.
2676 2719 2789 2787 Qua
2819 2722 2977 2793 igitur
3001 2714 3177 2782 fronte
3198 2723 3516 2801 subjungis:
3543 2750 3562 2784 ι
3590 2731 3709 2799 Sed,
3729 2733 3809 2791 Per

2257 2820 2416 2860 unum
2439 2807 2690 2865 hominem
2711 2823 2970 2884 peccatum
2988 2815 3040 2869 in
3058 2817 3302 2873 "tundunt
3321 2820 3545 2891 intravit,
3562 2833 3609 2878 et
3625 2842 3705 2895 per
3723 2843 3811 2896 pec-

2255 2906 2427 2954 catum
2446 2915 2620 2969 mors;
2645 2911 2693 2957 et
2721 2903 2793 2958 ita
2814 2906 2867 2959 in
2886 2921 3059 2983 autne:
3082 2906 3319 2973 (terniue;
3329 2915 3636 2980 pertransiit,
3658 2918 3708 2971 in
3727 2933 3807 2988 quo

2253 3005 2428 3047 omnes
2450 3004 2777 3062 peccaverunt
2805 3015 2826 3049 ι
2852 2995 2954 3069 (De
2980 2996 3189 3070 Nuptiis
3212 3009 3259 3055 et
3287 3001 3714 3075 Concupisceiuia,
3735 3010 3804 3063 tib.

2254 3082 2309 3148 1,
2341 3099 2397 3138 n.
2425 3084 2560 3158 ιδῃ
2585 3087 2727 3158 quod
2758 3088 3127 3161 interpretaris
3149 3092 3252 3149 lioc
3277 3096 3461 3165 modo,
3490 3108 3548 3154 ut
3568 3110 3807 3170 peccatum

2250 3172 2322 3230 ab
2356 3174 2446 3231 illo
2465 3176 2611 3233 dicat
2638 3174 2927 3250 Apostolus
2948 3185 3292 3254 generatione
3317 3189 3371 3243 in
3402 3198 3644 3260 posteros
3673 3192 3807 3249 fuisse

2253 3268 2646 3326 transmissum.
2688 3270 2859 3342 Supra
2881 3288 3228 3335 concesseras
3252 3278 3559 3351 Magistrum
3589 3282 3805 3341 Gentium

2251 3358 2485 3429 nuptias,
2506 3361 2698 3433 quibus
2723 3357 2868 3420 Deus
2886 3365 3251 3447 benedixerat,
3279 3372 3412 3429 nihil
3440 3389 3711 3445 accusare;
3733 3392 3806 3435 ro-

2250 3450 2506 3509 Iunlatem
2532 3453 2599 3510 ad
2621 3457 2949 3526 peccandum
2977 3458 3033 3516 in
3060 3472 3315 3521 nascente
3335 3481 3444 3523 non
3470 3483 3621 3536 esse;
3643 3447 3805 3542 parea-

2251 3550 2334 3599 tes
2356 3548 2567 3615 autem,
2596 3546 2648 3601 in
2673 3550 2926 3619 quantum
2968 3561 3219 3621 parentes
3247 3566 3368 3611 sunt
3389 3590 3406 3625 ,-
3439 3558 3583 3616 licite
3624 3561 3715 3617 sibi
3738 3562 3802 3617 le-

2249 3633 2540 3706 gitimeque
2568 3637 2635 3691 ad
2680 3640 3042 3709 procreandos
3069 3643 3209 3699 ﬁlios
3249 3647 3528 3720 eonjugari
3558 3668 3572 3705 :
3602 3659 3656 3709 et
3678 3652 3805 3709 addis

2249 3724 2392 3781 illico
2421 3767 2436 3794 ,
2467 3729 2618 3800 quasi
2645 3729 2920 3789 dormiens
2943 3734 3119 3806 priora
3146 3736 3396 3807 dixisses,
3418 3743 3621 3802 crimen
3645 3745 3706 3802 ad
3724 3762 3804 3817 pos

2248 3827 2423 3875 steros
2441 3823 2787 3893 generatione
2813 3827 3119 3884 transmitti.
3150 3829 3207 3886 Si
3244 3832 3386 3897 enim
3414 3832 3467 3889 in
3499 3845 3692 3894 tantum
3724 3853 3804 3910 ge—

2248 3919 2459 3980 nerant,
2491 3912 2546 3968 in
2565 3925 2823 3985 quantum
2848 3928 3098 3988 parentes
3124 3931 3277 3989 sunt;
3303 3923 3356 3978 in
3377 3936 3631 3997 quantum
3653 3937 3803 3984 autem

2247 4006 2496 4073 parentes
2520 4015 2662 4072 sunt,
2681 4006 2826 4063 Iieite
2851 4008 2951 4064 sibi
2968 4019 3024 4066 et
3050 4010 3285 4083 legitime
3300 4013 3625 4089 junguntur;
3644 4028 3693 4075 et
3710 4017 3805 4075 hinc

2240 4093 2551 4165 coniunctio
2566 4096 2634 4152 ab
2650 4098 2907 4169 Apostolo
2922 4116 3028 4157 non
3048 4102 3116 4158 im
3122 4104 3395 4174 probatur,
3416 4109 3540 4179 quia
3555 4126 3585 4165 a
3601 4110 3704 4167 Deo
3717 4126 3801 4166 non

2246 4185 2420 4242 solum
2448 4187 2708 4257 instituta,
2734 4206 2918 4248 verum
2949 4193 3110 4250 etiam
3140 4196 3417 4254 benedicta
3447 4210 3559 4269 est;
3579 4218 3688 4274 quo
3704 4217 3801 4267 ore,

2246 4293 2351 4349 qua
2387 4277 2522 4351 lege,
2550 4295 2652 4352 qua
2683 4280 2878 4351 fronte,
2908 4284 3046 4341 lianc
3067 4288 3470 4357 generationem
3499 4301 3672 4350 reatus
3693 4309 3803 4349 cau-

2244 4382 2360 4424 sam
2382 4407 2400 4439 ,
2430 4370 2661 4428 radicem
2690 4373 2971 4431 criminum
2997 4416 3014 4446 ,
3044 4391 3254 4435 serram
3283 4379 3520 4452 diaboli,
3551 4398 3665 4440 esse
3688 4399 3815 4440 eoa»

2246 4458 2427 4517 ﬁrmas
2446 4451 2472 4517 ?

2314 4553 2449 4610 Anc.
2478 4544 2597 4611 iam
2619 4546 2801 4614 nescio
2820 4560 3030 4630 quoties
3056 4559 3174 4618 bree
3195 4562 3338 4618 dicta
3364 4575 3514 4634 sunt,
3543 4567 3715 4639 eisque
3731 4581 3803 4622 rc-

2243 4658 2498 4716 sponsum
2525 4656 2627 4702 est.
2656 4647 2986 4720 Multiloquio
3016 4652 3106 4707 tibi
3136 4654 3341 4710 excitas
3368 4658 3673 4730 caliginem,
3700 4673 3801 4730 (ιυεε

2244 4744 2297 4792 te
2321 4752 2426 4792 non
2451 4739 2709 4809 permittit
2731 4742 2988 4798 malitiam
3020 4744 3266 4801 vitiorum
3299 4762 3330 4803 a
3357 4759 3563 4807 natura:
3590 4750 3802 4807 bonitate

2240 4828 2585 4887 discernere:
2615 4840 2671 4887 et
2713 4849 2880 4907 usque
2922 4835 2988 4891 ad
3034 4836 3278 4895 odiosum
3323 4840 3593 4900 fastidium
3634 4844 3799 4901 eadem

2241 4932 2339 4992 per
2364 4921 2551 4978 eadem
2576 4934 2844 4996 repetens,
2874 4927 3110 4985 nondum
3138 4930 3271 4986 dicis
3296 4927 3562 5005 quomodo
3589 4937 3654 4992 sit
3675 4937 3800 4993 acci-

2242 5011 2525 5082 piendum,
2555 5014 2697 5085 quod
2727 5032 2818 5088 per
2846 5032 3004 5073 unum
3045 5014 3297 5077 hominem
3325 5035 3585 5097 peccatum
3619 5022 3798 5083 intravit

2240 5101 2293 5155 in
2318 5100 2583 5156 mundum.

2311 5190 2470 5247 XLV.
2492 5193 2612 5249 Jun.
2632 5193 2747 5249 Non
2769 5190 2897 5268 ergo
2913 5200 3057 5270 argui
3074 5202 3310 5259 meretur
3331 5204 3399 5262 ab
3420 5200 3681 5278 Apostolo,
3705 5214 3750 5262 et
3772 5218 3796 5259 a

2239 5282 2452 5341 diabolo
2475 5287 2803 5356 poSsidetur;
2824 5307 2851 5344 a
2879 5282 2986 5348 Deo
3008 5288 3318 5365 instituitur,
3336 5294 3672 5358 etcriminum
3693 5300 3792 5355 lous

2303 5423 2505 5502 {eest
2520 5424 2787 5502 lacertum
2807 5437 2999 5502 genset.
3023 5406 3138 5502 seu
3152 5446 3296 5502 me.
3321 5436 3557 5502 arma
3580 5434 3794 5502 σμίάηκω

2234 5488 2718 5613 ἅοῗιῗὲηιΐιέιὶιῖἔξω
2736 5488 2939 5542 nationis
2932 5488 3207 5602 hpartiamur
3224 5488 3432 5563 algam.
3452 5488 3565 5550 Vide
3581 5488 3791 5567 iterabat.

2377 5582 2410 5613 ,η
2458 5612 2461 5613 ν
2504 5564 2550 5597 (ν.
2670 5587 2682 5600 .
2977 5590 2990 5603 ,

2300 5582 2846 5686 δι’ἓᾶἰξίῗᾫιῖτδὲινωω
2877 5582 3096 5678 etuinf'ra,
3121 5619 3167 5668 in
3198 5623 3517 5686 responsione
3549 5622 3790 5686 Augustini,

2235 5680 2385 5748 quam
2407 5681 2699 5724 structuram
2730 5687 2886 5727 vocas.
2920 5685 2977 5728 At
3014 5687 3118 5731 mss.
3156 5680 3366 5747 utroque
3401 5684 3527 5748 loco,
3558 5680 3792 5738 ins'tructué

2235 5747 2604 5849 ragtaienardus
2626 5805 2677 5849 et
2701 5805 2825 5862 3:53.,
