3950 6466
160 394 269 452 gttl

153 492 310 548 κδιςι
337 477 442 531 Deo
471 485 772 546 postremo,
809 482 864 528 ut
881 470 1148 528 conliteris
1168 510 1184 535 ,
1218 466 1570 532 benedicitur,
1600 477 1653 520 et
1683 479 1713 520 a

154 591 201 634 te
228 572 384 626 irtth
410 570 720 624 diabolicns
749 575 1044 622 accusatur.

218 663 342 717 Aac.
367 659 594 729 Nuptias
625 659 892 714 benedixit
921 658 1078 719 Deus,
1106 668 1211 708 non
1243 652 1578 707 resistentem
1606 649 1716 718 spi-

159 753 267 810 ritui
291 751 776 820 concupiscentiam
814 747 1010 811 carnis,
1042 759 1158 815 qua:
1189 759 1293 797 non
1326 744 1423 797 fuit
1449 752 1572 796 ante
1597 756 1716 810 pec-

161 855 314 901 catum
339 861 352 900 :
379 854 661 914 peccatum
691 851 900 902 autent,
943 839 1081 892 sicut
1123 850 1222 891 nec
1266 836 1409 888 illam
1459 833 1716 900 concupi-

161 934 392 991 scentiam
418 949 540 1003 qua:
582 933 783 988 resistit
825 929 1060 999 spiritui,
1089 943 1192 981 non
1241 925 1511 982 benedixit
1555 924 1713 979 Deus.

160 1026 345 1097 Nuptiae
363 1038 552 1096 porro,
571 1039 708 1095 quas
730 1021 1015 1086 benedixit,
1039 1021 1084 1074 si
1109 1028 1381 1088 peccatum
1405 1034 1509 1070 non
1537 1015 1721 1069 fuisset

163 1119 426 1178 admissum
448 1159 464 1186 ,
495 1133 606 1188 quo
636 1124 824 1171 natura
853 1115 1033 1168 vitiata
1073 1121 1187 1175 est,
1219 1121 1312 1165 aut
1335 1111 1414 1164 sic
1444 1116 1722 1164 uterentur

161 1211 453 1284 genitalibus
496 1210 793 1276 membris,
843 1205 1290 1278 quemadmodum
1335 1203 1454 1258 aliis
1499 1202 1721 1268 utimur,

163 1306 264 1359 sine
287 1301 388 1356 ulla
413 1301 637 1356 libidine
657 1298 1028 1355 obedientibns
1049 1293 1341 1360 voluntati;
1366 1304 1457 1349 aut
1479 1292 1723 1364 pudenda

164 1395 224 1450 ibi
248 1394 265 1424 ⁸
296 1391 458 1447 libido
483 1407 592 1446 non
621 1398 801 1456 esset,
840 1388 1092 1459 quoniam
1131 1401 1400 1456 nunquam
1445 1385 1726 1440 resisteret

167 1484 402 1539 voluntati
419 1525 435 1548 ,
463 1483 637 1554 qualis
664 1497 805 1536 nunc
833 1482 1011 1551 utique
1039 1496 1146 1535 non
1174 1488 1294 1536 est:
1323 1478 1466 1549 quod
1493 1481 1727 1549 proiecto

164 1575 305 1630 etiam
335 1585 388 1628 tu
411 1576 582 1630 sentis
600 1612 618 1638 ,
657 1571 872 1643 quando
912 1572 981 1626 ab
1009 1586 1072 1626 ea
1096 1571 1416 1626 sollicitante
1437 1578 1596 1640 atque
1623 1569 1726 1623 illi-

167 1665 320 1720 ciente
341 1663 613 1720 dissentis.
635 1662 847 1733 Nuptiae
869 1671 1067 1728 tamen,
1091 1661 1250 1716 etiam
1272 1674 1415 1715 nunc
1435 1659 1727 1715 laudabiles

167 1767 304 1815 sunt:
327 1759 446 1829 quia
474 1773 648 1827 neque
671 1757 956 1811 instituunt
981 1755 1083 1810 hoc
1106 1755 1300 1809 malum
1324 1755 1375 1809 in
1400 1753 1724 1820 hominibus,

165 1849 247 1905 sed
280 1849 581 1914 inveniunt;
622 1857 674 1902 et
707 1863 774 1903 eo
820 1847 962 1901 malo
1007 1846 1139 1901 bene
1182 1855 1404 1902 utuntur
1433 1845 1727 1902 intentione

167 1940 466 2009 generandi,
515 1940 762 2010 quamvis
809 1937 1022 1993 trahant
1066 1937 1192 1994 inde
1238 1937 1328 2008 qui
1371 1945 1725 2008 generantur,

167 2032 402 2104 originale
465 2041 743 2104 peceatum
765 2073 782 2097 ,
842 2040 1059 2102 propter
1117 2029 1261 2102 quod
1317 2039 1444 2086 sunt
1501 2045 1727 2101 regene-

169 2124 322 2180 randi.

226 2212 396 2270 XLVI.
429 2213 548 2270 ιω..
590 2213 762 2282 Quam
793 2229 1000 2268 mecum
1031 2212 1163 2268 nihil
1192 2213 1398 2284 egeris,
1430 2212 1726 2268 litterarum

169 2305 384 2360 omnium
415 2315 643 2362 testatur
663 2305 892 2360 eruditio
916 2322 930 2359 :
957 2318 1115 2374 quam
1139 2317 1269 2358 vero
1291 2313 1476 2358 contra
1498 2305 1729 2372 Aposto-

171 2397 260 2451 lum
289 2398 501 2461 nitaris,
535 2408 590 2452 et
616 2407 804 2451 contra
837 2395 1004 2450 Deum
1047 2395 1279 2449 insanias
1299 2435 1314 2460 ,
1343 2395 1726 2450 sententiarum

172 2497 352 2543 tuarum
385 2504 553 2558 pugna
585 2487 922 2542 demonstrat
946 2489 988 2538 ³.
1031 2486 1135 2540 Sed
1164 2494 1384 2540 ostensn
1409 2485 1517 2554 jam
1545 2485 1588 2552 ³,
1623 2501 1727 2540 non

173 2592 306 2646 posse
331 2580 441 2633 lia-c
466 2578 739 2648 conjungi,
772 2592 892 2646 quin
917 2591 1096 2632 rerum
1123 2586 1306 2630 natura
1333 2576 1616 2642 dissociat;
1651 2577 1732 2632 in-

173 2680 474 2739 terrogemus
519 2679 575 2726 et
605 2670 951 2740 Apostolum,
1005 2684 1072 2724 ne
1117 2668 1515 2746 illius_puletur
1556 2670 1731 2725 inesse

170 2763 416 2828 sensibus,
467 2778 588 2832 qua:
632 2762 685 2816 in
742 2759 846 2816 tuis
883 2767 968 2815 est
1003 2759 1282 2815 sententiis
1329 2760 1550 2830 probata
1605 2759 1729 2815 bar-

173 2853 343 2909 baries.

230 2949 349 3004 Aac.
382 2947 474 3004 Dic
498 2947 610 3018 jam
640 2961 781 3002 nunc
807 2945 1019 3011 saltem,
1052 2944 1196 3017 quod
1223 2945 1386 3001 tantis
1407 2943 1731 3001 anfractibus

174 3039 448 3095 diIIerebas.

231 3130 420 3185 XLVII.
449 3130 571 3186 Jun.
605 3131 778 3186 Audio
815 3132 992 3202 itaque
1023 3131 1244 3188 Paulum
1270 3129 1728 3201 pronuntiantem,

171 3223 302 3290 quia,
340 3221 442 3277 Per
480 3239 641 3276 unum
670 3222 924 3276 hominem
965 3232 1225 3293 peccatum
1263 3221 1466 3276 intravit
1503 3219 1556 3272 in
1587 3235 1734 3272 mun-

174 3313 306 3379 dani,
345 3324 390 3368 et
431 3330 520 3384 per
560 3323 822 3385 peccatum
848 3330 1016 3379 mors;
1043 3324 1090 3368 et
1115 3315 1188 3366 ita
1212 3314 1268 3366 in
1307 3327 1479 3366 omnes
1508 3309 1734 3364 homines

175 3407 467 3473 pertransiit,
502 3407 557 3460 in
599 3423 700 3475 quo
736 3423 908 3460 omnes
945 3415 1273 3477 peccaverunt
1317 3404 1491 3476 (Rom.
1523 3419 1577 3469 v,
1617 3401 1730 3472 I2).

175 3495 302 3562 Quod
326 3505 400 3563 tu,
428 3513 537 3552 non
563 3509 781 3568 propter
806 3497 1106 3567 exemplum
1141 3497 1364 3567 peccati,
1393 3493 1490 3550 sed
1518 3502 1734 3564 prepter

173 3589 543 3656 generationem
585 3589 785 3644 dictum
815 3604 936 3644 esse
961 3589 1246 3644 confirmas
1279 3605 1292 3641 :
1326 3602 1531 3658 nosque
1561 3585 1734 3640 haere-

177 3680 287 3733 ticos
312 3695 486 3747 vocas,
519 3681 607 3750 qni
640 3680 691 3734 id
726 3680 791 3735 ad
823 3681 1064 3750 exempla
1097 3679 1426 3742 referamus;
1460 3679 1655 3748 illoque
1684 3687 1733 3746 te

173 3766 322 3836 juvari
349 3770 584 3824 testiiiias
629 3782 947 3840 argumento
979 3789 993 3826 :
1037 3789 1055 3821 ι
1086 3770 1329 3825 Profecto
1371 3770 1414 3824 si
1449 3769 1735 3839 Apostolus

177 3858 497 3914 imitationem
519 3901 533 3924 ,
568 3879 587 3912 ι
634 3859 840 3930 inquis,
877 3879 894 3911 ι
925 3861 1147 3932 intelligi
1187 3861 1476 3920 voluisset.
1513 3875 1616 3913 non
1644 3876 1735 3930 per

176 3966 310 4004 unum
337 3951 608 4020 hominem,
640 3951 734 4008 sed
759 3968 852 4022 per
877 3952 1146 4008 diabolum
1179 3961 1453 4022 peccatum
1480 3952 1726 4020 intrasse,

176 4053 220 4098 ct
241 4060 327 4114 per
351 4062 538 4101 omnes
567 4046 812 4116 homines
853 4047 1208 4116 pertransisse
1243 4045 1484 4102 dixisset.
1519 4046 1596 4100 De
1623 4045 1738 4100 dia-

179 4133 282 4189 halo
315 4138 506 4207 quippe
534 4137 790 4206 scriptum
819 4147 935 4203 est,
968 4136 1246 4192 Imitantur
1283 4146 1449 4191 autent
1477 4153 1622 4203 eum,
1649 4136 1738 4208 qui

179 4237 275 4280 sunt
297 4245 354 4282 ea:
384 4217 528 4300 parte
556 4230 720 4299 ipsius
755 4228 910 4301 (ειη).
941 4245 976 4284 ll
997 4272 1012 4298 ,
1039 4229 1154 4301 25).
1184 4229 1289 4285 Sed
1321 4229 1442 4284 ideo
1467 4246 1556 4299 per
1580 4246 1736 4285 unum

179 4317 398 4373 hominem
423 4321 589 4384 dixit,
624 4335 654 4374 a
679 4336 788 4390 quo
815 4321 1089 4392 generatio
1112 4323 1294 4391 utique
1323 4321 1594 4375 hominum
1627 4337 1736 4377 ca:-

145 4401 151 4412 “
180 4408 258 4475 pit,
284 4419 335 4464 ut
358 4426 453 4479 per
475 4413 876 4480 generationem
903 4412 1122 4468 doceret
1152 4414 1277 4468 iisse
1302 4427 1394 4483 per
1417 4428 1604 4468 omnes
1631 4414 1740 4467 ori-

177 4501 326 4568 ginalc
343 4514 616 4572 peccatum
643 4523 661 4556 ι
684 4503 787 4576 (De
802 4503 1015 4576 Nuptiis
1031 4516 1077 4559 et
1092 4506 1342 4577 Concup.,
1359 4507 1445 4560 lib.
1468 4506 1523 4569 ἓ,
1547 4524 1598 4560 n.
1619 4507 1734 4576 45).

179 4592 235 4644 At
257 4607 344 4663 ego
369 4594 524 4649 video
555 4596 870 4665 Apostolum
913 4595 1042 4650 nihil
1070 4597 1210 4668 quod
1240 4598 1306 4652 ad
1336 4597 1733 4654 int‘amationem

178 4687 505 4748 generationis
535 4696 806 4758 spectaret
848 4687 1130 4754 humanm,
1177 4689 1306 4743 nihil
1349 4690 1486 4759 quod
1515 4689 1580 4744 ad
1611 4705 1740 4745 con-

179 4771 547 4832 demnationem
597 4777 916 4834 innocentia:
966 4780 1250 4846 naturalis,
1305 4781 1436 4835 nihil
1483 4781 1624 4852 quod
1670 4783 1737 4836 ad

177 4867 350 4924 crimen
376 4869 543 4925 divini
571 4871 772 4941 operis,
803 4873 1110 4940 protulisse.

236 4961 355 5018 Aac.
389 4964 486 5018 Diu
514 4964 648 5020 dicis
675 4965 851 5030 Nihil,
891 4978 944 5022 et
971 4983 1091 5020 cum
1122 4966 1224 5022 hoc
1249 4967 1465 5022 verbum
1495 4980 1738 5040 repetere

177 5051 418 5112 destiteris
441 5100 454 5120 ,
485 5059 728 5115 dicturus
756 5075 816 5115 es
843 5061 994 5136 nihil.
1025 5061 1153 5128 Quis
1179 5061 1321 5116 enim
1352 5078 1455 5120 non
1490 5072 1541 5117 te
1568 5063 1737 5118 rideat

179 5149 477 5211 persuadere
502 5159 808 5226 conantem,
839 5166 942 5206 non
971 5153 1237 5220 pertinere
1258 5152 1322 5206 ad
1343 5155 1736 5223 generationem

177 5239 301 5306 quod
327 5244 396 5296 ait
423 5243 736 5312 Apostolus,
770 5242 872 5298 Per
895 5261 1050 5298 unum
1079 5244 1331 5299 hominem
1363 5255 1622 5316 peccatum
1651 5246 1737 5300 in-

179 5331 307 5383 trarit
329 5334 377 5388 in
401 5335 677 5400 mundum;
703 5351 823 5389 cum
847 5336 960 5406 ipse
987 5335 1146 5390 homo
1168 5351 1274 5390 non
1301 5335 1371 5389 sit
1399 5335 1606 5405 genitus
1625 5334 1645 5366 ⁸
1669 5337 1738 5391 ab

177 5420 362 5491 aliquo,
403 5426 469 5481 de
523 5441 629 5496 quo
681 5427 864 5482 etetcri
921 5427 1292 5499 gignerentur;
1338 5426 1433 5483 sed
1472 5429 1737 5498 pertinere

231 5595 246 5658 ε
279 5598 562 5658 Particulam,
585 5596 672 5656 ibi,
696 5599 963 5650 addidimus
991 5615 1052 5650 ex
1081 5610 1185 5650 Mss.

179 5657 514 5810 ιι’,ἒεῑιιριιιειιιᾱιιδ
535 5669 589 5712 et
616 5661 776 5711 codex
808 5671 950 5724 Port.,
977 5664 1184 5721 deiurnt.
1210 5661 1352 5723 Clar.,
1379 5660 1584 5726 deierat.
1603 5669 1733 5723 stam,

285 5732 333 5769 να

281 5782 381 5810 mihi
426 5784 506 5810 ,ΔΑ
531 5783 775 5810 nnis-nd”
798 5797 889 5810 mna
912 5799 1047 5810 nan-nn
1089 5794 1176 5810 \lnn
1257 5787 1339 5810 ..ΛΑ
1365 5793 1544 5810 Λέσχη-ΑΛ
1580 5798 1678 5810 an...

309 5734 333 5769 α

280 5782 401 5857 silui,
423 5784 509 5857 sed
527 5783 890 5857 gstendamnon
912 5799 1064 5857 posse.
1089 5794 1216 5845 atss.,
1254 5787 1343 5857 sed
1352 5793 1544 5857 ostenso
1568 5798 1696 5850 1am.

229 5844 251 5871 ⁸
278 5844 342 5893 sic
359 5852 442 5896 Mss
483 5847 619 5907 Editi,
642 5859 755 5896 cum
771 5846 871 5909 ipse
887 5844 946 5898 sit
961 5849 1100 5898 homo
1121 5844 1210 5899 non
1233 5847 1435 5913 genitus.

424 5929 627 5992 SA‘XCT
687 5931 961 5992 AUGUST.
996 5933 1078 6000 Χ.

1439 345 1642 402 LIiiEIl
1681 345 2054 408 SECUNDUS.

3269 355 3406 430 nos

1829 465 2003 521 dicitis
2031 468 2097 520 ad
2127 467 2426 536 exemplum
2447 509 2461 531 ,
2503 483 2623 522 cum
2649 469 2951 539 exemplum
2981 472 3182 541 peccati
3203 514 3218 536 ,
3261 472 3406 543 quod

1829 560 2149 628 posteriores
2197 559 2548 626 imitarentur,
2601 575 2707 615 non
2755 562 2964 616 intrarit
3009 562 3062 616 in
3111 563 3403 626 mundum,

1829 655 1926 706 nisi
1974 668 2070 722 per
2113 668 2232 707 eum
2279 653 2368 723 qui
2414 653 2616 707 nullum
2664 654 2920 707 imitando
2968 656 3244 724 peccavit?
3288 656 3410 710 Pri-

1829 761 1948 799 nms
1995 763 2221 816 namque
2285 747 2539 816 peccavit.
2593 747 2744 802 IInne
2795 753 2973 802 autem
3030 765 3133 802 non
3193 749 3408 814 Adam,

1827 839 1920 893 sed
1948 837 2214 892 diabolum
2259 855 2408 901 esse,
2451 839 2570 909 quis
2613 839 2936 892 ehristianus
2979 840 3216 909 ignorat?
3262 840 3403 906 Quid

1828 937 1910 981 cst
1944 945 2072 995 ergo
2111 931 2250 1000 quod
2292 938 2342 985 te
2373 930 2534 997 libct,
2577 931 2678 984 nisi
2707 940 2760 985 et
2800 947 2906 985 non
2941 940 3152 998 tacere,
3194 943 3250 987 et
3278 934 3408 988 nihil

1827 1021 2046 1075 dicere?

1902 1111 2130 1166 XLVIII.
2157 1113 2273 1168 JUL.
2309 1114 2546 1185 Denique
2571 1114 2622 1168 id
2651 1113 2792 1185 quod
2818 1115 2930 1184 ipsa
2951 1116 3112 1171 verba
3139 1133 3244 1172 non
3271 1117 3407 1171 indi-

1830 1215 2111 1269 caverant,
2142 1215 2195 1260 tu
2223 1206 2475 1276 colligere
2505 1207 2964 1277 argumentatione
2989 1219 3213 1263 conatus
3235 1248 3249 1274 ,
3282 1210 3410 1262 sub-

1830 1295 1933 1360 dis,
1962 1297 2082 1366 quia
2107 1296 2152 1351 si
2194 1296 2262 1352 de
2288 1298 2579 1352 imitatione
2610 1299 2934 1368 loqueretur,
2965 1299 3234 1354 diabolum
3261 1315 3414 1353 corn-

1832 1402 2130 1442 memorare
2149 1388 2434 1455 debuerat;
2457 1391 2549 1444 sed
2571 1391 2691 1461 quia
2713 1390 2779 1446 de
2796 1393 3141 1461 generatione
3159 1392 3414 1447 voluisset

1832 1478 2073 1549 intelligi,
2107 1479 2377 1536 hominem
2398 1482 2580 1537 dicere
2605 1483 2878 1545 maluisse.
2901 1499 3059 1554 quam
3089 1483 3413 1539 daemonem.

1832 1569 2107 1642 Interrogo
2132 1586 2280 1642 ergo,
2314 1573 2618 1643 qum-luerit
2649 1574 2740 1628 tibi
2769 1573 2926 1645 hujus
2964 1574 3233 1646 opini0nis
3255 1590 3417 1631 occa-

1832 1664 1914 1715 sio
1939 1680 1953 1716 :
1979 1663 2103 1732 quid
2131 1665 2314 1720 enim?
2342 1680 2504 1737 negas
2540 1676 2594 1720 tu
2621 1666 2895 1724 hominum
2923 1669 3220 1724 imitatione
3243 1669 3418 1725 delin-

1829 1753 1962 1820 qui?
1992 1753 2060 1808 Et
2087 1755 2208 1809 licet
2245 1770 2332 1810 res
2374 1757 2613 1811 absoluta
2657 1757 3419 1828 Scripturarum-attestatione

1835 1857 1940 1897 non
1965 1855 2139 1914 egi-at,
2164 1854 2339 1900 tamen
2365 1846 2486 1902 audi
2515 1847 2680 1902 David
2704 1866 2718 1902 :
2751 1847 2878 1903 Noti
2899 1849 3131 1904 wnmlari
3151 1851 3280 1905 inter
3303 1867 3419 1905 ma-

1831 1936 2084 2007 lignantes
2103 1980 2118 2004 ,
2158 1955 2317 2006 neque
2363 1941 2558 1994 zelatur
2598 1941 2759 2011 fueris
2802 1943 3041 2012 facientes
3066 1943 3419 2014 iniquitatem;

1834 2043 1897 2081 ne
1938 2029 2210 2084 tumulatus
2252 2033 2412 2102 fueris
2459 2048 2574 2086 eum
2619 2035 2708 2103 qui
2744 2044 3071 2104 prosperatur
3109 2036 3162 2089 in
3203 2035 3283 2089 via
3321 2053 3419 2091 sua

1833 2118 2004 2190 (Prol.
2035 2138 2220 2189 xxxvr,
2251 2124 2300 2188 I,
2337 2125 2412 2194 7).
2458 2124 2660 2180 Deinde
2685 2141 2873 2181 omnes
2899 2128 3176 2196 scriptum
3208 2128 3416 2184 Veteris

1833 2213 2155 2270 'I‘estamenti
2183 2201 2525 2272 commonent
2553 2217 2800 2272 lsraelem
2822 2260 2837 2284 ,
2881 2231 2950 2272 ne
2989 2221 3148 2274 ritum
3177 2219 3418 2290 profante

1830 2306 2007 2374 gentis
2035 2306 2288 2361 imitetur.
2319 2307 2450 2375 Qua:
2476 2307 2635 2378 igitur
2665 2307 2954 2364 necessitas
2983 2310 3032 2364 id
3060 2310 3284 2380 cogebat
3303 2353 3318 2374 ,
3354 2319 3415 2367 ut

1834 2397 2147 2464 Apostolus,
2181 2396 2234 2450 si'
2272 2397 2619 2453 imitationem
2648 2398 2808 2453 vellet
2846 2400 3098 2468 intelligi,
3143 2400 3414 2455 diabolum

1835 2490 2005 2559 magis
2028 2505 2184 2560 quam
2215 2491 2486 2547 hominem
2516 2493 2853 2556 nominaret,
2899 2508 3020 2547 cum
3061 2503 3118 2549 et
3141 2493 3414 2548 hominum

1832 2591 1888 2636 et
1929 2582 2126 2639 diaboli
2173 2595 2356 2640 nosset
2397 2585 2695 2640 imitatione
2739 2586 3016 2657 delinqui?
3054 2588 3162 2641 Aut
3201 2601 3329 2657 ergo
3359 2598 3416 2642 tu

1835 2675 1999 2742 proba
2022 2715 2038 2741 ,
2083 2691 2186 2730 non
2229 2692 2386 2746 posse
2416 2677 2690 2732 hominum
2721 2677 3016 2733 imitatione
3045 2678 3287 2747 peccari,
3317 2694 3419 2734 nec

1837 2767 1937 2819 hoc
1964 2765 2015 2819 in
2045 2765 2162 2836 lege
2191 2768 2392 2837 uspiam
2441 2767 2738 2835 contineri,
2777 2779 2834 2824 et
2871 2768 2948 2823 sic
2984 2783 3168 2824 assere
3198 2769 3214 2800 ¹
3245 2770 3421 2839 suspi-

1833 2857 1973 2912 cioni
2023 2867 2130 2914 tua:
2171 2859 2346 2914 locum
2377 2871 2651 2929 paratum;
2685 2867 2772 2914 aut
2802 2870 2950 2915 certe
2983 2861 3029 2914 si
3074 2859 3419 2917 manifestum

1833 2955 1945 3014 est,
1975 2949 2116 3002 nulla
2147 2948 2316 3020 magis
2362 2965 2420 3005 re
2458 2967 2617 3021 quam
2660 2947 2954 3007 imitatimie
2979 2953 3228 3007 vitiorum
3271 2953 3424 3008 inva-

1837 3039 1996 3096 luisse
2024 3052 2262 3110 peccata,
2292 3043 2478 3112 grandi
2523 3043 2784 3114 imperitia
2817 3043 3076 3115 collegisti
3102 3045 3418 3115 Apostolnm

1835 3130 1905 3186 de
1931 3130 2143 3187 diabolo
2182 3132 2710 3202 profecto'dieturum
2742 3135 2932 3204 fuisse,
2977 3138 3022 3192 si
3066 3137 3417 3193 imitationem

1835 3226 2094 3281 voluisset
2121 3226 2365 3298 intelligi.

1909 3319 2046 3373 Anc.
2078 3318 2265 3373 Nonne
2285 3327 2408 3373 ante
2432 3318 2540 3374 dixi
2570 3319 2697 3373 nihil
2725 3329 2776 3374 te
2795 3335 2916 3374 esse
2941 3319 3226 3387 dicturum,
3261 3322 3421 3376 homo

1838 3409 1970 3462 nihil
2019 3409 2282 3480 loquendo
2325 3410 2736 3480 loquacissime?
2782 3412 2920 3467 Sunt
2957 3413 3172 3483 quidem
3205 3426 3420 3483 peccata

1839 3501 2150 3556 imitationis
2185 3501 2238 3556 in
2276 3502 2506 3568 mundo,
2547 3518 2668 3558 cum
2715 3502 2958 3559 homines
2990 3515 3300 3574 peccantnm
3327 3505 3424 3560 ho-

1839 3594 2042 3648 minum
2070 3595 2312 3663 exempla
2355 3603 2629 3649 sectantur
2650 3597 2670 3626 ²
2691 3637 2707 3662 ,
2738 3612 2841 3650 non
2875 3605 3051 3652 tamen
3083 3613 3178 3666 per
3203 3613 3298 3654 eos
3327 3600 3424 3653 ho-

1839 3685 2032 3752 mines,
2054 3699 2190 3755 quos
2224 3685 2444 3754 quilibet
2481 3686 2777 3754 imitantur,
2811 3696 3084 3756 peccatum
3123 3688 3264 3757 quod
3303 3705 3426 3758 pce-

1839 3787 2024 3832 cantcs
2050 3777 2402 3843 imitarentur,
2432 3777 2648 3832 intravit
2671 3779 2722 3832 in
2744 3778 3037 3844 mundum;
3066 3780 3158 3833 scd
3183 3795 3276 3849 per
3299 3795 3423 3834 cum

1839 3870 1929 3938 qui
1963 3871 2164 3938 primus
2206 3868 2406 3923 nullum
2446 3868 2736 3936 imitando,
2772 3871 3046 3939 peccavit:
3080 3869 3167 3925 hic
3201 3880 3286 3926 est
3313 3871 3427 3925 dia-

1844 3959 2013 4025 bolus,
2041 3975 2198 4028 quem
2224 3959 2495 4013 imitantur
2512 3974 2698 4014 omnes
2720 3960 2808 4029 qui
2830 3971 2954 4015 sunt
2974 3976 3037 4015 ex
3063 3971 3212 4031 parte
3235 3962 3420 4032 ipsius.

1840 4049 1930 4106 Sic
1953 4060 2007 4106 et
2024 4060 2324 4122 peccaturo,
2347 4050 2490 4120 quod
2518 4066 2622 4104 non
2650 4049 2909 4107 imitando
2933 4052 3299 4119 committitur,
3329 4052 3422 4108 sed

1843 4143 2115 4199 nascendo
2148 4142 2398 4209 trahitur,
2425 4158 2519 4213 per
2541 4142 2682 4197 hunc
2704 4144 2921 4198 intravit
2949 4141 3001 4198 in
3030 4143 3304 4210 mundum,
3335 4146 3425 4214 qui

1841 4237 2047 4308 primus
2071 4237 2336 4291 hominem
2367 4235 2568 4306 genuit.
2595 4235 2734 4291 Nihil
2762 4251 2894 4307 ergo
2911 4237 3116 4302 dixisti,
3137 4246 3196 4291 et
3214 4237 3424 4291 nonnisi

1842 4327 1908 4382 ad
1934 4327 2192 4399 quosdam
2231 4326 2573 4396 decipiendos
2591 4368 2608 4395 ,
2650 4325 2909 4397 quosdam
2937 4327 3234 4398 l'atigandos
3263 4328 3429 4384 lectov

1844 4433 1951 4484 res,
1983 4428 2158 4472 tacere
2181 4417 2416 4472 noluiSti.

1912 4511 2100 4566 XLIX.
2129 4511 2242 4566 Jun.
2271 4511 2403 4578 Quia
2427 4526 2554 4582 ergo
2573 4512 2760 4577 claret,
2788 4510 3134 4566 imitationem
3163 4511 3425 4566 malorum

1844 4604 2122 4659 hominum
2149 4619 2256 4660 non
2282 4605 2458 4660 solum
2484 4615 2892 4676 consequenter,
2925 4600 3017 4659 sed
3043 4612 3098 4658 et
3121 4607 3429 4661 necessario

1841 4697 1985 4760 dici;
2019 4696 2122 4751 hoc
2163 4697 2373 4752 interim
2403 4706 2773 4768 argumentum
2811 4705 2958 4750 tuum
2994 4696 3176 4762 jacere
3225 4697 3429 4768 perspi-

1842 4805 1999 4842 cuum
2016 4797 2117 4843 est.
2145 4787 2297 4856 Quod
2323 4803 2450 4842 vero
2470 4787 2643 4850 addis,
2671 4787 2741 4844 de
2757 4786 2971 4843 diabolo
2998 4804 3119 4844 esse
3140 4789 3428 4858 scriptum,

1843 4880 2121 4934 Imitantur
2143 4897 2290 4946 eum,
2336 4881 2422 4950 qui
2459 4891 2574 4935 sunt
2613 4897 2676 4935 ea:
2712 4891 2856 4951 parte
2895 4882 3056 4953 ipsius
3078 4899 3098 4936 :
3123 4891 3180 4936 et
3215 4898 3316 4953 ego
3343 4899 3429 4939 as-

1843 4973 2044 5029 sentior
2089 4974 2288 5028 dictum
2333 4989 2454 5028 esse
2505 4973 2792 5043 prudenter
2841 4976 2910 5029 ab
2955 4989 3055 5041 eo,
3105 4976 3430 5045 quicumque

1845 5067 1964 5122 Iihri
2035 5066 2203 5136 ipsius
2257 5074 2444 5119 auctor
2507 5074 2623 5130 est;
2686 5064 2781 5119 sed
2837 5065 2928 5120 tibi
2994 5082 3102 5120 non
3167 5066 3425 5135 prodest.

1843 5160 1984 5230 quod
2046 5160 2350 5214 scribuntur
2412 5158 2627 5230 quidam
2693 5158 2890 5213 diaboli
2950 5158 3243 5213 imitatione
3308 5173 3430 5228 pce-

1842 5271 1998 5320 care,
2041 5254 2140 5309 nisi
2183 5252 2430 5308 docueris
2473 5268 2578 5307 non
2624 5267 2781 5323 posse
2811 5252 3083 5307 hominum
3128 5251 3432 5306 imitatione

1842 5345 2098 5414 dclinqui.

1913 5438 2047 5492 Anc.
2081 5435 2195 5490 Non
2226 5435 2311 5490 hic
2337 5435 2592 5506 qureritnr
2618 5445 2795 5489 utrum
2822 5432 3102 5486 hominum
3129 5431 3432 5486 imitatione

1841 5538 2129 5600 peccetur:
2157 5530 2277 5600 quis
2311 5529 2456 5585 enim
2489 5529 2689 5584 nesciat
2714 5569 2729 5593 ,
2761 5527 2920 5580 etiam
2953 5523 3224 5579 hominum
3254 5523 3432 5579 imita-

1905 5665 1921 5694 ι
1956 5661 2114 5712 Codex
2141 5670 2274 5721 Man,
2300 5667 2345 5712 et
2369 5675 2570 5712 asseres.

1906 5726 1927 5757 ²
1960 5724 2094 5788 Editi,
2122 5731 2230 5775 sunt
2261 5715 2500 5788 quietiam
2511 5729 2707 5787 peccata
2728 5717 3005 5788 imitationis
3023 5715 3298 5788 inmundo,
3320 5728 3435 5788 cura

1840 5785 2052 5837 homines
2084 5779 2339 5852 peccatum
2364 5779 2616 5852 hominum
2650 5789 2698 5834 ct
2720 5779 2943 5844 exempta
2987 5785 3246 5831 sectantur.
3285 5785 3438 5831 cautl-

1845 5857 2021 5913 gantur
2041 5849 2100 5898 ex
2119 5875 2125 5880 -
2141 5849 2491 5910 manuscriptis.

2639 5928 3028 6004 {Ti'mtc—sep
3038 5935 3059 5986 ι
3069 5929 3124 5998 .)
