3950 6476
518 384 656 440 διεδ

515 478 660 530 tione
700 468 943 542 peccari?
985 467 1090 524 Sed
1132 477 1415 538 qna-ritur,
1464 473 1622 535 quate
1666 473 1941 534 peccatum
1994 474 2089 527 per

516 579 680 619 unum
730 561 997 616 hominem
1041 559 1252 613 intrarit
1298 558 1350 612 in
1396 557 1681 617 mundum;
1731 565 1904 606 utrum
1951 549 2095 620 quod

517 653 771 711 imitando
801 652 1244 711 committeretur,
1276 666 1340 701 an
1370 648 1512 719 quod
1552 644 1818 700 nascendo
1857 642 2095 697 trahere-

506 760 623 802 tur.
651 746 786 815 Quia
813 743 938 799 illud
968 743 1228 814 primum,
1262 741 1314 794 id
1351 749 1431 795 est
1453 782 1467 804 ,
1499 737 1638 808 quod
1668 735 1924 791 imitando
1950 749 2096 788 cont-

511 841 839 903 mitteretur,
874 835 1082 892 nonnisi
1105 850 1199 904 per
1218 848 1340 889 eum
1373 831 1587 887 intravit
1618 831 1668 884 in
1696 828 1974 893 mundum,
2005 827 2094 898 qui

518 932 720 999 primus
745 930 1010 985 neminem
1040 927 1273 981 imitatus
1299 924 1508 979 ueteris
1533 920 1818 976 imitaturis
1840 918 2095 990 peccandi
2117 963 2130 984 ,

516 1022 809 1078 introduxit
831 1019 1158 1090 exemplum,
1201 1018 1301 1071 hoc
1329 1027 1409 1071 est
1429 1005 1450 1081 ,’
1476 1014 1718 1070 diabolus
1743 1031 1758 1068 :
1789 1013 1892 1068 hoc
1918 1022 2094 1067 autem

516 1118 766 1182 alterum,
798 1114 850 1169 id
893 1123 1006 1178 est,
1044 1111 1184 1183 quod
1227 1109 1495 1165 nascendo
1523 1109 1850 1169 traheretur,
1886 1105 2097 1160 nonnisi

521 1224 615 1276 per
640 1222 760 1262 eum
801 1204 1015 1260 intravit
1041 1203 1093 1258 in
1135 1201 1422 1266 nmndum,
1461 1200 1551 1270 qui
1583 1199 1788 1268 primus
1824 1214 1855 1253 a
1887 1198 2097 1252 nemine

515 1306 838 1366 generatus,
883 1291 1200 1365 generandis
1242 1291 1449 1346 caeteris
1476 1290 1696 1360 originis
1738 1288 1934 1358 ingessi
1995 1287 2098 1343 mi-

517 1390 687 1452 tium;
718 1387 804 1441 hic
831 1395 915 1440 est
939 1383 1132 1439 Adam.
1166 1383 1240 1436 De
1269 1380 1562 1435 imitatione
1589 1380 1747 1449 igitur
1777 1379 2098 1448 Angelorum

512 1489 564 1534 et
599 1479 872 1533 hominum
901 1475 1133 1544 intelligo
1161 1483 1214 1528 te
1234 1472 1365 1527 nihil
1395 1472 1460 1526 ad
1488 1486 1700 1526 causam
1725 1470 1998 1540 pertinens
2017 1469 2099 1523 di-

512 1584 672 1632 cere;
703 1567 800 1624 sed
824 1575 1023 1622 tantum
1057 1559 1230 1620 tacere
1255 1564 1508 1618 noluisse.
1543 1563 1887 1632 Disputamus
1911 1561 2054 1616 enim
2073 1599 2092 1625 ,

509 1676 621 1714 utin
667 1658 737 1714 de
776 1672 1113 1728 quocumque
1158 1665 1473 1724 peccatore,
1523 1654 1612 1724 qui
1655 1652 2097 1724 quandocumque

515 1753 756 1824 peccavit
781 1749 832 1804 in
852 1747 1079 1813 mundo;
1109 1747 1204 1802 sed
1229 1747 1301 1802 de
1320 1747 1409 1802 illo
1431 1762 1527 1816 per
1543 1760 1701 1816 quem
1722 1752 1994 1814 peccatum
2016 1744 2097 1798 in~

518 1825 676 1896 travit
699 1842 751 1896 in
778 1839 1067 1896 mundum:
1098 1838 1189 1894 ubi
1225 1839 1269 1893 si
1298 1846 1567 1908 qua-ratur
1591 1835 1892 1906 exeniplum
1921 1835 2097 1890 imita-

519 1936 699 2000 tionis,
723 1934 968 1990 diabolus
997 1933 1289 1994 invenitur;
1319 1931 1362 1986 si
1386 1930 1686 2001 contagium
1713 1927 2097 2000 generationis,

513 2030 706 2082 Adam.
735 2025 998 2088 Proinde,
1037 2024 1222 2080 dicens
1257 2022 1577 2092 Apostolus,
1623 2020 1725 2074 Per
1748 2035 1904 2075 unum
1935 2020 2099 2073 homi-

514 2136 628 2174 nem
658 2128 918 2190 peccatum
942 2117 1146 2172 intravit
1171 2116 1226 2170 in
1254 2113 1536 2178 mundum,
1565 2121 1841 2182 peceatum
1867 2125 2096 2180 genera-

515 2212 674 2266 tionis
703 2210 925 2280 intelligi
951 2209 1132 2264 voluit.
1165 2206 1480 2262 lmitationis
1500 2204 1642 2260 enim
1665 2211 1962 2274 peccatum,
1990 2217 2096 2256 non

515 2320 612 2373 per
651 2319 810 2357 unum
843 2302 1146 2366 hominem,
1191 2298 1288 2356 sed
1332 2313 1426 2369 per
1467 2297 1739 2352 diabolum
1785 2295 2004 2350 intravit
2043 2294 2097 2349 in

511 2395 797 2451 mundum.

585 2489 646 2542 L.
677 2487 797 2543 Jun.
827 2486 956 2541 Nam
984 2499 1105 2539 cum
1148 2494 1430 2552 utrumque
1463 2497 1530 2537 es
1570 2496 1719 2536 more
1749 2479 1976 2546 dicatur,
2001 2477 2097 2532 ali-

511 2580 727 2650 quando
756 2578 898 2650 quod
937 2577 1209 2632 diabolum
1249 2577 1370 2646 quis
1397 2576 1658 2640 imitatus,
1697 2573 1960 2638 invideat;
1999 2572 2098 2627 ali-

509 2671 724 2740 quando
761 2670 901 2740 quod
942 2668 1211 2724 hominem
1259 2666 1573 2730 tumulatus,
1625 2672 1717 2719 aut
1745 2664 1976 2732 invidia,
2005 2672 2098 2718 aut

514 2763 895 2832 ﬂagitiosornm
923 2761 940 2792 ⁸
971 2759 1221 2814 sordibus
1255 2758 1558 2823 oblinatur;
1599 2756 1704 2812 hac
1730 2771 1942 2827 quoque
1978 2755 2098 2810 imi-

509 2855 729 2910 talionis
761 2867 956 2908 nomen
986 2853 1196 2921 utrique
1227 2851 1388 2920 possit
1419 2849 1706 2905 convenire
1738 2863 2017 2918 personae,
2042 2845 2099 2901 id

509 2956 613 3010 est,
639 2954 836 2999 etcum
865 2943 933 2999 de
962 2943 1202 3016 homine,
1231 2953 1430 2996 etcum
1445 2940 1513 2996 de
1543 2939 1758 2995 diabolo
1775 2939 2007 2994 dicitur:
2041 2947 2095 2993 ιιι

508 3036 831 3107 perridicule
870 3035 1098 3106 ineptire
1128 3035 1374 3100 voluisti,
1423 3049 1517 3104 per
1555 3033 1865 3090 imitationis
1889 3032 2097 3088 intelle-

507 3139 653 3183 ctum
685 3127 852 3182 Adam
883 3142 995 3186 non,
1013 3128 1252 3197 potuisse
1276 3126 1584 3181 tuenstrari.

581 3221 712 3274 Atto.
757 3216 1024 3288 Numquid
1057 3234 1152 3288 per
1187 3231 1574 3287 quemcumque
1601 3217 1905 3283 hominem,
1932 3232 2091 3287 quem

504 3311 778 3382 peccando
806 3311 942 3366 alius
978 3311 1232 3370 imitatur.
1267 3317 1544 3380 peccatum
1580 3310 1798 3364 intravit
1836 3310 1888 3364 in
1930 3325 2088 3364 mun-

523 3403 672 3462 iunt?
704 3403 816 3467 Dic,
847 3403 893 3458 si
919 3412 1092 3474 potes,
1121 3402 1247 3473 quid
1275 3404 1368 3469 sit,
1396 3401 1499 3458 Per
1519 3419 1678 3457 unum
1699 3402 1952 3457 hominem
1979 3419 2094 3474 pec-

521 3505 675 3555 [:tltmt
702 3494 906 3549 intravit
945 3494 998 3547 in
1028 3492 1307 3558 omnium,
1335 3502 1383 3548 ct
1427 3510 1516 3564 per
1542 3501 1804 3564 peccatum
1831 3509 2007 3559 mors;
2045 3503 2096 3548 et

513 3588 578 3642 ἔα
611 3587 663 3640 in
690 3601 861 3641 omnes
887 3584 1114 3640 homines
1142 3583 1463 3654 pertransiit,
1493 3585 1605 3640 sive
1629 3598 1797 3647 mors,
1828 3584 1943 3639 sive
1963 3599 2090 3654 pec-

507 3687 706 3744 catum,
734 3677 847 3732 sive
878 3676 1052 3747 potius
1075 3690 1196 3730 enm
1229 3685 1400 3730 morte
1427 3683 1722 3744 peccatum.
1749 3675 1879 3728 Nam
1907 3689 2096 3744 pecca-

503 3782 640 3837 tum,
671 3769 823 3840 ctijns
851 3769 1147 3824 imitatione
1167 3775 1440 3838 peccatur,
1469 3768 1678 3822 nonnisi
1706 3782 1800 3837 per
1819 3767 2094 3822 diabolum

512 3861 722 3917 iuravit
758 3860 812 3914 in
851 3859 1106 3914 mundum
1127 3899 1143 3926 ,
1174 3857 1262 3928 qui
1290 3859 1495 3928 primus
1520 3873 1627 3913 non
1653 3857 1911 3913 imitando
1936 3856 2088 3926 fecit,

513 3952 647 4022 quod
675 3951 764 4007 alii
791 3951 1028 4006 facerent
1049 3950 1328 4004 imitando.

576 4041 662 4096 LI.
701 4041 820 4096 JUL.
863 4040 944 4096 Ad
986 4039 1186 4110 reliqua
1227 4040 1440 4094 festinat
1471 4042 1679 4095 oratio:
1713 4039 1807 4096 sed
1846 4055 2092 4110 premen-

506 4135 604 4187 tillS
633 4133 808 4189 adhuc
836 4133 988 4187 locus
1011 4142 1114 4198 est,
1145 4141 1201 4186 nt
1242 4131 1595 4186 divisionibus
1623 4147 1781 4201 quam
1808 4147 2090 4202 possumus

507 4226 793 4293 brevibus,
848 4225 1038 4281 lectori
1089 4233 1145 4279 et
1195 4224 1541 4294 intelligentia
1595 4226 1672 4279 rei
1720 4206 1779 4280 et
1832 4227 2090 4281 memoria

505 4326 840 4387 suggeratur.
872 4315 930 4371 ln
966 4314 1215 4371 omnibus
1245 4314 1468 4385 quidem
1516 4329 1654 4384 pene
1698 4315 1858 4372 rebus
1898 4316 2089 4372 homo-

507 4423 810 4479 nymorum,
842 4422 960 4478 qua:
985 4407 1256 4478 :cquivoca
1282 4407 1632 4477 appellamus,
1661 4408 1900 4464 cmiditio
1924 4424 2086 4480 repe-

505 4501 661 4556 titur.
2055 4501 2060 4505 ’

577 4593 713 4646 Aue.
739 4591 1066 4648 Promiscras
1083 4599 1133 4646 te
1155 4590 1555 4661 intelligentiam
1577 4601 1946 4662 suggesturnm
1967 4609 2088 4650 esse

505 4685 710 4750 lectori,
736 4695 792 4740 et
821 4686 994 4755 luqttet
1009 4686 1052 4740 is
1079 4685 1149 4741 de
1171 4685 1509 4756 ltommtymis
1534 4699 1582 4741 et
1605 4688 1891 4757 aéqttivucis
1915 4707 1928 4742 :
1955 4705 2089 4760 quo-

505 4774 666 4830 modo
693 4790 821 4844 ergo
857 4783 910 4830 te
939 4777 1038 4844 ipsi
1069 4776 1262 4832 saltem
1285 4776 1555 4847 Pelagiani
1585 4777 1902 4834 intellecturi
1929 4791 2086 4846 sunt,

502 4866 603 4921 nisi
632 4866 780 4936 prius
804 4865 871 4919 ad
891 4866 1104 4921 scholas
1123 4866 1543 4932 dialecticorum,
1568 4867 1885 4939 ubicumque
1913 4879 2086 4925 terra-

502 4977 617 5018 rum
663 4960 931 5029 potuerint
958 4960 1212 5026 inveniri,
1253 4969 1473 5031 propter
1503 4963 1616 5018 luee
1641 4962 1864 5020 dicenda
1895 4965 1919 4998 ⁸
1961 4967 2086 5020 mit-

500 5055 718 5110 tantur?
744 5055 826 5110 An
863 5053 1000 5110 forte
1031 5063 1084 5110 et
1109 5056 1404 5126 categorias
1435 5057 1735 5113 Aristotelis
1754 5099 1768 5123 ,
1799 5068 2081 5131 antequam

498 5157 618 5203 tuos
642 5145 806 5201 libros
827 5145 1022 5216 legant,
1052 5145 1133 5201 eis
1154 5160 1428 5215 exponens
1463 5147 1576 5217 ipse
1601 5149 1835 5205 lecturus
1860 5151 1956 5204 es?
1973 5152 2083 5206 Cur

497 5256 600 5292 non
634 5247 690 5293 et
709 5237 815 5296 hoc
839 5235 1022 5304 facias,
1055 5235 1216 5293 homo
1238 5237 1717 5308 ingeniosissimus,
1744 5241 2079 5313 quandoqui-

497 5331 619 5382 dem
651 5343 680 5382 a
710 5327 947 5400 deceptis
976 5328 1190 5383 miseris
1218 5328 1451 5397 pasceris
1478 5329 1716 5385 otiosus?

576 5422 682 5478 ιιι.
710 5421 830 5478 Jun.
857 5420 962 5478 Sed
991 5429 1047 5476 ut
1074 5435 1216 5476 nunc
1244 5420 1398 5476 nobis
1429 5435 1609 5478 sermo
1631 5421 1700 5478 de
1729 5425 2079 5493 praisentibns

502 5517 591 5580 sit,
619 5514 893 5585 generatio
921 5513 1134 5585 proprie
1160 5513 1377 5570 sexibns
1399 5513 1708 5584 imputatur,
1734 5514 1959 5572 imitatio
1977 5533 2077 5574 au-

549 5673 578 5700 ⁴
613 5675 750 5732 Forte
771 5707 790 5732 ,ί
820 5668 1125 5732 flagitiormn.

557 5732 579 5759 ⁸
611 5731 755 5782 aurei
781 5731 918 5797 legit,
937 5732 1185 5784 discenda.
1207 5731 1320 5783 title
1357 5731 1591 5783 Element.
1627 5735 1805 5800 Critic.,
1829 5749 1939 5801 pag.
1967 5738 2072 5790 512.

1894 5807 1946 5848 Μ.

1161 374 1400 429 UI‘I-JHS
1441 372 1844 429 l‘leEl‘iFliCTl
1883 366 2092 421 CONTR

2200 361 2543 433 lUl.l.\.\'U.\l,
2583 371 2637 422 ἓ.
2683 370 3046 426 AUGUSTI“

3653 373 3782 431 “6i

2206 467 2311 512 tem
2341 476 2550 530 semper
2574 464 2870 518 animorum
2897 473 2998 518 est.
3046 462 3141 518 llic
3165 478 3295 534 ergo
3334 464 3564 520 allectus
3588 465 3749 520 animi
3767 509 3783 526 .

2202 550 2343 620 quod
2373 552 2691 620 possibilitcr
2719 554 2944 607 voluerit
2973 555 3247 618 imitantis,
3273 555 3550 611 hominem
3582 570 3678 625 pro
3700 557 3781 610 di-

2204 645 2454 699 versitate
2479 659 2758 698 causarum
2782 656 2874 700 aut
2902 656 3146 712 accusat,
3187 654 3278 701 aut
3303 647 3552 717 provehit
3577 666 3589 701 :
3623 647 3694 702 ita
3723 650 3778 702 lit

2203 746 2260 790 ut
2287 737 2338 791 in
2365 737 2506 791 bono
2526 747 2582 792 et
2609 738 2790 801 Deum,
2819 747 2875 793 ct
2905 739 3153 807 Angelos,
3189 748 3242 795 et
3268 741 3558 810 Apostolus
3581 738 3784 795 dicatur

2204 829 2394 884 imitari
2421 849 2434 883 :
2469 831 2654 894 Deum,
2687 829 2858 885 Estote
2882 832 3108 902 perfecti,
3139 833 3265 886 sicut
3292 831 3452 886 Pater
3476 841 3640 886 vester
3669 850 3784 902 per-

2203 924 2362 992 fectus
2389 930 2462 974 est
2491 921 2701 991 (Matth.
2730 937 2784 986 ν,
2811 919 2902 994 48)
2932 939 2946 976 :
2978 922 3230 991 Angelos,
3265 921 3386 975 Fiat
3413 923 3651 976 voluntas
3678 935 3781 986 tua,

2201 1014 2330 1066 sicut
2364 1014 2416 1066 in
2445 1013 2567 1067 calo
2595 1022 2640 1066 cl
2665 1013 2719 1066 in
2749 1023 2880 1067 terra
2911 1012 3022 1081 (Id.
3051 1031 3123 1078 vt,
3153 1014 3240 1084 10)
3266 1033 3281 1069 :
3312 1015 3623 1084 Apostolus,
3659 1013 3783 1067 lmi-

2202 1111 2389 1158 tatores
2415 1104 2512 1157 mei
2537 1113 2710 1170 estote,
2737 1104 2866 1158 sicut
2887 1113 2935 1158 et
2963 1121 3052 1175 ego
3085 1103 3272 1158 Christi
3299 1105 3338 1175 (Ι
3369 1105 3488 1158 Cor.
3514 1120 3591 1166 ιι,
3626 1103 3704 1174 1).
3731 1105 3783 1158 In

2201 1199 2344 1252 malo
2372 1211 2500 1251 vero
2525 1197 2766 1251 imitatur
2780 1197 3072 1263 diabolum,
3103 1197 3244 1252 sicut
3262 1196 3478 1262 dicitur,
3509 1196 3784 1250 Imitantur

2201 1305 2335 1354 eum,
2367 1290 2454 1360 qui
2478 1299 2596 1342 sunt
2621 1305 2688 1343 ea:
2713 1299 2856 1360 parte
2878 1289 3040 1358 ipsius
3075 1289 3228 1360 (Sap.
3255 1305 3314 1355 ιι,
3341 1288 3436 1357 25)
3464 1307 3477 1340 :
3515 1289 3785 1342 imitantur

2202 1379 2476 1444 homines,
2513 1379 2686 1435 Nolite
2725 1398 2835 1435 esse
2861 1381 3026 1435 tristes
3059 1382 3187 1435 sicut
3213 1381 3528 1451 hypocrita,
3559 1384 3786 1434 extermi-

2200 1481 2376 1526 nantes
2397 1473 2552 1541 {acies
2573 1489 2690 1527 suas
2711 1472 2922 1543 (Matth.
2950 1488 3024 1535 vs,
3053 1473 3146 1536 16)
3171 1490 3189 1527 :
3215 1473 3491 1528 imitantur
3515 1472 3783 1537 animalia,

2200 1577 2324 1616 cum
2353 1562 2653 1626 mandatur,
2687 1563 2865 1617 Nolite
2893 1564 3004 1631 ﬁeri
3031 1565 3161 1618 sicut
3189 1581 3346 1634 equus
3372 1575 3420 1618 et
3449 1565 3650 1626 oculus,
3678 1565 3784 1634 qui-

2201 1653 2292 1706 bus
2321 1669 2422 1706 non
2445 1662 2519 1708 est
2551 1653 2834 1709 intellectus
2864 1653 3047 1725 (Psal.
3088 1671 3246 1723 xxxi,
3277 1654 3355 1728 9).
3387 1656 3482 1710 llis
3510 1669 3646 1726 ergo
3671 1671 3786 1710 ver-

2199 1747 2303 1812 bis,
2324 1758 2429 1801 tam
2450 1747 2856 1803 adhortantibus
2873 1764 3030 1819 quam
3051 1749 3468 1818 deterrentibus,
3485 1750 3785 1806 ostenditur

2201 1840 2509 1895 imitationis
2535 1841 2773 1905 allectus,
2798 1842 2885 1912 qui
2913 1843 3096 1913 utique
3115 1843 3160 1897 si
3179 1857 3301 1899 esse
3322 1859 3428 1900 non
3452 1854 3659 1915 posset,
3683 1859 3787 1900 non

2200 1931 2526 1988 indiceretur
2553 1932 2843 1988 cavendus.

2273 2027 2408 2083 Aue.
2441 2025 2548 2081 Sed
2578 2035 2853 2092 peccatum
2881 2027 3230 2095 imitationis,
3262 2028 3316 2084 id
3344 2037 3460 2097 est,
3489 2029 3637 2101 quod
3668 2031 3788 2086 imi-

2203 2123 2402 2176 tatione
2431 2122 2601 2189 ﬁeret,
2636 2137 2740 2176 non
2769 2122 2982 2177 intravit
3005 2121 3057 2176 in
3087 2123 3360 2186 mundum,
3388 2125 3490 2178 nisi
3522 2140 3619 2194 per
3641 2141 3786 2190 eum,

2199 2215 2288 2284 qni
2313 2223 2370 2268 ut
2390 2214 2685 2270 imitatione
2707 2224 3036 2284 peccaretur,
3059 2216 3175 2270 sine
3199 2217 3494 2271 imitatione
3520 2218 3788 2287 peccavit:

2200 2315 2256 2362 et
2283 2322 2388 2361 non
2419 2315 2501 2362 est
2531 2308 2697 2361 Adam
2727 2316 2875 2362 certe
2904 2306 3038 2374 iste,
3069 2307 3166 2362 sed
3199 2307 3467 2362 diabolus.
3509 2307 3611 2376 Qui
3646 2310 3789 2364 enim

2198 2401 2351 2464 dixit,
2379 2400 2579 2454 intravit
2601 2400 2655 2454 in
2677 2400 2942 2465 mundam,
2971 2399 3176 2455 initium
3200 2403 3402 2470 peccati
3430 2401 3589 2470 hujus
3610 2412 3791 2456 esten»

2200 2493 2276 2548 dit
2304 2510 2319 2548 :
2346 2492 2488 2562 quod
2519 2492 2726 2546 initium
2756 2490 3095 2547 manifestum
3135 2500 3251 2558 est,
3285 2507 3388 2547 non
3428 2506 3550 2547 esse
3594 2493 3790 2546 lactmu

2198 2599 2296 2655 per
2322 2583 2589 2638 hominem
2613 2623 2627 2650 ,
2660 2582 2756 2638 sed
2785 2598 2881 2652 per
2906 2582 3174 2637 diabolum
3199 2600 3214 2647 ;
3255 2584 3297 2636 si
3342 2592 3619 2652 poet-atqu
3647 2583 3789 2653 quod

2201 2675 2534 2730 imitarentur
2564 2683 2864 2744 peccantes,
2891 2674 3117 2728 velimus
3142 2671 3440 2728 attendere.
3470 2672 3660 2727 Restat
3691 2674 3790 2743 igi-

2202 2776 2288 2822 tur
2315 2775 2374 2821 ut
2403 2773 2674 2837 peceatum
2703 2765 2845 2836 quod
2874 2780 2971 2835 per
2997 2780 3159 2819 unum
3187 2764 3459 2820 hominem
3490 2766 3707 2819 intravit
3727 2765 3795 2819 in

2200 2858 2480 2926 naiadum,
2514 2873 2619 2913 non
2647 2857 2951 2923 imitationi,
2977 2857 3075 2912 sed
3097 2857 3426 2928 generationi
3451 2867 3596 2913 recte
3619 2860 3792 2930 possit

2199 2951 2433 3005 attribui.
2464 2951 2701 3021 Agimus
2722 2963 2855 3005 sane
2895 2950 3004 3006 Deo
3043 2949 3273 3021 gratias,
3304 2950 3557 3020 quoniam
3601 2959 3794 3005 contra

2200 3053 2437 3099 vestrum
2461 3044 2668 3099 locutus
2687 3057 2948 3109 errorem,
2973 3043 3307 3115 voluntatem
3324 3042 3520 3098 bonam
3545 3057 3649 3112 qua
3671 3043 3797 3096 imi-‘

2199 3148 2376 3193 tamur
2401 3138 2605 3203 bonos,
2636 3151 2740 3191 non
2769 3135 2970 3191 viribus
3011 3135 3180 3190 nostri
3226 3135 3378 3190 liberi
3421 3133 3658 3200 arbitrii,
3694 3134 3795 3188 sed

2199 3230 2399 3286 auxilio
2427 3229 2521 3284 Dei
2563 3244 2684 3285 esse
2723 3227 3094 3294 tribuendam,
3139 3226 3286 3283 velut
3333 3235 3652 3282 coruscante
3695 3227 3792 3281 tibi

2199 3321 2428 3378 veritate
2450 3319 2811 3376 confessus'cs
2839 3337 2854 3374 :
2880 3317 3307 3397 quandoquidem
3331 3327 3391 3372 ut
3409 3317 3644 3388 Angelos
3666 3317 3791 3372 imi-

2199 3424 2393 3480 temur,
2423 3429 2529 3468 non
2554 3410 2981 3483 pra-sumendum
3007 3425 3038 3465 a
3062 3411 3241 3476 nobis,
3266 3409 3359 3465 sed
3384 3425 3415 3464 a
3438 3407 3670 3464 Domino
3693 3407 3791 3464 de-

2199 3505 2505 3562 monstrasti
2533 3519 2654 3560 esse
2680 3502 3004 3575 poscendum
3022 3543 3038 3570 ,
3069 3504 3148 3558 sic
3173 3517 3450 3574 exponens
3485 3503 3629 3574 quod
3661 3517 3788 3556 ora-

2198 3614 2317 3654 mus
2345 3608 2399 3654 et
2428 3598 2677 3664 dicimus,
2711 3595 2832 3650 Fiat
2856 3595 3088 3651 voluntas
3114 3605 3203 3650 tua
3221 3636 3236 3663 ,
3267 3595 3394 3651 sicut
3421 3595 3478 3651 in
3507 3596 3633 3651 calo
3661 3604 3712 3649 ct
3736 3595 3790 3649 in

2197 3701 2331 3744 terra
2337 3729 2352 3744 .

2267 3780 2398 3836 Llll.
2425 3779 2544 3836 Jun.
2581 3779 2685 3836 Sed
2727 3787 2784 3833 ut
2823 3778 3136 3834 imitationis
3165 3778 3480 3833 vocabulum
3510 3778 3672 3833 rebus
3701 3776 3789 3832 di-

2198 3874 2370 3928 versis
2417 3871 2755 3926 manilcstum
2801 3877 2884 3924 est
2930 3869 3286 3926 communiter
3335 3869 3659 3935 convenire;
3713 3869 3787 3923 ita

2195 3964 2468 4036 generatio
2512 3977 2636 4017 vere
2676 3969 2730 4016 et
2768 3961 3020 4031 proprie‘
3050 3969 3392 4030 generantem
3433 3961 3790 4014 substantiam

2196 4056 2393 4111 indicat
2422 4072 2435 4108 :
2469 4069 2576 4109 non
2607 4053 2821 4124 proprie
2849 4063 3025 4106 autem
3046 4093 3062 4118 ,
3093 4052 3186 4107 sed
3217 4052 3437 4107 abusive
3466 4053 3658 4108 studiis
3685 4067 3783 4123 ap-

2197 4149 2440 4220 plicatur.
2473 4149 2537 4204 Et
2566 4158 2740 4203 tamen
2766 4147 2884 4218 quia
2915 4147 3002 4202 hic
3033 4155 3115 4202 est
3134 4147 3244 4218 jam
3274 4162 3403 4202 usus
3432 4149 3706 4219 loquendi,
3733 4161 3791 4204 et

2195 4243 2336 4315 quod
2369 4242 2611 4298 indicarit
2639 4242 2971 4312 agnoscitur,
3003 4251 3056 4296 ct
3081 4242 3496 4312 preprietatibus
3527 4243 3782 4313 pra-judi-

2194 4337 2334 4391 cium
2361 4335 2555 4391 all‘crre
2583 4350 2689 4390 non
2719 4335 2929 4390 sinitur.
2963 4334 3163 4388 Dicitur
3191 4349 3318 4404 ergo
3342 4334 3587 4388 diabolus
3621 4349 3787 4404 geneo
3817 4399 3820 4402 ,

2196 4442 2316 4482 rare
2345 4434 2657 4497 peccantes,
2681 4425 2970 4480 secundum
2998 4424 3141 4496 quod
3167 4425 3426 4480 Dominus
3455 4425 3508 4480 in
3535 4424 3784 4496 Evange-

2196 4518 2269 4574 lio
2295 4536 2309 4573 :
2348 4517 2482 4583 Vos,
2527 4519 2620 4583 ait,
2651 4533 2715 4572 ea:
2754 4524 2894 4587 patre
2932 4515 3132 4570 diabolo
3161 4517 3278 4571 estis
3309 4513 3488 4590 (loan.
3520 4533 3634 4584 vin,
3660 4516 3779 4586 Μ).

2192 4610 2310 4678 Quo
2330 4623 2599 4676 sermone,
2626 4623 2748 4663 eum
2779 4607 2912 4662 dixit
2935 4607 3343 4662 criminosorum
3371 4617 3600 4676 patrem,
3629 4609 3787 4678 cujus

2193 4703 2568 4772 malignitatem
2592 4700 3047 4756 convincebantur
3065 4699 3262 4755 imitari
3287 4717 3300 4752 :
3328 4707 3382 4754 et
3407 4708 3581 4755 tamen
3611 4701 3665 4754 in
3687 4702 3784 4754 ab-

2191 4798 2366 4853 soluto
2389 4803 2473 4852 est
2498 4794 2865 4865 intelligentia,
2891 4793 3015 4863 quia
3043 4808 3139 4862 per
3159 4793 3262 4848 hoc
3282 4807 3502 4860 nomen,
3527 4791 3783 4849 videlicet

2193 4890 2386 4960 patris,
2415 4901 2514 4944 nec
2539 4887 2754 4943 diabolo
2781 4900 2940 4942 sexus
2959 4926 2976 4952 ,
3006 4901 3106 4941 nec
3145 4885 3452 4940 hominibus
3491 4886 3600 4941 illis
3635 4886 3779 4942 aeria

2189 4983 2260 5037 sit
2286 4981 2552 5052 adscripta
2581 4980 2893 5036 substantia.
2925 4979 3042 5035 Jam
3082 4979 3241 5050 igitur
3278 4978 3402 5050 quid
3430 4977 3625 5035 conlici
3654 4980 3782 5035 hinc

2188 5075 2514 5130 voluerimus
2543 5079 2814 5143 appareat.
2856 5071 2912 5128 Si
2953 5071 3165 5143 proprie
3203 5085 3472 5141 nunquam
3507 5070 3776 5124 hominem

2192 5170 2352 5226 homo
2371 5170 2698 5240 judicaretur
2726 5168 2938 5231 imitari,
2965 5176 3019 5223 et
3038 5167 3323 5236 Apostolus
3351 5181 3445 5235 per
3465 5164 3636 5220 Adam
3663 5182 3778 5219 om-

2190 5279 2287 5319 nes
2318 5275 2564 5332 peccasse
2588 5260 2812 5317 dixisset
2851 5278 2867 5316 :
2908 5276 3006 5331 ego
3045 5260 3209 5315 libere
3243 5258 3650 5328 prteseriberem
3679 5272 3776 5312 usu

2188 5355 2580 5426 Scripturarum
2611 5369 2731 5410 esse
2758 5354 3069 5426 Apostolum
3103 5351 3478 5407 vindicandum
3497 5393 3515 5418 ,
3545 5362 3602 5405 ut
3640 5367 3774 5420 quo-

2191 5449 2348 5504 modo
2373 5448 2623 5502 Dominus
2642 5446 2910 5501 diabolum
2933 5445 3140 5501 dixerat
3163 5452 3389 5515 patrem,
3412 5444 3503 5514 qui
3531 5445 3776 5499 substan-

2191 5544 2257 5598 tia
2301 5556 2560 5613 generare
2609 5556 2714 5595 non
2765 5548 3005 5610 poterat;
3050 5539 3121 5592 ita
3169 5537 3458 5608 Apostolus
3507 5537 3772 5592 hominem

2188 5637 2487 5707 scripsisset
2513 5633 2846 5700 imitabilem,
2881 5647 2948 5688 ne
2972 5631 3098 5704 quid
3128 5631 3376 5711 docuisse
3401 5641 3590 5688 contra
3621 5630 3772 5685 ratio-

2252 5802 2267 5830 ι
2303 5801 2374 5850 sic
2395 5801 2501 5844 Mss.
2538 5799 2590 5842 At
2614 5792 2751 5851 editi,
2773 5803 2884 5842 vera
2906 5796 2950 5841 ct
2973 5802 3186 5853 propna.
