3950 6470
183 521 297 567 ηοω
313 496 644 574 perspicuam
672 493 995 558 crederetur.

244 596 367 651 Anc.
394 586 668 658 Numquid
710 585 877 641 Adam
920 581 1065 653 prior
1110 579 1161 634 in
1205 582 1425 650 peccato
1470 575 1740 635 imitabilis

186 688 301 752 fuit,
325 692 375 737 ιιι
401 679 598 735 merito
629 694 723 750 per
752 678 894 733 illum
929 674 1031 738 hoc
1064 671 1263 743 peccati
1301 682 1470 741 genus
1511 668 1740 723 intrasse

188 781 422 839 iiceretur
449 772 503 827 in
531 770 828 827 mundum?
853 767 1040 823 Nonne
1066 762 1311 819 diabolus
1338 763 1483 831 prior
1509 758 1738 815 imitabi-

189 871 239 931 εδ
259 870 305 924 in
328 875 541 938 peccato
561 862 808 922 exstitit?
829 862 930 918 Per
949 858 1096 914 illum
1118 871 1245 928 ergo
1265 855 1491 909 intrasse
1511 853 1562 908 in
1582 867 1740 907 mun-

193 960 288 1019 Ium
316 965 606 1028 peccatum,
639 952 930 1024 Apostolus
952 950 1189 1012 diceret,
1221 947 1265 1001 si
1294 953 1564 1016 peccatum
1593 942 1736 1014 quod

190 1046 407 1109 initando
432 1046 525 1101 alii
555 1044 826 1108 facerent,
857 1056 922 1099 eo
951 1041 1067 1095 loco
1096 1038 1250 1093 vellet
1281 1034 1521 1105 intelligi.

239 1139 360 1201 LIV.
386 1137 507 1195 ιω..
526 1136 681 1195 Nunc
705 1151 831 1191 vero
855 1134 900 1189 si
920 1132 1187 1203 colligam,
1210 1145 1328 1200 qum
1348 1137 1473 1184 sunt
1494 1130 1545 1182 in
1562 1127 1739 1184 Evan-

193 1232 298 1309 gelia
329 1228 543 1284 abusive
581 1226 786 1298 prolata
809 1226 850 1292 ί,
886 1239 994 1279 non
1033 1222 1342 1278 susﬁnent:
1375 1221 1540 1275 multo
1567 1219 1736 1290 magis

192 1322 423 1398 ipostolus
449 1319 647 1375 Paulus
676 1318 874 1373 nullam
916 1315 1085 1373 errori
1124 1314 1455 1369 occasionem
1486 1311 1730 1382 praebuit,

182 1414 254 1489 qui
274 1413 395 1470 nihil
420 1411 553 1467 dixit
581 1409 953 1481 improprium,
986 1407 1032 1461 si
1062 1404 1451 1476 pronuntiavit,
1484 1414 1732 1473 peccato-

182 1522 272 1563 rem
291 1505 509 1577 primum
533 1502 806 1557 hominem
827 1495 1540 1577 sequentibus‘peccantibus
1560 1509 1734 1550 exem-

182 1602 297 1681 plum
325 1599 503 1654 fuisse.
1176 1570 1197 1595 ’

236 1694 353 1750 huc.
383 1690 495 1744 Non
526 1702 655 1759 ergo
679 1685 863 1742 debuit
890 1685 1020 1740 istos
1043 1682 1178 1738 duos
1202 1694 1533 1753 proponere,
1563 1692 1727 1735 unum

182 1784 236 1840 ad
259 1791 517 1855 peceatum
538 1821 556 1849 ,
579 1780 808 1836 alterum
834 1777 900 1833 ad
921 1775 1202 1847 justitiam,
1231 1773 1400 1829 Adam
1426 1771 1646 1835 scilicet,
1676 1777 1732 1826 et

181 1875 437 1953 Christum.
464 1872 521 1928 Si
547 1872 690 1926 enim
719 1871 944 1941 primum
972 1875 1327 1942 precatorem,
1358 1872 1578 1945 propter
1602 1877 1729 1933 pec-

180 1975 326 2024 catum
369 1963 511 2036 quod
552 1963 740 2017 imitati
784 1969 911 2016 sunt
954 1958 1172 2026 cmteri,
1219 1958 1485 2036 posuisset
1521 1956 1726 2015 Adam:

180 2034 399 2129 profecto
430 2056 659 2125 primum
699 2053 899 2122 justum
920 2092 935 2118 ,
987 2058 1202 2121 propter
1225 2034 1488 2119 justitiam
1517 2046 1730 2103 caeteris

178 2148 477 2215 imitandum,
510 2130 621 2207 non
641 2146 910 2207 Christum
941 2153 1182 2216 poneret,
1207 2142 1302 2199 sed
1328 2142 1503 2198 Abel:
1530 2142 1730 2211 primus

176 2244 344 2315 quippe
367 2241 521 2306 Abel,
557 2239 763 2301 nullum
803 2237 1080 2292 hominum
1125 2220 1365 2298 imitans,
1398 2232 1492 2289 sed
1520 2232 1739 2291 caeteris

176 2335 428 2415 imitandus
447 2376 461 2400 ,
488 2336 667 2407 justus
695 2333 810 2399 fuit.
841 2330 1029 2387 Sciens
1053 2339 1230 2384 autem
1269 2326 1396 2399 quid
1424 2326 1737 2394 loqueretur:

176 2428 461 2500 Apostolus,
489 2426 658 2481 Adam
689 2425 867 2496 posuit
909 2423 976 2478 ad
1022 2429 1296 2494 peccatum
1316 2461 1331 2485 ,
1362 2418 1633 2475 Christum
1659 2417 1728 2479 ad

174 2521 433 2592 justitiam;
459 2520 582 2591 quia
610 2518 757 2590 illum
788 2523 1012 2577 noverat
1037 2511 1420 2586 generationis,
1452 2511 1609 2567 istum
1634 2524 1725 2572 re-

176 2612 499 2687 generationis
526 2622 823 2667 auctorem.
1604 2622 1609 2626 ι

229 2705 332 2764 LV.
359 2705 475 2762 Jun.
513 2705 593 2760 Ac
622 2719 718 2776 per
747 2702 849 2758 hoc
875 2698 1192 2759 bardissitue
1219 2700 1617 2768 argumentatus
1644 2708 1726 2759 es,

177 2797 296 2870 quod
318 2797 359 2853 si
394 2796 670 2867 apostolus
709 2792 902 2849 Paulus
950 2806 1047 2863 per
1085 2788 1434 2847 itnttationem
1470 2787 1727 2842 transisse

178 2901 414 2963 peccatum
441 2889 700 2946 voluisset
729 2886 987 2959 intelligi,
1018 2884 1291 2943 diabolum
1335 2883 1537 2954 magis,
1567 2898 1726 2952 quam

179 2983 320 3039 Adam
358 2983 685 3038 nominasset
714 2997 728 3036 :
755 2996 877 3034 cum
919 2978 1152 3043 clareat,
1183 2987 1237 3033 et
1264 2975 1493 3031 hominis
1527 2978 1584 3032 et
1607 2972 1726 3028 dia-

178 3075 268 3132 boli
287 3075 469 3131 malum
497 3091 607 3128 non
631 3071 735 3128 n'si
766 3070 1062 3126 imitatione
1086 3070 1313 3124 transire
1337 3066 1595 3140 potuisse.
1620 3063 1728 3121 Ve-

178 3183 273 3222 rum
293 3168 502 3237 disjecto
522 3164 666 3236 quod
689 3174 744 3221 tu
766 3172 1130 3227 exstruxeras,
1153 3176 1260 3216 non
1283 3168 1390 3215 tam
1412 3158 1546 3215 meis
1565 3172 1723 3230 quam

179 3259 316 3330 ipsius
354 3258 571 3315 rationis
608 3255 885 3323 manibus,
914 3253 1041 3326 quid
1070 3267 1212 3308 nunc
1237 3266 1269 3306 a
1295 3249 1450 3307 nobis
1473 3248 1727 3308 alferatur

177 3350 377 3410 attende.

232 3446 351 3502 Anc.
378 3444 491 3501 Non
532 3451 588 3499 te
618 3440 895 3513 disjecisse
921 3435 1063 3510 quod
1094 3445 1389 3494 struxeram
1407 3474 1426 3502 ,
1455 3446 1556 3490 nec
1579 3446 1727 3488 same

178 3539 385 3607 rationis,
410 3537 507 3594 sed
529 3552 682 3592 vana:
711 3544 814 3590 tua:
840 3530 1107 3605 opinionis
1137 3544 1327 3586 manus
1352 3537 1402 3584 te
1427 3526 1619 3583 frustra
1644 3526 1726 3581 in-

179 3630 331 3686 tulisse
347 3638 627 3686 structum
648 3636 866 3692 nostrm,
890 3623 1166 3694 utriusque
1187 3627 1431 3678 nostrum
1450 3616 1612 3675 verba
1631 3615 1723 3689 qui

179 3723 367 3794 legerint
384 3723 717 3794 judicabant.

235 3813 347 3869 LVI.
373 3814 491 3871 .lun.
519 3810 1075 3883 OstenditApostolus
1100 3822 1205 3863 non
1226 3822 1254 3861 a
1277 3821 1335 3862 se
1355 3804 1554 3861 dictum
1576 3794 1722 3870 esse,

179 3918 413 3976 peccatum
449 3904 833 3981 generatione'
876 3901 1164 3965 transisse,
1198 3896 1414 3970 quando
1443 3896 1723 3951 nominans

180 3996 443 4067 hominem,
472 3996 669 4067 adjecit
693 4010 887 4060 unum;
919 4007 1058 4049 unus
1093 3992 1235 4046 enim
1275 3988 1483 4045 numeri
1522 3986 1722 4058 princi-

180 4089 296 4158 pium
317 4097 393 4145 est
418 4106 433 4143 :
460 4099 515 4144 et
538 4088 628 4143 ille
650 4086 933 4159 explicans
960 4099 1057 4155 per
1085 4096 1243 4153 quem
1268 4080 1472 4135 diceret
1500 4079 1724 4133 intrasse

180 4189 448 4249 peceatum,
491 4195 597 4234 non
629 4178 800 4233 Solum
828 4191 951 4232 cum
985 4173 1307 4239 nominavit,
1349 4186 1533 4231 verum
1561 4169 1724 4225 etiam

180 4273 476 4328 numeravit:
515 4270 617 4326 Per
643 4285 830 4332 unum,
863 4268 1066 4337 inquit,
1099 4267 1350 4320 hominem
1386 4273 1643 4334 peccatum
1670 4262 1723 4317 in

179 4363 284 4419 hunc
299 4364 536 4435 mundum
554 4363 773 4418 transiit.
803 4359 901 4427 llic
918 4368 1096 4413 autem
1122 4372 1260 4412 unus
1283 4353 1581 4426 praebenda:
1603 4353 1724 4409 imi-

178 4457 329 4513 tationi
372 4456 602 4522 sufﬁcit,
647 4450 977 4526 generationi
1021 4447 1305 4520 implenda:
1353 4463 1458 4503 non
1503 4445 1720 4503 sullicit.

177 4545 420 4605 Peccatum
447 4556 626 4601 autem
654 4545 894 4610 transiit;
926 4540 1020 4598 sed
1049 4556 1144 4613 per
1171 4555 1355 4595 unum.
1387 4538 1721 4595 Manifestum

177 4649 266 4707 est,
290 4638 631 4695 imitationem
654 4637 759 4702 hic,
790 4652 894 4690 non
920 4630 1577 4705 generationemcoargui,
1605 4645 1722 4700 qua:

178 4732 257 4786 nisi
281 4748 369 4803 per
388 4733 523 4788 duos
549 4731 664 4786 ﬁeri
691 4745 796 4785 non
821 4734 1016 4800 potest.
1034 4724 1149 4781 ‘Aut
1176 4725 1332 4796 igitur
1357 4721 1599 4788 ostende,
1627 4736 1723 4792 per

178 4819 317 4877 Adam
351 4824 519 4878 solum
562 4822 682 4877 sine
721 4820 945 4874 muliere
985 4816 1381 4899 generationem
1417 4812 1718 4878 exstitisse;

177 4927 255 4967 nec
286 4912 384 4970 hoc
410 4914 554 4969 enim
582 4911 650 4967 ab
677 4910 938 4982 elegantia
974 4908 1048 4963 tui
1081 4907 1333 4964 abhorret
1360 4904 1558 4977 ingenii
1585 4923 1600 4959 :
1631 4913 1724 4959 aut
1791 4965 1795 4968 ,

176 5015 296 5060 certe
317 5005 561 5076 quoniam
588 4997 1157 5075 vides'generationem
1187 4999 1287 5054 nisi
1313 5014 1408 5070 per
1429 4998 1569 5053 duos.
1588 5011 1719 5052 con-

174 5105 292 5153 stare
330 5114 434 5153 non
475 5112 666 5169 posse,
697 5096 957 5151 assentire
985 5094 1067 5149 vel
1095 5109 1248 5159 sero,
1279 5103 1583 5148 accusatum
1615 5106 1721 5146 non

175 5201 272 5244 esse
295 5205 385 5260 per
407 5204 573 5245 unum
612 5202 892 5243 numerum
936 5199 1072 5257 opus
1113 5183 1363 5240 duorum.
1404 5180 1507 5237 Per
1543 5198 1720 5247 unum,

122 5322 123 5325 η
173 5277 343 5351 inquit,
383 5282 636 5336 hominem
667 5286 922 5351 peccatum
958 5276 1161 5332 intravit
1199 5276 1251 5329 in
1290 5274 1535 5329 mundum
1572 5289 1590 5327 :
1629 5272 1721 5347 qui

171 5372 284 5431 dixit
306 5395 390 5448 per
407 5394 567 5431 unum
585 5418 602 5445 ,
635 5359 867 5445 intelligi
881 5387 976 5445 per
999 5371 1136 5427 duos
1161 5370 1351 5426 noluit.
1382 5367 1540 5438 Quid,
1569 5382 1720 5437 rogo,

172 5470 416 5536 quaerebat
442 5469 581 5526 inter
605 5467 723 5523 haec
754 5466 1001 5537 dogmata
1038 5478 1319 5529 numerus,
1351 5471 1409 5516 ut
1438 5459 1724 5530 Apostolus

174 5566 297 5636 tanta
319 5575 471 5629 cura,
499 5575 606 5616 non
634 5557 808 5614 solum
835 5556 1137 5620 hominem,
1166 5552 1259 5608 sed
1290 5567 1446 5606 unum
1473 5549 1722 5604 hominem

236 5718 251 5750 ³
269 5717 395 5783 adut,
411 5717 455 5769 si
469 5714 756 5776 catenati“,
773 5727 882 5783 qua:
895 5721 1002 5768 sunt
1018 5713 1070 5768 in
1086 5710 1336 5780 Ettangelio
1350 5708 1542 5768 abusive
1555 5706 1727 5774 prota-

171 5782 760 5853 ιοίςβιὶεξιηιιιθιειρδ.

1418 367 1619 430 LIBER
1657 363 2036 435 SECUNDUS.

3293 382 3429 442 "06

1848 482 2192 541 nominaret?
2248 484 2444 542 Verum
2496 499 2716 559 apparet
2759 501 2945 550 cautus
2988 497 3198 568 angusti
3245 482 3427 557 sermo

1844 575 2084 641 consilii,
2111 576 2200 647 qui
2231 578 2503 634 revelante
2530 578 2727 649 Spiritu
2753 594 2938 638 sancto
2955 626 2969 648 ,
2999 595 3293 658 temporum
3324 608 3426 646 nn-

1844 678 2076 724 strorum
2105 669 2357 739 pratcavit
2390 679 2447 726 et
2478 673 2768 729 exarmavit
2799 691 3050 733 errores:
3078 697 3145 735 ne
3189 683 3242 737 in
3288 687 3426 741 infa-

1844 761 2133 817 mationem
2167 764 2361 833 quippe
2389 764 2586 835 aliquid
2617 765 2839 821 instituti
2870 783 2899 823 a
2933 770 3038 826 Deo
3076 773 3304 846 conjugii
3340 778 3424 834 vel

1841 851 2135 908 benedictae
2174 854 2511 910 fecunditatis
2549 856 2746 913 dixisse
2776 870 3084 928 putaretur;
3115 877 3234 918 cum
3264 881 3422 922 causa

1842 954 2083 1011 posceret
2120 952 2178 998 ut
2206 946 2407 1014 peccati
2435 946 2718 1015 replicaret
2743 950 2991 1013 exordia,
3023 968 3118 1023 per
3144 969 3263 1009 eum
3293 955 3427 1012 dixit

1841 1049 2120 1089 numerum
2147 1036 2406 1091 transisse
2424 1046 2724 1107 peccatum,
2753 1040 2840 1108 qui
2869 1040 3062 1097 fetibus
3086 1059 3188 1097 non
3217 1053 3426 1115 poterat

1840 1126 2145 1189 convenire.
2175 1126 2242 1181 Et
2266 1138 2414 1183 certe
2441 1129 2593 1198 primi
2620 1130 2862 1186 homines
2889 1134 3045 1187 amba
3068 1133 3422 1205 deliquerant,

1839 1215 1929 1286 qui
1959 1215 2116 1272 ambo
2142 1220 2334 1273 merito
2362 1229 2621 1274 Vocantur
2648 1221 2816 1277 forma
2848 1225 3073 1292 posteris
3110 1223 3276 1282 fuisse
3302 1242 3426 1297 pecs

1839 1306 1943 1361 cati
1977 1324 1991 1360 :
2023 1322 2121 1362 cur
2146 1324 2251 1364 non
2282 1308 2437 1379 igitur
2463 1311 2750 1380 Apostolus
2786 1328 2879 1383 per
2905 1314 3040 1369 duos
3068 1316 3142 1371 ait
3171 1319 3426 1373 transisse

1838 1408 2148 1467 peccatum;
2178 1399 2318 1470 quod
2343 1409 2397 1455 ct
2421 1402 2485 1456 ad
2517 1401 2670 1456 (idem
2705 1405 2878 1474 magis
2901 1405 3135 1461 hisnn-ia:
3160 1423 3425 1479 congrue-

1837 1487 1965 1544 bat?
1992 1488 2189 1545 Verum
2217 1490 2349 1547 nihil
2376 1494 2547 1562 potuit
2574 1495 2641 1550 ab
2668 1510 2734 1551 eo
2760 1495 3073 1565 prudentius
3103 1498 3216 1553 ﬁeri
3248 1516 3263 1553 :
3292 1499 3424 1555 vidit

1834 1581 1978 1635 enim
2004 1582 2050 1638 si
2086 1582 2222 1637 duos
2261 1584 2617 1650 nominasset,
2644 1587 2734 1657 qui
2762 1588 3182 1656 praivaricationi
3213 1590 3421 1645 initium

1834 1673 2247 1745 exemplumque
2290 1674 2676 1745 praestiterant,
2721 1687 2777 1733 et
2824 1692 2918 1747 per
2958 1693 3057 1734 eos
3100 1677 3425 1737 afﬁrmasset

1836 1765 2093 1822 transisse
2123 1775 2423 1837 peccatum,
2452 1770 2620 1824 errori
2648 1772 2978 1826 occasionem
3004 1784 3209 1842 patere,
3240 1782 3296 1828 ut
3319 1790 3421 1844 pu-
3466 1790 3469 1793 '

1834 1861 2035 1911 taretur
2065 1871 2159 1926 per
2191 1856 2417 1911 duorum
2457 1858 2671 1913 nomina
2709 1859 3136 1932 coniunctionem
3176 1862 3421 1918 fecundi-

1834 1953 2103 2018 tatemque
2143 1946 2430 2004 damnasse
2453 1950 2493 2004 ί.
2527 1950 2757 2021 Ideoque
2796 1952 3212 2022 prudentissime
3254 1970 3418 2010 unum

1833 2037 2022 2093 maluit
2048 2038 2355 2104 nominare,
2384 2039 2475 2110 qui
2506 2055 2610 2095 non
2651 2040 2921 2098 sufﬁciens
2956 2042 3023 2098 ad
3057 2045 3420 2114 generationis

1833 2127 2120 2197 indicium,
2148 2131 2215 2186 ad
2248 2130 2456 2202 signum
2481 2130 2778 2188 abundaret
2814 2133 3079 2203 exempli;
3108 2143 3265 2206 atque
3293 2135 3417 2191 imi-

1835 2219 2087 2275 tationem
2114 2230 2399 2278 accusatus
2423 2234 2689 2293 gravaret,
2713 2239 2811 2279 nec
2833 2223 3207 2281 fecunditatem
3231 2238 3421 2283 nume"s

1833 2321 1981 2369 ratus
2005 2321 2276 2385 argueret.
2306 2314 2373 2373 Et
2397 2326 2451 2369 ut
2471 2316 2708 2373 breviter
2730 2316 2871 2386 quod
2890 2318 3098 2387 egimus
3116 2319 3414 2389 colligatur,

1833 2408 2130 2475 fecunditas
2149 2409 2202 2464 in
2226 2410 2410 2478 primis
2432 2409 2740 2467 hominibus
2762 2409 3022 2476 instituta,
3046 2411 3147 2466 nisi
3170 2426 3265 2482 per
3282 2412 3419 2469 duos

1830 2500 1916 2573 agi
1954 2516 2060 2557 non
2090 2511 2263 2573 potest
2291 2519 2306 2557 :
2338 2512 2610 2571 peccatum
2646 2511 2824 2558 autem
2862 2503 3150 2573 Apostolus
3183 2504 3420 2562 intrasse

1832 2594 2159 2665 pronuntiat,
2188 2594 2282 2651 sed
2311 2610 2407 2667 per
2433 2611 2615 2650 unum.
2904 2652 2907 2655 Α

1901 2686 2037 2742 Are.
2087 2684 2449 2742 Pratdixeram
2482 2694 2535 2741 te
2577 2685 2706 2741 nihil
2748 2700 2869 2742 esse
2911 2685 3211 2754 dicturum;
3249 2696 3306 2744 et
3346 2688 3419 2744 ita

1830 2790 1986 2844 esse,
2034 2777 2204 2843 cuivis
2248 2776 2554 2833 tardissimo
2598 2777 2801 2831 clarum
2840 2785 2946 2832 est.
2980 2776 3248 2849 Numquid
3276 2780 3419 2835 enim

1832 2872 1996 2928 Evam
2025 2887 2133 2927 non
2158 2872 2432 2931 imitantur
2457 2880 2760 2942 peccantes,
2789 2879 2879 2927 aut
2896 2879 3181 2942 peccatum
3206 2874 3420 2943 generis

1832 2966 2052 3022 humani
2082 2980 2189 3021 non
2219 2964 2387 3036 magis
2426 2979 2492 3020 ex
2532 2964 2646 3034 ipsa
2690 2964 2917 3035 sumpsit
2955 2963 3202 3020 initium?
3229 2964 3274 3019 A
3302 2980 3420 3019 mu-

1831 3057 1952 3117 liere
1986 3058 2183 3119 initium
2209 3058 2401 3128 factum
2424 3065 2497 3112 est
2522 3056 2740 3127 peccati,
2768 3067 2818 3111 et
2846 3065 3052 3127 propter
3078 3055 3252 3120 illam,
3281 3056 3421 3113 sicut

1829 3152 2086 3222 scriptum
2128 3159 2247 3217 est,
2289 3150 2535 3205 morimur
2577 3160 2748 3203 omnes
2792 3146 2980 3219 (Eccli.
3008 3162 3138 3212 xxv,
3167 3147 3279 3219 33).
3310 3147 3421 3205 Cur

1828 3259 1957 3315 ergo
1982 3260 2088 3299 non
2115 3242 2197 3297 vis
2223 3239 2531 3306 attendere,
2564 3251 2845 3310 propterea
2888 3242 3064 3311 potius
3105 3238 3417 3309 Apostolum

1828 3353 1992 3393 unum
2023 3336 2221 3392 dixisse
2248 3333 2516 3389 hominem
2536 3374 2551 3398 ,
2587 3349 2680 3403 per
2707 3347 2864 3403 quem
2897 3340 3171 3402 peccatum
3198 3331 3419 3387 intravit

1829 3430 1881 3485 in
1912 3429 2187 3494 mundum,
2215 3428 2334 3498 qttia
2367 3441 2471 3481 non
2502 3425 2873 3489 imitationem,
2900 3422 2995 3480 sed
3018 3424 3419 3495 generationem

1829 3522 2042 3579 volebat
2069 3519 2323 3591 intelligi?
2352 3518 2501 3573 Sicut
2527 3517 2669 3572 enim
2695 3531 2724 3569 ιι
2746 3515 2968 3571 muliere
2990 3514 3193 3569 initium
3216 3510 3419 3584 peccati

1829 3611 1961 3679 fuit,
1981 3613 2077 3667 sic
2115 3611 2320 3669 initium
2363 3608 2718 3678 generationis
2745 3620 2776 3661 ιι
2803 3606 2919 3661 viro
2946 3613 3030 3662 est
3060 3622 3073 3658 :
3106 3604 3252 3676 prior
3273 3605 3419 3660 enim

1827 3706 1909 3761 vir
1924 3705 2199 3767 seminat,
2225 3710 2281 3756 ιιι
2308 3700 2501 3756 fetnina
2533 3699 2701 3769 pariat
2731 3715 2746 3754 :
2777 3697 2896 3759 ideo
2922 3710 3021 3768 per
3049 3710 3211 3750 unum
3242 3695 3421 3751 humi:

1827 3806 1948 3853 nem
1980 3803 2252 3866 peccatum
2283 3793 2498 3849 intravit
2536 3792 2589 3846 in
2633 3789 2923 3854 mundum,
2950 3789 3073 3858 quia
3104 3800 3199 3859 per
3230 3802 3417 3863 semen

1826 3886 2188 3958 generationis
2218 3883 2466 3949 intravit,
2497 3880 2638 3953 quod
2666 3896 2696 3936 a
2724 3880 2842 3935 viro
2867 3879 3145 3949 excipiens
3171 3879 3418 3949 concepit

1828 3980 2021 4036 femina
2056 3993 2207 4049 :quo
2234 3991 2386 4032 more
2414 3974 2561 4030 nasci
2590 3973 2795 4041 noluit,
2823 3971 2913 4044 qui
2951 3970 3100 4027 solus
3136 3971 3255 4029 sine
3287 3984 3416 4043 pec-

1826 4079 1947 4126 cato
1972 4078 2055 4125 est
2083 4077 2237 4123 natus
2263 4082 2328 4122 ex
2355 4065 2573 4123 femina.

1893 4159 2054 4227 LVII.
2083 4159 2203 4217 Jun.
2244 4156 2644 4213 lrrelutabiliter
2668 4152 2965 4210 confectum
2994 4162 3108 4220 est,
3135 4163 3411 4223 peccatum

1827 4253 1954 4309 illud
1984 4251 2191 4307 ostendi
2220 4249 2287 4304 ab
2316 4247 2575 4319 Apostolo
2610 4244 2847 4303 moribus
2883 4244 2949 4299 ad
2989 4253 3266 4316 posteros,
3306 4259 3415 4301 non

1827 4344 2120 4401 seminibus
2160 4340 2324 4396 fuisse
2364 4339 2667 4395 devectum.
2708 4338 2913 4403 Quanta
2954 4350 3081 4406 ergo
3109 4335 3177 4392 de
3204 4349 3298 4392 ore
3324 4342 3421 4392 tuo

1827 4435 2093 4493 efﬁnxerit
2121 4433 2355 4498 falsitas,
2387 4432 2595 4490 intuere
2623 4446 2637 4483 :
2673 4446 2699 4493 ι⁸
2725 4426 2830 4485 Sed
2872 4427 2993 4483 ideo
3026 4443 3117 4500 per
3144 4442 3298 4483 unum
3323 4427 3418 4482 hoc

1828 4530 2011 4583 minem
2041 4525 2326 4596 Apostolus
2352 4524 2517 4586 mxit,
2545 4537 2572 4575 a
2600 4536 2707 4592 quo
2733 4519 3005 4591 generatio
3032 4517 3217 4588 utique
3245 4517 3418 4574 homi-

1827 4639 1953 4678 num
1981 4620 2177 4691 carpit,
2220 4626 2278 4673 ut
2316 4632 2411 4686 per
2449 4614 2844 4686 generationem
2888 4610 3106 4666 doceret
3147 4611 3276 4668 iisse
3319 4625 3420 4682 per
3454 4650 3462 4658 .

1826 4731 2013 4771 omnes
2027 4712 2285 4783 originale
2297 4722 2566 4780 peccatum
2593 4725 2611 4759 ι
2630 4704 2730 4778 (De
2752 4702 2963 4774 Nuptiis
2979 4711 3025 4757 et
3043 4701 3418 4773 Concupiscen-

1827 4811 1932 4876 lia,
1974 4808 2060 4862 tib.
2087 4805 2155 4873 2,
2203 4821 2257 4859 n.
2299 4800 2433 4874 45):
2483 4815 2604 4854 cum
2642 4797 2762 4853 ideo
2802 4796 3089 4867 Apostolus
3133 4811 3223 4866 per
3257 4811 3417 4851 unum

1827 4898 2078 4953 hominem
2113 4892 2339 4957 dixerit,
2373 4907 2439 4946 ne
2464 4895 2739 4960 putaretur
2766 4888 2871 4943 isse
2911 4901 3005 4957 per
3038 4900 3228 4942 omnes
3250 4885 3417 4957 erigi:

1826 4991 1948 5046 nale
1972 4994 2268 5059 peccatmn.
2295 4982 2494 5052 Ineptis
2520 4982 2613 5045 ita,
2643 4988 2703 5035 ut
2729 4979 2815 5033 vix
2837 4984 3044 5034 teneam
3068 4976 3411 5041 cachinnum,

1826 5084 1916 5154 qui
1946 5081 2079 5137 dicis
2107 5075 2499 5151 generationem
2530 5073 2599 5127 ab
2625 5086 2733 5126 uno
2758 5070 2974 5125 homine
2998 5069 3260 5140 cmpisse;
3287 5082 3413 5124 cum

1826 5182 1881 5230 et
1909 5171 2189 5229 diversitas
2217 5180 2460 5229 sexuum,
2488 5173 2543 5220 et
2567 5162 2726 5219 lectio
2749 5161 2924 5216 divina
2957 5167 3214 5226 testetur,
3244 5173 3410 5230 geneo

1831 5268 2086 5324 rationem
2114 5278 2220 5317 non
2245 5274 2366 5317 esse
2393 5258 2631 5329 potuisse
2648 5297 2664 5319 .
2707 5255 2807 5310 nisi
2833 5253 2942 5311 duo
2971 5252 3115 5326 prius
3144 5251 3411 5316 homines,

1828 5359 1880 5416 id
1904 5368 1987 5414 est
2010 5357 2088 5411 vir
2115 5363 2170 5410 et
2198 5352 2405 5417 mulier,
2430 5349 2775 5406 exstitissent.
3067 5366 3091 5393 ο

1897 5451 2031 5505 Anc.
2072 5446 2173 5514 Qui
2212 5444 2320 5500 hoc
2363 5442 2577 5513 legunt,
2624 5430 3047 5510 legant’iterum'
3080 5429 3415 5503 superiorem

1825 5539 2231 5613 responsionem
2258 5551 2469 5601 meam;
2512 5542 2605 5588 aut
2641 5531 2687 5587 si
2724 5530 2840 5601 ejus
2868 5529 3005 5585 bene
3032 5525 3387 5582 meminerunt
3450 5588 3453 5591 λ

1827 5634 2175 5689 deliramenta
2204 5628 2357 5699 hujus
2388 5625 2660 5681 irrideant.
2690 5620 2943 5690 Quamvis
2972 5631 3182 5689 possem
3207 5613 3406 5681 dicere,

1891 5769 1909 5801 ι
1941 5765 2079 5821 editi,
2121 5775 2208 5827 per
2233 5762 2439 5813 duorum
2468 5756 2713 5810 nominum
2742 5753 3118 5819 conjtmrttoncm
3140 5748 3413 5817 feamdiln-

1828 5836 1923 5881 tem
1944 5829 2215 5880 danmasse.
