3950 6466
527 431 665 489 ιιιπ

527 546 641 598 ideo
683 556 787 597 non
831 539 964 593 duos
985 579 997 600 ,
1039 535 1132 592 srd
1161 551 1322 590 unum
1352 535 1616 594 hominem
1645 531 1840 584 dixisse
1873 530 2099 594 Aposto-

526 638 631 689 Inm
653 677 668 700 ,
701 649 794 703 per
821 646 974 702 quem
1009 639 1280 700 peccatum
1314 626 1524 680 intravit
1561 625 1614 677 in
1654 629 1941 682 mundum,
1981 618 2100 687 quia

521 731 775 799 scriptum
803 735 920 792 est,
951 724 1110 778 Ειίιιιι
1140 721 1240 775 duo
1277 722 1327 772 in
1366 736 1516 771 came
1557 734 1658 769 una
1699 713 1851 784 (Gen.
1883 728 1937 777 ti,
1967 712 2059 780 2t)
2086 728 2099 762 :

531 821 664 878 lude
695 819 945 874 Dominus
973 817 1043 869 ait
1064 855 1080 880 ,
1111 812 1136 866 Ι
1142 814 1275 884 gitur
1303 811 1416 882 jam
1454 827 1553 863 non
1582 816 1698 860 sunt
1723 807 1822 858 duo
1843 845 1861 869 ,
1886 805 1973 858 sed
2002 819 2102 854 una

527 928 640 974 raro
683 909 896 982 (Matth.
929 923 1023 961 xix
1045 945 1058 971 ,
1092 906 1149 975 6)
1180 921 1192 958 :
1223 903 1453 958 maxime
1493 898 1706 970 quando
1748 898 1827 950 vir
1867 895 2102 949 :ltlll:l'|’t:l

524 1004 693 1068 uxori,
723 1011 778 1058 et
809 1001 966 1054 initur
993 995 1325 1052 concubitus.
1358 993 1431 1046 De
1459 990 1742 1047 concubitu
1773 998 1947 1073 autem
1979 1002 2101 1056 pro-

516 1098 600 1151 les
639 1094 899 1165 gignitur,
932 1089 1146 1145 trahens
1183 1085 1440 1156 originale
1479 1093 1782 1154 peccatum,
1817 1081 1942 1134 vitio
1981 1096 2102 1147 pro-

515 1175 745 1258 pagantc
767 1186 972 1251 vitium,
998 1183 1104 1237 Deo
1128 1189 1342 1236 creante
1364 1187 1603 1232 naturam
1635 1193 1650 1228 :
1673 1190 1829 1244 quam
1858 1183 2097 1225 naturain

517 1280 801 1348 coniuges,
828 1278 986 1332 etiam
1020 1275 1154 1329 bene
1181 1281 1388 1326 utentes
1417 1268 1542 1322 vitio
1562 1308 1579 1332 ,
1619 1281 1723 1320 non
1765 1272 1984 1334 possunt
2021 1274 2099 1315 ta-

519 1386 643 1426 men
673 1371 740 1424 ita
779 1381 1064 1439 generare,
1093 1374 1149 1418 ut
1175 1362 1342 1434 possit
1366 1375 1485 1415 esse
1509 1359 1624 1412 sine
1650 1357 1777 1410 vitio
1805 1373 1817 1408 :
1845 1353 1983 1423 quod
2013 1354 2098 1408 ille

517 1462 606 1530 qui
649 1461 766 1516 sine
807 1461 922 1528 ipso
963 1467 1118 1511 natus
1161 1462 1244 1508 est
1287 1451 1446 1518 vitio,
1493 1457 1713 1505 evacuat
1751 1447 1804 1500 in
1844 1445 2096 1515 parvulis,

517 1553 678 1608 etiam
709 1550 921 1605 nolente
955 1547 1182 1602 Juliano.

588 1644 769 1712 LVIII.
798 1643 916 1700 ιυι..
962 1641 1070 1696 Aut
1115 1640 1158 1694 si
1209 1637 1345 1693 forte
1392 1634 1660 1708 (quoniam
1707 1631 1861 1686 aliter
1905 1628 2095 1699 dogma

519 1749 664 1792 tuum
696 1746 836 1790 stare
866 1749 970 1789 non
999 1729 1194 1802 potest)
1223 1729 1390 1784 Adam
1418 1745 1482 1783 ex
1510 1742 1568 1781 se
1594 1724 1903 1793 concepisse
1928 1731 1981 1776 et
2007 1737 2096 1790 pe-

520 1830 722 1896 perisse
747 1824 1085 1896 responderis
1110 1839 1124 1876 :
1152 1821 1463 1898 Apostolum
1488 1817 1700 1887 quidem
1723 1830 1826 1869 non
1849 1813 1949 1867 hoc
1975 1828 2097 1866 sen-

515 1920 652 1974 sisse
695 1917 825 1972 nulli
866 1915 1120 1979 dubium;
1168 1923 1222 1968 tu
1253 1928 1376 1968 vero
1409 1909 1534 1980 quid
1564 1909 1714 1964 sexui
1746 1921 1837 1960 tuo
1866 1904 2096 1960 volucris

515 2007 730 2064 evenire
766 2006 1106 2062 monstrabis.

586 2101 720 2155 Ave.
759 2098 874 2154 Non
919 2098 1230 2168 expavescis
1273 2093 1413 2165 quod
1454 2092 1706 2162 scriptmn
1745 2100 1866 2163 est,
1917 2089 2097 2158 Neque

513 2190 746 2245 maledici
773 2206 983 2261 regnum
1014 2188 1106 2242 Dei
1133 2188 1453 2259 possidebunt
1482 2185 1524 2255 (I
1560 2184 1676 2239 Cor.
1709 2200 1757 2236 vi
1778 2225 1797 2248 ,
1825 2181 1950 2255 10)?
1990 2180 2094 2236 Ne-

513 2297 614 2352 que
648 2281 790 2336 enim
821 2291 928 2334 tam
969 2279 1106 2334 l’mda
1131 2278 1367 2334 convicia
1396 2275 1527 2331 nihil
1557 2286 1607 2330 te
1629 2275 1954 2344 adiuvantia,
1984 2273 2084 2328 nisi

514 2371 866 2428 maledicendi
887 2371 1128 2438 libidine,
1159 2370 1473 2437 loquereris.

585 2463 717 2520 LIX.
746 2463 868 2519 JUL.
899 2462 1099 2517 Verum
1127 2463 1239 2516 lia-c
1279 2462 1477 2514 omissa
1516 2460 1767 2514 faciamus
1794 2461 1808 2490 ¹
1832 2500 1849 2524 ,
1880 2467 1932 2514 et
1959 2459 2088 2514 illud

513 2555 654 2623 quod
685 2569 715 2608 a
745 2554 893 2607 vobis
920 2561 1140 2622 apparet
1171 2567 1324 2622 posse
1368 2553 1421 2605 in
1451 2551 1551 2606 hoc
1596 2550 1714 2605 loco
1753 2548 1938 2605 rel‘erri
1958 2592 1977 2616 ,
2004 2565 2091 2605 ra-

501 2648 676 2704 .tinuis
705 2647 907 2702 viribus
934 2647 1257 2702 deteramus.
1313 2646 1368 2700 Si
1412 2661 1541 2714 ergo
1565 2644 1764 2699 dixeris
1787 2685 1807 2710 ,
1831 2643 2086 2712 scriptum

502 2755 632 2794 γεω
671 2740 737 2794 de
775 2738 873 2794 hac
909 2738 1285 2793 commixtione
1308 2779 1326 2803 ,
1368 2737 1508 2807 quod
1552 2737 1677 2790 [iant
1703 2737 1810 2790 duo
1849 2735 1900 2790 in
1928 2751 2090 2791 carne

514 2847 637 2894 una,
666 2842 719 2885 ct
743 2829 1031 2884 secundum
1061 2828 1198 2883 hunc
1220 2827 1456 2892 modum,
1487 2827 1796 2897 Apostolum
1815 2843 1901 2895 per
1930 2843 2089 2880 unum

512 2923 761 2978 hominem
808 2921 1042 2984 dixisse,
1099 2928 1155 2974 ut
1203 2919 1522 2972 adhzrrentia
1575 2917 1675 2972 sibi
1723 2917 2088 2985 generantium

513 3013 752 3068 nitentbra
803 3011 1081 3081 signaret:
1116 3009 1448 3079 respondebo
1495 3007 1595 3063 hoc
1641 3023 1850 3078 quoque
1901 3019 2086 3061 contra

508 3112 748 3156 aestram
794 3101 1114 3170 impietatem
1159 3099 1356 3154 valere.
1407 3098 1523 3153 Non
1564 3099 1705 3153 enim
1740 3097 1937 3155 dictum
1981 3107 2083 3163 est,

511 3195 682 3249 lirunt
709 3194 815 3249 duo
845 3180 1086 3248 homines
1116 3193 1166 3246 in
1191 3208 1295 3246 uno
1326 3192 1576 3257 homine;
1619 3190 1711 3246 sed
1733 3233 1750 3258 ,
1795 3189 1959 3243 Erunt
1986 3191 2086 3245 duo

498 3287 560 3338 -ἕιι
603 3301 754 3339 carne
799 3301 900 3339 uno
925 3299 946 3339 :
972 3300 1079 3356 quo
1116 3283 1368 3339 unitionis
1393 3286 1412 3315 ¹
1439 3284 1657 3338 nomine
1703 3283 1946 3352 voluptas
1992 3282 2078 3336 illa

506 3377 812 3432 coeuntium
833 3417 849 3442 ,
899 3386 953 3431 et
990 3376 1154 3432 libido
1178 3392 1297 3445 qua:
1323 3391 1539 3430 sensum
1571 3375 1809 3428 alliciens
1848 3373 2084 3428 membra

508 3477 842 3533 ciiitsternat,
875 3482 972 3534 ac,
1004 3468 1140 3522 sicut
1188 3467 1277 3522 ille
1323 3465 1558 3536 prudens
1603 3465 1891 3528 intellexit,
1927 3481 2084 3521 unam

496 3574 723 3614 carnem
747 3559 911 3628 gestit
934 3556 1150 3613 efﬁcere
1171 3597 1188 3625 ,
1218 3572 1249 3611 a
1281 3557 1389 3612 Deo
1420 3557 1656 3612 instituta
1681 3565 1737 3611 et
1768 3556 2086 3634 corporibus

505 3660 629 3706 ante
659 3658 930 3721 peccatum
957 3649 1238 3705 doceretur
1263 3649 1284 3680 ³
1312 3649 1530 3703 inserta.

580 3743 715 3799 Anc.
763 3741 820 3796 Si
860 3749 917 3796 ut
955 3733 1136 3796 essein
1163 3740 1270 3796 duo
1312 3741 1364 3794 in
1399 3753 1561 3797 carne
1594 3755 1733 3803 una,
1776 3741 1951 3798 facere
1985 3742 2086 3798 nisi

502 3836 670 3892 libido
697 3850 806 3899 non
826 3843 1005 3905 posset
1030 3831 1223 3906 (quam
1250 3839 1550 3902 susceptam
1578 3841 1722 3887 tuam
1753 3834 1908 3889 talem
1935 3849 2088 3904 pror-

505 3944 620 3994 sus,
648 3926 820 3998 qualis
840 3940 980 3981 nunc
1005 3934 1108 3979 ate
1128 3937 1185 3978 et
1207 3923 1451 3978 laudatur
1471 3931 1526 3979 et
1544 3935 1898 3994 expugnatur,
1925 3943 2087 3996 quam

507 4017 810 4089 pudendam
839 4015 1109 4071 conlitcris
1131 4024 1186 4069 et
1211 4016 1326 4070 sine
1350 4013 1552 4084 pudore
1573 4015 1650 4070 sic
1673 4015 1850 4086 diligis
1873 4058 1891 4084 ,
1921 4017 2092 4078 audes,

507 4113 667 4168 etiam
690 4109 921 4179 paradisi
944 4108 1280 4178 possessione
1300 4107 1486 4163 dotare
1506 4110 1557 4178 );
1587 4108 1730 4161 nullo
1747 4108 1906 4162 modo
1925 4111 2084 4176 etiam

510 4205 563 4258 iu
585 4203 798 4258 Christo
826 4208 881 4256 ct
926 4199 978 4254 in
1003 4199 1248 4255 Ecclesia
1277 4209 1456 4268 posset
1499 4198 1720 4269 intelligi
1745 4240 1761 4265 ,
1788 4198 1956 4254 Erunt
1983 4200 2086 4256 duo

504 4311 560 4349 tu
583 4308 736 4348 carne
763 4308 886 4347 una.
917 4289 1101 4360 Neque
1119 4289 1260 4344 enim
1293 4297 1400 4344 tam
1427 4289 1582 4360 longe
1605 4290 1874 4345 exorbitas
1899 4306 1929 4344 a
1956 4293 2087 4346 veri-

500 4385 630 4442 tatis
654 4384 736 4440 via
762 4423 778 4450 ,
819 4391 880 4438 ut
902 4381 1062 4437 etiam
1105 4379 1466 4449 coujuuctioni
1496 4379 1693 4435 Christi
1731 4391 1785 4436 et
1806 4380 2081 4446 Ecclesize,

506 4480 645 4534 hanc
668 4475 867 4532 audeas
892 4474 1180 4545 importare
1211 4471 1232 4503 ³
1259 4472 1550 4527 libidinem.
1583 4471 1768 4538 Porro,
1798 4473 1839 4527 si
1863 4487 2085 4543 possunt

505 4571 623 4623 sine
661 4567 760 4623 ista
788 4581 908 4623 esse
927 4566 1034 4620 duo
1068 4563 1120 4620 in
1146 4579 1306 4618 carne
1329 4578 1433 4618 una
1458 4562 1703 4618 Christus
1722 4573 1776 4618 et
1803 4564 2038 4620 Ecclesia
2065 4583 2080 4630 ;

505 4666 800 4728 potuerunt
825 4657 984 4710 etiam
1016 4655 1100 4710 vir
1127 4663 1182 4709 et
1212 4671 1365 4717 uxor.
1406 4655 1447 4714 si
1471 4670 1626 4709 nemo
1652 4668 1942 4725 peccasset,
1974 4674 2080 4712 nun

507 4747 757 4818 pudenda
787 4747 1002 4802 libidine
1025 4788 1040 4812 ,
1077 4747 1144 4801 dc
1173 4762 1273 4817 qua
1303 4747 1572 4802 erubescit
1604 4757 1656 4801 et
1685 4747 1773 4815 qui
1803 4764 1921 4803 eam
1968 4750 2080 4804 lau-

501 4839 639 4896 dare
683 4855 788 4894 non
829 4839 1128 4902 erubescit,
1175 4837 1269 4892 sed
1300 4839 1490 4893 merito
1533 4839 1793 4895 laudanda
1821 4842 2081 4900 charitate

510 4931 760 5002 conjungi
788 4931 832 4997 ⁸,
854 4939 907 4986 ct
933 4931 1159 4985 liliorum
1189 4932 1637 5001 procreandorum
1657 4949 1818 4990 causa
1835 4951 1952 4990 esse
1977 4937 2083 4990 duo

502 5025 561 5077 in
587 5038 746 5078 carne
778 5037 902 5076 ttna.
954 5020 1104 5077 Unde
1131 5021 1386 5076 Dominus
1408 5037 1528 5076 cum
1567 5023 1726 5091 dicit,
1773 5023 1937 5096 Igitur
1968 5029 2082 5097 jam

507 5130 608 5168 non
635 5121 753 5169 sunt
779 5111 879 5166 duo
903 5151 919 5178 ,
971 5111 1060 5164 sed
1101 5127 1203 5165 una
1240 5129 1394 5176 caro;
1433 5128 1538 5167 non
1569 5114 1748 5184 utique
1777 5116 1936 5184 dicit,
1965 5119 2082 5176 Non

499 5212 630 5260 sunt
667 5203 786 5258 dua:
810 5242 826 5268 ,
871 5201 964 5257 sed
1010 5217 1113 5255 una
1141 5217 1284 5256 caro.
1328 5203 1463 5270 Quid
1493 5220 1619 5274 ergo
1654 5223 1758 5260 non
1799 5219 1922 5264 sunt
1957 5211 2080 5277 duo,

505 5296 608 5350 nisi
637 5296 658 5327 ‘
685 5294 976 5373 homipes?
1018 5294 1156 5348 sicut
1181 5293 1426 5350 Christus
1453 5308 1508 5351 et
1533 5297 1767 5353 Ecclesia
1793 5303 1947 5357 simul
1975 5321 2080 5361 non

506 5389 615 5443 duo
657 5387 890 5454 Christi,
935 5386 1030 5441 sed
1073 5402 1208 5442 unus
1242 5397 1325 5442 est
1353 5387 1596 5444 Christus
1626 5408 1639 5445 :
1673 5392 1810 5458 unde
1845 5403 1901 5451 et
1929 5399 2083 5454 nobis

566 5541 584 5605 ξ
622 5540 758 5602 vign.
785 5546 836 5605 et
858 5538 1088 5605 sternuit,
1121 5545 1293 5589 rerum
1314 5537 1421 5589 Iure
1442 5537 1588 5590 missa
1605 5541 1854 5605 fudimus.
1920 5554 1975 5598 Μ.

564 5602 585 5631 ²
621 5599 847 5661 Meum-1L,
872 5599 1071 5650 reticuit.
1138 5606 1194 5650 Il.

567 5663 588 5692 ³
619 5664 691 5709 sic
713 5668 817 5710 Mss.
842 5662 976 5718 l-Zditi,
1003 5663 1218 5712 docetur.

566 5723 588 5750 ⁸
619 5724 690 5770 sic
710 5729 815 5770 uss.
840 5723 959 5772 aditi
981 5734 1160 5778 autem,
1185 5724 1442 5782 imputare.

551 5782 589 5847 ’ξ
623 5789 679 5847 tu
696 5791 773 5847 Ms.
801 5791 944 5840 l’ort.,
969 5785 1194 5847 conjugii.

563 5843 757 5904 (aditi,
779 5857 870 5894 non
893 5845 1001 5897 nisi.
1025 5843 1183 5908 Abest,
1221 5860 1332 5909 non,
1355 5860 1382 5897 a
1408 5856 1509 5898 .vtss.

1193 419 1438 477 OPERIS
1479 413 1885 473 IMPERFECTI
1925 408 2193 466 CONTRA
2235 407 2597 474 JULIANUM,
2637 409 2695 464 S.
2739 407 3105 466 AUCUSTlNl

3655 416 3792 472 1108

2214 521 2410 575 dictmn
2445 531 2564 586 est,
2616 521 2754 592 Ergo
2787 522 3003 575 Abrahw
3031 540 3195 576 semen
3236 525 3393 589 estis;
3444 540 3566 580 cum
3595 525 3663 581 de
3707 517 3796 584 illo

2210 620 2408 674 dictum
2438 620 2506 674 sit
2535 619 2800 674 Abraham
2820 661 2834 684 ,
2867 618 2933 673 Et
2954 620 3131 674 semini
3158 631 3242 673 tuo
3261 661 3274 686 ,
3306 621 3442 689 quod
3468 631 3539 675 est
3565 619 3796 678 Christus

2211 711 2405 780 (Colat.
2439 727 2523 777 ιιι,
2555 709 2658 777 29,
2687 710 2799 782 lli).
3549 791 3553 794 .

2281 803 2393 858 LX.
2441 805 2561 861 JUL.
2607 808 2686 860 Ae
2736 822 2829 876 per
2865 805 2965 863 hoc
3002 806 3134 861 nihil
3174 809 3271 862 sibi
3310 807 3392 862 vel
3433 808 3500 862 de
3535 810 3794 878 jucundi-

2211 904 2317 950 tite
2359 898 2516 967 ejus,
2563 898 2645 952 vcl
2697 897 2766 952 de
2809 899 3125 954 verecundia
3173 909 3341 969 potest
3385 901 3632 956 diabolus
3673 904 3795 956 vin~

2207 989 2403 1043 dicare.

2277 1081 2412 1135 AUC.
2444 1079 2581 1148 Quid
2611 1089 2694 1136 est
2720 1081 2860 1152 quod
2888 1081 3021 1136 dicis
3044 1124 3060 1147 ,
3100 1102 3119 1134 ι
3154 1082 3220 1137 tle
3254 1085 3618 1139 verecundia?
3653 1107 3670 1139 ι
3709 1075 3788 1144 Att

2206 1171 2572 1227 confusionem
2594 1173 2869 1228 nominare
2893 1173 3276 1230 confunderis?
3309 1178 3370 1229 lit
3396 1185 3574 1231 tamen
3601 1179 3793 1246 puden-

2205 1264 2327 1317 dum
2357 1264 2628 1320 libidinem
2651 1307 2665 1330 ,
2702 1277 2758 1320 et
2784 1276 2908 1322 ante
2946 1280 3218 1337 peccatum
3262 1270 3430 1325 fuisse
3458 1271 3598 1326 dicis
3631 1274 3680 1326 iu
3714 1274 3792 1329 eis

2204 1355 2271 1409 de
2298 1356 2488 1425 quibus
2507 1357 2633 1412 dicit
2656 1357 2927 1428 Scriptura
2944 1400 2960 1427 ,
2995 1359 3142 1414 Nudi
3168 1373 3341 1428 erant,
3367 1374 3413 1416 et
3436 1382 3538 1418 non
3569 1371 3791 1437 cwtfun-

2203 1448 2450 1503 debuutur
2474 1448 2624 1522 (Gen.
2658 1467 2712 1516 ιι,
2741 1451 2860 1524 23).

2275 1540 2406 1595 LXI.
2434 1542 2554 1598 ιω..
2593 1543 2968 1599 Verumtamen
2997 1545 3083 1601 hic
3121 1548 3408 1616 Apostolus
3437 1549 3484 1602 si
3526 1549 3653 1619 quid
3688 1553 3790 1608 tale

2202 1632 2482 1701 sensisset,
2509 1650 2603 1704 per
2627 1651 2784 1690 unam
2805 1652 3044 1702 carnem,
3078 1654 3182 1693 non
3208 1656 3301 1710 per
3322 1656 3486 1696 unum
3515 1641 3792 1699 homiumn

2204 1735 2474 1790 peccatum
2510 1727 2736 1782 intrasse
2779 1727 3023 1784 dixisset.
3074 1729 3176 1784 Per
3216 1733 3622 1802 generationem
3667 1752 3791 1790 vero

2200 1815 2493 1872 substantia
2544 1821 2722 1874 carnis
2767 1821 2938 1875 soboli
2988 1823 3098 1875 Sola
3149 1825 3422 1894 participat
3459 1845 3472 1878 :
3505 1828 3629 1896 quia
3684 1844 3788 1882 non

2199 1909 2373 1962 anima
2396 1909 2464 1964 de
2489 1910 2665 1966 anima
2689 1954 2707 1977 ,
2734 1913 2829 1968 sed
2861 1929 2987 1968 caro
3011 1913 3078 1969 de
3099 1931 3261 1970 carne
3297 1917 3527 1971 trahitur
3560 1936 3572 1971 :
3607 1920 3660 1972 in
3692 1937 3786 1974 no-

2200 2014 2342 2054 mine
2370 2009 2549 2055 autem
2571 2001 2803 2057 hominis
2825 2044 2843 2067 ,
2871 2015 2925 2059 et
2949 2004 3162 2060 animus
3191 2007 3406 2075 proprie
3437 1994 3787 2066 indicatnr'et

2199 2103 2392 2160 corpus
2423 2107 2437 2146 :
2467 2106 2529 2146 ac
2551 2106 2645 2161 per
2657 2093 2774 2176 hoc
2800 2094 3085 2164 Apostolus
3109 2112 3270 2150 unum
3306 2097 3584 2152 hominem
3612 2102 3786 2154 nomi—

2199 2179 2409 2245 nando,
2443 2196 2541 2236 nec
2585 2183 2854 2253 negotium
2885 2184 3223 2240 fecunditatis
3265 2189 3546 2256 ostendit,
3589 2189 3641 2244 in
3684 2208 3788 2261 quo

2199 2271 2328 2324 nihil
2371 2283 2565 2341 praeter
2610 2274 2961 2328 substantiam
3004 2277 3182 2330 carnis
3225 2278 3484 2348 impertiri
3528 2291 3786 2346 noverat;

2198 2377 2298 2415 nec
2335 2361 2471 2418 duos
2514 2364 2738 2436 intelligi
2785 2367 2986 2432 voluit,
3025 2369 3116 2438 qui
3159 2384 3326 2423 unum
3363 2369 3687 2437 inculcavit,
3733 2384 3787 2428 ιιι

2195 2453 2412 2510 duceret
2459 2456 2754 2514 imitatione
2798 2460 3053 2515 transisse
3075 2502 3090 2526 ,
3142 2477 3249 2516 non
3275 2465 3628 2534 generatione
3659 2481 3784 2536 pec-

2194 2554 2389 2599 catum.

2263 2639 2398 2692 Acc.
2425 2637 2558 2704 Quid
2576 2647 2658 2694 est
2681 2655 2830 2711 ergo,
2852 2639 2974 2696 Jam
2988 2659 3088 2697 non
3105 2655 3221 2698 sunt
3245 2644 3367 2712 duo,
3397 2647 3488 2701 sed
3511 2665 3613 2701 uua
3635 2665 3753 2704 rara
3766 2642 3792 2714 ;’

2195 2729 2292 2783 nisi
2319 2772 2334 2796 ,
2365 2729 2479 2784 Non
2510 2741 2632 2785 sunt
2653 2731 2757 2787 duo
2779 2733 3052 2800 homines,
3096 2745 3313 2806 pmpter
3339 2754 3502 2793 unam
3530 2744 3786 2796 carnem?

2191 2820 2322 2875 Cum
2363 2832 2417 2876 et
2458 2824 2567 2892 ipsa
2603 2839 2728 2878 caro
2755 2837 2933 2894 posset
2959 2826 3062 2880 dici
3092 2827 3284 2893 homo,
3323 2846 3354 2884 a
3387 2841 3535 2900 parte
3573 2843 3784 2889 totum:

2192 2912 2364 2978 sicut,
2426 2911 2641 2967 Verbum
2686 2932 2805 2969 caro
2848 2917 3038 2986 {actum
3081 2929 3153 2972 est
3195 2918 3371 2990 (Joan.
3403 2937 3456 2987 ι,
3489 2924 3612 2996 14);
3661 2927 3785 2994 quia

2194 3003 2352 3056 homo
2375 3001 2543 3058 ﬂictus
2567 3015 2647 3058 est
2670 3047 2686 3069 ,
2712 3006 2782 3062 de
2803 3023 2912 3077 quo
2937 3009 3132 3063 dictum
3158 3023 3260 3065 est.
3302 3015 3592 3082 Apostolus
3620 3018 3788 3070 etiam

2191 3095 2328 3166 quod
2353 3097 2426 3150 ait
2443 3139 2456 3160 ,
2491 3095 2726 3153 Exterior
2750 3100 2898 3153 homo
2923 3104 3258 3173 corrumpitur
3285 3104 3361 3177 (ιι
3380 3105 3496 3160 Cor.
3533 3125 3583 3162 tv
3605 3151 3620 3173 ,
3657 3110 3786 3179 16);

2193 3198 2321 3256 puto
2348 3188 2486 3258 quod
2513 3205 2725 3243 carnem
2759 3191 2973 3262 intelligi
3004 3193 3185 3247 voluit.
3220 3195 3444 3265 Propter
3468 3199 3610 3267 quod
3640 3211 3788 3255 recte

2192 3277 2477 3347 loquimur,
2510 3295 2629 3333 cum
2661 3279 2917 3347 dicimus,
2951 3282 3192 3337 lloiiiinis
3220 3288 3562 3354 sepulcrum;
3591 3307 3783 3359 quam-

2190 3369 2270 3423 vis
2298 3385 2424 3423 caro
2466 3371 2535 3425 ibi
2580 3373 2692 3427 sola
2741 3375 2944 3443 sepulta
2990 3375 3078 3429 sit.
3124 3376 3233 3432 Nec
3255 3381 3455 3435 erravit
3479 3398 3600 3452 qua:
3629 3383 3785 3451 dixit,

2194 3457 2436 3514 Tuleruut
2487 3459 2761 3516 Dominum
2805 3481 2970 3518 meum
3008 3465 3071 3520 de
3118 3482 3437 3525 monumento
3475 3471 3656 3540 (Joan.
3691 3493 3784 3536 xx,

2191 3552 2346 3622 13));
2390 3554 2632 3622 quamvis
2669 3555 2784 3609 sola
2824 3572 2949 3611 caro
2996 3558 3063 3612 ibi
3097 3561 3274 3628 posita
3305 3560 3483 3618 fuerit.
3536 3565 3786 3621 Manente

2189 3657 2318 3712 ergo
2346 3642 2414 3698 de
2449 3642 2628 3697 animo
2661 3645 3036 3702 obscurissima
3077 3651 3406 3719 quastione,
3438 3655 3611 3724 poniit
3656 3659 3784 3723 dici,

2196 3732 2296 3788 Per
2333 3751 2490 3788 unum
2536 3735 2787 3790 hominem
2839 3750 3099 3808 peccatum
3145 3741 3347 3796 intrarit
3395 3746 3449 3799 in
3499 3741 3785 3815 mundum,-

2189 3824 2399 3879 etiamsi
2424 3824 2488 3878 ad
2519 3827 2861 3897 propaginem
2891 3831 3002 3884 sola
3032 3847 3157 3885 caro
3189 3834 3474 3902 pertineat.
3524 3838 3652 3894 "me
3689 3842 3787 3895 ita-

2189 3931 2295 3987 que
2315 3916 2546 3982 attende,
2575 3925 2628 3971 et
2650 3932 2807 3987 quam
2834 3919 2967 3976 nihil
2995 3922 3190 3978 dixeris
3213 3924 3351 3980 vide.

2261 4010 2418 4069 LXII.
2445 4013 2563 4069 JcL.
2593 4013 2690 4071 Hic
2715 4015 2846 4085 jam,
2878 4016 3002 4072 licet
3022 4020 3191 4089 egerit
3215 4031 3391 4090 partes
3407 4038 3533 4078 suas
3558 4028 3786 4093 veritas,

2190 4111 2365 4159 tamen
2394 4116 2450 4159 ut
2475 4107 2541 4159 sit
2565 4106 2796 4162 intentus
2821 4108 3017 4176 lector,
3041 4111 3304 4168 admoneo
3354 4113 3650 4172 Plurimum
3683 4119 3786 4190 igi-

2191 4205 2277 4250 tur
2305 4196 2355 4251 in
2381 4197 2482 4252 hoc
2509 4197 2758 4253 conﬂictu
2779 4199 2845 4255 de
2866 4217 2986 4256 meo
3010 4201 3131 4272 jure
3159 4202 3381 4274 deposui
3406 4246 3424 4274 ,
3455 4221 3788 4281 secutusque

2189 4303 2296 4358 quo
2335 4289 2624 4345 adversarii
2674 4293 2944 4348 temeritas
2989 4307 3404 4366 provocaverat,
3456 4300 3591 4356 adeo
3633 4319 3788 4360 same

2190 4383 2311 4439 ﬁdei
2339 4383 2469 4439 scita
2497 4383 2730 4451 delendi,
2754 4395 2811 4441 ut
2835 4387 3040 4442 etiamsi
3072 4389 3304 4460 Magistri
3334 4391 3584 4449 Gentium
3616 4398 3787 4453 verba

2188 4485 2387 4540 essent,
2411 4475 2600 4546 quibus
2621 4477 2766 4532 illum
2791 4494 2941 4534 usum
2963 4478 3326 4538 Tradueianus
3348 4488 3584 4553 putavit;
3612 4487 3789 4560 lique-

2187 4577 2270 4622 ret
2299 4576 2475 4622 tamen
2515 4584 2635 4622 eum
2681 4568 2814 4623 nihil
2850 4568 2918 4625 de
2969 4573 3196 4627 naturali
3246 4576 3484 4632 sensisse
3534 4590 3784 4648 peccatu,

2188 4658 2277 4728 qui
2309 4657 2635 4713 nominando
2673 4658 2942 4715 hominem
2962 4701 2976 4727 ,
3005 4661 3098 4716 sed
3130 4679 3315 4730 unum,
3345 4682 3450 4720 non
3478 4668 3662 4740 utique
3690 4688 3787 4741 ge-

2188 4749 2515 4804 nerationem
2543 4749 2781 4805 criminis
2801 4790 2816 4817 ,
2843 4750 2937 4806 sed
2967 4754 3216 4824 exempla
3245 4756 3534 4825 culpasset.

2259 4842 2392 4899 Auc.
2423 4843 2737 4914 Exemplum
2768 4845 2997 4914 dedisti,
3043 4848 3136 4903 sed
3171 4850 3424 4906 vanitatis
3454 4852 3578 4908 inte
3614 4855 3738 4925 ipso
3770 4874 3784 4909 :

2187 4934 2308 5005 quia
2338 4935 2384 4990 si
2415 4935 2715 5006 exemplum
2744 4938 2946 5008 peccati
2980 4955 3010 4993 a
3038 4941 3210 5010 primo
3241 4954 3520 5012 peccatore
3557 4945 3786 5003 homine

2189 5029 2473 5099 Apostolus
2515 5040 2773 5099 poneret,
2819 5029 2872 5087 id
2909 5041 3028 5100 est,
3076 5032 3278 5101 Adam;
3323 5036 3560 5106 profecto
3586 5055 3786 5095 exem-

2191 5120 2332 5189 plum
2368 5119 2586 5190 justitim
2611 5135 2640 5175 ει
2665 5121 2838 5192 primo
2864 5121 3080 5179 homine
3115 5125 3260 5195 justo
3296 5139 3518 5198 poneret
3539 5171 3554 5194 ,
3588 5129 3644 5185 id
3675 5142 3784 5197 est,

2188 5209 2342 5264 Abel.

2261 5299 2441 5356 LXIII.
2469 5300 2590 5357 Jun.
2614 5300 2832 5360 ConSIat
2859 5315 3038 5360 autem
3071 5323 3175 5363 non
3205 5324 3326 5365 esse
3355 5314 3782 5381 apostolicorum

2190 5392 2476 5451 verborum
2501 5410 2620 5450 cum
2648 5398 2890 5453 ordinem
2915 5439 2930 5464 ,
2958 5415 3116 5470 quem
3149 5402 3398 5459 inimicus
3419 5417 3598 5460 noster
3620 5419 3786 5478 puta—

2191 5487 2285 5540 vit.
2326 5485 2737 5558 Argumeutalur
2759 5491 2952 5562 quippe
2981 5492 3080 5546 hoc
3106 5495 3266 5548 modo
3298 5514 3310 5550 :
3347 5514 3365 5547 (
3405 5497 3460 5550 Si
3488 5499 3784 5566 Apostolus

2191 5580 2542 5636 imitationem
2567 5623 2581 5647 ,
2615 5602 2632 5634 ι
2668 5582 2866 5653 inquit,
2904 5603 2922 5635 ι
2960 5585 3214 5641 voluisset
3248 5587 3503 5660 intelligi,
3545 5605 3654 5644 non
3692 5610 3786 5660 per

2193 5688 2350 5726 unum
2378 5673 2662 5740 hominem,
2693 5677 2784 5729 sed
2815 5691 2907 5744 per
2926 5676 3195 5732 diabolum
3224 5689 3498 5748 peccatum
3522 5682 3780 5749 intrasse,

2194 5773 2248 5818 et
2282 5779 2378 5834 per
2400 5779 2589 5819 omnes
2617 5765 2857 5821 homines
2887 5769 3237 5836 pertransisse
3261 5771 3499 5827 dixisset.
3543 5773 3620 5827 De
3659 5774 3794 5828 dia-

2195 5853 2316 5908 bolo
2335 5853 2527 5925 quippe
2556 5857 2808 5925 scriptum
2839 5867 2916 5912 est
2937 5900 2952 5927 ,
2986 5857 3263 5915 Imitantur
3289 5879 3402 5918 eum
3421 5903 3436 5932 ,
3461 5865 3544 5934 qui
3569 5875 3691 5917 sunt
3723 5880 3786 5921 es
