3996 6480
493 387 624 446 “7|

563 498 794 556 LXVIII.
833 496 949 552 Jun.
991 495 1132 549 Mors
1173 503 1349 549 autem
1384 492 1652 563 judicialis
1682 491 1889 545 transiit
1928 489 1981 544 in
2006 503 2073 543 eo

491 609 598 664 quo
625 596 642 626 ⁸
673 597 1024 663 peccaverunt
1051 601 1268 650 omnes,
1301 585 1393 638 sed
1426 585 1588 638 libera
1621 582 1891 636 voluntate
1920 598 1934 635 :
1964 594 2072 649 quo

492 685 655 739 verbo
675 723 691 745 .
720 682 768 736 id
791 690 898 746 est,
922 695 1093 733 omnes
1117 718 1130 740 ,
1159 677 1548 746 Scripturarum
1578 689 1727 729 more
1753 670 2034 726 multitudo
2051 709 2068 735 ,

491 792 597 831 non
629 774 944 830 universitas
975 770 1256 825 indicatur.

560 869 696 922 Αυιι.
727 865 940 919 Frustra
969 869 1112 918 recta
1139 861 1295 915 verba
1323 851 1607 930 torquere,
1635 866 1690 915 et
1713 857 1853 914 clara
1875 857 2067 912 obscu-

489 972 612 1013 rare
636 955 948 1012 conarian
976 969 1042 1010 eo
1080 961 1435 1022 peccaverunt
1457 965 1675 1016 omnes,
1714 949 1766 1002 in
1803 963 1908 1018 quo
1949 961 2068 1000 mo—

490 1051 700 1106 riuntur
741 1061 926 1104 omnes
965 1047 1125 1115 :ipse
1167 1052 1249 1100 est
1278 1041 1484 1108 Adam,
1531 1041 1583 1096 in
1627 1055 1733 1111 quo
1777 1039 1821 1094 si
1865 1037 2068 1108 parvuli

489 1156 597 1196 non
629 1140 928 1195 moriuntur
950 1179 964 1204 ,
999 1137 1235 1207 profecto
1272 1150 1372 1190 nec
1399 1135 1451 1188 in
1487 1132 1699 1189 Christo
1728 1130 2068 1185 viviﬁcabun-

489 1244 577 1289 tur
605 1252 620 1290 :
649 1234 742 1288 sed
763 1232 1012 1303 quoniam
1045 1232 1172 1284 sicut
1193 1231 1246 1283 in
1269 1229 1431 1283 Adam
1452 1245 1622 1281 omnes
1644 1225 1955 1288 moriuntur.
1997 1225 2069 1279 ita

486 1335 535 1380 et
569 1327 624 1380 in
667 1324 868 1382 Christo
904 1340 1075 1379 omnes
1112 1322 1494 1391 viviﬁcabuntur
1521 1319 1540 1394 (
1567 1320 1584 1374 I
1612 1318 1728 1376 Cor.
1768 1335 1835 1374 xv
1859 1360 1874 1384 ,
1905 1317 1968 1372 2|
1997 1319 2015 1389 )
2047 1335 2063 1385 ;

487 1416 609 1472 ideo
648 1416 737 1487 qui
775 1415 958 1470 volunt
982 1414 1094 1468 hazc
1125 1413 1284 1468 verba
1318 1421 1655 1484 pervertere,
1698 1410 1796 1481 ipsi
1831 1411 1911 1466 eis
1950 1425 2066 1464 nta-

486 1507 733 1564 neutibus
762 1515 1091 1563 evertuntur.

557 1597 744 1653 LXIX.
784 1598 902 1654 ιω..
944 1597 1048 1652 Sed
1076 1596 1188 1668 jam
1216 1609 1496 1666 pergamus
1523 1593 1590 1649 ad
1627 1593 1829 1665 reliqua
1853 1636 1866 1658 ,
1894 1603 1954 1648 ut
1980 1594 2066 1649 cui

485 1687 722 1759 dogmati
773 1689 1056 1758 Apostolus
1099 1687 1386 1753 conciliat,
1424 1685 1562 1740 sicut
1599 1701 1664 1741 ex
1710 1684 1873 1738 multa
1917 1695 2067 1754 parte

486 1781 697 1848 claruit,
726 1781 1064 1851 processibus
1084 1780 1105 1812 ’
1129 1778 1266 1834 sacri
1293 1777 1554 1832 sermonis
1581 1775 1842 1830 ostendat.
1871 1792 1891 1827 ι
1928 1774 2066 1844 Quid

481 1880 659 1926 autem
688 1870 832 1926 aliud
872 1870 1104 1925 indicant.
1144 1869 1302 1924 etiam
1351 1868 1624 1937 sequentia
1663 1866 1821 1921 verba
1851 1877 2066 1937 aposto-

482 1962 579 2017 lica
605 1961 779 2017 ?Cum
808 1962 947 2015 enim
976 1959 1079 2015 hoc
1104 1958 1356 2024 dixisset,
1390 1957 1628 2027 adjunxit
1651 1998 1666 2023 ,
1699 1956 1868 2027 Usque
1897 1957 1964 2010 ad
1991 1957 2065 2011 le-

479 2069 592 2126 gem
616 2063 874 2124 peccatum
893 2053 946 2107 in
965 2052 1152 2106 mundo
1180 2054 1275 2123 fuit
1304 2071 1322 2104 ι
1357 2051 1546 2122 (Rom.
1569 2067 1622 2118 ν,
1654 2051 1757 2120 I3)
1788 2069 1801 2104 :
1840 2070 1858 2102 t
1884 2049 1934 2105 id
1958 2059 2059 2118 est,

478 2145 600 2218 quia
630 2161 729 2202 nec
754 2144 840 2202 lex
867 2146 1037 2217 potuit
1061 2144 1271 2199 auferre
1301 2153 1600 2214 peccatum.
1648 2141 1922 2198 Peccatum
1963 2159 2062 2195 aa-

478 2248 576 2291 tent
601 2253 702 2293 non
735 2235 1070 2309 deputabatur
1095 2277 1112 2302 ,
1155 2253 1269 2291 cum
1289 2237 1372 2290 lea:
1412 2253 1510 2290 non
1549 2247 1693 2289 esset.
1737 2236 1863 2289 Erat
1897 2250 2057 2305 ergo,

475 2328 570 2384 sed
614 2344 722 2384 non
760 2327 1150 2398 deputabatur,
1187 2328 1308 2398 quia
1352 2343 1456 2380 non
1496 2325 1882 2381 ostendebatur
1917 2327 2056 2396 quod

476 2420 825 2491 deputaretur
852 2437 867 2473 :
899 2420 1035 2475 sicut
1063 2420 1204 2474 enim
1229 2417 1354 2472 alibi
1379 2417 1508 2472 dicit
1525 2459 1540 2484 ,
1573 2417 1676 2473 Per
1703 2418 1860 2488 legem
1887 2419 2060 2490 cogni-

474 2511 544 2565 tio
564 2512 753 2582 peccati
781 2529 800 2562 ν
831 2507 947 2578 (Id.
978 2525 1054 2575 ιιι,
1082 2506 1208 2579 20).
1237 2525 1256 2559 ι
1286 2505 1392 2563 Sed
1411 2507 1654 2578 regnavit,
1693 2507 1889 2578 inquit.
1923 2525 2058 2564 mors

472 2601 538 2655 ab
564 2599 729 2654 Adam
750 2616 907 2672 usque
924 2600 992 2654 ad
1015 2598 1223 2670 Moysen
1247 2616 1268 2664 ;
1309 2599 1410 2654 hoc
1433 2607 1516 2654 est
1541 2597 1680 2668 quod
1719 2614 1876 2668 supra
1903 2600 2056 2656 dixe-

473 2700 594 2760 rat,
621 2708 778 2760 usque
797 2690 866 2745 ad
895 2691 1053 2763 legem
1076 2706 1097 2744 :
1123 2707 1228 2745 non
1255 2705 1422 2760 usque
1455 2687 1522 2744 ad
1547 2689 1759 2762 Moysen
1785 2730 1798 2752 ,
1829 2697 1886 2744 ttt
1907 2689 2060 2744 dein-

471 2799 597 2854 ceps
623 2799 727 2841 non
757 2795 898 2840 esset
925 2796 1197 2854 peccatum
1227 2801 1242 2849 ;
1271 2783 1362 2838 sed
1388 2783 1510 2852 quia
1552 2797 1650 2837 nec
1677 2782 1758 2837 lex
1787 2797 1882 2852 per
1905 2782 2052 2854 Moy-

473 2891 569 2931 sen
599 2877 720 2931 data
750 2891 970 2946 regnum
1002 2876 1168 2943 potuit
1195 2873 1380 2928 mortis
1402 2873 1610 2928 auferre
1633 2913 1648 2939 ,
1690 2887 1808 2943 qua:
1837 2889 1943 2927 non
1970 2889 2057 2928 re-

469 2977 598 3038 gnat
640 2969 822 3038 utique
860 2968 961 3023 nisi
1002 2983 1097 3037 per
1131 2974 1427 3036 peccatum.
1459 2965 1700 3037 Regnum
1743 2981 1901 3036 porro
1938 2966 2055 3036 ejus

469 3071 581 3125 est,
612 3071 671 3116 ut
697 3061 964 3116 hominem
995 3061 1268 3115 mortalem
1300 3061 1355 3116 itt
1381 3059 1665 3115 secundam
1708 3061 1898 3120 etiam,
1936 3075 2055 3129 qua:

470 3153 789 3224 sempiterna
831 3163 913 3207 est
937 3193 953 3217 ,
987 3153 1278 3222 pnecipitet
1309 3159 1553 3206 mortem.
1588 3149 1828 3221 Regnavit
1865 3160 2050 3205 autent.

469 3247 525 3302 In
555 3248 745 3318 quibus
769 3246 793 3301 ?
819 3246 990 3300 Etiam
1017 3247 1067 3299 in
1094 3245 1192 3312 his,
1224 3243 1414 3314 inquit,
1453 3245 1540 3314 qui
1567 3259 1668 3297 non
1695 3255 2049 3314 peccaverunt,

466 3343 521 3393 in
565 3319 941 3394 similitudinem
983 3335 1408 3407 prwvaricationis
1445 3334 1600 3397 Adtc,
1653 3335 1740 3404 qui
1781 3346 1851 3389 est
1889 3334 2054 3401 forma

467 3431 626 3498 futuri
651 3447 670 3480 ι
695 3427 809 3497 (Id.
833 3444 886 3493 v,
911 3423 1022 3500 li).
1052 3445 1071 3480 t
1095 3426 1256 3497 Cujus
1275 3427 1454 3492 futuri,
1478 3425 1577 3479 nisi
1596 3424 1826 3480 Christi?
1851 3435 1904 3479 et
1924 3441 2053 3496 qua-

467 3524 532 3577 lis
561 3523 727 3577 forma
750 3561 768 3588 ,
797 3522 894 3576 nisi
933 3536 963 3575 a
991 3519 1258 3576 contrario
1283 3520 1308 3573 ιν
1345 3518 1494 3587 Quod
1543 3518 1664 3573 alibi
1696 3519 1854 3573 etiam
1882 3519 2009 3573 dicit
2035 3536 2049 3572 :

468 3615 618 3669 Sicut
641 3615 692 3666 in
720 3611 885 3667 Adam
918 3629 1089 3666 omnes
1113 3611 1396 3665 moriuntur
1418 3652 1434 3676 ,
1462 3611 1534 3663 ita
1561 3610 1614 3663 in
1649 3608 1847 3664 Christo
1881 3626 2052 3663 omnes

467 3707 849 3776 viviﬁcabuntur
872 3725 891 3759 ι
919 3706 938 3776 (
953 3703 973 3759 l
993 3704 1110 3776 Cor.
1134 3720 1224 3764 xv,
1247 3701 1361 3773 22).
1396 3719 1414 3753 t
1439 3701 1583 3758 Sicut
1617 3701 1668 3756 in
1693 3700 1784 3756 illo
1808 3700 1956 3768 illud,
1983 3703 2052 3756 ita

469 3799 522 3852 ιιι
570 3798 673 3853 isto
715 3797 852 3852 istud
889 3814 903 3850 :
945 3796 1055 3868 ipsa
1097 3803 1182 3850 est
1225 3795 1414 3850 forma.
1460 3792 1564 3850 Sed
1594 3793 1706 3848 lucc
1735 3793 1900 3848 forma
1943 3811 2050 3849 non

464 3891 610 3945 omni
633 3903 699 3946 ex
740 3897 888 3959 parte
915 3887 1204 3943 conformis
1227 3896 1309 3942 est
1337 3901 1351 3938 :
1384 3885 1523 3940 unde
1544 3885 1629 3939 ltic
1655 3886 1937 3954 Apostolus
1963 3899 2052 3939 se-

463 3990 618 4036 cutus
643 3979 914 4048 adjunxit,
943 3978 1049 4035 Sed
1073 3995 1174 4032 non
1210 3979 1338 4032 sicut
1367 3976 1601 4031 delictum
1625 4019 1641 4044 ,
1664 3977 1734 4031 ita
1754 3989 1798 4031 et
1822 3979 2046 4033 donatio.

467 4071 527 4125 Si
550 4072 683 4125 enim
708 4071 768 4123 ob
788 4070 937 4123 unius
956 4069 1191 4123 delictum
1214 4069 1360 4123 multi
1381 4067 1564 4122 mortui
1583 4078 1700 4124 sunt
1725 4109 1738 4133 ,
1761 4071 1920 4124 multo
1942 4087 2052 4124 ma-

464 4165 541 4234 gis
577 4164 741 4233 gratia
773 4163 868 4218 Dei
905 4173 950 4218 et
993 4163 1182 4217 donum
1219 4163 1272 4216 in
1297 4163 1463 4234 gratia
1492 4163 1644 4216 unius
1675 4162 1890 4218 hominis
1925 4163 2050 4218 Jesu

464 4253 650 4308 Christi
682 4256 736 4308 in
762 4255 948 4310 multos
983 4255 1254 4308 abundauit
1297 4254 1488 4326 (Rom.
1516 4270 1568 4317 v,
1602 4252 1722 4326 I5).
1764 4255 1898 4320 Quid
1925 4264 2045 4323 est,

465 4345 807 4418 multomagis
832 4346 1107 4400 abundauit
1134 4345 1160 4399 γ
1183 4345 1313 4414 Quia
1336 4359 1521 4400 omnes
1546 4345 1633 4412 qui
1664 4359 1756 4414 per
1780 4343 2045 4400 Christum

464 4435 792 4502 liberantur,
840 4435 1208 4506 temporaliter
1246 4442 1462 4506 prepter
1500 4435 1667 4490 Adam
1707 4435 2044 4504 moriuntur,

466 4534 680 4596 propter
708 4527 878 4598 ipsum
905 4535 1080 4580 autem
1098 4524 1371 4581 Christum
1393 4525 1508 4579 sine
1528 4525 1630 4580 line
1654 4525 1841 4580 victuri
1869 4519 2041 4580 sunt't

464 4617 586 4688 (De
624 4618 836 4690 Nuptiis
861 4629 907 4674 et
935 4619 1353 4690 Concupiscentia
1376 4660 1390 4684 ,
1429 4617 1514 4672 lib.
1565 4619 1622 4683 Ξ,
1646 4635 1698 4672 tt.
1721 4619 1792 4674 46
1816 4619 1855 4689 ).
1905 4619 2044 4674 Nihil

463 4709 608 4766 aliud
655 4711 1104 4782 consequentibus
1145 4711 1382 4780 Apostoli
1434 4711 1772 4766 sermonibus
1823 4711 2045 4768 indic:th

461 4803 732 4872 professus
756 4818 815 4858 es
843 4818 1000 4874 quam
1021 4803 1273 4874 originale
1293 4811 1566 4873 peceatum
1595 4821 1608 4856 :
1639 4803 1776 4874 quod
1815 4819 1910 4859 nos
1947 4819 2044 4874 ap-

462 4895 803 4966 probavimus
853 4896 972 4965 ipso
1018 4896 1098 4950 sui
1143 4895 1364 4952 exordio
1409 4911 1515 4950 non
1555 4895 1622 4948 ab
1658 4911 1725 4950 eo
1771 4904 2044 4950 ostensum

461 4988 643 5054 fuisse,
663 4988 785 5058 quia
815 5003 910 5058 per
937 5003 1121 5054 unum,
1152 5003 1258 5042 non
1281 5002 1375 5058 per
1398 4987 1553 5056 duos,
1582 4997 1854 5058 peccatum
1879 4995 2044 5042 trans-

461 5080 571 5134 isse
598 5079 915 5149 signaverat.

531 5173 668 5228 Atto.
707 5172 823 5226 iam
851 5186 1164 5242 responsum
1185 5180 1268 5228 est
1287 5212 1303 5237 ,
1333 5180 1386 5226 et
1414 5170 1586 5226 adhuc
1611 5180 1666 5225 tu
1683 5185 1823 5230 cana
1861 5171 2045 5242 loque-

457 5264 569 5318 ris:
596 5278 769 5334 neque
797 5263 980 5319 enim'
1007 5264 1108 5317 hoc
1147 5264 1340 5317 mirum
1382 5272 1462 5318 est
1487 5280 1501 5324 ;
1529 5263 1703 5316 adhuc
1741 5263 1880 5317 enim
1917 5263 2042 5333 qttid

455 5355 821 5424 responderim
864 5355 1035 5411 nescis
1073 5373 1086 5410 :
1134 5365 1257 5410 tunc
1288 5356 1394 5409 cris
1426 5355 1783 5424 impudentior
1820 5356 2038 5425 quando

456 5446 644 5500 scieris
664 5489 680 5512 ,
713 5448 757 5501 si
796 5448 948 5503 vanis
972 5448 1173 5504 relictis
1197 5462 1322 5503 vera
1363 5456 1543 5502 tenere
1570 5447 1825 5502 nolueris.

530 5535 694 5592 LXX.
733 5537 854 5592 JUL.
897 5538 1271 5594 Verumtamen
1299 5545 1475 5592 utrum
1514 5537 1563 5592 id
1597 5538 1738 5610 quod
1766 5540 2039 5609 prmtcrie-

517 5672 532 5737 ξ
570 5671 704 5737 aliti,
724 5671 775 5721 in
797 5685 870 5737 eo,
889 5672 940 5722 in
955 5685 1063 5737 quo.

514 5734 535 5799 ξ
567 5735 644 5799 sic
661 5740 767 5799 ωδε.
791 5735 925 5799 Editi,
947 5732 1010 5785 ea:
1032 5732 1182 5799 multa
1203 5740 1338 5799 parte
1361 5733 1508 5783 claris
1529 5734 1840 5799 processibus.

516 5795 537 5826 ³
568 5795 704 5853 Etliti,
726 5807 878 5858 neque
900 5795 987 5846 hoc
1009 5797 1188 5847 mirum
1204 5795 1292 5856 est,
1325 5795 1686 5859 omisso,'sttint.
1705 5798 1792 5848 sed
1815 5800 1861 5846 iu
1885 5801 2035 5848 omni-

450 5857 544 5906 bus
561 5857 896 5920 mamscriptis
917 5866 1091 5909 exstat.

1162 377 1405 434 OPERIS
1443 373 1850 432 utrenrec'rt
1886 371 2157 427 CONTRA
2199 369 2558 440 JULIANUM,
2599 375 2656 428 s.
2699 377 3062 437 AUGUSTI-NI

3613 396 3756 451 M73

2177 498 2295 582 tat.
2327 491 2414 546 vel
2455 507 2596 547 nunc
2636 494 2875 562 intimet,
2907 498 3308 568 expendendum
3335 514 3433 559 est.
3479 493 3646 582 Usque
3685 512 3758 566 ad

2175 581 2332 651 legem
2355 622 2370 648 ,
2417 583 2604 652 inquit,
2635 596 2889 653 peccatum
2927 590 2978 643 in
3003 593 3208 646 mundo.
3240 593 3318 648 Tu
3343 595 3478 652 dicis
3503 602 3624 669 quia
3651 602 3758 658 hoc

2175 685 2447 750 peccatum
2478 677 2762 745 Apostolus
2788 681 3026 736 naturale
3049 683 3272 738 voluerit
3309 689 3524 759 intelligi
3557 707 3571 743 :
3601 708 3758 762 qure-

2172 778 2236 817 ro
2269 779 2432 834 ergo,
2463 768 2508 821 si
2554 785 2720 838 usque
2762 771 2827 824 ad
2856 772 3026 842 legem
3071 774 3202 839 fuit,
3235 792 3330 831 cur
3367 780 3585 838 desierit
3629 800 3756 841 esse

2172 864 2291 924 post
2325 857 2517 926 legem.
2552 858 2736 930 Neque
2772 863 2912 916 enim
2943 865 3223 935 acquiesco
3244 909 3259 933 ,
3302 879 3356 923 ut
3383 885 3547 940 usque
3573 875 3639 930 ad
3670 876 3755 931 Ie-

2170 959 2321 1016 getn,
2355 961 2520 1018 usque
2563 949 2629 1003 ad
2672 951 2830 1006 linem
2871 954 3020 1023 ejus,
3067 959 3242 1025 potius
3281 975 3437 1030 quam
3476 978 3641 1034 usque
3682 967 3766 1022 ad.

2171 1048 2412 1092 exortum
2458 1040 2764 1111 intelligam.
2797 1045 3000 1102 Mecum
3039 1047 3164 1105 facit
3211 1053 3355 1108 verbi
3403 1057 3748 1125 proprietas:

2169 1130 2310 1200 quod
2336 1131 2464 1186 dicit
2491 1149 2658 1205 usque
2681 1137 2746 1191 ad
2777 1138 2943 1208 legem
2987 1139 3152 1198 fuisse
3176 1186 3193 1210 ,
3224 1148 3452 1202 ostendit
3478 1166 3582 1206 non
3626 1168 3745 1212 esse

2170 1231 2290 1290 post
2330 1222 2497 1292 legem
2531 1241 2546 1292 ;
2587 1235 2642 1281 et
2679 1229 3045 1302 quodcunque
3075 1244 3312 1305 tempore
3352 1239 3581 1296 ablatum
3622 1254 3750 1313 est,

2170 1315 2409 1369 naturale
2447 1332 2549 1371 non
2591 1317 2703 1372 fuit.
2739 1319 2888 1388 Quod
2915 1338 3041 1394 ergo
3080 1326 3291 1398 infregit
3331 1344 3550 1386 censura
3581 1335 3748 1405 legis,

2169 1413 2223 1460 et
2267 1405 2596 1477 infringenda
2635 1427 2700 1466 ex
2730 1415 2892 1468 multa
2921 1427 3070 1483 parte
3097 1423 3340 1484 restinxit
3373 1425 3413 1492 ⁸,
3455 1426 3752 1484 imitatione

2168 1509 2406 1568 apparet,
2435 1516 2536 1554 tton
2564 1505 2906 1570 generatione
2933 1518 3259 1581 susceptum.

2241 1593 2373 1647 Auc.
2415 1591 2459 1648 Ο
2498 1593 2824 1652 intellectum
2845 1638 2861 1664 ,
2892 1599 3018 1668 quid
3047 1603 3189 1657 aliud
3217 1604 3387 1660 dicam
3411 1648 3428 1672 ,
3457 1624 3613 1678 quam
3644 1609 3752 1666 ita»

2167 1683 2387 1738 retiequ
2417 1687 2430 1738 ε
2461 1684 2514 1741 Si
2545 1702 2670 1757 ergo
2697 1689 2778 1744 lex
2807 1691 3023 1746 abstulit
3053 1708 3323 1763 peccatum
3347 1741 3364 1764 ,
3393 1704 3515 1770 quia
3546 1704 3624 1759 sic
3661 1706 3750 1760 vis

2167 1775 2386 1866 intelligi
2417 1795 2572 1849 usque
2602 1782 2671 1834 ad
2699 1783 2858 1854 legem
2883 1800 2906 1852 ,'
2931 1787 3026 1839 fuit
3047 1803 3175 1858 ergo
3204 1805 3299 1861 per
3329 1793 3495 1864 legem
3517 1795 3748 1866 justitia.

2167 1865 2229 1921 Si
2253 1883 2343 1936 per
2379 1870 2536 1938 legem
2550 1872 2752 1942 justitia
2778 1889 2798 1938 ,°
2821 1890 2938 1946 ergo
2967 1876 3193 1934 Christus
3219 1884 3374 1952 gratis
3412 1865 3634 1942 mortuus
3672 1899 3754 1944 est

2169 1959 2188 2027 (
2211 1959 2380 2014 Colat.
2405 1962 2612 2036 tt,2l).
2640 1963 2696 2020 Si
2723 1979 2898 2022 autem
2945 1984 3214 2039 peccatum
3257 1975 3338 2031 lex
3380 1993 3485 2033 non
3531 1979 3752 2037 abstulit

2164 2058 2220 2104 ttt
2247 2066 2350 2105 non
2379 2064 2540 2119 esset,
2567 2056 2706 2126 quod
2731 2060 2873 2128 prius
2895 2076 3012 2115 eam
3041 2063 3230 2120 fecisse
3255 2067 3462 2124 dixeras
3483 2111 3500 2136 ,
3529 2081 3583 2126 et
3619 2088 3750 2129 mox

2163 2148 2215 2196 te
2261 2144 2547 2212 paenituit;
2596 2147 2688 2202 sed
2723 2159 2894 2206 tamen
2943 2165 3215 2221 peccatum
3261 2157 3344 2212 lex
3395 2160 3642 2233 infregit,
3686 2176 3749 2221 ut

2163 2241 2343 2300 postea
2382 2237 2658 2292 corrcxisﬁ
2679 2281 2694 2304 ,
2737 2251 2790 2295 et
2811 2257 2875 2296 ex
2903 2245 3066 2298 multa
3100 2256 3246 2315 parte
3273 2251 3516 2307 restinxit
3547 2271 3560 2308 :
3589 2271 3749 2311 meno

2161 2324 2286 2378 titus
2313 2335 2393 2381 est
2416 2329 2505 2398 qui
2532 2330 2627 2397 ait,
2655 2330 2764 2386 Lea:
2784 2334 3077 2391 subintravit
3107 2349 3162 2394 ut
3197 2341 3475 2399 abundaret
3502 2346 3746 2404 delictum

2161 2414 2337 2483 (Rom.
2357 2433 2410 2484 v,
2438 2419 2562 2492 20).
2589 2422 2693 2479 Sed
2721 2426 2844 2493 quia
2875 2427 2962 2483 ille
2993 2445 3178 2486 verum
3201 2433 3361 2499 dixit,
3413 2444 3466 2491 ttt
3495 2439 3620 2494 nihil
3657 2441 3748 2497 di-

2158 2503 2236 2556 ris
2277 2523 2290 2571 ;
2348 2517 2401 2562 et
2440 2517 2616 2567 tamen
2667 2514 2794 2570 nihil
2840 2516 3100 2588 dicendo,
3154 2520 3402 2581 lueretica
3453 2530 3780 2597 pertinacia

2157 2597 2495 2657 contradicis.

2229 2687 2412 2784 ιλιι-ιιι.
2437 2691 2554 2747 JUL.
2581 2693 2777 2751 Verum
2803 2712 2873 2753 ne
2892 2699 3074 2756 videar
3100 2702 3184 2758 hic
3207 2706 3364 2762 nimis
3385 2718 3556 2766 tecum
3577 2724 3747 2784 agere

2157 2781 2431 2873 tenaciter,
2463 2786 2881 2872 acquiescamus,
2914 2793 3054 2862 quod
3084 2811 3238 2863 usque
3275 2799 3344 2850 ad
3369 2800 3545 2870 legem,
3573 2781 3746 2873 usque

2155 2869 2222 2925 ad
2251 2869 2520 2928 Christum
2549 2869 2714 2946 possit
2739 2879 2956 2952 intelligi
2987 2901 3003 2938 :
3029 2887 3279 2942 concedis
3305 2869 3432 2959 ergo
3461 2869 3761 2960 peccatum.

2156 2962 2260 3019 hoc
2298 2966 2437 3035 quod
2467 2967 2601 3024 dicis
2629 2971 2916 3042 originale,
2951 2991 3052 3028 non
3096 2992 3215 3032 esse
3255 2989 3372 3048 post
3419 2983 3690 3039 Christum
3719 2985 3746 3038 ‘i

2159 3059 2224 3111 Et
2246 3061 2543 3129 quomodo,
2586 3072 2642 3117 et
2667 3063 2718 3117 in
2747 3067 3121 3134 Apostolorum
3149 3071 3401 3126 membris
3419 3113 3435 3138 ,
3463 3083 3517 3128 et
3543 3077 3593 3128 itt
3621 3092 3746 3131 om-

2154 3151 2309 3205 nibus
2338 3151 2644 3220 baptizatis,
2675 3164 2729 3210 et
2756 3171 2926 3226 usque
2955 3157 3112 3214 hodie
3151 3170 3284 3227 post
3310 3171 3386 3216 tot
3420 3166 3613 3220 saecula
3641 3167 3715 3220 ad
3740 3199 3747 3211 ι

2153 3253 2344 3297 ventus
2389 3242 2628 3313 Christi,
2669 3262 2804 3315 opus
2851 3248 3081 3317 diaboli,
3130 3252 3374 3309 fruticem
3417 3257 3746 3314 adversaria:

2152 3337 2429 3405 potestatis
2448 3379 2463 3405 ,
2494 3338 2768 3410 legemque
2799 3343 3000 3410 peccati
3030 3359 3245 3400 manere
3265 3386 3278 3411 ,
3314 3347 3489 3418 vigere
3509 3389 3526 3415 ,
3557 3351 3746 3407 vivere

2153 3425 2285 3480 dicis
2305 3426 2327 3479 i
3141 3494 3148 3500 ι

2223 3519 2358 3573 Auc.
2389 3518 2503 3573 Non
2535 3519 2634 3574 hoc
2663 3523 2782 3576 diCo
2811 3540 2825 3576 :
2856 3523 2986 3580 nihil
3031 3525 3180 3581 dicis.
3226 3530 3381 3584 Aliud
3425 3541 3506 3586 est
3541 3548 3741 3603 pecca-

2154 3619 2300 3675 tum,
2341 3611 2480 3665 aliud
2519 3615 2945 3683 concupiscentia
2976 3621 3210 3687 peccati,
3239 3622 3322 3675 cui
3353 3637 3458 3677 non
3501 3640 3742 3680 consen-

2154 3700 2216 3752 tit
2241 3700 2327 3770 qni
2369 3717 2462 3770 per
2488 3705 2708 3772 gratiam
2738 3705 2825 3759 Dei
2855 3722 2958 3759 non
2991 3718 3174 3776 peccat
3220 3727 3233 3764 :
3273 3715 3512 3780 quamvis
3537 3724 3592 3768 et
3620 3715 3743 3785 ipsa

2152 3794 2578 3862 concupiscentia
2610 3799 2808 3863 peccati
2846 3810 3062 3853 vocetur
3092 3813 3364 3868 pet-catum
3389 3845 3402 3868 ,
3452 3807 3570 3873 quia
3611 3822 3745 3875 pm-

2151 3891 2272 3937 cato
2301 3882 2435 3938 facta
2462 3895 2560 3940 est.
2594 3884 2739 3940 Sicut
2782 3890 3041 3958 scriptura
3087 3893 3333 3960 quaaliltet
3356 3935 3370 3958 ,
3401 3910 3588 3951 manus
3617 3896 3744 3966 ejus

2150 3977 2342 4032 dicitur
2373 3979 2522 4048 cujus
2568 3996 2724 4034 manu
2768 3981 2899 4035 facta
2931 3992 3032 4036 est.
3069 3983 3140 4038 De
3168 4001 3273 4054 quo
3317 3997 3492 4041 autent
3532 3989 3741 4045 dictum

2149 4077 2267 4131 est,
2305 4067 2436 4123 Ecce
2473 4071 2644 4140 Agnus
2695 4071 2810 4138 Dei,
2865 4089 2976 4126 erce
3011 4077 3099 4144 qui
3145 4077 3275 4128 tollit
3319 4089 3522 4144 peccata
3558 4083 3744 4133 mundi

2154 4156 2342 4226 (Joatt.
2372 4175 2408 4223 ι,
2439 4159 2506 4213 29
2532 4162 2548 4226 )
2577 4175 2592 4224 ;
2634 4163 2748 4229 ipse
2793 4175 2994 4216 reatum
3040 4167 3279 4232 peccati,
3323 4168 3462 4237 quod
3512 4185 3745 4240 genera-

2152 4249 2293 4304 tione
2333 4249 2578 4316 trahitur,
2608 4255 3006 4321 regeneratione
3034 4256 3276 4310 dissolvit
3305 4273 3318 4318 ;
3351 4259 3463 4328 ipse
3487 4261 3741 4330 spiritum

2149 4340 2353 4395 donans
2381 4341 2505 4396 facit
2536 4359 2638 4398 non
2669 4360 2891 4415 regnare
2925 4357 3194 4416 peccatum
3230 4351 3280 4402 in
3309 4363 3490 4404 nostro
3522 4355 3742 4408 mortali

2149 4449 2374 4502 corpore
2398 4436 2462 4490 ad
2502 4436 2857 4493 obediendttm
2901 4443 3346 4510 concupiscentiis
3372 4443 3488 4514 ejus
3526 4446 3543 4516 (
3577 4443 3741 4501 Rom.

2149 4542 2222 4586 vt.
2254 4525 2360 4596 1'2.)
2395 4544 2408 4592 ;
2443 4527 2554 4596 ipse
2583 4529 2886 4597 quotidiana
2920 4532 3239 4601 indulgentia
3264 4575 3279 4600 ,
3322 4548 3540 4606 propter
3572 4549 3742 4607 quam

2147 4618 2382 4688 quotidie
2407 4619 2632 4673 dicimus
2655 4663 2671 4685 ,
2716 4621 2923 4676 Dimitte
2951 4623 3090 4678 nobis
3114 4625 3279 4678 debita
3297 4637 3470 4680 nostra
3502 4628 3522 4699 (
3542 4628 3735 4686 Matth.

2148 4726 2234 4776 vt,
2279 4710 2382 4782 t2)
2409 4752 2423 4774 .
2465 4711 2507 4764 si
2553 4712 2677 4781 quid
2716 4715 3144 4783 concupiscentia
3191 4718 3391 4786 peccati
3437 4719 3598 4774 etiam
3638 4720 3742 4775 bc-

2149 4817 2216 4856 ne
2260 4802 2558 4856 resistendo
2601 4805 2926 4859 certantibus
2965 4807 3100 4862 male
3143 4810 3500 4878 persuaserit,
3552 4812 3730 4866 mise-

2147 4895 2317 4949 ricors
2342 4895 2483 4949 delet
2514 4912 2529 4958 ;
2574 4895 2686 4964 ipse
2725 4897 2871 4966 gravi
2913 4897 3060 4951 ruina
3103 4899 3265 4953 elisos
3289 4901 3442 4969 erigit
3471 4903 3710 4970 pmttitett

2148 4994 2271 5049 tes;
2313 4985 2428 5053 ipse
2471 4985 2557 5039 ubi
2599 5002 2702 5039 non
2740 4988 2908 5055 possit
2934 4989 3151 5042 omnino
3188 4992 3392 5058 peccari
3419 5032 3433 5056 ,
3478 4991 3728 5061 perduca

2144 5075 2536 5145 constituetqtte
2582 5079 2938 5146 regnantes',
2983 5080 3196 5148 quando
3223 5081 3445 5148 dicitur,
3482 5081 3579 5136 Ubi
3616 5093 3741 5152 est,

2146 5184 2302 5234 mors,
2324 5168 2573 5222 contentio
2597 5177 2682 5222 tua
2701 5170 2729 5223 γ
2749 5169 2834 5223 ubi
2854 5181 2928 5224 est
2947 5211 2962 5234 ,
2990 5187 3124 5224 mors
3149 5211 3164 5235 ,
3190 5173 3394 5226 aculeus
3413 5183 3528 5227 tuus
3548 5175 3574 5228 .9
3595 5175 3734 5227 Acu-

2144 5259 2252 5312 leus
2278 5269 2443 5312 autem
2471 5259 2645 5314 mortis
2683 5269 2756 5314 est
2776 5305 2778 5308 ,
2795 5271 3054 5331 peccatum
3085 5259 3145 5334 (Ι
3168 5261 3286 5316 Cor.
3313 5279 3406 5324 xv.
3441 5265 3510 5318 55
3531 5273 3577 5318 et
3600 5265 3735 5335 56).

2146 5349 2283 5403 Ecce
2307 5348 2575 5419 quomodo
2604 5359 2875 5420 peccatum
2906 5351 3086 5405 mundi
3116 5352 3297 5422 Agnus
3337 5355 3427 5410 ille
3455 5356 3544 5410 Dei
3573 5355 3594 5387 ³
3625 5356 3740 5410 ιυι-

2143 5442 2222 5504 lit,
2253 5441 2389 5511 quod
2415 5443 2498 5496 lex
2525 5442 2736 5499 auferre
2764 5458 2867 5498 nou
2898 5443 3086 5512 potuit.

2216 5531 2425 5587 LXXII.
2464 5532 2583 5588 ιίυι..
2626 5531 2821 5588 Verum
2861 5533 3136 5589 videamus
3175 5543 3230 5589 et
3264 5536 3488 5607 reliqtla.
3531 5536 3735 5592 Pecca-

2209 5738 2221 5766 ¹
2259 5735 2330 5783 sic
2351 5742 2458 5784 Mss.
2489 5742 2538 5782 At
2563 5735 2696 5792 editi,
2720 5734 2984 5785 restrinxit.

2205 5801 2224 5830 ι
2259 5805 2384 5853 Mss,
2410 5797 2630 5859 perducit
2659 5796 2985 5859 cottstituitque
3009 5805 3274 5858 regnantes.

2207 5862 2224 5892 ³
2258 5863 2394 5920 aditi,
2425 5868 2563 5910 Heus.
2591 5867 2807 5910 Attamen
2829 5866 2934 5909 Mss.
2963 5868 3085 5910 νυνι.
3109 5867 3217 5910 Mar.
3242 5861 3383 5925 dan,
3408 5869 3510 5914 Det.
