3996 6478
199 422 329 481 “73

199 551 304 592 tum
343 543 513 588 autent
554 551 662 588 non
701 533 1052 604 deputabatur,
1100 531 1174 585 ait
1211 531 1524 599 Apostolus,
1563 547 1677 584 cum
1714 532 1795 584 (ea:

205 645 306 682 non
333 635 460 680 esset
493 628 508 693 (
540 624 695 678 "om.
727 639 784 687 ν,
809 622 910 692 l3)
941 640 954 674 :
983 632 1100 689 post
1125 620 1264 690 quod
1293 633 1345 674 ιιι
1371 620 1577 685 suhd'ts,
1610 637 1630 670 t
1669 619 1795 674 Erat

196 736 361 791 ergo,
404 718 502 773 sed
545 734 660 772 non
706 717 1100 787 deputabatur,
1149 716 1286 770 sicut
1323 715 1445 768 alibi
1485 714 1645 781 dicit,
1691 712 1795 768 Per

193 814 354 881 legem
383 811 608 884 cognitio
637 811 828 878 peccati
864 828 883 862 ο
912 810 929 878 (
953 808 1040 861 Id.
1083 825 1158 871 ut,
1197 807 1323 874 20).
1351 807 1408 861 Si
1439 822 1568 876 ergo
1597 823 1690 876 per
1713 807 1794 860 le-

192 920 311 974 gem
345 903 550 973 [νοθαιί
583 911 671 957 est
696 902 831 955 tacta
862 901 1124 971 cognitio,
1157 910 1210 955 et
1245 907 1520 970 peccatum
1561 898 1792 954 traducis

190 1007 313 1052 ante
359 997 534 1067 legem
566 1010 674 1049 non
707 993 1105 1064 impulabatur;
1152 992 1374 1049 ostende
1414 993 1514 1047 hoc
1558 993 1791 1061 imputa—

193 1101 301 1144 tam
328 1087 498 1142 fuisse.
535 1087 639 1142 sub
663 1086 800 1156 lege.
829 1085 958 1140 Nam
995 1086 1038 1140 si
1070 1102 1162 1155 per
1192 1086 1359 1156 legent
1383 1085 1587 1154 peccati
1613 1085 1794 1154 cogni-

190 1182 294 1242 tio,
321 1189 455 1233 ante
480 1180 652 1249 legem
675 1177 936 1248 ignoratio
959 1178 1199 1249 peccati;
1243 1177 1436 1247 ambigi
1468 1191 1572 1230 non
1615 1185 1792 1246 potest

193 1272 330 1325 hanc
379 1270 547 1325 fuisse
584 1285 800 1324 causam
850 1269 1133 1322 maximam
1183 1267 1582 1339 promulganda:
1622 1267 1788 1337 legis,

190 1373 244 1417 ut
274 1362 604 1432 proderetur
626 1371 679 1416 et
705 1369 985 1416 caveretur
1012 1403 1028 1426 ,
1057 1361 1196 1430 quod
1241 1361 1387 1432 prius
1427 1359 1645 1414 latebat.

257 1457 400 1509 Acc.
449 1453 517 1509 Ut
561 1452 880 1522 proderetur
902 1495 918 1517 ,
955 1467 1138 1506 verum
1169 1451 1302 1506 dicis
1332 1467 1347 1516 ;
1379 1451 1479 1505 hoc
1508 1461 1559 1505 et
1588 1467 1684 1506 nos
1710 1451 1794 1505 dl-

181 1548 364 1603 cimns
407 1564 424 1600 :
457 1557 517 1600 ut
544 1556 722 1600 autem
765 1553 1084 1607 caveretur,
1129 1559 1234 1598 non
1274 1544 1359 1598 lex
1385 1586 1401 1609 ,
1448 1543 1542 1598 sed
1579 1544 1788 1614 gratia;

188 1655 294 1692 non
323 1639 511 1692 littera
536 1677 554 1703 ,
587 1638 682 1692 sed
709 1637 931 1706 Spiritus
961 1636 1104 1691 fecit.
1133 1636 1241 1691 Lex
1269 1637 1409 1690 enim
1438 1637 1755 1691 subintravit
1773 1679 1787 1702 ,

96 1721 100 1724 ’
189 1745 298 1784 ποι
349 1740 408 1783 ut
446 1736 772 1794 caveretur,
817 1728 911 1783 sed
955 1737 1012 1782 ut
1049 1727 1345 1783 abundaret
1387 1737 1695 1797 peccatum,
1737 1735 1792 1782 et

189 1821 662 1893 super-abundaret
708 1822 902 1892 gratia,
948 1836 1055 1891 qua
1105 1830 1378 1890 pecudum
1416 1831 1471 1877 et
1516 1820 1792 1876 deleretur

191 1917 390 1970 factum
415 1957 430 1979 ,
463 1926 520 1970 et
545 1931 614 1971 ne
641 1914 796 1970 ﬁeret
819 1925 1119 1970 caveretur.

261 2005 509 2062 LXXIII.
549 2006 670 2062 Jun.
714 2005 811 2061 llic
835 2006 906 2062 sit
925 2021 1056 2076 ergo
1082 2020 1289 2060 summa
1312 2005 1624 2060 certaminis
1653 2019 1668 2059 :
1699 2013 1793 2061 aut

188 2099 421 2156 ostende
449 2101 766 2170 imputatum
798 2098 898 2153 sub
916 2098 1032 2168 lege
1061 2097 1228 2152 fuisse
1248 2099 1499 2168 cuiquam
1529 2098 1787 2168 originale

192 2203 516 2263 peccatum,
563 2191 786 2248 ostende
826 2191 987 2247 fuisse
1026 2202 1376 2246 monstratum
1408 2209 1422 2256 ;
1469 2201 1524 2247 et
1561 2208 1790 2248 consen-

197 2286 331 2339 tiam
360 2285 423 2339 de
445 2284 548 2339 hoc
583 2294 801 2354 peccato
829 2284 1140 2353 Apostolum
1163 2283 1396 2338 locutum
1429 2283 1610 2338 luisse.

275 2381 412 2432 Anc.
443 2375 686 2430 Ostende
719 2375 981 2446 quidem,
1018 2374 1162 2444 quod
1201 2391 1462 2445 provocas
1511 2384 1567 2430 ut
1607 2384 1790 2432 osten-

193 2465 326 2520 dam
371 2483 384 2520 :
426 2465 520 2520 sed
559 2467 604 2520 si
629 2467 815 2520 oculos
843 2465 1097 2535 operiatis
1124 2466 1190 2520 ad
1220 2481 1280 2519 ea
1309 2482 1428 2536 qua:
1466 2467 1650 2522 videre
1687 2485 1791 2522 non

191 2557 361 2611 vultis
390 2559 404 2588 '
426 2599 440 2621 ,
473 2567 529 2615 et
561 2573 632 2613 ne
652 2558 720 2612 ab
747 2558 866 2612 aliis
892 2557 1192 2624 videantur,
1238 2558 1458 2612 nebulas
1497 2560 1794 2614 contentio-

187 2649 272 2703 εἰς
316 2648 618 2704 ollunditis.
665 2649 1011 2704 Circumcisio
1049 2649 1227 2705 carnis
1257 2651 1278 2682 '
1304 2691 1320 2716 ,
1367 2650 1484 2720 lege
1531 2658 1791 2720 prtecepta

187 2751 270 2794 est
311 2739 496 2809 (Gen.
524 2755 659 2806 xvtt,
690 2739 800 2811 I2)
833 2757 848 2806 ;
879 2756 982 2810 qua
1018 2757 1125 2795 non
1155 2750 1335 2811 posset
1372 2741 1560 2796 melius
1595 2742 1794 2812 signiti-

181 2832 294 2886 cari
319 2872 340 2895 ,
382 2847 477 2900 per
501 2831 768 2886 Christum
797 2832 1213 2901 regenerationis
1241 2841 1510 2886 auctorem
1543 2833 1649 2887 tolli
1681 2835 1794 2888 eri-

186 2924 386 2992 ginale
415 2931 708 2992 peceatum.
737 2923 870 2978 Cum
901 2923 1165 2994 prazputio
1202 2923 1397 2994 quippe
1426 2924 1602 2977 omnis
1633 2923 1794 2979 homo

188 3017 450 3070 nascitur
479 3059 495 3080 ,
533 3017 977 3086 quemadmodum
1015 3032 1137 3071 cum
1176 3017 1417 3087 originali
1455 3028 1670 3087 pet-cato
1697 3036 1710 3072 :
1742 3028 1796 3072 et

183 3121 402 3163 octavo
423 3108 512 3163 die
540 3110 617 3162 lex
641 3108 947 3164 circumcidi
969 3123 1184 3163 carnem
1209 3107 1482 3179 prmcepit,
1508 3110 1629 3179 quia
1651 3109 1793 3164 Clui-

182 3210 310 3255 stus
343 3198 442 3254 die
465 3199 726 3254 dominico
750 3201 1064 3262 resurrexit.
1092 3201 1183 3270 qui
1211 3209 1330 3270 post
1354 3201 1638 3270 septimtnn
1668 3202 1796 3255 sab-

187 3294 300 3348 ltati
336 3303 564 3347 octavus
590 3294 667 3348 esi
697 3312 710 3349 ε
739 3303 795 3348 et
817 3294 1165 3348 circumcisus
1206 3295 1574 3364 przepntiatum
1605 3295 1792 3365 gignit,

185 3385 486 3454 trajieicus
524 3386 572 3438 in
601 3385 744 3440 illum
773 3401 880 3456 quo
907 3385 1018 3454 ipse
1042 3385 1152 3454 jam
1187 3387 1357 3440 caruit
1390 3403 1404 3450 ;
1451 3387 1589 3440 sicut
1627 3386 1797 3456 bapti-

183 3489 354 3533 zatus
405 3479 456 3531 in
501 3478 656 3532 lilium
687 3495 845 3549 quem
881 3490 1096 3547 generat
1121 3493 1316 3541 carne,
1350 3488 1557 3532 reatum
1609 3487 1792 3532 tamen

182 3572 411 3641 trajicit
433 3570 646 3639 originis
669 3613 686 3636 ,
715 3585 822 3638 quo
847 3570 1120 3624 absolutos
1145 3581 1228 3624 est
1257 3570 1389 3639 ipse.
1433 3569 1708 3624 Postremo
1743 3571 1794 3624 in

187 3665 314 3733 lege
361 3662 592 3730 scriptus
620 3672 703 3716 est
732 3663 977 3716 Psalutus
1007 3680 1020 3716 :
1066 3661 1175 3732 Ego
1211 3663 1265 3715 in
1301 3661 1644 3732 iniquitatibus
1677 3680 1799 3718 con-

182 3765 389 3822 ceptus
413 3771 521 3805 sunt
545 3795 556 3815 ,
594 3765 640 3808 et
663 3755 716 3806 in
746 3754 960 3821 peccatis
995 3764 1155 3807 mater
1180 3770 1290 3805 mea
1312 3754 1367 3807 in
1397 3764 1539 3808 utero
1567 3771 1645 3808 nte
1672 3756 1798 3808 aluit

183 3853 200 3918 (
227 3848 406 3904 Psat.
435 3864 486 3913 ι,
513 3849 603 3918 7).
629 3849 781 3916 Quod
828 3848 1077 3904 videretis
1119 3848 1359 3918 profecto
1379 3890 1394 3915 ,
1443 3863 1543 3902 nec
1568 3847 1796 3902 audere-

184 3945 254 3999 tis
307 3942 521 4012 aliquid
557 3942 922 3998 contradicere
941 3985 956 4008 ,
985 3944 1029 3998 si
1058 3943 1359 4014 Cypriane,
1389 3950 1443 3997 ct
1483 3942 1788 4005 Ambrosio,

183 4033 527 4102 ceterisque
554 4033 750 4088 talibus
791 4033 1046 4089 Ecclesia:
1083 4032 1427 4100 doctoribus,
1466 4031 1588 4088 lidci
1613 4032 1798 4088 oculos

185 4124 417 4179 simiies
455 4123 734 4178 haberetis.

257 4213 520 4272 LXXIV.
556 4215 676 4270 Jtrt.
707 4216 813 4270 Aut
838 4224 985 4270 certe
1013 4215 1136 4286 quia
1179 4214 1283 4270 hoc
1324 4215 1377 4269 in
1410 4215 1529 4286 lege
1568 4230 1672 4269 non
1715 4230 1802 4285 po-

186 4321 304 4366 test
331 4309 598 4372 inveniri,
626 4309 924 4378 acquiesco,
957 4306 1420 4378 impudentissime
1441 4349 1454 4372 ,
1485 4307 1552 4362 de
1575 4322 1641 4362 eo
1669 4323 1798 4378 pec-

184 4412 322 4457 cato
357 4401 503 4470 loqui
527 4401 837 4471 Apostolum
858 4443 873 4468 ,
904 4399 1044 4470 quod
1083 4400 1380 4454 imitatione
1410 4399 1662 4462 trahitur,
1701 4414 1798 4452 vo-

189 4499 419 4550 luntate
457 4493 838 4559 committitur,
885 4492 1095 4548 ratione
1137 4491 1377 4562 arguitur
1401 4533 1418 4558 ,
1471 4491 1588 4561 lege
1619 4500 1801 4545 osten-

188 4589 381 4648 ditur,
409 4585 656 4653 :rquitate
685 4584 922 4654 punitur.

264 4681 423 4733 Anc.
467 4676 542 4730 De
564 4677 705 4730 omni
729 4685 951 4746 peccato
979 4675 1119 4745 quod
1150 4691 1245 4746 per
1266 4675 1536 4731 Christum
1565 4676 1764 4730 tollitur
1782 4720 1798 4739 ,

185 4773 410 4828 dictum
433 4779 548 4834 est,
583 4769 750 4838 Usque
780 4769 848 4822 ad
867 4769 1026 4839 legem
1066 4777 1324 4840 peccatum
1363 4769 1416 4822 in
1456 4767 1645 4821 mundo
1667 4769 1762 4837 fuit
1784 4784 1803 4822 :

189 4864 462 4934 quoniam
489 4863 600 4932 lege
626 4879 730 4917 non
781 4863 1004 4928 tollitur,
1050 4863 1164 4917 sive
1191 4861 1478 4931 originale,
1508 4861 1620 4916 sive
1648 4860 1800 4914 addi-

190 4971 339 5018 tum,
379 4957 494 5008 sive
518 4956 656 5024 quod
700 4964 816 5010 erat
846 4965 902 5009 et
939 4964 1064 5009 ante
1103 4954 1306 5022 legem,
1333 4954 1446 5009 sive
1475 4953 1612 5021 quod
1641 4952 1800 5007 etiam

193 5053 321 5120 I'ge
369 5048 704 5102 subintrante
752 5028 1060 5102 abundavit.
1108 5046 1241 5101 Cum
1287 5056 1464 5100 autem
1495 5046 1601 5107 ais,
1635 5044 1702 5099 de
1739 5059 1804 5098 eo

193 5151 437 5210 peccato
488 5140 625 5208 loqui
679 5140 1033 5208 Apostolmn,
1079 5137 1221 5208 quod
1274 5137 1524 5208 a‘qttitate
1552 5139 1800 5206 punitur;

193 5234 619 5306 expergiscere,
651 5242 710 5288 et
735 5232 856 5286 vide
884 5232 953 5286 ibi
986 5247 1106 5287 esse
1136 5242 1188 5286 et
1218 5231 1476 5301 originale
1507 5242 1802 5301 peccaturo.

193 5327 325 5383 Non
354 5325 501 5378 enim
543 5325 698 5379 aliter
723 5325 946 5393 :equitas
974 5323 1065 5377 Dci
1093 5338 1253 5392 grave
1278 5323 1461 5392 jugttm
1508 5323 1807 5392 imponeret

199 5419 349 5491 ipsis
374 5431 586 5486 queque
614 5415 848 5470 exordiis
889 5414 1226 5485 parvulorum
1252 5432 1266 5467 :
1299 5413 1438 5483 quod
1467 5414 1649 5484 jngum
1680 5429 1805 5468 cura

198 5519 401 5566 nostra
439 5523 580 5577 stupe
603 5518 988 5562 commemorat
1008 5551 1022 5568 ,
1051 5505 1392 5577 utccrviccm
1422 5517 1563 5561 tuam
1583 5548 1596 5570 ,
1629 5508 1672 5561 si
1701 5523 1805 5562 non

199 5601 488 5660 iullexerit
515 5643 530 5667 ,
561 5600 790 5671 frangat.
841 5599 972 5655 Nam
1017 5601 1123 5657 hoc
1169 5610 1444 5671 peccatum
1484 5601 1645 5657 etiam
1689 5601 1810 5672 lege

269 5787 289 5815 ι
324 5789 385 5844 tu
417 5787 483 5840 Β..
513 5779 603 5833 sed
646 5778 693 5831 si
719 5776 884 5830 oculos
925 5779 1156 5843 aperitur;
1184 5778 1250 5830 ad
1285 5792 1345 5830 ea
1383 5792 1494 5844 qtae
1521 5777 1685 5832 videre
1714 5792 1810 5832 non

198 5843 376 5896 cultis.
401 5845 607 5894 Menard.
637 5851 692 5893 et
716 5844 856 5905 \‘ign.
881 5849 1035 5905 secuti
1059 5857 1243 5892 sumus.
1307 5849 1365 5891 tt.

275 5911 297 5940 ⁸
333 5914 434 5957 aias.
461 5908 581 5957 tzlar.
612 5913 668 5956 et
685 5901 817 5963 tzarT,
841 5901 1068 5954 carnalis.

1515 404 1715 472 tinea
1758 415 2134 476 SECUNDUS.

3345 402 3488 486 ttat

1903 532 2187 584 monstrari
2209 572 2222 596 ,
2257 521 2522 602 praecepto
2541 533 2961 592 circumcisionis
2985 539 3215 594 ostendi.
3256 540 3409 610 Quod
3438 541 3486 598 si

1901 639 2064 692 negas
2090 633 2145 679 tu
2170 666 2184 688 ,
2216 623 2349 681 doce
2375 641 2482 696 quo
2522 638 2738 697 peccato
2767 631 2984 699 proprio
3003 672 3017 695 ,
3049 634 3093 687 si
3121 649 3226 689 non
3256 635 3483 691 circum;

1896 715 2188 780 ciderctur,
2212 716 2461 773 interibat
2488 719 2664 773 anima
2697 722 2895 791 parvuli
2914 721 2981 776 de
2998 724 3192 794 populo
3208 709 3306 780 suo
3326 723 3479 797 (Gen.

1899 821 2032 870 xvu,
2069 804 2178 879 lt).
2207 808 2352 877 Scio,
2401 824 2506 864 non
2536 810 2698 866 doces
2728 830 2742 868 :
2767 811 2861 866 scd
2885 814 3067 869 volens
3087 830 3186 870 nos
3228 816 3481 887 fatigare,

1899 915 1999 954 ηερ
2029 910 2194 956 taces.

1971 991 2321 1048 LXXVAUL.
2350 993 2616 1051 Cteterum
2647 995 2788 1068 qttod
2817 998 3035 1070 ﬁngitis,
3067 999 3328 1071 originale
3357 1017 3482 1072 pec-

1895 1093 2096 1151 caturo,
2129 1101 2228 1142 nec
2249 1101 2347 1158 per
2370 1103 2534 1142 unum
2565 1081 2846 1145 transmitti
2878 1099 3083 1162 potest,
3117 1095 3366 1164 quoniam
3393 1109 3462 1165 ge

1899 1177 2105 1230 neratio
2133 1193 2226 1246 per
2251 1178 2385 1232 duos
2405 1179 2596 1248 agitur.

1968 1271 2103 1324 Aea.
2123 1269 2239 1323 lam
2268 1285 2442 1340 respo'
2467 1287 2585 1328 sunt
2615 1283 2733 1329 est:
2761 1273 2879 1345 lege
2895 1291 3016 1347 qua:
3032 1275 3156 1334 hinc
3177 1293 3206 1332 a
3232 1293 3318 1334 me
3343 1279 3482 1335 dicta

1895 1369 2042 1421 sunt,
2073 1370 2132 1414 et
2160 1363 2399 1418 invenies
2427 1372 2480 1419 te
2507 1379 2640 1418 vana
2669 1366 2887 1422 dixisse.

1976 1451 2213 1507 LXXVI.
2236 1454 2354 1510 IUL.
2384 1454 2494 1510 Nec
2522 1457 2692 1526 potuit
2731 1459 3018 1530 aliquando
3046 1476 3192 1528 esse,
3241 1463 3285 1516 si
3315 1472 3486 1532 potest

1895 1543 2182 1614 aliquando
2212 1560 2315 1600 non
2341 1561 2494 1603 esse:
2517 1549 2637 1618 quia
2661 1549 2924 1605 naturalia
2948 1551 3017 1606 ab
3047 1551 3198 1608 initio
3235 1553 3485 1609 substan-

1895 1635 1984 1689 tia:
2015 1650 2185 1708 usque
2210 1637 2276 1691 ad
2305 1639 2586 1694 terminum
2611 1639 2751 1695 illius
2776 1651 3144 1712 perseverant.

1966 1726 2106 1784 Anc.
2139 1728 2254 1784 lloc
2281 1738 2335 1785 ct
2384 1730 2453 1786 de
2491 1740 2665 1788 morte
2693 1748 2878 1802 posses
2908 1733 3122 1802 dicere;
3172 1751 3294 1790 nam
3324 1737 3484 1792 etiam

1893 1833 2017 1875 cum
2041 1820 2152 1890 ipsa
2180 1821 2488 1878 nascimur:
2511 1822 2706 1895 Corpus
2731 1825 2874 1881 enim
2904 1836 3157 1881 mortuum
3178 1839 3250 1882 cst
3278 1840 3486 1899 propter

1897 1923 2158 1981 peccatum
2182 1913 2360 1984 (Rom.
2378 1931 2489 1982 vui,
2521 1916 2645 1987 I0):
2669 1917 2762 1973 sed
2784 1926 2839 1974 et
2857 1919 2900 1974 si
2924 1935 3027 1974 non
3056 1930 3275 1990 propter
3294 1939 3453 1992 pecca

1893 2011 2028 2070 tum,
2060 2005 2199 2061 sicut
2224 2007 2495 2078 desipitis;
2518 2009 2785 2065 nascimur
2807 2019 2982 2068 tamen
3005 2013 3118 2067 sine
3144 2011 3476 2070 dubitatione

1894 2097 2150 2152 mortales
2177 2116 2190 2152 :
2217 2107 2275 2154 et
2311 2108 2486 2155 tamen
2532 2116 2678 2156 mors
2712 2109 2873 2173 atque
2908 2103 3204 2158 mortalitas
3245 2120 3349 2159 non
3378 2106 3482 2160 erit

1895 2187 2274 2245 immortaliter
2295 2190 2594 2246 viventibus
2622 2191 2794 2247 nobis.
2814 2193 2964 2249 Sicut
2992 2209 3123 2265 ergo
3144 2210 3290 2252 mors
3317 2197 3483 2267 origi-

1895 2279 2031 2334 nalis
2053 2287 2156 2346 est,
2179 2288 2234 2334 et
2258 2289 2432 2336 tamen
2464 2283 2635 2352 potuit
2657 2297 2781 2340 esse
2805 2325 2821 2349 ,
2852 2293 3027 2354 potest
3054 2301 3159 2339 non
3185 2301 3307 2342 esse
3328 2329 3342 2351 ,
3367 2303 3482 2342 me-

1896 2371 1998 2426 lius
2023 2380 2205 2427 nostra
2247 2380 2499 2428 manente
2538 2381 2725 2428 natura
2758 2391 2772 2428 :
2801 2375 2880 2430 sic
2903 2383 2957 2430 ct
2989 2376 3247 2446 originale
3293 2392 3482 2448 pecca-

1896 2470 2031 2530 tum,
2061 2471 2114 2518 et
2139 2463 2310 2534 potuit
2335 2479 2485 2529 esse,
2537 2467 2880 2534 generatione
2931 2477 3191 2538 tractum;
3234 2479 3288 2526 et
3312 2481 3486 2543 potest

1895 2568 2000 2608 non
2028 2568 2168 2620 esse,
2200 2555 2603 2635 regeneratiene
2627 2554 2925 2611 detractum
2953 2559 2995 2610 ⁸.

1966 2643 2227 2699 LXXVII.
2255 2644 2373 2700 θυι..
2406 2645 2517 2700 Nec
2537 2662 2564 2698 a
2585 2645 2704 2718 lege
2731 2656 3008 2704 ostensum
3035 2655 3142 2716 est,
3161 2650 3246 2706 vel
3274 2652 3484 2708 ostendi

1899 2737 2101 2808 potuit;
2127 2737 2249 2806 quia
2278 2753 2551 2808 nunquam
2585 2738 2863 2811 legislator
2885 2742 3142 2812 usquead
3170 2741 3311 2800 hanc
3334 2746 3487 2800 veni-

1896 2835 1980 2882 ret
2000 2828 2311 2896 amentiam,
2339 2838 2398 2883 ut
2417 2831 2734 2900 praeciperet
2751 2833 3158 2903 cuiquam,Noli
3186 2836 3278 2904 ita,
3308 2839 3389 2892 vel
3416 2843 3484 2894 ita

1896 2919 2046 2974 nasci
2068 2936 2081 2974 :
2105 2928 2160 2976 et
2185 2921 2327 2992 quod
2343 2921 2622 2978 admoneri
2644 2939 2751 2979 non
2771 2925 2949 2981 decuit
2965 2928 3354 3001 utcerrigatur,
3368 2931 3458 3001 jus

1897 3020 2008 3066 tum
2033 3026 2158 3068 esse
2186 3027 2291 3068 non
2325 3022 2501 3084 potest
2526 3024 2583 3070 ut
2609 3017 2860 3086 puniatur
2875 3019 2918 3075 ³.

1968 3103 2106 3161 Anc.
2141 3104 2254 3160 Non
2283 3107 2593 3178 prtecipitur
2614 3107 2816 3164 homini
2866 3126 2975 3182 quo
3003 3112 3165 3169 modo
3195 3124 3442 3170 nascatur
3469 3134 3484 3170 :

1897 3195 1992 3250 sed
2027 3207 2349 3268 praeceptum
2367 3208 2450 3254 est
2465 3214 2571 3270 quo
2596 3201 2754 3255 modo
2781 3201 2874 3258 ille
2895 3203 3116 3270 viveret,
3132 3216 3486 3276 praeceptum-

1897 3305 2003 3360 que
2026 3291 2278 3355 violavit;
2302 3306 2331 3346 a
2361 3307 2468 3362 quo
2497 3303 2718 3363 parente
2737 3305 3016 3364 peccaturo
3042 3297 3299 3368 originale
3315 3289 3500 3353 dedu-'

1900 3382 2063 3436 citur.
2120 3382 2432 3453 Pratcipitur
2481 3384 2640 3439 etiam
2697 3394 2755 3438 ut
2808 3385 2984 3442 infans
3037 3387 3486 3458 circumcidatur,

1897 3473 2232 3529 damnandus
2261 3475 2362 3530 nisi
2388 3475 2804 3532 circumcidatur
2835 3494 2848 3531 :
2880 3480 3166 3536 cui‘tamcn
3189 3497 3292 3536 nett
3316 3481 3488 3537 solum

1899 3565 2095 3635 aliquid
2121 3565 2286 3632 aliud,
2319 3565 2412 3622 sed
2443 3583 2543 3622 nec
2573 3568 2764 3624 saltem
2791 3569 3130 3627 circumcisio
3167 3571 3278 3642 ipsa
3304 3574 3490 3643 praeci-
3583 3573 3586 3576 ’

1901 3656 2060 3727 pitur.
2083 3658 2160 3712 Ac
2186 3673 2284 3728 per
2311 3657 2442 3726 hoc,
2467 3674 2576 3713 non
2604 3659 2816 3730 quidem
2842 3657 3148 3732 priceipitur
3167 3663 3489 3735 hominique

1901 3747 2062 3802 modo
2088 3758 2339 3803 nascitur
2367 3765 2382 3801 :
2415 3749 2644 3804 mundus
2677 3758 2851 3806 tamen
2883 3767 2986 3805 non
3017 3761 3099 3806 est
3123 3767 3152 3806 a
3179 3751 3340 3807 sorde
3361 3768 3490 3823 pec-

1898 3841 2006 3896 cati
2029 3882 2044 3904 ,
2068 3857 2160 3895 nec
2184 3842 2354 3911 infans
2383 3843 2530 3913 cujus
2555 3851 2629 3895 est
2660 3842 2810 3896 unius
2835 3842 2933 3896 diei
2974 3843 3076 3896 vita
3115 3859 3268 3914 super
3304 3852 3496 3898 terram

1906 3931 2026 4001 (Job
2051 3949 2160 3997 stv,
2186 3932 2240 3996 4,
2270 3948 2369 3986 sec.
2397 3931 2583 4004 LXX).
2613 3932 2752 4005 Lege
2777 3934 2937 3989 verba
2960 3936 3129 3990 sancti
3155 3933 3288 4003 Job,
3325 3945 3373 3992 et
3405 3935 3486 3990 in-

1910 4023 2092 4078 venies
2115 4031 2166 4078 te
2191 4039 2312 4080 esse
2362 4024 2676 4080 mendacem
2699 4068 2714 4094 ,
2744 4025 2996 4097 loquente
3022 4028 3115 4084 illo
3148 4041 3309 4101 quem
3347 4029 3496 4087 Deus

1903 4115 2038 4171 dixit
2057 4131 2177 4171 esse
2201 4131 2467 4173 veracem.

1975 4207 2258 4265 LXXVIII.
2291 4209 2412 4266 IUL.
2441 4209 2507 4265 Et
2529 4210 2668 4282 quod
2696 4226 2864 4284 usque
2889 4211 2954 4267 ad
2979 4211 3147 4284 legem
3171 4222 3276 4282 est,
3303 4209 3498 4270 ostcn-‘

1905 4300 2049 4356 ditur
2070 4316 2174 4356 non
2219 4317 2341 4358 esse
2366 4312 2489 4374 post
2527 4303 2719 4376 legem,
2747 4305 3047 4361 ostenditur
3083 4316 3357 4379 postremo
3386 4323 3498 4364 non

1907 4407 2028 4448 esse
2053 4400 2177 4463 post
2203 4391 2497 4448 Christum.

1979 4487 2112 4540 Ave.
2157 4484 2230 4539 Ita
2255 4495 2436 4541 reatus
2464 4484 2625 4556 hujus
2647 4487 2850 4558 peccati
2878 4487 3177 4543 ostenditur
3221 4503 3330 4543 non
3371 4504 3494 4544 esse

1906 4584 2028 4645 post
2053 4583 2395 4645 peccatorum
2429 4576 2796 4646 abolitionem,
2831 4578 2968 4634 sicut
2993 4593 3139 4635 mors
3165 4590 3284 4652 post
3317 4583 3499 4638 carnis

1874 4703 1878 4710 ι
1906 4667 2380 4723 resurrecdonem.

1979 4758 2216 4814 LXXIX.
2241 4759 2362 4816 JeL.
2393 4761 2470 4814 Ac
2510 4775 2605 4829 per
2634 4759 2764 4828 hoc,
2812 4763 3106 4820 secundum
3155 4777 3500 4838 argtnuenta-

1907 4853 2106 4907 tionem
2130 4867 2339 4923 quoque
2364 4864 2527 4918 tuam,
2559 4855 2684 4910 olim
2716 4871 2822 4910 non
2844 4866 2925 4912 est
2953 4875 2966 4911 :
2999 4860 3499 4918 secundum’tcsti-

1908 4947 2142 5001 monium
2166 4947 2423 5011 veritatis,
2458 4962 2730 5018 nunquam
2763 4947 2880 5004 fuit.

1980 5039 2115 5094 Avo.
2140 5036 2184 5093 0
2212 5038 2254 5092 si
2278 5054 2371 5093 vos
2401 5054 2506 5093 non
2548 5041 2760 5105 essetis,
2791 5042 2881 5112 qui
2911 5052 3097 5099 contra
3130 5044 3498 5101 testimonium

1912 5128 2147 5184 veritatis
2198 5129 2388 5184 falsum
2443 5131 2804 5187 testimonium
2854 5145 3090 5190 vestrum
3119 5145 3173 5191 et
3202 5135 3379 5191 dicitis
3399 5177 3416 5202 ,
3448 5150 3500 5191 et

1913 5221 2130 5289 insuper
2160 5220 2389 5276 scribitis
2415 5221 2430 5274 ε

1989 5311 2203 5367 LXXX.
2233 5311 2352 5367 ιω..
2385 5312 2450 5367 Et
2480 5321 2537 5368 ttt
2565 5314 2705 5385 quod
2735 5317 3268 5387 egimus,iuculcctur
3297 5331 3500 5372 memo-

1911 5405 2006 5458 rizc
2057 5403 2314 5465 lectoris:
2363 5403 2595 5460 definisti
2655 5409 2924 5476 quondam
2970 5428 2988 5462 ι
3025 5390 3336 5478 peccatum,
3374 5426 3393 5458 ι
3445 5417 3500 5463 ct

1913 5499 2146 5570 optimc,
2178 5517 2197 5550 ι
2229 5497 2359 5553 nihil
2385 5513 2504 5555 esse
2531 5499 2673 5555 aliud
2723 5517 2881 5573 quam
2932 5502 3255 5558 voluntatem
3294 5501 3510 5584 admits

1977 5659 1994 5689 ί
2029 5656 2149 5722 Etth
2166 5695 2181 5718 ,
2220 5655 2523 5721 generatione
2543 5659 2829 5712 detractura.
2852 5661 3150 5724 Castigantur
3173 5658 3232 5709 ad
3258 5667 3364 5711 Mss.
3388 5666 3502 5712 nar.

1911 5717 2230 5848 d’ar'si'fiigs.
2258 5787 2313 5831 At
2340 5781 2479 5848 editi,
2524 5787 2571 5833 et
2601 5782 2730 5847 quod
2765 5781 3014 5848 admoneri
3051 5795 3145 5833 non
3175 5790 3326 5848 potest
3349 5789 3398 5835 ut
3419 5781 3508 5836 ab"

1913 5848 2099 5908 ocatur,
2121 5841 2352 5908 imputari
2371 5856 2464 5892 non
2483 5841 2631 5906 potest
2661 5851 2710 5893 ut
2731 5843 2974 5908 partiatur.
3176 5841 3186 5848 ’
3434 5887 3444 5899 ,

1982 5905 2004 5938 ³
2034 5906 2135 5966 Hic,
2163 5905 2442 5966 sccwtdtnn,
2468 5905 2769 5970 restitulmps
2795 5920 2856 5956 ex
2884 5909 3236 5971 manuscriptts.
