3996 6480
501 392 637 450 H75

499 511 641 568 tendi
669 508 1028 581 quodjustitia
1057 518 1228 578 vetat,
1271 521 1326 566 et
1369 509 1508 565 unde
1549 507 1776 566 liberum
1806 515 1890 560 cst
1912 505 2074 559 ιιιιδιί⁴

497 619 645 659 "ch.
660 623 678 656 ι

572 699 703 749 Anc.
747 693 865 749 Jam
911 710 1227 763 responsum
1275 703 1361 748 est
1410 692 1557 763 quod
1603 690 1803 762 peccati
1857 689 1928 744 sit
1979 688 2079 740 ista

493 789 734 845 deﬁnitio
758 831 773 853 ,
815 804 917 844 non
940 789 1058 859 ejus
1082 789 1224 859 quod
1252 790 1322 843 sit
1348 797 1401 843 et
1424 804 1578 858 ιιωιιιι
1603 785 1805 856 peccati
1834 783 1852 854 (
1876 782 2077 854 Supra,

496 883 586 936 lib.
616 883 668 947 l,
701 899 817 947 cap.
850 883 963 950 47).

569 973 806 1029 LXXXI.
832 973 952 1030 Jun.
983 974 1111 1041 Quae
1140 973 1380 1028 delinitio
1402 971 1468 1026 ad
1525 969 1919 1039 intelligendam
1945 983 2076 1038 quo-

493 1082 599 1134 que
623 1066 881 1134 justitiam
914 1066 1002 1130 Dei
1029 1065 1237 1135 aperuit
1263 1065 1423 1131 viam,
1453 1075 1510 1119 ut
1537 1076 1884 1118 censeremus
1913 1059 2080 1129 aequi-

497 1165 660 1210 tatcm
683 1155 845 1210 divini
871 1156 1174 1226 neutiquam
1197 1166 1339 1210 stare
1373 1155 1557 1224 jndicii
1577 1197 1590 1218 ,
1622 1153 1722 1208 nisi
1750 1151 1878 1207 illud
1898 1153 2080 1220 impu-

497 1256 664 1302 tasset
709 1248 761 1302 in
793 1259 1091 1318 peccatum,
1118 1264 1148 1301 a
1179 1263 1286 1317 quo
1328 1247 1548 1302 nosset‘
1580 1246 1808 1304 liberum
1839 1245 2000 1300 fuisse
2029 1244 2078 1300 ei

497 1337 587 1406 qui
621 1348 836 1408 propter
863 1339 963 1393 hoc
989 1338 1260 1410 alﬂigitur,
1291 1338 1582 1393 abstinere.

569 1431 702 1487 Auc.
734 1431 955 1502 Propter
977 1432 1103 1500 quid
1125 1447 1252 1502 ergo
1280 1431 1585 1501 afﬂiguntur
1611 1428 1848 1500 parvuli,
1877 1427 1921 1482 si
1952 1427 2074 1481 nul-

497 1519 606 1574 lum
631 1521 830 1575 habent
853 1521 1071 1576 omnino
1113 1523 1426 1592 peccatum?
1448 1524 1530 1574 An
1559 1520 1897 1590 omnipotens
1923 1529 1976 1572 et
1994 1517 2080 1587 ju-

496 1618 614 1666 stus
645 1612 736 1666 Dei
769 1612 992 1680 injustas
1018 1627 1203 1682 poenas
1228 1628 1258 1668 a
1287 1621 1364 1668 tot
1389 1611 1763 1668 innocentibus
1793 1609 2080 1682 prohibere

500 1717 604 1755 non
635 1703 804 1770 potuit
826 1706 850 1755 ἰ
1128 1761 1153 1785 .
1667 1765 1672 1770 _

571 1792 828 1848 LXXXII.
871 1793 993 1848 Jun.
1041 1794 1348 1866 Magistrum
1379 1812 1504 1850 vero
1529 1795 1775 1852 Gentium
1811 1796 2076 1850 rationem

497 1884 774 1952 privilegio
794 1885 1127 1939 auctoritatis
1155 1898 1488 1950 armantem,
1521 1888 1928 1959 pronuntiasse,
1955 1887 2078 1957 quia

494 1990 594 2045 per
619 1991 779 2029 ttntun
807 1977 1074 2032 hominem
1104 1979 1154 2032 in
1183 1979 1324 2034 hunc
1361 1979 1616 2034 mundum
1665 1981 1820 2049 culpa
1848 1980 2094 2048 transieﬁ,

492 2067 598 2133 rit;
626 2070 963 2138 quonomine
990 2073 1253 2140 separavit
1281 2088 1445 2143 Opera
1476 2075 1800 2142 nuptiarum,
1827 2088 1948 2142 qua:
1961 2073 2077 2127 sine

494 2159 722 2214 duorum
746 2161 959 2230 negotio
985 2176 1102 2216 esse
1128 2179 1233 2217 non
1270 2174 1521 2233 possunt;
1546 2165 2037 2220 commendavimus
2060 2181 2074 2218 :

493 2260 652 2322 atque
683 2253 752 2308 ob
781 2253 915 2308 boc’
943 2255 1131 2309 abillo
1176 2272 1336 2310 unum
1392 2257 1554 2312 fuisse
1600 2257 1958 2321 nominatum,
2010 2271 2079 2312 ne

494 2343 614 2414 quis
642 2343 778 2399 duos
807 2345 1099 2415 intelligere
1119 2347 1364 2400 auderet.

565 2435 699 2490 Ave.
730 2434 848 2492 Iam
881 2451 1192 2504 responsum
1219 2446 1338 2492 est:
1368 2436 1580 2492 assidue
1605 2446 1656 2494 te
1685 2437 1917 2494 delectat
1941 2453 2075 2492 vana

493 2529 716 2596 garrire.

566 2619 844 2675 LXXXIII.
865 2622 983 2677 Jun.
1001 2623 1067 2678 Et
1087 2640 1142 2678 re
1166 2640 1287 2678 vera
1314 2626 1484 2679 multo
1511 2640 1611 2696 ego
1636 2626 2076 2696 consequentius,

495 2727 659 2766 untun
691 2730 847 2782 quem
876 2716 1164 2785 Apostolus
1190 2716 1336 2775 dicit,
1354 2734 1515 2771 unum
1537 2734 1743 2784 assero,
1773 2729 1828 2773 ut
1855 2718 2077 2772 doceam

493 2803 680 2857 vitium
701 2804 1032 2872 imit-dionis,
1057 2823 1159 2861 non
1185 2809 1544 2878 generationis
1569 2808 1754 2870 fuisse,
1778 2824 1936 2877 quam
1953 2807 2080 2862 Tra-

498 2896 760 2953 dncianus
777 2900 932 2955 unius
963 2902 1194 2964 tnnnine,
1223 2901 1310 2971 qui
1333 2901 1529 2955 dicitur
1560 2901 1757 2968 peccati
1781 2900 1945 2955 fuisse
1988 2915 2082 2953 ve-

492 2991 747 3046 stibulum
768 3033 782 3057 ,
811 2993 1106 3048 seminibus
1130 3010 1242 3048 rem
1265 2993 1547 3048 admovet’
1573 2994 1859 3048 voluntatis
1885 3035 1901 3059 ,
1933 2993 2076 3064 quod

492 3096 670 3137 rerum
700 3093 884 3138 natura
917 3100 1020 3138 non
1055 3085 1261 3155 recipit.

564 3171 700 3227 Atio.
734 3173 924 3228 Desine
948 3174 1087 3244 quod
1104 3175 1214 3244 jam
1238 3174 1532 3230 refellimus
1553 3177 1746 3231 iterare
1779 3193 1791 3229 :
1825 3175 1952 3247 quid
1980 3192 2081 3234 nos

489 3262 636 3332 cogis
666 3263 838 3320 adhuc
857 3266 1042 3320 cadent
1069 3276 1229 3336 atque
1249 3267 1436 3324 eadem
1463 3267 1643 3323 dicere
1667 3278 1851 3324 centra
1876 3278 2076 3323 tantam

492 3356 806 3425 sapientiam
832 3366 997 3423 tuatn,
1015 3373 1118 3428 qua
1142 3368 1294 3428 putas
1324 3359 1444 3413 ideo
1471 3375 1576 3414 non
1597 3358 1884 3429 signiﬁcari
1913 3375 2076 3430 gene-

497 3445 781 3508 rationem,
809 3447 898 3521 ubi
922 3448 1120 3503 dictum
1151 3459 1254 3516 est,
1287 3449 1392 3503 Per
1433 3467 1588 3503 unum
1619 3451 1868 3505 hominem
1897 3470 2079 3521 pecca-

492 3545 597 3588 tum
619 3537 820 3590 intravit
849 3516 900 3592 i'n
927 3541 1212 3606 mundum;
1241 3542 1363 3610 quia
1393 3557 1492 3612 per
1517 3541 1653 3595 duos
1681 3542 1738 3595 Iit
1765 3545 2075 3612 generatio,

494 3642 600 3680 non
633 3643 726 3696 per
748 3643 911 3683 unum
950 3647 964 3685 :
996 3632 1147 3701 quasi
1178 3641 1454 3702 peccatum
1479 3632 1630 3700 illud,
1661 3633 1802 3702 quod
1831 3649 1934 3688 non
1959 3635 2076 3688 vul~

493 3717 565 3771 tis
594 3720 958 3786 genemtionc,
986 3721 1080 3775 sed
1111 3722 1405 3777 imitatione
1433 3724 1705 3785 transisse,
1741 3739 1877 3778 unus
1903 3724 2078 3780 admi-

490 3810 664 3865 serit?
685 3809 815 3865 Cum
846 3828 974 3884 ergo
1001 3823 1053 3868 et
1084 3815 1254 3883 ipsum
1283 3813 1440 3868 fuerit
1471 3829 1500 3868 a
1529 3814 1734 3869 duobus
1759 3814 2074 3881 admissum,

490 3916 588 3953 cur
614 3917 702 3970 per
729 3919 883 3956 unum
908 3905 1158 3957 hominem
1184 3904 1383 3959 dictum
1413 3914 1498 3962 est
1521 3917 1779 3974 peccatum
1806 3906 2007 3960 intravit
2023 3909 2076 3960 in

490 3990 776 4056 utundum;
808 3993 907 4047 nisi
937 4009 1057 4062 qma
1113 4010 1217 4046 nou
1249 4009 1277 4045 a
1309 3993 1503 4049 femina
1550 3995 1882 4065 concipiente
1918 4007 2078 4066 atque

497 4083 760 4150 pariente,
790 4083 884 4138 sed
911 4102 941 4138 a
975 4085 1086 4138 viro
1116 4086 1415 4141 seminante
1443 4096 1524 4141 est
1539 4089 1897 4158 generationis
1917 4105 2075 4143 exor-

493 4171 641 4225 dium
663 4186 678 4236 ;
701 4184 792 4227 aut
815 4174 938 4242 quia
959 4173 1068 4244 jam
1096 4191 1200 4230 non
1232 4185 1355 4230 sunt
1377 4175 1505 4246 duo,
1525 4177 1739 4247 quando
1762 4193 1858 4248 per
1876 4180 2075 4233 coitum

498 4278 600 4316 una
637 4264 688 4316 lit
721 4263 890 4318 caro?

565 4353 848 4408 LXXXIV.
880 4354 998 4409 Jun.
1019 4354 1208 4409 Postea
1229 4371 1438 4426 queque
1455 4357 1521 4412 ad
1549 4359 1717 4428 legem
1735 4369 1950 4414 ventum
1969 4373 2072 4430 ρει,

491 4447 557 4500 ad
589 4447 740 4516 cnjus
788 4463 955 4518 usque
1003 4458 1210 4518 tempus
1259 4451 1582 4519 prmscripsit
1631 4455 1914 4520 Apostolus
1967 4471 2072 4508 non

490 4549 765 4594 ostensum
794 4541 1025 4611 viguisse
1050 4551 1346 4610 peccatum.
1381 4541 1533 4610 Quod
1577 4551 1630 4596 tu
1673 4550 1881 4612 tempus
1907 4559 2074 4613 usque

488 4628 554 4682 ad
581 4631 736 4683 linem
766 4630 896 4700 legis
925 4632 1190 4700 protelare
1217 4641 1441 4685 eonatus
1485 4648 1542 4685 es
1570 4675 1584 4696 ,
1605 4642 1609 4649 '
1629 4650 1732 4686 non
1775 4634 2073 4705 intelligens

488 4721 846 4790 nequidquam
872 4732 921 4776 te
950 4735 1412 4791 argumentatum;
1459 4724 1890 4795 quandoquidem
1933 4743 2066 4780 eon-

485 4811 874 4880 stringendnsa
900 4814 1052 4870 nobis
1079 4830 1248 4878 esses,
1281 4825 1334 4867 ιιι
1363 4815 1616 4883 probares
1647 4815 1748 4870 hoc
1772 4828 2068 4884 peccatum,

489 4902 556 4954 de
581 4917 687 4971 quo
729 4902 968 4957 mentiris
998 4905 1215 4958 Paulum
1275 4906 1541 4970 locutum,
1593 4915 1647 4959 ιιι
1691 4909 1831 4975 quod
1877 4911 2073 4963 asseris

487 5008 657 5062 usque
683 4993 750 5047 ad
778 4994 1119 5049 aboluiom-m
1175 5012 1425 5064 regnasse
1466 4996 1670 5052 Veteris
1711 4999 2068 5064 'l‘estameuti,

484 5084 572 5139 vel
595 5085 905 5154 imputatum
935 5086 1116 5153 fuisse,
1142 5089 1224 5142 vel
1249 5089 1492 5158 imputari
1527 5091 1763 5160 potuisse
1798 5093 1897 5145 sub
1925 5093 2068 5162 leg»;

485 5176 569 5230 vel
591 5185 736 5230 certe
763 5177 1153 5245 acquiesceres,
1183 5194 1285 5232 non
1315 5195 1536 5250 regnare.
1561 5191 1679 5252 post
1702 5183 1989 5242 Christum,
2015 5190 2073 5236 ut

485 5269 730 5324 sensibus
757 5269 858 5325 tuis
901 5270 1088 5326 saltem
1141 5271 1332 5328 inﬂexa
1374 5275 1636 5330 violenter
1665 5277 1903 5345 Apostoli
1931 5293 2062 5332 seo-

485 5363 648 5416 tentia
676 5374 1014 5419 consonarct.
1049 5365 1247 5420 llorum
1275 5378 1451 5422 autem
1484 5369 1614 5423 nihil
1644 5369 1793 5424 reddi
1839 5378 1943 5425 ate
1975 5387 2065 5438 po-

485 5463 611 5507 test.
642 5454 786 5509 Fidei
813 5470 940 5526 ergo
963 5466 1160 5512 nostra:
1189 5459 1425 5514 insolido
1452 5469 1534 5514 est
1557 5465 1756 5527 paritas
1782 5462 2063 5526 collocata,

483 5546 568 5598 cui
596 5555 652 5600 et
681 5547 902 5602 rationis
931 5547 1189 5613 instituta,
1215 5559 1269 5605 et
1289 5551 1508 5620 justutim
1531 5551 1760 5619 dignitas
1779 5594 1792 5616 ,
1835 5563 1890 5606 et
1921 5555 2066 5622 Apo-

551 5681 564 5752 ξ
602 5688 695 5729 tloe
719 5683 834 5732 item
858 5682 962 5733 loco
983 5685 1133 5734 verba
1157 5686 1247 5735 ista
1286 5686 1332 5734 in
1359 5684 1502 5735 editis
1526 5685 1806 5735 exciderant
1821 5722 1843 5752 ,_
1876 5684 1925 5737 in
1961 5701 2070 5752 pec-

483 5748 663 5806 catum,
697 5759 725 5791 a
752 5754 1028 5806 alienasset.
1061 5753 1110 5794 In
1130 5755 1235 5797 Mss.
1265 5755 1462 5796 exstant
1492 5755 1602 5796 Mar.
1639 5756 1760 5797 t‘ort.
1800 5749 1919 5800 tzlar.

545 5804 572 5874 ξ
601 5805 675 5874 ξιςξ
694 5804 800 5874 Mss.
835 5815 887 5856 At
908 5809 1041 5866 editi,
1066 5807 1585 5874 comnwndaivimusque
1616 5811 1672 5859 ob
1695 5810 1795 5860 hor.-

549 5863 573 5898 ⁸
601 5867 736 5928 nun,
759 5877 954 5920 uincrrt.
988 5878 1006 5915 \
1023 5863 1152 5922 crius
1175 5878 1301 5931 Mss,
1327 5863 1570 5938 admovet;
1599 5875 1695 5936 vel,
1721 5887 1963 5926 animout.

1172 395 1416 451 OPEllIS
1458 391 1863 450 IMPERFFJZTI
1902 389 2170 446 CONTRA
2207 389 2564 456 JULIAXUII,
2605 389 2660 445 S.
2701 390 3064 450 AUGUSTINI

3637 396 3781 452 “73

2193 504 2314 558 stoli
2347 521 2440 573 per
2462 505 2637 558 omnia
2665 505 2795 560 scita
2821 507 3162 564 conveniunt.

2259 597 2392 653 Anc.
2422 597 2560 654 Nihil
2601 608 2652 654 te
2697 599 2914 665 dicere,
2942 611 2998 657 et
3035 603 3173 674 quod
3214 603 3581 673 respondimus
3611 620 3775 660 mon-

2186 699 2335 752 strat,
2367 699 2420 745 et
2451 702 2503 746 tu
2532 691 2666 762 ipse.
2700 695 2984 763 Apostolus
3017 695 3160 766 quod
3189 695 3285 763 ait,
3319 696 3488 765 Usque
3511 698 3580 751 ad
3602 699 3774 770 legens

2187 794 2447 852 peccatum
2471 785 2523 838 in
2550 787 2737 840 mundo
2773 788 2894 857 fuit:
2924 804 3029 845 non
3085 790 3342 857 originale
3387 801 3594 846 tantum
3619 833 3633 854 .
3665 793 3768 847 sed

2185 890 2344 930 omne
2370 885 2642 945 peceatum
2671 878 2891 949 intelligi
2917 881 3082 934 voluit
3110 898 3122 933 :
3147 889 3202 936 et
3224 880 3342 935 ideo
3367 897 3532 952 usque
3555 882 3622 936 ad
3672 883 3758 936 le-

2183 981 2303 1035 gem
2334 967 2450 1032 fuit,
2478 969 2598 1038 quia
2618 985 2716 1024 nec
2738 971 2819 1024 lex
2845 971 3013 1040 [mtuit
3031 971 3240 1025 auferre
3263 983 3557 1040 peceatum.
3588 972 3766 1040 Usque

2183 1058 2251 1110 ad
2270 1057 2429 1128 legem
2450 1057 2646 1128 quippe
2680 1059 2879 1114 dictum
2926 1071 3046 1127 est,
3081 1071 3136 1117 ut
3164 1063 3323 1117 etiam
3375 1063 3542 1132 ipsam
3587 1064 3766 1136 legem

2184 1150 2445 1204 sententia
2487 1151 2587 1205 ista
2611 1153 2954 1207 concluderet
2983 1169 2997 1206 :
3029 1154 3296 1223 quomodo
3338 1155 3540 1211 dictum
3586 1169 3670 1211 est
3712 1157 3768 1211 in

2185 1239 2495 1310 Evangelia,
2527 1241 2712 1296 Omnes
2732 1259 2849 1315 ergo
2869 1243 2931 1296 ab
2953 1243 3208 1300 Abraham
3226 1261 3379 1312 usque
3405 1247 3472 1299 ad
3493 1244 3665 1302 David
3678 1264 3744 1318 ge
3759 1275 3774 1286 -

2183 1332 2465 1386 iterationes
2509 1334 2886 1402 quatuordeeim
2933 1334 3161 1408 (Matth.
3200 1352 3251 1402 ι,
3298 1338 3386 1409 I7)
3416 1355 3430 1392 :
3466 1353 3569 1394 non
3617 1341 3768 1395 enim

2183 1433 2409 1492 excepto
2435 1423 2618 1490 David,
2651 1426 2744 1480 sed
2797 1427 2912 1496 ipso
2958 1430 3116 1482 etiam
3157 1443 3466 1500 Computato
3511 1447 3768 1487 numerus

2184 1518 2283 1570 iste
2303 1516 2618 1586 completur.
2633 1517 2784 1572 Sicut
2803 1535 2930 1589 ergo
2951 1535 3072 1580 eum
3096 1521 3345 1576 audimus
3362 1524 3768 1592 qualuordecitu

2182 1613 2555 1679 generationes
2578 1628 2744 1682 usque
2763 1614 2828 1667 ad
2867 1615 3026 1669 David
3052 1657 3068 1682 ,
3097 1630 3203 1670 non
3227 1617 3524 1686 excipimus
3566 1617 3730 1672 David
3747 1658 3766 1684 ,

2183 1701 2276 1755 sed
2329 1703 2500 1770 ipsum
2546 1704 2710 1758 etiam
2749 1715 3158 1775 computamus:
3201 1708 3271 1762 ita
3309 1723 3431 1763 cum
3481 1708 3766 1772 audimus,

2187 1793 2356 1864 Usque
2383 1796 2450 1848 ad
2469 1796 2625 1867 legem
2655 1809 2911 1868 peccatum
2939 1799 2992 1854 in
3017 1799 3206 1854 mundo
3231 1800 3351 1868 fuit,
3382 1815 3489 1857 non
3516 1802 3782 1871 excipere.

2185 1885 2376 1956 legem,
2400 1887 2492 1941 sed
2515 1888 2672 1941 etiam
2697 1889 2862 1958 ipsam
2883 1899 3192 1960 computare
3210 1891 3484 1948 debemus.
3504 1892 3636 1960 Quia
3659 1894 3771 1948 sic-

2183 1988 2240 2033 ut
2281 1979 2440 2034 David
2480 1996 2584 2036 non
2634 1991 2717 2036 est
2754 1991 2908 2038 extra
2962 1999 3242 2039 nmnerum
3268 2025 3285 2050 ,
3335 1987 3426 2056 qui
3461 1985 3635 2042 dictus
3685 1998 3770 2042 est

2183 2085 2354 2141 usque
2375 2071 2442 2125 ad
2468 2073 2669 2140 ipsum;
2703 2073 2780 2127 sic
2805 2073 2888 2129 lex
2918 2089 3023 2129 non
3046 2084 3129 2130 est
3152 2087 3301 2131 extra
3337 2079 3768 2146 permansiouent

2183 2163 2410 2230 peccati,
2435 2163 2576 2232 quod
2599 2165 2761 2219 fuisse
2781 2165 2982 2220 dictum
3006 2177 3084 2221 est
3127 2183 3292 2237 usque
3345 2169 3411 2223 ad
3457 2171 3644 2238 ipsam.
3687 2174 3770 2227 Ac

2184 2267 2279 2320 per
2305 2251 2424 2318 hoc,
2456 2269 2614 2308 nemo
2636 2252 2772 2309 tollit
2801 2266 3100 2325 peccatum,
3132 2257 3271 2328 quod
3303 2273 3402 2313 nec
3428 2259 3511 2318 lex
3531 2301 3546 2321 ,
3577 2275 3771 2330 quam-

2182 2341 2262 2396 vis
2285 2353 2466 2398 sancta
2488 2353 2543 2399 et
2563 2343 2703 2414 justa
2723 2355 2777 2400 et
2798 2347 2955 2412 bona,
2985 2348 3157 2418 potuit
3183 2349 3414 2414 auferre,
3445 2352 3546 2406 nisi
3575 2352 3664 2408 ille
3689 2354 3765 2408 de

2181 2449 2288 2504 quo
2317 2434 2516 2490 dictum
2543 2447 2646 2502 est,
2673 2435 2804 2490 Ecce
2823 2439 2998 2509 Agnus
3027 2437 3146 2505 Dei,
3165 2456 3278 2495 ecce
3303 2442 3390 2512 qui
3407 2443 3538 2496 tollit
3559 2459 3771 2512 pecua

2182 2527 2359 2580 mundi
2391 2526 2568 2595 (Joan.
2597 2545 2611 2583 ι
2637 2571 2652 2591 .
2675 2527 2794 2600 29).
2819 2530 2980 2585 Tollit
3006 2542 3183 2588 autem
3207 2542 3260 2588 et
3289 2533 3606 2590 dimittenda
3643 2551 3774 2605 qua:

2185 2619 2317 2673 facta
2341 2627 2484 2686 sunt,
2518 2620 2605 2674 ubi
2626 2629 2680 2674 et
2698 2621 2955 2690 originale
2977 2622 3477 2692 comprehenditur;
3504 2635 3556 2680 et
3601 2627 3764 2696 adju-

2185 2713 2358 2766 vando
2386 2728 2452 2768 ne
2499 2714 2660 2779 ﬁant,
2714 2723 2768 2768 et
2811 2714 3152 2784 perducendo
3193 2717 3260 2772 ad
3296 2717 3458 2773 vitam
3504 2719 3592 2775 ubi
3643 2721 3766 2777 ﬁeri

2183 2805 2402 2857 omnino
2422 2820 2525 2858 non
2551 2807 2772 2872 possint.

2255 2895 2518 2950 LXXXV.
2544 2896 2661 2953 Jun.
2696 2898 2800 2953 Sed
2827 2898 3101 2954 videamus
3141 2909 3194 2955 et
3218 2901 3444 2972 reliqua.
3474 2901 3769 2972 Postquam

2182 3003 2310 3056 ergo
2334 2987 2534 3054 dixisti,
2568 3006 2586 3039 ι
2609 2989 2732 3043 Ηιῡο
2759 2989 2924 3044 forma
2959 3008 3062 3046 non
3091 2992 3236 3046 omni
3271 3007 3333 3047 ex
3363 3004 3511 3063 parte
3548 2995 3771 3048 confor-

2183 3081 2284 3134 mis
2306 3089 2388 3135 est
2407 3097 2422 3146 ;
2455 3099 2476 3133 ι
2507 3079 2779 3151 adjnngis,
2801 3100 2818 3134 ι
2844 3081 2992 3137 Unde
3013 3083 3098 3137 hic
3122 3083 3410 3153 Apostolus
3425 3093 3644 3139 secutus
3665 3086 3767 3138 ad-

2176 3175 2382 3246 junxit,
2410 3173 2515 3232 Sed
2534 3192 2636 3228 non
2661 3175 2787 3229 sicut
2816 3175 3076 3242 delictum,
3105 3177 3175 3230 ita
3205 3186 3252 3230 et
3280 3176 3488 3231 donatio
3515 3191 3535 3231 .'
3560 3175 3606 3232 si
3628 3178 3769 3232 enim

2181 3268 2242 3321 ob
2263 3267 2409 3321 unius
2430 3266 2668 3321 delictum
2687 3267 2837 3322 multi
2857 3269 3044 3322 mortui
3061 3279 3197 3334 sunt,
3223 3268 3380 3324 multo
3411 3270 3572 3340 magis
3596 3271 3771 3340 gratia

2179 3355 2277 3411 Dei
2303 3366 2349 3411 et
2371 3357 2563 3410 donum
2588 3357 2640 3411 in
2679 3360 2845 3428 gratia
2866 3359 3016 3414 unius
3067 3359 3285 3414 hominis
3333 3358 3459 3414 Jestt
3482 3359 3666 3415 Christi
3713 3361 3772 3416 its

2183 3451 2354 3518 plures
2378 3449 2651 3504 abundavit
2685 3450 2892 3520 s(liom.
2915 3467 2969 3518 v,
2992 3452 3078 3513 12.
3107 3453 3329 3522 I5,15).
3353 3451 3521 3520 Quam
3549 3461 3774 3510 senten-

2183 3541 2310 3594 tiam
2356 3539 2458 3596 hoc
2501 3541 2658 3595 modo
2699 3542 2966 3610 exponis:
2995 3561 3013 3594 ι
3046 3543 3182 3610 Quid
3237 3554 3314 3598 est
3342 3584 3358 3609 ,
3405 3543 3564 3598 multo
3601 3546 3774 3618 magis

2180 3632 2476 3696 abundavit;
2507 3633 2604 3686 nisi
2627 3633 2749 3702 quia
2773 3644 2960 3688 omnes
2989 3635 3076 3703 qui
3105 3649 3198 3704 per
3236 3633 3505 3689 Christum
3529 3635 3770 3690 liberan-

2183 3734 2288 3790 tur,
2321 3725 2681 3794 temporaliter
2713 3733 2930 3794 propter
2966 3725 3133 3780 Adam
3181 3725 3504 3789 moriuntur,
3547 3736 3769 3794 propter

2181 3814 2352 3883 ipsum
2374 3823 2549 3870 autem
2567 3812 2834 3870 Christum
2863 3817 2980 3870 sine
3009 3816 3112 3871 ﬁne
3125 3816 3310 3870 victuri
3328 3827 3451 3870 sunt
3484 3816 3616 3886 s(De
3641 3817 3766 3871 Nu-

2180 3907 2299 3975 ptiis
2325 3914 2372 3959 et
2397 3905 2834 3975 Concupiscentia,
2867 3907 2954 3962 lib.
3002 3908 3058 3972 2,
3111 3924 3164 3961 ιι.
3209 3907 3341 3977 46)ἳ
3400 3907 3771 3965 Pronuntiavit

2179 4011 2324 4054 certe
2345 3999 2650 4069 Apostolus,
2680 3999 2748 4056 de
2771 4001 2924 4070 cujus
2971 4001 3124 4055 nobis
3162 4009 3247 4056 est
3296 3999 3547 4072 opinione
3587 4012 3770 4056 certa-

2180 4110 2337 4161 men,
2361 4093 2632 4149 efﬁcacius
2669 4096 2879 4164 operari
2899 4094 2964 4149 ad
2995 4096 3332 4150 collationem
3361 4094 3549 4148 salutis
3577 4103 3632 4150 et
3669 4110 3771 4150 co-

2181 4185 2383 4255 piosius
2401 4187 2624 4256 gratiam
2652 4187 2966 4252 Salvatoris,
3001 4202 3160 4256 quant
3204 4195 3478 4256 peccatum
3512 4185 3674 4250 Adin;
3706 4197 3770 4244 ut

2179 4277 2486 4332 Osteiitleret
2509 4278 2676 4332 multo
2704 4277 3072 4333 vehementius
3097 4277 3361 4347 profuisse
3385 4277 3680 4343 Christum,
3706 4289 3766 4334 et

2181 4369 2419 4436 ιιιιιιοίΙιιις
2441 4370 2722 4439 profuisse,
2771 4370 2925 4439 cujus
2953 4369 3223 4440 gratia(ut
3267 4370 3381 4440 ipso
3433 4369 3548 4440 ejus
3596 4370 3771 4424 verbo

2180 4463 2323 4532 utar)
2349 4463 2616 4515 abimdarit
2643 4463 2698 4516 in
2710 4464 2904 4533 plures,
2922 4479 3078 4531 quam
3099 4463 3589 4532 prtnvaricationem
3605 4462 3768 4532 primi

2181 4552 2412 4607 hominis
2439 4555 2710 4617 nocuisse,
2741 4569 2898 4623 quem
2923 4555 2936 4584 ¹
2973 4562 3025 4607 ιιι
3053 4553 3184 4608 dicis
3209 4553 3502 4608 seminibus
3531 4553 3772 4624 illigasse

2180 4658 2450 4717 peccatum
2461 4685 2474 4700 .

2249 4743 2385 4812 Anc.
2414 4741 2576 4795 Multo
2598 4741 2757 4812 magis
2778 4739 3075 4806 abundavit,
3101 4739 3235 4794 dixit
3261 4757 3274 4793 :
3307 4754 3411 4794 non
3437 4781 3454 4807 ,
3506 4738 3562 4794 In
3591 4740 3768 4810 magis

2179 4807 2408 4897 multus;
2438 4833 2486 4886 id
2513 4841 2612 4896 est,
2643 4849 2772 4894 non,
2797 4831 2851 4886 In
2875 4831 3078 4900 plures.
3105 4830 3234 4899 Quis
3260 4834 3403 4885 enim
3439 4847 3544 4885 non
3585 4830 3766 4886 videat

2179 4924 2356 4992 plures
2380 4939 2498 4977 esse
2530 4923 2580 4976 in
2609 4938 2803 4994 genere
2833 4921 3064 4975 humano
3083 4963 3099 4987 ,
3140 4920 3193 4976 in
3218 4937 3352 4991 quos
3384 4937 3487 4975 non
3519 4920 3765 4976 abuudac

2176 5018 2284 5078 vit;
2312 5023 2367 5067 ut
2393 5029 2456 5067 ex
2480 5013 2719 5082 pluribus
2741 5012 3116 5068 ostenderetur
3140 5013 3264 5084 quid
3297 5014 3560 5068 universa:
3606 5028 3757 5068 mas.

2176 5105 2632 5175 sarjustojudicio
2680 5103 2983 5171 deberetur,
3019 5105 3118 5158 nisi
3167 5105 3255 5159 ubi
3305 5105 3469 5160 vellet
3520 5105 3753 5174 Spiritu!

2175 5201 2436 5269 spiraret,
2459 5208 2513 5251 et
2536 5198 2675 5252 Deus
2701 5212 2836 5268 quos
2862 5197 3167 5267 dignaretur
3188 5205 3401 5251 vocaret
3427 5237 3444 5263 ,
3492 5206 3545 5250 et
3589 5209 3750 5264 quem

2176 5291 2334 5344 vellet
2395 5289 2697 5359 religiosum
2756 5287 2954 5344 faceret
3029 5288 3404 5358 (Ambrosius,
3454 5287 3543 5342 lib.
3594 5287 3626 5342 7
3704 5288 3761 5345 in

2179 5383 2305 5438 Luc.
2348 5383 2473 5448 Ix)?

2249 5475 2530 5532 LXXXVI.
2562 5475 2682 5531 Jun.
2721 5475 2892 5531 Proba
2922 5473 3102 5544 igitur,
3153 5471 3253 5527 hoc
3308 5469 3454 5542 quod
3498 5470 3774 5528 intellexit

2177 5569 2467 5641 Apostolus
2495 5571 2684 5624 vestris
2712 5568 2981 5623 coluerere
3006 5565 3368 5636 dogmatibus.

2247 5665 2378 5716 Αυῦ.
2403 5659 2669 5728 Legantnr
2695 5659 2853 5714 verba
2884 5659 3000 5727 ejus
3028 5657 3144 5710 sine
3172 5657 3524 5725 perversitate
3579 5655 3772 5726 legen-

2177 5758 2305 5812 tium
2330 5798 2344 5819 ,
2372 5753 2542 5823 qualis
2565 5753 2721 5806 estin
2760 5751 3026 5812 vobis-.et
3057 5750 3200 5805 nulla
3239 5750 3341 5805 alia
3393 5749 3636 5820 probatio
3677 5765 3772 5804 ιιιο

2247 5873 2258 5902 ¹
2297 5868 2430 5929 ιῖιιίιι,
2456 5879 2615 5932 quam.
2646 5872 2770 5925 ιιεις.Ι
2795 5876 2950 5928 quem.
