  <div class='ocr_page' id='page_1' title='image "/cluster/home/n/w/nwhite01/storage/ocr_20150623/45/hvd.32044015471501/102.png"; bbox 0 0 3950 6476; ppageno 0'>
   <div class='ocr_carea' id='block_1_1' title="bbox 198 402 312 461">
    <p class='ocr_par' dir='ltr' id='par_1_1' title="bbox 198 402 312 461">
     <span class='ocr_line' id='line_1_1' title="bbox 198 402 312 461; baseline -0.07 0"><span class='ocrx_word' id='word_1_1' title='bbox 198 402 312 461; x_wconf 75' lang='lat' dir='ltr'><strong>I177</strong></span> 
     </span>
    </p>
   </div>
   <div class='ocr_carea' id='block_1_2' title="bbox 193 522 1157 590">
    <p class='ocr_par' dir='ltr' id='par_1_2' title="bbox 193 522 1157 590">
     <span class='ocr_line' id='line_1_2' title="bbox 193 522 1157 590; baseline -0.003 -19"><span class='ocrx_word' id='word_1_2' title='bbox 193 522 424 590; x_wconf 79' lang='lat' dir='ltr'><strong>quiretttt‘.</strong></span> <span class='ocrx_word' id='word_1_3' title='bbox 1155 533 1157 536; x_wconf 65' lang='lat'><em>‘</em></span> 
     </span>
    </p>
   </div>
   <div class='ocr_carea' id='block_1_3' title="bbox 250 591 1742 662">
    <p class='ocr_par' dir='ltr' id='par_1_3' title="bbox 250 591 1742 662">
     <span class='ocr_line' id='line_1_3' title="bbox 250 591 1742 662; baseline -0.015 0"><span class='ocrx_word' id='word_1_4' title='bbox 250 599 542 662; x_wconf 70' lang='lat' dir='ltr'><strong>LXXXVII.</strong></span> <span class='ocrx_word' id='word_1_5' title='bbox 571 598 691 654; x_wconf 69' lang='lat' dir='ltr'><strong>Inc.</strong></span> <span class='ocrx_word' id='word_1_6' title='bbox 719 597 775 653; x_wconf 88' lang='lat' dir='ltr'><strong>Si</strong></span> <span class='ocrx_word' id='word_1_7' title='bbox 795 596 937 652; x_wconf 89' lang='lat' dir='ltr'><strong>enim</strong></span> <span class='ocrx_word' id='word_1_8' title='bbox 964 593 1131 649; x_wconf 79' lang='lat' dir='ltr'><strong>Adam</strong></span> <span class='ocrx_word' id='word_1_9' title='bbox 1153 635 1167 658; x_wconf 96' lang='lat'><strong>,</strong></span> <span class='ocrx_word' id='word_1_10' title='bbox 1201 601 1253 646; x_wconf 91' lang='lat' dir='ltr'><strong>ut</strong></span> <span class='ocrx_word' id='word_1_11' title='bbox 1285 591 1460 646; x_wconf 89' lang='lat' dir='ltr'><strong>dicitis</strong></span> <span class='ocrx_word' id='word_1_12' title='bbox 1480 633 1495 654; x_wconf 91' lang='lat'><strong>,</strong></span> <span class='ocrx_word' id='word_1_13' title='bbox 1526 601 1742 659; x_wconf 77' lang='lat' dir='ltr'><strong>peccato</strong></span> 
     </span>
    </p>
   </div>
   <div class='ocr_carea' id='block_1_4' title="bbox 193 684 1743 762">
    <p class='ocr_par' dir='ltr' id='par_1_4' title="bbox 193 684 1743 762">
     <span class='ocr_line' id='line_1_4' title="bbox 193 684 1743 762; baseline -0.012 -10"><span class='ocrx_word' id='word_1_14' title='bbox 193 694 389 753; x_wconf 73' lang='lat' dir='ltr'><strong>naturali</strong></span> <span class='ocrx_word' id='word_1_15' title='bbox 429 691 704 762; x_wconf 75' lang='lat' dir='ltr'><strong>generavit</strong></span> <span class='ocrx_word' id='word_1_16' title='bbox 740 702 926 744; x_wconf 88' lang='lat' dir='ltr'><strong>omnes</strong></span> <span class='ocrx_word' id='word_1_17' title='bbox 966 686 1017 739; x_wconf 93' lang='lat' dir='ltr'><strong>in</strong></span> <span class='ocrx_word' id='word_1_18' title='bbox 1058 684 1592 745; x_wconf 86' lang='lat' dir='ltr'><strong>condemnationem,</strong></span> <span class='ocrx_word' id='word_1_19' title='bbox 1627 692 1743 733; x_wconf 90' lang='lat' dir='ltr'><strong>tan-</strong></span> 
     </span>
    </p>
   </div>
   <div class='ocr_carea' id='block_1_5' title="bbox 196 773 1737 857">
    <p class='ocr_par' dir='ltr' id='par_1_5' title="bbox 196 773 1737 857">
     <span class='ocr_line' id='line_1_5' title="bbox 196 773 1737 857; baseline -0.012 -14"><span class='ocrx_word' id='word_1_20' title='bbox 196 802 384 857; x_wconf 87' lang='lat' dir='ltr'><strong>uuoque</strong></span> <span class='ocrx_word' id='word_1_21' title='bbox 409 785 475 839; x_wconf 91' lang='lat' dir='ltr'><strong>de</strong></span> <span class='ocrx_word' id='word_1_22' title='bbox 510 782 622 837; x_wconf 79' lang='lat' dir='ltr'><strong>suis</strong></span> <span class='ocrx_word' id='word_1_23' title='bbox 663 781 954 836; x_wconf 75' lang='lat' dir='ltr'><strong>visceribus</strong></span> <span class='ocrx_word' id='word_1_24' title='bbox 987 779 1038 831; x_wconf 90' lang='lat' dir='ltr'><strong>in</strong></span> <span class='ocrx_word' id='word_1_25' title='bbox 1077 777 1315 831; x_wconf 76' lang='lat' dir='ltr'><strong>sobolem</strong></span> <span class='ocrx_word' id='word_1_26' title='bbox 1341 776 1486 829; x_wconf 82' lang='lat' dir='ltr'><strong>virus</strong></span> <span class='ocrx_word' id='word_1_27' title='bbox 1520 773 1737 839; x_wconf 80' lang='lat' dir='ltr'><strong>effudit,</strong></span> 
     </span>
    </p>
   </div>
   <div class='ocr_carea' id='block_1_6' title="bbox 193 865 1736 937">
    <p class='ocr_par' dir='ltr' id='par_1_6' title="bbox 193 865 1736 937">
     <span class='ocr_line' id='line_1_6' title="bbox 193 865 1736 937; baseline -0.012 -1"><span class='ocrx_word' id='word_1_28' title='bbox 193 893 238 937; x_wconf 89' lang='lat' dir='ltr'><strong>ut</strong></span> <span class='ocrx_word' id='word_1_29' title='bbox 270 881 316 934; x_wconf 83' lang='lat' dir='ltr'><strong>iit</strong></span> <span class='ocrx_word' id='word_1_30' title='bbox 345 888 522 930; x_wconf 83' lang='lat' dir='ltr'><strong>natura</strong></span> <span class='ocrx_word' id='word_1_31' title='bbox 558 873 788 927; x_wconf 84' lang='lat' dir='ltr'><strong>hominis</strong></span> <span class='ocrx_word' id='word_1_32' title='bbox 824 881 1012 926; x_wconf 88' lang='lat' dir='ltr'><strong>cuncta</strong></span> <span class='ocrx_word' id='word_1_33' title='bbox 1051 869 1144 924; x_wconf 87' lang='lat' dir='ltr'><strong>Dei</strong></span> <span class='ocrx_word' id='word_1_34' title='bbox 1187 867 1421 921; x_wconf 65' lang='lat' dir='ltr'><strong>instituti</strong></span> <span class='ocrx_word' id='word_1_35' title='bbox 1463 865 1736 929; x_wconf 72' lang='lat' dir='ltr'><strong>turbaret;</strong></span> 
     </span>
    </p>
   </div>
   <div class='ocr_carea' id='block_1_7' title="bbox 247 957 1737 1035">
    <p class='ocr_par' dir='ltr' id='par_1_7' title="bbox 247 957 1737 1035">
     <span class='ocr_line' id='line_1_7' title="bbox 247 957 1737 1035; baseline -0.014 -7"><span class='ocrx_word' id='word_1_36' title='bbox 247 976 367 1028; x_wconf 78' lang='lat' dir='ltr'><strong>Atto.</strong></span> <span class='ocrx_word' id='word_1_37' title='bbox 392 965 614 1035; x_wconf 81' lang='lat' dir='ltr'><strong>Quando</strong></span> <span class='ocrx_word' id='word_1_38' title='bbox 657 964 930 1034; x_wconf 85' lang='lat' dir='ltr'><strong>parvulmn</strong></span> <span class='ocrx_word' id='word_1_39' title='bbox 957 961 1173 1030; x_wconf 78' lang='lat' dir='ltr'><strong>Spiritus</strong></span> <span class='ocrx_word' id='word_1_40' title='bbox 1200 968 1353 1013; x_wconf 76' lang='lat' dir='ltr'><strong>vexat</strong></span> <span class='ocrx_word' id='word_1_41' title='bbox 1395 957 1694 1011; x_wconf 84' lang='lat' dir='ltr'><strong>immundus</strong></span> <span class='ocrx_word' id='word_1_42' title='bbox 1719 996 1737 1024; x_wconf 85' lang='lat'><strong>,</strong></span> 
     </span>
    </p>
   </div>
   <div class='ocr_carea' id='block_1_8' title="bbox 195 1050 1737 1131">
    <p class='ocr_par' dir='ltr' id='par_1_8' title="bbox 195 1050 1737 1131">
     <span class='ocr_line' id='line_1_8' title="bbox 195 1050 1737 1131; baseline -0.014 -8"><span class='ocrx_word' id='word_1_43' title='bbox 195 1070 493 1131; x_wconf 78' lang='lat' dir='ltr'><strong>animamque</strong></span> <span class='ocrx_word' id='word_1_44' title='bbox 521 1060 638 1129; x_wconf 83' lang='lat' dir='ltr'><strong>ejus</strong></span> <span class='ocrx_word' id='word_1_45' title='bbox 658 1070 708 1112; x_wconf 87' lang='lat' dir='ltr'><strong>et</strong></span> <span class='ocrx_word' id='word_1_46' title='bbox 733 1071 929 1126; x_wconf 88' lang='lat' dir='ltr'><strong>corpus</strong></span> <span class='ocrx_word' id='word_1_47' title='bbox 956 1054 1169 1124; x_wconf 86' lang='lat' dir='ltr'><strong>altligit,</strong></span> <span class='ocrx_word' id='word_1_48' title='bbox 1206 1066 1394 1106; x_wconf 84' lang='lat' dir='ltr'><strong>sensus</strong></span> <span class='ocrx_word' id='word_1_49' title='bbox 1427 1050 1737 1104; x_wconf 86' lang='lat' dir='ltr'><strong>sanitatem-</strong></span> 
     </span>
    </p>
   </div>
   <div class='ocr_carea' id='block_1_9' title="bbox 194 1142 1739 1231">
    <p class='ocr_par' dir='ltr' id='par_1_9' title="bbox 194 1142 1739 1231">
     <span class='ocr_line' id='line_1_9' title="bbox 194 1142 1739 1231; baseline -0.011 -21"><span class='ocrx_word' id='word_1_50' title='bbox 194 1177 275 1231; x_wconf 81' lang='lat' dir='ltr'><strong>que</strong></span> <span class='ocrx_word' id='word_1_51' title='bbox 297 1154 572 1226; x_wconf 78' lang='lat' dir='ltr'><strong>pervertit;</strong></span> <span class='ocrx_word' id='word_1_52' title='bbox 596 1166 773 1206; x_wconf 90' lang='lat' dir='ltr'><strong>nonne</strong></span> <span class='ocrx_word' id='word_1_53' title='bbox 805 1149 1046 1203; x_wconf 84' lang='lat' dir='ltr'><strong>universa</strong></span> <span class='ocrx_word' id='word_1_54' title='bbox 1075 1147 1210 1212; x_wconf 80' lang='lat' dir='ltr'><strong>ejus,</strong></span> <span class='ocrx_word' id='word_1_55' title='bbox 1235 1159 1390 1214; x_wconf 89' lang='lat' dir='ltr'><strong>quam</strong></span> <span class='ocrx_word' id='word_1_56' title='bbox 1424 1143 1560 1196; x_wconf 87' lang='lat' dir='ltr'><strong>Deus</strong></span> <span class='ocrx_word' id='word_1_57' title='bbox 1590 1142 1739 1196; x_wconf 78' lang='lat' dir='ltr'><strong>insti-</strong></span> 
     </span>
    </p>
   </div>
   <div class='ocr_carea' id='block_1_10' title="bbox 195 1233 1739 1313">
    <p class='ocr_par' dir='ltr' id='par_1_10' title="bbox 195 1233 1739 1313">
     <span class='ocr_line' id='line_1_10' title="bbox 195 1233 1739 1313; baseline -0.014 -8"><span class='ocrx_word' id='word_1_58' title='bbox 195 1252 303 1313; x_wconf 86' lang='lat' dir='ltr'><strong>tuit,</strong></span> <span class='ocrx_word' id='word_1_59' title='bbox 329 1256 504 1302; x_wconf 77' lang='lat' dir='ltr'><strong>natum</strong></span> <span class='ocrx_word' id='word_1_60' title='bbox 536 1241 802 1298; x_wconf 84' lang='lat' dir='ltr'><strong>turbatur?</strong></span> <span class='ocrx_word' id='word_1_61' title='bbox 833 1255 932 1296; x_wconf 88' lang='lat' dir='ltr'><strong>nec</strong></span> <span class='ocrx_word' id='word_1_62' title='bbox 962 1237 1210 1292; x_wconf 82' lang='lat' dir='ltr'><strong>iuvenilis</strong></span> <span class='ocrx_word' id='word_1_63' title='bbox 1235 1235 1455 1290; x_wconf 89' lang='lat' dir='ltr'><strong>omnino</strong></span> <span class='ocrx_word' id='word_1_64' title='bbox 1476 1234 1608 1288; x_wconf 90' lang='lat' dir='ltr'><strong>tanti</strong></span> <span class='ocrx_word' id='word_1_65' title='bbox 1643 1233 1739 1286; x_wconf 81' lang='lat' dir='ltr'><strong>lin-</strong></span> 
     </span>
    </p>
   </div>
   <div class='ocr_carea' id='block_1_11' title="bbox 195 1325 1738 1418">
    <p class='ocr_par' dir='ltr' id='par_1_11' title="bbox 195 1325 1738 1418">
     <span class='ocr_line' id='line_1_11' title="bbox 195 1325 1738 1418; baseline -0.013 -19"><span class='ocrx_word' id='word_1_66' title='bbox 195 1349 264 1418; x_wconf 68' lang='lat' dir='ltr'><strong>ius</strong></span> <span class='ocrx_word' id='word_1_67' title='bbox 281 1342 388 1397; x_wconf 87' lang='lat' dir='ltr'><strong>mali</strong></span> <span class='ocrx_word' id='word_1_68' title='bbox 419 1339 663 1394; x_wconf 76' lang='lat' dir='ltr'><strong>meritum</strong></span> <span class='ocrx_word' id='word_1_69' title='bbox 684 1365 712 1400; x_wconf 88' lang='lat'><strong>,-</strong></span> <span class='ocrx_word' id='word_1_70' title='bbox 733 1343 991 1405; x_wconf 79' lang='lat' dir='ltr'><strong>negantes</strong></span> <span class='ocrx_word' id='word_1_71' title='bbox 1017 1330 1277 1401; x_wconf 78' lang='lat' dir='ltr'><strong>originale</strong></span> <span class='ocrx_word' id='word_1_72' title='bbox 1305 1337 1602 1398; x_wconf 78' lang='lat' dir='ltr'><strong>peccatum.</strong></span> <span class='ocrx_word' id='word_1_73' title='bbox 1632 1325 1738 1379; x_wconf 90' lang='lat' dir='ltr'><strong>Cur</strong></span> 
     </span>
    </p>
   </div>
   <div class='ocr_carea' id='block_1_12' title="bbox 191 1417 1736 1493">
    <p class='ocr_par' dir='ltr' id='par_1_12' title="bbox 191 1417 1736 1493">
     <span class='ocr_line' id='line_1_12' title="bbox 191 1417 1736 1493; baseline -0.015 0"><span class='ocrx_word' id='word_1_74' title='bbox 191 1417 306 1493; x_wconf 80' lang='lat' dir='ltr'><strong>enim</strong></span> <span class='ocrx_word' id='word_1_75' title='bbox 331 1450 427 1486; x_wconf 92' lang='lat' dir='ltr'><strong>non</strong></span> <span class='ocrx_word' id='word_1_76' title='bbox 448 1430 540 1488; x_wconf 50' lang='lat' dir='ltr'><strong>.bic</strong></span> <span class='ocrx_word' id='word_1_77' title='bbox 565 1428 797 1483; x_wconf 90' lang='lat' dir='ltr'><strong>attendis</strong></span> <span class='ocrx_word' id='word_1_78' title='bbox 819 1467 836 1490; x_wconf 91' lang='lat'><strong>,</strong></span> <span class='ocrx_word' id='word_1_79' title='bbox 865 1426 916 1480; x_wconf 89' lang='lat' dir='ltr'><strong>in</strong></span> <span class='ocrx_word' id='word_1_80' title='bbox 949 1433 1135 1477; x_wconf 78' lang='lat' dir='ltr'><strong>nattn&#39;a</strong></span> <span class='ocrx_word' id='word_1_81' title='bbox 1163 1419 1393 1475; x_wconf 88' lang='lat' dir='ltr'><strong>hominis</strong></span> <span class='ocrx_word' id='word_1_82' title='bbox 1424 1434 1516 1487; x_wconf 86' lang='lat' dir='ltr'><strong>per</strong></span> <span class='ocrx_word' id='word_1_83' title='bbox 1540 1417 1736 1470; x_wconf 90' lang='lat' dir='ltr'><strong>diaboli</strong></span> 
     </span>
    </p>
   </div>
   <div class='ocr_carea' id='block_1_13' title="bbox 193 1512 1736 1584">
    <p class='ocr_par' dir='ltr' id='par_1_13' title="bbox 193 1512 1736 1584">
     <span class='ocr_line' id='line_1_13' title="bbox 193 1512 1736 1584; baseline -0.014 0"><span class='ocrx_word' id='word_1_84' title='bbox 193 1530 312 1584; x_wconf 81' lang='lat' dir='ltr'><strong>virus</strong></span> <span class='ocrx_word' id='word_1_85' title='bbox 333 1531 508 1579; x_wconf 83' lang='lat' dir='ltr'><strong>etincta</strong></span> <span class='ocrx_word' id='word_1_86' title='bbox 540 1520 636 1578; x_wconf 94' lang='lat' dir='ltr'><strong>Dei</strong></span> <span class='ocrx_word' id='word_1_87' title='bbox 667 1519 904 1574; x_wconf 86' lang='lat' dir='ltr'><strong>instituta</strong></span> <span class='ocrx_word' id='word_1_88' title='bbox 949 1512 1187 1570; x_wconf 85' lang='lat' dir='ltr'><strong>turbari?</strong></span> <span class='ocrx_word' id='word_1_89' title='bbox 1233 1512 1324 1568; x_wconf 83' lang='lat' dir='ltr'><strong>Dic</strong></span> <span class='ocrx_word' id='word_1_90' title='bbox 1352 1526 1566 1565; x_wconf 87' lang='lat' dir='ltr'><strong>causam</strong></span> <span class='ocrx_word' id='word_1_91' title='bbox 1613 1524 1736 1577; x_wconf 60' lang='lat' dir='ltr'><strong>paro</strong></span> 
     </span>
    </p>
   </div>
   <div class='ocr_carea' id='block_1_14' title="bbox 194 1600 1734 1680">
    <p class='ocr_par' dir='ltr' id='par_1_14' title="bbox 194 1600 1734 1680">
     <span class='ocr_line' id='line_1_14' title="bbox 194 1600 1734 1680; baseline -0.014 -9"><span class='ocrx_word' id='word_1_92' title='bbox 194 1618 295 1680; x_wconf 86' lang='lat' dir='ltr'><strong>vnli,</strong></span> <span class='ocrx_word' id='word_1_93' title='bbox 321 1615 398 1669; x_wconf 83' lang='lat' dir='ltr'><strong>die</strong></span> <span class='ocrx_word' id='word_1_94' title='bbox 419 1622 618 1667; x_wconf 88' lang='lat' dir='ltr'><strong>reatum</strong></span> <span class='ocrx_word' id='word_1_95' title='bbox 638 1609 756 1678; x_wconf 88' lang='lat' dir='ltr'><strong>ejus</strong></span> <span class='ocrx_word' id='word_1_96' title='bbox 771 1607 854 1662; x_wconf 90' lang='lat' dir='ltr'><strong>cui</strong></span> <span class='ocrx_word' id='word_1_97' title='bbox 881 1620 1070 1661; x_wconf 80' lang='lat' dir='ltr'><strong>recens</strong></span> <span class='ocrx_word' id='word_1_98' title='bbox 1092 1613 1214 1657; x_wconf 88' lang='lat' dir='ltr'><strong>nato</strong></span> <span class='ocrx_word' id='word_1_99' title='bbox 1239 1603 1254 1632; x_wconf 83' lang='grc'>¹</span> <span class='ocrx_word' id='word_1_100' title='bbox 1279 1603 1376 1656; x_wconf 88' lang='lat' dir='ltr'><strong>ista</strong></span> <span class='ocrx_word' id='word_1_101' title='bbox 1403 1600 1734 1668; x_wconf 84' lang='lat' dir='ltr'><strong>contingunt,</strong></span> 
     </span>
    </p>
   </div>
   <div class='ocr_carea' id='block_1_15' title="bbox 193 1690 1738 1779">
    <p class='ocr_par' dir='ltr' id='par_1_15' title="bbox 193 1690 1738 1779">
     <span class='ocr_line' id='line_1_15' title="bbox 193 1690 1738 1779; baseline -0.012 -19"><span class='ocrx_word' id='word_1_102' title='bbox 193 1709 266 1779; x_wconf 79' lang='lat' dir='ltr'><strong>qui</strong></span> <span class='ocrx_word' id='word_1_103' title='bbox 289 1723 378 1760; x_wconf 88' lang='lat' dir='ltr'><strong>ltotl</strong></span> <span class='ocrx_word' id='word_1_104' title='bbox 401 1705 474 1756; x_wconf 83' lang='lat' dir='ltr'><strong>vis</strong></span> <span class='ocrx_word' id='word_1_105' title='bbox 500 1702 658 1754; x_wconf 90' lang='lat' dir='ltr'><strong>verba</strong></span> <span class='ocrx_word' id='word_1_106' title='bbox 681 1698 968 1770; x_wconf 55' lang='lat' dir='ltr'><strong>apostolica</strong></span> <span class='ocrx_word' id='word_1_107' title='bbox 991 1696 1066 1749; x_wconf 73' lang='lat' dir='ltr'><strong>sic</strong></span> <span class='ocrx_word' id='word_1_108' title='bbox 1094 1694 1334 1764; x_wconf 87' lang='lat' dir='ltr'><strong>accipere</strong></span> <span class='ocrx_word' id='word_1_109' title='bbox 1351 1734 1365 1757; x_wconf 95' lang='lat'><strong>,</strong></span> <span class='ocrx_word' id='word_1_110' title='bbox 1394 1690 1738 1762; x_wconf 84' lang='lat' dir='ltr'><strong>quemadmo-</strong></span> 
     </span>
    </p>
   </div>
   <div class='ocr_carea' id='block_1_16' title="bbox 193 1781 1736 1866">
    <p class='ocr_par' dir='ltr' id='par_1_16' title="bbox 193 1781 1736 1866">
     <span class='ocr_line' id='line_1_16' title="bbox 193 1781 1736 1866; baseline -0.014 -11"><span class='ocrx_word' id='word_1_111' title='bbox 193 1803 294 1855; x_wconf 88' lang='lat' dir='ltr'><strong>dum</strong></span> <span class='ocrx_word' id='word_1_112' title='bbox 313 1796 486 1866; x_wconf 82' lang='lat' dir='ltr'><strong>accipit</strong></span> <span class='ocrx_word' id='word_1_113' title='bbox 506 1809 570 1848; x_wconf 80' lang='lat' dir='ltr'><strong>ex</strong></span> <span class='ocrx_word' id='word_1_114' title='bbox 598 1807 705 1862; x_wconf 90' lang='lat' dir='ltr'><strong>quo</strong></span> <span class='ocrx_word' id='word_1_115' title='bbox 723 1801 805 1844; x_wconf 89' lang='lat' dir='ltr'><strong>est</strong></span> <span class='ocrx_word' id='word_1_116' title='bbox 830 1788 1068 1842; x_wconf 82' lang='lat' dir='ltr'><strong>instituta</strong></span> <span class='ocrx_word' id='word_1_117' title='bbox 1093 1784 1357 1840; x_wconf 89' lang='lat' dir='ltr'><strong>catholica</strong></span> <span class='ocrx_word' id='word_1_118' title='bbox 1394 1781 1654 1844; x_wconf 82' lang='lat' dir='ltr'><strong>Ecclesia,</strong></span> <span class='ocrx_word' id='word_1_119' title='bbox 1683 1790 1736 1835; x_wconf 90' lang='lat' dir='ltr'><strong>et</strong></span> 
     </span>
    </p>
   </div>
   <div class='ocr_carea' id='block_1_17' title="bbox 193 1874 1738 1965">
    <p class='ocr_par' dir='ltr' id='par_1_17' title="bbox 193 1874 1738 1965">
     <span class='ocr_line' id='line_1_17' title="bbox 193 1874 1738 1965; baseline -0.014 -16"><span class='ocrx_word' id='word_1_120' title='bbox 193 1886 598 1965; x_wconf 84' lang='lat' dir='ltr'><strong>quemadmodum</strong></span> <span class='ocrx_word' id='word_1_121' title='bbox 641 1883 753 1938; x_wconf 88' lang='lat' dir='ltr'><strong>suis</strong></span> <span class='ocrx_word' id='word_1_122' title='bbox 795 1891 900 1935; x_wconf 90' lang='lat' dir='ltr'><strong>tam</strong></span> <span class='ocrx_word' id='word_1_123' title='bbox 942 1877 1236 1949; x_wconf 77' lang='lat' dir='ltr'><strong>perspicuis</strong></span> <span class='ocrx_word' id='word_1_124' title='bbox 1265 1877 1420 1932; x_wconf 86' lang='lat' dir='ltr'><strong>malis</strong></span> <span class='ocrx_word' id='word_1_125' title='bbox 1451 1874 1738 1930; x_wconf 83' lang='lat' dir='ltr'><strong>conﬁtetur</strong></span> 
     </span>
    </p>
   </div>
   <div class='ocr_carea' id='block_1_18' title="bbox 195 1965 1736 2055">
    <p class='ocr_par' dir='ltr' id='par_1_18' title="bbox 195 1965 1736 2055">
     <span class='ocr_line' id='line_1_18' title="bbox 195 1965 1736 2055; baseline -0.014 -15"><span class='ocrx_word' id='word_1_126' title='bbox 195 1991 284 2055; x_wconf 83' lang='lat' dir='ltr'><strong>ipsa</strong></span> <span class='ocrx_word' id='word_1_127' title='bbox 302 1993 488 2038; x_wconf 85' lang='lat' dir='ltr'><strong>natura.</strong></span> <span class='ocrx_word' id='word_1_128' title='bbox 515 1978 581 2034; x_wconf 84' lang='lat' dir='ltr'><strong>Et</strong></span> <span class='ocrx_word' id='word_1_129' title='bbox 604 1987 782 2030; x_wconf 90' lang='lat' dir='ltr'><strong>tamen</strong></span> <span class='ocrx_word' id='word_1_130' title='bbox 804 1974 847 2028; x_wconf 91' lang='lat' dir='ltr'><strong>si</strong></span> <span class='ocrx_word' id='word_1_131' title='bbox 871 1973 1005 2028; x_wconf 90' lang='lat' dir='ltr'><strong>bene</strong></span> <span class='ocrx_word' id='word_1_132' title='bbox 1026 1969 1450 2031; x_wconf 87' lang='lat' dir='ltr'><strong>consideremus,</strong></span> <span class='ocrx_word' id='word_1_133' title='bbox 1469 1965 1560 2021; x_wconf 87' lang='lat' dir='ltr'><strong>Dei</strong></span> <span class='ocrx_word' id='word_1_134' title='bbox 1589 1965 1736 2021; x_wconf 89' lang='lat' dir='ltr'><strong>nullo</strong></span> 
     </span>
    </p>
   </div>
   <div class='ocr_carea' id='block_1_19' title="bbox 194 2059 1738 2135">
    <p class='ocr_par' dir='ltr' id='par_1_19' title="bbox 194 2059 1738 2135">
     <span class='ocr_line' id='line_1_19' title="bbox 194 2059 1738 2135; baseline -0.013 -3"><span class='ocrx_word' id='word_1_135' title='bbox 194 2077 327 2132; x_wconf 82' lang='lat' dir='ltr'><strong>modo</strong></span> <span class='ocrx_word' id='word_1_136' title='bbox 349 2072 570 2130; x_wconf 90' lang='lat' dir='ltr'><strong>instituta</strong></span> <span class='ocrx_word' id='word_1_137' title='bbox 621 2067 900 2122; x_wconf 88' lang='lat' dir='ltr'><strong>turbantur</strong></span> <span class='ocrx_word' id='word_1_138' title='bbox 924 2083 938 2120; x_wconf 88' lang='lat'><strong>:</strong></span> <span class='ocrx_word' id='word_1_139' title='bbox 962 2064 1210 2135; x_wconf 87' lang='lat' dir='ltr'><strong>quoniam</strong></span> <span class='ocrx_word' id='word_1_140' title='bbox 1255 2061 1508 2131; x_wconf 73' lang='lat' dir='ltr'><strong>prmscius</strong></span> <span class='ocrx_word' id='word_1_141' title='bbox 1535 2059 1738 2114; x_wconf 84' lang='lat' dir='ltr'><strong>futuro-</strong></span> 
     </span>
    </p>
   </div>
   <div class='ocr_carea' id='block_1_20' title="bbox 193 2153 1740 2224">
    <p class='ocr_par' dir='ltr' id='par_1_20' title="bbox 193 2153 1740 2224">
     <span class='ocr_line' id='line_1_20' title="bbox 193 2153 1740 2224; baseline -0.014 -1"><span class='ocrx_word' id='word_1_142' title='bbox 193 2185 289 2223; x_wconf 86' lang='lat' dir='ltr'><strong>rum</strong></span> <span class='ocrx_word' id='word_1_143' title='bbox 317 2173 486 2221; x_wconf 90' lang='lat' dir='ltr'><strong>cuucta</strong></span> <span class='ocrx_word' id='word_1_144' title='bbox 513 2159 791 2216; x_wconf 80' lang='lat' dir='ltr'><strong>constituit</strong></span> <span class='ocrx_word' id='word_1_145' title='bbox 817 2176 831 2212; x_wconf 89' lang='lat'><strong><em>:</em></strong></span> <span class='ocrx_word' id='word_1_146' title='bbox 863 2173 963 2212; x_wconf 85' lang='lat' dir='ltr'><strong>nee</strong></span> <span class='ocrx_word' id='word_1_147' title='bbox 990 2166 1156 2211; x_wconf 91' lang='lat' dir='ltr'><strong>totum</strong></span> <span class='ocrx_word' id='word_1_148' title='bbox 1185 2153 1323 2224; x_wconf 83' lang='lat' dir='ltr'><strong>quod</strong></span> <span class='ocrx_word' id='word_1_149' title='bbox 1353 2163 1587 2208; x_wconf 89' lang='lat' dir='ltr'><strong>meretur</strong></span> <span class='ocrx_word' id='word_1_150' title='bbox 1609 2167 1740 2221; x_wconf 90' lang='lat' dir='ltr'><strong>apo—</strong></span> 
     </span>
    </p>
   </div>
   <div class='ocr_carea' id='block_1_21' title="bbox 192 2247 1738 2321">
    <p class='ocr_par' dir='ltr' id='par_1_21' title="bbox 192 2247 1738 2321">
     <span class='ocr_line' id='line_1_21' title="bbox 192 2247 1738 2321; baseline -0.01 -8"><span class='ocrx_word' id='word_1_151' title='bbox 192 2259 348 2314; x_wconf 86' lang='lat' dir='ltr'><strong>statica</strong></span> <span class='ocrx_word' id='word_1_152' title='bbox 380 2264 650 2318; x_wconf 83' lang='lat' dir='ltr'><strong>creatura,</strong></span> <span class='ocrx_word' id='word_1_153' title='bbox 683 2250 905 2321; x_wconf 77' lang='lat' dir='ltr'><strong>singulis</strong></span> <span class='ocrx_word' id='word_1_154' title='bbox 930 2248 1136 2308; x_wconf 83' lang='lat' dir='ltr'><strong>reddit;</strong></span> <span class='ocrx_word' id='word_1_155' title='bbox 1165 2247 1260 2302; x_wconf 88' lang='lat' dir='ltr'><strong>sed</strong></span> <span class='ocrx_word' id='word_1_156' title='bbox 1289 2247 1342 2300; x_wconf 91' lang='lat' dir='ltr'><strong>in</strong></span> <span class='ocrx_word' id='word_1_157' title='bbox 1387 2260 1655 2301; x_wconf 85' lang='lat' dir='ltr'><strong>mensura.</strong></span> <span class='ocrx_word' id='word_1_158' title='bbox 1683 2252 1738 2298; x_wconf 91' lang='lat' dir='ltr'><strong>et</strong></span> 
     </span>
    </p>
   </div>
   <div class='ocr_carea' id='block_1_22' title="bbox 189 2337 1732 2418">
    <p class='ocr_par' dir='ltr' id='par_1_22' title="bbox 189 2337 1732 2418">
     <span class='ocr_line' id='line_1_22' title="bbox 189 2337 1732 2418; baseline -0.012 -10"><span class='ocrx_word' id='word_1_159' title='bbox 189 2369 411 2418; x_wconf 78' lang='lat' dir='ltr'><strong>munero,</strong></span> <span class='ocrx_word' id='word_1_160' title='bbox 449 2359 501 2404; x_wconf 88' lang='lat' dir='ltr'><strong>ct</strong></span> <span class='ocrx_word' id='word_1_161' title='bbox 530 2347 764 2416; x_wconf 86' lang='lat' dir='ltr'><strong>pondere</strong></span> <span class='ocrx_word' id='word_1_162' title='bbox 787 2344 1080 2413; x_wconf 77' lang='lat' dir='ltr'><strong>disponens</strong></span> <span class='ocrx_word' id='word_1_163' title='bbox 1098 2341 1274 2396; x_wconf 87' lang='lat' dir='ltr'><strong>omnia</strong></span> <span class='ocrx_word' id='word_1_164' title='bbox 1304 2340 1461 2410; x_wconf 85' lang='lat' dir='ltr'><strong>(Sap.</strong></span> <span class='ocrx_word' id='word_1_165' title='bbox 1493 2355 1546 2393; x_wconf 71' lang='lat' dir='ltr'><strong>xl</strong></span> <span class='ocrx_word' id='word_1_166' title='bbox 1565 2380 1582 2404; x_wconf 94' lang='lat'><strong>,</strong></span> <span class='ocrx_word' id='word_1_167' title='bbox 1603 2337 1695 2407; x_wconf 70' lang='lat' dir='ltr'><strong>2i)</strong></span> <span class='ocrx_word' id='word_1_168' title='bbox 1717 2376 1732 2404; x_wconf 86' lang='lat'><strong>,</strong></span> 
     </span>
    </p>
   </div>
   <div class='ocr_carea' id='block_1_23' title="bbox 191 2430 1738 2506">
    <p class='ocr_par' dir='ltr' id='par_1_23' title="bbox 191 2430 1738 2506">
     <span class='ocr_line' id='line_1_23' title="bbox 191 2430 1738 2506; baseline -0.012 -6"><span class='ocrx_word' id='word_1_169' title='bbox 191 2447 421 2502; x_wconf 80' lang='lat' dir='ltr'><strong>nctninmn</strong></span> <span class='ocrx_word' id='word_1_170' title='bbox 451 2442 574 2495; x_wconf 89' lang='lat' dir='ltr'><strong>sinit</strong></span> <span class='ocrx_word' id='word_1_171' title='bbox 599 2439 720 2493; x_wconf 88' lang='lat' dir='ltr'><strong>mali</strong></span> <span class='ocrx_word' id='word_1_172' title='bbox 747 2436 941 2506; x_wconf 89' lang='lat' dir='ltr'><strong>aliquid</strong></span> <span class='ocrx_word' id='word_1_173' title='bbox 969 2433 1210 2505; x_wconf 82' lang='lat' dir='ltr'><strong>perpeti,</strong></span> <span class='ocrx_word' id='word_1_174' title='bbox 1250 2430 1392 2502; x_wconf 88' lang='lat' dir='ltr'><strong>quod</strong></span> <span class='ocrx_word' id='word_1_175' title='bbox 1427 2445 1530 2483; x_wconf 90' lang='lat' dir='ltr'><strong>non</strong></span> <span class='ocrx_word' id='word_1_176' title='bbox 1559 2445 1738 2482; x_wconf 83' lang='lat' dir='ltr'><strong>mere-</strong></span> 
     </span>
    </p>
   </div>
   <div class='ocr_carea' id='block_1_24' title="bbox 193 2521 1739 2605">
    <p class='ocr_par' dir='ltr' id='par_1_24' title="bbox 193 2521 1739 2605">
     <span class='ocr_line' id='line_1_24' title="bbox 193 2521 1739 2605; baseline -0.012 -15"><span class='ocrx_word' id='word_1_177' title='bbox 193 2549 288 2597; x_wconf 86' lang='lat' dir='ltr'><strong>tur;</strong></span> <span class='ocrx_word' id='word_1_178' title='bbox 314 2533 537 2605; x_wconf 82' lang='lat' dir='ltr'><strong>quamvis</strong></span> <span class='ocrx_word' id='word_1_179' title='bbox 581 2546 686 2585; x_wconf 90' lang='lat' dir='ltr'><strong>non</strong></span> <span class='ocrx_word' id='word_1_180' title='bbox 727 2538 966 2593; x_wconf 88' lang='lat' dir='ltr'><strong>tantum,</strong></span> <span class='ocrx_word' id='word_1_181' title='bbox 993 2535 1249 2595; x_wconf 84' lang='lat' dir='ltr'><strong>quantum</strong></span> <span class='ocrx_word' id='word_1_182' title='bbox 1290 2536 1480 2576; x_wconf 72' lang='lat' dir='ltr'><strong>massa:</strong></span> <span class='ocrx_word' id='word_1_183' title='bbox 1516 2521 1739 2576; x_wconf 88' lang='lat' dir='ltr'><strong>debetur</strong></span> 
     </span>
    </p>
   </div>
   <div class='ocr_carea' id='block_1_25' title="bbox 193 2618 1542 2692">
    <p class='ocr_par' dir='ltr' id='par_1_25' title="bbox 193 2618 1542 2692">
     <span class='ocr_line' id='line_1_25' title="bbox 193 2618 1542 2692; baseline -0.016 -8"><span class='ocrx_word' id='word_1_184' title='bbox 193 2630 446 2690; x_wconf 56' lang='lat' dir='ltr'><strong>universe,</strong></span> <span class='ocrx_word' id='word_1_185' title='bbox 478 2623 715 2692; x_wconf 86' lang='lat' dir='ltr'><strong>singulus</strong></span> <span class='ocrx_word' id='word_1_186' title='bbox 739 2619 963 2690; x_wconf 82' lang='lat' dir='ltr'><strong>quisque</strong></span> <span class='ocrx_word' id='word_1_187' title='bbox 993 2618 1239 2687; x_wconf 87' lang='lat' dir='ltr'><strong>patiatur.</strong></span> <span class='ocrx_word' id='word_1_188' title='bbox 1537 2658 1542 2663; x_wconf 82' lang='lat'><strong>.</strong></span> 
     </span>
    </p>
   </div>
   <div class='ocr_carea' id='block_1_26' title="bbox 249 2703 1735 2774">
    <p class='ocr_par' dir='ltr' id='par_1_26' title="bbox 249 2703 1735 2774">
     <span class='ocr_line' id='line_1_26' title="bbox 249 2703 1735 2774; baseline -0.011 0"><span class='ocrx_word' id='word_1_189' title='bbox 249 2717 554 2774; x_wconf 73' lang='lat' dir='ltr'><strong>LXXXVIII.</strong></span> <span class='ocrx_word' id='word_1_190' title='bbox 592 2715 713 2770; x_wconf 78' lang='lat' dir='ltr'><strong>IUL.</strong></span> <span class='ocrx_word' id='word_1_191' title='bbox 748 2711 815 2769; x_wconf 81' lang='grc' dir='ltr'><strong>ιιι</strong></span> <span class='ocrx_word' id='word_1_192' title='bbox 851 2713 966 2766; x_wconf 82' lang='lat' dir='ltr'><strong>sine</strong></span> <span class='ocrx_word' id='word_1_193' title='bbox 994 2710 1136 2765; x_wconf 87' lang='lat' dir='ltr'><strong>dono</strong></span> <span class='ocrx_word' id='word_1_194' title='bbox 1165 2706 1396 2771; x_wconf 87' lang='lat' dir='ltr'><strong>diaboli,</strong></span> <span class='ocrx_word' id='word_1_195' title='bbox 1431 2705 1497 2760; x_wconf 82' lang='lat' dir='ltr'><strong>ad</strong></span> <span class='ocrx_word' id='word_1_196' title='bbox 1543 2703 1684 2774; x_wconf 88' lang='lat' dir='ltr'><strong>quod</strong></span> <span class='ocrx_word' id='word_1_197' title='bbox 1714 2704 1735 2736; x_wconf 82' lang='grc'>¹</span> 
     </span>
    </p>
   </div>
   <div class='ocr_carea' id='block_1_27' title="bbox 192 2797 1737 2872">
    <p class='ocr_par' dir='ltr' id='par_1_27' title="bbox 192 2797 1737 2872">
     <span class='ocr_line' id='line_1_27' title="bbox 192 2797 1737 2872; baseline -0.01 -6"><span class='ocrx_word' id='word_1_198' title='bbox 192 2813 298 2866; x_wconf 82' lang='lat' dir='ltr'><strong>dicis</strong></span> <span class='ocrx_word' id='word_1_199' title='bbox 323 2809 580 2864; x_wconf 91' lang='lat' dir='ltr'><strong>libidinem</strong></span> <span class='ocrx_word' id='word_1_200' title='bbox 609 2820 831 2860; x_wconf 82' lang='lat' dir='ltr'><strong>sexuum</strong></span> <span class='ocrx_word' id='word_1_201' title='bbox 877 2803 1143 2872; x_wconf 82' lang='lat' dir='ltr'><strong>pertinere</strong></span> <span class='ocrx_word' id='word_1_202' title='bbox 1169 2843 1182 2866; x_wconf 96' lang='lat'><strong>,</strong></span> <span class='ocrx_word' id='word_1_203' title='bbox 1213 2800 1408 2869; x_wconf 69' lang='lat' dir='ltr'><strong>nuptis:</strong></span> <span class='ocrx_word' id='word_1_204' title='bbox 1434 2813 1566 2868; x_wconf 88' lang='lat' dir='ltr'><strong>quas</strong></span> <span class='ocrx_word' id='word_1_205' title='bbox 1594 2797 1737 2851; x_wconf 84' lang='lat' dir='ltr'><strong>Dens</strong></span> 
     </span>
    </p>
   </div>
   <div class='ocr_carea' id='block_1_28' title="bbox 193 2890 1738 2966">
    <p class='ocr_par' dir='ltr' id='par_1_28' title="bbox 193 2890 1738 2966">
     <span class='ocr_line' id='line_1_28' title="bbox 193 2890 1738 2966; baseline -0.012 -5"><span class='ocrx_word' id='word_1_206' title='bbox 193 2911 456 2965; x_wconf 85' lang='lat' dir='ltr'><strong>creaverat,</strong></span> <span class='ocrx_word' id='word_1_207' title='bbox 486 2915 606 2954; x_wconf 85' lang='lat' dir='ltr'><strong>esse</strong></span> <span class='ocrx_word' id='word_1_208' title='bbox 635 2915 738 2952; x_wconf 91' lang='lat' dir='ltr'><strong>non</strong></span> <span class='ocrx_word' id='word_1_209' title='bbox 771 2907 1008 2966; x_wconf 80' lang='lat' dir='ltr'><strong>possent;</strong></span> <span class='ocrx_word' id='word_1_210' title='bbox 1050 2894 1156 2947; x_wconf 86' lang='lat' dir='ltr'><strong>imo</strong></span> <span class='ocrx_word' id='word_1_211' title='bbox 1185 2892 1288 2946; x_wconf 91' lang='lat' dir='ltr'><strong>illis</strong></span> <span class='ocrx_word' id='word_1_212' title='bbox 1313 2907 1447 2961; x_wconf 90' lang='lat' dir='ltr'><strong>quas</strong></span> <span class='ocrx_word' id='word_1_213' title='bbox 1466 2890 1738 2943; x_wconf 83' lang='lat' dir='ltr'><strong>ordinave-</strong></span> 
     </span>
    </p>
   </div>
   <div class='ocr_carea' id='block_1_29' title="bbox 193 2981 1736 3059">
    <p class='ocr_par' dir='ltr' id='par_1_29' title="bbox 193 2981 1736 3059">
     <span class='ocr_line' id='line_1_29' title="bbox 193 2981 1736 3059; baseline -0.011 -10"><span class='ocrx_word' id='word_1_214' title='bbox 193 3005 272 3059; x_wconf 79' lang='lat' dir='ltr'><strong>rat,</strong></span> <span class='ocrx_word' id='word_1_215' title='bbox 293 2990 624 3046; x_wconf 89' lang='lat' dir='ltr'><strong>institutionis</strong></span> <span class='ocrx_word' id='word_1_216' title='bbox 644 3004 754 3042; x_wconf 68' lang='lat' dir='ltr'><strong>suae</strong></span> <span class='ocrx_word' id='word_1_217' title='bbox 782 2988 986 3039; x_wconf 83' lang='lat' dir='ltr'><strong>honore</strong></span> <span class='ocrx_word' id='word_1_218' title='bbox 1007 2983 1364 3046; x_wconf 87' lang='lat' dir='ltr'><strong>avolantibus,</strong></span> <span class='ocrx_word' id='word_1_219' title='bbox 1393 2981 1486 3035; x_wconf 80' lang='lat' dir='ltr'><strong>has</strong></span> <span class='ocrx_word' id='word_1_220' title='bbox 1512 2995 1736 3049; x_wconf 87' lang='lat' dir='ltr'><strong>quarmn</strong></span> 
     </span>
    </p>
   </div>
   <div class='ocr_carea' id='block_1_30' title="bbox 193 3072 1740 3154">
    <p class='ocr_par' dir='ltr' id='par_1_30' title="bbox 193 3072 1740 3154">
     <span class='ocr_line' id='line_1_30' title="bbox 193 3072 1740 3154; baseline -0.012 -14"><span class='ocrx_word' id='word_1_221' title='bbox 193 3086 296 3140; x_wconf 88' lang='lat' dir='ltr'><strong>ordo</strong></span> <span class='ocrx_word' id='word_1_222' title='bbox 321 3082 637 3154; x_wconf 79' lang='lat' dir='ltr'><strong>permansit,</strong></span> <span class='ocrx_word' id='word_1_223' title='bbox 669 3095 790 3132; x_wconf 89' lang='lat' dir='ltr'><strong>cum</strong></span> <span class='ocrx_word' id='word_1_224' title='bbox 831 3076 1064 3130; x_wconf 85' lang='lat' dir='ltr'><strong>motione</strong></span> <span class='ocrx_word' id='word_1_225' title='bbox 1091 3072 1398 3143; x_wconf 67' lang='lat' dir='ltr'><strong>genitalium</strong></span> <span class='ocrx_word' id='word_1_226' title='bbox 1423 3112 1437 3134; x_wconf 92' lang='lat'><strong>,</strong></span> <span class='ocrx_word' id='word_1_227' title='bbox 1481 3086 1602 3124; x_wconf 89' lang='lat' dir='ltr'><strong>cum</strong></span> <span class='ocrx_word' id='word_1_228' title='bbox 1642 3085 1740 3140; x_wconf 85' lang='lat' dir='ltr'><strong>pu-</strong></span> 
     </span>
    </p>
   </div>
   <div class='ocr_carea' id='block_1_31' title="bbox 191 3165 1740 3236">
    <p class='ocr_par' dir='ltr' id='par_1_31' title="bbox 191 3165 1740 3236">
     <span class='ocr_line' id='line_1_31' title="bbox 191 3165 1740 3236; baseline -0.012 -4"><span class='ocrx_word' id='word_1_229' title='bbox 191 3178 295 3232; x_wconf 85' lang='lat' dir='ltr'><strong>dore</strong></span> <span class='ocrx_word' id='word_1_230' title='bbox 315 3177 608 3232; x_wconf 80' lang='lat' dir='ltr'><strong>coeuntium</strong></span> <span class='ocrx_word' id='word_1_231' title='bbox 631 3214 646 3236; x_wconf 89' lang='lat'><strong>,</strong></span> <span class='ocrx_word' id='word_1_232' title='bbox 673 3186 794 3225; x_wconf 89' lang='lat' dir='ltr'><strong>cum</strong></span> <span class='ocrx_word' id='word_1_233' title='bbox 821 3169 998 3224; x_wconf 87' lang='lat' dir='ltr'><strong>calore</strong></span> <span class='ocrx_word' id='word_1_234' title='bbox 1022 3178 1075 3222; x_wconf 88' lang='lat' dir='ltr'><strong>et</strong></span> <span class='ocrx_word' id='word_1_235' title='bbox 1099 3165 1531 3220; x_wconf 84' lang='lat' dir='ltr'><strong>consternatione</strong></span> <span class='ocrx_word' id='word_1_236' title='bbox 1571 3179 1740 3216; x_wconf 82' lang='lat' dir='ltr'><strong>mem-</strong></span> 
     </span>
    </p>
   </div>
   <div class='ocr_carea' id='block_1_32' title="bbox 193 3253 1738 3331">
    <p class='ocr_par' dir='ltr' id='par_1_32' title="bbox 193 3253 1738 3331">
     <span class='ocr_line' id='line_1_32' title="bbox 193 3253 1738 3331; baseline -0.008 -10"><span class='ocrx_word' id='word_1_237' title='bbox 193 3267 412 3330; x_wconf 86' lang='lat' dir='ltr'><strong>brorum,</strong></span> <span class='ocrx_word' id='word_1_238' title='bbox 462 3280 580 3321; x_wconf 89' lang='lat' dir='ltr'><strong>cum</strong></span> <span class='ocrx_word' id='word_1_239' title='bbox 617 3261 948 3331; x_wconf 86' lang='lat' dir='ltr'><strong>jucnnditate</strong></span> <span class='ocrx_word' id='word_1_240' title='bbox 973 3273 1224 3314; x_wconf 58' lang='lat' dir='ltr'><strong>sensuum</strong></span> <span class='ocrx_word' id='word_1_241' title='bbox 1249 3297 1266 3322; x_wconf 91' lang='lat'><strong>,</strong></span> <span class='ocrx_word' id='word_1_242' title='bbox 1312 3271 1431 3310; x_wconf 93' lang='lat' dir='ltr'><strong>cum</strong></span> <span class='ocrx_word' id='word_1_243' title='bbox 1464 3253 1738 3324; x_wconf 82' lang='lat' dir='ltr'><strong>iniquitate</strong></span> 
     </span>
    </p>
   </div>
   <div class='ocr_carea' id='block_1_33' title="bbox 191 3351 1747 3423">
    <p class='ocr_par' dir='ltr' id='par_1_33' title="bbox 191 3351 1747 3423">
     <span class='ocr_line' id='line_1_33' title="bbox 191 3351 1747 3423; baseline -0.01 -6"><span class='ocrx_word' id='word_1_244' title='bbox 191 3362 501 3423; x_wconf 74' lang='lat' dir='ltr'><strong>nascentum,</strong></span> <span class='ocrx_word' id='word_1_245' title='bbox 525 3357 744 3420; x_wconf 87' lang='lat' dir='ltr'><strong>diaboli,</strong></span> <span class='ocrx_word' id='word_1_246' title='bbox 769 3372 873 3409; x_wconf 91' lang='lat' dir='ltr'><strong>non</strong></span> <span class='ocrx_word' id='word_1_247' title='bbox 901 3351 1020 3417; x_wconf 80' lang='lat' dir='ltr'><strong>Dei,</strong></span> <span class='ocrx_word' id='word_1_248' title='bbox 1042 3365 1178 3421; x_wconf 89' lang='lat' dir='ltr'><strong>opus</strong></span> <span class='ocrx_word' id='word_1_249' title='bbox 1198 3365 1317 3405; x_wconf 84' lang='lat' dir='ltr'><strong>esse</strong></span> <span class='ocrx_word' id='word_1_250' title='bbox 1341 3357 1555 3418; x_wconf 79' lang='lat' dir='ltr'><strong>cogeret</strong></span> <span class='ocrx_word' id='word_1_251' title='bbox 1578 3357 1747 3416; x_wconf 80' lang='lat' dir='ltr'><strong>atque</strong></span> 
     </span>
    </p>
   </div>
   <div class='ocr_carea' id='block_1_34' title="bbox 189 3454 528 3507">
    <p class='ocr_par' dir='ltr' id='par_1_34' title="bbox 189 3454 528 3507">
     <span class='ocr_line' id='line_1_34' title="bbox 189 3454 528 3507; baseline -0.009 0"><span class='ocrx_word' id='word_1_252' title='bbox 189 3454 486 3507; x_wconf 74' lang='lat' dir='ltr'><strong>enminet-ret</strong></span> <span class='ocrx_word' id='word_1_253' title='bbox 515 3468 528 3504; x_wconf 87' lang='lat'><strong>:</strong></span> 
     </span>
    </p>
   </div>
   <div class='ocr_carea' id='block_1_35' title="bbox 245 3527 1738 3604">
    <p class='ocr_par' dir='ltr' id='par_1_35' title="bbox 245 3527 1738 3604">
     <span class='ocr_line' id='line_1_35' title="bbox 245 3527 1738 3604; baseline -0.011 -6"><span class='ocrx_word' id='word_1_254' title='bbox 245 3544 360 3598; x_wconf 77' lang='lat' dir='ltr'><strong>Anc.</strong></span> <span class='ocrx_word' id='word_1_255' title='bbox 391 3543 445 3595; x_wconf 83' lang='lat' dir='ltr'><strong>Si</strong></span> <span class='ocrx_word' id='word_1_256' title='bbox 475 3540 670 3594; x_wconf 89' lang='lat' dir='ltr'><strong>malum</strong></span> <span class='ocrx_word' id='word_1_257' title='bbox 697 3537 946 3590; x_wconf 88' lang='lat' dir='ltr'><strong>vitiorum</strong></span> <span class='ocrx_word' id='word_1_258' title='bbox 971 3575 987 3599; x_wconf 96' lang='lat'><strong>,</strong></span> <span class='ocrx_word' id='word_1_259' title='bbox 1017 3532 1158 3604; x_wconf 88' lang='lat' dir='ltr'><strong>quod</strong></span> <span class='ocrx_word' id='word_1_260' title='bbox 1181 3532 1280 3586; x_wconf 89' lang='lat' dir='ltr'><strong>nisi</strong></span> <span class='ocrx_word' id='word_1_261' title='bbox 1309 3532 1360 3585; x_wconf 92' lang='lat' dir='ltr'><strong>in</strong></span> <span class='ocrx_word' id='word_1_262' title='bbox 1391 3530 1570 3601; x_wconf 87' lang='lat' dir='ltr'><strong>aliquo</strong></span> <span class='ocrx_word' id='word_1_263' title='bbox 1596 3527 1738 3584; x_wconf 81' lang='lat' dir='ltr'><strong>beno</strong></span> 
     </span>
    </p>
   </div>
   <div class='ocr_carea' id='block_1_36' title="bbox 190 3625 1741 3702">
    <p class='ocr_par' dir='ltr' id='par_1_36' title="bbox 190 3625 1741 3702">
     <span class='ocr_line' id='line_1_36' title="bbox 190 3625 1741 3702; baseline -0.008 -12"><span class='ocrx_word' id='word_1_264' title='bbox 190 3650 285 3690; x_wconf 69' lang='lat' dir='ltr'><strong>ossi:</strong></span> <span class='ocrx_word' id='word_1_265' title='bbox 309 3650 404 3688; x_wconf 91' lang='lat' dir='ltr'><strong>non</strong></span> <span class='ocrx_word' id='word_1_266' title='bbox 436 3642 632 3702; x_wconf 85' lang='lat' dir='ltr'><strong>potest,</strong></span> <span class='ocrx_word' id='word_1_267' title='bbox 661 3647 690 3685; x_wconf 92' lang='lat' dir='ltr'><strong>a</strong></span> <span class='ocrx_word' id='word_1_268' title='bbox 720 3639 1028 3684; x_wconf 88' lang='lat' dir='ltr'><strong>naturarum</strong></span> <span class='ocrx_word' id='word_1_269' title='bbox 1059 3627 1294 3682; x_wconf 88' lang='lat' dir='ltr'><strong>bonitate</strong></span> <span class='ocrx_word' id='word_1_270' title='bbox 1313 3625 1618 3689; x_wconf 87' lang='lat' dir='ltr'><strong>discernas;</strong></span> <span class='ocrx_word' id='word_1_271' title='bbox 1643 3637 1741 3678; x_wconf 89' lang='lat' dir='ltr'><strong>nec</strong></span> 
     </span>
    </p>
   </div>
   <div class='ocr_carea' id='block_1_37' title="bbox 189 3718 1740 3786">
    <p class='ocr_par' dir='ltr' id='par_1_37' title="bbox 189 3718 1740 3786">
     <span class='ocr_line' id='line_1_37' title="bbox 189 3718 1740 3786; baseline -0.009 -6"><span class='ocrx_word' id='word_1_272' title='bbox 189 3726 435 3781; x_wconf 52' lang='lat' dir='ltr'><strong>excusibis</strong></span> <span class='ocrx_word' id='word_1_273' title='bbox 459 3724 752 3786; x_wconf 89' lang='lat' dir='ltr'><strong>diabolmu,</strong></span> <span class='ocrx_word' id='word_1_274' title='bbox 781 3735 878 3775; x_wconf 89' lang='lat' dir='ltr'><strong>nec</strong></span> <span class='ocrx_word' id='word_1_275' title='bbox 905 3718 1180 3772; x_wconf 83' lang='lat' dir='ltr'><strong>accusabis</strong></span> <span class='ocrx_word' id='word_1_276' title='bbox 1208 3718 1370 3770; x_wconf 86' lang='lat' dir='ltr'><strong>Deum</strong></span> <span class='ocrx_word' id='word_1_277' title='bbox 1407 3733 1421 3769; x_wconf 89' lang='lat'><strong>:</strong></span> <span class='ocrx_word' id='word_1_278' title='bbox 1453 3730 1550 3769; x_wconf 90' lang='lat' dir='ltr'><strong>nec</strong></span> <span class='ocrx_word' id='word_1_279' title='bbox 1579 3731 1740 3768; x_wconf 78' lang='lat' dir='ltr'><strong>excu-</strong></span> 
     </span>
    </p>
   </div>
   <div class='ocr_carea' id='block_1_38' title="bbox 190 3805 1742 3877">
    <p class='ocr_par' dir='ltr' id='par_1_38' title="bbox 190 3805 1742 3877">
     <span class='ocr_line' id='line_1_38' title="bbox 190 3805 1742 3877; baseline -0.005 -11"><span class='ocrx_word' id='word_1_280' title='bbox 190 3816 304 3870; x_wconf 74' lang='lat' dir='ltr'><strong>saltis</strong></span> <span class='ocrx_word' id='word_1_281' title='bbox 345 3815 571 3870; x_wconf 74' lang='lat' dir='ltr'><strong>libidinis</strong></span> <span class='ocrx_word' id='word_1_282' title='bbox 602 3814 835 3877; x_wconf 87' lang='lat' dir='ltr'><strong>malum,</strong></span> <span class='ocrx_word' id='word_1_283' title='bbox 875 3825 974 3865; x_wconf 87' lang='lat' dir='ltr'><strong>nec</strong></span> <span class='ocrx_word' id='word_1_284' title='bbox 1001 3808 1278 3863; x_wconf 81' lang='lat' dir='ltr'><strong>accusabis</strong></span> <span class='ocrx_word' id='word_1_285' title='bbox 1307 3805 1615 3876; x_wconf 90' lang='lat' dir='ltr'><strong>nuptiarum</strong></span> <span class='ocrx_word' id='word_1_286' title='bbox 1645 3805 1742 3860; x_wconf 87' lang='lat' dir='ltr'><strong>bo-</strong></span> 
     </span>
    </p>
   </div>
   <div class='ocr_carea' id='block_1_39' title="bbox 189 3911 1564 3962">
    <p class='ocr_par' dir='ltr' id='par_1_39' title="bbox 189 3911 1564 3962">
     <span class='ocr_line' id='line_1_39' title="bbox 189 3911 1564 3962; baseline -0.009 -1"><span class='ocrx_word' id='word_1_287' title='bbox 189 3923 310 3962; x_wconf 83' lang='grc' dir='ltr'>ιιιιιιι.</span> <span class='ocrx_word' id='word_1_288' title='bbox 1527 3911 1564 3948; x_wconf 76' lang='grc' dir='ltr'><strong><em>ο</em></strong></span> 
     </span>
    </p>
   </div>
   <div class='ocr_carea' id='block_1_40' title="bbox 245 3989 1740 4066">
    <p class='ocr_par' dir='ltr' id='par_1_40' title="bbox 245 3989 1740 4066">
     <span class='ocr_line' id='line_1_40' title="bbox 245 3989 1740 4066; baseline -0.009 -10"><span class='ocrx_word' id='word_1_289' title='bbox 245 4001 507 4056; x_wconf 71' lang='lat' dir='ltr'><strong>LXXXIX.</strong></span> <span class='ocrx_word' id='word_1_290' title='bbox 537 3999 658 4056; x_wconf 74' lang='lat' dir='ltr'><strong>Juc.</strong></span> <span class='ocrx_word' id='word_1_291' title='bbox 688 3998 859 4066; x_wconf 85' lang='lat' dir='ltr'><strong>Ipsam</strong></span> <span class='ocrx_word' id='word_1_292' title='bbox 906 4003 1178 4066; x_wconf 81' lang='lat' dir='ltr'><strong>postremo</strong></span> <span class='ocrx_word' id='word_1_293' title='bbox 1202 3990 1408 4047; x_wconf 87' lang='lat' dir='ltr'><strong>arbitrii</strong></span> <span class='ocrx_word' id='word_1_294' title='bbox 1440 3989 1740 4046; x_wconf 89' lang='lat' dir='ltr'><strong>libertatem</strong></span> 
     </span>
    </p>
   </div>
   <div class='ocr_carea' id='block_1_41' title="bbox 190 4081 1742 4164">
    <p class='ocr_par' dir='ltr' id='par_1_41' title="bbox 190 4081 1742 4164">
     <span class='ocr_line' id='line_1_41' title="bbox 190 4081 1742 4164; baseline -0.01 -16"><span class='ocrx_word' id='word_1_295' title='bbox 190 4095 316 4148; x_wconf 85' lang='lat' dir='ltr'><strong>unius</strong></span> <span class='ocrx_word' id='word_1_296' title='bbox 340 4094 532 4164; x_wconf 88' lang='lat' dir='ltr'><strong>peccati</strong></span> <span class='ocrx_word' id='word_1_297' title='bbox 565 4091 884 4161; x_wconf 83' lang='lat' dir='ltr'><strong>impulsione</strong></span> <span class='ocrx_word' id='word_1_298' title='bbox 912 4086 1191 4142; x_wconf 89' lang='lat' dir='ltr'><strong>subrueret</strong></span> <span class='ocrx_word' id='word_1_299' title='bbox 1221 4083 1271 4143; x_wconf 72' lang='lat'><strong>3;</strong></span> <span class='ocrx_word' id='word_1_300' title='bbox 1304 4091 1360 4137; x_wconf 87' lang='lat' dir='ltr'><strong>ut</strong></span> <span class='ocrx_word' id='word_1_301' title='bbox 1393 4097 1552 4137; x_wconf 89' lang='lat' dir='ltr'><strong>nemo</strong></span> <span class='ocrx_word' id='word_1_302' title='bbox 1585 4081 1742 4135; x_wconf 87' lang='lat' dir='ltr'><strong>dein-</strong></span> 
     </span>
    </p>
   </div>
   <div class='ocr_carea' id='block_1_42' title="bbox 191 4171 1737 4255">
    <p class='ocr_par' dir='ltr' id='par_1_42' title="bbox 191 4171 1737 4255">
     <span class='ocr_line' id='line_1_42' title="bbox 191 4171 1737 4255; baseline -0.008 -17"><span class='ocrx_word' id='word_1_303' title='bbox 191 4199 291 4253; x_wconf 78' lang='lat' dir='ltr'><strong>ceps</strong></span> <span class='ocrx_word' id='word_1_304' title='bbox 316 4188 362 4240; x_wconf 92' lang='lat' dir='ltr'><strong>iu</strong></span> <span class='ocrx_word' id='word_1_305' title='bbox 392 4192 652 4255; x_wconf 85' lang='lat' dir='ltr'><strong>potestate</strong></span> <span class='ocrx_word' id='word_1_306' title='bbox 687 4181 906 4236; x_wconf 75' lang='lat' dir='ltr'><strong>haberet</strong></span> <span class='ocrx_word' id='word_1_307' title='bbox 932 4189 1112 4233; x_wconf 86' lang='lat' dir='ltr'><strong>vetera</strong></span> <span class='ocrx_word' id='word_1_308' title='bbox 1133 4174 1356 4230; x_wconf 90' lang='lat' dir='ltr'><strong>crimina</strong></span> <span class='ocrx_word' id='word_1_309' title='bbox 1383 4172 1596 4226; x_wconf 85' lang='lat' dir='ltr'><strong>virtutis</strong></span> <span class='ocrx_word' id='word_1_310' title='bbox 1625 4171 1737 4226; x_wconf 84' lang='lat' dir='ltr'><strong>ele-</strong></span> 
     </span>
    </p>
   </div>
   <div class='ocr_carea' id='block_1_43' title="bbox 192 4266 1746 4346">
    <p class='ocr_par' dir='ltr' id='par_1_43' title="bbox 192 4266 1746 4346">
     <span class='ocr_line' id='line_1_43' title="bbox 192 4266 1746 4346; baseline -0.009 -14"><span class='ocrx_word' id='word_1_311' title='bbox 192 4279 337 4332; x_wconf 81' lang='lat' dir='ltr'><strong>ctione</strong></span> <span class='ocrx_word' id='word_1_312' title='bbox 377 4292 658 4346; x_wconf 87' lang='lat' dir='ltr'><strong>respuere,</strong></span> <span class='ocrx_word' id='word_1_313' title='bbox 691 4273 783 4328; x_wconf 89' lang='lat' dir='ltr'><strong>sed</strong></span> <span class='ocrx_word' id='word_1_314' title='bbox 811 4289 915 4326; x_wconf 90' lang='lat' dir='ltr'><strong>uno</strong></span> <span class='ocrx_word' id='word_1_315' title='bbox 943 4285 1130 4324; x_wconf 88' lang='lat' dir='ltr'><strong>omnes</strong></span> <span class='ocrx_word' id='word_1_316' title='bbox 1172 4268 1224 4322; x_wconf 90' lang='lat' dir='ltr'><strong>in</strong></span> <span class='ocrx_word' id='word_1_317' title='bbox 1248 4266 1746 4322; x_wconf 80' lang='lat' dir='ltr'><strong>condemnationem</strong></span> 
     </span>
    </p>
   </div>
   <div class='ocr_carea' id='block_1_44' title="bbox 191 4367 1740 4429">
    <p class='ocr_par' dir='ltr' id='par_1_44' title="bbox 191 4367 1740 4429">
     <span class='ocr_line' id='line_1_44' title="bbox 191 4367 1740 4429; baseline -0.012 -7"><span class='ocrx_word' id='word_1_318' title='bbox 191 4385 356 4424; x_wconf 77' lang='lat' dir='ltr'><strong>eversa:</strong></span> <span class='ocrx_word' id='word_1_319' title='bbox 394 4367 737 4423; x_wconf 78' lang='lat' dir='ltr'><strong>Ini-uanitatis</strong></span> <span class='ocrx_word' id='word_1_320' title='bbox 768 4373 1005 4418; x_wconf 86' lang='lat' dir='ltr'><strong>torrente</strong></span> <span class='ocrx_word' id='word_1_321' title='bbox 1035 4367 1368 4429; x_wconf 86' lang='lat' dir='ltr'><strong>raperentur.</strong></span> <span class='ocrx_word' id='word_1_322' title='bbox 1737 4417 1740 4420; x_wconf 8' lang='lat' dir='ltr'><strong>g</strong></span> 
     </span>
    </p>
   </div>
   <div class='ocr_carea' id='block_1_45' title="bbox 247 4447 1744 4528">
    <p class='ocr_par' dir='ltr' id='par_1_45' title="bbox 247 4447 1744 4528">
     <span class='ocr_line' id='line_1_45' title="bbox 247 4447 1744 4528; baseline -0.011 -14"><span class='ocrx_word' id='word_1_323' title='bbox 247 4463 361 4516; x_wconf 79' lang='lat' dir='ltr'><strong>Anc.</strong></span> <span class='ocrx_word' id='word_1_324' title='bbox 384 4460 489 4515; x_wconf 88' lang='lat' dir='ltr'><strong>Cur</strong></span> <span class='ocrx_word' id='word_1_325' title='bbox 517 4475 622 4514; x_wconf 88' lang='lat' dir='ltr'><strong>non</strong></span> <span class='ocrx_word' id='word_1_326' title='bbox 654 4457 827 4528; x_wconf 86' lang='lat' dir='ltr'><strong>potius</strong></span> <span class='ocrx_word' id='word_1_327' title='bbox 855 4453 1064 4508; x_wconf 82' lang='lat' dir='ltr'><strong>miraris</strong></span> <span class='ocrx_word' id='word_1_328' title='bbox 1088 4493 1104 4517; x_wconf 92' lang='lat'><strong>,</strong></span> <span class='ocrx_word' id='word_1_329' title='bbox 1137 4449 1370 4505; x_wconf 87' lang='lat' dir='ltr'><strong>universi</strong></span> <span class='ocrx_word' id='word_1_330' title='bbox 1400 4449 1614 4519; x_wconf 85' lang='lat' dir='ltr'><strong>generis</strong></span> <span class='ocrx_word' id='word_1_331' title='bbox 1643 4447 1744 4502; x_wconf 81' lang='grc' dir='ltr'>Ιιιιο</span> 
     </span>
    </p>
   </div>
   <div class='ocr_carea' id='block_1_46' title="bbox 191 4545 1746 4610">
    <p class='ocr_par' dir='ltr' id='par_1_46' title="bbox 191 4545 1746 4610">
     <span class='ocr_line' id='line_1_46' title="bbox 191 4545 1746 4610; baseline -0.006 -5"><span class='ocrx_word' id='word_1_332' title='bbox 191 4556 304 4608; x_wconf 79' lang='lat' dir='ltr'><strong>tuaui</strong></span> <span class='ocrx_word' id='word_1_333' title='bbox 322 4556 385 4610; x_wconf 88' lang='lat' dir='ltr'><strong>ab</strong></span> <span class='ocrx_word' id='word_1_334' title='bbox 403 4554 624 4610; x_wconf 72' lang='lat' dir='ltr'><strong>exmdio</strong></span> <span class='ocrx_word' id='word_1_335' title='bbox 646 4551 936 4606; x_wconf 84' lang='lat' dir='ltr'><strong>nativitatis</strong></span> <span class='ocrx_word' id='word_1_336' title='bbox 958 4555 1156 4604; x_wconf 86' lang='lat' dir='ltr'><strong>tantam</strong></span> <span class='ocrx_word' id='word_1_337' title='bbox 1184 4545 1475 4610; x_wconf 86' lang='lat' dir='ltr'><strong>miseriam,</strong></span> <span class='ocrx_word' id='word_1_338' title='bbox 1503 4555 1558 4598; x_wconf 95' lang='lat' dir='ltr'><strong>nt</strong></span> <span class='ocrx_word' id='word_1_339' title='bbox 1588 4561 1746 4597; x_wconf 80' lang='lat' dir='ltr'><strong>nemo</strong></span> 
     </span>
    </p>
   </div>
   <div class='ocr_carea' id='block_1_47' title="bbox 191 4636 1745 4709">
    <p class='ocr_par' dir='ltr' id='par_1_47' title="bbox 191 4636 1745 4709">
     <span class='ocr_line' id='line_1_47' title="bbox 191 4636 1745 4709; baseline -0.008 -7"><span class='ocrx_word' id='word_1_340' title='bbox 191 4645 346 4702; x_wconf 84' lang='lat' dir='ltr'><strong>beatus</strong></span> <span class='ocrx_word' id='word_1_341' title='bbox 371 4648 468 4702; x_wconf 90' lang='lat' dir='ltr'><strong>nisi</strong></span> <span class='ocrx_word' id='word_1_342' title='bbox 496 4663 562 4702; x_wconf 82' lang='lat' dir='ltr'><strong>ex</strong></span> <span class='ocrx_word' id='word_1_343' title='bbox 594 4647 790 4699; x_wconf 87' lang='lat' dir='ltr'><strong>misero</strong></span> <span class='ocrx_word' id='word_1_344' title='bbox 821 4643 932 4706; x_wconf 80' lang='lat' dir='ltr'><strong>ﬁat,</strong></span> <span class='ocrx_word' id='word_1_345' title='bbox 965 4655 1137 4709; x_wconf 88' lang='lat' dir='ltr'><strong>neque</strong></span> <span class='ocrx_word' id='word_1_346' title='bbox 1159 4637 1257 4692; x_wconf 90' lang='lat' dir='ltr'><strong>nisi</strong></span> <span class='ocrx_word' id='word_1_347' title='bbox 1282 4645 1400 4706; x_wconf 86' lang='lat' dir='ltr'><strong>post</strong></span> <span class='ocrx_word' id='word_1_348' title='bbox 1429 4636 1564 4690; x_wconf 89' lang='lat' dir='ltr'><strong>hanc</strong></span> <span class='ocrx_word' id='word_1_349' title='bbox 1584 4637 1745 4690; x_wconf 84' lang='lat' dir='ltr'><strong>vitam</strong></span> 
     </span>
    </p>
   </div>
   <div class='ocr_carea' id='block_1_48' title="bbox 191 4731 1748 4804">
    <p class='ocr_par' dir='ltr' id='par_1_48' title="bbox 191 4731 1748 4804">
     <span class='ocr_line' id='line_1_48' title="bbox 191 4731 1748 4804; baseline -0.005 -12"><span class='ocrx_word' id='word_1_350' title='bbox 191 4741 317 4794; x_wconf 87' lang='lat' dir='ltr'><strong>malis</strong></span> <span class='ocrx_word' id='word_1_351' title='bbox 333 4742 579 4796; x_wconf 88' lang='lat' dir='ltr'><strong>omnilms</strong></span> <span class='ocrx_word' id='word_1_352' title='bbox 607 4747 824 4802; x_wconf 88' lang='lat' dir='ltr'><strong>careat,</strong></span> <span class='ocrx_word' id='word_1_353' title='bbox 855 4735 938 4790; x_wconf 92' lang='lat' dir='ltr'><strong>cui</strong></span> <span class='ocrx_word' id='word_1_354' title='bbox 970 4750 1063 4804; x_wconf 91' lang='lat' dir='ltr'><strong>per</strong></span> <span class='ocrx_word' id='word_1_355' title='bbox 1089 4733 1181 4788; x_wconf 89' lang='lat' dir='ltr'><strong>Dei</strong></span> <span class='ocrx_word' id='word_1_356' title='bbox 1205 4731 1430 4801; x_wconf 83' lang='lat' dir='ltr'><strong>gratiam</strong></span> <span class='ocrx_word' id='word_1_357' title='bbox 1464 4742 1748 4800; x_wconf 68' lang='lat' dir='ltr'><strong>prie-statur</strong></span> 
     </span>
    </p>
   </div>
   <div class='ocr_carea' id='block_1_49' title="bbox 192 4825 1745 4896">
    <p class='ocr_par' dir='ltr' id='par_1_49' title="bbox 192 4825 1745 4896">
     <span class='ocr_line' id='line_1_49' title="bbox 192 4825 1745 4896; baseline -0.005 -10"><span class='ocrx_word' id='word_1_358' title='bbox 192 4845 236 4887; x_wconf 85' lang='lat' dir='ltr'><strong>ut</strong></span> <span class='ocrx_word' id='word_1_359' title='bbox 261 4836 465 4890; x_wconf 82' lang='lat' dir='ltr'><strong>careat?</strong></span> <span class='ocrx_word' id='word_1_360' title='bbox 496 4835 607 4890; x_wconf 90' lang='lat' dir='ltr'><strong>lloc</strong></span> <span class='ocrx_word' id='word_1_361' title='bbox 633 4831 875 4887; x_wconf 89' lang='lat' dir='ltr'><strong>mirando</strong></span> <span class='ocrx_word' id='word_1_362' title='bbox 897 4873 912 4895; x_wconf 95' lang='lat'><strong>,</strong></span> <span class='ocrx_word' id='word_1_363' title='bbox 951 4838 1003 4884; x_wconf 90' lang='lat' dir='ltr'><strong>te</strong></span> <span class='ocrx_word' id='word_1_364' title='bbox 1024 4828 1298 4896; x_wconf 78' lang='lat' dir='ltr'><strong>corriges;</strong></span> <span class='ocrx_word' id='word_1_365' title='bbox 1342 4836 1395 4878; x_wconf 85' lang='lat' dir='ltr'><strong>et</strong></span> <span class='ocrx_word' id='word_1_366' title='bbox 1420 4825 1620 4893; x_wconf 80' lang='lat' dir='ltr'><strong>justum</strong></span> <span class='ocrx_word' id='word_1_367' title='bbox 1654 4825 1745 4879; x_wconf 87' lang='lat' dir='ltr'><strong>Dei</strong></span> 
     </span>
    </p>
   </div>
   <div class='ocr_carea' id='block_1_50' title="bbox 188 4916 1746 4995">
    <p class='ocr_par' dir='ltr' id='par_1_50' title="bbox 188 4916 1746 4995">
     <span class='ocr_line' id='line_1_50' title="bbox 188 4916 1746 4995; baseline -0.006 -20"><span class='ocrx_word' id='word_1_368' title='bbox 188 4924 408 4988; x_wconf 73' lang='lat' dir='ltr'><strong>judicium</strong></span> <span class='ocrx_word' id='word_1_369' title='bbox 432 4925 704 4995; x_wconf 87' lang='lat' dir='ltr'><strong>(quoniam</strong></span> <span class='ocrx_word' id='word_1_370' title='bbox 739 4937 833 4991; x_wconf 85' lang='lat' dir='ltr'><strong>per</strong></span> <span class='ocrx_word' id='word_1_371' title='bbox 859 4935 1021 4974; x_wconf 89' lang='lat' dir='ltr'><strong>unum</strong></span> <span class='ocrx_word' id='word_1_372' title='bbox 1056 4916 1323 4970; x_wconf 85' lang='lat' dir='ltr'><strong>hominem</strong></span> <span class='ocrx_word' id='word_1_373' title='bbox 1358 4924 1633 4985; x_wconf 89' lang='lat' dir='ltr'><strong>peccatum</strong></span> <span class='ocrx_word' id='word_1_374' title='bbox 1661 4916 1746 4966; x_wconf 81' lang='lat' dir='ltr'><strong>in-</strong></span> 
     </span>
    </p>
   </div>
   <div class='ocr_carea' id='block_1_51' title="bbox 191 5004 1750 5086">
    <p class='ocr_par' dir='ltr' id='par_1_51' title="bbox 191 5004 1750 5086">
     <span class='ocr_line' id='line_1_51' title="bbox 191 5004 1750 5086; baseline -0.003 -21"><span class='ocrx_word' id='word_1_375' title='bbox 191 5017 320 5070; x_wconf 76' lang='lat' dir='ltr'><strong>travit</strong></span> <span class='ocrx_word' id='word_1_376' title='bbox 365 5018 414 5070; x_wconf 92' lang='lat' dir='ltr'><strong>in</strong></span> <span class='ocrx_word' id='word_1_377' title='bbox 445 5012 726 5086; x_wconf 90' lang='lat' dir='ltr'><strong>mundum)</strong></span> <span class='ocrx_word' id='word_1_378' title='bbox 767 5015 818 5068; x_wconf 91' lang='lat' dir='ltr'><strong>in</strong></span> <span class='ocrx_word' id='word_1_379' title='bbox 849 5011 1060 5083; x_wconf 76' lang='lat' dir='ltr'><strong>generis</strong></span> <span class='ocrx_word' id='word_1_380' title='bbox 1091 5008 1308 5064; x_wconf 90' lang='lat' dir='ltr'><strong>humani</strong></span> <span class='ocrx_word' id='word_1_381' title='bbox 1354 5023 1459 5062; x_wconf 91' lang='lat' dir='ltr'><strong>non</strong></span> <span class='ocrx_word' id='word_1_382' title='bbox 1504 5006 1699 5077; x_wconf 88' lang='lat' dir='ltr'><strong>injusta</strong></span> <span class='ocrx_word' id='word_1_383' title='bbox 1726 5004 1750 5036; x_wconf 64' lang='grc'>⁸</span> 
     </span>
    </p>
   </div>
   <div class='ocr_carea' id='block_1_52' title="bbox 189 5109 780 5180">
    <p class='ocr_par' dir='ltr' id='par_1_52' title="bbox 189 5109 780 5180">
     <span class='ocr_line' id='line_1_52' title="bbox 189 5109 780 5180; baseline 0.002 -22"><span class='ocrx_word' id='word_1_384' title='bbox 189 5109 444 5164; x_wconf 64' lang='lat' dir='ltr'><strong>altlictione</strong></span> <span class='ocrx_word' id='word_1_385' title='bbox 468 5123 780 5180; x_wconf 77' lang='lat' dir='ltr'><strong>cognosces.</strong></span> 
     </span>
    </p>
   </div>
   <div class='ocr_carea' id='block_1_53' title="bbox 246 5191 1749 5268">
    <p class='ocr_par' dir='ltr' id='par_1_53' title="bbox 246 5191 1749 5268">
     <span class='ocr_line' id='line_1_53' title="bbox 246 5191 1749 5268; baseline -0.009 -12"><span class='ocrx_word' id='word_1_386' title='bbox 246 5201 346 5256; x_wconf 77' lang='lat' dir='ltr'><strong>XC.</strong></span> <span class='ocrx_word' id='word_1_387' title='bbox 373 5203 488 5258; x_wconf 69' lang='lat' dir='ltr'><strong>Ioc.</strong></span> <span class='ocrx_word' id='word_1_388' title='bbox 512 5203 567 5258; x_wconf 88' lang='lat' dir='ltr'><strong>Si</strong></span> <span class='ocrx_word' id='word_1_389' title='bbox 598 5201 741 5262; x_wconf 74' lang='lat' dir='ltr'><strong>lure,</strong></span> <span class='ocrx_word' id='word_1_390' title='bbox 771 5201 1016 5268; x_wconf 87' lang='lat' dir='ltr'><strong>inquam,</strong></span> <span class='ocrx_word' id='word_1_391' title='bbox 1045 5203 1233 5250; x_wconf 85' lang='lat' dir='ltr'><strong>cuncta</strong></span> <span class='ocrx_word' id='word_1_392' title='bbox 1255 5193 1306 5248; x_wconf 91' lang='lat' dir='ltr'><strong>in</strong></span> <span class='ocrx_word' id='word_1_393' title='bbox 1341 5191 1433 5248; x_wconf 90' lang='lat' dir='ltr'><strong>Dei</strong></span> <span class='ocrx_word' id='word_1_394' title='bbox 1465 5191 1749 5262; x_wconf 84' lang='lat' dir='ltr'><strong>imaginem</strong></span> 
     </span>
    </p>
   </div>
   <div class='ocr_carea' id='block_1_54' title="bbox 191 5284 1745 5360">
    <p class='ocr_par' dir='ltr' id='par_1_54' title="bbox 191 5284 1745 5360">
     <span class='ocr_line' id='line_1_54' title="bbox 191 5284 1745 5360; baseline -0.006 -14"><span class='ocrx_word' id='word_1_395' title='bbox 191 5295 320 5360; x_wconf 84' lang='lat' dir='ltr'><strong>primi</strong></span> <span class='ocrx_word' id='word_1_396' title='bbox 351 5294 576 5350; x_wconf 86' lang='lat' dir='ltr'><strong>hominis</strong></span> <span class='ocrx_word' id='word_1_397' title='bbox 605 5292 804 5348; x_wconf 80' lang='lat' dir='ltr'><strong>invexit</strong></span> <span class='ocrx_word' id='word_1_398' title='bbox 835 5289 1114 5359; x_wconf 82' lang='lat' dir='ltr'><strong>iniquitas;</strong></span> <span class='ocrx_word' id='word_1_399' title='bbox 1157 5284 1494 5341; x_wconf 80' lang='lat' dir='ltr'><strong>manifestum</strong></span> <span class='ocrx_word' id='word_1_400' title='bbox 1534 5293 1618 5338; x_wconf 75' lang='lat' dir='ltr'><strong>est</strong></span> <span class='ocrx_word' id='word_1_401' title='bbox 1658 5285 1745 5337; x_wconf 79' lang='lat' dir='ltr'><strong>ui-</strong></span> 
     </span>
    </p>
   </div>
   <div class='ocr_carea' id='block_1_55' title="bbox 192 5374 1754 5450">
    <p class='ocr_par' dir='ltr' id='par_1_55' title="bbox 192 5374 1754 5450">
     <span class='ocr_line' id='line_1_55' title="bbox 192 5374 1754 5450; baseline -0.004 -15"><span class='ocrx_word' id='word_1_402' title='bbox 192 5385 273 5438; x_wconf 78' lang='lat' dir='ltr'><strong>mis</strong></span> <span class='ocrx_word' id='word_1_403' title='bbox 299 5401 412 5441; x_wconf 88' lang='lat' dir='ltr'><strong>esse</strong></span> <span class='ocrx_word' id='word_1_404' title='bbox 443 5385 763 5441; x_wconf 89' lang='lat' dir='ltr'><strong>imbecillam</strong></span> <span class='ocrx_word' id='word_1_405' title='bbox 792 5381 990 5437; x_wconf 74' lang='lat' dir='ltr'><strong>Christi</strong></span> <span class='ocrx_word' id='word_1_406' title='bbox 1017 5379 1239 5450; x_wconf 81' lang='lat' dir='ltr'><strong>gratiam</strong></span> <span class='ocrx_word' id='word_1_407' title='bbox 1282 5377 1332 5430; x_wconf 92' lang='lat' dir='ltr'><strong>in</strong></span> <span class='ocrx_word' id='word_1_408' title='bbox 1366 5375 1478 5430; x_wconf 89' lang='lat' dir='ltr'><strong>suis</strong></span> <span class='ocrx_word' id='word_1_409' title='bbox 1517 5374 1754 5429; x_wconf 86' lang='lat' dir='ltr'><strong>muneri-</strong></span> 
     </span>
    </p>
   </div>
   <div class='ocr_carea' id='block_1_56' title="bbox 240 5521 1626 5598">
    <p class='ocr_par' dir='ltr' id='par_1_56' title="bbox 240 5521 1626 5598">
     <span class='ocr_line' id='line_1_56' title="bbox 240 5521 1626 5598; baseline -0.004 -12"><span class='ocrx_word' id='word_1_410' title='bbox 240 5521 258 5570; x_wconf 41' lang='lat'>&quot;</span> <span class='ocrx_word' id='word_1_411' title='bbox 288 5541 353 5590; x_wconf 75' lang='lat' dir='ltr'><strong>sic</strong></span> <span class='ocrx_word' id='word_1_412' title='bbox 374 5548 477 5590; x_wconf 71' lang='lat' dir='ltr'><strong>Mss.</strong></span> <span class='ocrx_word' id='word_1_413' title='bbox 501 5540 618 5592; x_wconf 75' lang='grc' dir='ltr'><strong>Ε(ιίιί</strong></span> <span class='ocrx_word' id='word_1_414' title='bbox 645 5553 780 5598; x_wconf 86' lang='lat' dir='ltr'><strong>vero,</strong></span> <span class='ocrx_word' id='word_1_415' title='bbox 806 5536 885 5588; x_wconf 81' lang='lat' dir='ltr'><strong>dic</strong></span> <span class='ocrx_word' id='word_1_416' title='bbox 912 5543 1117 5598; x_wconf 76' lang='lat' dir='ltr'><strong>reattnn,</strong></span> <span class='ocrx_word' id='word_1_417' title='bbox 1137 5540 1180 5585; x_wconf 83' lang='lat' dir='ltr'><strong>ct</strong></span> <span class='ocrx_word' id='word_1_418' title='bbox 1202 5546 1288 5584; x_wconf 88' lang='lat' dir='ltr'><strong>cur</strong></span> <span class='ocrx_word' id='word_1_419' title='bbox 1313 5545 1478 5584; x_wconf 77' lang='lat' dir='ltr'><strong>recens</strong></span> <span class='ocrx_word' id='word_1_420' title='bbox 1500 5537 1626 5582; x_wconf 82' lang='lat' dir='ltr'><strong>nato.</strong></span> 
     </span>
    </p>
   </div>
   <div class='ocr_carea' id='block_1_57' title="bbox 244 5600 924 5662">
    <p class='ocr_par' dir='ltr' id='par_1_57' title="bbox 244 5600 924 5662">
     <span class='ocr_line' id='line_1_57' title="bbox 244 5600 924 5662; baseline 0 -12"><span class='ocrx_word' id='word_1_421' title='bbox 244 5602 261 5632; x_wconf 82' lang='grc'>¹</span> <span class='ocrx_word' id='word_1_422' title='bbox 289 5603 417 5659; x_wconf 64' lang='lat' dir='ltr'><strong>illiti,</strong></span> <span class='ocrx_word' id='word_1_423' title='bbox 441 5616 597 5660; x_wconf 82' lang='lat' dir='ltr'><strong>quem.</strong></span> <span class='ocrx_word' id='word_1_424' title='bbox 628 5610 754 5658; x_wconf 47' lang='lat' dir='ltr'><strong>nisi,</strong></span> <span class='ocrx_word' id='word_1_425' title='bbox 781 5600 924 5662; x_wconf 80' lang='lat' dir='ltr'><strong>quod.</strong></span> 
     </span>
    </p>
   </div>
   <div class='ocr_carea' id='block_1_58' title="bbox 193 5654 1753 5771">
    <p class='ocr_par' dir='ltr' id='par_1_58' title="bbox 193 5654 1753 5771">
     <span class='ocr_line' id='line_1_58' title="bbox 193 5654 1753 5771; baseline -0.005 -60"><span class='ocrx_word' id='word_1_426' title='bbox 193 5664 264 5771; x_wconf 67' lang='grc' dir='ltr'><strong>ω³</strong></span> <span class='ocrx_word' id='word_1_427' title='bbox 289 5654 708 5726; x_wconf 61' lang='lat' dir='ltr'><strong>aliti,.subrucrcs.</strong></span> <span class='ocrx_word' id='word_1_428' title='bbox 744 5654 803 5713; x_wconf 61' lang='lat' dir='ltr'><strong>at</strong></span> <span class='ocrx_word' id='word_1_429' title='bbox 821 5670 946 5722; x_wconf 64' lang='lat' dir='ltr'><strong>Mss,</strong></span> <span class='ocrx_word' id='word_1_430' title='bbox 972 5659 1240 5712; x_wconf 66' lang='lat' dir='ltr'><strong>srbrucret.</strong></span> <span class='ocrx_word' id='word_1_431' title='bbox 1268 5657 1332 5707; x_wconf 67' lang='lat' dir='ltr'><strong>ad</strong></span> <span class='ocrx_word' id='word_1_432' title='bbox 1351 5657 1574 5706; x_wconf 79' lang='lat' dir='ltr'><strong>Adamum</strong></span> <span class='ocrx_word' id='word_1_433' title='bbox 1593 5654 1753 5706; x_wconf 62' lang='lat' dir='ltr'><strong>refer-</strong></span> 
     </span>
     <span class='ocr_line' id='line_1_59' title="bbox 237 5737 272 5771; baseline 0 0"><span class='ocrx_word' id='word_1_434' title='bbox 237 5737 272 5771; x_wconf 87' lang='lat' dir='ltr'><strong>r.</strong></span> 
     </span>
    </p>
   </div>
   <div class='ocr_carea' id='block_1_59' title="bbox 243 5762 1750 5898">
    <p class='ocr_par' dir='ltr' id='par_1_59' title="bbox 243 5762 1750 5898">
     <span class='ocr_line' id='line_1_60' title="bbox 243 5762 1750 5898; baseline -0.007 -62"><span class='ocrx_word' id='word_1_435' title='bbox 243 5762 272 5817; x_wconf 55' lang='grc' dir='ltr'><strong>δ’</strong></span> <span class='ocrx_word' id='word_1_436' title='bbox 291 5790 357 5836; x_wconf 74' lang='lat' dir='ltr'><strong>sic</strong></span> <span class='ocrx_word' id='word_1_437' title='bbox 379 5795 480 5898; x_wconf 63' lang='lat' dir='ltr'><strong>pss.</strong></span> <span class='ocrx_word' id='word_1_438' title='bbox 506 5794 558 5838; x_wconf 78' lang='lat' dir='ltr'><strong>At</strong></span> <span class='ocrx_word' id='word_1_439' title='bbox 588 5786 841 5836; x_wconf 77' lang='lat' dir='ltr'><strong>Meuardus</strong></span> <span class='ocrx_word' id='word_1_440' title='bbox 866 5792 914 5835; x_wconf 91' lang='lat' dir='ltr'><strong>et</strong></span> <span class='ocrx_word' id='word_1_441' title='bbox 938 5785 1088 5848; x_wconf 55' lang='lat' dir='ltr'><strong>trium</strong></span> <span class='ocrx_word' id='word_1_442' title='bbox 1115 5782 1339 5847; x_wconf 77' lang='lat' dir='ltr'><strong>tignierii</strong></span> <span class='ocrx_word' id='word_1_443' title='bbox 1367 5779 1533 5841; x_wconf 85' lang='lat' dir='ltr'><strong>editio,</strong></span> <span class='ocrx_word' id='word_1_444' title='bbox 1561 5791 1649 5829; x_wconf 80' lang='lat' dir='ltr'><strong>ron</strong></span> <span class='ocrx_word' id='word_1_445' title='bbox 1663 5777 1750 5841; x_wconf 84' lang='lat' dir='ltr'><strong>ju-</strong></span> 
     </span>
     <span class='ocr_line' id='line_1_61' title="bbox 243 5861 445 5898; baseline 0 0"><span class='ocrx_word' id='word_1_446' title='bbox 243 5861 375 5898; x_wconf 72' lang='lat' dir='ltr'><strong>t:m.</strong></span> <span class='ocrx_word' id='word_1_447' title='bbox 398 5865 445 5898; x_wconf 87' lang='lat' dir='ltr'><strong>e.</strong></span> 
     </span>
    </p>
   </div>
   <div class='ocr_carea' id='block_1_60' title="bbox 194 5856 445 5901">
    <p class='ocr_par' dir='ltr' id='par_1_60' title="bbox 194 5856 445 5901">
     <span class='ocr_line' id='line_1_62' title="bbox 194 5856 445 5901; baseline 0.02 -5"><span class='ocrx_word' id='word_1_448' title='bbox 194 5856 252 5899; x_wconf 72' lang='grc' dir='ltr'><strong>ιεσ</strong></span> <span class='ocrx_word' id='word_1_449' title='bbox 271 5861 287 5901; x_wconf 84' lang='lat'><strong>.&#39;</strong></span> <span class='ocrx_word' id='word_1_450' title='bbox 308 5856 445 5901; x_wconf 61' lang='lat' dir='ltr'><strong>mile.</strong></span> 
     </span>
    </p>
   </div>
   <div class='ocr_carea' id='block_1_61' title="bbox 1457 383 2075 444">
    <p class='ocr_par' dir='ltr' id='par_1_61' title="bbox 1457 383 2075 444">
     <span class='ocr_line' id='line_1_63' title="bbox 1457 383 2075 444; baseline 0.002 -5"><span class='ocrx_word' id='word_1_451' title='bbox 1457 383 1660 439; x_wconf 71' lang='lat' dir='ltr'><strong>LIBER</strong></span> <span class='ocrx_word' id='word_1_452' title='bbox 1699 384 2075 444; x_wconf 73' lang='lat' dir='ltr'><strong>SECUNDUS.</strong></span> 
     </span>
    </p>
   </div>
   <div class='ocr_carea' id='block_1_62' title="bbox 3288 396 3429 455">
    <p class='ocr_par' dir='ltr' id='par_1_62' title="bbox 3288 396 3429 455">
     <span class='ocr_line' id='line_1_64' title="bbox 3288 396 3429 455; baseline 0.007 -1"><span class='ocrx_word' id='word_1_453' title='bbox 3288 396 3429 455; x_wconf 73' lang='lat'><strong>“78</strong></span> 
     </span>
    </p>
   </div>
   <div class='ocr_carea' id='block_1_63' title="bbox 1853 502 3431 574">
    <p class='ocr_par' dir='ltr' id='par_1_63' title="bbox 1853 502 3431 574">
     <span class='ocr_line' id='line_1_65' title="bbox 1853 502 3431 574; baseline 0.008 -20"><span class='ocrx_word' id='word_1_454' title='bbox 1853 502 1980 565; x_wconf 88' lang='lat' dir='ltr'><strong>bus,</strong></span> <span class='ocrx_word' id='word_1_455' title='bbox 2013 516 2130 572; x_wconf 64' lang='lat' dir='ltr'><strong>qua!</strong></span> <span class='ocrx_word' id='word_1_456' title='bbox 2163 502 2290 557; x_wconf 89' lang='lat' dir='ltr'><strong>nihil</strong></span> <span class='ocrx_word' id='word_1_457' title='bbox 2320 503 2459 574; x_wconf 85' lang='lat' dir='ltr'><strong>quod</strong></span> <span class='ocrx_word' id='word_1_458' title='bbox 2490 503 2572 560; x_wconf 86' lang='lat' dir='ltr'><strong>Itis</strong></span> <span class='ocrx_word' id='word_1_459' title='bbox 2594 513 2668 559; x_wconf 93' lang='lat' dir='ltr'><strong>tot</strong></span> <span class='ocrx_word' id='word_1_460' title='bbox 2695 507 2981 563; x_wconf 82' lang='lat' dir='ltr'><strong>trabalibus</strong></span> <span class='ocrx_word' id='word_1_461' title='bbox 3011 509 3162 565; x_wconf 90' lang='lat' dir='ltr'><strong>malis</strong></span> <span class='ocrx_word' id='word_1_462' title='bbox 3183 511 3431 566; x_wconf 82' lang='lat' dir='ltr'><strong>medere-</strong></span> 
     </span>
    </p>
   </div>
   <div class='ocr_carea' id='block_1_64' title="bbox 1851 596 3427 671">
    <p class='ocr_par' dir='ltr' id='par_1_64' title="bbox 1851 596 3427 671">
     <span class='ocr_line' id='line_1_66' title="bbox 1851 596 3427 671; baseline 0.005 -22"><span class='ocrx_word' id='word_1_463' title='bbox 1851 604 1932 649; x_wconf 93' lang='lat' dir='ltr'><strong>tur</strong></span> <span class='ocrx_word' id='word_1_464' title='bbox 1958 596 2153 651; x_wconf 89' lang='lat' dir='ltr'><strong>invenit</strong></span> <span class='ocrx_word' id='word_1_465' title='bbox 2177 609 2295 651; x_wconf 88' lang='lat' dir='ltr'><strong>:aut</strong></span> <span class='ocrx_word' id='word_1_466' title='bbox 2318 599 2360 653; x_wconf 90' lang='lat' dir='ltr'><strong>si</strong></span> <span class='ocrx_word' id='word_1_467' title='bbox 2390 599 2606 665; x_wconf 85' lang='lat' dir='ltr'><strong>invenit,</strong></span> <span class='ocrx_word' id='word_1_468' title='bbox 2632 600 2858 655; x_wconf 79' lang='lat' dir='ltr'><strong>afﬁrma.</strong></span> <span class='ocrx_word' id='word_1_469' title='bbox 2881 601 3097 671; x_wconf 87' lang='lat' dir='ltr'><strong>Singula</strong></span> <span class='ocrx_word' id='word_1_470' title='bbox 3120 604 3260 658; x_wconf 89' lang='lat' dir='ltr'><strong>enim</strong></span> <span class='ocrx_word' id='word_1_471' title='bbox 3286 619 3427 658; x_wconf 90' lang='lat' dir='ltr'><strong>nunc</strong></span> 
     </span>
    </p>
   </div>
   <div class='ocr_carea' id='block_1_65' title="bbox 1846 686 3425 765">
    <p class='ocr_par' dir='ltr' id='par_1_65' title="bbox 1846 686 3425 765">
     <span class='ocr_line' id='line_1_67' title="bbox 1846 686 3425 765; baseline 0.005 -25"><span class='ocrx_word' id='word_1_472' title='bbox 1846 686 2070 756; x_wconf 83' lang='lat' dir='ltr'><strong>singulis</strong></span> <span class='ocrx_word' id='word_1_473' title='bbox 2083 689 2438 744; x_wconf 72' lang='lat' dir='ltr'><strong>mulcramus.</strong></span> <span class='ocrx_word' id='word_1_474' title='bbox 2456 689 2510 745; x_wconf 91' lang='lat' dir='ltr'><strong>Si</strong></span> <span class='ocrx_word' id='word_1_475' title='bbox 2533 691 2698 744; x_wconf 83' lang='lat' dir='ltr'><strong>Adam</strong></span> <span class='ocrx_word' id='word_1_476' title='bbox 2731 701 2923 760; x_wconf 84' lang='lat' dir='ltr'><strong>pra-ter</strong></span> <span class='ocrx_word' id='word_1_477' title='bbox 2938 694 3220 748; x_wconf 83' lang='lat' dir='ltr'><strong>voluntatis</strong></span> <span class='ocrx_word' id='word_1_478' title='bbox 3239 711 3425 765; x_wconf 86' lang='lat' dir='ltr'><strong>opera,</strong></span> 
     </span>
    </p>
   </div>
   <div class='ocr_carea' id='block_1_66' title="bbox 1846 777 3430 856">
    <p class='ocr_par' dir='ltr' id='par_1_66' title="bbox 1846 777 3430 856">
     <span class='ocr_line' id='line_1_68' title="bbox 1846 777 3430 856; baseline 0.007 -28"><span class='ocrx_word' id='word_1_479' title='bbox 1846 777 2012 845; x_wconf 86' lang='lat' dir='ltr'><strong>ipsius</strong></span> <span class='ocrx_word' id='word_1_480' title='bbox 2049 788 2249 833; x_wconf 66' lang='lat' dir='ltr'><strong>natura!</strong></span> <span class='ocrx_word' id='word_1_481' title='bbox 2278 781 2514 834; x_wconf 85' lang='lat' dir='ltr'><strong>instituta</strong></span> <span class='ocrx_word' id='word_1_482' title='bbox 2540 783 2827 846; x_wconf 82' lang='lat' dir='ltr'><strong>subvertit;</strong></span> <span class='ocrx_word' id='word_1_483' title='bbox 2865 784 2993 837; x_wconf 87' lang='lat' dir='ltr'><strong>nihil</strong></span> <span class='ocrx_word' id='word_1_484' title='bbox 3039 785 3219 839; x_wconf 87' lang='lat' dir='ltr'><strong>debuit</strong></span> <span class='ocrx_word' id='word_1_485' title='bbox 3261 787 3430 856; x_wconf 84' lang='lat' dir='ltr'><strong>magis</strong></span> 
     </span>
    </p>
   </div>
   <div class='ocr_carea' id='block_1_67' title="bbox 1843 867 3431 946">
    <p class='ocr_par' dir='ltr' id='par_1_67' title="bbox 1843 867 3431 946">
     <span class='ocr_line' id='line_1_69' title="bbox 1843 867 3431 946; baseline 0.004 -25"><span class='ocrx_word' id='word_1_486' title='bbox 1843 867 2090 921; x_wconf 88' lang='lat' dir='ltr'><strong>Christus</strong></span> <span class='ocrx_word' id='word_1_487' title='bbox 2128 871 2178 934; x_wconf 75' lang='grc' dir='ltr'><strong>ί,</strong></span> <span class='ocrx_word' id='word_1_488' title='bbox 2205 885 2361 938; x_wconf 89' lang='lat' dir='ltr'><strong>quam</strong></span> <span class='ocrx_word' id='word_1_489' title='bbox 2390 887 2450 924; x_wconf 86' lang='lat' dir='ltr'><strong>ea</strong></span> <span class='ocrx_word' id='word_1_490' title='bbox 2479 887 2595 940; x_wconf 71' lang='lat' dir='ltr'><strong>qum</strong></span> <span class='ocrx_word' id='word_1_491' title='bbox 2626 873 2693 928; x_wconf 89' lang='lat' dir='ltr'><strong>ab</strong></span> <span class='ocrx_word' id='word_1_492' title='bbox 2722 871 2813 926; x_wconf 91' lang='lat' dir='ltr'><strong>illo</strong></span> <span class='ocrx_word' id='word_1_493' title='bbox 2844 873 3052 928; x_wconf 82' lang='lat' dir='ltr'><strong>fuerant</strong></span> <span class='ocrx_word' id='word_1_494' title='bbox 3077 874 3204 928; x_wconf 86' lang='lat' dir='ltr'><strong>elisa</strong></span> <span class='ocrx_word' id='word_1_495' title='bbox 3226 917 3241 935; x_wconf 92' lang='lat'><strong>,</strong></span> <span class='ocrx_word' id='word_1_496' title='bbox 3275 891 3431 946; x_wconf 87' lang='lat' dir='ltr'><strong>repa-</strong></span> 
     </span>
    </p>
   </div>
   <div class='ocr_carea' id='block_1_68' title="bbox 1845 958 3296 1031">
    <p class='ocr_par' dir='ltr' id='par_1_68' title="bbox 1845 958 3296 1031">
     <span class='ocr_line' id='line_1_70' title="bbox 1845 958 3296 1031; baseline 0.003 -20"><span class='ocrx_word' id='word_1_497' title='bbox 1845 972 1998 1022; x_wconf 86' lang='lat' dir='ltr'><strong>rare,</strong></span> <span class='ocrx_word' id='word_1_498' title='bbox 2035 958 2114 1011; x_wconf 90' lang='lat' dir='ltr'><strong>his</strong></span> <span class='ocrx_word' id='word_1_499' title='bbox 2147 959 2388 1016; x_wconf 66' lang='lat' dir='ltr'><strong>videlicet</strong></span> <span class='ocrx_word' id='word_1_500' title='bbox 2418 963 2651 1030; x_wconf 83' lang='lat' dir='ltr'><strong>vestigiis</strong></span> <span class='ocrx_word' id='word_1_501' title='bbox 2677 963 2866 1031; x_wconf 79' lang='lat' dir='ltr'><strong>quibus</strong></span> <span class='ocrx_word' id='word_1_502' title='bbox 2889 965 2976 1017; x_wconf 89' lang='lat' dir='ltr'><strong>ille</strong></span> <span class='ocrx_word' id='word_1_503' title='bbox 2997 966 3296 1019; x_wconf 86' lang='lat' dir='ltr'><strong>subruerat.</strong></span> 
     </span>
    </p>
   </div>
   <div class='ocr_carea' id='block_1_69' title="bbox 1916 1048 3424 1121">
    <p class='ocr_par' dir='ltr' id='par_1_69' title="bbox 1916 1048 3424 1121">
     <span class='ocr_line' id='line_1_71' title="bbox 1916 1048 3424 1121; baseline 0.005 -21"><span class='ocrx_word' id='word_1_504' title='bbox 1916 1049 2048 1103; x_wconf 74' lang='grc' dir='ltr'><strong>Αυο.</strong></span> <span class='ocrx_word' id='word_1_505' title='bbox 2076 1048 2185 1103; x_wconf 81' lang='lat' dir='ltr'><strong>lloc</strong></span> <span class='ocrx_word' id='word_1_506' title='bbox 2212 1049 2354 1114; x_wconf 80' lang='lat' dir='ltr'><strong>facit,</strong></span> <span class='ocrx_word' id='word_1_507' title='bbox 2383 1052 2476 1106; x_wconf 91' lang='lat' dir='ltr'><strong>sed</strong></span> <span class='ocrx_word' id='word_1_508' title='bbox 2501 1067 2604 1106; x_wconf 91' lang='lat' dir='ltr'><strong>non</strong></span> <span class='ocrx_word' id='word_1_509' title='bbox 2635 1053 2900 1121; x_wconf 87' lang='lat' dir='ltr'><strong>quomodo</strong></span> <span class='ocrx_word' id='word_1_510' title='bbox 2925 1063 2978 1107; x_wconf 91' lang='lat' dir='ltr'><strong>tu</strong></span> <span class='ocrx_word' id='word_1_511' title='bbox 3003 1054 3098 1107; x_wconf 87' lang='lat' dir='ltr'><strong>vis.</strong></span> <span class='ocrx_word' id='word_1_512' title='bbox 3123 1054 3255 1120; x_wconf 82' lang='lat' dir='ltr'><strong>Quis</strong></span> <span class='ocrx_word' id='word_1_513' title='bbox 3283 1054 3424 1108; x_wconf 78' lang='lat' dir='ltr'><strong>enim</strong></span> 
     </span>
    </p>
   </div>
   <div class='ocr_carea' id='block_1_70' title="bbox 1841 1140 3428 1214">
    <p class='ocr_par' dir='ltr' id='par_1_70' title="bbox 1841 1140 3428 1214">
     <span class='ocr_line' id='line_1_72' title="bbox 1841 1140 3428 1214; baseline 0.005 -24"><span class='ocrx_word' id='word_1_514' title='bbox 1841 1140 2089 1205; x_wconf 87' lang='lat' dir='ltr'><strong>cognovit</strong></span> <span class='ocrx_word' id='word_1_515' title='bbox 2120 1151 2348 1194; x_wconf 86' lang='lat' dir='ltr'><strong>tncttlem</strong></span> <span class='ocrx_word' id='word_1_516' title='bbox 2380 1143 2625 1196; x_wconf 78' lang='lat' dir='ltr'><strong>Domini?</strong></span> <span class='ocrx_word' id='word_1_517' title='bbox 2652 1154 2747 1198; x_wconf 88' lang='lat' dir='ltr'><strong>aut</strong></span> <span class='ocrx_word' id='word_1_518' title='bbox 2775 1144 2892 1214; x_wconf 86' lang='lat' dir='ltr'><strong>quis</strong></span> <span class='ocrx_word' id='word_1_519' title='bbox 2933 1145 3270 1199; x_wconf 86' lang='lat' dir='ltr'><strong>consiliarius</strong></span> <span class='ocrx_word' id='word_1_520' title='bbox 3310 1143 3428 1214; x_wconf 83' lang='lat' dir='ltr'><strong>ejus</strong></span> 
     </span>
    </p>
   </div>
   <div class='ocr_carea' id='block_1_71' title="bbox 1846 1228 2837 1305">
    <p class='ocr_par' dir='ltr' id='par_1_71' title="bbox 1846 1228 2837 1305">
     <span class='ocr_line' id='line_1_73' title="bbox 1846 1228 2837 1305; baseline 0.007 -23"><span class='ocrx_word' id='word_1_521' title='bbox 1846 1228 1938 1282; x_wconf 81' lang='lat' dir='ltr'><strong>fuit</strong></span> <span class='ocrx_word' id='word_1_522' title='bbox 1974 1228 2121 1297; x_wconf 70' lang='lat' dir='ltr'><strong>(Iani.</strong></span> <span class='ocrx_word' id='word_1_523' title='bbox 2155 1247 2252 1294; x_wconf 72' lang='lat' dir='ltr'><strong>XL.</strong></span> <span class='ocrx_word' id='word_1_524' title='bbox 2285 1233 2383 1296; x_wconf 72' lang='lat'><strong>15;</strong></span> <span class='ocrx_word' id='word_1_525' title='bbox 2411 1233 2558 1287; x_wconf 79' lang='lat' dir='ltr'><strong>liom.</strong></span> <span class='ocrx_word' id='word_1_526' title='bbox 2594 1250 2645 1288; x_wconf 76' lang='lat' dir='ltr'><strong>XI</strong></span> <span class='ocrx_word' id='word_1_527' title='bbox 2667 1277 2682 1298; x_wconf 91' lang='lat'><strong>,</strong></span> <span class='ocrx_word' id='word_1_528' title='bbox 2705 1235 2837 1305; x_wconf 57' lang='grc' dir='ltr'><strong>ειη</strong></span> 
     </span>
    </p>
   </div>
   <div class='ocr_carea' id='block_1_72' title="bbox 1918 1319 3433 1395">
    <p class='ocr_par' dir='ltr' id='par_1_72' title="bbox 1918 1319 3433 1395">
     <span class='ocr_line' id='line_1_74' title="bbox 1918 1319 3433 1395; baseline 0.005 -23"><span class='ocrx_word' id='word_1_529' title='bbox 1918 1319 2047 1373; x_wconf 71' lang='lat' dir='ltr'><strong>XCI.</strong></span> <span class='ocrx_word' id='word_1_530' title='bbox 2075 1322 2194 1374; x_wconf 76' lang='grc' dir='ltr'><strong>.Ιυι..</strong></span> <span class='ocrx_word' id='word_1_531' title='bbox 2225 1322 2278 1375; x_wconf 89' lang='lat' dir='ltr'><strong>Id</strong></span> <span class='ocrx_word' id='word_1_532' title='bbox 2309 1332 2422 1387; x_wconf 61' lang='lat' dir='ltr'><strong>est,</strong></span> <span class='ocrx_word' id='word_1_533' title='bbox 2455 1333 2511 1378; x_wconf 92' lang='lat' dir='ltr'><strong>nt</strong></span> <span class='ocrx_word' id='word_1_534' title='bbox 2542 1325 2592 1377; x_wconf 90' lang='lat' dir='ltr'><strong>in</strong></span> <span class='ocrx_word' id='word_1_535' title='bbox 2616 1326 2814 1394; x_wconf 91' lang='lat' dir='ltr'><strong>nuptiis</strong></span> <span class='ocrx_word' id='word_1_536' title='bbox 2843 1326 3228 1395; x_wconf 79' lang='lat' dir='ltr'><strong>baptizatorum</strong></span> <span class='ocrx_word' id='word_1_537' title='bbox 3257 1327 3433 1380; x_wconf 88' lang='lat' dir='ltr'><strong>nenti-</strong></span> 
     </span>
    </p>
   </div>
   <div class='ocr_carea' id='block_1_73' title="bbox 1841 1413 3425 1487">
    <p class='ocr_par' dir='ltr' id='par_1_73' title="bbox 1841 1413 3425 1487">
     <span class='ocr_line' id='line_1_75' title="bbox 1841 1413 3425 1487; baseline 0.006 -26"><span class='ocrx_word' id='word_1_538' title='bbox 1841 1426 1998 1478; x_wconf 84' lang='lat' dir='ltr'><strong>quam</strong></span> <span class='ocrx_word' id='word_1_539' title='bbox 2025 1413 2310 1466; x_wconf 85' lang='lat' dir='ltr'><strong>sentiretur</strong></span> <span class='ocrx_word' id='word_1_540' title='bbox 2334 1415 2528 1478; x_wconf 89' lang='lat' dir='ltr'><strong>libido;</strong></span> <span class='ocrx_word' id='word_1_541' title='bbox 2557 1431 2654 1471; x_wconf 88' lang='lat' dir='ltr'><strong>nec</strong></span> <span class='ocrx_word' id='word_1_542' title='bbox 2683 1413 2869 1470; x_wconf 86' lang='lat' dir='ltr'><strong>eodem</strong></span> <span class='ocrx_word' id='word_1_543' title='bbox 2910 1418 3098 1483; x_wconf 90' lang='lat' dir='ltr'><strong>modo,</strong></span> <span class='ocrx_word' id='word_1_544' title='bbox 3129 1433 3233 1487; x_wconf 88' lang='lat' dir='ltr'><strong>quo</strong></span> <span class='ocrx_word' id='word_1_545' title='bbox 3262 1417 3425 1472; x_wconf 88' lang='lat' dir='ltr'><strong>etiant</strong></span> 
     </span>
    </p>
   </div>
   <div class='ocr_carea' id='block_1_74' title="bbox 1842 1505 3116 1575">
    <p class='ocr_par' dir='ltr' id='par_1_74' title="bbox 1842 1505 3116 1575">
     <span class='ocr_line' id='line_1_76' title="bbox 1842 1505 3116 1575; baseline 0.007 -21"><span class='ocrx_word' id='word_1_546' title='bbox 1842 1514 2152 1556; x_wconf 61' lang='lat' dir='ltr'><strong>caeterarnm</strong></span> <span class='ocrx_word' id='word_1_547' title='bbox 2180 1505 2449 1573; x_wconf 87' lang='lat' dir='ltr'><strong>gentium,</strong></span> <span class='ocrx_word' id='word_1_548' title='bbox 2481 1508 2726 1575; x_wconf 82' lang='lat' dir='ltr'><strong>genitalia</strong></span> <span class='ocrx_word' id='word_1_549' title='bbox 2758 1519 3116 1563; x_wconf 87' lang='lat' dir='ltr'><strong>moverentur.</strong></span> 
     </span>
    </p>
   </div>
   <div class='ocr_carea' id='block_1_75' title="bbox 1913 1594 3428 1674">
    <p class='ocr_par' dir='ltr' id='par_1_75' title="bbox 1913 1594 3428 1674">
     <span class='ocr_line' id='line_1_77' title="bbox 1913 1594 3428 1674; baseline 0.004 -27"><span class='ocrx_word' id='word_1_550' title='bbox 1913 1596 2044 1650; x_wconf 73' lang='lat' dir='ltr'><strong>Avo.</strong></span> <span class='ocrx_word' id='word_1_551' title='bbox 2073 1594 2187 1649; x_wconf 88' lang='lat' dir='ltr'><strong>Non</strong></span> <span class='ocrx_word' id='word_1_552' title='bbox 2208 1611 2335 1664; x_wconf 84' lang='lat' dir='ltr'><strong>ergo</strong></span> <span class='ocrx_word' id='word_1_553' title='bbox 2354 1597 2649 1654; x_wconf 88' lang='lat' dir='ltr'><strong>delmerunt</strong></span> <span class='ocrx_word' id='word_1_554' title='bbox 2675 1601 2950 1672; x_wconf 67' lang='lat' dir='ltr'><strong>baptizatm</strong></span> <span class='ocrx_word' id='word_1_555' title='bbox 2969 1618 3086 1656; x_wconf 88' lang='lat' dir='ltr'><strong>cmn</strong></span> <span class='ocrx_word' id='word_1_556' title='bbox 3109 1602 3306 1672; x_wconf 86' lang='lat' dir='ltr'><strong>gemitu</strong></span> <span class='ocrx_word' id='word_1_557' title='bbox 3331 1617 3428 1674; x_wconf 78' lang='lat' dir='ltr'><strong>pa-</strong></span> 
     </span>
    </p>
   </div>
   <div class='ocr_carea' id='block_1_76' title="bbox 1842 1686 3428 1764">
    <p class='ocr_par' dir='ltr' id='par_1_76' title="bbox 1842 1686 3428 1764">
     <span class='ocr_line' id='line_1_78' title="bbox 1842 1686 3428 1764; baseline 0.006 -28"><span class='ocrx_word' id='word_1_558' title='bbox 1842 1697 1980 1748; x_wconf 83' lang='lat' dir='ltr'><strong>rere;</strong></span> <span class='ocrx_word' id='word_1_559' title='bbox 2011 1686 2260 1752; x_wconf 80' lang='lat' dir='ltr'><strong>quoniam</strong></span> <span class='ocrx_word' id='word_1_560' title='bbox 2286 1688 2384 1741; x_wconf 87' lang='lat' dir='ltr'><strong>hoc</strong></span> <span class='ocrx_word' id='word_1_561' title='bbox 2411 1689 2574 1757; x_wconf 81' lang='lat' dir='ltr'><strong>(qttod</strong></span> <span class='ocrx_word' id='word_1_562' title='bbox 2598 1706 2790 1761; x_wconf 80' lang='lat' dir='ltr'><strong>negare</strong></span> <span class='ocrx_word' id='word_1_563' title='bbox 2821 1707 2926 1746; x_wconf 92' lang='lat' dir='ltr'><strong>non</strong></span> <span class='ocrx_word' id='word_1_564' title='bbox 2958 1691 3132 1764; x_wconf 86' lang='lat' dir='ltr'><strong>potes)</strong></span> <span class='ocrx_word' id='word_1_565' title='bbox 3159 1708 3312 1762; x_wconf 62' lang='lat' dir='ltr'><strong>pinna</strong></span> <span class='ocrx_word' id='word_1_566' title='bbox 3343 1701 3428 1748; x_wconf 87' lang='lat' dir='ltr'><strong>est</strong></span> 
     </span>
    </p>
   </div>
   <div class='ocr_carea' id='block_1_77' title="bbox 1842 1775 2410 1846">
    <p class='ocr_par' dir='ltr' id='par_1_77' title="bbox 1842 1775 2410 1846">
     <span class='ocr_line' id='line_1_79' title="bbox 1842 1775 2410 1846; baseline 0.009 -18"><span class='ocrx_word' id='word_1_567' title='bbox 1842 1775 2052 1830; x_wconf 66' lang='lat' dir='ltr'><strong>feminae</strong></span> <span class='ocrx_word' id='word_1_568' title='bbox 2081 1779 2410 1846; x_wconf 79' lang='lat' dir='ltr'><strong>peceatricis.</strong></span> 
     </span>
    </p>
   </div>
   <div class='ocr_carea' id='block_1_78' title="bbox 1911 1865 3428 1946">
    <p class='ocr_par' dir='ltr' id='par_1_78' title="bbox 1911 1865 3428 1946">
     <span class='ocr_line' id='line_1_80' title="bbox 1911 1865 3428 1946; baseline 0.005 -25"><span class='ocrx_word' id='word_1_569' title='bbox 1911 1865 2069 1922; x_wconf 79' lang='lat' dir='ltr'><strong>XCII.</strong></span> <span class='ocrx_word' id='word_1_570' title='bbox 2092 1868 2210 1924; x_wconf 79' lang='lat' dir='ltr'><strong>IUL.</strong></span> <span class='ocrx_word' id='word_1_571' title='bbox 2241 1869 2534 1926; x_wconf 81' lang='lat' dir='ltr'><strong>Recederct</strong></span> <span class='ocrx_word' id='word_1_572' title='bbox 2563 1881 2832 1942; x_wconf 85' lang='lat' dir='ltr'><strong>postremo</strong></span> <span class='ocrx_word' id='word_1_573' title='bbox 2861 1883 2979 1945; x_wconf 91' lang='lat' dir='ltr'><strong>post</strong></span> <span class='ocrx_word' id='word_1_574' title='bbox 3015 1873 3211 1928; x_wconf 91' lang='lat' dir='ltr'><strong>donum</strong></span> <span class='ocrx_word' id='word_1_575' title='bbox 3241 1875 3428 1946; x_wconf 76' lang='lat' dir='ltr'><strong>gratiae</strong></span> 
     </span>
    </p>
   </div>
   <div class='ocr_carea' id='block_1_79' title="bbox 1838 1961 3428 2035">
    <p class='ocr_par' dir='ltr' id='par_1_79' title="bbox 1838 1961 3428 2035">
     <span class='ocr_line' id='line_1_81' title="bbox 1838 1961 3428 2035; baseline 0.004 -22"><span class='ocrx_word' id='word_1_576' title='bbox 1838 1961 2140 2014; x_wconf 88' lang='lat' dir='ltr'><strong>coeuntium</strong></span> <span class='ocrx_word' id='word_1_577' title='bbox 2167 1961 2366 2031; x_wconf 88' lang='lat' dir='ltr'><strong>pudor,</strong></span> <span class='ocrx_word' id='word_1_578' title='bbox 2396 1978 2494 2017; x_wconf 91' lang='lat' dir='ltr'><strong>nec</strong></span> <span class='ocrx_word' id='word_1_579' title='bbox 2525 1964 2622 2018; x_wconf 90' lang='lat' dir='ltr'><strong>iret</strong></span> <span class='ocrx_word' id='word_1_580' title='bbox 2655 1979 2747 2033; x_wconf 88' lang='lat' dir='ltr'><strong>per</strong></span> <span class='ocrx_word' id='word_1_581' title='bbox 2775 1966 3008 2019; x_wconf 85' lang='lat' dir='ltr'><strong>membra</strong></span> <span class='ocrx_word' id='word_1_582' title='bbox 3031 1966 3225 2035; x_wconf 84' lang='lat' dir='ltr'><strong>quietis</strong></span> <span class='ocrx_word' id='word_1_583' title='bbox 3251 1965 3428 2020; x_wconf 88' lang='lat' dir='ltr'><strong>imita-</strong></span> 
     </span>
    </p>
   </div>
   <div class='ocr_carea' id='block_1_80' title="bbox 1842 2052 3423 2124">
    <p class='ocr_par' dir='ltr' id='par_1_80' title="bbox 1842 2052 3423 2124">
     <span class='ocr_line' id='line_1_82' title="bbox 1842 2052 3423 2124; baseline 0.004 -18"><span class='ocrx_word' id='word_1_584' title='bbox 1842 2052 1946 2120; x_wconf 91' lang='lat' dir='ltr'><strong>tio,</strong></span> <span class='ocrx_word' id='word_1_585' title='bbox 1974 2069 2073 2109; x_wconf 85' lang='lat' dir='ltr'><strong>ncc</strong></span> <span class='ocrx_word' id='word_1_586' title='bbox 2101 2063 2406 2124; x_wconf 89' lang='lat' dir='ltr'><strong>paterentur</strong></span> <span class='ocrx_word' id='word_1_587' title='bbox 2425 2071 2614 2110; x_wconf 88' lang='lat' dir='ltr'><strong>sensus</strong></span> <span class='ocrx_word' id='word_1_588' title='bbox 2639 2073 2800 2112; x_wconf 88' lang='lat' dir='ltr'><strong>onera</strong></span> <span class='ocrx_word' id='word_1_589' title='bbox 2833 2057 3128 2112; x_wconf 90' lang='lat' dir='ltr'><strong>dulcedinis</strong></span> <span class='ocrx_word' id='word_1_590' title='bbox 3156 2077 3168 2113; x_wconf 91' lang='lat'><strong>:</strong></span> <span class='ocrx_word' id='word_1_591' title='bbox 3199 2059 3423 2113; x_wconf 91' lang='lat' dir='ltr'><strong>liberum</strong></span> 
     </span>
    </p>
   </div>
   <div class='ocr_carea' id='block_1_81' title="bbox 1839 2147 3424 2219">
    <p class='ocr_par' dir='ltr' id='par_1_81' title="bbox 1839 2147 3424 2219">
     <span class='ocr_line' id='line_1_83' title="bbox 1839 2147 3424 2219; baseline 0.003 -20"><span class='ocrx_word' id='word_1_592' title='bbox 1839 2155 2110 2214; x_wconf 83' lang='lat' dir='ltr'><strong>postremo</strong></span> <span class='ocrx_word' id='word_1_593' title='bbox 2140 2147 2418 2216; x_wconf 88' lang='lat' dir='ltr'><strong>baptizatis</strong></span> <span class='ocrx_word' id='word_1_594' title='bbox 2443 2149 2754 2204; x_wconf 79' lang='lat' dir='ltr'><strong>redderetur</strong></span> <span class='ocrx_word' id='word_1_595' title='bbox 2771 2149 3069 2215; x_wconf 89' lang='lat' dir='ltr'><strong>arbitrium,</strong></span> <span class='ocrx_word' id='word_1_596' title='bbox 3095 2159 3155 2204; x_wconf 91' lang='lat' dir='ltr'><strong>ut</strong></span> <span class='ocrx_word' id='word_1_597' title='bbox 3185 2166 3277 2219; x_wconf 86' lang='lat' dir='ltr'><strong>per</strong></span> <span class='ocrx_word' id='word_1_598' title='bbox 3297 2166 3424 2204; x_wconf 84' lang='lat' dir='ltr'><strong>cor-</strong></span> 
     </span>
    </p>
   </div>
   <div class='ocr_carea' id='block_1_82' title="bbox 1840 2241 3426 2314">
    <p class='ocr_par' dir='ltr' id='par_1_82' title="bbox 1840 2241 3426 2314">
     <span class='ocr_line' id='line_1_84' title="bbox 1840 2241 3426 2314; baseline 0.004 -22"><span class='ocrx_word' id='word_1_599' title='bbox 1840 2241 2127 2294; x_wconf 83' lang='lat' dir='ltr'><strong>rectionem</strong></span> <span class='ocrx_word' id='word_1_600' title='bbox 2151 2251 2372 2304; x_wconf 77' lang='lat' dir='ltr'><strong>naturze,</strong></span> <span class='ocrx_word' id='word_1_601' title='bbox 2399 2242 2618 2311; x_wconf 84' lang='lat' dir='ltr'><strong>expulsa</strong></span> <span class='ocrx_word' id='word_1_602' title='bbox 2637 2243 2752 2314; x_wconf 82' lang='lat' dir='ltr'><strong>lege</strong></span> <span class='ocrx_word' id='word_1_603' title='bbox 2779 2242 3002 2311; x_wconf 84' lang='lat' dir='ltr'><strong>peccati,</strong></span> <span class='ocrx_word' id='word_1_604' title='bbox 3034 2252 3138 2297; x_wconf 90' lang='lat' dir='ltr'><strong>tam</strong></span> <span class='ocrx_word' id='word_1_605' title='bbox 3168 2242 3426 2312; x_wconf 87' lang='lat' dir='ltr'><strong>possibile</strong></span> 
     </span>
    </p>
   </div>
   <div class='ocr_carea' id='block_1_83' title="bbox 1839 2330 3425 2403">
    <p class='ocr_par' dir='ltr' id='par_1_83' title="bbox 1839 2330 3425 2403">
     <span class='ocr_line' id='line_1_85' title="bbox 1839 2330 3425 2403; baseline 0.001 -18"><span class='ocrx_word' id='word_1_606' title='bbox 1839 2330 2171 2386; x_wconf 78' lang='lat' dir='ltr'><strong>confitereris</strong></span> <span class='ocrx_word' id='word_1_607' title='bbox 2199 2347 2317 2387; x_wconf 91' lang='lat' dir='ltr'><strong>esse</strong></span> <span class='ocrx_word' id='word_1_608' title='bbox 2346 2334 2656 2388; x_wconf 89' lang='lat' dir='ltr'><strong>mortalibus</strong></span> <span class='ocrx_word' id='word_1_609' title='bbox 2678 2375 2694 2400; x_wconf 90' lang='lat'><strong>,</strong></span> <span class='ocrx_word' id='word_1_610' title='bbox 2736 2335 2906 2389; x_wconf 87' lang='lat' dir='ltr'><strong>nitere</strong></span> <span class='ocrx_word' id='word_1_611' title='bbox 2945 2334 3229 2403; x_wconf 88' lang='lat' dir='ltr'><strong>splendore</strong></span> <span class='ocrx_word' id='word_1_612' title='bbox 3255 2337 3425 2388; x_wconf 80' lang='lat' dir='ltr'><strong>virtu-</strong></span> 
     </span>
    </p>
   </div>
   <div class='ocr_carea' id='block_1_84' title="bbox 1841 2422 3425 2495">
    <p class='ocr_par' dir='ltr' id='par_1_84' title="bbox 1841 2422 3425 2495">
     <span class='ocr_line' id='line_1_86' title="bbox 1841 2422 3425 2495; baseline 0.002 -19"><span class='ocrx_word' id='word_1_613' title='bbox 1841 2431 1951 2477; x_wconf 91' lang='lat' dir='ltr'><strong>tum</strong></span> <span class='ocrx_word' id='word_1_614' title='bbox 1978 2465 1993 2491; x_wconf 95' lang='lat'><strong>,</strong></span> <span class='ocrx_word' id='word_1_615' title='bbox 2025 2439 2184 2493; x_wconf 91' lang='lat' dir='ltr'><strong>quam</strong></span> <span class='ocrx_word' id='word_1_616' title='bbox 2229 2423 2474 2479; x_wconf 87' lang='lat' dir='ltr'><strong>sordibus</strong></span> <span class='ocrx_word' id='word_1_617' title='bbox 2503 2422 2723 2479; x_wconf 91' lang='lat' dir='ltr'><strong>horrere</strong></span> <span class='ocrx_word' id='word_1_618' title='bbox 2749 2425 3000 2479; x_wconf 89' lang='lat' dir='ltr'><strong>vitiorum</strong></span> <span class='ocrx_word' id='word_1_619' title='bbox 3027 2443 3039 2477; x_wconf 89' lang='lat'><strong>:</strong></span> <span class='ocrx_word' id='word_1_620' title='bbox 3064 2426 3173 2478; x_wconf 90' lang='lat' dir='ltr'><strong>imo</strong></span> <span class='ocrx_word' id='word_1_621' title='bbox 3215 2425 3425 2495; x_wconf 87' lang='lat' dir='ltr'><strong>penitus</strong></span> 
     </span>
    </p>
   </div>
   <div class='ocr_carea' id='block_1_85' title="bbox 1841 2515 3426 2585">
    <p class='ocr_par' dir='ltr' id='par_1_85' title="bbox 1841 2515 3426 2585">
     <span class='ocr_line' id='line_1_87' title="bbox 1841 2515 3426 2585; baseline 0.003 -18"><span class='ocrx_word' id='word_1_622' title='bbox 1841 2529 1942 2568; x_wconf 89' lang='lat' dir='ltr'><strong>nec</strong></span> <span class='ocrx_word' id='word_1_623' title='bbox 1969 2515 2240 2582; x_wconf 85' lang='lat' dir='ltr'><strong>mortales,</strong></span> <span class='ocrx_word' id='word_1_624' title='bbox 2263 2515 2351 2585; x_wconf 89' lang='lat' dir='ltr'><strong>qui</strong></span> <span class='ocrx_word' id='word_1_625' title='bbox 2375 2515 2734 2571; x_wconf 86' lang='lat' dir='ltr'><strong>Sacramentis</strong></span> <span class='ocrx_word' id='word_1_626' title='bbox 2761 2515 3089 2583; x_wconf 90' lang='lat' dir='ltr'><strong>imbuuntur,</strong></span> <span class='ocrx_word' id='word_1_627' title='bbox 3113 2531 3232 2572; x_wconf 87' lang='lat' dir='ltr'><strong>esse</strong></span> <span class='ocrx_word' id='word_1_628' title='bbox 3259 2517 3426 2572; x_wconf 82' lang='lat' dir='ltr'><strong>debe-</strong></span> 
     </span>
    </p>
   </div>
   <div class='ocr_carea' id='block_1_86' title="bbox 1839 2615 1978 2661">
    <p class='ocr_par' dir='ltr' id='par_1_86' title="bbox 1839 2615 1978 2661">
     <span class='ocr_line' id='line_1_88' title="bbox 1839 2615 1978 2661; baseline -0.022 0"><span class='ocrx_word' id='word_1_629' title='bbox 1839 2615 1978 2661; x_wconf 84' lang='lat' dir='ltr'><strong>rent.</strong></span> 
     </span>
    </p>
   </div>
   <div class='ocr_carea' id='block_1_87' title="bbox 1914 2696 3427 2768">
    <p class='ocr_par' dir='ltr' id='par_1_87' title="bbox 1914 2696 3427 2768">
     <span class='ocr_line' id='line_1_89' title="bbox 1914 2696 3427 2768; baseline 0.001 -18"><span class='ocrx_word' id='word_1_630' title='bbox 1914 2698 2045 2752; x_wconf 77' lang='lat' dir='ltr'><strong>Anc.</strong></span> <span class='ocrx_word' id='word_1_631' title='bbox 2074 2696 2140 2751; x_wconf 85' lang='lat' dir='ltr'><strong>Et</strong></span> <span class='ocrx_word' id='word_1_632' title='bbox 2167 2706 2343 2752; x_wconf 86' lang='lat' dir='ltr'><strong>tamen</strong></span> <span class='ocrx_word' id='word_1_633' title='bbox 2365 2739 2380 2763; x_wconf 94' lang='lat'><strong>,</strong></span> <span class='ocrx_word' id='word_1_634' title='bbox 2408 2696 2616 2753; x_wconf 77' lang='lat' dir='ltr'><strong>Iuliane</strong></span> <span class='ocrx_word' id='word_1_635' title='bbox 2636 2738 2650 2761; x_wconf 95' lang='lat'><strong>,</strong></span> <span class='ocrx_word' id='word_1_636' title='bbox 2680 2697 2811 2751; x_wconf 85' lang='lat' dir='ltr'><strong>tales</strong></span> <span class='ocrx_word' id='word_1_637' title='bbox 2854 2697 3066 2768; x_wconf 90' lang='lat' dir='ltr'><strong>nuptias</strong></span> <span class='ocrx_word' id='word_1_638' title='bbox 3095 2696 3148 2751; x_wconf 92' lang='lat' dir='ltr'><strong>in</strong></span> <span class='ocrx_word' id='word_1_639' title='bbox 3180 2696 3427 2767; x_wconf 86' lang='lat' dir='ltr'><strong>paradiso</strong></span> 
     </span>
    </p>
   </div>
   <div class='ocr_carea' id='block_1_88' title="bbox 1839 2789 3427 2858">
    <p class='ocr_par' dir='ltr' id='par_1_88' title="bbox 1839 2789 3427 2858">
     <span class='ocr_line' id='line_1_90' title="bbox 1839 2789 3427 2858; baseline 0.002 -18"><span class='ocrx_word' id='word_1_640' title='bbox 1839 2789 2162 2843; x_wconf 86' lang='lat' dir='ltr'><strong>constituere</strong></span> <span class='ocrx_word' id='word_1_641' title='bbox 2193 2805 2296 2843; x_wconf 89' lang='lat' dir='ltr'><strong>non</strong></span> <span class='ocrx_word' id='word_1_642' title='bbox 2342 2798 2394 2843; x_wconf 92' lang='lat' dir='ltr'><strong>te</strong></span> <span class='ocrx_word' id='word_1_643' title='bbox 2439 2790 2638 2858; x_wconf 88' lang='lat' dir='ltr'><strong>pudet,</strong></span> <span class='ocrx_word' id='word_1_644' title='bbox 2689 2789 2775 2842; x_wconf 88' lang='lat' dir='ltr'><strong>ubi</strong></span> <span class='ocrx_word' id='word_1_645' title='bbox 2805 2790 3108 2843; x_wconf 87' lang='lat' dir='ltr'><strong>coeuntium</strong></span> <span class='ocrx_word' id='word_1_646' title='bbox 3152 2789 3427 2844; x_wconf 82' lang='lat' dir='ltr'><strong>conﬁteris</strong></span> 
     </span>
    </p>
   </div>
   <div class='ocr_carea' id='block_1_89' title="bbox 1843 2879 3428 2949">
    <p class='ocr_par' dir='ltr' id='par_1_89' title="bbox 1843 2879 3428 2949">
     <span class='ocr_line' id='line_1_91' title="bbox 1843 2879 3428 2949; baseline 0.003 -21"><span class='ocrx_word' id='word_1_647' title='bbox 1843 2879 2116 2948; x_wconf 84' lang='lat' dir='ltr'><strong>pudorem.</strong></span> <span class='ocrx_word' id='word_1_648' title='bbox 2155 2879 2364 2949; x_wconf 82' lang='lat' dir='ltr'><strong>Ergone</strong></span> <span class='ocrx_word' id='word_1_649' title='bbox 2403 2879 2599 2949; x_wconf 87' lang='lat' dir='ltr'><strong>aliquid</strong></span> <span class='ocrx_word' id='word_1_650' title='bbox 2631 2879 2932 2948; x_wconf 87' lang='lat' dir='ltr'><strong>pudendum</strong></span> <span class='ocrx_word' id='word_1_651' title='bbox 2975 2890 3121 2945; x_wconf 89' lang='lat' dir='ltr'><strong>erat,</strong></span> <span class='ocrx_word' id='word_1_652' title='bbox 3162 2881 3249 2934; x_wconf 90' lang='lat' dir='ltr'><strong>ubi</strong></span> <span class='ocrx_word' id='word_1_653' title='bbox 3297 2879 3428 2934; x_wconf 90' lang='lat' dir='ltr'><strong>nihil</strong></span> 
     </span>
    </p>
   </div>
   <div class='ocr_carea' id='block_1_90' title="bbox 1839 2972 3427 3042">
    <p class='ocr_par' dir='ltr' id='par_1_90' title="bbox 1839 2972 3427 3042">
     <span class='ocr_line' id='line_1_92' title="bbox 1839 2972 3427 3042; baseline 0.001 -17"><span class='ocrx_word' id='word_1_654' title='bbox 1839 2973 1940 3026; x_wconf 90' lang='lat' dir='ltr'><strong>nisi</strong></span> <span class='ocrx_word' id='word_1_655' title='bbox 1969 2972 2311 3037; x_wconf 86' lang='lat' dir='ltr'><strong>laudandum,</strong></span> <span class='ocrx_word' id='word_1_656' title='bbox 2340 2973 2427 3042; x_wconf 91' lang='lat' dir='ltr'><strong>qui</strong></span> <span class='ocrx_word' id='word_1_657' title='bbox 2452 2987 2609 3042; x_wconf 90' lang='lat' dir='ltr'><strong>supra</strong></span> <span class='ocrx_word' id='word_1_658' title='bbox 2631 2984 2819 3026; x_wconf 81' lang='lat' dir='ltr'><strong>concta</strong></span> <span class='ocrx_word' id='word_1_659' title='bbox 2846 2972 3137 3027; x_wconf 81' lang='lat' dir='ltr'><strong>laudandus</strong></span> <span class='ocrx_word' id='word_1_660' title='bbox 3157 2981 3259 3040; x_wconf 88' lang='lat' dir='ltr'><strong>est,</strong></span> <span class='ocrx_word' id='word_1_661' title='bbox 3281 2972 3427 3027; x_wconf 85' lang='lat' dir='ltr'><strong>Con-</strong></span> 
     </span>
    </p>
   </div>
   <div class='ocr_carea' id='block_1_91' title="bbox 1838 3063 3426 3134">
    <p class='ocr_par' dir='ltr' id='par_1_91' title="bbox 1838 3063 3426 3134">
     <span class='ocr_line' id='line_1_93' title="bbox 1838 3063 3426 3134; baseline 0.001 -18"><span class='ocrx_word' id='word_1_662' title='bbox 1838 3063 1982 3116; x_wconf 89' lang='lat' dir='ltr'><strong>ditor</strong></span> <span class='ocrx_word' id='word_1_663' title='bbox 2007 3063 2342 3117; x_wconf 74' lang='lat' dir='ltr'><strong>instituerat?</strong></span> <span class='ocrx_word' id='word_1_664' title='bbox 2383 3063 2487 3118; x_wconf 89' lang='lat' dir='ltr'><strong>Sed</strong></span> <span class='ocrx_word' id='word_1_665' title='bbox 2530 3063 2649 3134; x_wconf 78' lang='lat' dir='ltr'><strong>quis</strong></span> <span class='ocrx_word' id='word_1_666' title='bbox 2690 3073 2861 3133; x_wconf 88' lang='lat' dir='ltr'><strong>potest</strong></span> <span class='ocrx_word' id='word_1_667' title='bbox 2907 3065 3007 3118; x_wconf 89' lang='lat' dir='ltr'><strong>hoc</strong></span> <span class='ocrx_word' id='word_1_668' title='bbox 3033 3073 3219 3133; x_wconf 84' lang='lat' dir='ltr'><strong>sapere</strong></span> <span class='ocrx_word' id='word_1_669' title='bbox 3246 3075 3299 3120; x_wconf 94' lang='lat' dir='ltr'><strong>et</strong></span> <span class='ocrx_word' id='word_1_670' title='bbox 3339 3064 3426 3118; x_wconf 88' lang='lat' dir='ltr'><strong>di-</strong></span> 
     </span>
    </p>
   </div>
   <div class='ocr_carea' id='block_1_92' title="bbox 1839 3155 3356 3227">
    <p class='ocr_par' dir='ltr' id='par_1_92' title="bbox 1839 3155 3356 3227">
     <span class='ocr_line' id='line_1_94' title="bbox 1839 3155 3356 3227; baseline 0.001 -16"><span class='ocrx_word' id='word_1_671' title='bbox 1839 3172 1964 3211; x_wconf 89' lang='lat' dir='ltr'><strong>cere</strong></span> <span class='ocrx_word' id='word_1_672' title='bbox 1984 3199 1998 3220; x_wconf 91' lang='lat'><strong>,</strong></span> <span class='ocrx_word' id='word_1_673' title='bbox 2030 3157 2127 3210; x_wconf 88' lang='lat' dir='ltr'><strong>nisi</strong></span> <span class='ocrx_word' id='word_1_674' title='bbox 2156 3172 2314 3226; x_wconf 87' lang='lat' dir='ltr'><strong>quem</strong></span> <span class='ocrx_word' id='word_1_675' title='bbox 2345 3173 2447 3210; x_wconf 89' lang='lat' dir='ltr'><strong>non</strong></span> <span class='ocrx_word' id='word_1_676' title='bbox 2479 3157 2639 3227; x_wconf 89' lang='lat' dir='ltr'><strong>pudet</strong></span> <span class='ocrx_word' id='word_1_677' title='bbox 2666 3157 2718 3211; x_wconf 88' lang='lat' dir='ltr'><strong>id</strong></span> <span class='ocrx_word' id='word_1_678' title='bbox 2747 3155 2964 3212; x_wconf 90' lang='lat' dir='ltr'><strong>laudare</strong></span> <span class='ocrx_word' id='word_1_679' title='bbox 2990 3157 3127 3226; x_wconf 88' lang='lat' dir='ltr'><strong>quod</strong></span> <span class='ocrx_word' id='word_1_680' title='bbox 3159 3157 3356 3226; x_wconf 83' lang='lat' dir='ltr'><strong>pudet?</strong></span> 
     </span>
    </p>
   </div>
   <div class='ocr_carea' id='block_1_93' title="bbox 1912 3247 3425 3318">
    <p class='ocr_par' dir='ltr' id='par_1_93' title="bbox 1912 3247 3425 3318">
     <span class='ocr_line' id='line_1_95' title="bbox 1912 3247 3425 3318; baseline 0 -16"><span class='ocrx_word' id='word_1_681' title='bbox 1912 3247 2091 3302; x_wconf 71' lang='lat' dir='ltr'><strong>Xtilll.</strong></span> <span class='ocrx_word' id='word_1_682' title='bbox 2123 3247 2242 3302; x_wconf 77' lang='lat' dir='ltr'><strong>IUL.</strong></span> <span class='ocrx_word' id='word_1_683' title='bbox 2265 3248 2318 3302; x_wconf 90' lang='lat' dir='ltr'><strong>Si</strong></span> <span class='ocrx_word' id='word_1_684' title='bbox 2342 3248 2483 3302; x_wconf 89' lang='lat' dir='ltr'><strong>enim</strong></span> <span class='ocrx_word' id='word_1_685' title='bbox 2514 3258 2707 3318; x_wconf 88' lang='lat' dir='ltr'><strong>pugnat</strong></span> <span class='ocrx_word' id='word_1_686' title='bbox 2730 3248 2988 3302; x_wconf 86' lang='lat' dir='ltr'><strong>medicina</strong></span> <span class='ocrx_word' id='word_1_687' title='bbox 3019 3264 3139 3302; x_wconf 91' lang='lat' dir='ltr'><strong>cum</strong></span> <span class='ocrx_word' id='word_1_688' title='bbox 3169 3249 3425 3314; x_wconf 87' lang='lat' dir='ltr'><strong>volnere,</strong></span> 
     </span>
    </p>
   </div>
   <div class='ocr_carea' id='block_1_94' title="bbox 1839 3337 3428 3408">
    <p class='ocr_par' dir='ltr' id='par_1_94' title="bbox 1839 3337 3428 3408">
     <span class='ocr_line' id='line_1_96' title="bbox 1839 3337 3428 3408; baseline 0 -14"><span class='ocrx_word' id='word_1_689' title='bbox 1839 3349 1890 3394; x_wconf 90' lang='lat' dir='ltr'><strong>et</strong></span> <span class='ocrx_word' id='word_1_690' title='bbox 1919 3355 2062 3393; x_wconf 89' lang='lat' dir='ltr'><strong>mors</strong></span> <span class='ocrx_word' id='word_1_691' title='bbox 2090 3351 2306 3408; x_wconf 87' lang='lat' dir='ltr'><strong>peccato</strong></span> <span class='ocrx_word' id='word_1_692' title='bbox 2334 3337 2527 3392; x_wconf 90' lang='lat' dir='ltr'><strong>dicitur</strong></span> <span class='ocrx_word' id='word_1_693' title='bbox 2559 3338 2818 3394; x_wconf 88' lang='lat' dir='ltr'><strong>accidisse</strong></span> <span class='ocrx_word' id='word_1_694' title='bbox 2837 3379 2852 3404; x_wconf 92' lang='lat'><strong>,</strong></span> <span class='ocrx_word' id='word_1_695' title='bbox 2883 3338 3207 3393; x_wconf 77' lang='lat' dir='ltr'><strong>ablutionem</strong></span> <span class='ocrx_word' id='word_1_696' title='bbox 3238 3339 3428 3394; x_wconf 77' lang='lat' dir='ltr'><strong>mortis</strong></span> 
     </span>
    </p>
   </div>
   <div class='ocr_carea' id='block_1_95' title="bbox 1839 3430 2713 3501">
    <p class='ocr_par' dir='ltr' id='par_1_95' title="bbox 1839 3430 2713 3501">
     <span class='ocr_line' id='line_1_97' title="bbox 1839 3430 2713 3501; baseline -0.001 -15"><span class='ocrx_word' id='word_1_697' title='bbox 1839 3432 2038 3486; x_wconf 89' lang='lat' dir='ltr'><strong>amotio</strong></span> <span class='ocrx_word' id='word_1_698' title='bbox 2066 3432 2266 3501; x_wconf 88' lang='lat' dir='ltr'><strong>peccati</strong></span> <span class='ocrx_word' id='word_1_699' title='bbox 2299 3432 2454 3487; x_wconf 88' lang='lat' dir='ltr'><strong>debet</strong></span> <span class='ocrx_word' id='word_1_700' title='bbox 2481 3430 2713 3501; x_wconf 81' lang='lat' dir='ltr'><strong>operari.</strong></span> 
     </span>
    </p>
   </div>
   <div class='ocr_carea' id='block_1_96' title="bbox 1913 3520 3428 3593">
    <p class='ocr_par' dir='ltr' id='par_1_96' title="bbox 1913 3520 3428 3593">
     <span class='ocr_line' id='line_1_98' title="bbox 1913 3520 3428 3593; baseline -0.001 -15"><span class='ocrx_word' id='word_1_701' title='bbox 1913 3525 2047 3580; x_wconf 77' lang='lat' dir='ltr'><strong>Anc.</strong></span> <span class='ocrx_word' id='word_1_702' title='bbox 2081 3523 2268 3578; x_wconf 88' lang='lat' dir='ltr'><strong>Adhuc</strong></span> <span class='ocrx_word' id='word_1_703' title='bbox 2313 3523 2530 3593; x_wconf 90' lang='lat' dir='ltr'><strong>quidem</strong></span> <span class='ocrx_word' id='word_1_704' title='bbox 2577 3520 2788 3586; x_wconf 89' lang='lat' dir='ltr'><strong>dicitis,</strong></span> <span class='ocrx_word' id='word_1_705' title='bbox 2830 3522 2996 3576; x_wconf 82' lang='lat' dir='ltr'><strong>Adam</strong></span> <span class='ocrx_word' id='word_1_706' title='bbox 3024 3521 3102 3576; x_wconf 90' lang='lat' dir='ltr'><strong>sic</strong></span> <span class='ocrx_word' id='word_1_707' title='bbox 3149 3521 3308 3576; x_wconf 76' lang='lat' dir='ltr'><strong>fuisse</strong></span> <span class='ocrx_word' id='word_1_708' title='bbox 3346 3521 3428 3576; x_wconf 79' lang='lat' dir='ltr'><strong>l’a-</strong></span> 
     </span>
    </p>
   </div>
   <div class='ocr_carea' id='block_1_97' title="bbox 1841 3613 3432 3684">
    <p class='ocr_par' dir='ltr' id='par_1_97' title="bbox 1841 3613 3432 3684">
     <span class='ocr_line' id='line_1_99' title="bbox 1841 3613 3432 3684; baseline -0.003 -14"><span class='ocrx_word' id='word_1_709' title='bbox 1841 3625 1983 3670; x_wconf 89' lang='lat' dir='ltr'><strong>ctum</strong></span> <span class='ocrx_word' id='word_1_710' title='bbox 2009 3657 2024 3680; x_wconf 92' lang='lat'><strong>,</strong></span> <span class='ocrx_word' id='word_1_711' title='bbox 2054 3625 2111 3668; x_wconf 91' lang='lat' dir='ltr'><strong>ut</strong></span> <span class='ocrx_word' id='word_1_712' title='bbox 2137 3615 2247 3670; x_wconf 85' lang='lat' dir='ltr'><strong>sive</strong></span> <span class='ocrx_word' id='word_1_713' title='bbox 2276 3623 2540 3684; x_wconf 88' lang='lat' dir='ltr'><strong>peccaret,</strong></span> <span class='ocrx_word' id='word_1_714' title='bbox 2561 3613 2677 3669; x_wconf 85' lang='lat' dir='ltr'><strong>sive</strong></span> <span class='ocrx_word' id='word_1_715' title='bbox 2702 3629 2806 3667; x_wconf 90' lang='lat' dir='ltr'><strong>non</strong></span> <span class='ocrx_word' id='word_1_716' title='bbox 2837 3620 3116 3682; x_wconf 87' lang='lat' dir='ltr'><strong>peccaret,</strong></span> <span class='ocrx_word' id='word_1_717' title='bbox 3142 3613 3432 3666; x_wconf 86' lang='lat' dir='ltr'><strong>moriturus</strong></span> 
     </span>
    </p>
   </div>
   <div class='ocr_carea' id='block_1_98' title="bbox 1841 3705 3432 3775">
    <p class='ocr_par' dir='ltr' id='par_1_98' title="bbox 1841 3705 3432 3775">
     <span class='ocr_line' id='line_1_100' title="bbox 1841 3705 3432 3775; baseline -0.003 -11"><span class='ocrx_word' id='word_1_718' title='bbox 1841 3719 1985 3764; x_wconf 84' lang='lat' dir='ltr'><strong>esset</strong></span> <span class='ocrx_word' id='word_1_719' title='bbox 2018 3727 2031 3761; x_wconf 89' lang='lat'><strong>:</strong></span> <span class='ocrx_word' id='word_1_720' title='bbox 2077 3709 2169 3762; x_wconf 88' lang='lat' dir='ltr'><strong>sed</strong></span> <span class='ocrx_word' id='word_1_721' title='bbox 2203 3709 2300 3761; x_wconf 85' lang='lat' dir='ltr'><strong>ista</strong></span> <span class='ocrx_word' id='word_1_722' title='bbox 2328 3707 2567 3762; x_wconf 90' lang='lat' dir='ltr'><strong>dicentes</strong></span> <span class='ocrx_word' id='word_1_723' title='bbox 2602 3707 2712 3775; x_wconf 89' lang='lat' dir='ltr'><strong>jam</strong></span> <span class='ocrx_word' id='word_1_724' title='bbox 2743 3720 2838 3760; x_wconf 91' lang='lat' dir='ltr'><strong>vos</strong></span> <span class='ocrx_word' id='word_1_725' title='bbox 2880 3705 3131 3774; x_wconf 89' lang='lat' dir='ltr'><strong>magister</strong></span> <span class='ocrx_word' id='word_1_726' title='bbox 3159 3716 3336 3759; x_wconf 85' lang='lat' dir='ltr'><strong>vester</strong></span> <span class='ocrx_word' id='word_1_727' title='bbox 3377 3705 3432 3759; x_wconf 93' lang='lat' dir='ltr'><strong>in</strong></span> 
     </span>
    </p>
   </div>
   <div class='ocr_carea' id='block_1_99' title="bbox 1842 3796 3434 3871">
    <p class='ocr_par' dir='ltr' id='par_1_99' title="bbox 1842 3796 3434 3871">
     <span class='ocr_line' id='line_1_101' title="bbox 1842 3796 3434 3871; baseline -0.003 -15"><span class='ocrx_word' id='word_1_728' title='bbox 1842 3802 2129 3871; x_wconf 54' lang='lat' dir='ltr'><strong>episcopali</strong></span> <span class='ocrx_word' id='word_1_729' title='bbox 2171 3801 2369 3871; x_wconf 87' lang='lat' dir='ltr'><strong>judicio</strong></span> <span class='ocrx_word' id='word_1_730' title='bbox 2413 3800 2724 3863; x_wconf 72' lang='lat' dir='ltr'><strong>Palmstino,</strong></span> <span class='ocrx_word' id='word_1_731' title='bbox 2769 3813 2867 3852; x_wconf 89' lang='lat' dir='ltr'><strong>nec</strong></span> <span class='ocrx_word' id='word_1_732' title='bbox 2895 3799 3012 3852; x_wconf 89' lang='lat' dir='ltr'><strong>sine</strong></span> <span class='ocrx_word' id='word_1_733' title='bbox 3039 3813 3097 3851; x_wconf 91' lang='lat' dir='ltr'><strong>se</strong></span> <span class='ocrx_word' id='word_1_734' title='bbox 3128 3796 3278 3868; x_wconf 90' lang='lat' dir='ltr'><strong>ipso,</strong></span> <span class='ocrx_word' id='word_1_735' title='bbox 3309 3798 3434 3866; x_wconf 83' lang='lat' dir='ltr'><strong>quia</strong></span> 
     </span>
    </p>
   </div>
   <div class='ocr_carea' id='block_1_100' title="bbox 1844 3888 3433 3961">
    <p class='ocr_par' dir='ltr' id='par_1_100' title="bbox 1844 3888 3433 3961">
     <span class='ocr_line' id='line_1_102' title="bbox 1844 3888 3433 3961; baseline -0.001 -13"><span class='ocrx_word' id='word_1_736' title='bbox 1844 3909 1948 3948; x_wconf 89' lang='lat' dir='ltr'><strong>non</strong></span> <span class='ocrx_word' id='word_1_737' title='bbox 1978 3909 2034 3947; x_wconf 89' lang='lat' dir='ltr'><strong>se</strong></span> <span class='ocrx_word' id='word_1_738' title='bbox 2073 3891 2340 3958; x_wconf 76' lang='lat' dir='ltr'><strong>correxit,</strong></span> <span class='ocrx_word' id='word_1_739' title='bbox 2387 3891 2630 3960; x_wconf 85' lang='lat' dir='ltr'><strong>Pelagius</strong></span> <span class='ocrx_word' id='word_1_740' title='bbox 2671 3891 2786 3959; x_wconf 60' lang='lat' dir='ltr'><strong>ipse</strong></span> <span class='ocrx_word' id='word_1_741' title='bbox 2825 3889 3098 3944; x_wconf 85' lang='lat' dir='ltr'><strong>damnavit</strong></span> <span class='ocrx_word' id='word_1_742' title='bbox 3132 3888 3208 3961; x_wconf 81' lang='grc' dir='ltr'><strong>(η)</strong></span> <span class='ocrx_word' id='word_1_743' title='bbox 3243 3908 3256 3944; x_wconf 91' lang='lat'><strong>:</strong></span> <span class='ocrx_word' id='word_1_744' title='bbox 3293 3889 3433 3946; x_wconf 89' lang='lat' dir='ltr'><strong>Deus</strong></span> 
     </span>
    </p>
   </div>
   <div class='ocr_carea' id='block_1_101' title="bbox 1845 3982 3432 4055">
    <p class='ocr_par' dir='ltr' id='par_1_101' title="bbox 1845 3982 3432 4055">
     <span class='ocr_line' id='line_1_103' title="bbox 1845 3982 3432 4055; baseline -0.004 -13"><span class='ocrx_word' id='word_1_745' title='bbox 1845 3999 2021 4042; x_wconf 90' lang='lat' dir='ltr'><strong>autem</strong></span> <span class='ocrx_word' id='word_1_746' title='bbox 2067 4002 2171 4039; x_wconf 91' lang='lat' dir='ltr'><strong>non</strong></span> <span class='ocrx_word' id='word_1_747' title='bbox 2218 3986 2268 4039; x_wconf 92' lang='lat' dir='ltr'><strong>in</strong></span> <span class='ocrx_word' id='word_1_748' title='bbox 2317 3986 2419 4039; x_wconf 84' lang='lat' dir='ltr'><strong>isto</strong></span> <span class='ocrx_word' id='word_1_749' title='bbox 2454 3984 2650 4039; x_wconf 79' lang='lat' dir='ltr'><strong>szeculo</strong></span> <span class='ocrx_word' id='word_1_750' title='bbox 2697 3985 2928 4055; x_wconf 86' lang='lat' dir='ltr'><strong>maligno</strong></span> <span class='ocrx_word' id='word_1_751' title='bbox 2977 3982 3242 4037; x_wconf 79' lang='lat' dir='ltr'><strong>beatiﬁcat</strong></span> <span class='ocrx_word' id='word_1_752' title='bbox 3269 3998 3432 4050; x_wconf 87' lang='lat' dir='ltr'><strong>suos,</strong></span> 
     </span>
    </p>
   </div>
   <div class='ocr_carea' id='block_1_102' title="bbox 1844 4076 3436 4150">
    <p class='ocr_par' dir='ltr' id='par_1_102' title="bbox 1844 4076 3436 4150">
     <span class='ocr_line' id='line_1_104' title="bbox 1844 4076 3436 4150; baseline -0.003 -17"><span class='ocrx_word' id='word_1_753' title='bbox 1844 4081 2038 4150; x_wconf 87' lang='lat' dir='ltr'><strong>quibus</strong></span> <span class='ocrx_word' id='word_1_754' title='bbox 2061 4079 2146 4134; x_wconf 87' lang='lat' dir='ltr'><strong>hic</strong></span> <span class='ocrx_word' id='word_1_755' title='bbox 2172 4086 2390 4148; x_wconf 86' lang='lat' dir='ltr'><strong>peccata</strong></span> <span class='ocrx_word' id='word_1_756' title='bbox 2419 4077 2669 4143; x_wconf 88' lang='lat' dir='ltr'><strong>dimittit,</strong></span> <span class='ocrx_word' id='word_1_757' title='bbox 2711 4088 2762 4131; x_wconf 91' lang='lat' dir='ltr'><strong>et</strong></span> <span class='ocrx_word' id='word_1_758' title='bbox 2790 4077 3008 4145; x_wconf 80' lang='lat' dir='ltr'><strong>Spiritus</strong></span> <span class='ocrx_word' id='word_1_759' title='bbox 3035 4077 3218 4142; x_wconf 79' lang='lat' dir='ltr'><strong>gratia:</strong></span> <span class='ocrx_word' id='word_1_760' title='bbox 3246 4076 3436 4144; x_wconf 78' lang='lat' dir='ltr'><strong>pignus</strong></span> 
     </span>
    </p>
   </div>
   <div class='ocr_carea' id='block_1_103' title="bbox 1847 4167 3439 4241">
    <p class='ocr_par' dir='ltr' id='par_1_103' title="bbox 1847 4167 3439 4241">
     <span class='ocr_line' id='line_1_105' title="bbox 1847 4167 3439 4241; baseline -0.003 -13"><span class='ocrx_word' id='word_1_761' title='bbox 1847 4172 2105 4241; x_wconf 88' lang='lat' dir='ltr'><strong>impertit.</strong></span> <span class='ocrx_word' id='word_1_762' title='bbox 2152 4171 2276 4226; x_wconf 90' lang='lat' dir='ltr'><strong>Ideo</strong></span> <span class='ocrx_word' id='word_1_763' title='bbox 2315 4171 2393 4224; x_wconf 85' lang='lat' dir='ltr'><strong>eis</strong></span> <span class='ocrx_word' id='word_1_764' title='bbox 2436 4170 2542 4241; x_wconf 73' lang='lat' dir='ltr'><strong>qui&quot;</strong></span> <span class='ocrx_word' id='word_1_765' title='bbox 2572 4171 2731 4224; x_wconf 90' lang='lat' dir='ltr'><strong>etiam</strong></span> <span class='ocrx_word' id='word_1_766' title='bbox 2772 4170 2924 4225; x_wconf 88' lang='lat' dir='ltr'><strong>malis</strong></span> <span class='ocrx_word' id='word_1_767' title='bbox 2954 4169 3134 4224; x_wconf 74' lang='lat' dir='ltr'><strong>Smculi</strong></span> <span class='ocrx_word' id='word_1_768' title='bbox 3164 4167 3320 4238; x_wconf 83' lang='lat' dir='ltr'><strong>hujus</strong></span> <span class='ocrx_word' id='word_1_769' title='bbox 3350 4169 3439 4224; x_wconf 87' lang='lat' dir='ltr'><strong>vel</strong></span> 
     </span>
    </p>
   </div>
   <div class='ocr_carea' id='block_1_104' title="bbox 1847 4264 3434 4334">
    <p class='ocr_par' dir='ltr' id='par_1_104' title="bbox 1847 4264 3434 4334">
     <span class='ocr_line' id='line_1_106' title="bbox 1847 4264 3434 4334; baseline -0.001 -14"><span class='ocrx_word' id='word_1_770' title='bbox 1847 4265 2282 4329; x_wconf 83' lang='lat' dir='ltr'><strong>delectabilibns,</strong></span> <span class='ocrx_word' id='word_1_771' title='bbox 2319 4264 2396 4318; x_wconf 89' lang='lat' dir='ltr'><strong>vel</strong></span> <span class='ocrx_word' id='word_1_772' title='bbox 2425 4264 2580 4318; x_wconf 86' lang='lat' dir='ltr'><strong>s:cvis</strong></span> <span class='ocrx_word' id='word_1_773' title='bbox 2610 4274 2767 4334; x_wconf 88' lang='lat' dir='ltr'><strong>atque</strong></span> <span class='ocrx_word' id='word_1_774' title='bbox 2808 4265 3048 4333; x_wconf 83' lang='lat' dir='ltr'><strong>asperis,</strong></span> <span class='ocrx_word' id='word_1_775' title='bbox 3095 4265 3284 4332; x_wconf 88' lang='lat' dir='ltr'><strong>partim</strong></span> <span class='ocrx_word' id='word_1_776' title='bbox 3328 4281 3434 4319; x_wconf 67' lang='lat' dir='ltr'><strong>non</strong></span> 
     </span>
    </p>
   </div>
   <div class='ocr_carea' id='block_1_105' title="bbox 1848 4357 3435 4427">
    <p class='ocr_par' dir='ltr' id='par_1_105' title="bbox 1848 4357 3435 4427">
     <span class='ocr_line' id='line_1_107' title="bbox 1848 4357 3435 4427; baseline -0.003 -14"><span class='ocrx_word' id='word_1_777' title='bbox 1848 4367 2096 4422; x_wconf 91' lang='lat' dir='ltr'><strong>utuntur,</strong></span> <span class='ocrx_word' id='word_1_778' title='bbox 2141 4358 2328 4427; x_wconf 89' lang='lat' dir='ltr'><strong>partim</strong></span> <span class='ocrx_word' id='word_1_779' title='bbox 2359 4357 2493 4411; x_wconf 90' lang='lat' dir='ltr'><strong>bene</strong></span> <span class='ocrx_word' id='word_1_780' title='bbox 2527 4365 2782 4421; x_wconf 90' lang='lat' dir='ltr'><strong>utuntur,</strong></span> <span class='ocrx_word' id='word_1_781' title='bbox 2811 4357 3042 4410; x_wconf 79' lang='lat' dir='ltr'><strong>futurum</strong></span> <span class='ocrx_word' id='word_1_782' title='bbox 3072 4357 3310 4424; x_wconf 90' lang='lat' dir='ltr'><strong>promisit</strong></span> <span class='ocrx_word' id='word_1_783' title='bbox 3334 4372 3435 4409; x_wconf 74' lang='lat' dir='ltr'><strong>sa:-</strong></span> 
     </span>
    </p>
   </div>
   <div class='ocr_carea' id='block_1_106' title="bbox 1847 4446 3439 4519">
    <p class='ocr_par' dir='ltr' id='par_1_106' title="bbox 1847 4446 3439 4519">
     <span class='ocr_line' id='line_1_108' title="bbox 1847 4446 3439 4519; baseline -0.003 -15"><span class='ocrx_word' id='word_1_784' title='bbox 1847 4453 2023 4504; x_wconf 91' lang='lat' dir='ltr'><strong>culum</strong></span> <span class='ocrx_word' id='word_1_785' title='bbox 2047 4491 2061 4515; x_wconf 90' lang='lat'><strong>,</strong></span> <span class='ocrx_word' id='word_1_786' title='bbox 2091 4450 2143 4502; x_wconf 93' lang='lat' dir='ltr'><strong>in</strong></span> <span class='ocrx_word' id='word_1_787' title='bbox 2173 4465 2279 4517; x_wconf 89' lang='lat' dir='ltr'><strong>quo</strong></span> <span class='ocrx_word' id='word_1_788' title='bbox 2307 4449 2441 4501; x_wconf 87' lang='lat' dir='ltr'><strong>mala</strong></span> <span class='ocrx_word' id='word_1_789' title='bbox 2471 4449 2610 4501; x_wconf 90' lang='lat' dir='ltr'><strong>nulla</strong></span> <span class='ocrx_word' id='word_1_790' title='bbox 2644 4449 2940 4519; x_wconf 88' lang='lat' dir='ltr'><strong>patiantur;</strong></span> <span class='ocrx_word' id='word_1_791' title='bbox 2973 4447 3060 4500; x_wconf 93' lang='lat' dir='ltr'><strong>ubi</strong></span> <span class='ocrx_word' id='word_1_792' title='bbox 3093 4446 3225 4500; x_wconf 86' lang='lat' dir='ltr'><strong>tales</strong></span> <span class='ocrx_word' id='word_1_793' title='bbox 3256 4455 3439 4500; x_wconf 86' lang='lat' dir='ltr'><strong>essent</strong></span> 
     </span>
    </p>
   </div>
   <div class='ocr_carea' id='block_1_107' title="bbox 1849 4539 3434 4612">
    <p class='ocr_par' dir='ltr' id='par_1_107' title="bbox 1849 4539 3434 4612">
     <span class='ocr_line' id='line_1_109' title="bbox 1849 4539 3434 4612; baseline -0.005 -14"><span class='ocrx_word' id='word_1_794' title='bbox 1849 4553 1902 4598; x_wconf 87' lang='lat' dir='ltr'><strong>et</strong></span> <span class='ocrx_word' id='word_1_795' title='bbox 1932 4543 2149 4612; x_wconf 63' lang='lat' dir='ltr'><strong>nuptias.</strong></span> <span class='ocrx_word' id='word_1_796' title='bbox 2182 4540 2367 4610; x_wconf 86' lang='lat' dir='ltr'><strong>quales</strong></span> <span class='ocrx_word' id='word_1_797' title='bbox 2397 4539 2448 4594; x_wconf 92' lang='lat' dir='ltr'><strong>in</strong></span> <span class='ocrx_word' id='word_1_798' title='bbox 2473 4540 2564 4592; x_wconf 87' lang='lat' dir='ltr'><strong>illo</strong></span> <span class='ocrx_word' id='word_1_799' title='bbox 2588 4539 2848 4608; x_wconf 87' lang='lat' dir='ltr'><strong>paradiso,</strong></span> <span class='ocrx_word' id='word_1_800' title='bbox 2882 4539 2924 4591; x_wconf 92' lang='lat' dir='ltr'><strong>si</strong></span> <span class='ocrx_word' id='word_1_801' title='bbox 2955 4553 3111 4592; x_wconf 90' lang='lat' dir='ltr'><strong>nemo</strong></span> <span class='ocrx_word' id='word_1_802' title='bbox 3140 4545 3434 4606; x_wconf 62' lang='lat' dir='ltr'><strong>peccassi-t,</strong></span> 
     </span>
    </p>
   </div>
   <div class='ocr_carea' id='block_1_108' title="bbox 1848 4630 3438 4704">
    <p class='ocr_par' dir='ltr' id='par_1_108' title="bbox 1848 4630 3438 4704">
     <span class='ocr_line' id='line_1_110' title="bbox 1848 4630 3438 4704; baseline -0.002 -14"><span class='ocrx_word' id='word_1_803' title='bbox 1848 4650 1968 4690; x_wconf 88' lang='lat' dir='ltr'><strong>esse</strong></span> <span class='ocrx_word' id='word_1_804' title='bbox 1995 4635 2310 4704; x_wconf 51' lang='lat' dir='ltr'><strong>potuissent,</strong></span> <span class='ocrx_word' id='word_1_805' title='bbox 2342 4633 2392 4686; x_wconf 90' lang='lat' dir='ltr'><strong>in</strong></span> <span class='ocrx_word' id='word_1_806' title='bbox 2419 4634 2608 4701; x_wconf 90' lang='lat' dir='ltr'><strong>quibus</strong></span> <span class='ocrx_word' id='word_1_807' title='bbox 2638 4631 2769 4684; x_wconf 90' lang='lat' dir='ltr'><strong>nihil</strong></span> <span class='ocrx_word' id='word_1_808' title='bbox 2804 4630 3106 4700; x_wconf 89' lang='lat' dir='ltr'><strong>pudendmn</strong></span> <span class='ocrx_word' id='word_1_809' title='bbox 3129 4642 3270 4685; x_wconf 80' lang='lat' dir='ltr'><strong>esset</strong></span> <span class='ocrx_word' id='word_1_810' title='bbox 3299 4649 3311 4684; x_wconf 89' lang='lat'><strong>:</strong></span> <span class='ocrx_word' id='word_1_811' title='bbox 3341 4631 3438 4688; x_wconf 89' lang='lat' dir='ltr'><strong>sed</strong></span> 
     </span>
    </p>
   </div>
   <div class='ocr_carea' id='block_1_109' title="bbox 1851 4721 3435 4793">
    <p class='ocr_par' dir='ltr' id='par_1_109' title="bbox 1851 4721 3435 4793">
     <span class='ocr_line' id='line_1_111' title="bbox 1851 4721 3435 4793; baseline -0.003 -12"><span class='ocrx_word' id='word_1_812' title='bbox 1851 4744 1948 4782; x_wconf 91' lang='lat' dir='ltr'><strong>nec</strong></span> <span class='ocrx_word' id='word_1_813' title='bbox 1979 4727 2114 4782; x_wconf 86' lang='lat' dir='ltr'><strong>tales</strong></span> <span class='ocrx_word' id='word_1_814' title='bbox 2138 4735 2321 4787; x_wconf 86' lang='lat' dir='ltr'><strong>erunt,</strong></span> <span class='ocrx_word' id='word_1_815' title='bbox 2355 4723 2601 4793; x_wconf 89' lang='lat' dir='ltr'><strong>quoniam</strong></span> <span class='ocrx_word' id='word_1_816' title='bbox 2629 4723 2903 4775; x_wconf 89' lang='lat' dir='ltr'><strong>beatorum</strong></span> <span class='ocrx_word' id='word_1_817' title='bbox 2933 4737 3156 4776; x_wconf 90' lang='lat' dir='ltr'><strong>numero</strong></span> <span class='ocrx_word' id='word_1_818' title='bbox 3184 4721 3400 4792; x_wconf 87' lang='lat' dir='ltr'><strong>impleto</strong></span> <span class='ocrx_word' id='word_1_819' title='bbox 3419 4763 3435 4787; x_wconf 85' lang='lat'><em>.</em></span> 
     </span>
    </p>
   </div>
   <div class='ocr_carea' id='block_1_110' title="bbox 1853 4815 3438 4887">
    <p class='ocr_par' dir='ltr' id='par_1_110' title="bbox 1853 4815 3438 4887">
     <span class='ocr_line' id='line_1_112' title="bbox 1853 4815 3438 4887; baseline 0.001 -14"><span class='ocrx_word' id='word_1_820' title='bbox 1853 4821 1938 4874; x_wconf 92' lang='lat' dir='ltr'><strong>cui</strong></span> <span class='ocrx_word' id='word_1_821' title='bbox 1970 4821 2075 4873; x_wconf 89' lang='lat' dir='ltr'><strong>sint</strong></span> <span class='ocrx_word' id='word_1_822' title='bbox 2111 4819 2307 4887; x_wconf 74' lang='lat' dir='ltr'><strong>nuptiae</strong></span> <span class='ocrx_word' id='word_1_823' title='bbox 2339 4815 2652 4870; x_wconf 71' lang='lat' dir='ltr'><strong>ncccsSarim</strong></span> <span class='ocrx_word' id='word_1_824' title='bbox 2673 4857 2686 4879; x_wconf 90' lang='lat'><strong>,</strong></span> <span class='ocrx_word' id='word_1_825' title='bbox 2729 4816 3001 4882; x_wconf 75' lang='lat' dir='ltr'><strong>generatio</strong></span> <span class='ocrx_word' id='word_1_826' title='bbox 3041 4816 3150 4885; x_wconf 85' lang='lat' dir='ltr'><strong>ipsa</strong></span> <span class='ocrx_word' id='word_1_827' title='bbox 3184 4832 3286 4871; x_wconf 92' lang='lat' dir='ltr'><strong>non</strong></span> <span class='ocrx_word' id='word_1_828' title='bbox 3315 4819 3438 4874; x_wconf 88' lang='lat' dir='ltr'><strong>erit.</strong></span> 
     </span>
    </p>
   </div>
   <div class='ocr_carea' id='block_1_111' title="bbox 1924 4906 3434 4978">
    <p class='ocr_par' dir='ltr' id='par_1_111' title="bbox 1924 4906 3434 4978">
     <span class='ocr_line' id='line_1_113' title="bbox 1924 4906 3434 4978; baseline -0.002 -14"><span class='ocrx_word' id='word_1_829' title='bbox 1924 4909 2105 4965; x_wconf 81' lang='lat' dir='ltr'><strong>XCIV.</strong></span> <span class='ocrx_word' id='word_1_830' title='bbox 2134 4909 2254 4964; x_wconf 79' lang='lat' dir='ltr'><strong>IUL.</strong></span> <span class='ocrx_word' id='word_1_831' title='bbox 2289 4909 2480 4962; x_wconf 80' lang='lat' dir='ltr'><strong>Verum</strong></span> <span class='ocrx_word' id='word_1_832' title='bbox 2509 4923 2627 4959; x_wconf 90' lang='lat' dir='ltr'><strong>cum</strong></span> <span class='ocrx_word' id='word_1_833' title='bbox 2653 4907 2780 4960; x_wconf 91' lang='lat' dir='ltr'><strong>nihil</strong></span> <span class='ocrx_word' id='word_1_834' title='bbox 2812 4906 2998 4961; x_wconf 81' lang='lat' dir='ltr'><strong>horum</strong></span> <span class='ocrx_word' id='word_1_835' title='bbox 3021 4923 3139 4978; x_wconf 70' lang='lat' dir='ltr'><strong>qum</strong></span> <span class='ocrx_word' id='word_1_836' title='bbox 3169 4907 3399 4961; x_wconf 83' lang='lat' dir='ltr'><strong>diximus</strong></span> <span class='ocrx_word' id='word_1_837' title='bbox 3419 4951 3434 4975; x_wconf 93' lang='lat'><strong>,</strong></span> 
     </span>
    </p>
   </div>
   <div class='ocr_carea' id='block_1_112' title="bbox 1852 5001 3442 5077">
    <p class='ocr_par' dir='ltr' id='par_1_112' title="bbox 1852 5001 3442 5077">
     <span class='ocr_line' id='line_1_114' title="bbox 1852 5001 3442 5077; baseline -0.004 -19"><span class='ocrx_word' id='word_1_838' title='bbox 1852 5004 2235 5074; x_wconf 81' lang='lat' dir='ltr'><strong>baptizalorttttt</strong></span> <span class='ocrx_word' id='word_1_839' title='bbox 2280 5010 2487 5056; x_wconf 83' lang='lat' dir='ltr'><strong>constet</strong></span> <span class='ocrx_word' id='word_1_840' title='bbox 2533 5001 2745 5054; x_wconf 74' lang='lat' dir='ltr'><strong>evenire</strong></span> <span class='ocrx_word' id='word_1_841' title='bbox 2795 5003 3138 5077; x_wconf 80' lang='lat' dir='ltr'><strong>t&#39;Orpot‘ibus;</strong></span> <span class='ocrx_word' id='word_1_842' title='bbox 3191 5019 3294 5056; x_wconf 88' lang='lat' dir='ltr'><strong>non</strong></span> <span class='ocrx_word' id='word_1_843' title='bbox 3343 5020 3442 5071; x_wconf 76' lang='lat' dir='ltr'><strong>po-</strong></span> 
     </span>
    </p>
   </div>
   <div class='ocr_carea' id='block_1_113' title="bbox 1853 5093 3441 5164">
    <p class='ocr_par' dir='ltr' id='par_1_113' title="bbox 1853 5093 3441 5164">
     <span class='ocr_line' id='line_1_115' title="bbox 1853 5093 3441 5164; baseline 0 -15"><span class='ocrx_word' id='word_1_844' title='bbox 1853 5097 2016 5150; x_wconf 84' lang='lat' dir='ltr'><strong>tuisse</strong></span> <span class='ocrx_word' id='word_1_845' title='bbox 2043 5104 2220 5149; x_wconf 88' lang='lat' dir='ltr'><strong>autem</strong></span> <span class='ocrx_word' id='word_1_846' title='bbox 2247 5094 2434 5156; x_wconf 88' lang='lat' dir='ltr'><strong>aliter,</strong></span> <span class='ocrx_word' id='word_1_847' title='bbox 2466 5093 2520 5147; x_wconf 86' lang='lat' dir='ltr'><strong>id</strong></span> <span class='ocrx_word' id='word_1_848' title='bbox 2555 5101 2668 5157; x_wconf 86' lang='lat' dir='ltr'><strong>est,</strong></span> <span class='ocrx_word' id='word_1_849' title='bbox 2717 5109 2820 5147; x_wconf 91' lang='lat' dir='ltr'><strong>non</strong></span> <span class='ocrx_word' id='word_1_850' title='bbox 2856 5094 3105 5150; x_wconf 88' lang='lat' dir='ltr'><strong>debuisse</strong></span> <span class='ocrx_word' id='word_1_851' title='bbox 3126 5136 3138 5155; x_wconf 83' lang='lat'><strong>,</strong></span> <span class='ocrx_word' id='word_1_852' title='bbox 3168 5111 3325 5164; x_wconf 89' lang='lat' dir='ltr'><strong>quam</strong></span> <span class='ocrx_word' id='word_1_853' title='bbox 3359 5095 3441 5150; x_wconf 86' lang='lat' dir='ltr'><strong>bis</strong></span> 
     </span>
    </p>
   </div>
   <div class='ocr_carea' id='block_1_114' title="bbox 1855 5184 3440 5247">
    <p class='ocr_par' dir='ltr' id='par_1_114' title="bbox 1855 5184 3440 5247">
     <span class='ocr_line' id='line_1_116' title="bbox 1855 5184 3440 5247; baseline -0.003 -8"><span class='ocrx_word' id='word_1_854' title='bbox 1855 5185 2130 5240; x_wconf 59' lang='lat' dir='ltr'><strong>medicina:</strong></span> <span class='ocrx_word' id='word_1_855' title='bbox 2161 5185 2332 5238; x_wconf 90' lang='lat' dir='ltr'><strong>modis</strong></span> <span class='ocrx_word' id='word_1_856' title='bbox 2353 5191 2519 5237; x_wconf 89' lang='lat' dir='ltr'><strong>totum</strong></span> <span class='ocrx_word' id='word_1_857' title='bbox 2549 5184 2686 5247; x_wconf 88' lang='lat' dir='ltr'><strong>lieri,</strong></span> <span class='ocrx_word' id='word_1_858' title='bbox 2717 5184 2912 5238; x_wconf 82' lang='lat' dir='ltr'><strong>veritas</strong></span> <span class='ocrx_word' id='word_1_859' title='bbox 2939 5185 3131 5238; x_wconf 88' lang='lat' dir='ltr'><strong>clarior</strong></span> <span class='ocrx_word' id='word_1_860' title='bbox 3149 5186 3262 5239; x_wconf 90' lang='lat' dir='ltr'><strong>sole</strong></span> <span class='ocrx_word' id='word_1_861' title='bbox 3284 5201 3440 5237; x_wconf 85' lang='lat' dir='ltr'><strong>mon-</strong></span> 
     </span>
    </p>
   </div>
   <div class='ocr_carea' id='block_1_115' title="bbox 1854 5275 3442 5345">
    <p class='ocr_par' dir='ltr' id='par_1_115' title="bbox 1854 5275 3442 5345">
     <span class='ocr_line' id='line_1_117' title="bbox 1854 5275 3442 5345; baseline 0 -15"><span class='ocrx_word' id='word_1_862' title='bbox 1854 5277 2145 5331; x_wconf 80' lang='lat' dir='ltr'><strong>straverit:</strong></span> <span class='ocrx_word' id='word_1_863' title='bbox 2175 5275 2534 5330; x_wconf 90' lang='lat' dir='ltr'><strong>conlitendnm</strong></span> <span class='ocrx_word' id='word_1_864' title='bbox 2586 5277 2678 5330; x_wconf 90' lang='lat' dir='ltr'><strong>tibi</strong></span> <span class='ocrx_word' id='word_1_865' title='bbox 2722 5286 2842 5344; x_wconf 89' lang='lat' dir='ltr'><strong>est,</strong></span> <span class='ocrx_word' id='word_1_866' title='bbox 2897 5285 2986 5330; x_wconf 86' lang='lat' dir='ltr'><strong>aut</strong></span> <span class='ocrx_word' id='word_1_867' title='bbox 3024 5277 3107 5329; x_wconf 91' lang='lat' dir='ltr'><strong>illa</strong></span> <span class='ocrx_word' id='word_1_868' title='bbox 3151 5292 3269 5345; x_wconf 78' lang='lat' dir='ltr'><strong>qua:</strong></span> <span class='ocrx_word' id='word_1_869' title='bbox 3298 5276 3442 5343; x_wconf 85' lang='lat' dir='ltr'><strong>prius</strong></span> 
     </span>
    </p>
   </div>
   <div class='ocr_carea' id='block_1_116' title="bbox 1856 5359 3459 5438">
    <p class='ocr_par' dir='ltr' id='par_1_116' title="bbox 1856 5359 3459 5438">
     <span class='ocr_line' id='line_1_118' title="bbox 1856 5359 3459 5438; baseline -0.001 -14"><span class='ocrx_word' id='word_1_870' title='bbox 1856 5368 2288 5424; x_wconf 56' lang='lat' dir='ltr'><strong>enm&#39;neravimns</strong></span> <span class='ocrx_word' id='word_1_871' title='bbox 2312 5409 2326 5431; x_wconf 92' lang='lat'><strong>,</strong></span> <span class='ocrx_word' id='word_1_872' title='bbox 2370 5384 2474 5422; x_wconf 91' lang='lat' dir='ltr'><strong>non</strong></span> <span class='ocrx_word' id='word_1_873' title='bbox 2522 5368 2779 5423; x_wconf 82' lang='lat' dir='ltr'><strong>accidisse</strong></span> <span class='ocrx_word' id='word_1_874' title='bbox 2810 5380 3027 5438; x_wconf 86' lang='lat' dir='ltr'><strong>peccato</strong></span> <span class='ocrx_word' id='word_1_875' title='bbox 3050 5408 3064 5429; x_wconf 95' lang='lat'><strong>,</strong></span> <span class='ocrx_word' id='word_1_876' title='bbox 3111 5375 3162 5419; x_wconf 91' lang='lat' dir='ltr'><strong>et</strong></span> <span class='ocrx_word' id='word_1_877' title='bbox 3193 5365 3312 5420; x_wconf 89' lang='lat' dir='ltr'><strong>ideo</strong></span> <span class='ocrx_word' id='word_1_878' title='bbox 3342 5359 3459 5422; x_wconf 16' lang='lat' dir='ltr'><strong>nec.</strong></span> 
     </span>
    </p>
   </div>
   <div class='ocr_carea' id='block_1_117' title="bbox 1856 5456 3442 5524">
    <p class='ocr_par' dir='ltr' id='par_1_117' title="bbox 1856 5456 3442 5524">
     <span class='ocr_line' id='line_1_119' title="bbox 1856 5456 3442 5524; baseline -0.001 -12"><span class='ocrx_word' id='word_1_879' title='bbox 1856 5461 2082 5514; x_wconf 80' lang='lat' dir='ltr'><strong>vulnera</strong></span> <span class='ocrx_word' id='word_1_880' title='bbox 2105 5459 2266 5514; x_wconf 80' lang='lat' dir='ltr'><strong>fuisse</strong></span> <span class='ocrx_word' id='word_1_881' title='bbox 2294 5467 2531 5523; x_wconf 77' lang='lat' dir='ltr'><strong>naturzc;</strong></span> <span class='ocrx_word' id='word_1_882' title='bbox 2565 5471 2620 5512; x_wconf 92' lang='lat' dir='ltr'><strong>ut</strong></span> <span class='ocrx_word' id='word_1_883' title='bbox 2653 5467 2860 5514; x_wconf 80' lang='lat' dir='ltr'><strong>cnostct</strong></span> <span class='ocrx_word' id='word_1_884' title='bbox 2904 5458 3039 5513; x_wconf 90' lang='lat' dir='ltr'><strong>ratio</strong></span> <span class='ocrx_word' id='word_1_885' title='bbox 3081 5456 3296 5524; x_wconf 65' lang='lat' dir='ltr'><strong>gratias,</strong></span> <span class='ocrx_word' id='word_1_886' title='bbox 3347 5471 3442 5523; x_wconf 89' lang='lat' dir='ltr'><strong>per</strong></span> 
     </span>
    </p>
   </div>
   <div class='ocr_carea' id='block_1_118' title="bbox 1856 5546 3441 5622">
    <p class='ocr_par' dir='ltr' id='par_1_118' title="bbox 1856 5546 3441 5622">
     <span class='ocr_line' id='line_1_120' title="bbox 1856 5546 3441 5622; baseline 0.001 -22"><span class='ocrx_word' id='word_1_887' title='bbox 1856 5566 2012 5622; x_wconf 86' lang='lat' dir='ltr'><strong>quam</strong></span> <span class='ocrx_word' id='word_1_888' title='bbox 2054 5550 2390 5605; x_wconf 78' lang='lat' dir='ltr'><strong>manifestum</strong></span> <span class='ocrx_word' id='word_1_889' title='bbox 2433 5561 2544 5614; x_wconf 89' lang='lat' dir='ltr'><strong>est.</strong></span> <span class='ocrx_word' id='word_1_890' title='bbox 2589 5552 2676 5604; x_wconf 91' lang='lat' dir='ltr'><strong>illa</strong></span> <span class='ocrx_word' id='word_1_891' title='bbox 2723 5551 2790 5606; x_wconf 88' lang='lat' dir='ltr'><strong>de</strong></span> <span class='ocrx_word' id='word_1_892' title='bbox 2828 5550 2939 5605; x_wconf 91' lang='lat' dir='ltr'><strong>suis</strong></span> <span class='ocrx_word' id='word_1_893' title='bbox 2980 5546 3256 5601; x_wconf 88' lang='lat' dir='ltr'><strong>ordinibus</strong></span> <span class='ocrx_word' id='word_1_894' title='bbox 3297 5554 3441 5602; x_wconf 83' lang='lat' dir='ltr'><strong>mota</strong></span> 
     </span>
    </p>
   </div>
   <div class='ocr_carea' id='block_1_119' title="bbox 1858 5639 3440 5715">
    <p class='ocr_par' dir='ltr' id='par_1_119' title="bbox 1858 5639 3440 5715">
     <span class='ocr_line' id='line_1_121' title="bbox 1858 5639 3440 5715; baseline -0.001 -17"><span class='ocrx_word' id='word_1_895' title='bbox 1858 5660 1963 5698; x_wconf 93' lang='lat' dir='ltr'><strong>non</strong></span> <span class='ocrx_word' id='word_1_896' title='bbox 1989 5659 2109 5699; x_wconf 89' lang='lat' dir='ltr'><strong>esse</strong></span> <span class='ocrx_word' id='word_1_897' title='bbox 2147 5662 2160 5699; x_wconf 91' lang='lat'><strong>:</strong></span> <span class='ocrx_word' id='word_1_898' title='bbox 2189 5653 2278 5697; x_wconf 90' lang='lat' dir='ltr'><strong>aut</strong></span> <span class='ocrx_word' id='word_1_899' title='bbox 2306 5655 2452 5699; x_wconf 89' lang='lat' dir='ltr'><strong>certe</strong></span> <span class='ocrx_word' id='word_1_900' title='bbox 2491 5643 2787 5715; x_wconf 87' lang='lat' dir='ltr'><strong>negandum</strong></span> <span class='ocrx_word' id='word_1_901' title='bbox 2813 5682 2830 5708; x_wconf 92' lang='lat'><strong>,</strong></span> <span class='ocrx_word' id='word_1_902' title='bbox 2863 5644 2913 5695; x_wconf 93' lang='lat' dir='ltr'><strong>in</strong></span> <span class='ocrx_word' id='word_1_903' title='bbox 2946 5639 3214 5710; x_wconf 76' lang='lat' dir='ltr'><strong>mysteriis</strong></span> <span class='ocrx_word' id='word_1_904' title='bbox 3239 5640 3440 5697; x_wconf 74' lang='lat' dir='ltr'><strong>Christi</strong></span> 
     </span>
    </p>
   </div>
   <div class='ocr_carea' id='block_1_120' title="bbox 1925 5771 3189 5835">
    <p class='ocr_par' dir='ltr' id='par_1_120' title="bbox 1925 5771 3189 5835">
     <span class='ocr_line' id='line_1_122' title="bbox 1925 5771 3189 5835; baseline -0.002 -11"><span class='ocrx_word' id='word_1_905' title='bbox 1925 5783 1938 5811; x_wconf 75' lang='grc' dir='ltr'><strong>ι</strong></span> <span class='ocrx_word' id='word_1_906' title='bbox 1963 5778 2124 5827; x_wconf 72' lang='lat' dir='ltr'><strong>codex</strong></span> <span class='ocrx_word' id='word_1_907' title='bbox 2150 5786 2411 5835; x_wconf 86' lang='lat' dir='ltr'><strong>t‘ortarum,</strong></span> <span class='ocrx_word' id='word_1_908' title='bbox 2438 5777 2556 5827; x_wconf 69' lang='lat' dir='ltr'><strong>nihil</strong></span> <span class='ocrx_word' id='word_1_909' title='bbox 2579 5776 2739 5826; x_wconf 75' lang='lat' dir='ltr'><strong>decuit</strong></span> <span class='ocrx_word' id='word_1_910' title='bbox 2763 5773 2914 5835; x_wconf 73' lang='lat' dir='ltr'><strong>inagis</strong></span> <span class='ocrx_word' id='word_1_911' title='bbox 2932 5771 3189 5824; x_wconf 70' lang='lat' dir='ltr'><strong>Christum.</strong></span> 
     </span>
    </p>
   </div>
   <div class='ocr_carea' id='block_1_121' title="bbox 1923 5827 2912 5904">
    <p class='ocr_par' dir='ltr' id='par_1_121' title="bbox 1923 5827 2912 5904">
     <span class='ocr_line' id='line_1_123' title="bbox 1923 5827 2912 5904; baseline -0.004 -16"><span class='ocrx_word' id='word_1_912' title='bbox 1923 5841 1995 5904; x_wconf 76' lang='grc' dir='ltr'>(ιι)</span> <span class='ocrx_word' id='word_1_913' title='bbox 2019 5841 2115 5892; x_wconf 75' lang='grc' dir='ltr'>ιιι).</span> <span class='ocrx_word' id='word_1_914' title='bbox 2142 5827 2204 5890; x_wconf 81' lang='lat' dir='ltr'><strong>de</strong></span> <span class='ocrx_word' id='word_1_915' title='bbox 2230 5842 2385 5890; x_wconf 69' lang='lat' dir='ltr'><strong>(testis</strong></span> <span class='ocrx_word' id='word_1_916' title='bbox 2401 5827 2603 5902; x_wconf 49' lang='lat' dir='ltr'><strong>&#39;Pelagii,</strong></span> <span class='ocrx_word' id='word_1_917' title='bbox 2629 5852 2711 5887; x_wconf 88' lang='lat' dir='ltr'><strong>nn.</strong></span> <span class='ocrx_word' id='word_1_918' title='bbox 2737 5837 2813 5896; x_wconf 75' lang='lat'><strong>‘25,</strong></span> <span class='ocrx_word' id='word_1_919' title='bbox 2837 5827 2912 5886; x_wconf 65' lang='lat'><strong>37.</strong></span> 
     </span>
    </p>
   </div>
  </div>
