  <div class='ocr_page' id='page_1' title='image "/cluster/home/n/w/nwhite01/storage/ocr_20150623/45/hvd.32044015471501/103.png"; bbox 0 0 3996 6480; ppageno 0'>
   <div class='ocr_carea' id='block_1_1' title="bbox 493 362 630 421">
    <p class='ocr_par' dir='ltr' id='par_1_1' title="bbox 493 362 630 421">
     <span class='ocr_line' id='line_1_1' title="bbox 493 362 630 421; baseline -0.007 0"><span class='ocrx_word' id='word_1_1' title='bbox 493 362 630 421; x_wconf 78' lang='lat' dir='ltr'><strong>H79</strong></span> 
     </span>
    </p>
   </div>
   <div class='ocr_carea' id='block_1_2' title="bbox 489 469 2072 548">
    <p class='ocr_par' dir='ltr' id='par_1_2' title="bbox 489 469 2072 548">
     <span class='ocr_line' id='line_1_2' title="bbox 489 469 2072 548; baseline -0.005 -18"><span class='ocrx_word' id='word_1_2' title='bbox 489 476 776 548; x_wconf 80' lang='lat' dir='ltr'><strong>quidquam</strong></span> <span class='ocrx_word' id='word_1_3' title='bbox 805 489 925 530; x_wconf 87' lang='lat' dir='ltr'><strong>esse</strong></span> <span class='ocrx_word' id='word_1_4' title='bbox 963 473 1274 537; x_wconf 66' lang='lat' dir='ltr'><strong>medicinae,</strong></span> <span class='ocrx_word' id='word_1_5' title='bbox 1314 488 1433 543; x_wconf 65' lang='lat' dir='ltr'><strong>qute</strong></span> <span class='ocrx_word' id='word_1_6' title='bbox 1471 471 1538 526; x_wconf 91' lang='lat' dir='ltr'><strong>dc</strong></span> <span class='ocrx_word' id='word_1_7' title='bbox 1572 480 1650 526; x_wconf 89' lang='lat' dir='ltr'><strong>tot</strong></span> <span class='ocrx_word' id='word_1_8' title='bbox 1686 469 1979 526; x_wconf 76' lang='lat' dir='ltr'><strong>secundum</strong></span> <span class='ocrx_word' id='word_1_9' title='bbox 2023 478 2072 522; x_wconf 88' lang='lat' dir='ltr'><strong>te</strong></span> 
     </span>
    </p>
   </div>
   <div class='ocr_carea' id='block_1_3' title="bbox 492 561 1790 637">
    <p class='ocr_par' dir='ltr' id='par_1_3' title="bbox 492 561 1790 637">
     <span class='ocr_line' id='line_1_3' title="bbox 492 561 1790 637; baseline -0.006 -15"><span class='ocrx_word' id='word_1_10' title='bbox 492 568 692 622; x_wconf 85' lang='lat' dir='ltr'><strong>morbis</strong></span> <span class='ocrx_word' id='word_1_11' title='bbox 723 568 738 598; x_wconf 87' lang='grc'>¹</span> <span class='ocrx_word' id='word_1_12' title='bbox 770 581 836 624; x_wconf 90' lang='lat' dir='ltr'><strong>ne</strong></span> <span class='ocrx_word' id='word_1_13' title='bbox 867 582 1027 621; x_wconf 91' lang='lat' dir='ltr'><strong>unum</strong></span> <span class='ocrx_word' id='word_1_14' title='bbox 1051 565 1261 637; x_wconf 81' lang='lat' dir='ltr'><strong>quidem</strong></span> <span class='ocrx_word' id='word_1_15' title='bbox 1293 578 1481 618; x_wconf 87' lang='lat' dir='ltr'><strong>sanare</strong></span> <span class='ocrx_word' id='word_1_16' title='bbox 1505 561 1790 632; x_wconf 86' lang='lat' dir='ltr'><strong>potuerint.</strong></span> 
     </span>
    </p>
   </div>
   <div class='ocr_carea' id='block_1_4' title="bbox 561 653 2076 725">
    <p class='ocr_par' dir='ltr' id='par_1_4' title="bbox 561 653 2076 725">
     <span class='ocr_line' id='line_1_4' title="bbox 561 653 2076 725; baseline -0.003 -13"><span class='ocrx_word' id='word_1_17' title='bbox 561 661 695 714; x_wconf 85' lang='lat' dir='ltr'><strong>Auc.</strong></span> <span class='ocrx_word' id='word_1_18' title='bbox 727 656 838 712; x_wconf 91' lang='lat' dir='ltr'><strong>Imo</strong></span> <span class='ocrx_word' id='word_1_19' title='bbox 862 674 988 712; x_wconf 89' lang='lat' dir='ltr'><strong>vero</strong></span> <span class='ocrx_word' id='word_1_20' title='bbox 1019 657 1140 712; x_wconf 92' lang='lat' dir='ltr'><strong>hinc</strong></span> <span class='ocrx_word' id='word_1_21' title='bbox 1168 656 1433 710; x_wconf 74' lang='lat' dir='ltr'><strong>deberetis</strong></span> <span class='ocrx_word' id='word_1_22' title='bbox 1461 669 1781 725; x_wconf 85' lang='lat' dir='ltr'><strong>agnoscere,</strong></span> <span class='ocrx_word' id='word_1_23' title='bbox 1819 653 1862 707; x_wconf 88' lang='lat' dir='ltr'><strong>si</strong></span> <span class='ocrx_word' id='word_1_24' title='bbox 1895 662 2076 707; x_wconf 89' lang='lat' dir='ltr'><strong>mente</strong></span> 
     </span>
    </p>
   </div>
   <div class='ocr_carea' id='block_1_5' title="bbox 492 744 2073 818">
    <p class='ocr_par' dir='ltr' id='par_1_5' title="bbox 492 744 2073 818">
     <span class='ocr_line' id='line_1_5' title="bbox 492 744 2073 818; baseline -0.004 -14"><span class='ocrx_word' id='word_1_25' title='bbox 492 750 666 804; x_wconf 85' lang='lat' dir='ltr'><strong>sobria</strong></span> <span class='ocrx_word' id='word_1_26' title='bbox 691 750 960 815; x_wconf 72' lang='lat' dir='ltr'><strong>viveretis,</strong></span> <span class='ocrx_word' id='word_1_27' title='bbox 988 764 1143 818; x_wconf 90' lang='lat' dir='ltr'><strong>quant</strong></span> <span class='ocrx_word' id='word_1_28' title='bbox 1176 763 1423 818; x_wconf 81' lang='lat' dir='ltr'><strong>maguum</strong></span> <span class='ocrx_word' id='word_1_29' title='bbox 1447 747 1574 800; x_wconf 90' lang='lat' dir='ltr'><strong>illud</strong></span> <span class='ocrx_word' id='word_1_30' title='bbox 1597 755 1869 816; x_wconf 86' lang='lat' dir='ltr'><strong>peccatum</strong></span> <span class='ocrx_word' id='word_1_31' title='bbox 1899 744 2073 808; x_wconf 82' lang='lat' dir='ltr'><strong>luerit,</strong></span> 
     </span>
    </p>
   </div>
   <div class='ocr_carea' id='block_1_6' title="bbox 491 838 2078 912">
    <p class='ocr_par' dir='ltr' id='par_1_6' title="bbox 491 838 2078 912">
     <span class='ocr_line' id='line_1_6' title="bbox 491 838 2078 912; baseline -0.001 -19"><span class='ocrx_word' id='word_1_32' title='bbox 491 841 634 909; x_wconf 88' lang='lat' dir='ltr'><strong>quod</strong></span> <span class='ocrx_word' id='word_1_33' title='bbox 678 858 772 912; x_wconf 88' lang='lat' dir='ltr'><strong>per</strong></span> <span class='ocrx_word' id='word_1_34' title='bbox 801 856 963 896; x_wconf 90' lang='lat' dir='ltr'><strong>unum</strong></span> <span class='ocrx_word' id='word_1_35' title='bbox 1009 840 1276 895; x_wconf 86' lang='lat' dir='ltr'><strong>hominem</strong></span> <span class='ocrx_word' id='word_1_36' title='bbox 1323 838 1539 894; x_wconf 87' lang='lat' dir='ltr'><strong>intravit</strong></span> <span class='ocrx_word' id='word_1_37' title='bbox 1581 839 1632 893; x_wconf 91' lang='lat' dir='ltr'><strong>in</strong></span> <span class='ocrx_word' id='word_1_38' title='bbox 1679 839 1932 892; x_wconf 88' lang='lat' dir='ltr'><strong>mundum</strong></span> <span class='ocrx_word' id='word_1_39' title='bbox 1958 878 1974 902; x_wconf 95' lang='lat'><strong>,</strong></span> <span class='ocrx_word' id='word_1_40' title='bbox 2022 847 2078 892; x_wconf 90' lang='lat' dir='ltr'><strong>et</strong></span> 
     </span>
    </p>
   </div>
   <div class='ocr_carea' id='block_1_7' title="bbox 491 927 2077 999">
    <p class='ocr_par' dir='ltr' id='par_1_7' title="bbox 491 927 2077 999">
     <span class='ocr_line' id='line_1_7' title="bbox 491 927 2077 999; baseline -0.003 -13"><span class='ocrx_word' id='word_1_41' title='bbox 491 948 612 995; x_wconf 90' lang='lat' dir='ltr'><strong>cum</strong></span> <span class='ocrx_word' id='word_1_42' title='bbox 645 941 814 986; x_wconf 89' lang='lat' dir='ltr'><strong>morte</strong></span> <span class='ocrx_word' id='word_1_43' title='bbox 859 931 910 984; x_wconf 91' lang='lat' dir='ltr'><strong>in</strong></span> <span class='ocrx_word' id='word_1_44' title='bbox 955 946 1144 985; x_wconf 87' lang='lat' dir='ltr'><strong>omnes</strong></span> <span class='ocrx_word' id='word_1_45' title='bbox 1181 930 1422 984; x_wconf 83' lang='lat' dir='ltr'><strong>homines</strong></span> <span class='ocrx_word' id='word_1_46' title='bbox 1453 929 1799 999; x_wconf 87' lang='lat' dir='ltr'><strong>pertransiit:</strong></span> <span class='ocrx_word' id='word_1_47' title='bbox 1834 927 2077 998; x_wconf 88' lang='lat' dir='ltr'><strong>quando-</strong></span> 
     </span>
    </p>
   </div>
   <div class='ocr_carea' id='block_1_8' title="bbox 494 1021 2077 1094">
    <p class='ocr_par' dir='ltr' id='par_1_8' title="bbox 494 1021 2077 1094">
     <span class='ocr_line' id='line_1_8' title="bbox 494 1021 2077 1094; baseline 0 -18"><span class='ocrx_word' id='word_1_48' title='bbox 494 1021 708 1094; x_wconf 81' lang='lat' dir='ltr'><strong>quidem</strong></span> <span class='ocrx_word' id='word_1_49' title='bbox 752 1023 906 1076; x_wconf 89' lang='lat' dir='ltr'><strong>malis</strong></span> <span class='ocrx_word' id='word_1_50' title='bbox 949 1022 1107 1093; x_wconf 80' lang='lat' dir='ltr'><strong>hujus</strong></span> <span class='ocrx_word' id='word_1_51' title='bbox 1157 1023 1372 1088; x_wconf 66' lang='lat' dir='ltr'><strong>saeculi,</strong></span> <span class='ocrx_word' id='word_1_52' title='bbox 1425 1037 1544 1076; x_wconf 89' lang='lat' dir='ltr'><strong>cmn</strong></span> <span class='ocrx_word' id='word_1_53' title='bbox 1595 1022 1788 1092; x_wconf 81' lang='lat' dir='ltr'><strong>quibus</strong></span> <span class='ocrx_word' id='word_1_54' title='bbox 1837 1021 2077 1076; x_wconf 84' lang='lat' dir='ltr'><strong>homines</strong></span> 
     </span>
    </p>
   </div>
   <div class='ocr_carea' id='block_1_9' title="bbox 494 1113 2078 1184">
    <p class='ocr_par' dir='ltr' id='par_1_9' title="bbox 494 1113 2078 1184">
     <span class='ocr_line' id='line_1_9' title="bbox 494 1113 2078 1184; baseline -0.001 -16"><span class='ocrx_word' id='word_1_55' title='bbox 494 1115 793 1169; x_wconf 90' lang='lat' dir='ltr'><strong>moriuntur</strong></span> <span class='ocrx_word' id='word_1_56' title='bbox 821 1116 863 1179; x_wconf 77' lang='lat'><strong>’,</strong></span> <span class='ocrx_word' id='word_1_57' title='bbox 895 1131 991 1170; x_wconf 93' lang='lat' dir='ltr'><strong>nec</strong></span> <span class='ocrx_word' id='word_1_58' title='bbox 1020 1115 1286 1184; x_wconf 82' lang='lat' dir='ltr'><strong>baptizati,</strong></span> <span class='ocrx_word' id='word_1_59' title='bbox 1311 1114 1420 1183; x_wconf 90' lang='lat' dir='ltr'><strong>jam</strong></span> <span class='ocrx_word' id='word_1_60' title='bbox 1441 1124 1588 1167; x_wconf 90' lang='lat' dir='ltr'><strong>reatu</strong></span> <span class='ocrx_word' id='word_1_61' title='bbox 1610 1113 1806 1178; x_wconf 89' lang='lat' dir='ltr'><strong>ablato,</strong></span> <span class='ocrx_word' id='word_1_62' title='bbox 1831 1113 2078 1167; x_wconf 90' lang='lat' dir='ltr'><strong>omnibus</strong></span> 
     </span>
    </p>
   </div>
   <div class='ocr_carea' id='block_1_10' title="bbox 493 1203 2076 1274">
    <p class='ocr_par' dir='ltr' id='par_1_10' title="bbox 493 1203 2076 1274">
     <span class='ocr_line' id='line_1_10' title="bbox 493 1203 2076 1274; baseline -0.001 -16"><span class='ocrx_word' id='word_1_63' title='bbox 493 1212 771 1268; x_wconf 87' lang='lat' dir='ltr'><strong>eruuntur,</strong></span> <span class='ocrx_word' id='word_1_64' title='bbox 805 1205 904 1259; x_wconf 88' lang='lat' dir='ltr'><strong>nisi</strong></span> <span class='ocrx_word' id='word_1_65' title='bbox 933 1214 1052 1274; x_wconf 91' lang='lat' dir='ltr'><strong>post</strong></span> <span class='ocrx_word' id='word_1_66' title='bbox 1084 1203 1220 1258; x_wconf 91' lang='lat' dir='ltr'><strong>banc</strong></span> <span class='ocrx_word' id='word_1_67' title='bbox 1245 1205 1402 1258; x_wconf 91' lang='lat' dir='ltr'><strong>vitam</strong></span> <span class='ocrx_word' id='word_1_68' title='bbox 1428 1219 1442 1269; x_wconf 89' lang='lat'><strong>;</strong></span> <span class='ocrx_word' id='word_1_69' title='bbox 1489 1204 1542 1257; x_wconf 92' lang='lat' dir='ltr'><strong>in</strong></span> <span class='ocrx_word' id='word_1_70' title='bbox 1563 1218 1664 1272; x_wconf 91' lang='lat' dir='ltr'><strong>qna</strong></span> <span class='ocrx_word' id='word_1_71' title='bbox 1702 1217 1799 1256; x_wconf 89' lang='lat' dir='ltr'><strong>nos</strong></span> <span class='ocrx_word' id='word_1_72' title='bbox 1825 1211 2076 1272; x_wconf 89' lang='lat' dir='ltr'><strong>oportet,</strong></span> 
     </span>
    </p>
   </div>
   <div class='ocr_carea' id='block_1_11' title="bbox 497 1293 2078 1367">
    <p class='ocr_par' dir='ltr' id='par_1_11' title="bbox 497 1293 2078 1367">
     <span class='ocr_line' id='line_1_11' title="bbox 497 1293 2078 1367; baseline -0.003 -16"><span class='ocrx_word' id='word_1_73' title='bbox 497 1298 656 1352; x_wconf 89' lang='lat' dir='ltr'><strong>etiam</strong></span> <span class='ocrx_word' id='word_1_74' title='bbox 686 1297 960 1367; x_wconf 87' lang='lat' dir='ltr'><strong>promissis</strong></span> <span class='ocrx_word' id='word_1_75' title='bbox 987 1296 1138 1350; x_wconf 85' lang='lat' dir='ltr'><strong>bonis</strong></span> <span class='ocrx_word' id='word_1_76' title='bbox 1157 1337 1171 1358; x_wconf 92' lang='lat'><strong>,</strong></span> <span class='ocrx_word' id='word_1_77' title='bbox 1205 1295 1438 1349; x_wconf 74' lang='lat' dir='ltr'><strong>exerceri</strong></span> <span class='ocrx_word' id='word_1_78' title='bbox 1463 1294 1637 1348; x_wconf 87' lang='lat' dir='ltr'><strong>adhuc</strong></span> <span class='ocrx_word' id='word_1_79' title='bbox 1669 1293 1842 1347; x_wconf 88' lang='lat' dir='ltr'><strong>malis.</strong></span> <span class='ocrx_word' id='word_1_80' title='bbox 1871 1293 2004 1348; x_wconf 86' lang='lat' dir='ltr'><strong>Nam</strong></span> <span class='ocrx_word' id='word_1_81' title='bbox 2034 1294 2078 1347; x_wconf 90' lang='lat' dir='ltr'><strong>si</strong></span> 
     </span>
    </p>
   </div>
   <div class='ocr_carea' id='block_1_12' title="bbox 495 1383 2078 1454">
    <p class='ocr_par' dir='ltr' id='par_1_12' title="bbox 495 1383 2078 1454">
     <span class='ocr_line' id='line_1_12' title="bbox 495 1383 2078 1454; baseline -0.003 -12"><span class='ocrx_word' id='word_1_82' title='bbox 495 1403 701 1443; x_wconf 89' lang='lat' dir='ltr'><strong>merces</strong></span> <span class='ocrx_word' id='word_1_83' title='bbox 730 1386 848 1442; x_wconf 89' lang='lat' dir='ltr'><strong>ﬁdei</strong></span> <span class='ocrx_word' id='word_1_84' title='bbox 877 1387 1132 1441; x_wconf 87' lang='lat' dir='ltr'><strong>continuo</strong></span> <span class='ocrx_word' id='word_1_85' title='bbox 1177 1384 1489 1440; x_wconf 88' lang='lat' dir='ltr'><strong>redderetur</strong></span> <span class='ocrx_word' id='word_1_86' title='bbox 1507 1425 1522 1449; x_wconf 98' lang='lat'><strong>,</strong></span> <span class='ocrx_word' id='word_1_87' title='bbox 1547 1384 1655 1454; x_wconf 88' lang='lat' dir='ltr'><strong>jam</strong></span> <span class='ocrx_word' id='word_1_88' title='bbox 1683 1400 1781 1438; x_wconf 90' lang='lat' dir='ltr'><strong>nec</strong></span> <span class='ocrx_word' id='word_1_89' title='bbox 1809 1383 1940 1438; x_wconf 89' lang='lat' dir='ltr'><strong>lides</strong></span> <span class='ocrx_word' id='word_1_90' title='bbox 1966 1383 2078 1454; x_wconf 83' lang='lat' dir='ltr'><strong>ipsa</strong></span> 
     </span>
    </p>
   </div>
   <div class='ocr_carea' id='block_1_13' title="bbox 495 1477 2076 1549">
    <p class='ocr_par' dir='ltr' id='par_1_13' title="bbox 495 1477 2076 1549">
     <span class='ocr_line' id='line_1_13' title="bbox 495 1477 2076 1549; baseline -0.003 -15"><span class='ocrx_word' id='word_1_91' title='bbox 495 1490 670 1545; x_wconf 86' lang='lat' dir='ltr'><strong>esset;</strong></span> <span class='ocrx_word' id='word_1_92' title='bbox 710 1495 829 1549; x_wconf 77' lang='lat' dir='ltr'><strong>qua:</strong></span> <span class='ocrx_word' id='word_1_93' title='bbox 856 1479 992 1533; x_wconf 88' lang='lat' dir='ltr'><strong>mala</strong></span> <span class='ocrx_word' id='word_1_94' title='bbox 1022 1479 1300 1548; x_wconf 74' lang='lat' dir='ltr'><strong>przesentia</strong></span> <span class='ocrx_word' id='word_1_95' title='bbox 1333 1478 1555 1542; x_wconf 85' lang='lat' dir='ltr'><strong>videns,</strong></span> <span class='ocrx_word' id='word_1_96' title='bbox 1584 1477 1705 1532; x_wconf 89' lang='lat' dir='ltr'><strong>ideo</strong></span> <span class='ocrx_word' id='word_1_97' title='bbox 1735 1477 1821 1548; x_wconf 90' lang='lat' dir='ltr'><strong>pie</strong></span> <span class='ocrx_word' id='word_1_98' title='bbox 1850 1477 2076 1543; x_wconf 89' lang='lat' dir='ltr'><strong>tolerat,</strong></span> 
     </span>
    </p>
   </div>
   <div class='ocr_carea' id='block_1_14' title="bbox 495 1567 2082 1641">
    <p class='ocr_par' dir='ltr' id='par_1_14' title="bbox 495 1567 2082 1641">
     <span class='ocr_line' id='line_1_14' title="bbox 495 1567 2082 1641; baseline -0.001 -17"><span class='ocrx_word' id='word_1_99' title='bbox 495 1569 619 1641; x_wconf 86' lang='lat' dir='ltr'><strong>quia</strong></span> <span class='ocrx_word' id='word_1_100' title='bbox 647 1570 783 1624; x_wconf 91' lang='lat' dir='ltr'><strong>bona</strong></span> <span class='ocrx_word' id='word_1_101' title='bbox 811 1570 1067 1639; x_wconf 88' lang='lat' dir='ltr'><strong>promissa</strong></span> <span class='ocrx_word' id='word_1_102' title='bbox 1100 1583 1204 1624; x_wconf 90' lang='lat' dir='ltr'><strong>non</strong></span> <span class='ocrx_word' id='word_1_103' title='bbox 1230 1568 1416 1623; x_wconf 90' lang='lat' dir='ltr'><strong>videns</strong></span> <span class='ocrx_word' id='word_1_104' title='bbox 1440 1611 1454 1632; x_wconf 93' lang='lat'><strong>,</strong></span> <span class='ocrx_word' id='word_1_105' title='bbox 1488 1567 1717 1622; x_wconf 88' lang='lat' dir='ltr'><strong>ﬁdeliter</strong></span> <span class='ocrx_word' id='word_1_106' title='bbox 1742 1575 1798 1622; x_wconf 91' lang='lat' dir='ltr'><strong>et</strong></span> <span class='ocrx_word' id='word_1_107' title='bbox 1824 1567 2082 1638; x_wconf 81' lang='lat' dir='ltr'><strong>patienter</strong></span> 
     </span>
    </p>
   </div>
   <div class='ocr_carea' id='block_1_15' title="bbox 497 1671 791 1731">
    <p class='ocr_par' dir='ltr' id='par_1_15' title="bbox 497 1671 791 1731">
     <span class='ocr_line' id='line_1_15' title="bbox 497 1671 791 1731; baseline -0.017 -14"><span class='ocrx_word' id='word_1_108' title='bbox 497 1671 791 1731; x_wconf 71' lang='lat' dir='ltr'><strong>exspectat.</strong></span> 
     </span>
    </p>
   </div>
   <div class='ocr_carea' id='block_1_16' title="bbox 571 1747 2082 1821">
    <p class='ocr_par' dir='ltr' id='par_1_16' title="bbox 571 1747 2082 1821">
     <span class='ocr_line' id='line_1_16' title="bbox 571 1747 2082 1821; baseline -0.005 -13"><span class='ocrx_word' id='word_1_109' title='bbox 571 1750 730 1808; x_wconf 79' lang='lat' dir='ltr'><strong>XCV.</strong></span> <span class='ocrx_word' id='word_1_110' title='bbox 757 1751 874 1806; x_wconf 65' lang='lat' dir='ltr'><strong>Jun.</strong></span> <span class='ocrx_word' id='word_1_111' title='bbox 903 1749 993 1806; x_wconf 87' lang='lat' dir='ltr'><strong>Sic</strong></span> <span class='ocrx_word' id='word_1_112' title='bbox 1019 1751 1099 1821; x_wconf 81' lang='lat' dir='ltr'><strong>egi</strong></span> <span class='ocrx_word' id='word_1_113' title='bbox 1137 1749 1391 1804; x_wconf 86' lang='lat' dir='ltr'><strong>hactenus</strong></span> <span class='ocrx_word' id='word_1_114' title='bbox 1413 1790 1427 1813; x_wconf 96' lang='lat'><strong>,</strong></span> <span class='ocrx_word' id='word_1_115' title='bbox 1459 1747 1608 1819; x_wconf 64' lang='lat' dir='ltr'><strong>quasi</strong></span> <span class='ocrx_word' id='word_1_116' title='bbox 1637 1762 1742 1802; x_wconf 79' lang='lat' dir='ltr'><strong>vnn</strong></span> <span class='ocrx_word' id='word_1_117' title='bbox 1771 1747 2032 1802; x_wconf 90' lang='lat' dir='ltr'><strong>donorum</strong></span> <span class='ocrx_word' id='word_1_118' title='bbox 2059 1747 2082 1780; x_wconf 86' lang='grc'>⁸</span> 
     </span>
    </p>
   </div>
   <div class='ocr_carea' id='block_1_17' title="bbox 498 1841 2082 1912">
    <p class='ocr_par' dir='ltr' id='par_1_17' title="bbox 498 1841 2082 1912">
     <span class='ocr_line' id='line_1_17' title="bbox 498 1841 2082 1912; baseline -0.003 -13"><span class='ocrx_word' id='word_1_119' title='bbox 498 1851 556 1899; x_wconf 90' lang='lat' dir='ltr'><strong>et</strong></span> <span class='ocrx_word' id='word_1_120' title='bbox 581 1843 890 1911; x_wconf 78' lang='lat' dir='ltr'><strong>vulnerum,</strong></span> <span class='ocrx_word' id='word_1_121' title='bbox 935 1844 987 1899; x_wconf 91' lang='lat' dir='ltr'><strong>in</strong></span> <span class='ocrx_word' id='word_1_122' title='bbox 1017 1844 1298 1900; x_wconf 89' lang='lat' dir='ltr'><strong>contrariis</strong></span> <span class='ocrx_word' id='word_1_123' title='bbox 1323 1843 1450 1898; x_wconf 90' lang='lat' dir='ltr'><strong>licet</strong></span> <span class='ocrx_word' id='word_1_124' title='bbox 1483 1841 1792 1908; x_wconf 87' lang='lat' dir='ltr'><strong>ell&#39;ecttbus,</strong></span> <span class='ocrx_word' id='word_1_125' title='bbox 1823 1841 2082 1912; x_wconf 65' lang='lat' dir='ltr'><strong>aequalem</strong></span> 
     </span>
    </p>
   </div>
   <div class='ocr_carea' id='block_1_18' title="bbox 499 1931 2083 2005">
    <p class='ocr_par' dir='ltr' id='par_1_18' title="bbox 499 1931 2083 2005">
     <span class='ocr_line' id='line_1_18' title="bbox 499 1931 2083 2005; baseline -0.001 -16"><span class='ocrx_word' id='word_1_126' title='bbox 499 1942 676 1989; x_wconf 88' lang='lat' dir='ltr'><strong>tamen</strong></span> <span class='ocrx_word' id='word_1_127' title='bbox 715 1935 1003 2005; x_wconf 85' lang='lat' dir='ltr'><strong>Apostolus</strong></span> <span class='ocrx_word' id='word_1_128' title='bbox 1032 1935 1351 1998; x_wconf 80' lang='lat' dir='ltr'><strong>:rstimasset</strong></span> <span class='ocrx_word' id='word_1_129' title='bbox 1399 1951 1414 1988; x_wconf 88' lang='lat'><strong>:</strong></span> <span class='ocrx_word' id='word_1_130' title='bbox 1456 1933 1647 1988; x_wconf 86' lang='lat' dir='ltr'><strong>crescit</strong></span> <span class='ocrx_word' id='word_1_131' title='bbox 1693 1943 1870 1986; x_wconf 88' lang='lat' dir='ltr'><strong>autem</strong></span> <span class='ocrx_word' id='word_1_132' title='bbox 1920 1931 2083 1988; x_wconf 89' lang='lat' dir='ltr'><strong>dubio</strong></span> 
     </span>
    </p>
   </div>
   <div class='ocr_carea' id='block_1_19' title="bbox 500 2025 2084 2096">
    <p class='ocr_par' dir='ltr' id='par_1_19' title="bbox 500 2025 2084 2096">
     <span class='ocr_line' id='line_1_19' title="bbox 500 2025 2084 2096; baseline -0.001 -17"><span class='ocrx_word' id='word_1_133' title='bbox 500 2026 682 2096; x_wconf 82' lang='lat' dir='ltr'><strong>procul</strong></span> <span class='ocrx_word' id='word_1_134' title='bbox 705 2026 1002 2080; x_wconf 83' lang='lat' dir='ltr'><strong>sublimitas</strong></span> <span class='ocrx_word' id='word_1_135' title='bbox 1031 2040 1174 2082; x_wconf 75' lang='lat' dir='ltr'><strong>sana:</strong></span> <span class='ocrx_word' id='word_1_136' title='bbox 1197 2025 1337 2092; x_wconf 88' lang='lat' dir='ltr'><strong>lidei,</strong></span> <span class='ocrx_word' id='word_1_137' title='bbox 1359 2041 1518 2096; x_wconf 90' lang='lat' dir='ltr'><strong>quam</strong></span> <span class='ocrx_word' id='word_1_138' title='bbox 1545 2034 1933 2088; x_wconf 82' lang='lat' dir='ltr'><strong>tttetnur;&#39;cum</strong></span> <span class='ocrx_word' id='word_1_139' title='bbox 1963 2039 2084 2078; x_wconf 91' lang='lat' dir='ltr'><strong>con-</strong></span> 
     </span>
    </p>
   </div>
   <div class='ocr_carea' id='block_1_20' title="bbox 498 2115 2084 2185">
    <p class='ocr_par' dir='ltr' id='par_1_20' title="bbox 498 2115 2084 2185">
     <span class='ocr_line' id='line_1_20' title="bbox 498 2115 2084 2185; baseline -0.004 -13"><span class='ocrx_word' id='word_1_140' title='bbox 498 2117 762 2172; x_wconf 84' lang='lat' dir='ltr'><strong>sideratur</strong></span> <span class='ocrx_word' id='word_1_141' title='bbox 796 2117 1016 2181; x_wconf 82' lang='lat' dir='ltr'><strong>Paulus,</strong></span> <span class='ocrx_word' id='word_1_142' title='bbox 1051 2133 1155 2172; x_wconf 90' lang='lat' dir='ltr'><strong>non</strong></span> <span class='ocrx_word' id='word_1_143' title='bbox 1183 2118 1355 2172; x_wconf 90' lang='lat' dir='ltr'><strong>solum</strong></span> <span class='ocrx_word' id='word_1_144' title='bbox 1387 2115 1633 2172; x_wconf 89' lang='lat' dir='ltr'><strong>remediis</strong></span> <span class='ocrx_word' id='word_1_145' title='bbox 1659 2115 1841 2185; x_wconf 75' lang='lat' dir='ltr'><strong>gratia:</strong></span> <span class='ocrx_word' id='word_1_146' title='bbox 1865 2116 2084 2184; x_wconf 65' lang='lat' dir='ltr'><strong>aegritu-</strong></span> 
     </span>
    </p>
   </div>
   <div class='ocr_carea' id='block_1_21' title="bbox 499 2203 2087 2279">
    <p class='ocr_par' dir='ltr' id='par_1_21' title="bbox 499 2203 2087 2279">
     <span class='ocr_line' id='line_1_21' title="bbox 499 2203 2087 2279; baseline -0.004 -15"><span class='ocrx_word' id='word_1_147' title='bbox 499 2208 678 2264; x_wconf 87' lang='lat' dir='ltr'><strong>dinem</strong></span> <span class='ocrx_word' id='word_1_148' title='bbox 709 2225 812 2263; x_wconf 93' lang='lat' dir='ltr'><strong>non</strong></span> <span class='ocrx_word' id='word_1_149' title='bbox 847 2209 1145 2279; x_wconf 67' lang='lat' dir='ltr'><strong>praetulisse</strong></span> <span class='ocrx_word' id='word_1_150' title='bbox 1176 2209 1488 2276; x_wconf 87' lang='lat' dir='ltr'><strong>culparum,</strong></span> <span class='ocrx_word' id='word_1_151' title='bbox 1515 2222 1698 2260; x_wconf 85' lang='lat' dir='ltr'><strong>verum</strong></span> <span class='ocrx_word' id='word_1_152' title='bbox 1726 2207 1886 2259; x_wconf 92' lang='lat' dir='ltr'><strong>etiam</strong></span> <span class='ocrx_word' id='word_1_153' title='bbox 1911 2203 2087 2275; x_wconf 90' lang='lat' dir='ltr'><strong>copio-</strong></span> 
     </span>
    </p>
   </div>
   <div class='ocr_carea' id='block_1_22' title="bbox 498 2299 1550 2372">
    <p class='ocr_par' dir='ltr' id='par_1_22' title="bbox 498 2299 1550 2372">
     <span class='ocr_line' id='line_1_22' title="bbox 498 2299 1550 2372; baseline -0.006 -15"><span class='ocrx_word' id='word_1_154' title='bbox 498 2303 640 2357; x_wconf 86' lang='lat' dir='ltr'><strong>siora</strong></span> <span class='ocrx_word' id='word_1_155' title='bbox 669 2300 1210 2372; x_wconf 88' lang='lat' dir='ltr'><strong>beneﬁciajudicasse</strong></span> <span class='ocrx_word' id='word_1_156' title='bbox 1235 2299 1550 2371; x_wconf 89' lang='lat' dir='ltr'><strong>dispendiis.</strong></span> 
     </span>
    </p>
   </div>
   <div class='ocr_carea' id='block_1_23' title="bbox 569 2387 2084 2461">
    <p class='ocr_par' dir='ltr' id='par_1_23' title="bbox 569 2387 2084 2461">
     <span class='ocr_line' id='line_1_23' title="bbox 569 2387 2084 2461; baseline -0.004 -13"><span class='ocrx_word' id='word_1_157' title='bbox 569 2396 703 2448; x_wconf 83' lang='lat' dir='ltr'><strong>Auc.</strong></span> <span class='ocrx_word' id='word_1_158' title='bbox 730 2392 924 2447; x_wconf 77' lang='lat' dir='ltr'><strong>Verum</strong></span> <span class='ocrx_word' id='word_1_159' title='bbox 954 2402 1036 2448; x_wconf 79' lang='lat' dir='ltr'><strong>est</strong></span> <span class='ocrx_word' id='word_1_160' title='bbox 1065 2410 1077 2444; x_wconf 89' lang='lat'><strong>:</strong></span> <span class='ocrx_word' id='word_1_161' title='bbox 1107 2391 1634 2461; x_wconf 86' lang='lat' dir='ltr'><strong>temporalia-quippe</strong></span> <span class='ocrx_word' id='word_1_162' title='bbox 1661 2398 1784 2443; x_wconf 89' lang='lat' dir='ltr'><strong>sunt</strong></span> <span class='ocrx_word' id='word_1_163' title='bbox 1808 2387 2084 2458; x_wconf 88' lang='lat' dir='ltr'><strong>dispendia</strong></span> 
     </span>
    </p>
   </div>
   <div class='ocr_carea' id='block_1_24' title="bbox 498 2481 2083 2556">
    <p class='ocr_par' dir='ltr' id='par_1_24' title="bbox 498 2481 2083 2556">
     <span class='ocr_line' id='line_1_24' title="bbox 498 2481 2083 2556; baseline -0.004 -16"><span class='ocrx_word' id='word_1_164' title='bbox 498 2492 968 2556; x_wconf 75' lang='lat' dir='ltr'><strong>regeneratorum;</strong></span> <span class='ocrx_word' id='word_1_165' title='bbox 999 2482 1254 2544; x_wconf 84' lang='lat' dir='ltr'><strong>beneﬁcia</strong></span> <span class='ocrx_word' id='word_1_166' title='bbox 1278 2499 1410 2538; x_wconf 82' lang='lat' dir='ltr'><strong>vero</strong></span> <span class='ocrx_word' id='word_1_167' title='bbox 1433 2491 1591 2536; x_wconf 88' lang='lat' dir='ltr'><strong>erunt</strong></span> <span class='ocrx_word' id='word_1_168' title='bbox 1615 2482 1732 2536; x_wconf 87' lang='lat' dir='ltr'><strong>sine</strong></span> <span class='ocrx_word' id='word_1_169' title='bbox 1753 2481 1912 2536; x_wconf 89' lang='lat' dir='ltr'><strong>dubio</strong></span> <span class='ocrx_word' id='word_1_170' title='bbox 1938 2497 2083 2536; x_wconf 87' lang='lat' dir='ltr'><strong>sem-</strong></span> 
     </span>
    </p>
   </div>
   <div class='ocr_carea' id='block_1_25' title="bbox 498 2574 2087 2648">
    <p class='ocr_par' dir='ltr' id='par_1_25' title="bbox 498 2574 2087 2648">
     <span class='ocr_line' id='line_1_25' title="bbox 498 2574 2087 2648; baseline 0 -18"><span class='ocrx_word' id='word_1_171' title='bbox 498 2579 702 2648; x_wconf 85' lang='lat' dir='ltr'><strong>piterna</strong></span> <span class='ocrx_word' id='word_1_172' title='bbox 728 2595 740 2630; x_wconf 91' lang='lat'>:</span> <span class='ocrx_word' id='word_1_173' title='bbox 770 2577 863 2631; x_wconf 89' lang='lat' dir='ltr'><strong>sed</strong></span> <span class='ocrx_word' id='word_1_174' title='bbox 893 2576 1190 2646; x_wconf 82' lang='lat' dir='ltr'><strong>diSpendia,</strong></span> <span class='ocrx_word' id='word_1_175' title='bbox 1221 2592 1340 2646; x_wconf 76' lang='lat' dir='ltr'><strong>qua:</strong></span> <span class='ocrx_word' id='word_1_176' title='bbox 1361 2583 1646 2630; x_wconf 82' lang='lat' dir='ltr'><strong>nascentes</strong></span> <span class='ocrx_word' id='word_1_177' title='bbox 1677 2574 1852 2629; x_wconf 85' lang='lat' dir='ltr'><strong>llendo</strong></span> <span class='ocrx_word' id='word_1_178' title='bbox 1888 2582 2087 2630; x_wconf 86' lang='lat' dir='ltr'><strong>testan-</strong></span> 
     </span>
    </p>
   </div>
   <div class='ocr_carea' id='block_1_26' title="bbox 499 2667 2086 2738">
    <p class='ocr_par' dir='ltr' id='par_1_26' title="bbox 499 2667 2086 2738">
     <span class='ocr_line' id='line_1_26' title="bbox 499 2667 2086 2738; baseline -0.002 -15"><span class='ocrx_word' id='word_1_179' title='bbox 499 2680 619 2734; x_wconf 86' lang='lat' dir='ltr'><strong>tur,</strong></span> <span class='ocrx_word' id='word_1_180' title='bbox 664 2668 824 2723; x_wconf 88' lang='lat' dir='ltr'><strong>dicite</strong></span> <span class='ocrx_word' id='word_1_181' title='bbox 849 2685 954 2738; x_wconf 90' lang='lat' dir='ltr'><strong>quo</strong></span> <span class='ocrx_word' id='word_1_182' title='bbox 987 2669 1178 2725; x_wconf 89' lang='lat' dir='ltr'><strong>merito</strong></span> <span class='ocrx_word' id='word_1_183' title='bbox 1203 2669 1301 2723; x_wconf 92' lang='lat' dir='ltr'><strong>sub</strong></span> <span class='ocrx_word' id='word_1_184' title='bbox 1325 2669 1620 2738; x_wconf 39' lang='lat' dir='ltr'><strong>jus‘tissimo</strong></span> <span class='ocrx_word' id='word_1_185' title='bbox 1659 2677 1713 2722; x_wconf 92' lang='lat' dir='ltr'><strong>et</strong></span> <span class='ocrx_word' id='word_1_186' title='bbox 1749 2667 2086 2738; x_wconf 82' lang='lat' dir='ltr'><strong>omnipoten-</strong></span> 
     </span>
    </p>
   </div>
   <div class='ocr_carea' id='block_1_27' title="bbox 497 2758 2081 2830">
    <p class='ocr_par' dir='ltr' id='par_1_27' title="bbox 497 2758 2081 2830">
     <span class='ocr_line' id='line_1_27' title="bbox 497 2758 2081 2830; baseline 0 -18"><span class='ocrx_word' id='word_1_187' title='bbox 497 2759 706 2813; x_wconf 80' lang='lat' dir='ltr'><strong>tissime</strong></span> <span class='ocrx_word' id='word_1_188' title='bbox 733 2758 918 2814; x_wconf 82' lang='lat' dir='ltr'><strong>Judicc</strong></span> <span class='ocrx_word' id='word_1_189' title='bbox 963 2761 1073 2819; x_wconf 90' lang='lat' dir='ltr'><strong>eis.</strong></span> <span class='ocrx_word' id='word_1_190' title='bbox 1118 2760 1162 2814; x_wconf 84' lang='lat' dir='ltr'><strong>si</strong></span> <span class='ocrx_word' id='word_1_191' title='bbox 1213 2761 1416 2814; x_wconf 90' lang='lat' dir='ltr'><strong>nullum</strong></span> <span class='ocrx_word' id='word_1_192' title='bbox 1461 2770 1734 2830; x_wconf 82' lang='lat' dir='ltr'><strong>peccatum</strong></span> <span class='ocrx_word' id='word_1_193' title='bbox 1775 2759 2081 2826; x_wconf 86' lang='lat' dir='ltr'><strong>attrahunt,</strong></span> 
     </span>
    </p>
   </div>
   <div class='ocr_carea' id='block_1_28' title="bbox 496 2851 820 2921">
    <p class='ocr_par' dir='ltr' id='par_1_28' title="bbox 496 2851 820 2921">
     <span class='ocr_line' id='line_1_28' title="bbox 496 2851 820 2921; baseline 0 -17"><span class='ocrx_word' id='word_1_194' title='bbox 496 2851 820 2921; x_wconf 81' lang='lat' dir='ltr'><strong>irrogentnr.</strong></span> 
     </span>
    </p>
   </div>
   <div class='ocr_carea' id='block_1_29' title="bbox 571 2940 2087 3013">
    <p class='ocr_par' dir='ltr' id='par_1_29' title="bbox 571 2940 2087 3013">
     <span class='ocr_line' id='line_1_29' title="bbox 571 2940 2087 3013; baseline 0 -17"><span class='ocrx_word' id='word_1_195' title='bbox 571 2940 752 2996; x_wconf 75' lang='lat' dir='ltr'><strong>XCVI.</strong></span> <span class='ocrx_word' id='word_1_196' title='bbox 782 2942 900 2997; x_wconf 67' lang='lat' dir='ltr'><strong>Jun.</strong></span> <span class='ocrx_word' id='word_1_197' title='bbox 929 2941 1064 3009; x_wconf 78' lang='lat' dir='ltr'><strong>Quid</strong></span> <span class='ocrx_word' id='word_1_198' title='bbox 1095 2958 1222 3013; x_wconf 77' lang='lat' dir='ltr'><strong>ergo</strong></span> <span class='ocrx_word' id='word_1_199' title='bbox 1265 2943 1423 2998; x_wconf 90' lang='lat' dir='ltr'><strong>etiam</strong></span> <span class='ocrx_word' id='word_1_200' title='bbox 1468 2940 1582 2996; x_wconf 65' lang='lat' dir='ltr'><strong>haec</strong></span> <span class='ocrx_word' id='word_1_201' title='bbox 1611 2941 1898 3012; x_wconf 84' lang='lat' dir='ltr'><strong>disputatio</strong></span> <span class='ocrx_word' id='word_1_202' title='bbox 1923 2941 2087 2996; x_wconf 87' lang='lat' dir='ltr'><strong>colle-</strong></span> 
     </span>
    </p>
   </div>
   <div class='ocr_carea' id='block_1_30' title="bbox 496 3033 2088 3103">
    <p class='ocr_par' dir='ltr' id='par_1_30' title="bbox 496 3033 2088 3103">
     <span class='ocr_line' id='line_1_30' title="bbox 496 3033 2088 3103; baseline 0.001 -18"><span class='ocrx_word' id='word_1_203' title='bbox 496 3033 657 3103; x_wconf 61' lang='lat' dir='ltr'><strong>gerit,</strong></span> <span class='ocrx_word' id='word_1_204' title='bbox 687 3033 922 3102; x_wconf 86' lang='lat' dir='ltr'><strong>prudens</strong></span> <span class='ocrx_word' id='word_1_205' title='bbox 951 3036 1114 3090; x_wconf 79' lang='lat' dir='ltr'><strong>lcctor</strong></span> <span class='ocrx_word' id='word_1_206' title='bbox 1134 3034 1390 3090; x_wconf 89' lang='lat' dir='ltr'><strong>attendat.</strong></span> <span class='ocrx_word' id='word_1_207' title='bbox 1419 3033 1708 3102; x_wconf 80' lang='lat' dir='ltr'><strong>Apostolus</strong></span> <span class='ocrx_word' id='word_1_208' title='bbox 1731 3033 1865 3088; x_wconf 80' lang='lat' dir='ltr'><strong>dixit</strong></span> <span class='ocrx_word' id='word_1_209' title='bbox 1893 3035 1944 3087; x_wconf 90' lang='lat' dir='ltr'><strong>in</strong></span> <span class='ocrx_word' id='word_1_210' title='bbox 1977 3033 2088 3102; x_wconf 85' lang='lat' dir='ltr'><strong>plu-</strong></span> 
     </span>
    </p>
   </div>
   <div class='ocr_carea' id='block_1_31' title="bbox 500 3124 2085 3195">
    <p class='ocr_par' dir='ltr' id='par_1_31' title="bbox 500 3124 2085 3195">
     <span class='ocr_line' id='line_1_31' title="bbox 500 3124 2085 3195; baseline 0 -17"><span class='ocrx_word' id='word_1_211' title='bbox 500 3141 590 3178; x_wconf 88' lang='lat' dir='ltr'><strong>res</strong></span> <span class='ocrx_word' id='word_1_212' title='bbox 619 3125 917 3180; x_wconf 76' lang='lat' dir='ltr'><strong>abundasse</strong></span> <span class='ocrx_word' id='word_1_213' title='bbox 946 3125 1282 3180; x_wconf 88' lang='lat' dir='ltr'><strong>donationem</strong></span> <span class='ocrx_word' id='word_1_214' title='bbox 1313 3124 1512 3180; x_wconf 86' lang='lat' dir='ltr'><strong>Christi</strong></span> <span class='ocrx_word' id='word_1_215' title='bbox 1538 3127 1603 3179; x_wconf 89' lang='lat' dir='ltr'><strong>ad</strong></span> <span class='ocrx_word' id='word_1_216' title='bbox 1631 3126 1852 3180; x_wconf 88' lang='lat' dir='ltr'><strong>salutem</strong></span> <span class='ocrx_word' id='word_1_217' title='bbox 1873 3165 1890 3190; x_wconf 91' lang='lat'><strong>,</strong></span> <span class='ocrx_word' id='word_1_218' title='bbox 1927 3139 2085 3195; x_wconf 87' lang='lat' dir='ltr'><strong>quam</strong></span> 
     </span>
    </p>
   </div>
   <div class='ocr_carea' id='block_1_32' title="bbox 498 3215 1149 3284">
    <p class='ocr_par' dir='ltr' id='par_1_32' title="bbox 498 3215 1149 3284">
     <span class='ocr_line' id='line_1_32' title="bbox 498 3215 1149 3284; baseline -0.002 -13"><span class='ocrx_word' id='word_1_219' title='bbox 498 3215 630 3271; x_wconf 78' lang='lat' dir='ltr'><strong>Adze</strong></span> <span class='ocrx_word' id='word_1_220' title='bbox 657 3217 808 3284; x_wconf 91' lang='lat' dir='ltr'><strong>culpa</strong></span> <span class='ocrx_word' id='word_1_221' title='bbox 839 3217 1124 3272; x_wconf 80' lang='lat' dir='ltr'><strong>nocuisset.</strong></span> <span class='ocrx_word' id='word_1_222' title='bbox 1147 3233 1149 3236; x_wconf 70' lang='lat'><em>‘</em></span> 
     </span>
    </p>
   </div>
   <div class='ocr_carea' id='block_1_33' title="bbox 570 3306 2088 3378">
    <p class='ocr_par' dir='ltr' id='par_1_33' title="bbox 570 3306 2088 3378">
     <span class='ocr_line' id='line_1_33' title="bbox 570 3306 2088 3378; baseline 0 -18"><span class='ocrx_word' id='word_1_223' title='bbox 570 3308 709 3363; x_wconf 74' lang='lat' dir='ltr'><strong>Ave.</strong></span> <span class='ocrx_word' id='word_1_224' title='bbox 733 3306 846 3360; x_wconf 86' lang='lat' dir='ltr'><strong>Non</strong></span> <span class='ocrx_word' id='word_1_225' title='bbox 879 3307 982 3363; x_wconf 86' lang='lat' dir='ltr'><strong>hoc</strong></span> <span class='ocrx_word' id='word_1_226' title='bbox 1019 3307 1153 3362; x_wconf 91' lang='lat' dir='ltr'><strong>dixit</strong></span> <span class='ocrx_word' id='word_1_227' title='bbox 1190 3325 1204 3361; x_wconf 92' lang='lat'><strong>:</strong></span> <span class='ocrx_word' id='word_1_228' title='bbox 1241 3307 1376 3362; x_wconf 85' lang='lat' dir='ltr'><strong>sed:</strong></span> <span class='ocrx_word' id='word_1_229' title='bbox 1411 3307 1576 3360; x_wconf 73' lang='lat' dir='ltr'><strong>Multo</strong></span> <span class='ocrx_word' id='word_1_230' title='bbox 1620 3307 1778 3378; x_wconf 71' lang='lat' dir='ltr'><strong>magis</strong></span> <span class='ocrx_word' id='word_1_231' title='bbox 1815 3306 2088 3360; x_wconf 85' lang='lat' dir='ltr'><strong>abundauit</strong></span> 
     </span>
    </p>
   </div>
   <div class='ocr_carea' id='block_1_34' title="bbox 495 3397 2086 3471">
    <p class='ocr_par' dir='ltr' id='par_1_34' title="bbox 495 3397 2086 3471">
     <span class='ocr_line' id='line_1_34' title="bbox 495 3397 2086 3471; baseline -0.003 -17"><span class='ocrx_word' id='word_1_232' title='bbox 495 3400 662 3471; x_wconf 81' lang='lat' dir='ltr'><strong>gratia</strong></span> <span class='ocrx_word' id='word_1_233' title='bbox 691 3401 741 3453; x_wconf 87' lang='lat' dir='ltr'><strong>in</strong></span> <span class='ocrx_word' id='word_1_234' title='bbox 765 3399 946 3454; x_wconf 71' lang='lat' dir='ltr'><strong>multo:</strong></span> <span class='ocrx_word' id='word_1_235' title='bbox 976 3399 1150 3469; x_wconf 82' lang='lat' dir='ltr'><strong>(Rom.</strong></span> <span class='ocrx_word' id='word_1_236' title='bbox 1174 3416 1224 3466; x_wconf 91' lang='lat' dir='ltr'><strong>v,</strong></span> <span class='ocrx_word' id='word_1_237' title='bbox 1256 3401 1369 3470; x_wconf 69' lang='lat'><strong>15);</strong></span> <span class='ocrx_word' id='word_1_238' title='bbox 1400 3400 1502 3455; x_wconf 88' lang='lat' dir='ltr'><strong>hoc</strong></span> <span class='ocrx_word' id='word_1_239' title='bbox 1525 3409 1627 3464; x_wconf 90' lang='lat' dir='ltr'><strong>est,</strong></span> <span class='ocrx_word' id='word_1_240' title='bbox 1655 3399 1821 3468; x_wconf 77' lang='lat' dir='ltr'><strong>magis</strong></span> <span class='ocrx_word' id='word_1_241' title='bbox 1845 3397 2086 3452; x_wconf 82' lang='lat' dir='ltr'><strong>abunda-</strong></span> 
     </span>
    </p>
   </div>
   <div class='ocr_carea' id='block_1_35' title="bbox 501 3493 2090 3564">
    <p class='ocr_par' dir='ltr' id='par_1_35' title="bbox 501 3493 2090 3564">
     <span class='ocr_line' id='line_1_35' title="bbox 501 3493 2090 3564; baseline 0.004 -22"><span class='ocrx_word' id='word_1_242' title='bbox 501 3495 596 3559; x_wconf 84' lang='lat' dir='ltr'><strong>vit,</strong></span> <span class='ocrx_word' id='word_1_243' title='bbox 631 3509 733 3547; x_wconf 87' lang='lat' dir='ltr'><strong>non</strong></span> <span class='ocrx_word' id='word_1_244' title='bbox 763 3493 815 3546; x_wconf 91' lang='lat' dir='ltr'><strong>in</strong></span> <span class='ocrx_word' id='word_1_245' title='bbox 841 3495 1008 3564; x_wconf 78' lang='lat' dir='ltr'><strong>magis</strong></span> <span class='ocrx_word' id='word_1_246' title='bbox 1038 3496 1254 3561; x_wconf 86' lang='lat' dir='ltr'><strong>multus,</strong></span> <span class='ocrx_word' id='word_1_247' title='bbox 1280 3495 1331 3550; x_wconf 91' lang='lat' dir='ltr'><strong>id</strong></span> <span class='ocrx_word' id='word_1_248' title='bbox 1355 3505 1436 3549; x_wconf 90' lang='lat' dir='ltr'><strong>est</strong></span> <span class='ocrx_word' id='word_1_249' title='bbox 1455 3536 1469 3559; x_wconf 92' lang='lat'><strong>,</strong></span> <span class='ocrx_word' id='word_1_250' title='bbox 1500 3511 1606 3549; x_wconf 87' lang='lat' dir='ltr'><strong>non</strong></span> <span class='ocrx_word' id='word_1_251' title='bbox 1637 3496 1688 3549; x_wconf 89' lang='lat' dir='ltr'><strong>in</strong></span> <span class='ocrx_word' id='word_1_252' title='bbox 1713 3495 1890 3564; x_wconf 84' lang='lat' dir='ltr'><strong>plures</strong></span> <span class='ocrx_word' id='word_1_253' title='bbox 1908 3536 1925 3561; x_wconf 97' lang='lat'><strong>,</strong></span> <span class='ocrx_word' id='word_1_254' title='bbox 1952 3495 2090 3550; x_wconf 82' lang='lat' dir='ltr'><strong>sicut</strong></span> 
     </span>
    </p>
   </div>
   <div class='ocr_carea' id='block_1_36' title="bbox 495 3584 1074 3654">
    <p class='ocr_par' dir='ltr' id='par_1_36' title="bbox 495 3584 1074 3654">
     <span class='ocr_line' id='line_1_36' title="bbox 495 3584 1074 3654; baseline 0.005 -20"><span class='ocrx_word' id='word_1_255' title='bbox 495 3584 606 3654; x_wconf 76' lang='lat' dir='ltr'><strong>jam</strong></span> <span class='ocrx_word' id='word_1_256' title='bbox 630 3599 942 3654; x_wconf 90' lang='lat' dir='ltr'><strong>responsum</strong></span> <span class='ocrx_word' id='word_1_257' title='bbox 972 3595 1074 3639; x_wconf 87' lang='lat' dir='ltr'><strong>est.</strong></span> 
     </span>
    </p>
   </div>
   <div class='ocr_carea' id='block_1_37' title="bbox 572 3675 2088 3749">
    <p class='ocr_par' dir='ltr' id='par_1_37' title="bbox 572 3675 2088 3749">
     <span class='ocr_line' id='line_1_37' title="bbox 572 3675 2088 3749; baseline 0.001 -19"><span class='ocrx_word' id='word_1_258' title='bbox 572 3675 780 3732; x_wconf 83' lang='lat' dir='ltr'><strong>XCVII.</strong></span> <span class='ocrx_word' id='word_1_259' title='bbox 808 3677 928 3733; x_wconf 77' lang='lat' dir='ltr'><strong>IUL.</strong></span> <span class='ocrx_word' id='word_1_260' title='bbox 964 3680 1074 3744; x_wconf 84' lang='lat' dir='ltr'><strong>Qua</strong></span> <span class='ocrx_word' id='word_1_261' title='bbox 1103 3677 1254 3748; x_wconf 89' lang='lat' dir='ltr'><strong>culpa</strong></span> <span class='ocrx_word' id='word_1_262' title='bbox 1284 3689 1338 3733; x_wconf 91' lang='lat' dir='ltr'><strong>tu</strong></span> <span class='ocrx_word' id='word_1_263' title='bbox 1380 3678 1497 3734; x_wconf 88' lang='lat' dir='ltr'><strong>illas</strong></span> <span class='ocrx_word' id='word_1_264' title='bbox 1521 3678 1731 3744; x_wconf 90' lang='lat' dir='ltr'><strong>clades,</strong></span> <span class='ocrx_word' id='word_1_265' title='bbox 1763 3693 1894 3749; x_wconf 88' lang='lat' dir='ltr'><strong>quas</strong></span> <span class='ocrx_word' id='word_1_266' title='bbox 1929 3693 2088 3748; x_wconf 89' lang='lat' dir='ltr'><strong>supra</strong></span> 
     </span>
    </p>
   </div>
   <div class='ocr_carea' id='block_1_38' title="bbox 499 3770 2090 3842">
    <p class='ocr_par' dir='ltr' id='par_1_38' title="bbox 499 3770 2090 3842">
     <span class='ocr_line' id='line_1_38' title="bbox 499 3770 2090 3842; baseline 0.001 -20"><span class='ocrx_word' id='word_1_267' title='bbox 499 3771 951 3833; x_wconf 78' lang='lat' dir='ltr'><strong>etmmeravimus,</strong></span> <span class='ocrx_word' id='word_1_268' title='bbox 976 3770 1108 3825; x_wconf 91' lang='lat' dir='ltr'><strong>dicis</strong></span> <span class='ocrx_word' id='word_1_269' title='bbox 1133 3772 1390 3826; x_wconf 83' lang='lat' dir='ltr'><strong>accidisse</strong></span> <span class='ocrx_word' id='word_1_270' title='bbox 1416 3781 1641 3838; x_wconf 70' lang='lat' dir='ltr'><strong>nilllll‘il‘,</strong></span> <span class='ocrx_word' id='word_1_271' title='bbox 1671 3787 1736 3826; x_wconf 81' lang='lat' dir='ltr'><strong>cx</strong></span> <span class='ocrx_word' id='word_1_272' title='bbox 1769 3772 1962 3842; x_wconf 88' lang='lat' dir='ltr'><strong>quibus</strong></span> <span class='ocrx_word' id='word_1_273' title='bbox 1990 3785 2090 3826; x_wconf 91' lang='lat' dir='ltr'><strong>nec</strong></span> 
     </span>
    </p>
   </div>
   <div class='ocr_carea' id='block_1_39' title="bbox 499 3859 2087 3932">
    <p class='ocr_par' dir='ltr' id='par_1_39' title="bbox 499 3859 2087 3932">
     <span class='ocr_line' id='line_1_39' title="bbox 499 3859 2087 3932; baseline 0.003 -20"><span class='ocrx_word' id='word_1_274' title='bbox 499 3875 661 3914; x_wconf 84' lang='lat' dir='ltr'><strong>uuam</strong></span> <span class='ocrx_word' id='word_1_275' title='bbox 692 3861 742 3914; x_wconf 93' lang='lat' dir='ltr'><strong>in</strong></span> <span class='ocrx_word' id='word_1_276' title='bbox 769 3859 852 3914; x_wconf 92' lang='lat' dir='ltr'><strong>his</strong></span> <span class='ocrx_word' id='word_1_277' title='bbox 879 3861 966 3931; x_wconf 89' lang='lat' dir='ltr'><strong>qui</strong></span> <span class='ocrx_word' id='word_1_278' title='bbox 993 3862 1058 3915; x_wconf 92' lang='lat' dir='ltr'><strong>ad</strong></span> <span class='ocrx_word' id='word_1_279' title='bbox 1087 3862 1284 3916; x_wconf 75' lang='lat' dir='ltr'><strong>Christi</strong></span> <span class='ocrx_word' id='word_1_280' title='bbox 1319 3863 1632 3932; x_wconf 78' lang='lat' dir='ltr'><strong>perveniunt</strong></span> <span class='ocrx_word' id='word_1_281' title='bbox 1660 3860 2004 3917; x_wconf 77' lang='lat' dir='ltr'><strong>Sacramenta</strong></span> <span class='ocrx_word' id='word_1_282' title='bbox 2030 3859 2052 3892; x_wconf 69' lang='grc'>⁸</span> <span class='ocrx_word' id='word_1_283' title='bbox 2070 3903 2087 3928; x_wconf 83' lang='grc'><em>,</em></span> 
     </span>
    </p>
   </div>
   <div class='ocr_carea' id='block_1_40' title="bbox 502 3953 2089 4023">
    <p class='ocr_par' dir='ltr' id='par_1_40' title="bbox 502 3953 2089 4023">
     <span class='ocr_line' id='line_1_40' title="bbox 502 3953 2089 4023; baseline 0.001 -18"><span class='ocrx_word' id='word_1_284' title='bbox 502 3959 719 4006; x_wconf 90' lang='lat' dir='ltr'><strong>constat</strong></span> <span class='ocrx_word' id='word_1_285' title='bbox 760 3953 974 4018; x_wconf 90' lang='lat' dir='ltr'><strong>sanari;</strong></span> <span class='ocrx_word' id='word_1_286' title='bbox 1021 3969 1084 4008; x_wconf 94' lang='lat' dir='ltr'><strong>ac</strong></span> <span class='ocrx_word' id='word_1_287' title='bbox 1132 3969 1225 4023; x_wconf 86' lang='lat' dir='ltr'><strong>per</strong></span> <span class='ocrx_word' id='word_1_288' title='bbox 1254 3953 1357 4009; x_wconf 81' lang='lat' dir='ltr'><strong>hoc</strong></span> <span class='ocrx_word' id='word_1_289' title='bbox 1403 3955 1570 4008; x_wconf 85' lang='lat' dir='ltr'><strong>multo</strong></span> <span class='ocrx_word' id='word_1_290' title='bbox 1597 3956 1712 4023; x_wconf 66' lang='lat' dir='ltr'><strong>plus</strong></span> <span class='ocrx_word' id='word_1_291' title='bbox 1756 3954 2089 4023; x_wconf 83' lang='lat' dir='ltr'><strong>iniquitatem</strong></span> 
     </span>
    </p>
   </div>
   <div class='ocr_carea' id='block_1_41' title="bbox 511 4043 2088 4114">
    <p class='ocr_par' dir='ltr' id='par_1_41' title="bbox 511 4043 2088 4114">
     <span class='ocr_line' id='line_1_41' title="bbox 511 4043 2088 4114; baseline 0.004 -19"><span class='ocrx_word' id='word_1_292' title='bbox 511 4043 668 4114; x_wconf 81' lang='lat' dir='ltr'><strong>primi</strong></span> <span class='ocrx_word' id='word_1_293' title='bbox 698 4043 928 4098; x_wconf 90' lang='lat' dir='ltr'><strong>hominis</strong></span> <span class='ocrx_word' id='word_1_294' title='bbox 947 4045 1013 4098; x_wconf 91' lang='lat' dir='ltr'><strong>ad</strong></span> <span class='ocrx_word' id='word_1_295' title='bbox 1040 4046 1335 4101; x_wconf 89' lang='lat' dir='ltr'><strong>nocendum</strong></span> <span class='ocrx_word' id='word_1_296' title='bbox 1361 4049 1556 4102; x_wconf 86' lang='lat' dir='ltr'><strong>asseris</strong></span> <span class='ocrx_word' id='word_1_297' title='bbox 1581 4047 1828 4103; x_wconf 90' lang='lat' dir='ltr'><strong>habuisse</strong></span> <span class='ocrx_word' id='word_1_298' title='bbox 1856 4047 2088 4112; x_wconf 82' lang='lat' dir='ltr'><strong>virtutis,</strong></span> 
     </span>
    </p>
   </div>
   <div class='ocr_carea' id='block_1_42' title="bbox 501 4136 2091 4209">
    <p class='ocr_par' dir='ltr' id='par_1_42' title="bbox 501 4136 2091 4209">
     <span class='ocr_line' id='line_1_42' title="bbox 501 4136 2091 4209; baseline 0.002 -21"><span class='ocrx_word' id='word_1_299' title='bbox 501 4151 662 4204; x_wconf 86' lang='lat' dir='ltr'><strong>quam</strong></span> <span class='ocrx_word' id='word_1_300' title='bbox 694 4137 860 4206; x_wconf 76' lang='lat' dir='ltr'><strong>gratia</strong></span> <span class='ocrx_word' id='word_1_301' title='bbox 892 4136 1090 4192; x_wconf 81' lang='lat' dir='ltr'><strong>Christi</strong></span> <span class='ocrx_word' id='word_1_302' title='bbox 1119 4138 1323 4192; x_wconf 89' lang='lat' dir='ltr'><strong>obtinet</strong></span> <span class='ocrx_word' id='word_1_303' title='bbox 1347 4138 1412 4192; x_wconf 91' lang='lat' dir='ltr'><strong>ad</strong></span> <span class='ocrx_word' id='word_1_304' title='bbox 1443 4138 1761 4193; x_wconf 78' lang='lat' dir='ltr'><strong>medendum</strong></span> <span class='ocrx_word' id='word_1_305' title='bbox 1793 4157 1805 4191; x_wconf 92' lang='lat'>:</span> <span class='ocrx_word' id='word_1_306' title='bbox 1836 4154 1943 4209; x_wconf 91' lang='lat' dir='ltr'><strong>quo</strong></span> <span class='ocrx_word' id='word_1_307' title='bbox 1975 4140 2091 4193; x_wconf 89' lang='lat' dir='ltr'><strong>eol-</strong></span> 
     </span>
    </p>
   </div>
   <div class='ocr_carea' id='block_1_43' title="bbox 501 4227 2090 4297">
    <p class='ocr_par' dir='ltr' id='par_1_43' title="bbox 501 4227 2090 4297">
     <span class='ocr_line' id='line_1_43' title="bbox 501 4227 2090 4297; baseline 0.003 -18"><span class='ocrx_word' id='word_1_308' title='bbox 501 4227 663 4292; x_wconf 86' lang='lat' dir='ltr'><strong>lecto,</strong></span> <span class='ocrx_word' id='word_1_309' title='bbox 692 4235 965 4282; x_wconf 77' lang='lat' dir='ltr'><strong>ostensum</strong></span> <span class='ocrx_word' id='word_1_310' title='bbox 995 4237 1100 4290; x_wconf 87' lang='lat' dir='ltr'><strong>est,</strong></span> <span class='ocrx_word' id='word_1_311' title='bbox 1131 4238 1379 4297; x_wconf 84' lang='lat' dir='ltr'><strong>quantam</strong></span> <span class='ocrx_word' id='word_1_312' title='bbox 1409 4230 1546 4284; x_wconf 92' lang='lat' dir='ltr'><strong>inter</strong></span> <span class='ocrx_word' id='word_1_313' title='bbox 1569 4228 1875 4284; x_wconf 90' lang='lat' dir='ltr'><strong>Catholicos</strong></span> <span class='ocrx_word' id='word_1_314' title='bbox 1899 4238 1953 4283; x_wconf 91' lang='lat' dir='ltr'><strong>et</strong></span> <span class='ocrx_word' id='word_1_315' title='bbox 1978 4227 2090 4282; x_wconf 82' lang='lat' dir='ltr'><strong>Ma-</strong></span> 
     </span>
    </p>
   </div>
   <div class='ocr_carea' id='block_1_44' title="bbox 502 4315 2094 4390">
    <p class='ocr_par' dir='ltr' id='par_1_44' title="bbox 502 4315 2094 4390">
     <span class='ocr_line' id='line_1_44' title="bbox 502 4315 2094 4390; baseline 0 -18"><span class='ocrx_word' id='word_1_316' title='bbox 502 4315 741 4372; x_wconf 78' lang='lat' dir='ltr'><strong>nichzcos</strong></span> <span class='ocrx_word' id='word_1_317' title='bbox 765 4358 780 4384; x_wconf 93' lang='lat'><strong>,</strong></span> <span class='ocrx_word' id='word_1_318' title='bbox 812 4327 1008 4372; x_wconf 85' lang='lat' dir='ltr'><strong>tantam</strong></span> <span class='ocrx_word' id='word_1_319' title='bbox 1037 4319 1176 4376; x_wconf 90' lang='lat' dir='ltr'><strong>inter</strong></span> <span class='ocrx_word' id='word_1_320' title='bbox 1215 4328 1266 4374; x_wconf 91' lang='lat' dir='ltr'><strong>te</strong></span> <span class='ocrx_word' id='word_1_321' title='bbox 1302 4329 1356 4375; x_wconf 90' lang='lat' dir='ltr'><strong>et</strong></span> <span class='ocrx_word' id='word_1_322' title='bbox 1383 4321 1697 4390; x_wconf 88' lang='lat' dir='ltr'><strong>Apostolum</strong></span> <span class='ocrx_word' id='word_1_323' title='bbox 1720 4319 1942 4374; x_wconf 84' lang='lat' dir='ltr'><strong>Paulum</strong></span> <span class='ocrx_word' id='word_1_324' title='bbox 1972 4333 2094 4374; x_wconf 87' lang='lat' dir='ltr'><strong>esse</strong></span> 
     </span>
    </p>
   </div>
   <div class='ocr_carea' id='block_1_45' title="bbox 499 4407 846 4463">
    <p class='ocr_par' dir='ltr' id='par_1_45' title="bbox 499 4407 846 4463">
     <span class='ocr_line' id='line_1_45' title="bbox 499 4407 846 4463; baseline -0.003 -1"><span class='ocrx_word' id='word_1_325' title='bbox 499 4407 846 4463; x_wconf 89' lang='lat' dir='ltr'><strong>discordiam.</strong></span> 
     </span>
    </p>
   </div>
   <div class='ocr_carea' id='block_1_46' title="bbox 575 4501 2091 4573">
    <p class='ocr_par' dir='ltr' id='par_1_46' title="bbox 575 4501 2091 4573">
     <span class='ocr_line' id='line_1_46' title="bbox 575 4501 2091 4573; baseline 0.001 -17"><span class='ocrx_word' id='word_1_326' title='bbox 575 4503 710 4558; x_wconf 78' lang='lat' dir='ltr'><strong>Anc.</strong></span> <span class='ocrx_word' id='word_1_327' title='bbox 737 4501 897 4556; x_wconf 82' lang='lat' dir='ltr'><strong>Tollit</strong></span> <span class='ocrx_word' id='word_1_328' title='bbox 920 4502 1088 4572; x_wconf 83' lang='lat' dir='ltr'><strong>gratia</strong></span> <span class='ocrx_word' id='word_1_329' title='bbox 1118 4501 1310 4558; x_wconf 87' lang='lat' dir='ltr'><strong>Christi</strong></span> <span class='ocrx_word' id='word_1_330' title='bbox 1335 4503 1609 4573; x_wconf 81' lang='lat' dir='ltr'><strong>originalis</strong></span> <span class='ocrx_word' id='word_1_331' title='bbox 1632 4505 1831 4573; x_wconf 88' lang='lat' dir='ltr'><strong>peccati</strong></span> <span class='ocrx_word' id='word_1_332' title='bbox 1862 4512 2091 4569; x_wconf 88' lang='lat' dir='ltr'><strong>reatum,</strong></span> 
     </span>
    </p>
   </div>
   <div class='ocr_carea' id='block_1_47' title="bbox 503 4591 2093 4651">
    <p class='ocr_par' dir='ltr' id='par_1_47' title="bbox 503 4591 2093 4651">
     <span class='ocr_line' id='line_1_47' title="bbox 503 4591 2093 4651; baseline 0.002 -4"><span class='ocrx_word' id='word_1_333' title='bbox 503 4591 601 4647; x_wconf 84' lang='lat' dir='ltr'><strong>sed</strong></span> <span class='ocrx_word' id='word_1_334' title='bbox 625 4609 734 4648; x_wconf 92' lang='lat' dir='ltr'><strong>rem</strong></span> <span class='ocrx_word' id='word_1_335' title='bbox 764 4593 1081 4649; x_wconf 88' lang='lat' dir='ltr'><strong>invisibilcm</strong></span> <span class='ocrx_word' id='word_1_336' title='bbox 1114 4595 1446 4650; x_wconf 90' lang='lat' dir='ltr'><strong>invisibiliter</strong></span> <span class='ocrx_word' id='word_1_337' title='bbox 1472 4596 1608 4650; x_wconf 89' lang='lat' dir='ltr'><strong>tollit</strong></span> <span class='ocrx_word' id='word_1_338' title='bbox 1643 4613 1657 4649; x_wconf 87' lang='lat'><strong>:</strong></span> <span class='ocrx_word' id='word_1_339' title='bbox 1689 4595 1906 4650; x_wconf 89' lang='lat' dir='ltr'><strong>dimittit</strong></span> <span class='ocrx_word' id='word_1_340' title='bbox 1934 4595 2093 4651; x_wconf 91' lang='lat' dir='ltr'><strong>etiam</strong></span> 
     </span>
    </p>
   </div>
   <div class='ocr_carea' id='block_1_48' title="bbox 505 4689 2096 4759">
    <p class='ocr_par' dir='ltr' id='par_1_48' title="bbox 505 4689 2096 4759">
     <span class='ocr_line' id='line_1_48' title="bbox 505 4689 2096 4759; baseline 0.003 -21"><span class='ocrx_word' id='word_1_341' title='bbox 505 4695 698 4740; x_wconf 80' lang='lat' dir='ltr'><strong>cuncta</strong></span> <span class='ocrx_word' id='word_1_342' title='bbox 728 4697 937 4755; x_wconf 88' lang='lat' dir='ltr'><strong>peccata</strong></span> <span class='ocrx_word' id='word_1_343' title='bbox 958 4730 974 4756; x_wconf 95' lang='lat'><strong>,</strong></span> <span class='ocrx_word' id='word_1_344' title='bbox 1009 4703 1128 4758; x_wconf 70' lang='lat' dir='ltr'><strong>quae</strong></span> <span class='ocrx_word' id='word_1_345' title='bbox 1159 4689 1401 4745; x_wconf 90' lang='lat' dir='ltr'><strong>homines</strong></span> <span class='ocrx_word' id='word_1_346' title='bbox 1443 4689 1580 4744; x_wconf 91' lang='lat' dir='ltr'><strong>male</strong></span> <span class='ocrx_word' id='word_1_347' title='bbox 1615 4689 1842 4744; x_wconf 87' lang='lat' dir='ltr'><strong>vivendo</strong></span> <span class='ocrx_word' id='word_1_348' title='bbox 1878 4689 2096 4759; x_wconf 90' lang='lat' dir='ltr'><strong>insuper</strong></span> 
     </span>
    </p>
   </div>
   <div class='ocr_carea' id='block_1_49' title="bbox 501 4777 2096 4851">
    <p class='ocr_par' dir='ltr' id='par_1_49' title="bbox 501 4777 2096 4851">
     <span class='ocr_line' id='line_1_49' title="bbox 501 4777 2096 4851; baseline 0.003 -19"><span class='ocrx_word' id='word_1_349' title='bbox 501 4777 842 4833; x_wconf 82' lang='lat' dir='ltr'><strong>addiderunt.</strong></span> <span class='ocrx_word' id='word_1_350' title='bbox 879 4779 1143 4835; x_wconf 74' lang='lat' dir='ltr'><strong>Iudicium</strong></span> <span class='ocrx_word' id='word_1_351' title='bbox 1173 4782 1368 4851; x_wconf 89' lang='lat' dir='ltr'><strong>quippe</strong></span> <span class='ocrx_word' id='word_1_352' title='bbox 1393 4797 1459 4836; x_wconf 89' lang='lat' dir='ltr'><strong>ex</strong></span> <span class='ocrx_word' id='word_1_353' title='bbox 1504 4798 1611 4836; x_wconf 89' lang='lat' dir='ltr'><strong>uno</strong></span> <span class='ocrx_word' id='word_1_354' title='bbox 1641 4781 1835 4836; x_wconf 90' lang='lat' dir='ltr'><strong>delicto</strong></span> <span class='ocrx_word' id='word_1_355' title='bbox 1874 4781 1926 4836; x_wconf 92' lang='lat' dir='ltr'><strong>in</strong></span> <span class='ocrx_word' id='word_1_356' title='bbox 1965 4796 2096 4836; x_wconf 88' lang='lat' dir='ltr'><strong>con-</strong></span> 
     </span>
    </p>
   </div>
   <div class='ocr_carea' id='block_1_50' title="bbox 511 4871 2097 4944">
    <p class='ocr_par' dir='ltr' id='par_1_50' title="bbox 511 4871 2097 4944">
     <span class='ocr_line' id='line_1_50' title="bbox 511 4871 2097 4944; baseline 0.004 -19"><span class='ocrx_word' id='word_1_357' title='bbox 511 4871 920 4936; x_wconf 82' lang='lat' dir='ltr'><strong>demnationem;</strong></span> <span class='ocrx_word' id='word_1_358' title='bbox 952 4873 1072 4942; x_wconf 90' lang='lat' dir='ltr'><strong>quia</strong></span> <span class='ocrx_word' id='word_1_359' title='bbox 1100 4884 1154 4928; x_wconf 82' lang='lat' dir='ltr'><strong>et</strong></span> <span class='ocrx_word' id='word_1_360' title='bbox 1180 4890 1339 4929; x_wconf 89' lang='lat' dir='ltr'><strong>tnnun</strong></span> <span class='ocrx_word' id='word_1_361' title='bbox 1372 4875 1496 4930; x_wconf 92' lang='lat' dir='ltr'><strong>illud</strong></span> <span class='ocrx_word' id='word_1_362' title='bbox 1523 4875 1662 4944; x_wconf 91' lang='lat' dir='ltr'><strong>quod</strong></span> <span class='ocrx_word' id='word_1_363' title='bbox 1693 4895 1720 4932; x_wconf 86' lang='lat' dir='ltr'><strong>a</strong></span> <span class='ocrx_word' id='word_1_364' title='bbox 1756 4877 2097 4932; x_wconf 90' lang='lat' dir='ltr'><strong>nascentibus</strong></span> 
     </span>
    </p>
   </div>
   <div class='ocr_carea' id='block_1_51' title="bbox 506 4959 2094 5032">
    <p class='ocr_par' dir='ltr' id='par_1_51' title="bbox 506 4959 2094 5032">
     <span class='ocr_line' id='line_1_51' title="bbox 506 4959 2094 5032; baseline 0.005 -19"><span class='ocrx_word' id='word_1_365' title='bbox 506 4959 762 5027; x_wconf 89' lang='lat' dir='ltr'><strong>trahitur,</strong></span> <span class='ocrx_word' id='word_1_366' title='bbox 791 4963 950 5017; x_wconf 86' lang='lat' dir='ltr'><strong>trahit</strong></span> <span class='ocrx_word' id='word_1_367' title='bbox 976 4964 1039 5016; x_wconf 91' lang='lat' dir='ltr'><strong>ad</strong></span> <span class='ocrx_word' id='word_1_368' title='bbox 1063 4975 1316 5019; x_wconf 84' lang='lat' dir='ltr'><strong>:eternam</strong></span> <span class='ocrx_word' id='word_1_369' title='bbox 1346 4965 1884 5032; x_wconf 87' lang='lat' dir='ltr'><strong>condemnationem,</strong></span> <span class='ocrx_word' id='word_1_370' title='bbox 1916 4968 1961 5022; x_wconf 89' lang='lat' dir='ltr'><strong>si</strong></span> <span class='ocrx_word' id='word_1_371' title='bbox 1989 4983 2094 5022; x_wconf 88' lang='lat' dir='ltr'><strong>non</strong></span> 
     </span>
    </p>
   </div>
   <div class='ocr_carea' id='block_1_52' title="bbox 506 5051 2092 5128">
    <p class='ocr_par' dir='ltr' id='par_1_52' title="bbox 506 5051 2092 5128">
     <span class='ocr_line' id='line_1_52' title="bbox 506 5051 2092 5128; baseline 0.005 -23"><span class='ocrx_word' id='word_1_372' title='bbox 506 5051 806 5106; x_wconf 85' lang='lat' dir='ltr'><strong>remittatur</strong></span> <span class='ocrx_word' id='word_1_373' title='bbox 857 5070 869 5106; x_wconf 92' lang='lat'>:</span> <span class='ocrx_word' id='word_1_374' title='bbox 917 5069 1016 5108; x_wconf 89' lang='lat' dir='ltr'><strong>nec</strong></span> <span class='ocrx_word' id='word_1_375' title='bbox 1063 5062 1240 5109; x_wconf 88' lang='lat' dir='ltr'><strong>tamen</strong></span> <span class='ocrx_word' id='word_1_376' title='bbox 1293 5055 1393 5110; x_wconf 89' lang='lat' dir='ltr'><strong>hoc</strong></span> <span class='ocrx_word' id='word_1_377' title='bbox 1439 5057 1610 5111; x_wconf 87' lang='lat' dir='ltr'><strong>solum</strong></span> <span class='ocrx_word' id='word_1_378' title='bbox 1638 5058 1806 5128; x_wconf 79' lang='lat' dir='ltr'><strong>gratia</strong></span> <span class='ocrx_word' id='word_1_379' title='bbox 1839 5057 2092 5118; x_wconf 87' lang='lat' dir='ltr'><strong>dimittit;</strong></span> 
     </span>
    </p>
   </div>
   <div class='ocr_carea' id='block_1_53' title="bbox 502 5143 2094 5220">
    <p class='ocr_par' dir='ltr' id='par_1_53' title="bbox 502 5143 2094 5220">
     <span class='ocr_line' id='line_1_53' title="bbox 502 5143 2094 5220; baseline 0.004 -24"><span class='ocrx_word' id='word_1_380' title='bbox 502 5143 740 5214; x_wconf 87' lang='lat' dir='ltr'><strong>alioquin</strong></span> <span class='ocrx_word' id='word_1_381' title='bbox 773 5153 976 5200; x_wconf 90' lang='lat' dir='ltr'><strong>tantum</strong></span> <span class='ocrx_word' id='word_1_382' title='bbox 1007 5146 1238 5213; x_wconf 87' lang='lat' dir='ltr'><strong>valeret;</strong></span> <span class='ocrx_word' id='word_1_383' title='bbox 1267 5147 1357 5203; x_wconf 87' lang='lat' dir='ltr'><strong>sed</strong></span> <span class='ocrx_word' id='word_1_384' title='bbox 1381 5164 1500 5204; x_wconf 92' lang='lat' dir='ltr'><strong>cum</strong></span> <span class='ocrx_word' id='word_1_385' title='bbox 1533 5150 1648 5220; x_wconf 90' lang='lat' dir='ltr'><strong>ipso</strong></span> <span class='ocrx_word' id='word_1_386' title='bbox 1668 5149 1886 5204; x_wconf 86' lang='lat' dir='ltr'><strong>dimittit</strong></span> <span class='ocrx_word' id='word_1_387' title='bbox 1910 5160 1965 5206; x_wconf 90' lang='lat' dir='ltr'><strong>et</strong></span> <span class='ocrx_word' id='word_1_388' title='bbox 1985 5165 2094 5205; x_wconf 74' lang='lat' dir='ltr'><strong>ca:-</strong></span> 
     </span>
    </p>
   </div>
   <div class='ocr_carea' id='block_1_54' title="bbox 508 5238 2094 5312">
    <p class='ocr_par' dir='ltr' id='par_1_54' title="bbox 508 5238 2094 5312">
     <span class='ocr_line' id='line_1_54' title="bbox 508 5238 2094 5312; baseline 0.006 -23"><span class='ocrx_word' id='word_1_389' title='bbox 508 5245 640 5302; x_wconf 90' lang='lat' dir='ltr'><strong>tera;</strong></span> <span class='ocrx_word' id='word_1_390' title='bbox 669 5253 798 5308; x_wconf 78' lang='lat' dir='ltr'><strong>ergo</strong></span> <span class='ocrx_word' id='word_1_391' title='bbox 827 5238 944 5308; x_wconf 88' lang='lat' dir='ltr'><strong>plus</strong></span> <span class='ocrx_word' id='word_1_392' title='bbox 969 5239 1107 5294; x_wconf 86' lang='lat' dir='ltr'><strong>valet</strong></span> <span class='ocrx_word' id='word_1_393' title='bbox 1135 5259 1148 5293; x_wconf 87' lang='lat'><strong>:</strong></span> <span class='ocrx_word' id='word_1_394' title='bbox 1179 5251 1394 5312; x_wconf 87' lang='lat' dir='ltr'><strong>propter</strong></span> <span class='ocrx_word' id='word_1_395' title='bbox 1414 5244 1550 5312; x_wconf 89' lang='lat' dir='ltr'><strong>quod</strong></span> <span class='ocrx_word' id='word_1_396' title='bbox 1573 5242 1769 5298; x_wconf 88' lang='lat' dir='ltr'><strong>dictum</strong></span> <span class='ocrx_word' id='word_1_397' title='bbox 1798 5252 1912 5310; x_wconf 91' lang='lat' dir='ltr'><strong>est,</strong></span> <span class='ocrx_word' id='word_1_398' title='bbox 1936 5241 2094 5300; x_wconf 70' lang='lat' dir='ltr'><strong>Iudi-</strong></span> 
     </span>
    </p>
   </div>
   <div class='ocr_carea' id='block_1_55' title="bbox 505 5329 2097 5408">
    <p class='ocr_par' dir='ltr' id='par_1_55' title="bbox 505 5329 2097 5408">
     <span class='ocr_line' id='line_1_55' title="bbox 505 5329 2097 5408; baseline 0.006 -27"><span class='ocrx_word' id='word_1_399' title='bbox 505 5329 637 5383; x_wconf 83' lang='lat' dir='ltr'><strong>cium</strong></span> <span class='ocrx_word' id='word_1_400' title='bbox 679 5331 882 5400; x_wconf 80' lang='lat' dir='ltr'><strong>quidem</strong></span> <span class='ocrx_word' id='word_1_401' title='bbox 915 5349 977 5386; x_wconf 77' lang='lat' dir='ltr'><strong>ex</strong></span> <span class='ocrx_word' id='word_1_402' title='bbox 1005 5350 1104 5388; x_wconf 87' lang='lat' dir='ltr'><strong>uno</strong></span> <span class='ocrx_word' id='word_1_403' title='bbox 1130 5334 1182 5388; x_wconf 86' lang='lat' dir='ltr'><strong>in</strong></span> <span class='ocrx_word' id='word_1_404' title='bbox 1209 5336 1673 5391; x_wconf 81' lang='lat' dir='ltr'><strong>condemnationem</strong></span> <span class='ocrx_word' id='word_1_405' title='bbox 1696 5378 1710 5400; x_wconf 91' lang='lat'><strong>,</strong></span> <span class='ocrx_word' id='word_1_406' title='bbox 1737 5337 1902 5408; x_wconf 78' lang='lat' dir='ltr'><strong>gratia</strong></span> <span class='ocrx_word' id='word_1_407' title='bbox 1927 5345 2097 5391; x_wconf 87' lang='lat' dir='ltr'><strong>autem</strong></span> 
     </span>
    </p>
   </div>
   <div class='ocr_carea' id='block_1_56' title="bbox 505 5423 2100 5503">
    <p class='ocr_par' dir='ltr' id='par_1_56' title="bbox 505 5423 2100 5503">
     <span class='ocr_line' id='line_1_56' title="bbox 505 5423 2100 5503; baseline 0.008 -28"><span class='ocrx_word' id='word_1_408' title='bbox 505 5438 568 5476; x_wconf 75' lang='lat' dir='ltr'><strong>ex</strong></span> <span class='ocrx_word' id='word_1_409' title='bbox 595 5424 765 5479; x_wconf 77' lang='lat' dir='ltr'><strong>multis</strong></span> <span class='ocrx_word' id='word_1_410' title='bbox 797 5423 991 5480; x_wconf 76' lang='lat' dir='ltr'><strong>delictis</strong></span> <span class='ocrx_word' id='word_1_411' title='bbox 1025 5427 1078 5480; x_wconf 87' lang='lat' dir='ltr'><strong>in</strong></span> <span class='ocrx_word' id='word_1_412' title='bbox 1113 5429 1527 5500; x_wconf 75' lang='lat' dir='ltr'><strong>justiﬁeatiouem</strong></span> <span class='ocrx_word' id='word_1_413' title='bbox 1555 5428 1742 5499; x_wconf 76' lang='lat' dir='ltr'><strong>(Ibid.,</strong></span> <span class='ocrx_word' id='word_1_414' title='bbox 1785 5432 1894 5503; x_wconf 83' lang='grc'><strong>16).</strong></span> <span class='ocrx_word' id='word_1_415' title='bbox 1927 5432 2100 5488; x_wconf 84' lang='lat' dir='ltr'><strong>Donat</strong></span> 
     </span>
    </p>
   </div>
   <div class='ocr_carea' id='block_1_57' title="bbox 569 5573 1868 5636">
    <p class='ocr_par' dir='ltr' id='par_1_57' title="bbox 569 5573 1868 5636">
     <span class='ocr_line' id='line_1_57' title="bbox 569 5573 1868 5636; baseline 0.01 -15"><span class='ocrx_word' id='word_1_416' title='bbox 569 5574 585 5605; x_wconf 77' lang='grc'>⁸</span> <span class='ocrx_word' id='word_1_417' title='bbox 622 5573 895 5636; x_wconf 73' lang='lat' dir='ltr'><strong>vlgnierius</strong></span> <span class='ocrx_word' id='word_1_418' title='bbox 919 5585 969 5627; x_wconf 90' lang='lat' dir='ltr'><strong>et</strong></span> <span class='ocrx_word' id='word_1_419' title='bbox 990 5577 1145 5629; x_wconf 86' lang='lat' dir='ltr'><strong>codex</strong></span> <span class='ocrx_word' id='word_1_420' title='bbox 1167 5587 1301 5636; x_wconf 65' lang='lat' dir='ltr'><strong>Man,</strong></span> <span class='ocrx_word' id='word_1_421' title='bbox 1326 5581 1386 5631; x_wconf 86' lang='lat' dir='ltr'><strong>de</strong></span> <span class='ocrx_word' id='word_1_422' title='bbox 1407 5585 1472 5630; x_wconf 84' lang='lat' dir='ltr'><strong>tot</strong></span> <span class='ocrx_word' id='word_1_423' title='bbox 1488 5580 1654 5632; x_wconf 65' lang='lat' dir='ltr'><strong>surculi</strong></span> <span class='ocrx_word' id='word_1_424' title='bbox 1675 5582 1868 5634; x_wconf 81' lang='lat' dir='ltr'><strong>morbis.</strong></span> 
     </span>
    </p>
   </div>
   <div class='ocr_carea' id='block_1_58' title="bbox 567 5618 1799 5703">
    <p class='ocr_par' dir='ltr' id='par_1_58' title="bbox 567 5618 1799 5703">
     <span class='ocr_line' id='line_1_58' title="bbox 567 5618 1799 5703; baseline 0.007 -20"><span class='ocrx_word' id='word_1_425' title='bbox 567 5636 590 5703; x_wconf 66' lang='grc' dir='ltr'><strong>ξ</strong></span> <span class='ocrx_word' id='word_1_426' title='bbox 623 5618 869 5703; x_wconf 47' lang='grc' dir='ltr'><strong>Μξμειᾳιι.</strong></span> <span class='ocrx_word' id='word_1_427' title='bbox 899 5647 1012 5688; x_wconf 79' lang='lat' dir='ltr'><strong>atar.</strong></span> <span class='ocrx_word' id='word_1_428' title='bbox 1040 5648 1092 5691; x_wconf 89' lang='lat' dir='ltr'><strong>et</strong></span> <span class='ocrx_word' id='word_1_429' title='bbox 1113 5649 1257 5703; x_wconf 71' lang='lat' dir='ltr'><strong>l’ort.,</strong></span> <span class='ocrx_word' id='word_1_430' title='bbox 1281 5618 1799 5694; x_wconf 44' lang='lat' dir='ltr'><strong>hominesuinoriimt‘ur:</strong></span> 
     </span>
    </p>
   </div>
   <div class='ocr_carea' id='block_1_59' title="bbox 571 5698 1985 5768">
    <p class='ocr_par' dir='ltr' id='par_1_59' title="bbox 571 5698 1985 5768">
     <span class='ocr_line' id='line_1_59' title="bbox 571 5698 1985 5768; baseline 0.007 -23"><span class='ocrx_word' id='word_1_431' title='bbox 571 5698 592 5768; x_wconf 58' lang='grc' dir='ltr'><em>ξ</em></span> <span class='ocrx_word' id='word_1_432' title='bbox 625 5700 756 5768; x_wconf 70' lang='lat' dir='ltr'><strong>l&quot;._t|iti,</strong></span> <span class='ocrx_word' id='word_1_433' title='bbox 783 5701 1020 5752; x_wconf 82' lang='lat' dir='ltr'><strong>dolorum.</strong></span> <span class='ocrx_word' id='word_1_434' title='bbox 1043 5705 1208 5768; x_wconf 79' lang='lat' dir='ltr'><strong>Aptius</strong></span> <span class='ocrx_word' id='word_1_435' title='bbox 1231 5698 1370 5754; x_wconf 73' lang='lat' dir='ltr'><strong>vetth</strong></span> <span class='ocrx_word' id='word_1_436' title='bbox 1388 5705 1544 5768; x_wconf 84' lang='lat' dir='ltr'><strong>codex</strong></span> <span class='ocrx_word' id='word_1_437' title='bbox 1573 5712 1716 5762; x_wconf 87' lang='lat' dir='ltr'><strong>Port.,</strong></span> <span class='ocrx_word' id='word_1_438' title='bbox 1737 5705 1985 5756; x_wconf 82' lang='lat' dir='ltr'><strong>donorum.</strong></span> 
     </span>
    </p>
   </div>
   <div class='ocr_carea' id='block_1_60' title="bbox 567 5760 2101 5834">
    <p class='ocr_par' dir='ltr' id='par_1_60' title="bbox 567 5760 2101 5834">
     <span class='ocr_line' id='line_1_60' title="bbox 567 5760 2101 5834; baseline 0.008 -26"><span class='ocrx_word' id='word_1_439' title='bbox 567 5760 589 5791; x_wconf 66' lang='grc' dir='ltr'><strong>ι</strong></span> <span class='ocrx_word' id='word_1_440' title='bbox 621 5763 692 5810; x_wconf 83' lang='lat' dir='ltr'><strong>sic</strong></span> <span class='ocrx_word' id='word_1_441' title='bbox 715 5770 966 5834; x_wconf 42' lang='lat' dir='ltr'><strong>Mss.&#39;l‘ort.</strong></span> <span class='ocrx_word' id='word_1_442' title='bbox 987 5760 1098 5817; x_wconf 76' lang='lat' dir='ltr'><strong>Mar&#39;.</strong></span> <span class='ocrx_word' id='word_1_443' title='bbox 1115 5769 1234 5817; x_wconf 82' lang='lat' dir='ltr'><strong>(:lar.</strong></span> <span class='ocrx_word' id='word_1_444' title='bbox 1261 5775 1314 5817; x_wconf 79' lang='lat' dir='ltr'><strong>At</strong></span> <span class='ocrx_word' id='word_1_445' title='bbox 1338 5767 1476 5828; x_wconf 85' lang='lat' dir='ltr'><strong>editi,</strong></span> <span class='ocrx_word' id='word_1_446' title='bbox 1496 5779 1584 5817; x_wconf 76' lang='lat' dir='ltr'><strong>nec</strong></span> <span class='ocrx_word' id='word_1_447' title='bbox 1607 5760 1750 5816; x_wconf 79' lang='lat' dir='ltr'><strong>uuam</strong></span> <span class='ocrx_word' id='word_1_448' title='bbox 1769 5779 1862 5832; x_wconf 83' lang='lat' dir='ltr'><strong>quo</strong></span> <span class='ocrx_word' id='word_1_449' title='bbox 1884 5769 1948 5819; x_wconf 77' lang='lat' dir='ltr'><strong>ad</strong></span> <span class='ocrx_word' id='word_1_450' title='bbox 1963 5768 2101 5822; x_wconf 73' lang='lat' dir='ltr'><strong>Chri-</strong></span> 
     </span>
    </p>
   </div>
   <div class='ocr_carea' id='block_1_61' title="bbox 513 5828 1264 5881">
    <p class='ocr_par' dir='ltr' id='par_1_61' title="bbox 513 5828 1264 5881">
     <span class='ocr_line' id='line_1_61' title="bbox 513 5828 1264 5881; baseline 0.016 -14"><span class='ocrx_word' id='word_1_451' title='bbox 513 5828 631 5872; x_wconf 72' lang='lat' dir='ltr'><strong>itum</strong></span> <span class='ocrx_word' id='word_1_452' title='bbox 653 5837 774 5874; x_wconf 78' lang='lat' dir='ltr'><strong>uere.</strong></span> <span class='ocrx_word' id='word_1_453' title='bbox 792 5828 926 5877; x_wconf 80' lang='lat' dir='ltr'><strong>nium</strong></span> <span class='ocrx_word' id='word_1_454' title='bbox 949 5837 1264 5881; x_wconf 57' lang='lat' dir='ltr'><strong>sacramento.</strong></span> 
     </span>
    </p>
   </div>
   <div class='ocr_carea' id='block_1_62' title="bbox 1165 348 3073 418">
    <p class='ocr_par' dir='ltr' id='par_1_62' title="bbox 1165 348 3073 418">
     <span class='ocr_line' id='line_1_62' title="bbox 1165 348 3073 418; baseline -0.005 -4"><span class='ocrx_word' id='word_1_455' title='bbox 1165 355 1409 415; x_wconf 68' lang='lat' dir='ltr'><strong>OPEl‘tIS</strong></span> <span class='ocrx_word' id='word_1_456' title='bbox 1447 352 1858 410; x_wconf 59' lang='lat' dir='ltr'><strong>IMPERI’ECTI</strong></span> <span class='ocrx_word' id='word_1_457' title='bbox 1895 349 2170 407; x_wconf 63' lang='lat' dir='ltr'><strong>CON&#39;IIIA</strong></span> <span class='ocrx_word' id='word_1_458' title='bbox 2207 349 2567 418; x_wconf 76' lang='lat' dir='ltr'><strong>JULIANUM,</strong></span> <span class='ocrx_word' id='word_1_459' title='bbox 2608 351 2666 406; x_wconf 87' lang='lat' dir='ltr'><strong>S.</strong></span> <span class='ocrx_word' id='word_1_460' title='bbox 2712 348 3073 406; x_wconf 80' lang='lat' dir='ltr'><strong>AUCUSTINI</strong></span> 
     </span>
    </p>
   </div>
   <div class='ocr_carea' id='block_1_63' title="bbox 3623 349 3766 405">
    <p class='ocr_par' dir='ltr' id='par_1_63' title="bbox 3623 349 3766 405">
     <span class='ocr_line' id='line_1_63' title="bbox 3623 349 3766 405; baseline 0.014 -2"><span class='ocrx_word' id='word_1_461' title='bbox 3623 349 3766 405; x_wconf 72' lang='lat'><strong>“80</strong></span> 
     </span>
    </p>
   </div>
   <div class='ocr_carea' id='block_1_64' title="bbox 2182 469 3770 540">
    <p class='ocr_par' dir='ltr' id='par_1_64' title="bbox 2182 469 3770 540">
     <span class='ocr_line' id='line_1_64' title="bbox 2182 469 3770 540; baseline 0.001 -18"><span class='ocrx_word' id='word_1_462' title='bbox 2182 469 2340 523; x_wconf 89' lang='lat' dir='ltr'><strong>etiam</strong></span> <span class='ocrx_word' id='word_1_463' title='bbox 2368 471 2534 540; x_wconf 76' lang='lat' dir='ltr'><strong>gratia</strong></span> <span class='ocrx_word' id='word_1_464' title='bbox 2554 511 2568 534; x_wconf 97' lang='lat'><strong>,</strong></span> <span class='ocrx_word' id='word_1_465' title='bbox 2596 479 2656 524; x_wconf 93' lang='lat' dir='ltr'><strong>ut</strong></span> <span class='ocrx_word' id='word_1_466' title='bbox 2681 481 2866 524; x_wconf 87' lang='lat' dir='ltr'><strong>contra</strong></span> <span class='ocrx_word' id='word_1_467' title='bbox 2892 470 3372 540; x_wconf 87' lang='lat' dir='ltr'><strong>concupiscentiam</strong></span> <span class='ocrx_word' id='word_1_468' title='bbox 3401 469 3580 524; x_wconf 82' lang='lat' dir='ltr'><strong>carnis</strong></span> <span class='ocrx_word' id='word_1_469' title='bbox 3609 471 3770 538; x_wconf 82' lang='lat' dir='ltr'><strong>spiri-</strong></span> 
     </span>
    </p>
   </div>
   <div class='ocr_carea' id='block_1_65' title="bbox 2182 562 3768 634">
    <p class='ocr_par' dir='ltr' id='par_1_65' title="bbox 2182 562 3768 634">
     <span class='ocr_line' id='line_1_65' title="bbox 2182 562 3768 634; baseline 0.001 -18"><span class='ocrx_word' id='word_1_470' title='bbox 2182 570 2268 616; x_wconf 88' lang='lat' dir='ltr'><strong>tus</strong></span> <span class='ocrx_word' id='word_1_471' title='bbox 2307 563 2689 633; x_wconf 86' lang='lat' dir='ltr'><strong>concupiscat:</strong></span> <span class='ocrx_word' id='word_1_472' title='bbox 2720 574 2777 618; x_wconf 91' lang='lat' dir='ltr'><strong>et</strong></span> <span class='ocrx_word' id='word_1_473' title='bbox 2811 563 2854 618; x_wconf 86' lang='lat' dir='ltr'><strong>si</strong></span> <span class='ocrx_word' id='word_1_474' title='bbox 2893 563 3108 634; x_wconf 88' lang='lat' dir='ltr'><strong>quando</strong></span> <span class='ocrx_word' id='word_1_475' title='bbox 3141 562 3311 618; x_wconf 85' lang='lat' dir='ltr'><strong>ﬁdelis</strong></span> <span class='ocrx_word' id='word_1_476' title='bbox 3352 563 3513 617; x_wconf 87' lang='lat' dir='ltr'><strong>homo</strong></span> <span class='ocrx_word' id='word_1_477' title='bbox 3561 564 3612 617; x_wconf 94' lang='lat' dir='ltr'><strong>in</strong></span> <span class='ocrx_word' id='word_1_478' title='bbox 3665 564 3768 617; x_wconf 91' lang='lat' dir='ltr'><strong>hoc</strong></span> 
     </span>
    </p>
   </div>
   <div class='ocr_carea' id='block_1_66' title="bbox 2179 654 3766 718">
    <p class='ocr_par' dir='ltr' id='par_1_66' title="bbox 2179 654 3766 718">
     <span class='ocr_line' id='line_1_66' title="bbox 2179 654 3766 718; baseline 0.001 -12"><span class='ocrx_word' id='word_1_479' title='bbox 2179 654 2471 710; x_wconf 88' lang='lat' dir='ltr'><strong>certamine</strong></span> <span class='ocrx_word' id='word_1_480' title='bbox 2505 655 2782 710; x_wconf 85' lang='lat' dir='ltr'><strong>venialitcr</strong></span> <span class='ocrx_word' id='word_1_481' title='bbox 2809 656 3063 716; x_wconf 75' lang='lat' dir='ltr'><strong>vincitur,</strong></span> <span class='ocrx_word' id='word_1_482' title='bbox 3095 654 3272 709; x_wconf 90' lang='lat' dir='ltr'><strong>debila</strong></span> <span class='ocrx_word' id='word_1_483' title='bbox 3299 655 3519 708; x_wconf 87' lang='lat' dir='ltr'><strong>dimittit</strong></span> <span class='ocrx_word' id='word_1_484' title='bbox 3548 659 3724 708; x_wconf 74' lang='lat' dir='ltr'><strong>orzniti</strong></span> <span class='ocrx_word' id='word_1_485' title='bbox 3750 672 3766 718; x_wconf 87' lang='lat'><strong>;</strong></span> 
     </span>
    </p>
   </div>
   <div class='ocr_carea' id='block_1_67' title="bbox 2181 744 3772 817">
    <p class='ocr_par' dir='ltr' id='par_1_67' title="bbox 2181 744 3772 817">
     <span class='ocr_line' id='line_1_67' title="bbox 2181 744 3772 817; baseline 0.001 -17"><span class='ocrx_word' id='word_1_486' title='bbox 2181 755 2230 800; x_wconf 81' lang='lat' dir='ltr'><strong>et</strong></span> <span class='ocrx_word' id='word_1_487' title='bbox 2253 745 2466 816; x_wconf 90' lang='lat' dir='ltr'><strong>quando</strong></span> <span class='ocrx_word' id='word_1_488' title='bbox 2492 746 2862 801; x_wconf 76' lang='lat' dir='ltr'><strong>damnabilitcr</strong></span> <span class='ocrx_word' id='word_1_489' title='bbox 2887 746 3132 809; x_wconf 85' lang='lat' dir='ltr'><strong>vincitur,</strong></span> <span class='ocrx_word' id='word_1_490' title='bbox 3164 746 3254 799; x_wconf 88' lang='lat' dir='ltr'><strong>dat</strong></span> <span class='ocrx_word' id='word_1_491' title='bbox 3281 744 3613 802; x_wconf 84' lang='lat' dir='ltr'><strong>humiliorem</strong></span> <span class='ocrx_word' id='word_1_492' title='bbox 3646 763 3772 817; x_wconf 73' lang='lat' dir='ltr'><strong>pte-</strong></span> 
     </span>
    </p>
   </div>
   <div class='ocr_carea' id='block_1_68' title="bbox 2181 841 3774 911">
    <p class='ocr_par' dir='ltr' id='par_1_68' title="bbox 2181 841 3774 911">
     <span class='ocr_line' id='line_1_68' title="bbox 2181 841 3774 911; baseline -0.002 -15"><span class='ocrx_word' id='word_1_493' title='bbox 2181 841 2454 896; x_wconf 87' lang='lat' dir='ltr'><strong>nitentiam</strong></span> <span class='ocrx_word' id='word_1_494' title='bbox 2480 881 2495 907; x_wconf 93' lang='lat'><strong>,</strong></span> <span class='ocrx_word' id='word_1_495' title='bbox 2524 841 2608 895; x_wconf 88' lang='lat' dir='ltr'><strong>cui</strong></span> <span class='ocrx_word' id='word_1_496' title='bbox 2641 842 2834 896; x_wconf 90' lang='lat' dir='ltr'><strong>tribuat</strong></span> <span class='ocrx_word' id='word_1_497' title='bbox 2870 841 3268 911; x_wconf 77' lang='lat' dir='ltr'><strong>indulgentiam.</strong></span> <span class='ocrx_word' id='word_1_498' title='bbox 3296 841 3466 894; x_wconf 86' lang='lat' dir='ltr'><strong>Donat</strong></span> <span class='ocrx_word' id='word_1_499' title='bbox 3495 850 3774 910; x_wconf 82' lang='lat' dir='ltr'><strong>postremo</strong></span> 
     </span>
    </p>
   </div>
   <div class='ocr_carea' id='block_1_69' title="bbox 2182 933 3777 1004">
    <p class='ocr_par' dir='ltr' id='par_1_69' title="bbox 2182 933 3777 1004">
     <span class='ocr_line' id='line_1_69' title="bbox 2182 933 3777 1004; baseline 0.003 -18"><span class='ocrx_word' id='word_1_500' title='bbox 2182 934 2341 988; x_wconf 72' lang='lat' dir='ltr'><strong>vitam</strong></span> <span class='ocrx_word' id='word_1_501' title='bbox 2365 943 2616 989; x_wconf 77' lang='lat' dir='ltr'><strong>:eternam</strong></span> <span class='ocrx_word' id='word_1_502' title='bbox 2645 943 2701 989; x_wconf 90' lang='lat' dir='ltr'><strong>et</strong></span> <span class='ocrx_word' id='word_1_503' title='bbox 2742 934 2932 988; x_wconf 79' lang='lat' dir='ltr'><strong>anima:</strong></span> <span class='ocrx_word' id='word_1_504' title='bbox 2969 943 3024 990; x_wconf 91' lang='lat' dir='ltr'><strong>et</strong></span> <span class='ocrx_word' id='word_1_505' title='bbox 3061 933 3307 1002; x_wconf 84' lang='lat' dir='ltr'><strong>corpori,</strong></span> <span class='ocrx_word' id='word_1_506' title='bbox 3360 934 3446 988; x_wconf 90' lang='lat' dir='ltr'><strong>ubi</strong></span> <span class='ocrx_word' id='word_1_507' title='bbox 3493 935 3670 1004; x_wconf 81' lang='lat' dir='ltr'><strong>qualia</strong></span> <span class='ocrx_word' id='word_1_508' title='bbox 3714 943 3777 990; x_wconf 86' lang='lat' dir='ltr'><strong>et</strong></span> 
     </span>
    </p>
   </div>
   <div class='ocr_carea' id='block_1_70' title="bbox 2181 1025 3775 1097">
    <p class='ocr_par' dir='ltr' id='par_1_70' title="bbox 2181 1025 3775 1097">
     <span class='ocr_line' id='line_1_70' title="bbox 2181 1025 3775 1097; baseline -0.001 -19"><span class='ocrx_word' id='word_1_509' title='bbox 2181 1037 2374 1096; x_wconf 84' lang='lat' dir='ltr'><strong>quanta</strong></span> <span class='ocrx_word' id='word_1_510' title='bbox 2406 1027 2541 1081; x_wconf 90' lang='lat' dir='ltr'><strong>bona</strong></span> <span class='ocrx_word' id='word_1_511' title='bbox 2567 1025 2668 1079; x_wconf 90' lang='lat' dir='ltr'><strong>sint</strong></span> <span class='ocrx_word' id='word_1_512' title='bbox 2693 1026 2926 1095; x_wconf 79' lang='lat' dir='ltr'><strong>cogitare</strong></span> <span class='ocrx_word' id='word_1_513' title='bbox 2951 1027 3070 1095; x_wconf 89' lang='lat' dir='ltr'><strong>quis</strong></span> <span class='ocrx_word' id='word_1_514' title='bbox 3101 1025 3307 1095; x_wconf 82' lang='lat' dir='ltr'><strong>possit?</strong></span> <span class='ocrx_word' id='word_1_515' title='bbox 3335 1027 3616 1094; x_wconf 87' lang='lat' dir='ltr'><strong>Quomodo</strong></span> <span class='ocrx_word' id='word_1_516' title='bbox 3639 1043 3775 1097; x_wconf 81' lang='lat' dir='ltr'><strong>ergo</strong></span> 
     </span>
    </p>
   </div>
   <div class='ocr_carea' id='block_1_71' title="bbox 2183 1118 3775 1189">
    <p class='ocr_par' dir='ltr' id='par_1_71' title="bbox 2183 1118 3775 1189">
     <span class='ocr_line' id='line_1_71' title="bbox 2183 1118 3775 1189; baseline 0.003 -19"><span class='ocrx_word' id='word_1_517' title='bbox 2183 1119 2300 1188; x_wconf 84' lang='lat' dir='ltr'><strong>plus</strong></span> <span class='ocrx_word' id='word_1_518' title='bbox 2331 1119 2510 1172; x_wconf 88' lang='lat' dir='ltr'><strong>nocuit</strong></span> <span class='ocrx_word' id='word_1_519' title='bbox 2539 1119 2692 1187; x_wconf 90' lang='lat' dir='ltr'><strong>primi</strong></span> <span class='ocrx_word' id='word_1_520' title='bbox 2718 1118 2946 1172; x_wconf 90' lang='lat' dir='ltr'><strong>hominis</strong></span> <span class='ocrx_word' id='word_1_521' title='bbox 2971 1119 3240 1188; x_wconf 87' lang='lat' dir='ltr'><strong>iniqmtas,</strong></span> <span class='ocrx_word' id='word_1_522' title='bbox 3272 1136 3431 1189; x_wconf 80' lang='lat' dir='ltr'><strong>quant</strong></span> <span class='ocrx_word' id='word_1_523' title='bbox 3463 1121 3658 1189; x_wconf 84' lang='lat' dir='ltr'><strong>proluit</strong></span> <span class='ocrx_word' id='word_1_524' title='bbox 3678 1135 3775 1174; x_wconf 69' lang='grc' dir='ltr'><strong>ω·-</strong></span> 
     </span>
    </p>
   </div>
   <div class='ocr_carea' id='block_1_72' title="bbox 2181 1210 3772 1276">
    <p class='ocr_par' dir='ltr' id='par_1_72' title="bbox 2181 1210 3772 1276">
     <span class='ocr_line' id='line_1_72' title="bbox 2181 1210 3772 1276; baseline 0.001 -12"><span class='ocrx_word' id='word_1_525' title='bbox 2181 1211 2339 1264; x_wconf 91' lang='lat' dir='ltr'><strong>cnndi</strong></span> <span class='ocrx_word' id='word_1_526' title='bbox 2371 1211 2620 1276; x_wconf 91' lang='lat' dir='ltr'><strong>hominis,</strong></span> <span class='ocrx_word' id='word_1_527' title='bbox 2641 1210 2743 1264; x_wconf 92' lang='lat' dir='ltr'><strong>hoc</strong></span> <span class='ocrx_word' id='word_1_528' title='bbox 2763 1219 2846 1265; x_wconf 87' lang='lat' dir='ltr'><strong>est</strong></span> <span class='ocrx_word' id='word_1_529' title='bbox 2871 1210 3083 1271; x_wconf 88' lang='lat' dir='ltr'><strong>Christi,</strong></span> <span class='ocrx_word' id='word_1_530' title='bbox 3111 1210 3338 1276; x_wconf 90' lang='lat' dir='ltr'><strong>bonitas;</strong></span> <span class='ocrx_word' id='word_1_531' title='bbox 3365 1227 3484 1265; x_wconf 92' lang='lat' dir='ltr'><strong>cum</strong></span> <span class='ocrx_word' id='word_1_532' title='bbox 3512 1212 3599 1268; x_wconf 85' lang='lat' dir='ltr'><strong>ille</strong></span> <span class='ocrx_word' id='word_1_533' title='bbox 3627 1222 3772 1266; x_wconf 88' lang='lat' dir='ltr'><strong>tem-</strong></span> 
     </span>
    </p>
   </div>
   <div class='ocr_carea' id='block_1_73' title="bbox 2184 1301 3775 1373">
    <p class='ocr_par' dir='ltr' id='par_1_73' title="bbox 2184 1301 3775 1373">
     <span class='ocr_line' id='line_1_73' title="bbox 2184 1301 3775 1373; baseline 0.003 -19"><span class='ocrx_word' id='word_1_534' title='bbox 2184 1301 2436 1373; x_wconf 74' lang='lat' dir='ltr'><strong>pot-aliter</strong></span> <span class='ocrx_word' id='word_1_535' title='bbox 2479 1302 2750 1362; x_wconf 89' lang='lat' dir='ltr'><strong>nocuerit,</strong></span> <span class='ocrx_word' id='word_1_536' title='bbox 2796 1301 3040 1355; x_wconf 83' lang='lat' dir='ltr'><strong>Christus</strong></span> <span class='ocrx_word' id='word_1_537' title='bbox 3079 1311 3257 1356; x_wconf 84' lang='lat' dir='ltr'><strong>autent</strong></span> <span class='ocrx_word' id='word_1_538' title='bbox 3299 1310 3355 1356; x_wconf 90' lang='lat' dir='ltr'><strong>et</strong></span> <span class='ocrx_word' id='word_1_539' title='bbox 3407 1303 3775 1372; x_wconf 88' lang='lat' dir='ltr'><strong>temporalitcr</strong></span> 
     </span>
    </p>
   </div>
   <div class='ocr_carea' id='block_1_74' title="bbox 2183 1393 3775 1462">
    <p class='ocr_par' dir='ltr' id='par_1_74' title="bbox 2183 1393 3775 1462">
     <span class='ocr_line' id='line_1_74' title="bbox 2183 1393 3775 1462; baseline 0.001 -16"><span class='ocrx_word' id='word_1_540' title='bbox 2183 1393 2424 1462; x_wconf 75' lang='lat' dir='ltr'><strong>adjuvet,</strong></span> <span class='ocrx_word' id='word_1_541' title='bbox 2470 1401 2524 1446; x_wconf 90' lang='lat' dir='ltr'><strong>et</strong></span> <span class='ocrx_word' id='word_1_542' title='bbox 2564 1393 2751 1447; x_wconf 88' lang='lat' dir='ltr'><strong>liberet</strong></span> <span class='ocrx_word' id='word_1_543' title='bbox 2797 1408 2860 1447; x_wconf 92' lang='lat' dir='ltr'><strong>ac</strong></span> <span class='ocrx_word' id='word_1_544' title='bbox 2905 1393 3168 1446; x_wconf 86' lang='lat' dir='ltr'><strong>beatiﬁcct</strong></span> <span class='ocrx_word' id='word_1_545' title='bbox 3207 1393 3258 1446; x_wconf 91' lang='lat' dir='ltr'><strong>in</strong></span> <span class='ocrx_word' id='word_1_546' title='bbox 3300 1395 3596 1448; x_wconf 54' lang='lat' dir='ltr'><strong>aeternum?</strong></span> <span class='ocrx_word' id='word_1_547' title='bbox 3635 1394 3775 1460; x_wconf 77' lang='lat' dir='ltr'><strong>Qua:</strong></span> 
     </span>
    </p>
   </div>
   <div class='ocr_carea' id='block_1_75' title="bbox 2182 1481 3776 1549">
    <p class='ocr_par' dir='ltr' id='par_1_75' title="bbox 2182 1481 3776 1549">
     <span class='ocr_line' id='line_1_75' title="bbox 2182 1481 3776 1549; baseline 0 -11"><span class='ocrx_word' id='word_1_548' title='bbox 2182 1500 2304 1539; x_wconf 83' lang='lat' dir='ltr'><strong>Cllltl</strong></span> <span class='ocrx_word' id='word_1_549' title='bbox 2334 1482 2404 1538; x_wconf 87' lang='lat' dir='ltr'><strong>ita</strong></span> <span class='ocrx_word' id='word_1_550' title='bbox 2442 1484 2582 1547; x_wconf 87' lang='lat' dir='ltr'><strong>sint,</strong></span> <span class='ocrx_word' id='word_1_551' title='bbox 2623 1481 2887 1538; x_wconf 89' lang='lat' dir='ltr'><strong>sententia</strong></span> <span class='ocrx_word' id='word_1_552' title='bbox 2925 1493 3105 1538; x_wconf 85' lang='lat' dir='ltr'><strong>nostra</strong></span> <span class='ocrx_word' id='word_1_553' title='bbox 3153 1483 3438 1549; x_wconf 76' lang='lat' dir='ltr'><strong>Catholica,</strong></span> <span class='ocrx_word' id='word_1_554' title='bbox 3467 1499 3570 1538; x_wconf 90' lang='lat' dir='ltr'><strong>non</strong></span> <span class='ocrx_word' id='word_1_555' title='bbox 3601 1485 3776 1538; x_wconf 53' lang='lat' dir='ltr'><strong>Mani-</strong></span> 
     </span>
    </p>
   </div>
   <div class='ocr_carea' id='block_1_76' title="bbox 2183 1576 3776 1648">
    <p class='ocr_par' dir='ltr' id='par_1_76' title="bbox 2183 1576 3776 1648">
     <span class='ocr_line' id='line_1_76' title="bbox 2183 1576 3776 1648; baseline 0.001 -15"><span class='ocrx_word' id='word_1_556' title='bbox 2183 1577 2330 1633; x_wconf 83' lang='lat' dir='ltr'><strong>cbaca</strong></span> <span class='ocrx_word' id='word_1_557' title='bbox 2359 1586 2478 1643; x_wconf 88' lang='lat' dir='ltr'><strong>est;</strong></span> <span class='ocrx_word' id='word_1_558' title='bbox 2510 1587 2564 1632; x_wconf 90' lang='lat' dir='ltr'><strong>et</strong></span> <span class='ocrx_word' id='word_1_559' title='bbox 2592 1576 2713 1632; x_wconf 85' lang='lat' dir='ltr'><strong>ideo</strong></span> <span class='ocrx_word' id='word_1_560' title='bbox 2750 1592 2847 1632; x_wconf 90' lang='lat' dir='ltr'><strong>nec</strong></span> <span class='ocrx_word' id='word_1_561' title='bbox 2880 1577 3159 1648; x_wconf 78' lang='lat' dir='ltr'><strong>Pelagiana</strong></span> <span class='ocrx_word' id='word_1_562' title='bbox 3187 1587 3302 1640; x_wconf 88' lang='lat' dir='ltr'><strong>est,</strong></span> <span class='ocrx_word' id='word_1_563' title='bbox 3345 1577 3468 1648; x_wconf 86' lang='lat' dir='ltr'><strong>quia</strong></span> <span class='ocrx_word' id='word_1_564' title='bbox 3505 1579 3776 1634; x_wconf 76' lang='lat' dir='ltr'><strong>catholica</strong></span> 
     </span>
    </p>
   </div>
   <div class='ocr_carea' id='block_1_77' title="bbox 2184 1681 2285 1726">
    <p class='ocr_par' dir='ltr' id='par_1_77' title="bbox 2184 1681 2285 1726">
     <span class='ocr_line' id='line_1_77' title="bbox 2184 1681 2285 1726; baseline -0.02 0"><span class='ocrx_word' id='word_1_565' title='bbox 2184 1681 2285 1726; x_wconf 74' lang='grc' dir='ltr'><strong>ρει.</strong></span> 
     </span>
    </p>
   </div>
   <div class='ocr_carea' id='block_1_78' title="bbox 2257 1761 3776 1833">
    <p class='ocr_par' dir='ltr' id='par_1_78' title="bbox 2257 1761 3776 1833">
     <span class='ocr_line' id='line_1_78' title="bbox 2257 1761 3776 1833; baseline 0.003 -17"><span class='ocrx_word' id='word_1_566' title='bbox 2257 1761 2484 1817; x_wconf 80' lang='lat' dir='ltr'><strong>XCVIII.</strong></span> <span class='ocrx_word' id='word_1_567' title='bbox 2524 1761 2642 1817; x_wconf 72' lang='grc' dir='ltr'><strong>,ιωη</strong></span> <span class='ocrx_word' id='word_1_568' title='bbox 2683 1761 2949 1818; x_wconf 79' lang='lat' dir='ltr'><strong>Frivolam</strong></span> <span class='ocrx_word' id='word_1_569' title='bbox 2979 1778 3109 1818; x_wconf 89' lang='lat' dir='ltr'><strong>sane</strong></span> <span class='ocrx_word' id='word_1_570' title='bbox 3137 1764 3522 1833; x_wconf 82' lang='lat' dir='ltr'><strong>expositionem</strong></span> <span class='ocrx_word' id='word_1_571' title='bbox 3566 1765 3617 1819; x_wconf 92' lang='lat' dir='ltr'><strong>in</strong></span> <span class='ocrx_word' id='word_1_572' title='bbox 3666 1766 3776 1821; x_wconf 85' lang='lat' dir='ltr'><strong>hoc</strong></span> 
     </span>
    </p>
   </div>
   <div class='ocr_carea' id='block_1_79' title="bbox 2187 1853 3775 1926">
    <p class='ocr_par' dir='ltr' id='par_1_79' title="bbox 2187 1853 3775 1926">
     <span class='ocr_line' id='line_1_79' title="bbox 2187 1853 3775 1926; baseline 0.001 -18"><span class='ocrx_word' id='word_1_573' title='bbox 2187 1853 2305 1908; x_wconf 85' lang='lat' dir='ltr'><strong>loco</strong></span> <span class='ocrx_word' id='word_1_574' title='bbox 2333 1863 2475 1908; x_wconf 90' lang='lat' dir='ltr'><strong>tuam</strong></span> <span class='ocrx_word' id='word_1_575' title='bbox 2505 1856 2708 1922; x_wconf 84' lang='lat' dir='ltr'><strong>Optimo</strong></span> <span class='ocrx_word' id='word_1_576' title='bbox 2730 1853 2850 1924; x_wconf 81' lang='lat' dir='ltr'><strong>jure</strong></span> <span class='ocrx_word' id='word_1_577' title='bbox 2876 1854 3234 1921; x_wconf 78' lang='lat' dir='ltr'><strong>despicerent,</strong></span> <span class='ocrx_word' id='word_1_578' title='bbox 3259 1865 3313 1910; x_wconf 91' lang='lat' dir='ltr'><strong>et</strong></span> <span class='ocrx_word' id='word_1_579' title='bbox 3353 1856 3775 1926; x_wconf 79' lang='lat' dir='ltr'><strong>irreprrcnssam</strong></span> 
     </span>
    </p>
   </div>
   <div class='ocr_carea' id='block_1_80' title="bbox 2184 1946 3776 2018">
    <p class='ocr_par' dir='ltr' id='par_1_80' title="bbox 2184 1946 3776 2018">
     <span class='ocr_line' id='line_1_80' title="bbox 2184 1946 3776 2018; baseline 0.003 -18"><span class='ocrx_word' id='word_1_580' title='bbox 2184 1950 2533 2018; x_wconf 73' lang='lat' dir='ltr'><strong>pneterirem,</strong></span> <span class='ocrx_word' id='word_1_581' title='bbox 2555 1946 2707 2017; x_wconf 88' lang='lat' dir='ltr'><strong>quasi</strong></span> <span class='ocrx_word' id='word_1_582' title='bbox 2730 1947 2888 2001; x_wconf 90' lang='lat' dir='ltr'><strong>nimis</strong></span> <span class='ocrx_word' id='word_1_583' title='bbox 2910 1948 3071 2002; x_wconf 87' lang='lat' dir='ltr'><strong>lnnno</strong></span> <span class='ocrx_word' id='word_1_584' title='bbox 3092 1948 3472 2012; x_wconf 78' lang='lat' dir='ltr'><strong>colnerentem,</strong></span> <span class='ocrx_word' id='word_1_585' title='bbox 3493 1949 3591 2002; x_wconf 89' lang='lat' dir='ltr'><strong>nisi</strong></span> <span class='ocrx_word' id='word_1_586' title='bbox 3615 1965 3776 2004; x_wconf 84' lang='lat' dir='ltr'><strong>vere-</strong></span> 
     </span>
    </p>
   </div>
   <div class='ocr_carea' id='block_1_81' title="bbox 2187 2040 3776 2111">
    <p class='ocr_par' dir='ltr' id='par_1_81' title="bbox 2187 2040 3776 2111">
     <span class='ocr_line' id='line_1_81' title="bbox 2187 2040 3776 2111; baseline 0.003 -19"><span class='ocrx_word' id='word_1_587' title='bbox 2187 2053 2296 2106; x_wconf 91' lang='lat' dir='ltr'><strong>rer,</strong></span> <span class='ocrx_word' id='word_1_588' title='bbox 2321 2055 2388 2093; x_wconf 91' lang='lat' dir='ltr'><strong>ne</strong></span> <span class='ocrx_word' id='word_1_589' title='bbox 2415 2040 2649 2109; x_wconf 71' lang='lat' dir='ltr'><strong>pellacia:</strong></span> <span class='ocrx_word' id='word_1_590' title='bbox 2686 2041 2853 2110; x_wconf 81' lang='lat' dir='ltr'><strong>magis</strong></span> <span class='ocrx_word' id='word_1_591' title='bbox 2893 2057 3051 2111; x_wconf 90' lang='lat' dir='ltr'><strong>quam</strong></span> <span class='ocrx_word' id='word_1_592' title='bbox 3082 2042 3394 2095; x_wconf 78' lang='lat' dir='ltr'><strong>constantia:</strong></span> <span class='ocrx_word' id='word_1_593' title='bbox 3436 2041 3776 2096; x_wconf 87' lang='lat' dir='ltr'><strong>crederetur.</strong></span> 
     </span>
    </p>
   </div>
   <div class='ocr_carea' id='block_1_82' title="bbox 2187 2129 3780 2204">
    <p class='ocr_par' dir='ltr' id='par_1_82' title="bbox 2187 2129 3780 2204">
     <span class='ocr_line' id='line_1_82' title="bbox 2187 2129 3780 2204; baseline 0.003 -20"><span class='ocrx_word' id='word_1_594' title='bbox 2187 2129 2444 2200; x_wconf 85' lang='lat' dir='ltr'><strong>Loqueris</strong></span> <span class='ocrx_word' id='word_1_595' title='bbox 2486 2147 2618 2202; x_wconf 82' lang='lat' dir='ltr'><strong>ergo</strong></span> <span class='ocrx_word' id='word_1_596' title='bbox 2661 2132 2762 2187; x_wconf 78' lang='lat' dir='ltr'><strong>hoc</strong></span> <span class='ocrx_word' id='word_1_597' title='bbox 2797 2134 2990 2188; x_wconf 84' lang='lat' dir='ltr'><strong>modo:</strong></span> <span class='ocrx_word' id='word_1_598' title='bbox 3026 2152 3045 2186; x_wconf 72' lang='grc' dir='ltr'>ι</span> <span class='ocrx_word' id='word_1_599' title='bbox 3077 2133 3214 2201; x_wconf 83' lang='lat' dir='ltr'><strong>Quid</strong></span> <span class='ocrx_word' id='word_1_600' title='bbox 3255 2144 3336 2188; x_wconf 90' lang='lat' dir='ltr'><strong>est</strong></span> <span class='ocrx_word' id='word_1_601' title='bbox 3361 2174 3376 2196; x_wconf 95' lang='lat'><strong>,</strong></span> <span class='ocrx_word' id='word_1_602' title='bbox 3430 2135 3780 2204; x_wconf 71' lang='lat' dir='ltr'><strong>multomagis</strong></span> 
     </span>
    </p>
   </div>
   <div class='ocr_carea' id='block_1_83' title="bbox 2185 2219 3776 2293">
    <p class='ocr_par' dir='ltr' id='par_1_83' title="bbox 2185 2219 3776 2293">
     <span class='ocr_line' id='line_1_83' title="bbox 2185 2219 3776 2293; baseline 0.004 -21"><span class='ocrx_word' id='word_1_603' title='bbox 2185 2219 2456 2274; x_wconf 81' lang='lat' dir='ltr'><strong>abundauit</strong></span> <span class='ocrx_word' id='word_1_604' title='bbox 2475 2239 2493 2285; x_wconf 91' lang='lat'><strong>;</strong></span> <span class='ocrx_word' id='word_1_605' title='bbox 2515 2222 2616 2277; x_wconf 90' lang='lat' dir='ltr'><strong>nisi</strong></span> <span class='ocrx_word' id='word_1_606' title='bbox 2641 2223 2761 2293; x_wconf 90' lang='lat' dir='ltr'><strong>quia</strong></span> <span class='ocrx_word' id='word_1_607' title='bbox 2789 2238 2976 2278; x_wconf 88' lang='lat' dir='ltr'><strong>onmes</strong></span> <span class='ocrx_word' id='word_1_608' title='bbox 3003 2225 3090 2292; x_wconf 91' lang='lat' dir='ltr'><strong>qui</strong></span> <span class='ocrx_word' id='word_1_609' title='bbox 3123 2240 3216 2293; x_wconf 91' lang='lat' dir='ltr'><strong>per</strong></span> <span class='ocrx_word' id='word_1_610' title='bbox 3235 2224 3501 2278; x_wconf 83' lang='lat' dir='ltr'><strong>Christum</strong></span> <span class='ocrx_word' id='word_1_611' title='bbox 3532 2225 3776 2279; x_wconf 80' lang='lat' dir='ltr'><strong>liberan-</strong></span> 
     </span>
    </p>
   </div>
   <div class='ocr_carea' id='block_1_84' title="bbox 2189 2315 3780 2387">
    <p class='ocr_par' dir='ltr' id='par_1_84' title="bbox 2189 2315 3780 2387">
     <span class='ocr_line' id='line_1_84' title="bbox 2189 2315 3780 2387; baseline 0.004 -22"><span class='ocrx_word' id='word_1_612' title='bbox 2189 2321 2295 2375; x_wconf 90' lang='lat' dir='ltr'><strong>tur,</strong></span> <span class='ocrx_word' id='word_1_613' title='bbox 2331 2315 2694 2385; x_wconf 78' lang='lat' dir='ltr'><strong>temporalitt-r</strong></span> <span class='ocrx_word' id='word_1_614' title='bbox 2730 2327 2946 2387; x_wconf 86' lang='lat' dir='ltr'><strong>propter</strong></span> <span class='ocrx_word' id='word_1_615' title='bbox 2986 2318 3156 2372; x_wconf 84' lang='lat' dir='ltr'><strong>Adam</strong></span> <span class='ocrx_word' id='word_1_616' title='bbox 3190 2317 3506 2382; x_wconf 89' lang='lat' dir='ltr'><strong>moriuntur,</strong></span> <span class='ocrx_word' id='word_1_617' title='bbox 3555 2327 3780 2387; x_wconf 79' lang='lat' dir='ltr'><strong>propter</strong></span> 
     </span>
    </p>
   </div>
   <div class='ocr_carea' id='block_1_85' title="bbox 2188 2403 3782 2478">
    <p class='ocr_par' dir='ltr' id='par_1_85' title="bbox 2188 2403 3782 2478">
     <span class='ocr_line' id='line_1_85' title="bbox 2188 2403 3782 2478; baseline 0.004 -20"><span class='ocrx_word' id='word_1_618' title='bbox 2188 2403 2359 2473; x_wconf 90' lang='lat' dir='ltr'><strong>ipsum</strong></span> <span class='ocrx_word' id='word_1_619' title='bbox 2403 2413 2579 2460; x_wconf 89' lang='lat' dir='ltr'><strong>autem</strong></span> <span class='ocrx_word' id='word_1_620' title='bbox 2617 2405 2884 2462; x_wconf 85' lang='lat' dir='ltr'><strong>Christum</strong></span> <span class='ocrx_word' id='word_1_621' title='bbox 2925 2408 3040 2463; x_wconf 81' lang='lat' dir='ltr'><strong>sine</strong></span> <span class='ocrx_word' id='word_1_622' title='bbox 3081 2408 3182 2463; x_wconf 92' lang='lat' dir='ltr'><strong>ﬁne</strong></span> <span class='ocrx_word' id='word_1_623' title='bbox 3223 2409 3410 2463; x_wconf 85' lang='lat' dir='ltr'><strong>victuri</strong></span> <span class='ocrx_word' id='word_1_624' title='bbox 3458 2420 3620 2464; x_wconf 64' lang='lat' dir='ltr'><strong>sunt:</strong></span> <span class='ocrx_word' id='word_1_625' title='bbox 3667 2410 3782 2478; x_wconf 80' lang='lat' dir='ltr'><strong>(De</strong></span> 
     </span>
    </p>
   </div>
   <div class='ocr_carea' id='block_1_86' title="bbox 2189 2493 3774 2570">
    <p class='ocr_par' dir='ltr' id='par_1_86' title="bbox 2189 2493 3774 2570">
     <span class='ocr_line' id='line_1_86' title="bbox 2189 2493 3774 2570; baseline 0.004 -22"><span class='ocrx_word' id='word_1_626' title='bbox 2189 2493 2398 2567; x_wconf 73' lang='lat' dir='ltr'><strong>Nuptiis</strong></span> <span class='ocrx_word' id='word_1_627' title='bbox 2427 2507 2472 2551; x_wconf 86' lang='lat' dir='ltr'><strong>ct</strong></span> <span class='ocrx_word' id='word_1_628' title='bbox 2501 2496 2946 2568; x_wconf 71' lang='lat' dir='ltr'><strong>Concupisrentia,</strong></span> <span class='ocrx_word' id='word_1_629' title='bbox 2987 2499 3072 2553; x_wconf 83' lang='lat' dir='ltr'><strong>lib.</strong></span> <span class='ocrx_word' id='word_1_630' title='bbox 3097 2500 3166 2564; x_wconf 73' lang='lat'><strong>2,</strong></span> <span class='ocrx_word' id='word_1_631' title='bbox 3212 2517 3265 2553; x_wconf 82' lang='grc' dir='ltr'><strong>η.</strong></span> <span class='ocrx_word' id='word_1_632' title='bbox 3306 2501 3376 2554; x_wconf 77' lang='grc'><strong>46</strong></span> <span class='ocrx_word' id='word_1_633' title='bbox 3398 2501 3453 2570; x_wconf 78' lang='lat'><strong>)?</strong></span> <span class='ocrx_word' id='word_1_634' title='bbox 3493 2502 3608 2568; x_wconf 83' lang='lat' dir='ltr'><strong>Quo</strong></span> <span class='ocrx_word' id='word_1_635' title='bbox 3649 2517 3774 2555; x_wconf 84' lang='lat' dir='ltr'><strong>ser—</strong></span> 
     </span>
    </p>
   </div>
   <div class='ocr_carea' id='block_1_87' title="bbox 2188 2588 3777 2660">
    <p class='ocr_par' dir='ltr' id='par_1_87' title="bbox 2188 2588 3777 2660">
     <span class='ocr_line' id='line_1_87' title="bbox 2188 2588 3777 2660; baseline 0.002 -18"><span class='ocrx_word' id='word_1_636' title='bbox 2188 2603 2385 2654; x_wconf 89' lang='lat' dir='ltr'><strong>mone,</strong></span> <span class='ocrx_word' id='word_1_637' title='bbox 2433 2589 2478 2642; x_wconf 90' lang='lat' dir='ltr'><strong>si</strong></span> <span class='ocrx_word' id='word_1_638' title='bbox 2520 2588 2644 2658; x_wconf 91' lang='lat' dir='ltr'><strong>quid</strong></span> <span class='ocrx_word' id='word_1_639' title='bbox 2693 2601 3082 2660; x_wconf 85' lang='lat' dir='ltr'><strong>consequenter</strong></span> <span class='ocrx_word' id='word_1_640' title='bbox 3121 2591 3392 2646; x_wconf 87' lang='lat' dir='ltr'><strong>diceretur</strong></span> <span class='ocrx_word' id='word_1_641' title='bbox 3435 2592 3777 2657; x_wconf 88' lang='lat' dir='ltr'><strong>attenderes,</strong></span> 
     </span>
    </p>
   </div>
   <div class='ocr_carea' id='block_1_88' title="bbox 2188 2683 3779 2750">
    <p class='ocr_par' dir='ltr' id='par_1_88' title="bbox 2188 2683 3779 2750">
     <span class='ocr_line' id='line_1_88' title="bbox 2188 2683 3779 2750; baseline 0.002 -15"><span class='ocrx_word' id='word_1_642' title='bbox 2188 2696 2401 2736; x_wconf 90' lang='lat' dir='ltr'><strong>omnem</strong></span> <span class='ocrx_word' id='word_1_643' title='bbox 2427 2698 2606 2736; x_wconf 89' lang='lat' dir='ltr'><strong>arcem</strong></span> <span class='ocrx_word' id='word_1_644' title='bbox 2635 2692 2797 2746; x_wconf 91' lang='lat' dir='ltr'><strong>tuam,</strong></span> <span class='ocrx_word' id='word_1_645' title='bbox 2829 2683 2880 2738; x_wconf 89' lang='lat' dir='ltr'><strong>id</strong></span> <span class='ocrx_word' id='word_1_646' title='bbox 2911 2694 2994 2738; x_wconf 86' lang='lat' dir='ltr'><strong>cst</strong></span> <span class='ocrx_word' id='word_1_647' title='bbox 3024 2684 3318 2750; x_wconf 88' lang='lat' dir='ltr'><strong>traducem,</strong></span> <span class='ocrx_word' id='word_1_648' title='bbox 3353 2685 3612 2740; x_wconf 86' lang='lat' dir='ltr'><strong>cecidisse</strong></span> <span class='ocrx_word' id='word_1_649' title='bbox 3639 2684 3779 2738; x_wconf 80' lang='lat' dir='ltr'><strong>fate-</strong></span> 
     </span>
    </p>
   </div>
   <div class='ocr_carea' id='block_1_89' title="bbox 2188 2772 3782 2844">
    <p class='ocr_par' dir='ltr' id='par_1_89' title="bbox 2188 2772 3782 2844">
     <span class='ocr_line' id='line_1_89' title="bbox 2188 2772 3782 2844; baseline 0.003 -17"><span class='ocrx_word' id='word_1_650' title='bbox 2188 2787 2330 2827; x_wconf 87' lang='lat' dir='ltr'><strong>rere.</strong></span> <span class='ocrx_word' id='word_1_651' title='bbox 2364 2773 2503 2828; x_wconf 87' lang='lat' dir='ltr'><strong>Dicis</strong></span> <span class='ocrx_word' id='word_1_652' title='bbox 2532 2772 2677 2828; x_wconf 89' lang='lat' dir='ltr'><strong>enim</strong></span> <span class='ocrx_word' id='word_1_653' title='bbox 2697 2815 2712 2838; x_wconf 97' lang='lat'><strong>,</strong></span> <span class='ocrx_word' id='word_1_654' title='bbox 2749 2775 2866 2829; x_wconf 88' lang='lat' dir='ltr'><strong>ideo</strong></span> <span class='ocrx_word' id='word_1_655' title='bbox 2905 2776 3072 2829; x_wconf 88' lang='lat' dir='ltr'><strong>multo</strong></span> <span class='ocrx_word' id='word_1_656' title='bbox 3104 2777 3272 2844; x_wconf 81' lang='lat' dir='ltr'><strong>magis</strong></span> <span class='ocrx_word' id='word_1_657' title='bbox 3297 2775 3596 2832; x_wconf 89' lang='lat' dir='ltr'><strong>abundasse</strong></span> <span class='ocrx_word' id='word_1_658' title='bbox 3619 2776 3782 2832; x_wconf 77' lang='lat' dir='ltr'><strong>Chri-</strong></span> 
     </span>
    </p>
   </div>
   <div class='ocr_carea' id='block_1_90' title="bbox 2188 2862 3773 2935">
    <p class='ocr_par' dir='ltr' id='par_1_90' title="bbox 2188 2862 3773 2935">
     <span class='ocr_line' id='line_1_90' title="bbox 2188 2862 3773 2935; baseline 0.001 -18"><span class='ocrx_word' id='word_1_659' title='bbox 2188 2862 2256 2917; x_wconf 88' lang='lat' dir='ltr'><strong>sti</strong></span> <span class='ocrx_word' id='word_1_660' title='bbox 2295 2863 2543 2933; x_wconf 76' lang='lat' dir='ltr'><strong>gratiam,</strong></span> <span class='ocrx_word' id='word_1_661' title='bbox 2581 2864 2704 2935; x_wconf 89' lang='lat' dir='ltr'><strong>quia</strong></span> <span class='ocrx_word' id='word_1_662' title='bbox 2755 2879 2848 2934; x_wconf 88' lang='lat' dir='ltr'><strong>per</strong></span> <span class='ocrx_word' id='word_1_663' title='bbox 2881 2881 2999 2920; x_wconf 90' lang='lat' dir='ltr'><strong>eam</strong></span> <span class='ocrx_word' id='word_1_664' title='bbox 3050 2868 3155 2922; x_wconf 89' lang='lat' dir='ltr'><strong>vita</strong></span> <span class='ocrx_word' id='word_1_665' title='bbox 3195 2867 3507 2922; x_wconf 80' lang='lat' dir='ltr'><strong>conferatur</strong></span> <span class='ocrx_word' id='word_1_666' title='bbox 3549 2879 3773 2933; x_wconf 67' lang='lat' dir='ltr'><strong>interna,</strong></span> 
     </span>
    </p>
   </div>
   <div class='ocr_carea' id='block_1_91' title="bbox 2189 2955 3782 3030">
    <p class='ocr_par' dir='ltr' id='par_1_91' title="bbox 2189 2955 3782 3030">
     <span class='ocr_line' id='line_1_91' title="bbox 2189 2955 3782 3030; baseline 0.006 -23"><span class='ocrx_word' id='word_1_667' title='bbox 2189 2969 2310 3008; x_wconf 85' lang='lat' dir='ltr'><strong>cum</strong></span> <span class='ocrx_word' id='word_1_668' title='bbox 2339 2970 2434 3024; x_wconf 91' lang='lat' dir='ltr'><strong>per</strong></span> <span class='ocrx_word' id='word_1_669' title='bbox 2458 2955 2585 3009; x_wconf 76' lang='lat' dir='ltr'><strong>Atla:</strong></span> <span class='ocrx_word' id='word_1_670' title='bbox 2615 2965 2890 3027; x_wconf 90' lang='lat' dir='ltr'><strong>peccatum</strong></span> <span class='ocrx_word' id='word_1_671' title='bbox 2923 2958 3196 3012; x_wconf 87' lang='lat' dir='ltr'><strong>subeunda</strong></span> <span class='ocrx_word' id='word_1_672' title='bbox 3229 2960 3296 3014; x_wconf 90' lang='lat' dir='ltr'><strong>sit</strong></span> <span class='ocrx_word' id='word_1_673' title='bbox 3334 2962 3604 3030; x_wconf 88' lang='lat' dir='ltr'><strong>corruptio</strong></span> <span class='ocrx_word' id='word_1_674' title='bbox 3641 2971 3782 3016; x_wconf 84' lang='lat' dir='ltr'><strong>tem-</strong></span> 
     </span>
    </p>
   </div>
   <div class='ocr_carea' id='block_1_92' title="bbox 2188 3047 3781 3120">
    <p class='ocr_par' dir='ltr' id='par_1_92' title="bbox 2188 3047 3781 3120">
     <span class='ocr_line' id='line_1_92' title="bbox 2188 3047 3781 3120; baseline 0.003 -20"><span class='ocrx_word' id='word_1_675' title='bbox 2188 3047 2408 3116; x_wconf 87' lang='lat' dir='ltr'><strong>poralis.</strong></span> <span class='ocrx_word' id='word_1_676' title='bbox 2435 3047 2492 3102; x_wconf 91' lang='lat' dir='ltr'><strong>Si</strong></span> <span class='ocrx_word' id='word_1_677' title='bbox 2521 3063 2648 3118; x_wconf 82' lang='lat' dir='ltr'><strong>ergo</strong></span> <span class='ocrx_word' id='word_1_678' title='bbox 2684 3047 2815 3102; x_wconf 88' lang='lat' dir='ltr'><strong>nihil</strong></span> <span class='ocrx_word' id='word_1_679' title='bbox 2841 3048 2982 3102; x_wconf 91' lang='lat' dir='ltr'><strong>aliud</strong></span> <span class='ocrx_word' id='word_1_680' title='bbox 3016 3051 3192 3104; x_wconf 89' lang='lat' dir='ltr'><strong>intulit</strong></span> <span class='ocrx_word' id='word_1_681' title='bbox 3219 3051 3386 3104; x_wconf 76' lang='lat' dir='ltr'><strong>Adam</strong></span> <span class='ocrx_word' id='word_1_682' title='bbox 3432 3062 3621 3120; x_wconf 82' lang='lat' dir='ltr'><strong>pra-ter</strong></span> <span class='ocrx_word' id='word_1_683' title='bbox 3649 3068 3781 3106; x_wconf 84' lang='lat' dir='ltr'><strong>cor-</strong></span> 
     </span>
    </p>
   </div>
   <div class='ocr_carea' id='block_1_93' title="bbox 2191 3137 3784 3212">
    <p class='ocr_par' dir='ltr' id='par_1_93' title="bbox 2191 3137 3784 3212">
     <span class='ocr_line' id='line_1_93' title="bbox 2191 3137 3784 3212; baseline 0.003 -19"><span class='ocrx_word' id='word_1_684' title='bbox 2191 3137 2334 3206; x_wconf 85' lang='lat' dir='ltr'><strong>poris</strong></span> <span class='ocrx_word' id='word_1_685' title='bbox 2365 3147 2614 3205; x_wconf 87' lang='lat' dir='ltr'><strong>mortem,</strong></span> <span class='ocrx_word' id='word_1_686' title='bbox 2656 3149 2838 3194; x_wconf 91' lang='lat' dir='ltr'><strong>contra</strong></span> <span class='ocrx_word' id='word_1_687' title='bbox 2871 3155 3029 3210; x_wconf 91' lang='lat' dir='ltr'><strong>quem</strong></span> <span class='ocrx_word' id='word_1_688' title='bbox 3074 3141 3317 3197; x_wconf 81' lang='lat' dir='ltr'><strong>Christus</strong></span> <span class='ocrx_word' id='word_1_689' title='bbox 3354 3143 3652 3212; x_wconf 65' lang='lat' dir='ltr'><strong>copiosiore</strong></span> <span class='ocrx_word' id='word_1_690' title='bbox 3684 3143 3784 3198; x_wconf 86' lang='lat' dir='ltr'><strong>be-</strong></span> 
     </span>
    </p>
   </div>
   <div class='ocr_carea' id='block_1_94' title="bbox 2190 3231 3782 3306">
    <p class='ocr_par' dir='ltr' id='par_1_94' title="bbox 2190 3231 3782 3306">
     <span class='ocr_line' id='line_1_94' title="bbox 2190 3231 3782 3306; baseline 0.003 -21"><span class='ocrx_word' id='word_1_691' title='bbox 2190 3231 2383 3286; x_wconf 88' lang='lat' dir='ltr'><strong>neﬁcio</strong></span> <span class='ocrx_word' id='word_1_692' title='bbox 2413 3231 2574 3284; x_wconf 90' lang='lat' dir='ltr'><strong>vitam</strong></span> <span class='ocrx_word' id='word_1_693' title='bbox 2620 3233 2843 3287; x_wconf 87' lang='lat' dir='ltr'><strong>contulit</strong></span> <span class='ocrx_word' id='word_1_694' title='bbox 2885 3233 3002 3288; x_wconf 84' lang='lat' dir='ltr'><strong>sine</strong></span> <span class='ocrx_word' id='word_1_695' title='bbox 3049 3233 3154 3288; x_wconf 91' lang='lat' dir='ltr'><strong>ﬁne</strong></span> <span class='ocrx_word' id='word_1_696' title='bbox 3194 3234 3510 3300; x_wconf 88' lang='lat' dir='ltr'><strong>durantem;</strong></span> <span class='ocrx_word' id='word_1_697' title='bbox 3556 3245 3782 3306; x_wconf 74' lang='lat' dir='ltr'><strong>apparet</strong></span> 
     </span>
    </p>
   </div>
   <div class='ocr_carea' id='block_1_95' title="bbox 2191 3312 3786 3396">
    <p class='ocr_par' dir='ltr' id='par_1_95' title="bbox 2191 3312 3786 3396">
     <span class='ocr_line' id='line_1_95' title="bbox 2191 3312 3786 3396; baseline 0.002 -17"><span class='ocrx_word' id='word_1_698' title='bbox 2191 3340 2297 3379; x_wconf 90' lang='lat' dir='ltr'><strong>non</strong></span> <span class='ocrx_word' id='word_1_699' title='bbox 2326 3312 2596 3394; x_wconf 81' lang='lat' dir='ltr'><strong>peccatum</strong></span> <span class='ocrx_word' id='word_1_700' title='bbox 2622 3325 2752 3380; x_wconf 82' lang='lat' dir='ltr'><strong>Adae</strong></span> <span class='ocrx_word' id='word_1_701' title='bbox 2777 3325 2844 3380; x_wconf 90' lang='lat' dir='ltr'><strong>ad</strong></span> <span class='ocrx_word' id='word_1_702' title='bbox 2879 3335 3126 3396; x_wconf 90' lang='lat' dir='ltr'><strong>posteros</strong></span> <span class='ocrx_word' id='word_1_703' title='bbox 3165 3327 3457 3395; x_wconf 84' lang='lat' dir='ltr'><strong>transisse,</strong></span> <span class='ocrx_word' id='word_1_704' title='bbox 3497 3327 3590 3383; x_wconf 91' lang='lat' dir='ltr'><strong>sed</strong></span> <span class='ocrx_word' id='word_1_705' title='bbox 3634 3344 3786 3382; x_wconf 89' lang='lat' dir='ltr'><strong>mor-</strong></span> 
     </span>
    </p>
   </div>
   <div class='ocr_carea' id='block_1_96' title="bbox 2193 3428 2320 3470">
    <p class='ocr_par' dir='ltr' id='par_1_96' title="bbox 2193 3428 2320 3470">
     <span class='ocr_line' id='line_1_96' title="bbox 2193 3428 2320 3470; baseline -0.008 -1"><span class='ocrx_word' id='word_1_706' title='bbox 2193 3428 2320 3470; x_wconf 73' lang='lat' dir='ltr'>ICIII.</span> 
     </span>
    </p>
   </div>
   <div class='ocr_carea' id='block_1_97' title="bbox 2264 3508 3782 3579">
    <p class='ocr_par' dir='ltr' id='par_1_97' title="bbox 2264 3508 3782 3579">
     <span class='ocr_line' id='line_1_97' title="bbox 2264 3508 3782 3579; baseline 0.001 -17"><span class='ocrx_word' id='word_1_707' title='bbox 2264 3511 2401 3564; x_wconf 80' lang='lat' dir='ltr'><strong>Ave.</strong></span> <span class='ocrx_word' id='word_1_708' title='bbox 2443 3509 2680 3577; x_wconf 79' lang='lat' dir='ltr'><strong>Apparet</strong></span> <span class='ocrx_word' id='word_1_709' title='bbox 2726 3517 2778 3562; x_wconf 91' lang='lat' dir='ltr'><strong>te</strong></span> <span class='ocrx_word' id='word_1_710' title='bbox 2823 3517 3103 3578; x_wconf 85' lang='lat' dir='ltr'><strong>prepterea</strong></span> <span class='ocrx_word' id='word_1_711' title='bbox 3153 3508 3384 3564; x_wconf 63' lang='lat' dir='ltr'><strong>irrisisse</strong></span> <span class='ocrx_word' id='word_1_712' title='bbox 3439 3509 3580 3579; x_wconf 88' lang='lat' dir='ltr'><strong>quod</strong></span> <span class='ocrx_word' id='word_1_713' title='bbox 3623 3508 3736 3564; x_wconf 82' lang='lat' dir='ltr'><strong>dixi</strong></span> <span class='ocrx_word' id='word_1_714' title='bbox 3766 3551 3782 3572; x_wconf 90' lang='lat'><strong>,</strong></span> 
     </span>
    </p>
   </div>
   <div class='ocr_carea' id='block_1_98' title="bbox 2193 3597 3787 3668">
    <p class='ocr_par' dir='ltr' id='par_1_98' title="bbox 2193 3597 3787 3668">
     <span class='ocr_line' id='line_1_98' title="bbox 2193 3597 3787 3668; baseline 0.002 -18"><span class='ocrx_word' id='word_1_715' title='bbox 2193 3598 2277 3653; x_wconf 89' lang='lat' dir='ltr'><strong>vel</strong></span> <span class='ocrx_word' id='word_1_716' title='bbox 2309 3597 2482 3668; x_wconf 89' lang='lat' dir='ltr'><strong>potius</strong></span> <span class='ocrx_word' id='word_1_717' title='bbox 2512 3609 2564 3652; x_wconf 90' lang='lat' dir='ltr'><strong>te</strong></span> <span class='ocrx_word' id='word_1_718' title='bbox 2591 3597 2816 3652; x_wconf 88' lang='lat' dir='ltr'><strong>irridere</strong></span> <span class='ocrx_word' id='word_1_719' title='bbox 2842 3598 3077 3665; x_wconf 74' lang='lat' dir='ltr'><strong>ﬁnxisse,</strong></span> <span class='ocrx_word' id='word_1_720' title='bbox 3107 3609 3162 3652; x_wconf 91' lang='lat' dir='ltr'><strong>ut</strong></span> <span class='ocrx_word' id='word_1_721' title='bbox 3189 3598 3272 3654; x_wconf 90' lang='lat' dir='ltr'><strong>his</strong></span> <span class='ocrx_word' id='word_1_722' title='bbox 3295 3599 3383 3668; x_wconf 87' lang='lat' dir='ltr'><strong>qui</strong></span> <span class='ocrx_word' id='word_1_723' title='bbox 3410 3608 3462 3653; x_wconf 93' lang='lat' dir='ltr'><strong>te</strong></span> <span class='ocrx_word' id='word_1_724' title='bbox 3488 3615 3591 3652; x_wconf 90' lang='lat' dir='ltr'><strong>non</strong></span> <span class='ocrx_word' id='word_1_725' title='bbox 3625 3599 3787 3654; x_wconf 85' lang='lat' dir='ltr'><strong>intel-</strong></span> 
     </span>
    </p>
   </div>
   <div class='ocr_carea' id='block_1_99' title="bbox 2193 3691 3782 3763">
    <p class='ocr_par' dir='ltr' id='par_1_99' title="bbox 2193 3691 3782 3763">
     <span class='ocr_line' id='line_1_99' title="bbox 2193 3691 3782 3763; baseline 0 -16"><span class='ocrx_word' id='word_1_726' title='bbox 2193 3692 2379 3763; x_wconf 77' lang='lat' dir='ltr'><strong>lignnt,</strong></span> <span class='ocrx_word' id='word_1_727' title='bbox 2409 3691 2670 3746; x_wconf 88' lang='lat' dir='ltr'><strong>videreris</strong></span> <span class='ocrx_word' id='word_1_728' title='bbox 2697 3691 2876 3746; x_wconf 91' lang='lat' dir='ltr'><strong>dicere</strong></span> <span class='ocrx_word' id='word_1_729' title='bbox 2914 3693 3111 3761; x_wconf 90' lang='lat' dir='ltr'><strong>aliquid</strong></span> <span class='ocrx_word' id='word_1_730' title='bbox 3133 3734 3149 3759; x_wconf 96' lang='lat'><strong>,</strong></span> <span class='ocrx_word' id='word_1_731' title='bbox 3188 3708 3310 3745; x_wconf 85' lang='lat' dir='ltr'><strong>cum</strong></span> <span class='ocrx_word' id='word_1_732' title='bbox 3356 3692 3561 3746; x_wconf 88' lang='lat' dir='ltr'><strong>diceres</strong></span> <span class='ocrx_word' id='word_1_733' title='bbox 3605 3691 3737 3745; x_wconf 90' lang='lat' dir='ltr'><strong>nihil</strong></span> <span class='ocrx_word' id='word_1_734' title='bbox 3765 3710 3782 3747; x_wconf 92' lang='lat'><strong>:</strong></span> 
     </span>
    </p>
   </div>
   <div class='ocr_carea' id='block_1_100' title="bbox 2195 3782 3788 3854">
    <p class='ocr_par' dir='ltr' id='par_1_100' title="bbox 2195 3782 3788 3854">
     <span class='ocr_line' id='line_1_100' title="bbox 2195 3782 3788 3854; baseline -0.001 -17"><span class='ocrx_word' id='word_1_735' title='bbox 2195 3785 2422 3854; x_wconf 87' lang='lat' dir='ltr'><strong>primum</strong></span> <span class='ocrx_word' id='word_1_736' title='bbox 2449 3783 2569 3853; x_wconf 90' lang='lat' dir='ltr'><strong>quia</strong></span> <span class='ocrx_word' id='word_1_737' title='bbox 2600 3783 2679 3837; x_wconf 90' lang='lat' dir='ltr'><strong>eis</strong></span> <span class='ocrx_word' id='word_1_738' title='bbox 2708 3782 2815 3837; x_wconf 83' lang='lat' dir='ltr'><strong>dixi</strong></span> <span class='ocrx_word' id='word_1_739' title='bbox 2845 3783 3013 3838; x_wconf 81' lang='lat' dir='ltr'><strong>Adam</strong></span> <span class='ocrx_word' id='word_1_740' title='bbox 3043 3783 3320 3852; x_wconf 86' lang='lat' dir='ltr'><strong>temporali</strong></span> <span class='ocrx_word' id='word_1_741' title='bbox 3360 3792 3533 3838; x_wconf 88' lang='lat' dir='ltr'><strong>morte</strong></span> <span class='ocrx_word' id='word_1_742' title='bbox 3567 3783 3788 3837; x_wconf 84' lang='lat' dir='ltr'><strong>nocuis-</strong></span> 
     </span>
    </p>
   </div>
   <div class='ocr_carea' id='block_1_101' title="bbox 2193 3875 3786 3946">
    <p class='ocr_par' dir='ltr' id='par_1_101' title="bbox 2193 3875 3786 3946">
     <span class='ocr_line' id='line_1_101' title="bbox 2193 3875 3786 3946; baseline -0.001 -16"><span class='ocrx_word' id='word_1_743' title='bbox 2193 3891 2282 3938; x_wconf 81' lang='lat' dir='ltr'><strong>se.</strong></span> <span class='ocrx_word' id='word_1_744' title='bbox 2323 3883 2458 3946; x_wconf 62' lang='lat' dir='ltr'><strong>quis</strong></span> <span class='ocrx_word' id='word_1_745' title='bbox 2495 3875 2692 3930; x_wconf 88' lang='lat' dir='ltr'><strong>Christi</strong></span> <span class='ocrx_word' id='word_1_746' title='bbox 2737 3876 2930 3929; x_wconf 88' lang='lat' dir='ltr'><strong>liberat</strong></span> <span class='ocrx_word' id='word_1_747' title='bbox 2975 3875 3179 3945; x_wconf 80' lang='lat' dir='ltr'><strong>gratia;</strong></span> <span class='ocrx_word' id='word_1_748' title='bbox 3223 3889 3356 3945; x_wconf 92' lang='lat' dir='ltr'><strong>quos</strong></span> <span class='ocrx_word' id='word_1_749' title='bbox 3399 3875 3540 3929; x_wconf 90' lang='lat' dir='ltr'><strong>enim</strong></span> <span class='ocrx_word' id='word_1_750' title='bbox 3587 3876 3786 3929; x_wconf 89' lang='lat' dir='ltr'><strong>occulti</strong></span> 
     </span>
    </p>
   </div>
   <div class='ocr_carea' id='block_1_102' title="bbox 2193 3967 3785 4039">
    <p class='ocr_par' dir='ltr' id='par_1_102' title="bbox 2193 3967 3785 4039">
     <span class='ocr_line' id='line_1_102' title="bbox 2193 3967 3785 4039; baseline 0.001 -18"><span class='ocrx_word' id='word_1_751' title='bbox 2193 3969 2428 4039; x_wconf 90' lang='lat' dir='ltr'><strong>quidem,</strong></span> <span class='ocrx_word' id='word_1_752' title='bbox 2460 3967 2553 4023; x_wconf 91' lang='lat' dir='ltr'><strong>sed</strong></span> <span class='ocrx_word' id='word_1_753' title='bbox 2578 3967 2763 4038; x_wconf 85' lang='lat' dir='ltr'><strong>jndieii</strong></span> <span class='ocrx_word' id='word_1_754' title='bbox 2786 3969 2916 4038; x_wconf 87' lang='lat' dir='ltr'><strong>justi</strong></span> <span class='ocrx_word' id='word_1_755' title='bbox 2945 3969 3169 4023; x_wconf 85' lang='lat' dir='ltr'><strong>veritate</strong></span> <span class='ocrx_word' id='word_1_756' title='bbox 3195 3985 3300 4022; x_wconf 91' lang='lat' dir='ltr'><strong>non</strong></span> <span class='ocrx_word' id='word_1_757' title='bbox 3331 3968 3541 4033; x_wconf 88' lang='lat' dir='ltr'><strong>liberat,</strong></span> <span class='ocrx_word' id='word_1_758' title='bbox 3571 3969 3785 4022; x_wconf 86' lang='lat' dir='ltr'><strong>etiamsi</strong></span> 
     </span>
    </p>
   </div>
   <div class='ocr_carea' id='block_1_103' title="bbox 2195 4059 3790 4132">
    <p class='ocr_par' dir='ltr' id='par_1_103' title="bbox 2195 4059 3790 4132">
     <span class='ocr_line' id='line_1_103' title="bbox 2195 4059 3790 4132; baseline 0 -20"><span class='ocrx_word' id='word_1_759' title='bbox 2195 4063 2396 4132; x_wconf 86' lang='lat' dir='ltr'><strong>parvuli</strong></span> <span class='ocrx_word' id='word_1_760' title='bbox 2438 4059 2752 4127; x_wconf 86' lang='lat' dir='ltr'><strong>moriantur,</strong></span> <span class='ocrx_word' id='word_1_761' title='bbox 2775 4071 2974 4115; x_wconf 81' lang='lat' dir='ltr'><strong>:eterna</strong></span> <span class='ocrx_word' id='word_1_762' title='bbox 2995 4070 3167 4115; x_wconf 89' lang='lat' dir='ltr'><strong>morte</strong></span> <span class='ocrx_word' id='word_1_763' title='bbox 3197 4059 3522 4128; x_wconf 91' lang='lat' dir='ltr'><strong>plectuntur.</strong></span> <span class='ocrx_word' id='word_1_764' title='bbox 3545 4059 3790 4126; x_wconf 85' lang='lat' dir='ltr'><strong>Quomo-</strong></span> 
     </span>
    </p>
   </div>
   <div class='ocr_carea' id='block_1_104' title="bbox 2195 4152 3789 4223">
    <p class='ocr_par' dir='ltr' id='par_1_104' title="bbox 2195 4152 3789 4223">
     <span class='ocr_line' id='line_1_104' title="bbox 2195 4152 3789 4223; baseline -0.001 -15"><span class='ocrx_word' id='word_1_765' title='bbox 2195 4154 2264 4208; x_wconf 90' lang='lat' dir='ltr'><strong>do</strong></span> <span class='ocrx_word' id='word_1_766' title='bbox 2288 4168 2418 4223; x_wconf 75' lang='lat' dir='ltr'><strong>ergo</strong></span> <span class='ocrx_word' id='word_1_767' title='bbox 2443 4152 2564 4207; x_wconf 91' lang='lat' dir='ltr'><strong>hinc</strong></span> <span class='ocrx_word' id='word_1_768' title='bbox 2588 4161 2826 4222; x_wconf 90' lang='lat' dir='ltr'><strong>apparet,</strong></span> <span class='ocrx_word' id='word_1_769' title='bbox 2863 4167 2966 4206; x_wconf 93' lang='lat' dir='ltr'><strong>non</strong></span> <span class='ocrx_word' id='word_1_770' title='bbox 2998 4161 3274 4220; x_wconf 89' lang='lat' dir='ltr'><strong>peccatum</strong></span> <span class='ocrx_word' id='word_1_771' title='bbox 3299 4153 3426 4206; x_wconf 61' lang='lat' dir='ltr'><strong>Adae</strong></span> <span class='ocrx_word' id='word_1_772' title='bbox 3447 4152 3513 4205; x_wconf 91' lang='lat' dir='ltr'><strong>ad</strong></span> <span class='ocrx_word' id='word_1_773' title='bbox 3540 4162 3789 4221; x_wconf 84' lang='lat' dir='ltr'><strong>posteros</strong></span> 
     </span>
    </p>
   </div>
   <div class='ocr_carea' id='block_1_105' title="bbox 2197 4243 3788 4314">
    <p class='ocr_par' dir='ltr' id='par_1_105' title="bbox 2197 4243 3788 4314">
     <span class='ocr_line' id='line_1_105' title="bbox 2197 4243 3788 4314; baseline -0.001 -16"><span class='ocrx_word' id='word_1_774' title='bbox 2197 4245 2468 4310; x_wconf 88' lang='lat' dir='ltr'><strong>transisse,</strong></span> <span class='ocrx_word' id='word_1_775' title='bbox 2500 4244 2595 4299; x_wconf 87' lang='lat' dir='ltr'><strong>sed</strong></span> <span class='ocrx_word' id='word_1_776' title='bbox 2623 4254 2882 4309; x_wconf 88' lang='lat' dir='ltr'><strong>mortem;</strong></span> <span class='ocrx_word' id='word_1_777' title='bbox 2909 4245 3009 4298; x_wconf 91' lang='lat' dir='ltr'><strong>nisi</strong></span> <span class='ocrx_word' id='word_1_778' title='bbox 3037 4244 3158 4314; x_wconf 83' lang='lat' dir='ltr'><strong>quia</strong></span> <span class='ocrx_word' id='word_1_779' title='bbox 3186 4243 3290 4298; x_wconf 89' lang='lat' dir='ltr'><strong>hoc</strong></span> <span class='ocrx_word' id='word_1_780' title='bbox 3314 4244 3392 4298; x_wconf 80' lang='lat' dir='ltr'><strong>vis</strong></span> <span class='ocrx_word' id='word_1_781' title='bbox 3418 4244 3615 4314; x_wconf 88' lang='lat' dir='ltr'><strong>putari,</strong></span> <span class='ocrx_word' id='word_1_782' title='bbox 3639 4243 3788 4312; x_wconf 86' lang='lat' dir='ltr'><strong>quod</strong></span> 
     </span>
    </p>
   </div>
   <div class='ocr_carea' id='block_1_106' title="bbox 2198 4335 3791 4405">
    <p class='ocr_par' dir='ltr' id='par_1_106' title="bbox 2198 4335 3791 4405">
     <span class='ocr_line' id='line_1_106' title="bbox 2198 4335 3791 4405; baseline -0.002 -14"><span class='ocrx_word' id='word_1_783' title='bbox 2198 4346 2539 4405; x_wconf 86' lang='lat' dir='ltr'><strong>perstrepunt</strong></span> <span class='ocrx_word' id='word_1_784' title='bbox 2562 4335 2723 4390; x_wconf 90' lang='lat' dir='ltr'><strong>verba</strong></span> <span class='ocrx_word' id='word_1_785' title='bbox 2748 4346 2854 4400; x_wconf 88' lang='lat' dir='ltr'><strong>ttta,</strong></span> <span class='ocrx_word' id='word_1_786' title='bbox 2883 4351 2989 4389; x_wconf 90' lang='lat' dir='ltr'><strong>non</strong></span> <span class='ocrx_word' id='word_1_787' title='bbox 3013 4335 3157 4404; x_wconf 88' lang='lat' dir='ltr'><strong>quod</strong></span> <span class='ocrx_word' id='word_1_788' title='bbox 3186 4335 3426 4405; x_wconf 87' lang='lat' dir='ltr'><strong>sequitur</strong></span> <span class='ocrx_word' id='word_1_789' title='bbox 3447 4335 3604 4389; x_wconf 86' lang='lat' dir='ltr'><strong>verba</strong></span> <span class='ocrx_word' id='word_1_790' title='bbox 3632 4336 3791 4389; x_wconf 75' lang='lat' dir='ltr'><strong>mea?</strong></span> 
     </span>
    </p>
   </div>
   <div class='ocr_carea' id='block_1_107' title="bbox 2198 4425 3793 4498">
    <p class='ocr_par' dir='ltr' id='par_1_107' title="bbox 2198 4425 3793 4498">
     <span class='ocr_line' id='line_1_107' title="bbox 2198 4425 3793 4498; baseline -0.003 -13"><span class='ocrx_word' id='word_1_791' title='bbox 2198 4431 2304 4485; x_wconf 85' lang='lat' dir='ltr'><strong>Nos</strong></span> <span class='ocrx_word' id='word_1_792' title='bbox 2341 4431 2483 4484; x_wconf 88' lang='lat' dir='ltr'><strong>enim</strong></span> <span class='ocrx_word' id='word_1_793' title='bbox 2517 4429 2746 4484; x_wconf 91' lang='lat' dir='ltr'><strong>dicimus</strong></span> <span class='ocrx_word' id='word_1_794' title='bbox 2789 4437 3074 4498; x_wconf 87' lang='lat' dir='ltr'><strong>tttrutnqne</strong></span> <span class='ocrx_word' id='word_1_795' title='bbox 3115 4429 3391 4496; x_wconf 88' lang='lat' dir='ltr'><strong>transisse,</strong></span> <span class='ocrx_word' id='word_1_796' title='bbox 3421 4435 3476 4481; x_wconf 87' lang='lat' dir='ltr'><strong>et</strong></span> <span class='ocrx_word' id='word_1_797' title='bbox 3502 4442 3532 4481; x_wconf 89' lang='lat' dir='ltr'><strong>a</strong></span> <span class='ocrx_word' id='word_1_798' title='bbox 3569 4425 3793 4482; x_wconf 81' lang='lat' dir='ltr'><strong>Christo</strong></span> 
     </span>
    </p>
   </div>
   <div class='ocr_carea' id='block_1_108' title="bbox 2201 4518 3794 4590">
    <p class='ocr_par' dir='ltr' id='par_1_108' title="bbox 2201 4518 3794 4590">
     <span class='ocr_line' id='line_1_108' title="bbox 2201 4518 3794 4590; baseline -0.001 -15"><span class='ocrx_word' id='word_1_799' title='bbox 2201 4531 2488 4590; x_wconf 85' lang='lat' dir='ltr'><strong>utrumque</strong></span> <span class='ocrx_word' id='word_1_800' title='bbox 2532 4521 2822 4574; x_wconf 86' lang='lat' dir='ltr'><strong>clamamus</strong></span> <span class='ocrx_word' id='word_1_801' title='bbox 2851 4518 3070 4585; x_wconf 76' lang='lat' dir='ltr'><strong>auferri,</strong></span> <span class='ocrx_word' id='word_1_802' title='bbox 3112 4528 3318 4573; x_wconf 90' lang='lat' dir='ltr'><strong>reatum</strong></span> <span class='ocrx_word' id='word_1_803' title='bbox 3349 4518 3554 4574; x_wconf 87' lang='lat' dir='ltr'><strong>scilicet</strong></span> <span class='ocrx_word' id='word_1_804' title='bbox 3582 4518 3794 4588; x_wconf 84' lang='lat' dir='ltr'><strong>peccati</strong></span> 
     </span>
    </p>
   </div>
   <div class='ocr_carea' id='block_1_109' title="bbox 2199 4611 3792 4684">
    <p class='ocr_par' dir='ltr' id='par_1_109' title="bbox 2199 4611 3792 4684">
     <span class='ocr_line' id='line_1_109' title="bbox 2199 4611 3792 4684; baseline -0.003 -16"><span class='ocrx_word' id='word_1_805' title='bbox 2199 4613 2504 4684; x_wconf 87' lang='lat' dir='ltr'><strong>plenissima</strong></span> <span class='ocrx_word' id='word_1_806' title='bbox 2531 4611 2846 4666; x_wconf 88' lang='lat' dir='ltr'><strong>remissione</strong></span> <span class='ocrx_word' id='word_1_807' title='bbox 2872 4623 3235 4682; x_wconf 87' lang='lat' dir='ltr'><strong>peccatorum,</strong></span> <span class='ocrx_word' id='word_1_808' title='bbox 3262 4620 3488 4666; x_wconf 90' lang='lat' dir='ltr'><strong>mortem</strong></span> <span class='ocrx_word' id='word_1_809' title='bbox 3513 4626 3639 4666; x_wconf 82' lang='lat' dir='ltr'><strong>vero</strong></span> <span class='ocrx_word' id='word_1_810' title='bbox 3663 4611 3792 4665; x_wconf 81' lang='lat' dir='ltr'><strong>bea-</strong></span> 
     </span>
    </p>
   </div>
   <div class='ocr_carea' id='block_1_110' title="bbox 2202 4702 3794 4774">
    <p class='ocr_par' dir='ltr' id='par_1_110' title="bbox 2202 4702 3794 4774">
     <span class='ocr_line' id='line_1_110' title="bbox 2202 4702 3794 4774; baseline -0.002 -14"><span class='ocrx_word' id='word_1_811' title='bbox 2202 4705 2404 4760; x_wconf 89' lang='lat' dir='ltr'><strong>tissima</strong></span> <span class='ocrx_word' id='word_1_812' title='bbox 2427 4702 2821 4760; x_wconf 89' lang='lat' dir='ltr'><strong>resurrectione</strong></span> <span class='ocrx_word' id='word_1_813' title='bbox 2848 4712 3185 4768; x_wconf 84' lang='lat' dir='ltr'><strong>sanctorum;</strong></span> <span class='ocrx_word' id='word_1_814' title='bbox 3213 4719 3334 4774; x_wconf 75' lang='lat' dir='ltr'><strong>qua:</strong></span> <span class='ocrx_word' id='word_1_815' title='bbox 3369 4711 3648 4773; x_wconf 86' lang='lat' dir='ltr'><strong>propterea</strong></span> <span class='ocrx_word' id='word_1_816' title='bbox 3679 4717 3794 4758; x_wconf 88' lang='lat' dir='ltr'><strong>non</strong></span> 
     </span>
    </p>
   </div>
   <div class='ocr_carea' id='block_1_111' title="bbox 2199 4794 3792 4866">
    <p class='ocr_par' dir='ltr' id='par_1_111' title="bbox 2199 4794 3792 4866">
     <span class='ocr_line' id='line_1_111' title="bbox 2199 4794 3792 4866; baseline -0.002 -14"><span class='ocrx_word' id='word_1_817' title='bbox 2199 4798 2382 4852; x_wconf 87' lang='lat' dir='ltr'><strong>statim</strong></span> <span class='ocrx_word' id='word_1_818' title='bbox 2412 4797 2739 4866; x_wconf 80' lang='lat' dir='ltr'><strong>regeneratis</strong></span> <span class='ocrx_word' id='word_1_819' title='bbox 2763 4795 2954 4858; x_wconf 88' lang='lat' dir='ltr'><strong>datur,</strong></span> <span class='ocrx_word' id='word_1_820' title='bbox 2995 4804 3054 4850; x_wconf 92' lang='lat' dir='ltr'><strong>ut</strong></span> <span class='ocrx_word' id='word_1_821' title='bbox 3089 4804 3406 4850; x_wconf 86' lang='lat' dir='ltr'><strong>exerceatur</strong></span> <span class='ocrx_word' id='word_1_822' title='bbox 3443 4794 3610 4862; x_wconf 78' lang='lat' dir='ltr'><strong>ﬁdes,</strong></span> <span class='ocrx_word' id='word_1_823' title='bbox 3645 4809 3753 4865; x_wconf 81' lang='lat' dir='ltr'><strong>qua</strong></span> <span class='ocrx_word' id='word_1_824' title='bbox 3776 4796 3792 4826; x_wconf 84' lang='lat'>&#39;</span> 
     </span>
    </p>
   </div>
   <div class='ocr_carea' id='block_1_112' title="bbox 2202 4887 3802 4960">
    <p class='ocr_par' dir='ltr' id='par_1_112' title="bbox 2202 4887 3802 4960">
     <span class='ocr_line' id='line_1_112' title="bbox 2202 4887 3802 4960; baseline -0.001 -15"><span class='ocrx_word' id='word_1_825' title='bbox 2202 4891 2250 4945; x_wconf 88' lang='lat' dir='ltr'><strong>id</strong></span> <span class='ocrx_word' id='word_1_826' title='bbox 2282 4889 2422 4960; x_wconf 89' lang='lat' dir='ltr'><strong>quod</strong></span> <span class='ocrx_word' id='word_1_827' title='bbox 2471 4904 2575 4944; x_wconf 89' lang='lat' dir='ltr'><strong>non</strong></span> <span class='ocrx_word' id='word_1_828' title='bbox 2617 4889 2826 4946; x_wconf 80' lang='lat' dir='ltr'><strong>videtur</strong></span> <span class='ocrx_word' id='word_1_829' title='bbox 2871 4899 3116 4958; x_wconf 84' lang='lat' dir='ltr'><strong>speratur</strong></span> <span class='ocrx_word' id='word_1_830' title='bbox 3150 4905 3164 4941; x_wconf 89' lang='lat'><strong>:</strong></span> <span class='ocrx_word' id='word_1_831' title='bbox 3205 4889 3306 4943; x_wconf 92' lang='lat' dir='ltr'><strong>hoc</strong></span> <span class='ocrx_word' id='word_1_832' title='bbox 3349 4889 3491 4943; x_wconf 91' lang='lat' dir='ltr'><strong>enim</strong></span> <span class='ocrx_word' id='word_1_833' title='bbox 3537 4899 3592 4942; x_wconf 88' lang='lat' dir='ltr'><strong>et</strong></span> <span class='ocrx_word' id='word_1_834' title='bbox 3635 4887 3687 4942; x_wconf 91' lang='lat' dir='ltr'><strong>in</strong></span> <span class='ocrx_word' id='word_1_835' title='bbox 3732 4902 3802 4944; x_wconf 76' lang='lat' dir='ltr'><strong>se</strong></span> 
     </span>
    </p>
   </div>
   <div class='ocr_carea' id='block_1_113' title="bbox 2202 4979 3802 5053">
    <p class='ocr_par' dir='ltr' id='par_1_113' title="bbox 2202 4979 3802 5053">
     <span class='ocr_line' id='line_1_113' title="bbox 2202 4979 3802 5053; baseline 0.001 -17"><span class='ocrx_word' id='word_1_836' title='bbox 2202 4982 2332 5053; x_wconf 90' lang='lat' dir='ltr'><strong>ipsis</strong></span> <span class='ocrx_word' id='word_1_837' title='bbox 2361 4992 2410 5037; x_wconf 91' lang='lat' dir='ltr'><strong>et</strong></span> <span class='ocrx_word' id='word_1_838' title='bbox 2444 4981 2496 5036; x_wconf 90' lang='lat' dir='ltr'><strong>iu</strong></span> <span class='ocrx_word' id='word_1_839' title='bbox 2524 4982 2760 5052; x_wconf 89' lang='lat' dir='ltr'><strong>parvulis</strong></span> <span class='ocrx_word' id='word_1_840' title='bbox 2787 4981 2898 5036; x_wconf 86' lang='lat' dir='ltr'><strong>suis</strong></span> <span class='ocrx_word' id='word_1_841' title='bbox 2923 4996 3046 5036; x_wconf 91' lang='lat' dir='ltr'><strong>cum</strong></span> <span class='ocrx_word' id='word_1_842' title='bbox 3084 4990 3303 5052; x_wconf 86' lang='lat' dir='ltr'><strong>sperant</strong></span> <span class='ocrx_word' id='word_1_843' title='bbox 3345 4979 3562 5046; x_wconf 90' lang='lat' dir='ltr'><strong>ﬁdeles,</strong></span> <span class='ocrx_word' id='word_1_844' title='bbox 3607 4981 3802 5050; x_wconf 83' lang='lat' dir='ltr'><strong>utique</strong></span> 
     </span>
    </p>
   </div>
   <div class='ocr_carea' id='block_1_114' title="bbox 2201 5069 3802 5143">
    <p class='ocr_par' dir='ltr' id='par_1_114' title="bbox 2201 5069 3802 5143">
     <span class='ocr_line' id='line_1_114' title="bbox 2201 5069 3802 5143; baseline -0.001 -15"><span class='ocrx_word' id='word_1_845' title='bbox 2201 5083 2324 5128; x_wconf 89' lang='lat' dir='ltr'><strong>sunt</strong></span> <span class='ocrx_word' id='word_1_846' title='bbox 2353 5072 2557 5128; x_wconf 89' lang='lat' dir='ltr'><strong>ﬁdeles.</strong></span> <span class='ocrx_word' id='word_1_847' title='bbox 2586 5073 2725 5127; x_wconf 86' lang='lat' dir='ltr'><strong>Ecce</strong></span> <span class='ocrx_word' id='word_1_848' title='bbox 2753 5071 2896 5143; x_wconf 88' lang='lat' dir='ltr'><strong>quod</strong></span> <span class='ocrx_word' id='word_1_849' title='bbox 2921 5072 3177 5136; x_wconf 90' lang='lat' dir='ltr'><strong>dicimus,</strong></span> <span class='ocrx_word' id='word_1_850' title='bbox 3221 5086 3348 5127; x_wconf 89' lang='lat' dir='ltr'><strong>ecce</strong></span> <span class='ocrx_word' id='word_1_851' title='bbox 3389 5073 3474 5127; x_wconf 93' lang='lat' dir='ltr'><strong>cui</strong></span> <span class='ocrx_word' id='word_1_852' title='bbox 3515 5069 3802 5126; x_wconf 56' lang='lat' dir='ltr'><strong>catholica</strong></span> 
     </span>
    </p>
   </div>
   <div class='ocr_carea' id='block_1_115' title="bbox 2201 5164 3799 5235">
    <p class='ocr_par' dir='ltr' id='par_1_115' title="bbox 2201 5164 3799 5235">
     <span class='ocr_line' id='line_1_115' title="bbox 2201 5164 3799 5235; baseline 0.001 -16"><span class='ocrx_word' id='word_1_853' title='bbox 2201 5166 2415 5222; x_wconf 88' lang='lat' dir='ltr'><strong>veritati</strong></span> <span class='ocrx_word' id='word_1_854' title='bbox 2445 5164 2814 5221; x_wconf 84' lang='lat' dir='ltr'><strong>contradicitis</strong></span> <span class='ocrx_word' id='word_1_855' title='bbox 2846 5182 2860 5218; x_wconf 93' lang='lat'><strong>:</strong></span> <span class='ocrx_word' id='word_1_856' title='bbox 2901 5165 2996 5220; x_wconf 82' lang='lat' dir='ltr'><strong>sed</strong></span> <span class='ocrx_word' id='word_1_857' title='bbox 3036 5165 3204 5235; x_wconf 79' lang='lat' dir='ltr'><strong>magis</strong></span> <span class='ocrx_word' id='word_1_858' title='bbox 3248 5174 3434 5218; x_wconf 87' lang='lat' dir='ltr'><strong>contra</strong></span> <span class='ocrx_word' id='word_1_859' title='bbox 3475 5179 3590 5229; x_wconf 89' lang='lat' dir='ltr'><strong>vos,</strong></span> <span class='ocrx_word' id='word_1_860' title='bbox 3627 5179 3799 5233; x_wconf 88' lang='lat' dir='ltr'><strong>quam</strong></span> 
     </span>
    </p>
   </div>
   <div class='ocr_carea' id='block_1_116' title="bbox 2201 5255 3804 5330">
    <p class='ocr_par' dir='ltr' id='par_1_116' title="bbox 2201 5255 3804 5330">
     <span class='ocr_line' id='line_1_116' title="bbox 2201 5255 3804 5330; baseline -0.003 -15"><span class='ocrx_word' id='word_1_861' title='bbox 2201 5270 2387 5316; x_wconf 90' lang='lat' dir='ltr'><strong>contra</strong></span> <span class='ocrx_word' id='word_1_862' title='bbox 2415 5259 2560 5314; x_wconf 90' lang='lat' dir='ltr'><strong>illam</strong></span> <span class='ocrx_word' id='word_1_863' title='bbox 2590 5258 2790 5324; x_wconf 89' lang='lat' dir='ltr'><strong>dicitis,</strong></span> <span class='ocrx_word' id='word_1_864' title='bbox 2827 5257 3082 5330; x_wconf 88' lang='lat' dir='ltr'><strong>quidquid</strong></span> <span class='ocrx_word' id='word_1_865' title='bbox 3119 5255 3388 5313; x_wconf 74' lang='lat' dir='ltr'><strong>hmretieis</strong></span> <span class='ocrx_word' id='word_1_866' title='bbox 3420 5256 3804 5328; x_wconf 83' lang='lat' dir='ltr'><strong>disputationi-</strong></span> 
     </span>
    </p>
   </div>
   <div class='ocr_carea' id='block_1_117' title="bbox 2204 5351 2524 5407">
    <p class='ocr_par' dir='ltr' id='par_1_117' title="bbox 2204 5351 2524 5407">
     <span class='ocr_line' id='line_1_117' title="bbox 2204 5351 2524 5407; baseline -0.009 -1"><span class='ocrx_word' id='word_1_867' title='bbox 2204 5354 2304 5407; x_wconf 88' lang='lat' dir='ltr'><strong>bus</strong></span> <span class='ocrx_word' id='word_1_868' title='bbox 2328 5351 2524 5406; x_wconf 83' lang='lat' dir='ltr'><strong>dicitis.</strong></span> 
     </span>
    </p>
   </div>
   <div class='ocr_carea' id='block_1_118' title="bbox 2276 5438 3797 5512">
    <p class='ocr_par' dir='ltr' id='par_1_118' title="bbox 2276 5438 3797 5512">
     <span class='ocr_line' id='line_1_118' title="bbox 2276 5438 3797 5512; baseline -0.004 -11"><span class='ocrx_word' id='word_1_869' title='bbox 2276 5445 2461 5501; x_wconf 75' lang='lat' dir='ltr'><strong>XCIX.</strong></span> <span class='ocrx_word' id='word_1_870' title='bbox 2501 5444 2622 5499; x_wconf 64' lang='lat' dir='ltr'><strong>Jun.</strong></span> <span class='ocrx_word' id='word_1_871' title='bbox 2683 5444 2965 5499; x_wconf 88' lang='lat' dir='ltr'><strong>Constabit</strong></span> <span class='ocrx_word' id='word_1_872' title='bbox 3011 5451 3188 5498; x_wconf 87' lang='lat' dir='ltr'><strong>autem</strong></span> <span class='ocrx_word' id='word_1_873' title='bbox 3232 5438 3797 5512; x_wconf 89' lang='lat' dir='ltr'><strong>consequentissime,</strong></span> 
     </span>
    </p>
   </div>
   <div class='ocr_carea' id='block_1_119' title="bbox 2206 5535 3801 5608">
    <p class='ocr_par' dir='ltr' id='par_1_119' title="bbox 2206 5535 3801 5608">
     <span class='ocr_line' id='line_1_119' title="bbox 2206 5535 3801 5608; baseline -0.003 -14"><span class='ocrx_word' id='word_1_874' title='bbox 2206 5547 2431 5594; x_wconf 88' lang='lat' dir='ltr'><strong>mortem</strong></span> <span class='ocrx_word' id='word_1_875' title='bbox 2465 5547 2799 5608; x_wconf 87' lang='lat' dir='ltr'><strong>perpetuam,</strong></span> <span class='ocrx_word' id='word_1_876' title='bbox 2827 5537 2880 5592; x_wconf 90' lang='lat' dir='ltr'><strong>id</strong></span> <span class='ocrx_word' id='word_1_877' title='bbox 2919 5546 3002 5592; x_wconf 90' lang='lat' dir='ltr'><strong>est</strong></span> <span class='ocrx_word' id='word_1_878' title='bbox 3031 5552 3244 5608; x_wconf 61' lang='lat' dir='ltr'><strong>iuuant</strong></span> <span class='ocrx_word' id='word_1_879' title='bbox 3282 5535 3694 5606; x_wconf 83' lang='lat' dir='ltr'><strong>sempiternam,</strong></span> <span class='ocrx_word' id='word_1_880' title='bbox 3725 5535 3801 5589; x_wconf 55' lang='lat' dir='ltr'><strong>ad</strong></span> 
     </span>
    </p>
   </div>
   <div class='ocr_carea' id='block_1_120' title="bbox 2207 5628 3779 5700">
    <p class='ocr_par' dir='ltr' id='par_1_120' title="bbox 2207 5628 3779 5700">
     <span class='ocr_line' id='line_1_120' title="bbox 2207 5628 3779 5700; baseline -0.001 -15"><span class='ocrx_word' id='word_1_881' title='bbox 2207 5645 2305 5685; x_wconf 88' lang='lat' dir='ltr'><strong>nos</strong></span> <span class='ocrx_word' id='word_1_882' title='bbox 2331 5645 2435 5684; x_wconf 88' lang='lat' dir='ltr'><strong>non</strong></span> <span class='ocrx_word' id='word_1_883' title='bbox 2464 5629 2624 5686; x_wconf 79' lang='lat' dir='ltr'><strong>fuisse</strong></span> <span class='ocrx_word' id='word_1_884' title='bbox 2645 5630 3035 5695; x_wconf 71' lang='lat' dir='ltr'><strong>transmissum,</strong></span> <span class='ocrx_word' id='word_1_885' title='bbox 3059 5643 3122 5685; x_wconf 91' lang='lat' dir='ltr'><strong>ac</strong></span> <span class='ocrx_word' id='word_1_886' title='bbox 3148 5644 3243 5700; x_wconf 88' lang='lat' dir='ltr'><strong>per</strong></span> <span class='ocrx_word' id='word_1_887' title='bbox 3264 5628 3365 5684; x_wconf 89' lang='lat' dir='ltr'><strong>hoc</strong></span> <span class='ocrx_word' id='word_1_888' title='bbox 3392 5638 3670 5700; x_wconf 80' lang='lat' dir='ltr'><strong>peccatum</strong></span> <span class='ocrx_word' id='word_1_889' title='bbox 3692 5637 3779 5683; x_wconf 78' lang='lat' dir='ltr'><strong>Ira</strong></span> 
     </span>
    </p>
   </div>
   <div class='ocr_carea' id='block_1_121' title="bbox 2275 5833 3293 5895">
    <p class='ocr_par' dir='ltr' id='par_1_121' title="bbox 2275 5833 3293 5895">
     <span class='ocr_line' id='line_1_121' title="bbox 2275 5833 3293 5895; baseline -0.003 -12"><span class='ocrx_word' id='word_1_890' title='bbox 2275 5833 2291 5865; x_wconf 78' lang='grc'><strong><em>³</em></strong></span> <span class='ocrx_word' id='word_1_891' title='bbox 2327 5833 2464 5895; x_wconf 67' lang='lat' dir='ltr'><strong>aliti,</strong></span> <span class='ocrx_word' id='word_1_892' title='bbox 2489 5835 2614 5895; x_wconf 57' lang='lat' dir='ltr'><strong>quia.</strong></span> <span class='ocrx_word' id='word_1_893' title='bbox 2644 5843 2747 5885; x_wconf 75' lang='lat' dir='ltr'><strong>Mss.</strong></span> <span class='ocrx_word' id='word_1_894' title='bbox 2774 5835 2904 5883; x_wconf 84' lang='lat' dir='ltr'><strong>(:olh.</strong></span> <span class='ocrx_word' id='word_1_895' title='bbox 2933 5841 2984 5884; x_wconf 87' lang='lat' dir='ltr'><strong>et</strong></span> <span class='ocrx_word' id='word_1_896' title='bbox 3007 5839 3155 5892; x_wconf 78' lang='lat' dir='ltr'><strong>Port.,</strong></span> <span class='ocrx_word' id='word_1_897' title='bbox 3181 5844 3293 5892; x_wconf 82' lang='lat' dir='ltr'><strong>qua.</strong></span> 
     </span>
    </p>
   </div>
  </div>
