3996 6480
171 517 324 573 ducis
345 527 466 570 esse
491 525 607 567 non
633 523 813 581 posse.
848 506 918 563 Ut
951 507 1089 562 enim
1128 507 1377 573 breviter,
1419 506 1544 576 quid
1575 517 1757 560 tenen-

171 611 299 666 dtnn
325 614 561 671 constet,
578 611 838 674 appareat
858 618 871 654 :
890 602 958 656 ab
975 600 1232 670 Apostolo
1253 599 1388 652 dona
1402 599 1594 652 Christi
1629 615 1754 667 pec-

171 710 294 754 ato
323 697 479 768 primi
513 693 755 750 hominis
781 691 1164 762 prteferuutur;
1203 700 1258 744 tu
1306 706 1399 758 per
1439 689 1540 743 hoc
1581 705 1764 759 pecca-

174 797 298 845 tum
316 799 492 852 tuum,
518 787 572 841 id
597 794 684 841 est
710 785 962 849 traducis,
987 797 1144 837 uuam
1169 781 1302 835 dicis
1322 795 1387 834 an
1421 781 1569 843 duas,
1592 789 1765 834 trans-

172 881 282 936 ise
317 877 566 934 mortes?
593 877 652 934 Si
679 891 861 942 unam,
889 885 943 930 et
971 874 1324 943 corporalem,
1355 881 1412 926 ut
1441 872 1525 926 hic
1552 872 1763 926 confes-

172 986 267 1026 sus
306 986 407 1036 es;
438 979 655 1026 constat
694 971 916 1040 gratiam
956 967 1154 1022 Christi
1195 966 1513 1021 anteccllere
1548 974 1763 1035 peccato

171 1063 336 1132 primi
365 1061 634 1118 hominis:
660 1071 713 1116 et
738 1061 847 1130 jatn
876 1060 1110 1114 nascitur
1131 1074 1287 1114 nemo
1313 1069 1590 1128 peccator;
1618 1058 1760 1128 quia,

173 1155 241 1218 si,
269 1164 336 1208 ut
357 1155 372 1186 ¹
399 1169 564 1224 supra
590 1153 792 1217 dixisti,
815 1166 1032 1223 regnum
1059 1151 1260 1222 peccati
1284 1159 1387 1218 est,
1421 1159 1479 1205 ut
1503 1151 1555 1206 in
1585 1165 1766 1205 secun-

171 1245 298 1302 dam
329 1245 499 1301 homo
517 1252 768 1308 mortem,
793 1243 844 1298 id
868 1251 969 1308 est,
993 1243 1045 1297 in
1073 1256 1280 1312 pinnam
1307 1251 1613 1311 perpetuam
1638 1257 1769 1311 pra:-

170 1341 434 1408 cipitetur
451 1381 469 1406 ,
495 1349 552 1394 et
575 1355 674 1410 per
697 1339 863 1394 Adam
893 1350 1114 1394 mortem
1150 1339 1389 1410 corporis
1417 1341 1586 1393 solum
1614 1339 1768 1394 adve-

169 1444 320 1486 ctam
350 1435 518 1496 dicis;
545 1447 647 1487 nee
673 1441 945 1502 peccaturo
977 1447 1072 1501 per
1092 1431 1258 1487 Adam
1289 1430 1355 1486 ad
1383 1441 1643 1500 posteros,
1670 1447 1767 1486 nec

171 1537 331 1578 more
361 1534 560 1578 arteriis
590 1524 986 1578 transmittitur.

239 1618 394 1671 Anc.
440 1615 558 1670 Jatn
599 1629 919 1684 responutm
964 1623 1048 1669 est
1088 1632 1103 1669 :
1155 1613 1281 1668 nihil
1326 1613 1478 1669 dicis.
1521 1613 1762 1682 Regnum

169 1707 323 1760 enim
359 1706 562 1775 peccati
589 1707 750 1760 etiam
792 1707 842 1759 in
873 1715 1126 1760 aitcrnam
1170 1707 1462 1775 praecipitat
1505 1717 1762 1770 mortem,

173 1797 280 1849 nisi
313 1812 418 1865 per
437 1796 635 1851 Christi
661 1797 885 1866 gratiam
913 1797 1211 1851 remittatur
1235 1814 1248 1851 :
1278 1808 1640 1852 verumtamen
1670 1797 1767 1851 ista

171 1902 404 1956 quoque
431 1901 578 1940 mors
608 1887 918 1955 temporalis
945 1887 1085 1941 nulla
1123 1895 1288 1951 esset,
1324 1887 1422 1940 nisi
1450 1886 1615 1941 Adam
1661 1902 1764 1941 non

172 1978 453 2032 morienti
499 1978 899 2048 possibilitatem
944 1980 1141 2046 peccati
1185 1980 1376 2033 merito
1406 1978 1764 2048 perdidisset:

176 2069 330 2124 hanc
357 2070 502 2124 enim
531 2071 791 2138 peccaturi
836 2070 1165 2124 denuntiavit
1195 2071 1335 2124 Deus
1363 2069 1566 2135 dicens,
1609 2069 1770 2124 Terra

178 2179 252 2228 et,
284 2173 343 2215 et
374 2163 426 2215 in
453 2171 633 2215 terram
661 2163 756 2215 ibi:
783 2160 932 2234 (Gen.
974 2177 1067 2225 ιιι,
1111 2161 1230 2232 l9).
1268 2162 1415 2216 llanc
1442 2162 1555 2217 sine
1583 2163 1770 2217 merito

181 2254 400 2323 peccati
429 2255 696 2323 suscipere
720 2253 965 2322 dignatus
992 2261 1075 2307 est
1097 2253 1360 2315 Christus.
1407 2263 1465 2307 ut
1493 2268 1587 2322 per
1628 2253 1768 2306 illam

187 2343 414 2414 quidem
440 2343 712 2398 moriendo
741 2344 840 2397 iret
869 2343 920 2396 in
948 2352 1164 2408 terram,
1193 2343 1284 2397 sed
1316 2341 1638 2413 resurgendo
1667 2352 1772 2397 ter-

184 2451 311 2492 ram
360 2437 548 2492 levaret
578 2437 628 2490 in
660 2437 852 2490 cadum
888 2453 902 2492 :
942 2450 1005 2490 ac
1033 2436 1110 2492 sic
1136 2446 1331 2490 :eterna
1363 2444 1534 2490 morte
1561 2436 1772 2489 destru-

179 2535 291 2593 cta,
325 2527 668 2597 temporalem
697 2526 940 2582 lidelibus
969 2527 1086 2581 ideo
1108 2541 1210 2580 non
1237 2526 1484 2590 auferret,
1507 2536 1564 2580 ut
1585 2526 1772 2580 adver—

174 2634 276 2674 sus
303 2635 437 2674 eam
467 2619 867 2675 resurrectionis
898 2618 1029 2674 fides
1051 2619 1103 2672 in
1137 2617 1292 2688 hujus
1309 2619 1435 2673 vita:
1458 2633 1628 2689 agone
1655 2633 1772 2672 cer-

177 2721 352 2766 taret.

242 2801 318 2857 Ο.
341 2800 468 2856 Jun.
489 2799 576 2856 Sin
603 2810 777 2855 autent
799 2800 1017 2868 dixeris,
1034 2816 1128 2871 per
1147 2810 1423 2873 peccatum
1456 2800 1582 2854 Adze
1613 2809 1771 2854 natu-

173 2893 364 2947 ralem
412 2891 599 2946 factam
644 2907 766 2948 esse
813 2893 1177 2963 iniquitatem,
1229 2894 1466 2962 duasque
1513 2891 1772 2948 accidisse

174 2993 421 3050 mortes,
463 2998 614 3038 unam
653 2993 906 3038 reternam
931 3025 946 3050 ,
997 2985 1214 3039 alteram
1255 2983 1632 3053 temporalem;
1674 2997 1774 3053 per

173 3077 395 3132 Christi
423 3086 596 3131 autem
623 3078 844 3147 gratiam
873 3091 1032 3131 unam
1076 3077 1285 3131 interim
1331 3075 1524 3130 auferri
1570 3088 1600 3128 a
1649 3091 1773 3144 per-

175 3184 315 3222 sona
347 3210 368 3235 ,
399 3183 506 3222 non
534 3182 560 3220 a
591 3177 796 3231 natura,
822 3167 871 3222 id
911 3175 1014 3233 est,
1047 3176 1354 3238 perpetuam
1379 3210 1393 3231 ,
1428 3165 1770 3234 temporalem

175 3277 312 3317 vero
345 3275 627 3316 remanere
659 3277 672 3314 :
702 3261 990 3331 Apostolus
1015 3261 1346 3314 convincitur
1377 3259 1620 3314 falsitatis
1639 3300 1654 3324 ,
1683 3259 1771 3328 qui

174 3354 318 3408 dixit
355 3353 529 3406 multo
565 3354 732 3420 magis
779 3353 1037 3421 profuisse
1065 3353 1307 3422 gratiam,
1338 3367 1494 3422 quam
1526 3351 1773 3407 nocuisse

176 3450 512 3512 peccatum:
561 3443 851 3512 Apostolus
887 3452 1063 3498 autem
1110 3444 1260 3515 argui
1304 3458 1410 3497 non
1459 3449 1669 3513 potest;
1719 3450 1773 3496 tu

176 3536 353 3604 igitur
377 3531 498 3601 jure
524 3532 838 3600 reprobaris.

242 3629 406 3682 Auc.
448 3625 556 3693 Ego
579 3625 708 3689 dixi,
739 3641 842 3680 una
871 3626 1262 3681 resurrectione
1289 3625 1563 3680 beatorum
1591 3625 1774 3680 ambas

176 3727 402 3773 mortes
429 3717 574 3783 tolli;
597 3729 653 3774 et
682 3719 858 3783 istam,
886 3733 951 3774 ne
976 3719 1045 3772 sit
1068 3719 1242 3772 anima
1267 3720 1381 3772 sine
1405 3733 1628 3790 corpore
1653 3735 1770 3784 suo;

177 3821 232 3866 et
262 3812 452 3869 illam.
481 3824 548 3864 ne
582 3822 917 3879 aggravetur,
965 3811 1048 3864 vel
1088 3810 1353 3878 alﬂigatur
1391 3811 1566 3864 anima
1613 3813 1772 3865 etiam

177 3918 425 3973 corpore
453 3917 568 3959 suo.
608 3902 698 3958 Sic
723 3913 902 3959 autem
931 3905 1029 3957 ista
1061 3903 1304 3958 fidelibus
1341 3903 1407 3956 ad
1454 3913 1661 3972 tempus
1693 3919 1777 3958 rc-

177 3995 481 4066 linquitur,
525 4003 583 4048 ut
633 3994 820 4050 haheat
871 4010 964 4064 per
1006 3995 1147 4048 illam
1197 3993 1328 4048 ltdes
1374 3994 1771 4063 adiumentum;

174 4085 642 4158 quemadmodum
683 4098 866 4156 postea
905 4086 1009 4140 reis
1047 4086 1277 4151 tollitur,
1308 4094 1364 4140 ut
1399 4085 1540 4155 quod
1583 4085 1650 4140 de
1678 4100 1777 4139 suo

175 4195 426 4252 corpore
451 4195 553 4233 non
581 4180 852 4245 recedunt,
896 4179 1125 4234 miseria:
1153 4180 1222 4233 sit
1251 4179 1657 4234 incrementum.
1701 4183 1776 4234 Ac

181 4289 281 4342 per
322 4272 433 4326 hoc
470 4271 548 4326 eis
575 4272 666 4342 qui
698 4279 1080 4341 regenerantur
1118 4271 1169 4324 in
1209 4269 1460 4334 Christo,
1492 4277 1546 4323 et
1573 4269 1640 4324 de
1672 4269 1774 4322 isto

177 4363 397 4420 saculo
430 4363 661 4433 maligno
704 4362 858 4418 electi
902 4371 1134 4426 exeunt,
1179 4359 1516 4414 manifestum
1546 4370 1628 4414 est
1656 4360 1776 4430 plus

179 4457 457 4526 prodesse
479 4456 718 4524 gratiam,
743 4469 902 4524 quam
927 4454 1174 4508 nocuisse
1196 4461 1493 4524 peccatum,
1516 4453 1655 4522 quod
1685 4469 1778 4521 per

180 4563 361 4601 unum
410 4545 679 4602 hominem
707 4547 759 4600 in
790 4548 1043 4600 mundum
1076 4547 1310 4611 intravit,
1354 4555 1408 4599 et
1443 4561 1564 4599 cum
1609 4557 1779 4600 morte

181 4656 281 4708 per
306 4654 508 4694 omnes
533 4637 776 4693 homines
806 4639 1131 4708 pertransiit.
1165 4639 1450 4707 Apostolus
1479 4639 1652 4708 itaque
1688 4654 1779 4694 re-

178 4731 386 4803 dargui
415 4746 520 4784 non
552 4740 743 4800 potest,
786 4731 906 4800 quia
934 4745 1117 4784 verum
1143 4730 1310 4784 dixit:
1339 4729 1430 4784 sed
1461 4740 1514 4784 tu
1546 4745 1650 4784 non
1695 4730 1780 4784 in-

182 4825 422 4894 telligis,
463 4834 556 4876 aut
580 4833 764 4877 contra
803 4822 852 4876 id
879 4824 1018 4892 quod
1047 4822 1322 4892 intelligis,
1364 4835 1606 4877 asserere
1640 4821 1778 4891 quod

181 4918 390 4972 falsum
417 4924 520 4981 est,
552 4915 798 4970 ltzeretica
831 4915 1169 4969 contentione
1197 4915 1428 4968 conaris.

253 5009 351 5064 Cl.
396 5007 518 5062 JUL.
559 5008 848 5077 Apostolus
874 5006 1040 5071 dixit,
1070 5005 1236 5072 magis
1281 5005 1503 5074 gratiam
1547 5003 1776 5068 Christi,

180 5120 354 5172 quam
388 5101 517 5155 Adae
543 5099 847 5155 abundasse
872 5099 1081 5168 culpam
1109 5115 1123 5150 :
1165 5113 1270 5151 non
1302 5098 1462 5167 igitur
1488 5108 1671 5151 natura
1716 5097 1782 5153 ab

181 5210 278 5259 eo,
307 5208 424 5248 non
455 5191 750 5260 generatio,
782 5206 886 5244 non
917 5189 1232 5253 fecunditas,
1261 5189 1354 5244 sed
1381 5189 1642 5256 voluntas,
1669 5189 1782 5244 cle-

179 5287 294 5339 ctio
323 5283 477 5348 mali,
501 5297 709 5336 tuorum
737 5283 965 5351 pravitas
986 5283 1007 5313 ³
1032 5289 1332 5335 accusatur.

255 5377 407 5430 Auc.
445 5374 502 5429 Si
530 5375 664 5429 nihil
698 5374 880 5428 nocuit
906 5372 1198 5443 generatio,
1233 5371 1360 5426 nihil
1391 5380 1606 5442 prmstat
1633 5387 1787 5441 rege-

181 5470 437 5524 neralia:
469 5467 516 5521 si
542 5483 648 5522 non
675 5475 760 5522 est
788 5473 972 5519 natura
1014 5465 1219 5528 vitiata,
1258 5478 1363 5517 non
1403 5463 1598 5517 habent
1635 5463 1787 5517 Chri-

180 5571 332 5616 stum
368 5558 574 5630 parvuli
603 5558 927 5612 salvatorem
950 5574 965 5610 :
991 5555 1034 5611 si
1061 5555 1259 5610 malum
1280 5555 1300 5586 ³
1328 5564 1381 5611 et
1406 5555 1602 5610 bonum
1628 5555 1786 5609 nteri-

253 5706 267 5739 ί
309 5702 448 5761 Fditi,
470 5700 610 5754 sicut.
639 5700 811 5750 Melius
840 5709 962 5759 nam,
987 5701 1046 5756 si.
1077 5708 1144 5752 ut.

251 5769 272 5798 ²
406 5775 504 5815 tass.
533 5774 590 5814 Αι
614 5764 759 5821 editi,
783 5764 867 5813 sed
892 5764 1139 5815 rotuntatis
1152 5763 1335 5824 electio,
1351 5777 1539 5813 morum
1558 5763 1784 5824 protritus.

251 5830 273 5862 ³
305 5829 441 5890 aliti,
463 5828 537 5880 sic
572 5837 721 5880 mune
742 5825 939 5875 "talum.
976 5829 1136 5888 Abest,
1161 5839 1314 5886 omne,
1350 5839 1377 5874 a
1400 5827 1750 5888 manuscriptis.

1496 385 1696 444 LIllEll
1726 381 2099 439 SECUNDUS.

3307 387 3447 443 "82

1872 510 1979 552 tum
2000 498 2326 569 singulorum
2346 499 2396 551 ln
2415 511 2596 553 eorum
2613 498 2818 568 propria
2831 507 2911 553 cst
2927 499 3326 568 voluntate,qno
3343 515 3444 555 me-

1870 593 1972 646 rito
1988 590 2231 645 Christus
2247 607 2466 662 regnum
2487 591 2577 648 Dei
2596 592 2826 662 parvulis
2845 594 3084 659 confert,
3113 595 3199 664 qui
3229 611 3282 648 ιιι
3312 609 3446 647 ιιειιν

1871 695 2002 739 Iram
2025 696 2228 756 partem
2248 701 2339 740 sua
2361 687 2632 741 voluntate
2657 687 2737 740 ttsi
2763 687 2920 741 sunt?
2965 687 3240 741 Postremo
3262 728 3277 751 ,
3309 702 3449 757 quo-

1871 780 2010 833 niam
2032 779 2166 833 duos
2191 781 2361 848 posuit
2393 781 2698 849 Apostolus,
2727 797 2886 834 unum
2919 780 2981 834 ad
3014 789 3308 852 peccatum.
3339 797 3445 836 non

1868 867 2157 927 diabolum.
2185 871 2275 924 sed
2301 871 2464 924 Adam
2483 889 2496 934 ;
2516 880 2568 924 et
2597 887 2758 924 unum
2781 870 2845 924 ad
2865 870 3143 940 justitiam,
3169 885 3272 924 non
3290 871 3446 936 Abel,

1870 961 1961 1014 sed
1975 960 2264 1025 Christum;
2283 970 2336 1014 ut
2355 979 2456 1014 non
2473 961 2732 1030 exemplis
2745 961 2966 1016 imitatio
2982 1005 2998 1028 ,
3014 961 3104 1015 sed
3121 961 3448 1030 generationi

1872 1051 2201 1118 regeneratio
2231 1049 2558 1116 referretur;
2609 1052 2653 1105 sl
2703 1067 2805 1106 nou
2855 1053 3048 1121 trajicit
3087 1061 3363 1120 peccatum
3396 1051 3448 1104 iit

1873 1143 2113 1197 homines
2130 1153 2406 1212 generatos
2432 1144 2596 1198 Adam
2619 1186 2634 1210 ,
2655 1161 2758 1198 non
2777 1145 2936 1198 donat
2960 1144 3203 1199 Christus
3221 1143 3453 1213 parvulis

1871 1236 2200 1305 regeneratis
2234 1235 2520 1304 jusntiam;
2565 1238 2682 1305 quia
2717 1251 2814 1292 nec
2841 1237 3078 1306 generati
3107 1277 3122 1301 ,
3156 1251 3254 1291 nec
3296 1253 3450 1307 rege-

1873 1327 2040 1379 nerati
2085 1327 2282 1395 parvuli
2312 1327 2388 1379 usi
2421 1336 2544 1381 sunt
2578 1329 2788 1396 propria
2817 1328 3076 1382 libertate.
3111 1327 3186 1381 lle
3232 1343 3372 1382 lltlltc
3406 1328 3452 1381 si

1878 1418 2055 1477 vultis,
2085 1427 2139 1470 et
2163 1418 2387 1472 clamate
2417 1419 2458 1471 si
2503 1421 2730 1484 audetis,
2771 1419 3032 1488 justitiam
3065 1421 3300 1491 parvulis
3346 1435 3452 1473 non

1872 1507 2095 1574 donari;
2127 1525 2224 1564 nec
2248 1525 2339 1563 ens
2373 1509 2646 1565 habituros
2675 1527 2791 1566 esse
2812 1511 3091 1581 justitiam,
3117 1512 3330 1581 quando
3356 1509 3452 1565 ba-

1873 1600 2117 1654 bitabunt
2147 1602 2198 1655 in
2230 1601 2321 1655 illo
2349 1617 2532 1672 regno,
2563 1602 2654 1657 ubi
2681 1612 2857 1667 erunt,
2884 1605 3020 1658 sicut
3049 1605 3301 1675 scriptum
3337 1614 3453 1671 est,

1872 1690 1993 1745 mali
2024 1691 2164 1755 novi,
2193 1703 2245 1745 et
2275 1703 2413 1746 terra
2448 1709 2602 1756 nova,
2640 1696 2688 1747 in
2723 1694 2916 1763 quibus
2950 1694 3152 1764 justitia
3195 1695 3455 1751 inhabitat

1873 1779 1956 1853 (Il
1990 1781 2129 1836 Petr.
2158 1799 2213 1837 ιιι
2233 1824 2247 1846 ,
2274 1783 2382 1852 15)
2417 1801 2430 1837 :
2458 1794 2548 1838 aut
2573 1800 2640 1839 ex
2669 1796 2865 1851 vestro,
2895 1801 2997 1856 quo
3028 1787 3268 1857 inebriati
3297 1789 3451 1855 estis,

1873 1874 2238 1928 tneraeissituo
2259 1874 2526 1945 dogmate,
2552 1875 2790 1941 delirate,
2823 1878 2873 1930 in
2899 1878 2987 1932 illo
3009 1894 3171 1945 regno
3195 1879 3454 1946 justitiam

1876 1964 2122 2033 parvulos
2154 1965 2426 2020 habituros
2468 1967 2721 2037 quidem,
2769 1967 2864 2023 sed
2908 1971 3136 2039 propri:e
3169 1969 3458 2024 voluntatis

1873 2057 2097 2119 meritis,
2131 2071 2235 2110 non
2263 2058 2453 2111 ("\ltttn
2482 2059 2664 2127 gratia:
2693 2059 2952 2132 largitate.
2996 2061 3146 2130 Quod
3191 2062 3232 2115 si
3276 2061 3456 2116 dicere

1874 2163 1979 2202 nou
2009 2151 2212 2204 audetis
2241 2148 2348 2221 (hit:
2376 2151 2514 2204 enim
2557 2153 2741 2205 nit-rita
2779 2155 3115 2222 Comparari,
3163 2153 3232 2207 ibi
3275 2163 3453 2207 autern

1874 2240 2090 2308 pra-mia
2122 2241 2267 2294 reddi
2301 2240 2597 2310 fatemini),
2625 2258 2720 2295 cur
2747 2242 2895 2296 fateri
2921 2243 3172 2296 dubitatis
3198 2244 3308 2296 sive
3339 2258 3449 2297 non

1873 2332 2050 2398 vultis,
2097 2331 2172 2386 sic
2210 2348 2304 2386 eos
2341 2348 2405 2386 ex
2449 2332 2614 2386 Adam
2667 2335 2900 2404 potuisse
2943 2333 3137 2389 habere
3179 2345 3453 2405 peccatnut

1873 2422 1988 2477 sine
2021 2425 2222 2477 meritis
2250 2425 2473 2493 propria:
2501 2425 2786 2479 voluntatis
2813 2426 2985 2490 malae,
3008 2427 3452 2496 quemadmodum

1873 2530 1902 2568 ιι
1931 2514 2142 2569 Christo
2183 2517 2446 2586 recepturi
2489 2526 2613 2571 sunt
2646 2518 2902 2586 justitiam
2947 2518 3062 2573 sine
3099 2519 3209 2572 suis
3252 2517 3456 2572 meritis

1877 2609 2296 2679 [met-edentibus
2325 2611 2608 2663 voluntatis
2635 2611 2821 2664 bonze?

1947 2701 2054 2754 Cll.
2094 2700 2211 2757 Jun.
2254 2704 2330 2756 Ac
2360 2716 2454 2771 per
2481 2701 2600 2766 hoc,
2631 2703 2675 2757 si
2705 2718 2858 2770 quem
2893 2701 2942 2756 in
2980 2702 3140 2757 rebus
3165 2700 3338 2758 adhuc
3361 2702 3459 2757 Ιιιι-

1879 2793 2050 2845 manis
2077 2792 2252 2846 locum
2280 2795 2475 2846 veritas
2503 2793 2680 2856 habet,
2709 2804 2762 2846 et
2792 2810 2893 2846 non
2921 2796 3142 2864 strepitu
3173 2795 3188 2826 ¹
3218 2795 3459 2866 iniquita-

1877 2886 1942 2939 tis
1975 2894 2114 2938 totus
2141 2885 2357 2938 omnino
2387 2886 2614 2940 tuttndus
2643 2887 2938 2951 obsurduit,
2971 2889 3194 2952 ratione,
3223 2889 3462 2958 disputa-

1877 2979 2035 3039 tione,
2058 2987 2110 3032 et
2133 2977 2368 3047 Apostoli
2401 2978 2522 3044 fide,
2548 2989 2705 3049 atque
2733 2979 2840 3048 ipsa
2869 2981 2982 3047 ejus
3013 2982 3268 3036 sententia
3299 2991 3456 3047 teste,

1878 3071 2184 3139 perductum
2213 3088 2330 3128 esse
2357 3071 2622 3136 fatebitur,
2648 3073 2784 3126 inter
2807 3074 3168 3128 Traducianos
3191 3083 3243 3129 et
3262 3074 3461 3129 Catho-

1878 3165 2009 3220 licos
2053 3175 2252 3220 tantum
2284 3181 2402 3221 esse
2433 3165 2738 3230 discrimen,
2771 3181 3022 3236 quantum
3072 3169 3209 3224 inter.
3237 3168 3457 3220 I‘anlum

1877 3268 1928 3312 et
1958 3257 2294 3312 hlanichmum
2321 3300 2332 3320 ,
2361 3269 2614 3328 quantum
2661 3261 2796 3313 inter
2842 3261 3152 3330 sapientiam
3193 3270 3246 3315 et
3284 3260 3460 3314 stulti-

1879 3345 2022 3409 tiam,
2053 3358 2304 3416 quanlum
2337 3349 2475 3402 inter
2507 3351 2764 3404 rationem
2795 3361 2849 3404 et
2876 3351 3130 3404 insaniam
3150 3391 3167 3416 ,
3198 3361 3456 3422 quantunt

1877 3440 2016 3494 inter
2040 3442 2391 3496 constantiam
2435 3441 2756 3507 dictornm',
2804 3450 2858 3496 et
2898 3459 3014 3498 eam
3064 3442 3459 3500 ﬂuctuationem

1876 3547 2032 3602 quam
2074 3548 2209 3586 nova
2252 3531 2488 3586 fmditate
2537 3535 2849 3602 perpeteris,
2901 3544 2957 3588 nt
3000 3535 3051 3590 in
3095 3535 3280 3590 iisdem
3326 3551 3461 3606 pene

1878 3624 2121 3679 versibus
2166 3623 2307 3695 quod
2351 3624 2550 3680 dixeris
2592 3641 2773 3697 neges,
2820 3627 2960 3697 quod
3002 3629 3279 3699 negaveris
3315 3644 3466 3686 asse-

1878 3732 2049 3770 vcres.

1950 3809 2084 3864 Aea.
2125 3805 2241 3862 Jun
2268 3824 2583 3877 responsum
2612 3818 2728 3863 est:
2766 3824 2895 3880 rogo
2923 3819 2996 3873 te,
3044 3811 3087 3864 si
3132 3811 3329 3881 aliquid
3373 3811 3462 3867 di-

1878 3913 2000 3953 cere
2024 3913 2125 3951 non
2156 3908 2324 3967 potes,
2361 3908 2475 3954 tace
2501 3900 2545 3954 si
2574 3909 2751 3970 potes;
2779 3901 2872 3956 sed
2899 3902 3039 3972 quod
3069 3903 3216 3973 pejus
3241 3912 3343 3969 est,
3365 3919 3461 3961 nec

1880 3991 1982 4046 hoc
2017 4002 2181 4062 potes.

1948 4082 2078 4139 CIII.
2119 4085 2240 4140 JUL.
2275 4103 2295 4136 ι
2331 4082 2398 4138 Ει
2421 4103 2542 4151 ιιοιι,
2574 4086 2762 4157 inquit,
2798 4089 2924 4141 sicut
2961 4105 3048 4159 per
3075 4107 3230 4144 unum
3262 4107 3465 4160 peccat»

1881 4186 2006 4241 tem,
2038 4177 2105 4230 ita
2133 4187 2204 4231 est
2231 4186 2275 4231 et
2301 4178 2508 4231 donum.
2556 4177 2692 4232 Nunt
2722 4180 2976 4250 judicium
3014 4199 3076 4236 ex
3103 4199 3203 4238 uno
3241 4183 3294 4237 in
3336 4199 3464 4239 con-

1881 4270 2248 4324 demnationem
2270 4286 2288 4334 ;
2315 4272 2481 4342 gratia
2508 4283 2674 4326 autem
2705 4291 2767 4328 ea:
2791 4276 2962 4329 multis
2990 4275 3185 4331 delictis
3208 4279 3261 4331 in
3278 4279 3466 4348 justiﬁ-

1881 4363 2128 4415 cationem
2164 4381 2182 4414 ι
2219 4360 2394 4429 (Rom.
2426 4379 2482 4429 v,
2518 4363 2639 4436 16).
2669 4364 2872 4431 Quibus
2898 4367 3139 4435 Apostoli
3165 4368 3341 4422 verbis
3366 4369 3466 4424 ad-

1883 4470 2070 4509 moves
2109 4455 2494 4524 expositionem
2539 4467 2681 4512 tttaut
2725 4468 2796 4512 :ta
2842 4473 2900 4512 se
2941 4459 3263 4514 habentem:
3310 4479 3328 4513 t
3380 4459 3464 4516 Ea:

1883 4561 1985 4598 uno
2013 4561 2158 4616 ergo,
2189 4545 2335 4616 quid,
2365 4566 2383 4598 ι
2410 4547 2603 4617 inquis,
2629 4567 2646 4599 t
2674 4549 2771 4602 nisi
2795 4549 3025 4603 delicto?
3049 4550 3180 4618 Quia
3199 4552 3464 4622 sequitur,

1885 4637 2063 4692 Gratia
2091 4649 2256 4692 autem
2292 4656 2353 4692 ea:
2380 4640 2549 4694 multis
2575 4641 2785 4694 delictis.
2823 4641 3007 4696 Dicant
3047 4641 3156 4705 isti,
3195 4644 3469 4714 quomodo

1885 4744 1949 4782 ex
1973 4744 2076 4782 uno
2094 4729 2286 4784 delicto
2309 4729 2360 4783 in
2380 4731 2901 4796 condemnationem,
2925 4733 3023 4786 nisi
3042 4735 3163 4802 quia
3185 4736 3380 4790 sullicit
3399 4737 3464 4792 ad

1885 4819 2382 4874 condetnnatiom-m
2429 4822 2587 4876 etiam
2632 4838 2793 4876 unum
2845 4823 3102 4896 originale
3151 4838 3462 4897 peccatum,

1885 4911 2026 4981 quod
2055 4910 2105 4964 in
2134 4927 2321 4966 omnes
2347 4912 2588 4967 homines
2617 4915 2941 4982 pertransiit.
2981 4916 3160 4973 Gratia
3195 4934 3322 4975 vero
3350 4920 3466 4974 ideo

1887 5019 1954 5058 ex
1983 5002 2164 5058 multis
2189 5002 2396 5058 delictis
2426 5004 2475 5057 in
2499 5003 2959 5073 jnstilicationcm,
2991 5009 3110 5077 quia
3163 5025 3267 5064 non
3297 5012 3464 5066 solum

1888 5112 2049 5150 unum
2098 5095 2225 5149 illud
2269 5095 2460 5160 solvit,
2505 5095 2644 5166 quod
2693 5097 3023 5168 originaliter
3066 5100 3327 5165 trahitur;
3376 5101 3467 5160 sed

1887 5189 2046 5243 ctiam
2077 5197 2293 5253 czelera,
2325 5204 2444 5258 quze
2473 5187 2526 5242 in
2558 5205 2878 5261 unoquoque
2917 5191 3134 5249 homine
3161 5205 3304 5249 motu
3351 5209 3476 5265 pro-

1891 5281 2018 5350 priae
2046 5281 2333 5335 voluntatis
2358 5280 2644 5336 adduntur.
2680 5284 2741 5338 Si
2769 5286 2900 5338 enim
2943 5286 3003 5339 ob
3043 5289 3194 5342 unius
3237 5289 3474 5341 delictum

1890 5390 2025 5426 mora
2052 5373 2275 5443 regnavit
2304 5389 2393 5443 per
2420 5391 2598 5439 tntum,
2629 5377 2787 5429 multo
2812 5377 2973 5448 magis
3001 5379 3087 5446 qui
3111 5378 3472 5433 abundantiam

1889 5465 2068 5536 gratia:
2090 5477 2136 5518 et
2158 5465 2375 5535 futtilia:
2398 5467 2670 5537 accipiunt,
2696 5469 2747 5522 in
2771 5470 2870 5522 vita
2898 5469 3179 5537 regunbuut
3203 5486 3292 5538 per
3313 5486 3467 5524 unum

1888 5556 2062 5612 Jesum
2081 5555 2356 5612 Christum.
2377 5556 2554 5628 Itaque
2567 5559 2694 5612 sicut
2711 5577 2799 5628 per
2813 5561 2961 5614 unius
2975 5560 3214 5613 delictum
3234 5561 3284 5613 iu
3301 5578 3474 5616 omnes

1891 5649 2117 5704 Ιιοιιιὶιιεε
2145 5652 2214 5703 ad
2237 5649 2733 5718 cumlunmationcm,
2755 5653 2826 5706 ita
2864 5661 2908 5705 et
2934 5667 3023 5722 per
3046 5667 3197 5706 nutus
3215 5653 3473 5724 justitiam

1957 5763 1970 5793 ¹
1998 5761 2070 5809 Sir.
2088 5769 2191 5809 Mss.
2222 5768 2272 5811 At
2296 5761 2430 5817 mliti,
2455 5761 2514 5811 ob
2535 5761 2802 5821 atreﬁtrmt.

1955 5825 1975 5856 ³
1994 5831 2098 5873 Mss.
2124 5823 2244 5873 (Jar.
2274 5830 2322 5874 et
2349 5831 2476 5882 Man,
2498 5823 2635 5876 docto
2651 5839 2762 5872 'um.
