  <div class='ocr_page' id='page_1' title='image "/cluster/home/n/w/nwhite01/storage/ocr_20150623/45/hvd.32044015471501/106.png"; bbox 0 0 3950 6542; ppageno 0'>
   <div class='ocr_carea' id='block_1_1' title="bbox 213 375 334 431">
    <p class='ocr_par' dir='ltr' id='par_1_1' title="bbox 213 375 334 431">
     <span class='ocr_line' id='line_1_1' title="bbox 213 375 334 431; baseline -0.017 0"><span class='ocrx_word' id='word_1_1' title='bbox 213 375 334 431; x_wconf 76' lang='lat' dir='ltr'><strong>H85</strong></span> 
     </span>
    </p>
   </div>
   <div class='ocr_carea' id='block_1_2' title="bbox 209 457 1759 570">
    <p class='ocr_par' dir='ltr' id='par_1_2' title="bbox 209 457 1759 570">
     <span class='ocr_line' id='line_1_2' title="bbox 209 457 1759 570; baseline 0.01 -32"><span class='ocrx_word' id='word_1_2' title='bbox 209 457 257 538; x_wconf 86' lang='lat' dir='ltr'><strong>in</strong></span> <span class='ocrx_word' id='word_1_3' title='bbox 283 495 443 538; x_wconf 77' lang='lat' dir='ltr'><strong>vestra</strong></span> <span class='ocrx_word' id='word_1_4' title='bbox 471 486 684 558; x_wconf 87' lang='lat' dir='ltr'><strong>regione</strong></span> <span class='ocrx_word' id='word_1_5' title='bbox 713 504 980 544; x_wconf 87' lang='lat' dir='ltr'><strong>versemur</strong></span> <span class='ocrx_word' id='word_1_6' title='bbox 1004 508 1015 542; x_wconf 93' lang='lat'><strong>:</strong></span> <span class='ocrx_word' id='word_1_7' title='bbox 1044 491 1087 544; x_wconf 88' lang='lat' dir='ltr'><strong>si</strong></span> <span class='ocrx_word' id='word_1_8' title='bbox 1121 491 1329 546; x_wconf 82' lang='lat' dir='ltr'><strong>libertas</strong></span> <span class='ocrx_word' id='word_1_9' title='bbox 1360 497 1560 552; x_wconf 76' lang='lat' dir='ltr'><strong>arbitrii</strong></span> <span class='ocrx_word' id='word_1_10' title='bbox 1589 502 1759 570; x_wconf 86' lang='lat' dir='ltr'><strong>prium</strong></span> 
     </span>
    </p>
   </div>
   <div class='ocr_carea' id='block_1_3' title="bbox 205 583 1753 663">
    <p class='ocr_par' dir='ltr' id='par_1_3' title="bbox 205 583 1753 663">
     <span class='ocr_line' id='line_1_3' title="bbox 205 583 1753 663; baseline 0.014 -37"><span class='ocrx_word' id='word_1_11' title='bbox 205 585 278 627; x_wconf 81' lang='lat' dir='ltr'><strong>est</strong></span> <span class='ocrx_word' id='word_1_12' title='bbox 303 590 476 629; x_wconf 81' lang='lat' dir='ltr'><strong>eversa</strong></span> <span class='ocrx_word' id='word_1_13' title='bbox 507 589 740 645; x_wconf 76' lang='lat' dir='ltr'><strong>peceato,</strong></span> <span class='ocrx_word' id='word_1_14' title='bbox 766 593 816 634; x_wconf 88' lang='lat' dir='ltr'><strong>et</strong></span> <span class='ocrx_word' id='word_1_15' title='bbox 839 583 887 634; x_wconf 92' lang='lat' dir='ltr'><strong>in</strong></span> <span class='ocrx_word' id='word_1_16' title='bbox 910 585 1048 636; x_wconf 88' lang='lat' dir='ltr'><strong>oumi</strong></span> <span class='ocrx_word' id='word_1_17' title='bbox 1078 586 1330 656; x_wconf 82' lang='lat' dir='ltr'><strong>deinceps</strong></span> <span class='ocrx_word' id='word_1_18' title='bbox 1360 589 1630 647; x_wconf 89' lang='lat' dir='ltr'><strong>homimnu</strong></span> <span class='ocrx_word' id='word_1_19' title='bbox 1659 611 1753 663; x_wconf 88' lang='lat' dir='ltr'><strong>ge-</strong></span> 
     </span>
    </p>
   </div>
   <div class='ocr_carea' id='block_1_4' title="bbox 209 670 1757 752">
    <p class='ocr_par' dir='ltr' id='par_1_4' title="bbox 209 670 1757 752">
     <span class='ocr_line' id='line_1_4' title="bbox 209 670 1757 752; baseline 0.014 -34"><span class='ocrx_word' id='word_1_20' title='bbox 209 682 321 720; x_wconf 89' lang='lat' dir='ltr'><strong>nere</strong></span> <span class='ocrx_word' id='word_1_21' title='bbox 346 682 525 720; x_wconf 88' lang='lat' dir='ltr'><strong>manca</strong></span> <span class='ocrx_word' id='word_1_22' title='bbox 548 670 682 722; x_wconf 89' lang='lat' dir='ltr'><strong>adeo</strong></span> <span class='ocrx_word' id='word_1_23' title='bbox 706 675 972 740; x_wconf 87' lang='lat' dir='ltr'><strong>remansit,</strong></span> <span class='ocrx_word' id='word_1_24' title='bbox 1003 686 1055 729; x_wconf 94' lang='lat' dir='ltr'><strong>nt</strong></span> <span class='ocrx_word' id='word_1_25' title='bbox 1083 693 1186 731; x_wconf 91' lang='lat' dir='ltr'><strong>non</strong></span> <span class='ocrx_word' id='word_1_26' title='bbox 1210 681 1278 733; x_wconf 85' lang='lat' dir='ltr'><strong>sit</strong></span> <span class='ocrx_word' id='word_1_27' title='bbox 1303 681 1350 734; x_wconf 90' lang='lat' dir='ltr'><strong>ei</strong></span> <span class='ocrx_word' id='word_1_28' title='bbox 1381 683 1628 752; x_wconf 77' lang='lat' dir='ltr'><strong>p05sibilc</strong></span> <span class='ocrx_word' id='word_1_29' title='bbox 1654 687 1757 741; x_wconf 93' lang='lat' dir='ltr'><strong>nisi</strong></span> 
     </span>
    </p>
   </div>
   <div class='ocr_carea' id='block_1_5' title="bbox 209 758 1754 832">
    <p class='ocr_par' dir='ltr' id='par_1_5' title="bbox 209 758 1754 832">
     <span class='ocr_line' id='line_1_5' title="bbox 209 758 1754 832; baseline 0.014 -22"><span class='ocrx_word' id='word_1_30' title='bbox 209 758 549 814; x_wconf 85' lang='lat' dir='ltr'><strong>tantuunnodo</strong></span> <span class='ocrx_word' id='word_1_31' title='bbox 578 762 770 816; x_wconf 90' lang='lat' dir='ltr'><strong>malum</strong></span> <span class='ocrx_word' id='word_1_32' title='bbox 814 763 1022 831; x_wconf 85' lang='lat' dir='ltr'><strong>facere,</strong></span> <span class='ocrx_word' id='word_1_33' title='bbox 1073 785 1175 822; x_wconf 88' lang='lat' dir='ltr'><strong>non</strong></span> <span class='ocrx_word' id='word_1_34' title='bbox 1215 782 1390 825; x_wconf 90' lang='lat' dir='ltr'><strong>autem</strong></span> <span class='ocrx_word' id='word_1_35' title='bbox 1444 775 1672 830; x_wconf 73' lang='lat' dir='ltr'><strong>habeat‘</strong></span> <span class='ocrx_word' id='word_1_36' title='bbox 1705 779 1754 832; x_wconf 91' lang='lat' dir='ltr'><strong>in</strong></span> 
     </span>
    </p>
   </div>
   <div class='ocr_carea' id='block_1_6' title="bbox 206 848 1754 932">
    <p class='ocr_par' dir='ltr' id='par_1_6' title="bbox 206 848 1754 932">
     <span class='ocr_line' id='line_1_6' title="bbox 206 848 1754 932; baseline 0.016 -31"><span class='ocrx_word' id='word_1_37' title='bbox 206 848 426 902; x_wconf 84' lang='lat' dir='ltr'><strong>facultate</strong></span> <span class='ocrx_word' id='word_1_38' title='bbox 452 851 768 907; x_wconf 89' lang='lat' dir='ltr'><strong>electionem</strong></span> <span class='ocrx_word' id='word_1_39' title='bbox 800 858 962 925; x_wconf 83' lang='lat' dir='ltr'><strong>partis</strong></span> <span class='ocrx_word' id='word_1_40' title='bbox 988 860 1203 914; x_wconf 90' lang='lat' dir='ltr'><strong>alterius</strong></span> <span class='ocrx_word' id='word_1_41' title='bbox 1223 904 1238 928; x_wconf 89' lang='lat'><strong>,</strong></span> <span class='ocrx_word' id='word_1_42' title='bbox 1282 863 1332 917; x_wconf 87' lang='lat' dir='ltr'><strong>id</strong></span> <span class='ocrx_word' id='word_1_43' title='bbox 1359 875 1469 932; x_wconf 87' lang='lat' dir='ltr'><strong>est,</strong></span> <span class='ocrx_word' id='word_1_44' title='bbox 1504 871 1754 926; x_wconf 81' lang='lat' dir='ltr'><strong>recedere</strong></span> 
     </span>
    </p>
   </div>
   <div class='ocr_carea' id='block_1_7' title="bbox 203 939 1754 1025">
    <p class='ocr_par' dir='ltr' id='par_1_7' title="bbox 203 939 1754 1025">
     <span class='ocr_line' id='line_1_7' title="bbox 203 939 1754 1025; baseline 0.018 -33"><span class='ocrx_word' id='word_1_45' title='bbox 203 957 231 992; x_wconf 76' lang='grc' dir='ltr'><strong>ιι</strong></span> <span class='ocrx_word' id='word_1_46' title='bbox 258 939 377 994; x_wconf 86' lang='lat' dir='ltr'><strong>malo</strong></span> <span class='ocrx_word' id='word_1_47' title='bbox 403 949 456 994; x_wconf 89' lang='lat' dir='ltr'><strong>et</strong></span> <span class='ocrx_word' id='word_1_48' title='bbox 484 940 659 1000; x_wconf 81' lang='lat' dir='ltr'><strong>facere</strong></span> <span class='ocrx_word' id='word_1_49' title='bbox 706 945 927 1015; x_wconf 89' lang='lat' dir='ltr'><strong>bonum;</strong></span> <span class='ocrx_word' id='word_1_50' title='bbox 969 951 1060 1005; x_wconf 92' lang='lat' dir='ltr'><strong>sed</strong></span> <span class='ocrx_word' id='word_1_51' title='bbox 1105 953 1396 1025; x_wconf 70' lang='lat' dir='ltr'><strong>iniquitatis</strong></span> <span class='ocrx_word' id='word_1_52' title='bbox 1441 964 1754 1019; x_wconf 84' lang='lat' dir='ltr'><strong>necessitate</strong></span> 
     </span>
    </p>
   </div>
   <div class='ocr_carea' id='block_1_8' title="bbox 203 1031 1748 1122">
    <p class='ocr_par' dir='ltr' id='par_1_8' title="bbox 203 1031 1748 1122">
     <span class='ocr_line' id='line_1_8' title="bbox 203 1031 1748 1122; baseline 0.017 -38"><span class='ocrx_word' id='word_1_53' title='bbox 203 1031 420 1099; x_wconf 81' lang='lat' dir='ltr'><strong>depressa</strong></span> <span class='ocrx_word' id='word_1_54' title='bbox 450 1038 765 1102; x_wconf 80' lang='lat' dir='ltr'><strong>appetentie</strong></span> <span class='ocrx_word' id='word_1_55' title='bbox 793 1041 1070 1098; x_wconf 89' lang='lat' dir='ltr'><strong>criminum</strong></span> <span class='ocrx_word' id='word_1_56' title='bbox 1094 1061 1281 1115; x_wconf 91' lang='lat' dir='ltr'><strong>parcre</strong></span> <span class='ocrx_word' id='word_1_57' title='bbox 1307 1055 1648 1122; x_wconf 89' lang='lat' dir='ltr'><strong>compellitur</strong></span> <span class='ocrx_word' id='word_1_58' title='bbox 1670 1075 1683 1111; x_wconf 84' lang='lat'>;</span> <span class='ocrx_word' id='word_1_59' title='bbox 1707 1059 1748 1112; x_wconf 88' lang='lat' dir='ltr'><strong>si</strong></span> 
     </span>
    </p>
   </div>
   <div class='ocr_carea' id='block_1_9' title="bbox 203 1123 1744 1219">
    <p class='ocr_par' dir='ltr' id='par_1_9' title="bbox 203 1123 1744 1219">
     <span class='ocr_line' id='line_1_9' title="bbox 203 1123 1744 1219; baseline 0.019 -42"><span class='ocrx_word' id='word_1_60' title='bbox 203 1134 417 1192; x_wconf 84' lang='lat' dir='ltr'><strong>perrupta</strong></span> <span class='ocrx_word' id='word_1_61' title='bbox 449 1129 590 1180; x_wconf 89' lang='lat' dir='ltr'><strong>omni</strong></span> <span class='ocrx_word' id='word_1_62' title='bbox 620 1129 732 1199; x_wconf 90' lang='lat' dir='ltr'><strong>lege</strong></span> <span class='ocrx_word' id='word_1_63' title='bbox 751 1123 990 1200; x_wconf 60' lang='lat' dir='ltr'><strong>justitizn,</strong></span> <span class='ocrx_word' id='word_1_64' title='bbox 1023 1136 1153 1192; x_wconf 87' lang='lat' dir='ltr'><strong>facta</strong></span> <span class='ocrx_word' id='word_1_65' title='bbox 1182 1151 1306 1195; x_wconf 86' lang='lat' dir='ltr'><strong>sunt</strong></span> <span class='ocrx_word' id='word_1_66' title='bbox 1337 1149 1592 1202; x_wconf 74' lang='lat' dir='ltr'><strong>naturalia</strong></span> <span class='ocrx_word' id='word_1_67' title='bbox 1625 1168 1744 1219; x_wconf 78' lang='lat' dir='ltr'><strong>qiue</strong></span> 
     </span>
    </p>
   </div>
   <div class='ocr_carea' id='block_1_10' title="bbox 203 1217 1744 1306">
    <p class='ocr_par' dir='ltr' id='par_1_10' title="bbox 203 1217 1744 1306">
     <span class='ocr_line' id='line_1_10' title="bbox 203 1217 1744 1306; baseline 0.018 -37"><span class='ocrx_word' id='word_1_68' title='bbox 203 1217 378 1269; x_wconf 74' lang='lat' dir='ltr'><strong>fnemnt</strong></span> <span class='ocrx_word' id='word_1_69' title='bbox 406 1217 727 1284; x_wconf 85' lang='lat' dir='ltr'><strong>voluntaria;</strong></span> <span class='ocrx_word' id='word_1_70' title='bbox 760 1223 802 1276; x_wconf 92' lang='lat' dir='ltr'><strong>si</strong></span> <span class='ocrx_word' id='word_1_71' title='bbox 831 1225 910 1278; x_wconf 81' lang='lat' dir='ltr'><strong>lex</strong></span> <span class='ocrx_word' id='word_1_72' title='bbox 939 1229 1140 1297; x_wconf 85' lang='lat' dir='ltr'><strong>peccati</strong></span> <span class='ocrx_word' id='word_1_73' title='bbox 1169 1231 1366 1288; x_wconf 89' lang='lat' dir='ltr'><strong>habitat</strong></span> <span class='ocrx_word' id='word_1_74' title='bbox 1396 1237 1445 1290; x_wconf 92' lang='lat' dir='ltr'><strong>iu</strong></span> <span class='ocrx_word' id='word_1_75' title='bbox 1473 1241 1744 1306; x_wconf 81' lang='lat' dir='ltr'><strong>membris,</strong></span> 
     </span>
    </p>
   </div>
   <div class='ocr_carea' id='block_1_11' title="bbox 197 1307 1742 1398">
    <p class='ocr_par' dir='ltr' id='par_1_11' title="bbox 197 1307 1742 1398">
     <span class='ocr_line' id='line_1_11' title="bbox 197 1307 1742 1398; baseline 0.02 -41"><span class='ocrx_word' id='word_1_76' title='bbox 197 1319 298 1372; x_wconf 74' lang='lat' dir='ltr'><strong>que</strong></span> <span class='ocrx_word' id='word_1_77' title='bbox 321 1307 642 1375; x_wconf 78' lang='lat' dir='ltr'><strong>tyrannidem</strong></span> <span class='ocrx_word' id='word_1_78' title='bbox 674 1312 726 1366; x_wconf 92' lang='lat' dir='ltr'><strong>in</strong></span> <span class='ocrx_word' id='word_1_79' title='bbox 754 1314 1032 1383; x_wconf 86' lang='lat' dir='ltr'><strong>imaginem</strong></span> <span class='ocrx_word' id='word_1_80' title='bbox 1057 1329 1109 1374; x_wconf 91' lang='lat' dir='ltr'><strong>et</strong></span> <span class='ocrx_word' id='word_1_81' title='bbox 1133 1339 1269 1390; x_wconf 91' lang='lat' dir='ltr'><strong>opus</strong></span> <span class='ocrx_word' id='word_1_82' title='bbox 1293 1325 1401 1387; x_wconf 91' lang='lat' dir='ltr'><strong>Dei,</strong></span> <span class='ocrx_word' id='word_1_83' title='bbox 1440 1333 1742 1398; x_wconf 90' lang='lat' dir='ltr'><strong>nuptiarum</strong></span> 
     </span>
    </p>
   </div>
   <div class='ocr_carea' id='block_1_12' title="bbox 199 1397 1740 1481">
    <p class='ocr_par' dir='ltr' id='par_1_12' title="bbox 199 1397 1740 1481">
     <span class='ocr_line' id='line_1_12' title="bbox 199 1397 1740 1481; baseline 0.022 -35"><span class='ocrx_word' id='word_1_84' title='bbox 199 1397 478 1450; x_wconf 81' lang='lat' dir='ltr'><strong>verecundia</strong></span> <span class='ocrx_word' id='word_1_85' title='bbox 502 1408 558 1453; x_wconf 92' lang='lat' dir='ltr'><strong>et</strong></span> <span class='ocrx_word' id='word_1_86' title='bbox 578 1402 907 1468; x_wconf 88' lang='lat' dir='ltr'><strong>jucuuditate</strong></span> <span class='ocrx_word' id='word_1_87' title='bbox 933 1413 1116 1466; x_wconf 89' lang='lat' dir='ltr'><strong>sortita</strong></span> <span class='ocrx_word' id='word_1_88' title='bbox 1139 1425 1256 1480; x_wconf 81' lang='lat' dir='ltr'><strong>est;</strong></span> <span class='ocrx_word' id='word_1_89' title='bbox 1285 1419 1326 1472; x_wconf 80' lang='lat' dir='ltr'><strong>si</strong></span> <span class='ocrx_word' id='word_1_90' title='bbox 1348 1417 1519 1477; x_wconf 80' lang='lat' dir='ltr'><strong>frutex</strong></span> <span class='ocrx_word' id='word_1_91' title='bbox 1545 1424 1740 1481; x_wconf 89' lang='lat' dir='ltr'><strong>diaboli</strong></span> 
     </span>
    </p>
   </div>
   <div class='ocr_carea' id='block_1_13' title="bbox 195 1488 1740 1573">
    <p class='ocr_par' dir='ltr' id='par_1_13' title="bbox 195 1488 1740 1573">
     <span class='ocr_line' id='line_1_13' title="bbox 195 1488 1740 1573; baseline 0.022 -34"><span class='ocrx_word' id='word_1_92' title='bbox 195 1488 241 1540; x_wconf 87' lang='lat' dir='ltr'><strong>iu</strong></span> <span class='ocrx_word' id='word_1_93' title='bbox 277 1488 546 1543; x_wconf 73' lang='lat' dir='ltr'><strong>visceribus</strong></span> <span class='ocrx_word' id='word_1_94' title='bbox 586 1495 830 1565; x_wconf 78' lang='lat' dir='ltr'><strong>pangitur</strong></span> <span class='ocrx_word' id='word_1_95' title='bbox 875 1510 999 1556; x_wconf 88' lang='lat' dir='ltr'><strong>ante</strong></span> <span class='ocrx_word' id='word_1_96' title='bbox 1039 1505 1305 1570; x_wconf 89' lang='lat' dir='ltr'><strong>animam,</strong></span> <span class='ocrx_word' id='word_1_97' title='bbox 1335 1521 1533 1566; x_wconf 89' lang='lat' dir='ltr'><strong>etcum</strong></span> <span class='ocrx_word' id='word_1_98' title='bbox 1567 1517 1740 1573; x_wconf 86' lang='lat' dir='ltr'><strong>incre-</strong></span> 
     </span>
    </p>
   </div>
   <div class='ocr_carea' id='block_1_14' title="bbox 193 1583 1738 1676">
    <p class='ocr_par' dir='ltr' id='par_1_14' title="bbox 193 1583 1738 1676">
     <span class='ocr_line' id='line_1_14' title="bbox 193 1583 1738 1676; baseline 0.021 -42"><span class='ocrx_word' id='word_1_99' title='bbox 193 1583 358 1635; x_wconf 83' lang='lat' dir='ltr'><strong>mentis</strong></span> <span class='ocrx_word' id='word_1_100' title='bbox 385 1588 714 1643; x_wconf 72' lang='lat' dir='ltr'><strong>natm-alibus</strong></span> <span class='ocrx_word' id='word_1_101' title='bbox 740 1592 1023 1663; x_wconf 84' lang='lat' dir='ltr'><strong>adulescit,</strong></span> <span class='ocrx_word' id='word_1_102' title='bbox 1056 1596 1376 1668; x_wconf 73' lang='lat' dir='ltr'><strong>frondescit,</strong></span> <span class='ocrx_word' id='word_1_103' title='bbox 1409 1617 1462 1660; x_wconf 89' lang='lat' dir='ltr'><strong>et</strong></span> <span class='ocrx_word' id='word_1_104' title='bbox 1489 1611 1738 1676; x_wconf 85' lang='lat' dir='ltr'><strong>pestifera</strong></span> 
     </span>
    </p>
   </div>
   <div class='ocr_carea' id='block_1_15' title="bbox 195 1671 1736 1764">
    <p class='ocr_par' dir='ltr' id='par_1_15' title="bbox 195 1671 1736 1764">
     <span class='ocr_line' id='line_1_15' title="bbox 195 1671 1736 1764; baseline 0.023 -41"><span class='ocrx_word' id='word_1_105' title='bbox 195 1671 318 1742; x_wconf 80' lang='lat' dir='ltr'><strong>fruge</strong></span> <span class='ocrx_word' id='word_1_106' title='bbox 343 1671 692 1741; x_wconf 76' lang='lat' dir='ltr'><strong>ingravescit:</strong></span> <span class='ocrx_word' id='word_1_107' title='bbox 724 1681 768 1735; x_wconf 91' lang='lat' dir='ltr'><strong>si</strong></span> <span class='ocrx_word' id='word_1_108' title='bbox 801 1681 948 1751; x_wconf 64' lang='lat' dir='ltr'><strong>haec,</strong></span> <span class='ocrx_word' id='word_1_109' title='bbox 996 1687 1208 1758; x_wconf 88' lang='lat' dir='ltr'><strong>inquam</strong></span> <span class='ocrx_word' id='word_1_110' title='bbox 1230 1734 1244 1757; x_wconf 95' lang='lat'><strong>,</strong></span> <span class='ocrx_word' id='word_1_111' title='bbox 1279 1704 1334 1748; x_wconf 89' lang='lat' dir='ltr'><strong>ut</strong></span> <span class='ocrx_word' id='word_1_112' title='bbox 1375 1696 1548 1754; x_wconf 90' lang='lat' dir='ltr'><strong>dicitis</strong></span> <span class='ocrx_word' id='word_1_113' title='bbox 1569 1743 1583 1764; x_wconf 94' lang='lat'><strong>,</strong></span> <span class='ocrx_word' id='word_1_114' title='bbox 1632 1719 1736 1759; x_wconf 85' lang='lat' dir='ltr'><strong>una</strong></span> 
     </span>
    </p>
   </div>
   <div class='ocr_carea' id='block_1_16' title="bbox 193 1761 1738 1855">
    <p class='ocr_par' dir='ltr' id='par_1_16' title="bbox 193 1761 1738 1855">
     <span class='ocr_line' id='line_1_16' title="bbox 193 1761 1738 1855; baseline 0.024 -41"><span class='ocrx_word' id='word_1_115' title='bbox 193 1762 320 1829; x_wconf 83' lang='lat' dir='ltr'><strong>primi</strong></span> <span class='ocrx_word' id='word_1_116' title='bbox 349 1761 569 1823; x_wconf 83' lang='lat' dir='ltr'><strong>hominis</strong></span> <span class='ocrx_word' id='word_1_117' title='bbox 599 1770 749 1840; x_wconf 91' lang='lat' dir='ltr'><strong>culpa</strong></span> <span class='ocrx_word' id='word_1_118' title='bbox 782 1780 1090 1846; x_wconf 81' lang='lat' dir='ltr'><strong>progenuit;</strong></span> <span class='ocrx_word' id='word_1_119' title='bbox 1113 1790 1523 1855; x_wconf 83' lang='lat' dir='ltr'><strong>consequentius</strong></span> <span class='ocrx_word' id='word_1_120' title='bbox 1545 1792 1738 1851; x_wconf 88' lang='lat' dir='ltr'><strong>dicitur</strong></span> 
     </span>
    </p>
   </div>
   <div class='ocr_carea' id='block_1_17' title="bbox 191 1857 1733 1948">
    <p class='ocr_par' dir='ltr' id='par_1_17' title="bbox 191 1857 1733 1948">
     <span class='ocr_line' id='line_1_17' title="bbox 191 1857 1733 1948; baseline 0.024 -41"><span class='ocrx_word' id='word_1_121' title='bbox 191 1871 245 1908; x_wconf 77' lang='lat' dir='ltr'><strong>ex</strong></span> <span class='ocrx_word' id='word_1_122' title='bbox 273 1871 361 1912; x_wconf 90' lang='lat' dir='ltr'><strong>uno</strong></span> <span class='ocrx_word' id='word_1_123' title='bbox 383 1857 572 1914; x_wconf 90' lang='lat' dir='ltr'><strong>delicto</strong></span> <span class='ocrx_word' id='word_1_124' title='bbox 599 1863 650 1918; x_wconf 89' lang='lat' dir='ltr'><strong>in</strong></span> <span class='ocrx_word' id='word_1_125' title='bbox 681 1866 1178 1929; x_wconf 85' lang='lat' dir='ltr'><strong>condemnationem</strong></span> <span class='ocrx_word' id='word_1_126' title='bbox 1221 1894 1387 1948; x_wconf 85' lang='lat' dir='ltr'><strong>genus</strong></span> <span class='ocrx_word' id='word_1_127' title='bbox 1430 1885 1505 1937; x_wconf 90' lang='lat' dir='ltr'><strong>ire</strong></span> <span class='ocrx_word' id='word_1_128' title='bbox 1532 1898 1733 1943; x_wconf 85' lang='lat' dir='ltr'><strong>morta-</strong></span> 
     </span>
    </p>
   </div>
   <div class='ocr_carea' id='block_1_18' title="bbox 191 1946 1734 2043">
    <p class='ocr_par' dir='ltr' id='par_1_18' title="bbox 191 1946 1734 2043">
     <span class='ocr_line' id='line_1_18' title="bbox 191 1946 1734 2043; baseline 0.026 -47"><span class='ocrx_word' id='word_1_129' title='bbox 191 1946 323 2004; x_wconf 83' lang='lat' dir='ltr'><strong>lium.</strong></span> <span class='ocrx_word' id='word_1_130' title='bbox 354 1963 504 2018; x_wconf 87' lang='lat' dir='ltr'><strong>quam</strong></span> <span class='ocrx_word' id='word_1_131' title='bbox 548 1967 614 2007; x_wconf 74' lang='lat' dir='ltr'><strong>ex</strong></span> <span class='ocrx_word' id='word_1_132' title='bbox 649 1957 827 2012; x_wconf 86' lang='lat' dir='ltr'><strong>multis</strong></span> <span class='ocrx_word' id='word_1_133' title='bbox 868 1960 1073 2018; x_wconf 80' lang='lat' dir='ltr'><strong>delictis</strong></span> <span class='ocrx_word' id='word_1_134' title='bbox 1101 1969 1322 2036; x_wconf 76' lang='lat' dir='ltr'><strong>gratiam</strong></span> <span class='ocrx_word' id='word_1_135' title='bbox 1373 1972 1630 2043; x_wconf 84' lang='lat' dir='ltr'><strong>liberare;</strong></span> <span class='ocrx_word' id='word_1_136' title='bbox 1679 1990 1734 2036; x_wconf 95' lang='grc' dir='ltr'><strong>ιιι</strong></span> 
     </span>
    </p>
   </div>
   <div class='ocr_carea' id='block_1_19' title="bbox 188 2041 1730 2138">
    <p class='ocr_par' dir='ltr' id='par_1_19' title="bbox 188 2041 1730 2138">
     <span class='ocr_line' id='line_1_19' title="bbox 188 2041 1730 2138; baseline 0.024 -48"><span class='ocrx_word' id='word_1_137' title='bbox 188 2041 327 2108; x_wconf 78' lang='lat' dir='ltr'><strong>magis</strong></span> <span class='ocrx_word' id='word_1_138' title='bbox 353 2043 557 2112; x_wconf 88' lang='lat' dir='ltr'><strong>proprie</strong></span> <span class='ocrx_word' id='word_1_139' title='bbox 583 2045 906 2120; x_wconf 69' lang='lat' dir='ltr'><strong>intelligatur</strong></span> <span class='ocrx_word' id='word_1_140' title='bbox 919 2054 1020 2108; x_wconf 89' lang='lat' dir='ltr'><strong>dici</strong></span> <span class='ocrx_word' id='word_1_141' title='bbox 1052 2072 1205 2138; x_wconf 80' lang='lat' dir='ltr'><strong>posse</strong></span> <span class='ocrx_word' id='word_1_142' title='bbox 1225 2060 1335 2116; x_wconf 75' lang='lat' dir='ltr'><strong>lucc</strong></span> <span class='ocrx_word' id='word_1_143' title='bbox 1351 2069 1516 2133; x_wconf 85' lang='lat' dir='ltr'><strong>gratia</strong></span> <span class='ocrx_word' id='word_1_144' title='bbox 1538 2085 1601 2124; x_wconf 83' lang='lat' dir='ltr'><strong>ex</strong></span> <span class='ocrx_word' id='word_1_145' title='bbox 1627 2088 1730 2128; x_wconf 92' lang='lat' dir='ltr'><strong>uno</strong></span> 
     </span>
    </p>
   </div>
   <div class='ocr_carea' id='block_1_20' title="bbox 187 2130 1726 2221">
    <p class='ocr_par' dir='ltr' id='par_1_20' title="bbox 187 2130 1726 2221">
     <span class='ocr_line' id='line_1_20' title="bbox 187 2130 1726 2221; baseline 0.025 -38"><span class='ocrx_word' id='word_1_146' title='bbox 187 2130 349 2184; x_wconf 83' lang='lat' dir='ltr'><strong>delicto</strong></span> <span class='ocrx_word' id='word_1_147' title='bbox 377 2133 631 2204; x_wconf 87' lang='lat' dir='ltr'><strong>liberare,</strong></span> <span class='ocrx_word' id='word_1_148' title='bbox 664 2157 799 2211; x_wconf 85' lang='lat' dir='ltr'><strong>quos</strong></span> <span class='ocrx_word' id='word_1_149' title='bbox 831 2145 1036 2201; x_wconf 82' lang='lat' dir='ltr'><strong>liberat.</strong></span> <span class='ocrx_word' id='word_1_150' title='bbox 1074 2130 1227 2205; x_wconf 71' lang='lat' dir='ltr'><strong>Nulla</strong></span> <span class='ocrx_word' id='word_1_151' title='bbox 1275 2158 1416 2210; x_wconf 89' lang='lat' dir='ltr'><strong>enim</strong></span> <span class='ocrx_word' id='word_1_152' title='bbox 1449 2160 1548 2214; x_wconf 92' lang='lat' dir='ltr'><strong>alia</strong></span> <span class='ocrx_word' id='word_1_153' title='bbox 1581 2176 1726 2221; x_wconf 86' lang='lat' dir='ltr'><strong>motu</strong></span> 
     </span>
    </p>
   </div>
   <div class='ocr_carea' id='block_1_21' title="bbox 125 2223 1725 2314">
    <p class='ocr_par' dir='ltr' id='par_1_21' title="bbox 125 2223 1725 2314">
     <span class='ocr_line' id='line_1_21' title="bbox 125 2223 1725 2314; baseline 0.026 -45"><span class='ocrx_word' id='word_1_154' title='bbox 125 2230 128 2233; x_wconf 87' lang='lat'>&#39;</span> <span class='ocrx_word' id='word_1_155' title='bbox 186 2223 379 2290; x_wconf 63' lang='lat' dir='ltr'><strong>pia-prim</strong></span> <span class='ocrx_word' id='word_1_156' title='bbox 403 2225 687 2283; x_wconf 86' lang='lat' dir='ltr'><strong>voluntatis</strong></span> <span class='ocrx_word' id='word_1_157' title='bbox 711 2233 995 2303; x_wconf 52' lang='lat' dir='ltr'><strong>adduatur,</strong></span> <span class='ocrx_word' id='word_1_158' title='bbox 1022 2240 1065 2292; x_wconf 90' lang='lat' dir='ltr'><strong>si</strong></span> <span class='ocrx_word' id='word_1_159' title='bbox 1092 2256 1250 2297; x_wconf 72' lang='lat' dir='ltr'><strong>orline</strong></span> <span class='ocrx_word' id='word_1_160' title='bbox 1291 2247 1515 2314; x_wconf 86' lang='lat' dir='ltr'><strong>malum,</strong></span> <span class='ocrx_word' id='word_1_161' title='bbox 1562 2250 1725 2311; x_wconf 86' lang='lat' dir='ltr'><strong>fracta</strong></span> 
     </span>
    </p>
   </div>
   <div class='ocr_carea' id='block_1_22' title="bbox 184 2315 1723 2409">
    <p class='ocr_par' dir='ltr' id='par_1_22' title="bbox 184 2315 1723 2409">
     <span class='ocr_line' id='line_1_22' title="bbox 184 2315 1723 2409; baseline 0.025 -45"><span class='ocrx_word' id='word_1_162' title='bbox 184 2315 354 2368; x_wconf 81' lang='lat' dir='ltr'><strong>arbitrii</strong></span> <span class='ocrx_word' id='word_1_163' title='bbox 379 2317 636 2386; x_wconf 81' lang='lat' dir='ltr'><strong>libertate.</strong></span> <span class='ocrx_word' id='word_1_164' title='bbox 657 2326 870 2382; x_wconf 69' lang='lat' dir='ltr'><strong>cxi-lusi</strong></span> <span class='ocrx_word' id='word_1_165' title='bbox 893 2329 1168 2388; x_wconf 74' lang='lat' dir='ltr'><strong>honestate</strong></span> <span class='ocrx_word' id='word_1_166' title='bbox 1189 2336 1458 2409; x_wconf 76' lang='lat' dir='ltr'><strong>desiderii,</strong></span> <span class='ocrx_word' id='word_1_167' title='bbox 1482 2343 1723 2403; x_wconf 78' lang='lat' dir='ltr'><strong>infcctrix</strong></span> 
     </span>
    </p>
   </div>
   <div class='ocr_carea' id='block_1_23' title="bbox 183 2408 1351 2496">
    <p class='ocr_par' dir='ltr' id='par_1_23' title="bbox 183 2408 1351 2496">
     <span class='ocr_line' id='line_1_23' title="bbox 183 2408 1351 2496; baseline 0.021 -39"><span class='ocrx_word' id='word_1_168' title='bbox 183 2408 404 2460; x_wconf 70' lang='lat' dir='ltr'><strong>smninum</strong></span> <span class='ocrx_word' id='word_1_169' title='bbox 431 2410 582 2480; x_wconf 91' lang='lat' dir='ltr'><strong>culpa</strong></span> <span class='ocrx_word' id='word_1_170' title='bbox 620 2416 772 2483; x_wconf 90' lang='lat' dir='ltr'><strong>primi</strong></span> <span class='ocrx_word' id='word_1_171' title='bbox 800 2420 1058 2488; x_wconf 81' lang='lat' dir='ltr'><strong>genitoris</strong></span> <span class='ocrx_word' id='word_1_172' title='bbox 1085 2439 1351 2496; x_wconf 73' lang='lat' dir='ltr'><strong>operatur.</strong></span> 
     </span>
    </p>
   </div>
   <div class='ocr_carea' id='block_1_24' title="bbox 239 2499 1726 2595">
    <p class='ocr_par' dir='ltr' id='par_1_24' title="bbox 239 2499 1726 2595">
     <span class='ocr_line' id='line_1_24' title="bbox 239 2499 1726 2595; baseline 0.021 -45"><span class='ocrx_word' id='word_1_173' title='bbox 239 2500 353 2555; x_wconf 77' lang='lat' dir='ltr'><strong>At&#39;c.</strong></span> <span class='ocrx_word' id='word_1_174' title='bbox 381 2499 525 2556; x_wconf 90' lang='lat' dir='ltr'><strong>Unde</strong></span> <span class='ocrx_word' id='word_1_175' title='bbox 553 2506 666 2559; x_wconf 82' lang='lat' dir='ltr'><strong>fieri</strong></span> <span class='ocrx_word' id='word_1_176' title='bbox 697 2519 866 2576; x_wconf 89' lang='lat' dir='ltr'><strong>potest</strong></span> <span class='ocrx_word' id='word_1_177' title='bbox 895 2521 950 2566; x_wconf 90' lang='lat' dir='ltr'><strong>ut</strong></span> <span class='ocrx_word' id='word_1_178' title='bbox 979 2515 1138 2567; x_wconf 76' lang='lat' dir='ltr'><strong>hoino</strong></span> <span class='ocrx_word' id='word_1_179' title='bbox 1166 2521 1253 2586; x_wconf 91' lang='lat' dir='ltr'><strong>qui</strong></span> <span class='ocrx_word' id='word_1_180' title='bbox 1282 2523 1491 2577; x_wconf 79' lang='lat' dir='ltr'><strong>conaris</strong></span> <span class='ocrx_word' id='word_1_181' title='bbox 1511 2537 1726 2595; x_wconf 85' lang='lat' dir='ltr'><strong>aposto-</strong></span> 
     </span>
    </p>
   </div>
   <div class='ocr_carea' id='block_1_25' title="bbox 181 2587 1717 2679">
    <p class='ocr_par' dir='ltr' id='par_1_25' title="bbox 181 2587 1717 2679">
     <span class='ocr_line' id='line_1_25' title="bbox 181 2587 1717 2679; baseline 0.023 -40"><span class='ocrx_word' id='word_1_182' title='bbox 181 2587 259 2640; x_wconf 83' lang='lat' dir='ltr'><strong>lira</strong></span> <span class='ocrx_word' id='word_1_183' title='bbox 280 2591 418 2643; x_wconf 86' lang='lat' dir='ltr'><strong>verba</strong></span> <span class='ocrx_word' id='word_1_184' title='bbox 443 2607 767 2665; x_wconf 75' lang='lat' dir='ltr'><strong>pervertere,</strong></span> <span class='ocrx_word' id='word_1_185' title='bbox 798 2602 967 2669; x_wconf 63' lang='lat' dir='ltr'><strong>possis</strong></span> <span class='ocrx_word' id='word_1_186' title='bbox 997 2605 1134 2676; x_wconf 88' lang='lat' dir='ltr'><strong>loqui</strong></span> <span class='ocrx_word' id='word_1_187' title='bbox 1165 2609 1263 2664; x_wconf 89' lang='lat' dir='ltr'><strong>nisi</strong></span> <span class='ocrx_word' id='word_1_188' title='bbox 1292 2617 1717 2679; x_wconf 80' lang='lat' dir='ltr'><strong>perverse?N.im</strong></span> 
     </span>
    </p>
   </div>
   <div class='ocr_carea' id='block_1_26' title="bbox 180 2680 1714 2775">
    <p class='ocr_par' dir='ltr' id='par_1_26' title="bbox 180 2680 1714 2775">
     <span class='ocr_line' id='line_1_26' title="bbox 180 2680 1714 2775; baseline 0.022 -46"><span class='ocrx_word' id='word_1_189' title='bbox 180 2680 345 2748; x_wconf 82' lang='lat' dir='ltr'><strong>utique.</strong></span> <span class='ocrx_word' id='word_1_190' title='bbox 374 2698 488 2736; x_wconf 84' lang='lat' dir='ltr'><strong>rum</strong></span> <span class='ocrx_word' id='word_1_191' title='bbox 521 2687 587 2739; x_wconf 89' lang='lat' dir='ltr'><strong>ad</strong></span> <span class='ocrx_word' id='word_1_192' title='bbox 620 2688 743 2743; x_wconf 90' lang='lat' dir='ltr'><strong>illud</strong></span> <span class='ocrx_word' id='word_1_193' title='bbox 772 2692 1039 2756; x_wconf 84' lang='lat' dir='ltr'><strong>delictum.</strong></span> <span class='ocrx_word' id='word_1_194' title='bbox 1067 2698 1205 2767; x_wconf 88' lang='lat' dir='ltr'><strong>quod</strong></span> <span class='ocrx_word' id='word_1_195' title='bbox 1235 2706 1508 2770; x_wconf 88' lang='lat' dir='ltr'><strong>generatio</strong></span> <span class='ocrx_word' id='word_1_196' title='bbox 1530 2708 1714 2775; x_wconf 80' lang='lat' dir='ltr'><strong>trahit,</strong></span> 
     </span>
    </p>
   </div>
   <div class='ocr_carea' id='block_1_27' title="bbox 179 2773 1712 2866">
    <p class='ocr_par' dir='ltr' id='par_1_27' title="bbox 179 2773 1712 2866">
     <span class='ocr_line' id='line_1_27' title="bbox 179 2773 1712 2866; baseline 0.023 -46"><span class='ocrx_word' id='word_1_197' title='bbox 179 2787 282 2826; x_wconf 75' lang='lat' dir='ltr'><strong>usus</strong></span> <span class='ocrx_word' id='word_1_198' title='bbox 305 2773 579 2831; x_wconf 73' lang='lat' dir='ltr'><strong>voluntatis</strong></span> <span class='ocrx_word' id='word_1_199' title='bbox 609 2784 923 2847; x_wconf 85' lang='lat' dir='ltr'><strong>accesserit,</strong></span> <span class='ocrx_word' id='word_1_200' title='bbox 946 2802 1104 2856; x_wconf 88' lang='lat' dir='ltr'><strong>quem</strong></span> <span class='ocrx_word' id='word_1_201' title='bbox 1134 2807 1236 2842; x_wconf 88' lang='lat' dir='ltr'><strong>non</strong></span> <span class='ocrx_word' id='word_1_202' title='bbox 1267 2792 1468 2849; x_wconf 84' lang='lat' dir='ltr'><strong>habent</strong></span> <span class='ocrx_word' id='word_1_203' title='bbox 1490 2801 1712 2866; x_wconf 86' lang='lat' dir='ltr'><strong>parvuli,</strong></span> 
     </span>
    </p>
   </div>
   <div class='ocr_carea' id='block_1_28' title="bbox 178 2861 1719 2960">
    <p class='ocr_par' dir='ltr' id='par_1_28' title="bbox 178 2861 1719 2960">
     <span class='ocr_line' id='line_1_28' title="bbox 178 2861 1719 2960; baseline 0.022 -47"><span class='ocrx_word' id='word_1_204' title='bbox 178 2861 217 2914; x_wconf 91' lang='lat' dir='ltr'><strong>in</strong></span> <span class='ocrx_word' id='word_1_205' title='bbox 242 2865 410 2921; x_wconf 87' lang='lat' dir='ltr'><strong>multas</strong></span> <span class='ocrx_word' id='word_1_206' title='bbox 437 2876 490 2922; x_wconf 89' lang='lat' dir='ltr'><strong>et</strong></span> <span class='ocrx_word' id='word_1_207' title='bbox 513 2873 688 2925; x_wconf 89' lang='lat' dir='ltr'><strong>varias</strong></span> <span class='ocrx_word' id='word_1_208' title='bbox 709 2875 1022 2943; x_wconf 89' lang='lat' dir='ltr'><strong>cupiditates</strong></span> <span class='ocrx_word' id='word_1_209' title='bbox 1047 2880 1206 2935; x_wconf 89' lang='lat' dir='ltr'><strong>arbor</strong></span> <span class='ocrx_word' id='word_1_210' title='bbox 1234 2885 1516 2941; x_wconf 90' lang='lat' dir='ltr'><strong>multorum</strong></span> <span class='ocrx_word' id='word_1_211' title='bbox 1545 2892 1719 2960; x_wconf 88' lang='lat' dir='ltr'><strong>pullu-</strong></span> 
     </span>
    </p>
   </div>
   <div class='ocr_carea' id='block_1_29' title="bbox 175 2954 1714 3053">
    <p class='ocr_par' dir='ltr' id='par_1_29' title="bbox 175 2954 1714 3053">
     <span class='ocr_line' id='line_1_29' title="bbox 175 2954 1714 3053; baseline 0.02 -47"><span class='ocrx_word' id='word_1_212' title='bbox 175 2954 231 3006; x_wconf 77' lang='lat' dir='ltr'><strong>lat</strong></span> <span class='ocrx_word' id='word_1_213' title='bbox 254 2969 567 3023; x_wconf 85' lang='lat' dir='ltr'><strong>peocatomm</strong></span> <span class='ocrx_word' id='word_1_214' title='bbox 595 2978 609 3014; x_wconf 92' lang='lat'><strong>:</strong></span> <span class='ocrx_word' id='word_1_215' title='bbox 638 2965 780 3032; x_wconf 89' lang='lat' dir='ltr'><strong>quod</strong></span> <span class='ocrx_word' id='word_1_216' title='bbox 820 2979 1101 3038; x_wconf 84' lang='lat' dir='ltr'><strong>antequam</strong></span> <span class='ocrx_word' id='word_1_217' title='bbox 1143 2971 1322 3041; x_wconf 86' lang='lat' dir='ltr'><strong>fieret,</strong></span> <span class='ocrx_word' id='word_1_218' title='bbox 1354 2979 1512 3032; x_wconf 91' lang='lat' dir='ltr'><strong>etiam</strong></span> <span class='ocrx_word' id='word_1_219' title='bbox 1546 2983 1714 3053; x_wconf 72' lang='lat' dir='ltr'><strong>ipsum</strong></span> 
     </span>
    </p>
   </div>
   <div class='ocr_carea' id='block_1_30' title="bbox 175 3048 1715 3132">
    <p class='ocr_par' dir='ltr' id='par_1_30' title="bbox 175 3048 1715 3132">
     <span class='ocr_line' id='line_1_30' title="bbox 175 3048 1715 3132; baseline 0.024 -37"><span class='ocrx_word' id='word_1_220' title='bbox 175 3059 305 3099; x_wconf 79' lang='lat' dir='ltr'><strong>unum</strong></span> <span class='ocrx_word' id='word_1_221' title='bbox 341 3048 577 3106; x_wconf 79' lang='lat' dir='ltr'><strong>trahebat</strong></span> <span class='ocrx_word' id='word_1_222' title='bbox 616 3055 682 3108; x_wconf 91' lang='lat' dir='ltr'><strong>ad</strong></span> <span class='ocrx_word' id='word_1_223' title='bbox 711 3054 1101 3116; x_wconf 79' lang='lat' dir='ltr'><strong>damnationem</strong></span> <span class='ocrx_word' id='word_1_224' title='bbox 1124 3106 1139 3130; x_wconf 97' lang='lat'><strong>,</strong></span> <span class='ocrx_word' id='word_1_225' title='bbox 1185 3067 1230 3120; x_wconf 90' lang='lat' dir='ltr'><strong>si</strong></span> <span class='ocrx_word' id='word_1_226' title='bbox 1273 3063 1396 3124; x_wconf 85' lang='lat' dir='ltr'><strong>ante</strong></span> <span class='ocrx_word' id='word_1_227' title='bbox 1427 3048 1715 3132; x_wconf 75' lang='lat' dir='ltr'><strong>voluntatis</strong></span> 
     </span>
    </p>
   </div>
   <div class='ocr_carea' id='block_1_31' title="bbox 171 3141 1710 3236">
    <p class='ocr_par' dir='ltr' id='par_1_31' title="bbox 171 3141 1710 3236">
     <span class='ocr_line' id='line_1_31' title="bbox 171 3141 1710 3236; baseline 0.023 -50"><span class='ocrx_word' id='word_1_228' title='bbox 171 3149 297 3189; x_wconf 83' lang='lat' dir='ltr'><strong>nsum</strong></span> <span class='ocrx_word' id='word_1_229' title='bbox 323 3141 562 3205; x_wconf 74' lang='lat' dir='ltr'><strong>lmrvulus</strong></span> <span class='ocrx_word' id='word_1_230' title='bbox 601 3143 776 3201; x_wconf 86' lang='lat' dir='ltr'><strong>finiret</strong></span> <span class='ocrx_word' id='word_1_231' title='bbox 816 3149 950 3203; x_wconf 86' lang='lat' dir='ltr'><strong>hanc</strong></span> <span class='ocrx_word' id='word_1_232' title='bbox 988 3154 1170 3209; x_wconf 92' lang='lat' dir='ltr'><strong>vitam.</strong></span> <span class='ocrx_word' id='word_1_233' title='bbox 1198 3155 1381 3230; x_wconf 84' lang='lat' dir='ltr'><strong>Neque</strong></span> <span class='ocrx_word' id='word_1_234' title='bbox 1420 3164 1562 3219; x_wconf 89' lang='lat' dir='ltr'><strong>enim</strong></span> <span class='ocrx_word' id='word_1_235' title='bbox 1589 3167 1710 3236; x_wconf 88' lang='lat' dir='ltr'><strong>quia</strong></span> 
     </span>
    </p>
   </div>
   <div class='ocr_carea' id='block_1_32' title="bbox 171 3228 1712 3326">
    <p class='ocr_par' dir='ltr' id='par_1_32' title="bbox 171 3228 1712 3326">
     <span class='ocr_line' id='line_1_32' title="bbox 171 3228 1712 3326; baseline 0.023 -47"><span class='ocrx_word' id='word_1_236' title='bbox 171 3228 309 3297; x_wconf 80' lang='lat' dir='ltr'><strong>major</strong></span> <span class='ocrx_word' id='word_1_237' title='bbox 328 3228 589 3287; x_wconf 87' lang='lat' dir='ltr'><strong>damnatio</strong></span> <span class='ocrx_word' id='word_1_238' title='bbox 618 3235 842 3293; x_wconf 90' lang='lat' dir='ltr'><strong>debetur</strong></span> <span class='ocrx_word' id='word_1_239' title='bbox 883 3242 991 3310; x_wconf 89' lang='lat' dir='ltr'><strong>jam</strong></span> <span class='ocrx_word' id='word_1_240' title='bbox 1031 3262 1220 3317; x_wconf 86' lang='lat' dir='ltr'><strong>magno</strong></span> <span class='ocrx_word' id='word_1_241' title='bbox 1263 3228 1318 3305; x_wconf 84' lang='lat' dir='ltr'><strong>et</strong></span> <span class='ocrx_word' id='word_1_242' title='bbox 1362 3255 1712 3326; x_wconf 89' lang='lat' dir='ltr'><strong>multiplicato</strong></span> 
     </span>
    </p>
   </div>
   <div class='ocr_carea' id='block_1_33' title="bbox 170 3320 1708 3416">
    <p class='ocr_par' dir='ltr' id='par_1_33' title="bbox 170 3320 1708 3416">
     <span class='ocr_line' id='line_1_33' title="bbox 170 3320 1708 3416; baseline 0.023 -46"><span class='ocrx_word' id='word_1_243' title='bbox 170 3320 298 3380; x_wconf 77' lang='lat' dir='ltr'><strong>mlo.</strong></span> <span class='ocrx_word' id='word_1_244' title='bbox 327 3322 437 3378; x_wconf 88' lang='lat' dir='ltr'><strong>ideo</strong></span> <span class='ocrx_word' id='word_1_245' title='bbox 461 3327 603 3380; x_wconf 88' lang='lat' dir='ltr'><strong>nulla</strong></span> <span class='ocrx_word' id='word_1_246' title='bbox 635 3345 800 3398; x_wconf 89' lang='lat' dir='ltr'><strong>parvo</strong></span> <span class='ocrx_word' id='word_1_247' title='bbox 828 3342 882 3389; x_wconf 89' lang='lat' dir='ltr'><strong>et</strong></span> <span class='ocrx_word' id='word_1_248' title='bbox 905 3337 1138 3393; x_wconf 90' lang='lat' dir='ltr'><strong>nondum</strong></span> <span class='ocrx_word' id='word_1_249' title='bbox 1171 3344 1516 3416; x_wconf 82' lang='lat' dir='ltr'><strong>multiplicato</strong></span> <span class='ocrx_word' id='word_1_250' title='bbox 1540 3351 1708 3405; x_wconf 87' lang='lat' dir='ltr'><strong>debe-</strong></span> 
     </span>
    </p>
   </div>
   <div class='ocr_carea' id='block_1_34' title="bbox 171 3410 1706 3509">
    <p class='ocr_par' dir='ltr' id='par_1_34' title="bbox 171 3410 1706 3509">
     <span class='ocr_line' id='line_1_34' title="bbox 171 3410 1706 3509; baseline 0.023 -47"><span class='ocrx_word' id='word_1_251' title='bbox 171 3410 308 3466; x_wconf 72' lang='lat' dir='ltr'><strong>liator.</strong></span> <span class='ocrx_word' id='word_1_252' title='bbox 329 3414 601 3482; x_wconf 85' lang='lat' dir='ltr'><strong>Quomodo</strong></span> <span class='ocrx_word' id='word_1_253' title='bbox 621 3438 748 3493; x_wconf 87' lang='lat' dir='ltr'><strong>ergo</strong></span> <span class='ocrx_word' id='word_1_254' title='bbox 774 3432 1122 3496; x_wconf 88' lang='lat' dir='ltr'><strong>regeneratio,</strong></span> <span class='ocrx_word' id='word_1_255' title='bbox 1154 3451 1272 3504; x_wconf 73' lang='lat' dir='ltr'><strong>qua:</strong></span> <span class='ocrx_word' id='word_1_256' title='bbox 1303 3439 1706 3509; x_wconf 82' lang='lat' dir='ltr'><strong>inliltiplicatum</strong></span> 
     </span>
    </p>
   </div>
   <div class='ocr_carea' id='block_1_35' title="bbox 169 3510 1703 3604">
    <p class='ocr_par' dir='ltr' id='par_1_35' title="bbox 169 3510 1703 3604">
     <span class='ocr_line' id='line_1_35' title="bbox 169 3510 1703 3604; baseline 0.025 -50"><span class='ocrx_word' id='word_1_257' title='bbox 169 3517 242 3571; x_wconf 83' lang='lat' dir='ltr'><strong>per</strong></span> <span class='ocrx_word' id='word_1_258' title='bbox 264 3522 399 3560; x_wconf 82' lang='lat' dir='ltr'><strong>usuin</strong></span> <span class='ocrx_word' id='word_1_259' title='bbox 429 3510 716 3568; x_wconf 78' lang='lat' dir='ltr'><strong>voluntatis</strong></span> <span class='ocrx_word' id='word_1_260' title='bbox 749 3518 944 3573; x_wconf 87' lang='lat' dir='ltr'><strong>malum</strong></span> <span class='ocrx_word' id='word_1_261' title='bbox 975 3523 1130 3590; x_wconf 87' lang='lat' dir='ltr'><strong>tollit,</strong></span> <span class='ocrx_word' id='word_1_262' title='bbox 1156 3543 1258 3581; x_wconf 92' lang='lat' dir='ltr'><strong>non</strong></span> <span class='ocrx_word' id='word_1_263' title='bbox 1287 3529 1439 3597; x_wconf 76' lang='lat' dir='ltr'><strong>plus’</strong></span> <span class='ocrx_word' id='word_1_264' title='bbox 1465 3545 1703 3604; x_wconf 68' lang='lat' dir='ltr'><strong>praestat,</strong></span> 
     </span>
    </p>
   </div>
   <div class='ocr_carea' id='block_1_36' title="bbox 166 3601 1708 3698">
    <p class='ocr_par' dir='ltr' id='par_1_36' title="bbox 166 3601 1708 3698">
     <span class='ocr_line' id='line_1_36' title="bbox 166 3601 1708 3698; baseline 0.026 -53"><span class='ocrx_word' id='word_1_265' title='bbox 166 3610 290 3663; x_wconf 81' lang='lat' dir='ltr'><strong>quam</strong></span> <span class='ocrx_word' id='word_1_266' title='bbox 316 3601 488 3656; x_wconf 90' lang='lat' dir='ltr'><strong>nocuit</strong></span> <span class='ocrx_word' id='word_1_267' title='bbox 515 3607 812 3673; x_wconf 83' lang='lat' dir='ltr'><strong>generatio,</strong></span> <span class='ocrx_word' id='word_1_268' title='bbox 842 3627 960 3681; x_wconf 73' lang='lat' dir='ltr'><strong>qum</strong></span> <span class='ocrx_word' id='word_1_269' title='bbox 994 3614 1148 3683; x_wconf 82' lang='lat' dir='ltr'><strong>hujus</strong></span> <span class='ocrx_word' id='word_1_270' title='bbox 1177 3623 1421 3689; x_wconf 85' lang='lat' dir='ltr'><strong>quamvis</strong></span> <span class='ocrx_word' id='word_1_271' title='bbox 1450 3601 1626 3698; x_wconf 68' lang='lat' dir='ltr'><strong>magni</strong></span> <span class='ocrx_word' id='word_1_272' title='bbox 1652 3601 1708 3686; x_wconf 79' lang='lat' dir='ltr'><strong>et</strong></span> 
     </span>
    </p>
   </div>
   <div class='ocr_carea' id='block_1_37' title="bbox 167 3688 1700 3776">
    <p class='ocr_par' dir='ltr' id='par_1_37' title="bbox 167 3688 1700 3776">
     <span class='ocr_line' id='line_1_37' title="bbox 167 3688 1700 3776; baseline 0.024 -37"><span class='ocrx_word' id='word_1_273' title='bbox 167 3688 424 3755; x_wconf 82' lang='lat' dir='ltr'><strong>multiplicis</strong></span> <span class='ocrx_word' id='word_1_274' title='bbox 450 3695 605 3758; x_wconf 90' lang='lat' dir='ltr'><strong>mali,</strong></span> <span class='ocrx_word' id='word_1_275' title='bbox 642 3699 876 3755; x_wconf 90' lang='lat' dir='ltr'><strong>nondum</strong></span> <span class='ocrx_word' id='word_1_276' title='bbox 904 3713 1078 3761; x_wconf 88' lang='lat' dir='ltr'><strong>tamen</strong></span> <span class='ocrx_word' id='word_1_277' title='bbox 1109 3688 1319 3766; x_wconf 89' lang='lat' dir='ltr'><strong>auctum</strong></span> <span class='ocrx_word' id='word_1_278' title='bbox 1339 3756 1352 3776; x_wconf 92' lang='lat'><strong>,</strong></span> <span class='ocrx_word' id='word_1_279' title='bbox 1381 3725 1435 3770; x_wconf 91' lang='lat' dir='ltr'><strong>et</strong></span> <span class='ocrx_word' id='word_1_280' title='bbox 1464 3719 1700 3776; x_wconf 90' lang='lat' dir='ltr'><strong>nondum</strong></span> 
     </span>
    </p>
   </div>
   <div class='ocr_carea' id='block_1_38' title="bbox 164 3781 1700 3868">
    <p class='ocr_par' dir='ltr' id='par_1_38' title="bbox 164 3781 1700 3868">
     <span class='ocr_line' id='line_1_38' title="bbox 164 3781 1700 3868; baseline 0.025 -39"><span class='ocrx_word' id='word_1_281' title='bbox 164 3781 519 3848; x_wconf 83' lang='lat' dir='ltr'><strong>multiplicatum</strong></span> <span class='ocrx_word' id='word_1_282' title='bbox 567 3790 727 3843; x_wconf 81' lang='lat' dir='ltr'><strong>traxit</strong></span> <span class='ocrx_word' id='word_1_283' title='bbox 775 3792 1011 3861; x_wconf 91' lang='lat' dir='ltr'><strong>initium,</strong></span> <span class='ocrx_word' id='word_1_284' title='bbox 1061 3801 1200 3868; x_wconf 92' lang='lat' dir='ltr'><strong>quod</strong></span> <span class='ocrx_word' id='word_1_285' title='bbox 1247 3804 1420 3860; x_wconf 79' lang='lat' dir='ltr'><strong>Solum</strong></span> <span class='ocrx_word' id='word_1_286' title='bbox 1451 3809 1570 3865; x_wconf 83' lang='lat' dir='ltr'><strong>sine</strong></span> <span class='ocrx_word' id='word_1_287' title='bbox 1599 3814 1700 3868; x_wconf 92' lang='lat' dir='ltr'><strong>ulla</strong></span> 
     </span>
    </p>
   </div>
   <div class='ocr_carea' id='block_1_39' title="bbox 166 3871 1768 3972">
    <p class='ocr_par' dir='ltr' id='par_1_39' title="bbox 166 3871 1768 3972">
     <span class='ocr_line' id='line_1_39' title="bbox 166 3871 1768 3972; baseline 0.026 -51"><span class='ocrx_word' id='word_1_288' title='bbox 166 3871 459 3935; x_wconf 65' lang='lat' dir='ltr'><strong>pullulatione</strong></span> <span class='ocrx_word' id='word_1_289' title='bbox 484 3892 808 3949; x_wconf 88' lang='lat' dir='ltr'><strong>remaneret,</strong></span> <span class='ocrx_word' id='word_1_290' title='bbox 834 3888 875 3939; x_wconf 88' lang='lat' dir='ltr'><strong>si</strong></span> <span class='ocrx_word' id='word_1_291' title='bbox 901 3888 1076 3943; x_wconf 85' lang='lat' dir='ltr'><strong>nullus</strong></span> <span class='ocrx_word' id='word_1_292' title='bbox 1103 3894 1392 3951; x_wconf 83' lang='lat' dir='ltr'><strong>voluntatis</strong></span> <span class='ocrx_word' id='word_1_293' title='bbox 1423 3916 1573 3969; x_wconf 90' lang='lat' dir='ltr'><strong>usus,</strong></span> <span class='ocrx_word' id='word_1_294' title='bbox 1595 3921 1700 3972; x_wconf 88' lang='lat' dir='ltr'><strong>quo</strong></span> <span class='ocrx_word' id='word_1_295' title='bbox 1759 3897 1768 3901; x_wconf 47' lang='grc'><em>’</em></span> 
     </span>
    </p>
   </div>
   <div class='ocr_carea' id='block_1_40' title="bbox 161 3971 1700 4052">
    <p class='ocr_par' dir='ltr' id='par_1_40' title="bbox 161 3971 1700 4052">
     <span class='ocr_line' id='line_1_40' title="bbox 161 3971 1700 4052; baseline 0.027 -41"><span class='ocrx_word' id='word_1_296' title='bbox 161 3975 395 4031; x_wconf 80' lang='lat' dir='ltr'><strong>augeretur</strong></span> <span class='ocrx_word' id='word_1_297' title='bbox 417 3979 465 4022; x_wconf 86' lang='lat' dir='ltr'><strong>et</strong></span> <span class='ocrx_word' id='word_1_298' title='bbox 497 3971 956 4044; x_wconf 84' lang='lat' dir='ltr'><strong>multiplicaretnr,</strong></span> <span class='ocrx_word' id='word_1_299' title='bbox 987 3983 1306 4041; x_wconf 85' lang='lat' dir='ltr'><strong>accederet?</strong></span> <span class='ocrx_word' id='word_1_300' title='bbox 1336 3989 1586 4050; x_wconf 86' lang='lat' dir='ltr'><strong>Voluntas</strong></span> <span class='ocrx_word' id='word_1_301' title='bbox 1606 4015 1700 4052; x_wconf 90' lang='lat' dir='ltr'><strong>an-</strong></span> 
     </span>
    </p>
   </div>
   <div class='ocr_carea' id='block_1_41' title="bbox 163 4061 1694 4146">
    <p class='ocr_par' dir='ltr' id='par_1_41' title="bbox 163 4061 1694 4146">
     <span class='ocr_line' id='line_1_41' title="bbox 163 4061 1694 4146; baseline 0.028 -43"><span class='ocrx_word' id='word_1_302' title='bbox 163 4061 264 4114; x_wconf 80' lang='lat' dir='ltr'><strong>tem,</strong></span> <span class='ocrx_word' id='word_1_303' title='bbox 291 4068 565 4128; x_wconf 82' lang='lat' dir='ltr'><strong>antequam</strong></span> <span class='ocrx_word' id='word_1_304' title='bbox 601 4063 752 4118; x_wconf 75' lang='lat' dir='ltr'><strong>bona:</strong></span> <span class='ocrx_word' id='word_1_305' title='bbox 787 4068 1015 4125; x_wconf 88' lang='lat' dir='ltr'><strong>libertati</strong></span> <span class='ocrx_word' id='word_1_306' title='bbox 1057 4075 1122 4128; x_wconf 90' lang='lat' dir='ltr'><strong>ad</strong></span> <span class='ocrx_word' id='word_1_307' title='bbox 1161 4081 1482 4145; x_wconf 81' lang='lat' dir='ltr'><strong>cperaudam</strong></span> <span class='ocrx_word' id='word_1_308' title='bbox 1517 4104 1694 4146; x_wconf 87' lang='lat' dir='ltr'><strong>veram</strong></span> 
     </span>
    </p>
   </div>
   <div class='ocr_carea' id='block_1_42' title="bbox 159 4143 1695 4241">
    <p class='ocr_par' dir='ltr' id='par_1_42' title="bbox 159 4143 1695 4241">
     <span class='ocr_line' id='line_1_42' title="bbox 159 4143 1695 4241; baseline 0.027 -45"><span class='ocrx_word' id='word_1_309' title='bbox 159 4143 364 4210; x_wconf 82' lang='lat' dir='ltr'><strong>justitiam</strong></span> <span class='ocrx_word' id='word_1_310' title='bbox 393 4154 557 4220; x_wconf 78' lang='lat' dir='ltr'><strong>gratia</strong></span> <span class='ocrx_word' id='word_1_311' title='bbox 583 4155 676 4211; x_wconf 85' lang='lat' dir='ltr'><strong>Dei</strong></span> <span class='ocrx_word' id='word_1_312' title='bbox 704 4162 1050 4221; x_wconf 87' lang='lat' dir='ltr'><strong>subveniente</strong></span> <span class='ocrx_word' id='word_1_313' title='bbox 1077 4169 1349 4241; x_wconf 87' lang='lat' dir='ltr'><strong>reddatur,</strong></span> <span class='ocrx_word' id='word_1_314' title='bbox 1375 4177 1555 4235; x_wconf 90' lang='lat' dir='ltr'><strong>multis</strong></span> <span class='ocrx_word' id='word_1_315' title='bbox 1576 4183 1695 4238; x_wconf 88' lang='lat' dir='ltr'><strong>aliis</strong></span> 
     </span>
    </p>
   </div>
   <div class='ocr_carea' id='block_1_43' title="bbox 159 4238 1698 4343">
    <p class='ocr_par' dir='ltr' id='par_1_43' title="bbox 159 4238 1698 4343">
     <span class='ocr_line' id='line_1_43' title="bbox 159 4238 1698 4343; baseline 0.028 -55"><span class='ocrx_word' id='word_1_316' title='bbox 159 4238 279 4291; x_wconf 77' lang='lat' dir='ltr'><strong>etiam</strong></span> <span class='ocrx_word' id='word_1_317' title='bbox 305 4245 490 4310; x_wconf 84' lang='lat' dir='ltr'><strong>causis,</strong></span> <span class='ocrx_word' id='word_1_318' title='bbox 520 4259 713 4317; x_wconf 71' lang='lat' dir='ltr'><strong>pne-ter</strong></span> <span class='ocrx_word' id='word_1_319' title='bbox 740 4254 956 4324; x_wconf 81' lang='lat' dir='ltr'><strong>originis</strong></span> <span class='ocrx_word' id='word_1_320' title='bbox 983 4259 1186 4327; x_wconf 88' lang='lat' dir='ltr'><strong>vitium,</strong></span> <span class='ocrx_word' id='word_1_321' title='bbox 1211 4277 1456 4322; x_wconf 84' lang='lat' dir='ltr'><strong>movetur</strong></span> <span class='ocrx_word' id='word_1_322' title='bbox 1476 4272 1541 4326; x_wconf 92' lang='lat' dir='ltr'><strong>ad</strong></span> <span class='ocrx_word' id='word_1_323' title='bbox 1573 4290 1698 4343; x_wconf 89' lang='lat' dir='ltr'><strong>pec-</strong></span> 
     </span>
    </p>
   </div>
   <div class='ocr_carea' id='block_1_44' title="bbox 159 4331 1692 4435">
    <p class='ocr_par' dir='ltr' id='par_1_44' title="bbox 159 4331 1692 4435">
     <span class='ocr_line' id='line_1_44' title="bbox 159 4331 1692 4435; baseline 0.028 -56"><span class='ocrx_word' id='word_1_324' title='bbox 159 4331 357 4398; x_wconf 77' lang='lat' dir='ltr'><strong>candum,</strong></span> <span class='ocrx_word' id='word_1_325' title='bbox 380 4338 460 4390; x_wconf 90' lang='lat' dir='ltr'><strong>vel</strong></span> <span class='ocrx_word' id='word_1_326' title='bbox 489 4356 596 4394; x_wconf 87' lang='lat' dir='ltr'><strong>non</strong></span> <span class='ocrx_word' id='word_1_327' title='bbox 625 4355 894 4412; x_wconf 83' lang='lat' dir='ltr'><strong>movetur;</strong></span> <span class='ocrx_word' id='word_1_328' title='bbox 934 4351 1072 4405; x_wconf 85' lang='lat' dir='ltr'><strong>unde</strong></span> <span class='ocrx_word' id='word_1_329' title='bbox 1103 4354 1157 4408; x_wconf 85' lang='lat' dir='ltr'><strong>fit</strong></span> <span class='ocrx_word' id='word_1_330' title='bbox 1185 4367 1238 4410; x_wconf 92' lang='lat' dir='ltr'><strong>ut</strong></span> <span class='ocrx_word' id='word_1_331' title='bbox 1273 4357 1370 4429; x_wconf 89' lang='lat' dir='ltr'><strong>ipsi</strong></span> <span class='ocrx_word' id='word_1_332' title='bbox 1400 4362 1544 4432; x_wconf 90' lang='lat' dir='ltr'><strong>impii</strong></span> <span class='ocrx_word' id='word_1_333' title='bbox 1571 4368 1692 4435; x_wconf 87' lang='lat' dir='ltr'><strong>qui-</strong></span> 
     </span>
    </p>
   </div>
   <div class='ocr_carea' id='block_1_45' title="bbox 159 4416 1689 4516">
    <p class='ocr_par' dir='ltr' id='par_1_45' title="bbox 159 4416 1689 4516">
     <span class='ocr_line' id='line_1_45' title="bbox 159 4416 1689 4516; baseline 0.03 -48"><span class='ocrx_word' id='word_1_334' title='bbox 159 4416 228 4471; x_wconf 81' lang='lat' dir='ltr'><strong>bus</strong></span> <span class='ocrx_word' id='word_1_335' title='bbox 250 4424 319 4476; x_wconf 85' lang='lat' dir='ltr'><strong>vel</strong></span> <span class='ocrx_word' id='word_1_336' title='bbox 347 4427 579 4483; x_wconf 91' lang='lat' dir='ltr'><strong>nondum</strong></span> <span class='ocrx_word' id='word_1_337' title='bbox 609 4433 883 4501; x_wconf 80' lang='lat' dir='ltr'><strong>subvenit,</strong></span> <span class='ocrx_word' id='word_1_338' title='bbox 928 4441 1010 4496; x_wconf 87' lang='lat' dir='ltr'><strong>vel</strong></span> <span class='ocrx_word' id='word_1_339' title='bbox 1053 4461 1320 4516; x_wconf 90' lang='lat' dir='ltr'><strong>nunquam</strong></span> <span class='ocrx_word' id='word_1_340' title='bbox 1366 4454 1689 4514; x_wconf 88' lang='lat' dir='ltr'><strong>subventura</strong></span> 
     </span>
    </p>
   </div>
   <div class='ocr_carea' id='block_1_46' title="bbox 156 4516 1687 4613">
    <p class='ocr_par' dir='ltr' id='par_1_46' title="bbox 156 4516 1687 4613">
     <span class='ocr_line' id='line_1_46' title="bbox 156 4516 1687 4613; baseline 0.028 -51"><span class='ocrx_word' id='word_1_341' title='bbox 156 4519 215 4563; x_wconf 76' lang='lat' dir='ltr'><strong>est</strong></span> <span class='ocrx_word' id='word_1_342' title='bbox 235 4516 400 4582; x_wconf 76' lang='lat' dir='ltr'><strong>gratia,</strong></span> <span class='ocrx_word' id='word_1_343' title='bbox 429 4535 548 4590; x_wconf 68' lang='lat' dir='ltr'><strong>qua:</strong></span> <span class='ocrx_word' id='word_1_344' title='bbox 569 4521 825 4592; x_wconf 86' lang='lat' dir='ltr'><strong>justificat</strong></span> <span class='ocrx_word' id='word_1_345' title='bbox 853 4531 1093 4601; x_wconf 90' lang='lat' dir='ltr'><strong>impium,</strong></span> <span class='ocrx_word' id='word_1_346' title='bbox 1126 4538 1210 4592; x_wconf 90' lang='lat' dir='ltr'><strong>alii</strong></span> <span class='ocrx_word' id='word_1_347' title='bbox 1244 4543 1408 4613; x_wconf 87' lang='lat' dir='ltr'><strong>magis</strong></span> <span class='ocrx_word' id='word_1_348' title='bbox 1429 4587 1442 4607; x_wconf 92' lang='lat'><strong>,</strong></span> <span class='ocrx_word' id='word_1_349' title='bbox 1467 4549 1554 4602; x_wconf 89' lang='lat' dir='ltr'><strong>alii</strong></span> <span class='ocrx_word' id='word_1_350' title='bbox 1586 4551 1687 4604; x_wconf 90' lang='lat' dir='ltr'><strong>mi-</strong></span> 
     </span>
    </p>
   </div>
   <div class='ocr_carea' id='block_1_47' title="bbox 156 4611 1690 4696">
    <p class='ocr_par' dir='ltr' id='par_1_47' title="bbox 156 4611 1690 4696">
     <span class='ocr_line' id='line_1_47' title="bbox 156 4611 1690 4696; baseline 0.031 -47"><span class='ocrx_word' id='word_1_351' title='bbox 156 4615 229 4653; x_wconf 83' lang='lat' dir='ltr'><strong>nus</strong></span> <span class='ocrx_word' id='word_1_352' title='bbox 262 4617 488 4669; x_wconf 80' lang='lat' dir='ltr'><strong>peccent.</strong></span> <span class='ocrx_word' id='word_1_353' title='bbox 520 4611 782 4670; x_wconf 74' lang='lat' dir='ltr'><strong>Iudicium</strong></span> <span class='ocrx_word' id='word_1_354' title='bbox 813 4636 939 4692; x_wconf 90' lang='lat' dir='ltr'><strong>ergo</strong></span> <span class='ocrx_word' id='word_1_355' title='bbox 983 4642 1045 4679; x_wconf 75' lang='lat' dir='ltr'><strong>ea:</strong></span> <span class='ocrx_word' id='word_1_356' title='bbox 1088 4645 1187 4684; x_wconf 84' lang='lat' dir='ltr'><strong>uno</strong></span> <span class='ocrx_word' id='word_1_357' title='bbox 1219 4632 1270 4685; x_wconf 82' lang='lat' dir='ltr'><strong>in</strong></span> <span class='ocrx_word' id='word_1_358' title='bbox 1312 4637 1690 4696; x_wconf 80' lang='lat' dir='ltr'><strong>condemnatio-</strong></span> 
     </span>
    </p>
   </div>
   <div class='ocr_carea' id='block_1_48' title="bbox 155 4699 1685 4796">
    <p class='ocr_par' dir='ltr' id='par_1_48' title="bbox 155 4699 1685 4796">
     <span class='ocr_line' id='line_1_48' title="bbox 155 4699 1685 4796; baseline 0.03 -54"><span class='ocrx_word' id='word_1_359' title='bbox 155 4699 714 4766; x_wconf 76' lang='lat' dir='ltr'><strong>nem,qniadamnautur</strong></span> <span class='ocrx_word' id='word_1_360' title='bbox 737 4720 787 4762; x_wconf 90' lang='lat' dir='ltr'><strong>et</strong></span> <span class='ocrx_word' id='word_1_361' title='bbox 815 4710 864 4764; x_wconf 93' lang='lat' dir='ltr'><strong>hi</strong></span> <span class='ocrx_word' id='word_1_362' title='bbox 889 4718 973 4783; x_wconf 90' lang='lat' dir='ltr'><strong>qui</strong></span> <span class='ocrx_word' id='word_1_363' title='bbox 1003 4734 1162 4774; x_wconf 91' lang='lat' dir='ltr'><strong>unnm</strong></span> <span class='ocrx_word' id='word_1_364' title='bbox 1193 4723 1317 4779; x_wconf 85' lang='lat' dir='ltr'><strong>illud</strong></span> <span class='ocrx_word' id='word_1_365' title='bbox 1341 4733 1685 4796; x_wconf 83' lang='lat' dir='ltr'><strong>generatione</strong></span> 
     </span>
    </p>
   </div>
   <div class='ocr_carea' id='block_1_49' title="bbox 154 4791 1681 4888">
    <p class='ocr_par' dir='ltr' id='par_1_49' title="bbox 154 4791 1681 4888">
     <span class='ocr_line' id='line_1_49' title="bbox 154 4791 1681 4888; baseline 0.03 -54"><span class='ocrx_word' id='word_1_366' title='bbox 154 4791 375 4844; x_wconf 77' lang='lat' dir='ltr'><strong>tmrrunt</strong></span> <span class='ocrx_word' id='word_1_367' title='bbox 402 4809 416 4844; x_wconf 91' lang='lat'><strong>:</strong></span> <span class='ocrx_word' id='word_1_368' title='bbox 445 4797 612 4862; x_wconf 88' lang='lat' dir='ltr'><strong>gratia</strong></span> <span class='ocrx_word' id='word_1_369' title='bbox 655 4809 832 4856; x_wconf 90' lang='lat' dir='ltr'><strong>autem</strong></span> <span class='ocrx_word' id='word_1_370' title='bbox 860 4821 924 4860; x_wconf 80' lang='lat' dir='ltr'><strong>ex</strong></span> <span class='ocrx_word' id='word_1_371' title='bbox 954 4810 1130 4866; x_wconf 90' lang='lat' dir='ltr'><strong>multis</strong></span> <span class='ocrx_word' id='word_1_372' title='bbox 1156 4811 1364 4870; x_wconf 88' lang='lat' dir='ltr'><strong>delictis</strong></span> <span class='ocrx_word' id='word_1_373' title='bbox 1403 4818 1453 4872; x_wconf 92' lang='lat' dir='ltr'><strong>in</strong></span> <span class='ocrx_word' id='word_1_374' title='bbox 1482 4820 1681 4888; x_wconf 80' lang='lat' dir='ltr'><strong>justiﬁ-</strong></span> 
     </span>
    </p>
   </div>
   <div class='ocr_carea' id='block_1_50' title="bbox 151 4876 1684 4976">
    <p class='ocr_par' dir='ltr' id='par_1_50' title="bbox 151 4876 1684 4976">
     <span class='ocr_line' id='line_1_50' title="bbox 151 4876 1684 4976; baseline 0.029 -52"><span class='ocrx_word' id='word_1_375' title='bbox 151 4876 361 4934; x_wconf 79' lang='lat' dir='ltr'><strong>catiouem</strong></span> <span class='ocrx_word' id='word_1_376' title='bbox 387 4925 402 4948; x_wconf 89' lang='lat'><strong>,</strong></span> <span class='ocrx_word' id='word_1_377' title='bbox 443 4887 565 4951; x_wconf 85' lang='lat' dir='ltr'><strong>quia</strong></span> <span class='ocrx_word' id='word_1_378' title='bbox 614 4903 717 4943; x_wconf 91' lang='lat' dir='ltr'><strong>non</strong></span> <span class='ocrx_word' id='word_1_379' title='bbox 758 4895 927 4950; x_wconf 89' lang='lat' dir='ltr'><strong>solum</strong></span> <span class='ocrx_word' id='word_1_380' title='bbox 975 4899 1101 4955; x_wconf 87' lang='lat' dir='ltr'><strong>illml</strong></span> <span class='ocrx_word' id='word_1_381' title='bbox 1136 4918 1257 4959; x_wconf 92' lang='lat' dir='ltr'><strong>cum</strong></span> <span class='ocrx_word' id='word_1_382' title='bbox 1301 4923 1407 4976; x_wconf 90' lang='lat' dir='ltr'><strong>quo</strong></span> <span class='ocrx_word' id='word_1_383' title='bbox 1450 4915 1684 4970; x_wconf 88' lang='lat' dir='ltr'><strong>nascitur</strong></span> 
     </span>
    </p>
   </div>
   <div class='ocr_carea' id='block_1_51' title="bbox 153 4963 1679 5062">
    <p class='ocr_par' dir='ltr' id='par_1_51' title="bbox 153 4963 1679 5062">
     <span class='ocr_line' id='line_1_51' title="bbox 153 4963 1679 5062; baseline 0.031 -47"><span class='ocrx_word' id='word_1_384' title='bbox 153 4963 302 5035; x_wconf 78' lang='lat' dir='ltr'><strong>homo,</strong></span> <span class='ocrx_word' id='word_1_385' title='bbox 329 4974 418 5029; x_wconf 88' lang='lat' dir='ltr'><strong>sed</strong></span> <span class='ocrx_word' id='word_1_386' title='bbox 446 4977 701 5049; x_wconf 89' lang='lat' dir='ltr'><strong>quidquid</strong></span> <span class='ocrx_word' id='word_1_387' title='bbox 728 4983 868 5040; x_wconf 91' lang='lat' dir='ltr'><strong>aliud</strong></span> <span class='ocrx_word' id='word_1_388' title='bbox 897 4988 1207 5048; x_wconf 88' lang='lat' dir='ltr'><strong>delictorum</strong></span> <span class='ocrx_word' id='word_1_389' title='bbox 1239 4963 1679 5062; x_wconf 50' lang='lat' dir='ltr'><strong>vol-tintatisiisiis</strong></span> 
     </span>
    </p>
   </div>
   <div class='ocr_carea' id='block_1_52' title="bbox 152 5055 1676 5154">
    <p class='ocr_par' dir='ltr' id='par_1_52' title="bbox 152 5055 1676 5154">
     <span class='ocr_line' id='line_1_52' title="bbox 152 5055 1676 5154; baseline 0.031 -46"><span class='ocrx_word' id='word_1_390' title='bbox 152 5055 201 5108; x_wconf 78' lang='lat' dir='ltr'><strong>illi</strong></span> <span class='ocrx_word' id='word_1_391' title='bbox 224 5063 343 5116; x_wconf 88' lang='lat' dir='ltr'><strong>man</strong></span> <span class='ocrx_word' id='word_1_392' title='bbox 365 5067 584 5133; x_wconf 80' lang='lat' dir='ltr'><strong>addidit,</strong></span> <span class='ocrx_word' id='word_1_393' title='bbox 619 5074 770 5129; x_wconf 90' lang='lat' dir='ltr'><strong>tollit.</strong></span> <span class='ocrx_word' id='word_1_394' title='bbox 801 5077 924 5134; x_wconf 70' lang='lat' dir='ltr'><strong>lbec</strong></span> <span class='ocrx_word' id='word_1_395' title='bbox 944 5094 1025 5137; x_wconf 89' lang='lat' dir='ltr'><strong>est</strong></span> <span class='ocrx_word' id='word_1_396' title='bbox 1045 5089 1454 5154; x_wconf 80' lang='lat' dir='ltr'><strong>apostolicorum</strong></span> <span class='ocrx_word' id='word_1_397' title='bbox 1485 5099 1676 5154; x_wconf 88' lang='lat' dir='ltr'><strong>verbo-</strong></span> 
     </span>
    </p>
   </div>
   <div class='ocr_carea' id='block_1_53' title="bbox 151 5156 1680 5259">
    <p class='ocr_par' dir='ltr' id='par_1_53' title="bbox 151 5156 1680 5259">
     <span class='ocr_line' id='line_1_53' title="bbox 151 5156 1680 5259; baseline 0.031 -60"><span class='ocrx_word' id='word_1_398' title='bbox 151 5160 233 5201; x_wconf 84' lang='lat' dir='ltr'><strong>rum</strong></span> <span class='ocrx_word' id='word_1_399' title='bbox 258 5156 505 5213; x_wconf 86' lang='lat' dir='ltr'><strong>catholica</strong></span> <span class='ocrx_word' id='word_1_400' title='bbox 543 5164 769 5234; x_wconf 89' lang='lat' dir='ltr'><strong>veritas,</strong></span> <span class='ocrx_word' id='word_1_401' title='bbox 805 5186 962 5240; x_wconf 90' lang='lat' dir='ltr'><strong>quam</strong></span> <span class='ocrx_word' id='word_1_402' title='bbox 1000 5179 1139 5232; x_wconf 89' lang='lat' dir='ltr'><strong>nulla</strong></span> <span class='ocrx_word' id='word_1_403' title='bbox 1173 5180 1415 5240; x_wconf 75' lang='lat' dir='ltr'><strong>haeretica</strong></span> <span class='ocrx_word' id='word_1_404' title='bbox 1446 5189 1680 5259; x_wconf 86' lang='lat' dir='ltr'><strong>loquaci-</strong></span> 
     </span>
    </p>
   </div>
   <div class='ocr_carea' id='block_1_54' title="bbox 151 5243 1677 5340">
    <p class='ocr_par' dir='ltr' id='par_1_54' title="bbox 151 5243 1677 5340">
     <span class='ocr_line' id='line_1_54' title="bbox 151 5243 1677 5340; baseline 0.033 -51"><span class='ocrx_word' id='word_1_405' title='bbox 151 5247 225 5293; x_wconf 74' lang='lat' dir='ltr'><strong>tate</strong></span> <span class='ocrx_word' id='word_1_406' title='bbox 253 5243 524 5317; x_wconf 84' lang='lat' dir='ltr'><strong>depravas,</strong></span> <span class='ocrx_word' id='word_1_407' title='bbox 563 5260 888 5323; x_wconf 87' lang='lat' dir='ltr'><strong>quantalibet</strong></span> <span class='ocrx_word' id='word_1_408' title='bbox 917 5281 1012 5322; x_wconf 88' lang='lat' dir='ltr'><strong>nos</strong></span> <span class='ocrx_word' id='word_1_409' title='bbox 1054 5271 1352 5340; x_wconf 84' lang='lat' dir='ltr'><strong>prolixitate</strong></span> <span class='ocrx_word' id='word_1_410' title='bbox 1375 5276 1395 5309; x_wconf 84' lang='grc'>³</span> <span class='ocrx_word' id='word_1_411' title='bbox 1432 5243 1677 5339; x_wconf 80' lang='lat' dir='ltr'><strong>vaditatis</strong></span> 
     </span>
    </p>
   </div>
   <div class='ocr_carea' id='block_1_55' title="bbox 148 5335 814 5406">
    <p class='ocr_par' dir='ltr' id='par_1_55' title="bbox 148 5335 814 5406">
     <span class='ocr_line' id='line_1_55' title="bbox 148 5335 814 5406; baseline 0.038 -24"><span class='ocrx_word' id='word_1_412' title='bbox 148 5340 184 5383; x_wconf 83' lang='lat' dir='ltr'><strong>et</strong></span> <span class='ocrx_word' id='word_1_413' title='bbox 205 5335 512 5406; x_wconf 84' lang='lat' dir='ltr'><strong>loquacitatis</strong></span> <span class='ocrx_word' id='word_1_414' title='bbox 539 5363 814 5406; x_wconf 75' lang='lat' dir='ltr'><strong>exerceas.</strong></span> 
     </span>
    </p>
   </div>
   <div class='ocr_carea' id='block_1_56' title="bbox 144 5550 1672 5669">
    <p class='ocr_par' dir='ltr' id='par_1_56' title="bbox 144 5550 1672 5669">
     <span class='ocr_line' id='line_1_56' title="bbox 144 5550 1672 5669; baseline 0.031 -69"><span class='ocrx_word' id='word_1_415' title='bbox 144 5550 334 5669; x_wconf 53' lang='grc' dir='ltr'><strong>1ϋέοωὶιὶ</strong></span> <span class='ocrx_word' id='word_1_416' title='bbox 358 5594 372 5618; x_wconf 95' lang='lat'><strong>,</strong></span> <span class='ocrx_word' id='word_1_417' title='bbox 427 5574 519 5612; x_wconf 84' lang='lat' dir='ltr'><strong>non</strong></span> <span class='ocrx_word' id='word_1_418' title='bbox 566 5564 656 5616; x_wconf 82' lang='lat' dir='ltr'><strong>hoc</strong></span> <span class='ocrx_word' id='word_1_419' title='bbox 705 5568 892 5623; x_wconf 76' lang='lat' dir='ltr'><strong>habeat.</strong></span> <span class='ocrx_word' id='word_1_420' title='bbox 941 5581 1240 5642; x_wconf 60' lang='lat' dir='ltr'><strong>Castigatitur</strong></span> <span class='ocrx_word' id='word_1_421' title='bbox 1289 5601 1350 5637; x_wconf 83' lang='lat' dir='ltr'><strong>ex</strong></span> <span class='ocrx_word' id='word_1_422' title='bbox 1409 5597 1672 5645; x_wconf 84' lang='lat' dir='ltr'><strong>manuscri-</strong></span> 
     </span>
    </p>
   </div>
   <div class='ocr_carea' id='block_1_57' title="bbox 187 5676 1667 5778">
    <p class='ocr_par' dir='ltr' id='par_1_57' title="bbox 187 5676 1667 5778">
     <span class='ocr_line' id='line_1_57' title="bbox 187 5676 1667 5778; baseline 0.017 -53"><span class='ocrx_word' id='word_1_423' title='bbox 187 5676 439 5778; x_wconf 49' lang='lat' dir='ltr'><strong>Lt&#39;ditio‘odes</strong></span> <span class='ocrx_word' id='word_1_424' title='bbox 450 5687 580 5735; x_wconf 73' lang='lat' dir='ltr'><strong>Masii</strong></span> <span class='ocrx_word' id='word_1_425' title='bbox 601 5697 653 5763; x_wconf 75' lang='lat' dir='ltr'><strong>et</strong></span> <span class='ocrx_word' id='word_1_426' title='bbox 667 5692 914 5778; x_wconf 52' lang='lat' dir='ltr'><strong>vigni‘erii,</strong></span> <span class='ocrx_word' id='word_1_427' title='bbox 938 5699 1096 5763; x_wconf 83' lang='lat' dir='ltr'><strong>plura.</strong></span> <span class='ocrx_word' id='word_1_428' title='bbox 1112 5713 1233 5769; x_wconf 71' lang='lat' dir='ltr'><strong>\Tss.,</strong></span> <span class='ocrx_word' id='word_1_429' title='bbox 1251 5709 1667 5778; x_wconf 57' lang='grc' dir='ltr'><strong>ῃιιιε,-λιοηπα,,</strong></span> 
     </span>
     <span class='ocr_line' id='line_1_58' title="bbox 219 5751 1023 5778; baseline 0 0"><span class='ocrx_word' id='word_1_430' title='bbox 219 5751 262 5778; x_wconf 62' lang='lat'><strong>0‘1</strong></span> <span class='ocrx_word' id='word_1_431' title='bbox 283 5753 294 5764; x_wconf 85' lang='lat'><strong>&#39;</strong></span> <span class='ocrx_word' id='word_1_432' title='bbox 316 5776 322 5778; x_wconf 95' lang='lat'>_</span> <span class='ocrx_word' id='word_1_433' title='bbox 427 5759 474 5778; x_wconf 78' lang='lat' dir='ltr'><strong>In</strong></span> <span class='ocrx_word' id='word_1_434' title='bbox 495 5761 719 5778; x_wconf 66' lang='grc' dir='ltr'><strong>ωα-η-ηη</strong></span> <span class='ocrx_word' id='word_1_435' title='bbox 766 5769 794 5778; x_wconf 89' lang='grc'><strong>..</strong></span> <span class='ocrx_word' id='word_1_436' title='bbox 818 5771 904 5778; x_wconf 60' lang='grc' dir='ltr'><strong>..-μ</strong></span> <span class='ocrx_word' id='word_1_437' title='bbox 987 5769 1023 5778; x_wconf 91' lang='grc'><strong>.-</strong></span> 
     </span>
    </p>
   </div>
   <div class='ocr_carea' id='block_1_58' title="bbox 145 5731 1040 5818">
    <p class='ocr_par' dir='ltr' id='par_1_58' title="bbox 145 5731 1040 5818">
     <span class='ocr_line' id='line_1_59' title="bbox 145 5731 1040 5818; baseline 0.031 -34"><span class='ocrx_word' id='word_1_438' title='bbox 145 5731 294 5818; x_wconf 50' lang='lat' dir='ltr'><strong>Wire};</strong></span> <span class='ocrx_word' id='word_1_439' title='bbox 424 5731 752 5818; x_wconf 55' lang='lat' dir='ltr'><strong>inruat-giae?</strong></span> <span class='ocrx_word' id='word_1_440' title='bbox 764 5731 922 5818; x_wconf 54' lang='lat' dir='ltr'><strong>plitro’.</strong></span> <span class='ocrx_word' id='word_1_441' title='bbox 939 5731 1040 5812; x_wconf 48' lang='grc' dir='ltr'><strong>μδ.</strong></span> 
     </span>
    </p>
   </div>
   <div class='ocr_carea' id='block_1_59' title="bbox 188 5797 1028 5880">
    <p class='ocr_par' dir='ltr' id='par_1_59' title="bbox 188 5797 1028 5880">
     <span class='ocr_line' id='line_1_60' title="bbox 188 5797 1028 5880; baseline 0.037 -34"><span class='ocrx_word' id='word_1_442' title='bbox 188 5797 203 5826; x_wconf 79' lang='grc'><em>³</em></span> <span class='ocrx_word' id='word_1_443' title='bbox 219 5797 305 5849; x_wconf 65' lang='lat' dir='ltr'><strong>Mss.</strong></span> <span class='ocrx_word' id='word_1_444' title='bbox 323 5801 443 5856; x_wconf 84' lang='lat' dir='ltr'><strong>Clar.</strong></span> <span class='ocrx_word' id='word_1_445' title='bbox 469 5816 519 5860; x_wconf 87' lang='lat' dir='ltr'><strong>et</strong></span> <span class='ocrx_word' id='word_1_446' title='bbox 539 5797 1028 5880; x_wconf 44' lang='lat'><strong>5.375125%:</strong></span> 
     </span>
    </p>
   </div>
   <div class='ocr_carea' id='block_1_60' title="bbox 1491 386 2106 457">
    <p class='ocr_par' dir='ltr' id='par_1_60' title="bbox 1491 386 2106 457">
     <span class='ocr_line' id='line_1_61' title="bbox 1491 386 2106 457; baseline 0.029 -17"><span class='ocrx_word' id='word_1_447' title='bbox 1491 386 1686 442; x_wconf 69' lang='lat' dir='ltr'><strong>LIBER</strong></span> <span class='ocrx_word' id='word_1_448' title='bbox 1727 386 2106 457; x_wconf 80' lang='lat' dir='ltr'><strong>SECUNDUS.</strong></span> 
     </span>
    </p>
   </div>
   <div class='ocr_carea' id='block_1_61' title="bbox 1940 515 3448 624">
    <p class='ocr_par' dir='ltr' id='par_1_61' title="bbox 1940 515 3448 624">
     <span class='ocr_line' id='line_1_62' title="bbox 1940 515 3448 624; baseline 0.036 -61"><span class='ocrx_word' id='word_1_449' title='bbox 1940 515 2067 568; x_wconf 80' lang='lat' dir='ltr'><strong>t:\&#39;l.</strong></span> <span class='ocrx_word' id='word_1_450' title='bbox 2103 517 2219 575; x_wconf 75' lang='lat' dir='ltr'><strong>JUL.</strong></span> <span class='ocrx_word' id='word_1_451' title='bbox 2262 522 2339 577; x_wconf 78' lang='lat' dir='ltr'><strong>Ac</strong></span> <span class='ocrx_word' id='word_1_452' title='bbox 2388 543 2481 595; x_wconf 81' lang='lat' dir='ltr'><strong>per</strong></span> <span class='ocrx_word' id='word_1_453' title='bbox 2526 530 2661 599; x_wconf 91' lang='lat' dir='ltr'><strong>hoc,</strong></span> <span class='ocrx_word' id='word_1_454' title='bbox 2694 536 2738 589; x_wconf 89' lang='lat' dir='ltr'><strong>si</strong></span> <span class='ocrx_word' id='word_1_455' title='bbox 2778 551 2859 600; x_wconf 82' lang='lat' dir='ltr'><strong>est</strong></span> <span class='ocrx_word' id='word_1_456' title='bbox 2899 551 3136 608; x_wconf 85' lang='lat' dir='ltr'><strong>naturale</strong></span> <span class='ocrx_word' id='word_1_457' title='bbox 3174 569 3448 624; x_wconf 85' lang='lat' dir='ltr'><strong>peccatum</strong></span> 
     </span>
    </p>
   </div>
   <div class='ocr_carea' id='block_1_62' title="bbox 1869 611 3443 719">
    <p class='ocr_par' dir='ltr' id='par_1_62' title="bbox 1869 611 3443 719">
     <span class='ocr_line' id='line_1_63' title="bbox 1869 611 3443 719; baseline 0.029 -67"><span class='ocrx_word' id='word_1_458' title='bbox 1869 611 2130 661; x_wconf 59' lang='lat' dir='ltr'><strong>lautam-tt</strong></span> <span class='ocrx_word' id='word_1_459' title='bbox 2162 625 2346 669; x_wconf 82' lang='lat' dir='ltr'><strong>auctor</strong></span> <span class='ocrx_word' id='word_1_460' title='bbox 2373 620 2653 692; x_wconf 87' lang='lat' dir='ltr'><strong>malorum,</strong></span> <span class='ocrx_word' id='word_1_461' title='bbox 2681 632 2850 698; x_wconf 85' lang='lat' dir='ltr'><strong>gratia</strong></span> <span class='ocrx_word' id='word_1_462' title='bbox 2880 635 3075 696; x_wconf 80' lang='lat' dir='ltr'><strong>Christi</strong></span> <span class='ocrx_word' id='word_1_463' title='bbox 3107 661 3443 719; x_wconf 76' lang='lat' dir='ltr'><strong>nequaquam</strong></span> 
     </span>
     <span class='ocr_line' id='line_1_64' title="bbox 1869 697 2575 719; baseline 0 0"><span class='ocrx_word' id='word_1_464' title='bbox 1869 697 2021 719; x_wconf 64' lang='lat' dir='ltr'><strong>.....ln,.</strong></span> <span class='ocrx_word' id='word_1_465' title='bbox 2077 699 2088 719; x_wconf 86' lang='grc' dir='ltr'><strong>Ι</strong></span> <span class='ocrx_word' id='word_1_466' title='bbox 2128 701 2158 719; x_wconf 79' lang='grc'><strong>1·</strong></span> <span class='ocrx_word' id='word_1_467' title='bbox 2201 715 2209 719; x_wconf 84' lang='grc'><strong>-</strong></span> <span class='ocrx_word' id='word_1_468' title='bbox 2294 707 2303 719; x_wconf 82' lang='grc' dir='ltr'><strong>ι</strong></span> <span class='ocrx_word' id='word_1_469' title='bbox 2469 711 2480 719; x_wconf 90' lang='grc'>.</span> <span class='ocrx_word' id='word_1_470' title='bbox 2567 717 2575 719; x_wconf 37' lang='grc' dir='ltr'><strong><em>μ</em></strong></span> 
     </span>
    </p>
   </div>
   <div class='ocr_carea' id='block_1_63' title="bbox 1867 697 3444 802">
    <p class='ocr_par' dir='ltr' id='par_1_63' title="bbox 1867 697 3444 802">
     <span class='ocr_line' id='line_1_65' title="bbox 1867 697 3444 802; baseline 0.036 -58"><span class='ocrx_word' id='word_1_471' title='bbox 1867 697 2024 749; x_wconf 82' lang='lat' dir='ltr'><strong>inulta</strong></span> <span class='ocrx_word' id='word_1_472' title='bbox 2058 699 2244 759; x_wconf 73' lang='lat' dir='ltr'><strong>delicta</strong></span> <span class='ocrx_word' id='word_1_473' title='bbox 2273 707 2518 765; x_wconf 88' lang='lat' dir='ltr'><strong>donando</strong></span> <span class='ocrx_word' id='word_1_474' title='bbox 2556 717 2992 790; x_wconf 64' lang='lat' dir='ltr'><strong>justifirMionem</strong></span> <span class='ocrx_word' id='word_1_475' title='bbox 3023 749 3271 802; x_wconf 87' lang='lat' dir='ltr'><strong>operatur</strong></span> <span class='ocrx_word' id='word_1_476' title='bbox 3301 759 3315 796; x_wconf 87' lang='lat'><strong><em>:</em></strong></span> <span class='ocrx_word' id='word_1_477' title='bbox 3345 745 3444 800; x_wconf 87' lang='lat' dir='ltr'><strong>sed</strong></span> 
     </span>
    </p>
   </div>
   <div class='ocr_carea' id='block_1_64' title="bbox 1866 786 3446 892">
    <p class='ocr_par' dir='ltr' id='par_1_64' title="bbox 1866 786 3446 892">
     <span class='ocr_line' id='line_1_66' title="bbox 1866 786 3446 892; baseline 0.035 -57"><span class='ocrx_word' id='word_1_478' title='bbox 1866 786 1951 838; x_wconf 91' lang='lat' dir='ltr'><strong>uni</strong></span> <span class='ocrx_word' id='word_1_479' title='bbox 1985 805 2201 856; x_wconf 78' lang='lat' dir='ltr'><strong>peccato</strong></span> <span class='ocrx_word' id='word_1_480' title='bbox 2240 799 2557 870; x_wconf 85' lang='lat' dir='ltr'><strong>indulgendo</strong></span> <span class='ocrx_word' id='word_1_481' title='bbox 2599 815 2877 881; x_wconf 87' lang='lat' dir='ltr'><strong>negotium</strong></span> <span class='ocrx_word' id='word_1_482' title='bbox 2913 820 3250 892; x_wconf 85' lang='lat' dir='ltr'><strong>benignitatis</strong></span> <span class='ocrx_word' id='word_1_483' title='bbox 3287 847 3446 888; x_wconf 77' lang='lat' dir='ltr'><strong>exse-</strong></span> 
     </span>
    </p>
   </div>
   <div class='ocr_carea' id='block_1_65' title="bbox 1861 882 3443 981">
    <p class='ocr_par' dir='ltr' id='par_1_65' title="bbox 1861 882 3443 981">
     <span class='ocr_line' id='line_1_67' title="bbox 1861 882 3443 981; baseline 0.032 -53"><span class='ocrx_word' id='word_1_484' title='bbox 1861 882 2069 948; x_wconf 64' lang='lat' dir='ltr'><strong>quitur;</strong></span> <span class='ocrx_word' id='word_1_485' title='bbox 2100 889 2236 953; x_wconf 89' lang='lat' dir='ltr'><strong>quod</strong></span> <span class='ocrx_word' id='word_1_486' title='bbox 2269 909 2387 946; x_wconf 89' lang='lat' dir='ltr'><strong>cum</strong></span> <span class='ocrx_word' id='word_1_487' title='bbox 2414 912 2471 950; x_wconf 75' lang='lat' dir='ltr'><strong>se</strong></span> <span class='ocrx_word' id='word_1_488' title='bbox 2494 901 2722 968; x_wconf 86' lang='lat' dir='ltr'><strong>spondet</strong></span> <span class='ocrx_word' id='word_1_489' title='bbox 2747 918 2988 966; x_wconf 84' lang='lat' dir='ltr'><strong>acturam</strong></span> <span class='ocrx_word' id='word_1_490' title='bbox 3015 914 3052 976; x_wconf 78' lang='grc' dir='ltr'><strong>ί,</strong></span> <span class='ocrx_word' id='word_1_491' title='bbox 3083 917 3240 973; x_wconf 85' lang='lat' dir='ltr'><strong>fidem</strong></span> <span class='ocrx_word' id='word_1_492' title='bbox 3288 925 3443 981; x_wconf 61' lang='lat' dir='ltr'><strong>faciet</strong></span> 
     </span>
    </p>
   </div>
   <div class='ocr_carea' id='block_1_66' title="bbox 1860 973 3442 1073">
    <p class='ocr_par' dir='ltr' id='par_1_66' title="bbox 1860 973 3442 1073">
     <span class='ocr_line' id='line_1_68' title="bbox 1860 973 3442 1073; baseline 0.033 -55"><span class='ocrx_word' id='word_1_493' title='bbox 1860 973 2163 1039; x_wconf 81' lang='lat' dir='ltr'><strong>promissis,</strong></span> <span class='ocrx_word' id='word_1_494' title='bbox 2196 981 2236 1031; x_wconf 85' lang='lat' dir='ltr'><strong>si</strong></span> <span class='ocrx_word' id='word_1_495' title='bbox 2271 981 2384 1036; x_wconf 81' lang='lat' dir='ltr'><strong>ha-c</strong></span> <span class='ocrx_word' id='word_1_496' title='bbox 2417 1004 2535 1056; x_wconf 79' lang='lat' dir='ltr'><strong>qua:</strong></span> <span class='ocrx_word' id='word_1_497' title='bbox 2562 991 2809 1051; x_wconf 88' lang='lat' dir='ltr'><strong>dicuntur</strong></span> <span class='ocrx_word' id='word_1_498' title='bbox 2852 1015 2950 1069; x_wconf 88' lang='lat' dir='ltr'><strong>per</strong></span> <span class='ocrx_word' id='word_1_499' title='bbox 2999 1011 3200 1073; x_wconf 81' lang='lat' dir='ltr'><strong>peceati</strong></span> <span class='ocrx_word' id='word_1_500' title='bbox 3253 1015 3442 1070; x_wconf 91' lang='lat' dir='ltr'><strong>vulnus</strong></span> 
     </span>
    </p>
   </div>
   <div class='ocr_carea' id='block_1_67' title="bbox 1860 1055 3440 1174">
    <p class='ocr_par' dir='ltr' id='par_1_67' title="bbox 1860 1055 3440 1174">
     <span class='ocr_line' id='line_1_69' title="bbox 1860 1055 3440 1174; baseline 0.034 -66"><span class='ocrx_word' id='word_1_501' title='bbox 1860 1055 2063 1116; x_wconf 74' lang='lat' dir='ltr'><strong>invecta</strong></span> <span class='ocrx_word' id='word_1_502' title='bbox 2089 1072 2389 1128; x_wconf 89' lang='lat' dir='ltr'><strong>curaverit:</strong></span> <span class='ocrx_word' id='word_1_503' title='bbox 2415 1089 2670 1138; x_wconf 68' lang='lat' dir='ltr'><strong>caeterum</strong></span> <span class='ocrx_word' id='word_1_504' title='bbox 2709 1087 2755 1141; x_wconf 91' lang='lat' dir='ltr'><strong>si</strong></span> <span class='ocrx_word' id='word_1_505' title='bbox 2798 1099 2853 1144; x_wconf 88' lang='lat' dir='ltr'><strong>et</strong></span> <span class='ocrx_word' id='word_1_506' title='bbox 2895 1106 3015 1160; x_wconf 64' lang='lat' dir='ltr'><strong>post</strong></span> <span class='ocrx_word' id='word_1_507' title='bbox 3046 1101 3277 1156; x_wconf 73' lang='lat' dir='ltr'><strong>remedia</strong></span> <span class='ocrx_word' id='word_1_508' title='bbox 3319 1121 3440 1174; x_wconf 77' lang='lat' dir='ltr'><strong>qua:</strong></span> 
     </span>
     <span class='ocr_line' id='line_1_70' title="bbox 1860 1147 2553 1174; baseline 0.033 0"><span class='ocrx_word' id='word_1_509' title='bbox 1860 1147 2039 1174; x_wconf 65' lang='grc' dir='ltr'><strong>ιΙΛι--Ιὲι</strong></span> <span class='ocrx_word' id='word_1_510' title='bbox 2104 1173 2107 1174; x_wconf 54' lang='grc' dir='ltr'><em>ν</em></span> <span class='ocrx_word' id='word_1_511' title='bbox 2179 1159 2190 1174; x_wconf 79' lang='grc'><strong><em>⁵</em></strong></span> <span class='ocrx_word' id='word_1_512' title='bbox 2316 1173 2319 1174; x_wconf 52' lang='grc' dir='ltr'><em>ν</em></span> <span class='ocrx_word' id='word_1_513' title='bbox 2548 1173 2553 1174; x_wconf 63' lang='grc'><strong><em>⁷</em></strong></span> 
     </span>
    </p>
   </div>
   <div class='ocr_carea' id='block_1_68' title="bbox 1855 1147 3440 1262">
    <p class='ocr_par' dir='ltr' id='par_1_68' title="bbox 1855 1147 3440 1262">
     <span class='ocr_line' id='line_1_71' title="bbox 2895 1147 3440 1174; baseline 0.037 -31"><span class='ocrx_word' id='word_1_514' title='bbox 2895 1147 2908 1160; x_wconf 52' lang='grc' dir='ltr'><strong>Ι</strong></span> <span class='ocrx_word' id='word_1_515' title='bbox 3048 1147 3277 1156; x_wconf 61' lang='lat'><strong>,-_---.....</strong></span> <span class='ocrx_word' id='word_1_516' title='bbox 3319 1147 3440 1174; x_wconf 59' lang='grc' dir='ltr'><strong>ηπ...</strong></span> 
     </span>
     <span class='ocr_line' id='line_1_72' title="bbox 1855 1147 3440 1262; baseline 0.034 -62"><span class='ocrx_word' id='word_1_517' title='bbox 1855 1147 2063 1221; x_wconf 87' lang='lat' dir='ltr'><strong>detulit,</strong></span> <span class='ocrx_word' id='word_1_518' title='bbox 2094 1159 2277 1215; x_wconf 88' lang='lat' dir='ltr'><strong>eadem</strong></span> <span class='ocrx_word' id='word_1_519' title='bbox 2310 1173 2484 1223; x_wconf 88' lang='lat' dir='ltr'><strong>tamen</strong></span> <span class='ocrx_word' id='word_1_520' title='bbox 2525 1173 2907 1237; x_wconf 88' lang='lat' dir='ltr'><strong>diabolicorum</strong></span> <span class='ocrx_word' id='word_1_521' title='bbox 2940 1190 3243 1247; x_wconf 88' lang='lat' dir='ltr'><strong>morborum</strong></span> <span class='ocrx_word' id='word_1_522' title='bbox 3271 1198 3440 1262; x_wconf 85' lang='lat' dir='ltr'><strong>series</strong></span> 
     </span>
    </p>
   </div>
   <div class='ocr_carea' id='block_1_69' title="bbox 1854 1256 3441 1354">
    <p class='ocr_par' dir='ltr' id='par_1_69' title="bbox 1854 1256 3441 1354">
     <span class='ocr_line' id='line_1_73' title="bbox 1854 1256 3441 1354; baseline 0.032 -58"><span class='ocrx_word' id='word_1_523' title='bbox 1854 1256 2191 1317; x_wconf 70' lang='lat' dir='ltr'><strong>perseverat;</strong></span> <span class='ocrx_word' id='word_1_524' title='bbox 2222 1267 2342 1310; x_wconf 86' lang='lat' dir='ltr'><strong>voto</strong></span> <span class='ocrx_word' id='word_1_525' title='bbox 2366 1261 2385 1290; x_wconf 87' lang='grc'>²</span> <span class='ocrx_word' id='word_1_526' title='bbox 2414 1263 2526 1332; x_wconf 85' lang='lat' dir='ltr'><strong>ejus</strong></span> <span class='ocrx_word' id='word_1_527' title='bbox 2549 1271 2884 1341; x_wconf 82' lang='lat' dir='ltr'><strong>gratificatio,</strong></span> <span class='ocrx_word' id='word_1_528' title='bbox 2922 1287 3317 1354; x_wconf 68' lang='lat' dir='ltr'><strong>praesumptioni</strong></span> <span class='ocrx_word' id='word_1_529' title='bbox 3345 1306 3441 1346; x_wconf 83' lang='lat' dir='ltr'><strong>ve-</strong></span> 
     </span>
    </p>
   </div>
   <div class='ocr_carea' id='block_1_70' title="bbox 1854 1335 3436 1444">
    <p class='ocr_par' dir='ltr' id='par_1_70' title="bbox 1854 1335 3436 1444">
     <span class='ocr_line' id='line_1_74' title="bbox 1854 1335 3436 1444; baseline 0.035 -59"><span class='ocrx_word' id='word_1_530' title='bbox 1854 1335 1935 1386; x_wconf 90' lang='lat' dir='ltr'><strong>nia</strong></span> <span class='ocrx_word' id='word_1_531' title='bbox 1963 1337 2200 1409; x_wconf 90' lang='lat' dir='ltr'><strong>debetur,</strong></span> <span class='ocrx_word' id='word_1_532' title='bbox 2231 1350 2350 1416; x_wconf 91' lang='lat' dir='ltr'><strong>quia</strong></span> <span class='ocrx_word' id='word_1_533' title='bbox 2377 1355 2441 1408; x_wconf 90' lang='lat' dir='ltr'><strong>ad</strong></span> <span class='ocrx_word' id='word_1_534' title='bbox 2481 1335 2772 1418; x_wconf 84' lang='lat' dir='ltr'><strong>curandum</strong></span> <span class='ocrx_word' id='word_1_535' title='bbox 2805 1366 3014 1424; x_wconf 80' lang='lat' dir='ltr'><strong>innatas</strong></span> <span class='ocrx_word' id='word_1_536' title='bbox 3059 1388 3237 1444; x_wconf 83' lang='lat' dir='ltr'><strong>pestes</strong></span> <span class='ocrx_word' id='word_1_537' title='bbox 3265 1382 3436 1440; x_wconf 86' lang='lat' dir='ltr'><strong>virtus</strong></span> 
     </span>
    </p>
   </div>
   <div class='ocr_carea' id='block_1_71' title="bbox 1849 1424 2539 1500">
    <p class='ocr_par' dir='ltr' id='par_1_71' title="bbox 1849 1424 2539 1500">
     <span class='ocr_line' id='line_1_75' title="bbox 1849 1424 2539 1500; baseline 0.035 -23"><span class='ocrx_word' id='word_1_538' title='bbox 1849 1424 1897 1478; x_wconf 90' lang='lat' dir='ltr'><strong>ei</strong></span> <span class='ocrx_word' id='word_1_539' title='bbox 1928 1427 2113 1497; x_wconf 83' lang='lat' dir='ltr'><strong>defuit,</strong></span> <span class='ocrx_word' id='word_1_540' title='bbox 2140 1450 2244 1490; x_wconf 92' lang='lat' dir='ltr'><strong>non</strong></span> <span class='ocrx_word' id='word_1_541' title='bbox 2273 1441 2539 1500; x_wconf 80' lang='lat' dir='ltr'><strong>voluntas.</strong></span> 
     </span>
    </p>
   </div>
   <div class='ocr_carea' id='block_1_72' title="bbox 1919 1519 3432 1624">
    <p class='ocr_par' dir='ltr' id='par_1_72' title="bbox 1919 1519 3432 1624">
     <span class='ocr_line' id='line_1_76' title="bbox 1919 1519 3432 1624; baseline 0.035 -52"><span class='ocrx_word' id='word_1_542' title='bbox 1919 1519 2052 1578; x_wconf 77' lang='lat' dir='ltr'><strong>Aea.</strong></span> <span class='ocrx_word' id='word_1_543' title='bbox 2076 1524 2191 1580; x_wconf 85' lang='lat' dir='ltr'><strong>Jam</strong></span> <span class='ocrx_word' id='word_1_544' title='bbox 2218 1546 2527 1604; x_wconf 83' lang='lat' dir='ltr'><strong>responsum</strong></span> <span class='ocrx_word' id='word_1_545' title='bbox 2554 1553 2636 1598; x_wconf 89' lang='lat' dir='ltr'><strong>est</strong></span> <span class='ocrx_word' id='word_1_546' title='bbox 2669 1564 2682 1600; x_wconf 90' lang='lat'><strong>:</strong></span> <span class='ocrx_word' id='word_1_547' title='bbox 2709 1547 2976 1624; x_wconf 84' lang='lat' dir='ltr'><strong>intelligo,</strong></span> <span class='ocrx_word' id='word_1_548' title='bbox 3005 1567 3057 1612; x_wconf 87' lang='lat' dir='ltr'><strong>et</strong></span> <span class='ocrx_word' id='word_1_549' title='bbox 3085 1570 3220 1616; x_wconf 86' lang='lat' dir='ltr'><strong>tace.</strong></span> <span class='ocrx_word' id='word_1_550' title='bbox 3258 1566 3432 1624; x_wconf 81' lang='lat' dir='ltr'><strong>Aliter</strong></span> 
     </span>
    </p>
   </div>
   <div class='ocr_carea' id='block_1_73' title="bbox 1844 1613 3410 1715">
    <p class='ocr_par' dir='ltr' id='par_1_73' title="bbox 1844 1613 3410 1715">
     <span class='ocr_line' id='line_1_77' title="bbox 1844 1613 3410 1715; baseline 0.034 -54"><span class='ocrx_word' id='word_1_551' title='bbox 1844 1613 2009 1678; x_wconf 90' lang='lat' dir='ltr'><strong>gratia</strong></span> <span class='ocrx_word' id='word_1_552' title='bbox 2033 1628 2325 1679; x_wconf 88' lang='lat' dir='ltr'><strong>certantem</strong></span> <span class='ocrx_word' id='word_1_553' title='bbox 2355 1628 2494 1694; x_wconf 88' lang='lat' dir='ltr'><strong>facit,</strong></span> <span class='ocrx_word' id='word_1_554' title='bbox 2521 1645 2677 1706; x_wconf 87' lang='lat' dir='ltr'><strong>atque</strong></span> <span class='ocrx_word' id='word_1_555' title='bbox 2701 1641 2946 1710; x_wconf 87' lang='lat' dir='ltr'><strong>adjuvat;</strong></span> <span class='ocrx_word' id='word_1_556' title='bbox 2970 1650 3125 1706; x_wconf 89' lang='lat' dir='ltr'><strong>aliter</strong></span> <span class='ocrx_word' id='word_1_557' title='bbox 3149 1655 3410 1715; x_wconf 87' lang='lat' dir='ltr'><strong>victorem</strong></span> 
     </span>
    </p>
   </div>
   <div class='ocr_carea' id='block_1_74' title="bbox 1844 1699 3427 1807">
    <p class='ocr_par' dir='ltr' id='par_1_74' title="bbox 1844 1699 3427 1807">
     <span class='ocr_line' id='line_1_78' title="bbox 1844 1699 3427 1807; baseline 0.035 -56"><span class='ocrx_word' id='word_1_558' title='bbox 1844 1699 1960 1756; x_wconf 85' lang='lat' dir='ltr'><strong>sine</strong></span> <span class='ocrx_word' id='word_1_559' title='bbox 2005 1703 2156 1762; x_wconf 85' lang='lat' dir='ltr'><strong>hoste</strong></span> <span class='ocrx_word' id='word_1_560' title='bbox 2188 1712 2296 1767; x_wconf 92' lang='lat' dir='ltr'><strong>ullo</strong></span> <span class='ocrx_word' id='word_1_561' title='bbox 2317 1756 2331 1778; x_wconf 90' lang='lat'><strong>,</strong></span> <span class='ocrx_word' id='word_1_562' title='bbox 2364 1719 2445 1772; x_wconf 90' lang='lat' dir='ltr'><strong>vel</strong></span> <span class='ocrx_word' id='word_1_563' title='bbox 2473 1735 2695 1780; x_wconf 86' lang='lat' dir='ltr'><strong>externo</strong></span> <span class='ocrx_word' id='word_1_564' title='bbox 2716 1771 2730 1796; x_wconf 90' lang='lat'><strong>,</strong></span> <span class='ocrx_word' id='word_1_565' title='bbox 2763 1735 2842 1786; x_wconf 91' lang='lat' dir='ltr'><strong>vel</strong></span> <span class='ocrx_word' id='word_1_566' title='bbox 2876 1737 3112 1807; x_wconf 89' lang='lat' dir='ltr'><strong>interno,</strong></span> <span class='ocrx_word' id='word_1_567' title='bbox 3151 1745 3201 1800; x_wconf 91' lang='lat' dir='ltr'><strong>in</strong></span> <span class='ocrx_word' id='word_1_568' title='bbox 3230 1759 3427 1806; x_wconf 65' lang='lat' dir='ltr'><strong>aeterna</strong></span> 
     </span>
    </p>
   </div>
   <div class='ocr_carea' id='block_1_75' title="bbox 1843 1805 3422 1906">
    <p class='ocr_par' dir='ltr' id='par_1_75' title="bbox 1843 1805 3422 1906">
     <span class='ocr_line' id='line_1_79' title="bbox 1843 1805 3422 1906; baseline 0.037 -64"><span class='ocrx_word' id='word_1_569' title='bbox 1843 1805 1972 1860; x_wconf 88' lang='lat' dir='ltr'><strong>pace</strong></span> <span class='ocrx_word' id='word_1_570' title='bbox 1997 1812 2278 1858; x_wconf 72' lang='lat' dir='ltr'><strong>conservat</strong></span> <span class='ocrx_word' id='word_1_571' title='bbox 2302 1823 2314 1860; x_wconf 89' lang='lat'><strong>:</strong></span> <span class='ocrx_word' id='word_1_572' title='bbox 2343 1807 2440 1865; x_wconf 82' lang='lat' dir='ltr'><strong>ista</strong></span> <span class='ocrx_word' id='word_1_573' title='bbox 2471 1812 2730 1874; x_wconf 86' lang='lat' dir='ltr'><strong>laboriosa</strong></span> <span class='ocrx_word' id='word_1_574' title='bbox 2759 1826 2943 1883; x_wconf 91' lang='lat' dir='ltr'><strong>militia</strong></span> <span class='ocrx_word' id='word_1_575' title='bbox 2975 1843 3057 1886; x_wconf 89' lang='lat' dir='ltr'><strong>est</strong></span> <span class='ocrx_word' id='word_1_576' title='bbox 3086 1835 3136 1889; x_wconf 96' lang='lat' dir='ltr'><strong>in</strong></span> <span class='ocrx_word' id='word_1_577' title='bbox 3167 1846 3422 1906; x_wconf 81' lang='lat' dir='ltr'><strong>praesenti</strong></span> 
     </span>
    </p>
   </div>
   <div class='ocr_carea' id='block_1_76' title="bbox 1840 1890 3428 1993">
    <p class='ocr_par' dir='ltr' id='par_1_76' title="bbox 1840 1890 3428 1993">
     <span class='ocr_line' id='line_1_80' title="bbox 1840 1890 3428 1993; baseline 0.034 -54"><span class='ocrx_word' id='word_1_578' title='bbox 1840 1890 2056 1954; x_wconf 78' lang='lat' dir='ltr'><strong>si-culo,</strong></span> <span class='ocrx_word' id='word_1_579' title='bbox 2087 1893 2171 1948; x_wconf 90' lang='lat' dir='ltr'><strong>illa</strong></span> <span class='ocrx_word' id='word_1_580' title='bbox 2202 1897 2351 1953; x_wconf 89' lang='lat' dir='ltr'><strong>beata</strong></span> <span class='ocrx_word' id='word_1_581' title='bbox 2385 1908 2592 1975; x_wconf 90' lang='lat' dir='ltr'><strong>requies</strong></span> <span class='ocrx_word' id='word_1_582' title='bbox 2623 1911 2675 1966; x_wconf 89' lang='lat' dir='ltr'><strong>in</strong></span> <span class='ocrx_word' id='word_1_583' title='bbox 2707 1913 2902 1972; x_wconf 88' lang='lat' dir='ltr'><strong>futuro.</strong></span> <span class='ocrx_word' id='word_1_584' title='bbox 2929 1922 3032 1979; x_wconf 85' lang='lat' dir='ltr'><strong>Sed</strong></span> <span class='ocrx_word' id='word_1_585' title='bbox 3057 1927 3101 1982; x_wconf 92' lang='lat' dir='ltr'><strong>si</strong></span> <span class='ocrx_word' id='word_1_586' title='bbox 3125 1890 3320 1990; x_wconf 66' lang='lat' dir='ltr'><strong>uicum</strong></span> <span class='ocrx_word' id='word_1_587' title='bbox 3349 1938 3428 1993; x_wconf 74' lang='lat' dir='ltr'><strong>vi-</strong></span> 
     </span>
    </p>
   </div>
   <div class='ocr_carea' id='block_1_77' title="bbox 1841 1976 3420 2084">
    <p class='ocr_par' dir='ltr' id='par_1_77' title="bbox 1841 1976 3420 2084">
     <span class='ocr_line' id='line_1_81' title="bbox 1841 1976 3420 2084; baseline 0.037 -57"><span class='ocrx_word' id='word_1_588' title='bbox 1841 1976 1925 2031; x_wconf 91' lang='lat' dir='ltr'><strong>tiis</strong></span> <span class='ocrx_word' id='word_1_589' title='bbox 1949 1984 2251 2042; x_wconf 85' lang='lat' dir='ltr'><strong>carnalibus</strong></span> <span class='ocrx_word' id='word_1_590' title='bbox 2281 1990 2330 2044; x_wconf 94' lang='lat' dir='ltr'><strong>iu</strong></span> <span class='ocrx_word' id='word_1_591' title='bbox 2357 2003 2406 2048; x_wconf 92' lang='lat' dir='ltr'><strong>te</strong></span> <span class='ocrx_word' id='word_1_592' title='bbox 2430 1997 2544 2066; x_wconf 88' lang='lat' dir='ltr'><strong>ipso</strong></span> <span class='ocrx_word' id='word_1_593' title='bbox 2572 2001 2770 2060; x_wconf 89' lang='lat' dir='ltr'><strong>bellum</strong></span> <span class='ocrx_word' id='word_1_594' title='bbox 2803 2026 2907 2066; x_wconf 91' lang='lat' dir='ltr'><strong>non</strong></span> <span class='ocrx_word' id='word_1_595' title='bbox 2936 2018 3100 2084; x_wconf 85' lang='lat' dir='ltr'><strong>geris.</strong></span> <span class='ocrx_word' id='word_1_596' title='bbox 3123 2025 3420 2084; x_wconf 77' lang='lat' dir='ltr'><strong>erubesco:</strong></span> 
     </span>
    </p>
   </div>
   <div class='ocr_carea' id='block_1_78' title="bbox 1836 2069 2426 2142">
    <p class='ocr_par' dir='ltr' id='par_1_78' title="bbox 1836 2069 2426 2142">
     <span class='ocr_line' id='line_1_82' title="bbox 1836 2069 2426 2142; baseline 0.037 -22"><span class='ocrx_word' id='word_1_597' title='bbox 1836 2069 1880 2122; x_wconf 85' lang='lat' dir='ltr'><strong>si</strong></span> <span class='ocrx_word' id='word_1_598' title='bbox 1911 2074 2071 2140; x_wconf 86' lang='lat' dir='ltr'><strong>geris,</strong></span> <span class='ocrx_word' id='word_1_599' title='bbox 2096 2078 2426 2142; x_wconf 87' lang='lat' dir='ltr'><strong>obmutesce.</strong></span> 
     </span>
    </p>
   </div>
   <div class='ocr_carea' id='block_1_79' title="bbox 1905 2160 3418 2267">
    <p class='ocr_par' dir='ltr' id='par_1_79' title="bbox 1905 2160 3418 2267">
     <span class='ocr_line' id='line_1_83' title="bbox 1905 2160 3418 2267; baseline 0.036 -53"><span class='ocrx_word' id='word_1_600' title='bbox 1905 2160 2059 2218; x_wconf 86' lang='lat' dir='ltr'><strong>CVII.</strong></span> <span class='ocrx_word' id='word_1_601' title='bbox 2092 2168 2210 2224; x_wconf 78' lang='lat' dir='ltr'><strong>JUL.</strong></span> <span class='ocrx_word' id='word_1_602' title='bbox 2243 2173 2378 2241; x_wconf 88' lang='lat' dir='ltr'><strong>Quid</strong></span> <span class='ocrx_word' id='word_1_603' title='bbox 2407 2181 2563 2249; x_wconf 85' lang='lat' dir='ltr'><strong>igitur</strong></span> <span class='ocrx_word' id='word_1_604' title='bbox 2593 2185 2691 2243; x_wconf 90' lang='lat' dir='ltr'><strong>hac</strong></span> <span class='ocrx_word' id='word_1_605' title='bbox 2722 2190 3082 2262; x_wconf 85' lang='lat' dir='ltr'><strong>disputatione</strong></span> <span class='ocrx_word' id='word_1_606' title='bbox 3117 2205 3418 2267; x_wconf 83' lang='lat' dir='ltr'><strong>confectum</strong></span> 
     </span>
    </p>
   </div>
   <div class='ocr_carea' id='block_1_80' title="bbox 1833 2255 3416 2358">
    <p class='ocr_par' dir='ltr' id='par_1_80' title="bbox 1833 2255 3416 2358">
     <span class='ocr_line' id='line_1_84' title="bbox 1833 2255 3416 2358; baseline 0.037 -57"><span class='ocrx_word' id='word_1_607' title='bbox 1833 2255 1954 2307; x_wconf 84' lang='lat' dir='ltr'><strong>est?</strong></span> <span class='ocrx_word' id='word_1_608' title='bbox 1977 2256 2164 2316; x_wconf 90' lang='lat' dir='ltr'><strong>Sensui</strong></span> <span class='ocrx_word' id='word_1_609' title='bbox 2197 2266 2438 2325; x_wconf 83' lang='lat' dir='ltr'><strong>videlicet</strong></span> <span class='ocrx_word' id='word_1_610' title='bbox 2465 2283 2553 2327; x_wconf 88' lang='lat' dir='ltr'><strong>tuo</strong></span> <span class='ocrx_word' id='word_1_611' title='bbox 2579 2288 2634 2332; x_wconf 90' lang='lat' dir='ltr'><strong>et</strong></span> <span class='ocrx_word' id='word_1_612' title='bbox 2679 2282 2938 2353; x_wconf 83' lang='lat' dir='ltr'><strong>Apostolo</strong></span> <span class='ocrx_word' id='word_1_613' title='bbox 2974 2308 3078 2348; x_wconf 91' lang='lat' dir='ltr'><strong>non</strong></span> <span class='ocrx_word' id='word_1_614' title='bbox 3112 2303 3416 2358; x_wconf 84' lang='lat' dir='ltr'><strong>convenire.</strong></span> 
     </span>
    </p>
   </div>
   <div class='ocr_carea' id='block_1_81' title="bbox 1832 2346 3418 2451">
    <p class='ocr_par' dir='ltr' id='par_1_81' title="bbox 1832 2346 3418 2451">
     <span class='ocr_line' id='line_1_85' title="bbox 1832 2346 3418 2451; baseline 0.034 -54"><span class='ocrx_word' id='word_1_615' title='bbox 1832 2346 2117 2413; x_wconf 84' lang='lat' dir='ltr'><strong>Apostolus</strong></span> <span class='ocrx_word' id='word_1_616' title='bbox 2146 2359 2284 2412; x_wconf 89' lang='lat' dir='ltr'><strong>enim</strong></span> <span class='ocrx_word' id='word_1_617' title='bbox 2315 2363 2428 2428; x_wconf 88' lang='lat' dir='ltr'><strong>ait,</strong></span> <span class='ocrx_word' id='word_1_618' title='bbox 2460 2370 2619 2424; x_wconf 90' lang='lat' dir='ltr'><strong>multa</strong></span> <span class='ocrx_word' id='word_1_619' title='bbox 2662 2374 2854 2432; x_wconf 84' lang='lat' dir='ltr'><strong>delicta</strong></span> <span class='ocrx_word' id='word_1_620' title='bbox 2887 2384 3070 2448; x_wconf 73' lang='lat' dir='ltr'><strong>gratim</strong></span> <span class='ocrx_word' id='word_1_621' title='bbox 3105 2387 3418 2451; x_wconf 85' lang='lat' dir='ltr'><strong>liberalitate</strong></span> 
     </span>
    </p>
   </div>
   <div class='ocr_carea' id='block_1_82' title="bbox 1829 2437 3411 2550">
    <p class='ocr_par' dir='ltr' id='par_1_82' title="bbox 1829 2437 3411 2550">
     <span class='ocr_line' id='line_1_86' title="bbox 1829 2437 3411 2550; baseline 0.034 -60"><span class='ocrx_word' id='word_1_622' title='bbox 1829 2437 2012 2494; x_wconf 89' lang='lat' dir='ltr'><strong>donari</strong></span> <span class='ocrx_word' id='word_1_623' title='bbox 2041 2460 2052 2496; x_wconf 91' lang='lat'>:</span> <span class='ocrx_word' id='word_1_624' title='bbox 2078 2443 2268 2514; x_wconf 78' lang='lat' dir='ltr'><strong>dogma</strong></span> <span class='ocrx_word' id='word_1_625' title='bbox 2313 2469 2439 2507; x_wconf 88' lang='lat' dir='ltr'><strong>vero</strong></span> <span class='ocrx_word' id='word_1_626' title='bbox 2481 2470 2626 2516; x_wconf 86' lang='lat' dir='ltr'><strong>tinun</strong></span> <span class='ocrx_word' id='word_1_627' title='bbox 2665 2471 2888 2535; x_wconf 86' lang='lat' dir='ltr'><strong>asserit,</strong></span> <span class='ocrx_word' id='word_1_628' title='bbox 2935 2489 3095 2532; x_wconf 89' lang='lat' dir='ltr'><strong>unum</strong></span> <span class='ocrx_word' id='word_1_629' title='bbox 3138 2495 3411 2550; x_wconf 87' lang='lat' dir='ltr'><strong>peccatum</strong></span> 
     </span>
    </p>
   </div>
   <div class='ocr_carea' id='block_1_83' title="bbox 1830 2532 3412 2631">
    <p class='ocr_par' dir='ltr' id='par_1_83' title="bbox 1830 2532 3412 2631">
     <span class='ocr_line' id='line_1_87' title="bbox 2878 2532 3410 2550; baseline 0.03 -23"><span class='ocrx_word' id='word_1_630' title='bbox 2878 2532 2885 2535; x_wconf 92' lang='lat'>_</span> <span class='ocrx_word' id='word_1_631' title='bbox 3139 2532 3410 2550; x_wconf 56' lang='lat' dir='ltr'><strong>r__---......</strong></span> 
     </span>
     <span class='ocr_line' id='line_1_88' title="bbox 1830 2532 3412 2631; baseline 0.034 -52"><span class='ocrx_word' id='word_1_632' title='bbox 1830 2532 2094 2598; x_wconf 81' lang='lat' dir='ltr'><strong>naturale,</strong></span> <span class='ocrx_word' id='word_1_633' title='bbox 2125 2539 2263 2604; x_wconf 81' lang='lat' dir='ltr'><strong>quini</strong></span> <span class='ocrx_word' id='word_1_634' title='bbox 2296 2543 2463 2612; x_wconf 80' lang='lat' dir='ltr'><strong>legem</strong></span> <span class='ocrx_word' id='word_1_635' title='bbox 2497 2556 2694 2616; x_wconf 85' lang='lat' dir='ltr'><strong>peccati</strong></span> <span class='ocrx_word' id='word_1_636' title='bbox 2726 2573 2903 2625; x_wconf 81' lang='lat' dir='ltr'><strong>voras,</strong></span> <span class='ocrx_word' id='word_1_637' title='bbox 2931 2564 2980 2618; x_wconf 84' lang='lat' dir='ltr'><strong>ia</strong></span> <span class='ocrx_word' id='word_1_638' title='bbox 3013 2572 3218 2624; x_wconf 75' lang='lat' dir='ltr'><strong>enimtis</strong></span> <span class='ocrx_word' id='word_1_639' title='bbox 3239 2573 3412 2631; x_wconf 74' lang='lat' dir='ltr'><strong>homi-</strong></span> 
     </span>
    </p>
   </div>
   <div class='ocr_carea' id='block_1_84' title="bbox 1829 2621 3412 2722">
    <p class='ocr_par' dir='ltr' id='par_1_84' title="bbox 1829 2621 3412 2722">
     <span class='ocr_line' id='line_1_89' title="bbox 1829 2621 3412 2722; baseline 0.033 -51"><span class='ocrx_word' id='word_1_640' title='bbox 1829 2621 1982 2677; x_wconf 79' lang='lat' dir='ltr'><strong>nibus</strong></span> <span class='ocrx_word' id='word_1_641' title='bbox 2012 2625 2275 2686; x_wconf 84' lang='lat' dir='ltr'><strong>desideria</strong></span> <span class='ocrx_word' id='word_1_642' title='bbox 2318 2635 2606 2706; x_wconf 87' lang='lat' dir='ltr'><strong>iniquitatis</strong></span> <span class='ocrx_word' id='word_1_643' title='bbox 2634 2649 2908 2718; x_wconf 84' lang='lat' dir='ltr'><strong>effingere.</strong></span> <span class='ocrx_word' id='word_1_644' title='bbox 2944 2655 2997 2710; x_wconf 91' lang='lat' dir='ltr'><strong>lu</strong></span> <span class='ocrx_word' id='word_1_645' title='bbox 3039 2660 3282 2719; x_wconf 78' lang='lat' dir='ltr'><strong>absoluto</strong></span> <span class='ocrx_word' id='word_1_646' title='bbox 3313 2668 3412 2722; x_wconf 69' lang='lat' dir='ltr'><strong>ita~</strong></span> 
     </span>
    </p>
   </div>
   <div class='ocr_carea' id='block_1_85' title="bbox 1824 2723 3410 2828">
    <p class='ocr_par' dir='ltr' id='par_1_85' title="bbox 1824 2723 3410 2828">
     <span class='ocr_line' id='line_1_90' title="bbox 1824 2723 3410 2828; baseline 0.028 -67"><span class='ocrx_word' id='word_1_647' title='bbox 1824 2726 1927 2779; x_wconf 88' lang='lat' dir='ltr'><strong>que</strong></span> <span class='ocrx_word' id='word_1_648' title='bbox 1954 2723 2053 2781; x_wconf 68' lang='lat' dir='ltr'><strong>cst,</strong></span> <span class='ocrx_word' id='word_1_649' title='bbox 2084 2735 2111 2770; x_wconf 74' lang='grc' dir='ltr'>ει</span> <span class='ocrx_word' id='word_1_650' title='bbox 2141 2729 2193 2776; x_wconf 91' lang='lat' dir='ltr'><strong>te</strong></span> <span class='ocrx_word' id='word_1_651' title='bbox 2219 2733 2458 2782; x_wconf 86' lang='lat' dir='ltr'><strong>natm-am</strong></span> <span class='ocrx_word' id='word_1_652' title='bbox 2487 2749 2602 2801; x_wconf 64' lang='lat' dir='ltr'><strong>quae</strong></span> <span class='ocrx_word' id='word_1_653' title='bbox 2628 2749 2709 2791; x_wconf 64' lang='lat' dir='ltr'><strong>est</strong></span> <span class='ocrx_word' id='word_1_654' title='bbox 2731 2759 2864 2809; x_wconf 86' lang='lat' dir='ltr'><strong>opus</strong></span> <span class='ocrx_word' id='word_1_655' title='bbox 2889 2745 2978 2801; x_wconf 87' lang='lat' dir='ltr'><strong>Dei</strong></span> <span class='ocrx_word' id='word_1_656' title='bbox 2997 2791 3012 2812; x_wconf 95' lang='lat'><strong>,</strong></span> <span class='ocrx_word' id='word_1_657' title='bbox 3040 2750 3108 2804; x_wconf 87' lang='lat' dir='ltr'><strong>ab</strong></span> <span class='ocrx_word' id='word_1_658' title='bbox 3139 2753 3226 2806; x_wconf 89' lang='lat' dir='ltr'><strong>illo</strong></span> <span class='ocrx_word' id='word_1_659' title='bbox 3259 2760 3410 2828; x_wconf 80' lang='lat' dir='ltr'><strong>argui</strong></span> 
     </span>
     <span class='ocr_line' id='line_1_91' title="bbox 1827 2803 2611 2828; baseline 0 0"><span class='ocrx_word' id='word_1_660' title='bbox 1827 2803 2087 2828; x_wconf 67' lang='lat' dir='ltr'><strong>.-..I..._n-.,_</strong></span> <span class='ocrx_word' id='word_1_661' title='bbox 2116 2827 2137 2828; x_wconf 47' lang='grc' dir='ltr'><em>η</em></span> <span class='ocrx_word' id='word_1_662' title='bbox 2201 2813 2238 2828; x_wconf 69' lang='grc' dir='ltr'><strong>ιι</strong></span> <span class='ocrx_word' id='word_1_663' title='bbox 2582 2826 2611 2828; x_wconf 87' lang='grc'><strong>--</strong></span> 
     </span>
    </p>
   </div>
   <div class='ocr_carea' id='block_1_86' title="bbox 1827 2803 3409 2912">
    <p class='ocr_par' dir='ltr' id='par_1_86' title="bbox 1827 2803 3409 2912">
     <span class='ocr_line' id='line_1_92' title="bbox 1827 2803 3409 2912; baseline 0.033 -60"><span class='ocrx_word' id='word_1_664' title='bbox 1827 2803 2166 2863; x_wconf 87' lang='lat' dir='ltr'><strong>voluntatem.</strong></span> <span class='ocrx_word' id='word_1_665' title='bbox 2197 2813 2311 2870; x_wconf 83' lang='lat' dir='ltr'><strong>Non</strong></span> <span class='ocrx_word' id='word_1_666' title='bbox 2341 2828 2518 2875; x_wconf 87' lang='lat' dir='ltr'><strong>autem</strong></span> <span class='ocrx_word' id='word_1_667' title='bbox 2546 2826 2701 2880; x_wconf 87' lang='lat' dir='ltr'><strong>aliter</strong></span> <span class='ocrx_word' id='word_1_668' title='bbox 2729 2848 2942 2896; x_wconf 82' lang='lat' dir='ltr'><strong>prorsus</strong></span> <span class='ocrx_word' id='word_1_669' title='bbox 2973 2840 3148 2910; x_wconf 66' lang='grc' dir='ltr'>ιιι-..ιιιιὶ</span> <span class='ocrx_word' id='word_1_670' title='bbox 3180 2845 3363 2902; x_wconf 88' lang='lat' dir='ltr'><strong>debuit</strong></span> <span class='ocrx_word' id='word_1_671' title='bbox 3393 2891 3409 2912; x_wconf 89' lang='lat'><strong>.</strong></span> 
     </span>
    </p>
   </div>
   <div class='ocr_carea' id='block_1_87' title="bbox 1821 2902 3406 2997">
    <p class='ocr_par' dir='ltr' id='par_1_87' title="bbox 1821 2902 3406 2997">
     <span class='ocr_line' id='line_1_93' title="bbox 1821 2902 3406 2997; baseline 0.032 -52"><span class='ocrx_word' id='word_1_672' title='bbox 1821 2911 1978 2963; x_wconf 90' lang='lat' dir='ltr'><strong>quam</strong></span> <span class='ocrx_word' id='word_1_673' title='bbox 2010 2902 2247 2960; x_wconf 81' lang='lat' dir='ltr'><strong>elocutus</strong></span> <span class='ocrx_word' id='word_1_674' title='bbox 2268 2922 2382 2974; x_wconf 89' lang='lat' dir='ltr'><strong>est,</strong></span> <span class='ocrx_word' id='word_1_675' title='bbox 2420 2913 2611 2978; x_wconf 85' lang='lat' dir='ltr'><strong>idest.</strong></span> <span class='ocrx_word' id='word_1_676' title='bbox 2653 2936 2716 2974; x_wconf 75' lang='lat' dir='ltr'><strong>ex</strong></span> <span class='ocrx_word' id='word_1_677' title='bbox 2760 2941 2865 2978; x_wconf 86' lang='lat' dir='ltr'><strong>uno</strong></span> <span class='ocrx_word' id='word_1_678' title='bbox 2903 2931 3406 2997; x_wconf 83' lang='lat' dir='ltr'><strong>cmulemnalionetn</strong></span> 
     </span>
    </p>
   </div>
   <div class='ocr_carea' id='block_1_88' title="bbox 1824 2990 3406 3102">
    <p class='ocr_par' dir='ltr' id='par_1_88' title="bbox 1824 2990 3406 3102">
     <span class='ocr_line' id='line_1_94' title="bbox 1824 2990 3406 3102; baseline 0.03 -60"><span class='ocrx_word' id='word_1_679' title='bbox 1824 2990 1932 3045; x_wconf 80' lang='lat' dir='ltr'><strong>lict’i</strong></span> <span class='ocrx_word' id='word_1_680' title='bbox 1980 3010 2133 3062; x_wconf 81' lang='lat' dir='ltr'><strong>posse</strong></span> <span class='ocrx_word' id='word_1_681' title='bbox 2175 3011 2584 3078; x_wconf 87' lang='lat' dir='ltr'><strong>peccato:quia</strong></span> <span class='ocrx_word' id='word_1_682' title='bbox 2629 3023 2681 3068; x_wconf 91' lang='lat' dir='ltr'><strong>et</strong></span> <span class='ocrx_word' id='word_1_683' title='bbox 2730 3019 2931 3083; x_wconf 74' lang='lat' dir='ltr'><strong>primus</strong></span> <span class='ocrx_word' id='word_1_684' title='bbox 2977 3023 3064 3081; x_wconf 81' lang='lat' dir='ltr'><strong>ille</strong></span> <span class='ocrx_word' id='word_1_685' title='bbox 3106 3027 3263 3082; x_wconf 89' lang='lat' dir='ltr'><strong>homo</strong></span> <span class='ocrx_word' id='word_1_686' title='bbox 3309 3049 3406 3102; x_wconf 89' lang='lat' dir='ltr'><strong>per</strong></span> 
     </span>
    </p>
   </div>
   <div class='ocr_carea' id='block_1_89' title="bbox 1820 3095 3407 3186">
    <p class='ocr_par' dir='ltr' id='par_1_89' title="bbox 1820 3095 3407 3186">
     <span class='ocr_line' id='line_1_95' title="bbox 1820 3095 3407 3186; baseline 0.03 -52"><span class='ocrx_word' id='word_1_687' title='bbox 1820 3095 1980 3137; x_wconf 86' lang='lat' dir='ltr'><strong>unum</strong></span> <span class='ocrx_word' id='word_1_688' title='bbox 2013 3102 2280 3152; x_wconf 74' lang='lat' dir='ltr'><strong>peccatum</strong></span> <span class='ocrx_word' id='word_1_689' title='bbox 2329 3095 2664 3169; x_wconf 88' lang='lat' dir='ltr'><strong>deliuqnetnli</strong></span> <span class='ocrx_word' id='word_1_690' title='bbox 2704 3110 2924 3175; x_wconf 67' lang='lat' dir='ltr'><strong>pricbuit</strong></span> <span class='ocrx_word' id='word_1_691' title='bbox 2971 3130 3139 3185; x_wconf 50' lang='lat' dir='ltr'><strong>exemi</strong></span> <span class='ocrx_word' id='word_1_692' title='bbox 3165 3121 3306 3186; x_wconf 85' lang='grc' dir='ltr'>Ιιιιιι;</span> <span class='ocrx_word' id='word_1_693' title='bbox 3352 3135 3407 3181; x_wconf 83' lang='lat' dir='ltr'><strong>et</strong></span> 
     </span>
    </p>
   </div>
   <div class='ocr_carea' id='block_1_90' title="bbox 1819 3173 3402 3276">
    <p class='ocr_par' dir='ltr' id='par_1_90' title="bbox 1819 3173 3402 3276">
     <span class='ocr_line' id='line_1_96' title="bbox 1819 3173 3402 3276; baseline 0.028 -51"><span class='ocrx_word' id='word_1_694' title='bbox 1819 3173 1956 3230; x_wconf 85' lang='lat' dir='ltr'><strong>sicut</strong></span> <span class='ocrx_word' id='word_1_695' title='bbox 1997 3179 2066 3232; x_wconf 91' lang='lat' dir='ltr'><strong>illi</strong></span> <span class='ocrx_word' id='word_1_696' title='bbox 2099 3181 2194 3250; x_wconf 83' lang='lat' dir='ltr'><strong>ipsi</strong></span> <span class='ocrx_word' id='word_1_697' title='bbox 2231 3186 2296 3239; x_wconf 91' lang='lat' dir='ltr'><strong>ad</strong></span> <span class='ocrx_word' id='word_1_698' title='bbox 2341 3192 2834 3254; x_wconf 74' lang='lat' dir='ltr'><strong>condemnationem</strong></span> <span class='ocrx_word' id='word_1_699' title='bbox 2886 3220 2985 3260; x_wconf 83' lang='lat' dir='ltr'><strong>nua</strong></span> <span class='ocrx_word' id='word_1_700' title='bbox 3033 3215 3402 3276; x_wconf 58' lang='lat' dir='ltr'><strong>praevaricatio</strong></span> 
     </span>
    </p>
   </div>
   <div class='ocr_carea' id='block_1_91' title="bbox 1815 3265 3401 3370">
    <p class='ocr_par' dir='ltr' id='par_1_91' title="bbox 1815 3265 3401 3370">
     <span class='ocr_line' id='line_1_97' title="bbox 1815 3265 3401 3370; baseline 0.029 -54"><span class='ocrx_word' id='word_1_701' title='bbox 1815 3265 2128 3336; x_wconf 86' lang='lat' dir='ltr'><strong>abundavit,</strong></span> <span class='ocrx_word' id='word_1_702' title='bbox 2169 3276 2245 3328; x_wconf 91' lang='lat' dir='ltr'><strong>sic</strong></span> <span class='ocrx_word' id='word_1_703' title='bbox 2275 3284 2430 3332; x_wconf 69' lang='lat' dir='ltr'><strong>etiam</strong></span> <span class='ocrx_word' id='word_1_704' title='bbox 2462 3286 2671 3340; x_wconf 73' lang='lat' dir='ltr'><strong>ceteris</strong></span> <span class='ocrx_word' id='word_1_705' title='bbox 2714 3289 2779 3342; x_wconf 93' lang='lat' dir='ltr'><strong>ad</strong></span> <span class='ocrx_word' id='word_1_706' title='bbox 2832 3305 3032 3350; x_wconf 85' lang='lat' dir='ltr'><strong>reatqu</strong></span> <span class='ocrx_word' id='word_1_707' title='bbox 3074 3316 3173 3354; x_wconf 89' lang='lat' dir='ltr'><strong>una</strong></span> <span class='ocrx_word' id='word_1_708' title='bbox 3225 3317 3401 3370; x_wconf 64' lang='lat' dir='ltr'><strong>potest</strong></span> 
     </span>
    </p>
   </div>
   <div class='ocr_carea' id='block_1_92' title="bbox 1815 3359 3400 3458">
    <p class='ocr_par' dir='ltr' id='par_1_92' title="bbox 1815 3359 3400 3458">
     <span class='ocr_line' id='line_1_98' title="bbox 1815 3359 3400 3458; baseline 0.028 -48"><span class='ocrx_word' id='word_1_709' title='bbox 1815 3359 1964 3428; x_wconf 87' lang='lat' dir='ltr'><strong>culpa</strong></span> <span class='ocrx_word' id='word_1_710' title='bbox 1998 3364 2511 3450; x_wconf 43' lang='lat' dir='ltr'><strong>sufﬁcereJ’rophm</strong></span> <span class='ocrx_word' id='word_1_711' title='bbox 2534 3379 2672 3446; x_wconf 91' lang='lat' dir='ltr'><strong>quod</strong></span> <span class='ocrx_word' id='word_1_712' title='bbox 2699 3381 3062 3451; x_wconf 61' lang='lat' dir='ltr'><strong>Ecclesiastes,</strong></span> <span class='ocrx_word' id='word_1_713' title='bbox 3093 3391 3192 3458; x_wconf 83' lang='lat' dir='ltr'><strong>Qui</strong></span> <span class='ocrx_word' id='word_1_714' title='bbox 3220 3395 3272 3450; x_wconf 83' lang='lat' dir='ltr'><strong>in</strong></span> <span class='ocrx_word' id='word_1_715' title='bbox 3298 3415 3400 3454; x_wconf 81' lang='lat' dir='ltr'><strong>uno</strong></span> 
     </span>
    </p>
   </div>
   <div class='ocr_carea' id='block_1_93' title="bbox 1815 3454 3395 3546">
    <p class='ocr_par' dir='ltr' id='par_1_93' title="bbox 1815 3454 3395 3546">
     <span class='ocr_line' id='line_1_99' title="bbox 1815 3454 3395 3546; baseline 0.027 -48"><span class='ocrx_word' id='word_1_716' title='bbox 1815 3454 2105 3524; x_wconf 71' lang='lat' dir='ltr'><strong>peccaverit,</strong></span> <span class='ocrx_word' id='word_1_717' title='bbox 2136 3454 2296 3512; x_wconf 70' lang='lat' dir='ltr'><strong>nullm</strong></span> <span class='ocrx_word' id='word_1_718' title='bbox 2319 3462 2446 3517; x_wconf 82' lang='lat' dir='ltr'><strong>bona</strong></span> <span class='ocrx_word' id='word_1_719' title='bbox 2471 3468 2634 3534; x_wconf 83' lang='lat' dir='ltr'><strong>perdit</strong></span> <span class='ocrx_word' id='word_1_720' title='bbox 2655 3470 2849 3532; x_wconf 74' lang='lat' dir='ltr'><strong>(Eccle.</strong></span> <span class='ocrx_word' id='word_1_721' title='bbox 2881 3492 2931 3529; x_wconf 78' lang='lat' dir='ltr'><strong>ix</strong></span> <span class='ocrx_word' id='word_1_722' title='bbox 2952 3519 2966 3541; x_wconf 86' lang='lat'><strong>,</strong></span> <span class='ocrx_word' id='word_1_723' title='bbox 3004 3480 3123 3546; x_wconf 81' lang='lat' dir='ltr'><strong>l8);</strong></span> <span class='ocrx_word' id='word_1_724' title='bbox 3157 3484 3395 3544; x_wconf 52' lang='lat' dir='ltr'><strong>et&#39;JaCo-</strong></span> 
     </span>
    </p>
   </div>
   <div class='ocr_carea' id='block_1_94' title="bbox 1813 3538 3398 3638">
    <p class='ocr_par' dir='ltr' id='par_1_94' title="bbox 1813 3538 3398 3638">
     <span class='ocr_line' id='line_1_100' title="bbox 1813 3538 3398 3638; baseline 0.029 -46"><span class='ocrx_word' id='word_1_725' title='bbox 1813 3538 1944 3603; x_wconf 83' lang='lat' dir='ltr'><strong>bns,</strong></span> <span class='ocrx_word' id='word_1_726' title='bbox 1981 3543 2042 3597; x_wconf 81' lang='lat' dir='ltr'><strong>Si</strong></span> <span class='ocrx_word' id='word_1_727' title='bbox 2067 3556 2220 3602; x_wconf 80' lang='lat' dir='ltr'><strong>totum</strong></span> <span class='ocrx_word' id='word_1_728' title='bbox 2261 3552 2422 3622; x_wconf 83' lang='lat' dir='ltr'><strong>legem</strong></span> <span class='ocrx_word' id='word_1_729' title='bbox 2459 3557 2825 3628; x_wconf 78' lang='lat' dir='ltr'><strong>observaveris,</strong></span> <span class='ocrx_word' id='word_1_730' title='bbox 2867 3568 3098 3635; x_wconf 69' lang='lat' dir='ltr'><strong>o/feudas</strong></span> <span class='ocrx_word' id='word_1_731' title='bbox 3140 3590 3309 3636; x_wconf 83' lang='lat' dir='ltr'><strong>autent</strong></span> <span class='ocrx_word' id='word_1_732' title='bbox 3345 3585 3398 3638; x_wconf 80' lang='lat' dir='ltr'><strong>in</strong></span> 
     </span>
    </p>
   </div>
   <div class='ocr_carea' id='block_1_95' title="bbox 1811 3636 3046 3728">
    <p class='ocr_par' dir='ltr' id='par_1_95' title="bbox 1811 3636 3046 3728">
     <span class='ocr_line' id='line_1_101' title="bbox 1811 3636 3046 3728; baseline 0.028 -44"><span class='ocrx_word' id='word_1_733' title='bbox 1811 3648 1932 3698; x_wconf 84' lang='lat' dir='ltr'><strong>uno,</strong></span> <span class='ocrx_word' id='word_1_734' title='bbox 1963 3636 2124 3706; x_wconf 77' lang='lat' dir='ltr'><strong>[uetus</strong></span> <span class='ocrx_word' id='word_1_735' title='bbox 2149 3659 2200 3694; x_wconf 77' lang='lat' dir='ltr'><strong>es</strong></span> <span class='ocrx_word' id='word_1_736' title='bbox 2229 3648 2451 3702; x_wconf 83' lang='lat' dir='ltr'><strong>onmium</strong></span> <span class='ocrx_word' id='word_1_737' title='bbox 2482 3669 2595 3704; x_wconf 78' lang='lat' dir='ltr'><strong>rcus</strong></span> <span class='ocrx_word' id='word_1_738' title='bbox 2621 3655 2820 3724; x_wconf 82' lang='lat' dir='ltr'><strong>(Jacobi</strong></span> <span class='ocrx_word' id='word_1_739' title='bbox 2847 3678 2902 3723; x_wconf 83' lang='grc' dir='ltr'>ιι,</span> <span class='ocrx_word' id='word_1_740' title='bbox 2942 3665 3046 3728; x_wconf 85' lang='grc' dir='ltr'><strong>ΙΟ).</strong></span> 
     </span>
    </p>
   </div>
   <div class='ocr_carea' id='block_1_96' title="bbox 1883 3729 3396 3828">
    <p class='ocr_par' dir='ltr' id='par_1_96' title="bbox 1883 3729 3396 3828">
     <span class='ocr_line' id='line_1_102' title="bbox 1883 3729 3396 3828; baseline 0.03 -49"><span class='ocrx_word' id='word_1_741' title='bbox 1883 3729 2013 3783; x_wconf 78' lang='lat' dir='ltr'><strong>Anc.</strong></span> <span class='ocrx_word' id='word_1_742' title='bbox 2045 3730 2185 3802; x_wconf 83' lang='lat' dir='ltr'><strong>Ergo</strong></span> <span class='ocrx_word' id='word_1_743' title='bbox 2221 3749 2494 3803; x_wconf 90' lang='lat' dir='ltr'><strong>peccatum</strong></span> <span class='ocrx_word' id='word_1_744' title='bbox 2534 3745 2662 3801; x_wconf 77' lang='lat' dir='ltr'><strong>Atla:</strong></span> <span class='ocrx_word' id='word_1_745' title='bbox 2704 3749 2874 3820; x_wconf 90' lang='lat' dir='ltr'><strong>ipsum</strong></span> <span class='ocrx_word' id='word_1_746' title='bbox 2903 3756 3076 3812; x_wconf 81' lang='lat' dir='ltr'><strong>Solum</strong></span> <span class='ocrx_word' id='word_1_747' title='bbox 3107 3762 3260 3828; x_wconf 64' lang='lat' dir='ltr'><strong>farsit,</strong></span> <span class='ocrx_word' id='word_1_748' title='bbox 3287 3782 3396 3824; x_wconf 91' lang='lat' dir='ltr'><strong>non</strong></span> 
     </span>
    </p>
   </div>
   <div class='ocr_carea' id='block_1_97' title="bbox 1807 3808 3395 3912">
    <p class='ocr_par' dir='ltr' id='par_1_97' title="bbox 1807 3808 3395 3912">
     <span class='ocr_line' id='line_1_103' title="bbox 2723 3808 3392 3828; baseline 0.028 -24"><span class='ocrx_word' id='word_1_749' title='bbox 2723 3808 2736 3820; x_wconf 90' lang='lat'><em>_</em></span> <span class='ocrx_word' id='word_1_750' title='bbox 2913 3808 2924 3810; x_wconf 61' lang='lat'><strong>-</strong></span> <span class='ocrx_word' id='word_1_751' title='bbox 3046 3808 3076 3812; x_wconf 78' lang='lat'><strong>--</strong></span> <span class='ocrx_word' id='word_1_752' title='bbox 3107 3808 3260 3828; x_wconf 74' lang='lat'><strong>-.-.-.-,</strong></span> <span class='ocrx_word' id='word_1_753' title='bbox 3287 3808 3392 3824; x_wconf 73' lang='grc' dir='ltr'><strong>ην..</strong></span> 
     </span>
     <span class='ocr_line' id='line_1_104' title="bbox 1807 3808 3395 3912; baseline 0.03 -45"><span class='ocrx_word' id='word_1_754' title='bbox 1807 3808 2045 3887; x_wconf 87' lang='lat' dir='ltr'><strong>etgenus</strong></span> <span class='ocrx_word' id='word_1_755' title='bbox 2075 3821 2380 3884; x_wconf 88' lang='lat' dir='ltr'><strong>humamnn.</strong></span> <span class='ocrx_word' id='word_1_756' title='bbox 2420 3832 2535 3888; x_wconf 89' lang='lat' dir='ltr'><strong>Non</strong></span> <span class='ocrx_word' id='word_1_757' title='bbox 2569 3839 2709 3893; x_wconf 88' lang='lat' dir='ltr'><strong>enim</strong></span> <span class='ocrx_word' id='word_1_758' title='bbox 2738 3841 2789 3895; x_wconf 90' lang='lat' dir='ltr'><strong>in</strong></span> <span class='ocrx_word' id='word_1_759' title='bbox 2821 3852 3020 3900; x_wconf 86' lang='lat' dir='ltr'><strong>tantum</strong></span> <span class='ocrx_word' id='word_1_760' title='bbox 3058 3853 3165 3905; x_wconf 89' lang='lat' dir='ltr'><strong>eris</strong></span> <span class='ocrx_word' id='word_1_761' title='bbox 3203 3855 3395 3912; x_wconf 84' lang='lat' dir='ltr'><strong>absur-</strong></span> 
     </span>
    </p>
   </div>
   <div class='ocr_carea' id='block_1_98' title="bbox 1804 3906 3393 4002">
    <p class='ocr_par' dir='ltr' id='par_1_98' title="bbox 1804 3906 3393 4002">
     <span class='ocr_line' id='line_1_105' title="bbox 1804 3906 3393 4002; baseline 0.026 -40"><span class='ocrx_word' id='word_1_762' title='bbox 1804 3906 1925 3976; x_wconf 76' lang='lat' dir='ltr'><strong>dus,</strong></span> <span class='ocrx_word' id='word_1_763' title='bbox 1959 3921 2012 3964; x_wconf 91' lang='lat' dir='ltr'><strong>ut</strong></span> <span class='ocrx_word' id='word_1_764' title='bbox 2040 3912 2206 3982; x_wconf 90' lang='lat' dir='ltr'><strong>dicas,</strong></span> <span class='ocrx_word' id='word_1_765' title='bbox 2239 3931 2456 3986; x_wconf 89' lang='lat' dir='ltr'><strong>peccato</strong></span> <span class='ocrx_word' id='word_1_766' title='bbox 2484 3925 2598 3993; x_wconf 81' lang='lat' dir='ltr'><strong>ejus</strong></span> <span class='ocrx_word' id='word_1_767' title='bbox 2639 3928 2794 3987; x_wconf 69' lang='lat' dir='ltr'><strong>laesos</strong></span> <span class='ocrx_word' id='word_1_768' title='bbox 2817 3949 2940 3991; x_wconf 82' lang='lat' dir='ltr'><strong>esse</strong></span> <span class='ocrx_word' id='word_1_769' title='bbox 2970 3939 3049 3994; x_wconf 90' lang='lat' dir='ltr'><strong>vel</strong></span> <span class='ocrx_word' id='word_1_770' title='bbox 3079 3941 3197 3998; x_wconf 69' lang='lat' dir='ltr'><strong>laedi</strong></span> <span class='ocrx_word' id='word_1_771' title='bbox 3219 3944 3393 4002; x_wconf 90' lang='lat' dir='ltr'><strong>homi-</strong></span> 
     </span>
    </p>
   </div>
   <div class='ocr_carea' id='block_1_99' title="bbox 1805 4005 3388 4107">
    <p class='ocr_par' dir='ltr' id='par_1_99' title="bbox 1805 4005 3388 4107">
     <span class='ocr_line' id='line_1_106' title="bbox 1805 4005 3388 4107; baseline 0.026 -53"><span class='ocrx_word' id='word_1_772' title='bbox 1805 4017 1899 4056; x_wconf 87' lang='lat' dir='ltr'><strong>nes</strong></span> <span class='ocrx_word' id='word_1_773' title='bbox 1923 4005 2242 4075; x_wconf 85' lang='lat' dir='ltr'><strong>nescientes,</strong></span> <span class='ocrx_word' id='word_1_774' title='bbox 2264 4012 2342 4066; x_wconf 92' lang='lat' dir='ltr'><strong>vel</strong></span> <span class='ocrx_word' id='word_1_775' title='bbox 2364 4030 2466 4068; x_wconf 93' lang='lat' dir='ltr'><strong>uon</strong></span> <span class='ocrx_word' id='word_1_776' title='bbox 2488 4019 2770 4078; x_wconf 87' lang='lat' dir='ltr'><strong>credentes</strong></span> <span class='ocrx_word' id='word_1_777' title='bbox 2795 4036 2969 4083; x_wconf 90' lang='lat' dir='ltr'><strong>utrmn</strong></span> <span class='ocrx_word' id='word_1_778' title='bbox 2989 4029 3166 4099; x_wconf 85' lang='lat' dir='ltr'><strong>fuerit,</strong></span> <span class='ocrx_word' id='word_1_779' title='bbox 3189 4041 3388 4107; x_wconf 88' lang='lat' dir='ltr'><strong>etquid</strong></span> 
     </span>
    </p>
   </div>
   <div class='ocr_carea' id='block_1_100' title="bbox 1801 4082 3388 4195">
    <p class='ocr_par' dir='ltr' id='par_1_100' title="bbox 1801 4082 3388 4195">
     <span class='ocr_line' id='line_1_107' title="bbox 2959 4082 3387 4107; baseline 0.028 -24"><span class='ocrx_word' id='word_1_780' title='bbox 2959 4082 3166 4099; x_wconf 63' lang='lat'><strong><em>,</em></strong></span> <span class='ocrx_word' id='word_1_781' title='bbox 3190 4082 3245 4091; x_wconf 76' lang='lat'><strong>--</strong></span> <span class='ocrx_word' id='word_1_782' title='bbox 3265 4082 3387 4107; x_wconf 68' lang='lat'><strong>.,.....</strong></span> 
     </span>
     <span class='ocr_line' id='line_1_108' title="bbox 1801 4082 3388 4195; baseline 0.026 -50"><span class='ocrx_word' id='word_1_783' title='bbox 1801 4082 1968 4163; x_wconf 87' lang='lat' dir='ltr'><strong>egerit</strong></span> <span class='ocrx_word' id='word_1_784' title='bbox 2001 4114 2012 4152; x_wconf 94' lang='lat'>:</span> <span class='ocrx_word' id='word_1_785' title='bbox 2045 4099 2170 4168; x_wconf 90' lang='lat' dir='ltr'><strong>quia</strong></span> <span class='ocrx_word' id='word_1_786' title='bbox 2209 4103 2308 4156; x_wconf 85' lang='lat' dir='ltr'><strong>etsi</strong></span> <span class='ocrx_word' id='word_1_787' title='bbox 2337 4107 2635 4166; x_wconf 78' lang='lat' dir='ltr'><strong>nescientes</strong></span> <span class='ocrx_word' id='word_1_788' title='bbox 2674 4112 2921 4175; x_wconf 82' lang='lat' dir='ltr'><strong>homines</strong></span> <span class='ocrx_word' id='word_1_789' title='bbox 2946 4123 3141 4195; x_wconf 88' lang='lat' dir='ltr'><strong>aliquid</strong></span> <span class='ocrx_word' id='word_1_790' title='bbox 3171 4129 3388 4186; x_wconf 44' lang='lat' dir='ltr'><strong>imitans</strong></span> 
     </span>
    </p>
   </div>
   <div class='ocr_carea' id='block_1_101' title="bbox 1802 4191 3384 4290">
    <p class='ocr_par' dir='ltr' id='par_1_101' title="bbox 1802 4191 3384 4290">
     <span class='ocr_line' id='line_1_109' title="bbox 1802 4191 3384 4290; baseline 0.028 -54"><span class='ocrx_word' id='word_1_791' title='bbox 1802 4191 1904 4255; x_wconf 78' lang='lat' dir='ltr'><strong>tur,</strong></span> <span class='ocrx_word' id='word_1_792' title='bbox 1933 4203 1996 4242; x_wconf 89' lang='lat' dir='ltr'><strong>eo</strong></span> <span class='ocrx_word' id='word_1_793' title='bbox 2027 4197 2200 4246; x_wconf 87' lang='lat' dir='ltr'><strong>tamen</strong></span> <span class='ocrx_word' id='word_1_794' title='bbox 2251 4207 2466 4262; x_wconf 77' lang='lat' dir='ltr'><strong>peccato</strong></span> <span class='ocrx_word' id='word_1_795' title='bbox 2508 4199 2625 4255; x_wconf 64' lang='lat' dir='ltr'><strong>liedi</strong></span> <span class='ocrx_word' id='word_1_796' title='bbox 2657 4213 2712 4258; x_wconf 90' lang='lat' dir='ltr'><strong>et</strong></span> <span class='ocrx_word' id='word_1_797' title='bbox 2740 4206 2852 4262; x_wconf 86' lang='lat' dir='ltr'><strong>ﬁeri</strong></span> <span class='ocrx_word' id='word_1_798' title='bbox 2885 4226 3217 4284; x_wconf 82' lang='lat' dir='ltr'><strong>peccatores,</strong></span> <span class='ocrx_word' id='word_1_799' title='bbox 3245 4224 3384 4290; x_wconf 84' lang='lat' dir='ltr'><strong>quod</strong></span> 
     </span>
    </p>
   </div>
   <div class='ocr_carea' id='block_1_102' title="bbox 1798 4286 3388 4373">
    <p class='ocr_par' dir='ltr' id='par_1_102' title="bbox 1798 4286 3388 4373">
     <span class='ocr_line' id='line_1_110' title="bbox 1798 4286 3388 4373; baseline 0.027 -45"><span class='ocrx_word' id='word_1_800' title='bbox 1798 4286 1921 4331; x_wconf 89' lang='lat' dir='ltr'><strong>ante</strong></span> <span class='ocrx_word' id='word_1_801' title='bbox 1946 4294 2200 4336; x_wconf 90' lang='lat' dir='ltr'><strong>annorum</strong></span> <span class='ocrx_word' id='word_1_802' title='bbox 2232 4287 2390 4340; x_wconf 89' lang='lat' dir='ltr'><strong>millia</strong></span> <span class='ocrx_word' id='word_1_803' title='bbox 2422 4288 2618 4348; x_wconf 85' lang='lat' dir='ltr'><strong>factum</strong></span> <span class='ocrx_word' id='word_1_804' title='bbox 2645 4311 2764 4352; x_wconf 87' lang='lat' dir='ltr'><strong>esse</strong></span> <span class='ocrx_word' id='word_1_805' title='bbox 2785 4303 3050 4373; x_wconf 89' lang='lat' dir='ltr'><strong>nesciunt,</strong></span> <span class='ocrx_word' id='word_1_806' title='bbox 3078 4311 3234 4368; x_wconf 85' lang='lat' dir='ltr'><strong>nimis</strong></span> <span class='ocrx_word' id='word_1_807' title='bbox 3257 4315 3388 4370; x_wconf 69' lang='lat' dir='ltr'><strong>insi—-</strong></span> 
     </span>
    </p>
   </div>
   <div class='ocr_carea' id='block_1_103' title="bbox 1797 4367 3384 4467">
    <p class='ocr_par' dir='ltr' id='par_1_103' title="bbox 1797 4367 3384 4467">
     <span class='ocr_line' id='line_1_111' title="bbox 1797 4367 3384 4467; baseline 0.028 -48"><span class='ocrx_word' id='word_1_808' title='bbox 1797 4367 2004 4436; x_wconf 85' lang='lat' dir='ltr'><strong>pientcr</strong></span> <span class='ocrx_word' id='word_1_809' title='bbox 2019 4372 2178 4440; x_wconf 83' lang='lat' dir='ltr'><strong>dicis;</strong></span> <span class='ocrx_word' id='word_1_810' title='bbox 2199 4377 2297 4432; x_wconf 91' lang='lat' dir='ltr'><strong>nisi</strong></span> <span class='ocrx_word' id='word_1_811' title='bbox 2317 4378 2417 4436; x_wconf 89' lang='lat' dir='ltr'><strong>hoc</strong></span> <span class='ocrx_word' id='word_1_812' title='bbox 2434 4395 2706 4452; x_wconf 88' lang='lat' dir='ltr'><strong>peccatum</strong></span> <span class='ocrx_word' id='word_1_813' title='bbox 2727 4390 2792 4444; x_wconf 87' lang='lat' dir='ltr'><strong>ad</strong></span> <span class='ocrx_word' id='word_1_814' title='bbox 2810 4409 2994 4450; x_wconf 83' lang='lat' dir='ltr'><strong>omnes</strong></span> <span class='ocrx_word' id='word_1_815' title='bbox 3009 4405 3384 4467; x_wconf 83' lang='lat' dir='ltr'><strong>generationes</strong></span> 
     </span>
    </p>
   </div>
   <div class='ocr_carea' id='block_1_104' title="bbox 1797 4461 3385 4562">
    <p class='ocr_par' dir='ltr' id='par_1_104' title="bbox 1797 4461 3385 4562">
     <span class='ocr_line' id='line_1_112' title="bbox 1797 4461 3385 4562; baseline 0.025 -49"><span class='ocrx_word' id='word_1_816' title='bbox 1797 4461 2050 4517; x_wconf 76' lang='lat' dir='ltr'><strong>transisse</strong></span> <span class='ocrx_word' id='word_1_817' title='bbox 2095 4465 2327 4522; x_wconf 86' lang='lat' dir='ltr'><strong>fatearis.</strong></span> <span class='ocrx_word' id='word_1_818' title='bbox 2372 4471 2622 4534; x_wconf 87' lang='lat' dir='ltr'><strong>Diccntcs</strong></span> <span class='ocrx_word' id='word_1_819' title='bbox 2651 4490 2826 4535; x_wconf 89' lang='lat' dir='ltr'><strong>autem</strong></span> <span class='ocrx_word' id='word_1_820' title='bbox 2867 4488 3008 4553; x_wconf 91' lang='lat' dir='ltr'><strong>quod</strong></span> <span class='ocrx_word' id='word_1_821' title='bbox 3038 4491 3166 4544; x_wconf 67' lang='lat' dir='ltr'><strong>Adae</strong></span> <span class='ocrx_word' id='word_1_822' title='bbox 3197 4509 3385 4562; x_wconf 85' lang='lat' dir='ltr'><strong>pecca-</strong></span> 
     </span>
    </p>
   </div>
   <div class='ocr_carea' id='block_1_105' title="bbox 1797 4554 3382 4651">
    <p class='ocr_par' dir='ltr' id='par_1_105' title="bbox 1797 4554 3382 4651">
     <span class='ocr_line' id='line_1_113' title="bbox 1797 4554 3382 4651; baseline 0.025 -47"><span class='ocrx_word' id='word_1_823' title='bbox 1797 4559 1903 4605; x_wconf 88' lang='lat' dir='ltr'><strong>tum</strong></span> <span class='ocrx_word' id='word_1_824' title='bbox 1936 4554 2104 4622; x_wconf 77' lang='lat' dir='ltr'><strong>ipsnm</strong></span> <span class='ocrx_word' id='word_1_825' title='bbox 2149 4560 2320 4614; x_wconf 92' lang='lat' dir='ltr'><strong>solum</strong></span> <span class='ocrx_word' id='word_1_826' title='bbox 2369 4562 2597 4633; x_wconf 84' lang='lat' dir='ltr'><strong>la-serit,</strong></span> <span class='ocrx_word' id='word_1_827' title='bbox 2640 4581 2694 4624; x_wconf 92' lang='lat' dir='ltr'><strong>et</strong></span> <span class='ocrx_word' id='word_1_828' title='bbox 2725 4587 2828 4628; x_wconf 88' lang='lat' dir='ltr'><strong>non</strong></span> <span class='ocrx_word' id='word_1_829' title='bbox 2857 4591 3024 4645; x_wconf 83' lang='lat' dir='ltr'><strong>genus</strong></span> <span class='ocrx_word' id='word_1_830' title='bbox 3068 4581 3382 4651; x_wconf 81' lang='lat' dir='ltr'><strong>luunanum.</strong></span> 
     </span>
    </p>
   </div>
   <div class='ocr_carea' id='block_1_106' title="bbox 1791 4645 3376 4745">
    <p class='ocr_par' dir='ltr' id='par_1_106' title="bbox 1791 4645 3376 4745">
     <span class='ocr_line' id='line_1_114' title="bbox 1791 4645 3376 4745; baseline 0.023 -49"><span class='ocrx_word' id='word_1_831' title='bbox 1791 4645 1890 4697; x_wconf 89' lang='lat' dir='ltr'><strong>nisi</strong></span> <span class='ocrx_word' id='word_1_832' title='bbox 1916 4645 2192 4702; x_wconf 88' lang='lat' dir='ltr'><strong>damnaret</strong></span> <span class='ocrx_word' id='word_1_833' title='bbox 2219 4651 2480 4721; x_wconf 82' lang='lat' dir='ltr'><strong>Pelagius,</strong></span> <span class='ocrx_word' id='word_1_834' title='bbox 2513 4657 2860 4719; x_wconf 86' lang='lat' dir='ltr'><strong>damnaretur</strong></span> <span class='ocrx_word' id='word_1_835' title='bbox 2886 4669 2955 4722; x_wconf 86' lang='lat' dir='ltr'><strong>ab</strong></span> <span class='ocrx_word' id='word_1_836' title='bbox 2979 4670 3059 4724; x_wconf 87' lang='lat' dir='ltr'><strong>eis</strong></span> <span class='ocrx_word' id='word_1_837' title='bbox 3083 4672 3376 4745; x_wconf 89' lang='lat' dir='ltr'><strong>judieibus,</strong></span> 
     </span>
    </p>
   </div>
   <div class='ocr_carea' id='block_1_107' title="bbox 1790 4736 2698 4810">
    <p class='ocr_par' dir='ltr' id='par_1_107' title="bbox 1790 4736 2698 4810">
     <span class='ocr_line' id='line_1_115' title="bbox 1790 4736 2698 4810; baseline 0.019 -24"><span class='ocrx_word' id='word_1_838' title='bbox 1790 4736 1877 4804; x_wconf 87' lang='lat' dir='ltr'><strong>qni</strong></span> <span class='ocrx_word' id='word_1_839' title='bbox 1909 4736 2180 4792; x_wconf 80' lang='lat' dir='ltr'><strong>Manirlnri</strong></span> <span class='ocrx_word' id='word_1_840' title='bbox 2215 4742 2394 4810; x_wconf 88' lang='lat' dir='ltr'><strong>utique</strong></span> <span class='ocrx_word' id='word_1_841' title='bbox 2422 4763 2525 4802; x_wconf 88' lang='lat' dir='ltr'><strong>non</strong></span> <span class='ocrx_word' id='word_1_842' title='bbox 2552 4760 2698 4803; x_wconf 92' lang='lat' dir='ltr'><strong>sunt.</strong></span> 
     </span>
    </p>
   </div>
   <div class='ocr_carea' id='block_1_108' title="bbox 1811 4807 3386 4920">
    <p class='ocr_par' dir='ltr' id='par_1_108' title="bbox 1811 4807 3386 4920">
     <span class='ocr_line' id='line_1_116' title="bbox 1811 4807 3386 4920; baseline 0.026 -43"><span class='ocrx_word' id='word_1_843' title='bbox 1811 4807 1813 4810; x_wconf 6' lang='lat' dir='ltr'><strong>i</strong></span> <span class='ocrx_word' id='word_1_844' title='bbox 1859 4826 2034 4880; x_wconf 81' lang='lat' dir='ltr'><strong>CVIII.</strong></span> <span class='ocrx_word' id='word_1_845' title='bbox 2065 4828 2180 4884; x_wconf 76' lang='lat' dir='ltr'><strong>JL&#39;L.</strong></span> <span class='ocrx_word' id='word_1_846' title='bbox 2214 4807 2392 4888; x_wconf 82' lang='lat' dir='ltr'><strong>Gratia</strong></span> <span class='ocrx_word' id='word_1_847' title='bbox 2432 4853 2558 4893; x_wconf 87' lang='lat' dir='ltr'><strong>vero</strong></span> <span class='ocrx_word' id='word_1_848' title='bbox 2601 4843 2806 4901; x_wconf 89' lang='lat' dir='ltr'><strong>Domini</strong></span> <span class='ocrx_word' id='word_1_849' title='bbox 2856 4848 2981 4906; x_wconf 85' lang='lat' dir='ltr'><strong>Jesn</strong></span> <span class='ocrx_word' id='word_1_850' title='bbox 3029 4854 3227 4914; x_wconf 87' lang='lat' dir='ltr'><strong>Christi</strong></span> <span class='ocrx_word' id='word_1_851' title='bbox 3268 4879 3386 4920; x_wconf 87' lang='lat' dir='ltr'><strong>non.</strong></span> 
     </span>
    </p>
   </div>
   <div class='ocr_carea' id='block_1_109' title="bbox 1786 4919 3376 5023">
    <p class='ocr_par' dir='ltr' id='par_1_109' title="bbox 1786 4919 3376 5023">
     <span class='ocr_line' id='line_1_117' title="bbox 1786 4919 3376 5023; baseline 0.026 -53"><span class='ocrx_word' id='word_1_852' title='bbox 1786 4929 1864 4970; x_wconf 80' lang='lat' dir='ltr'><strong>est</strong></span> <span class='ocrx_word' id='word_1_853' title='bbox 1895 4919 1963 4971; x_wconf 88' lang='lat' dir='ltr'><strong>ita</strong></span> <span class='ocrx_word' id='word_1_854' title='bbox 1991 4920 2135 4985; x_wconf 87' lang='lat' dir='ltr'><strong>d..ta,</strong></span> <span class='ocrx_word' id='word_1_855' title='bbox 2170 4934 2226 4978; x_wconf 92' lang='lat' dir='ltr'><strong>ut</strong></span> <span class='ocrx_word' id='word_1_856' title='bbox 2249 4943 2343 4994; x_wconf 89' lang='lat' dir='ltr'><strong>per</strong></span> <span class='ocrx_word' id='word_1_857' title='bbox 2363 4930 2566 5006; x_wconf 85' lang='lat' dir='ltr'><strong>singula</strong></span> <span class='ocrx_word' id='word_1_858' title='bbox 2601 4949 2834 5004; x_wconf 88' lang='lat' dir='ltr'><strong>peccata,</strong></span> <span class='ocrx_word' id='word_1_859' title='bbox 2867 4947 3016 5013; x_wconf 87' lang='lat' dir='ltr'><strong>quasi</strong></span> <span class='ocrx_word' id='word_1_860' title='bbox 3047 4964 3142 5017; x_wconf 90' lang='lat' dir='ltr'><strong>per</strong></span> <span class='ocrx_word' id='word_1_861' title='bbox 3166 4952 3376 5023; x_wconf 84' lang='lat' dir='ltr'><strong>singula</strong></span> 
     </span>
    </p>
   </div>
   <div class='ocr_carea' id='block_1_110' title="bbox 1787 5010 3374 5112">
    <p class='ocr_par' dir='ltr' id='par_1_110' title="bbox 1787 5010 3374 5112">
     <span class='ocr_line' id='line_1_118' title="bbox 1787 5010 3374 5112; baseline 0.026 -53"><span class='ocrx_word' id='word_1_862' title='bbox 1787 5010 2024 5076; x_wconf 80' lang='lat' dir='ltr'><strong>vulaera,</strong></span> <span class='ocrx_word' id='word_1_863' title='bbox 2057 5014 2261 5084; x_wconf 88' lang='lat' dir='ltr'><strong>singula</strong></span> <span class='ocrx_word' id='word_1_864' title='bbox 2292 5034 2505 5092; x_wconf 89' lang='lat' dir='ltr'><strong>quoque</strong></span> <span class='ocrx_word' id='word_1_865' title='bbox 2553 5024 2895 5098; x_wconf 75' lang='lat' dir='ltr'><strong>indulgentia:</strong></span> <span class='ocrx_word' id='word_1_866' title='bbox 2925 5041 3159 5096; x_wconf 86' lang='lat' dir='ltr'><strong>remedia</strong></span> <span class='ocrx_word' id='word_1_867' title='bbox 3192 5047 3374 5112; x_wconf 89' lang='lat' dir='ltr'><strong>provi-</strong></span> 
     </span>
    </p>
   </div>
   <div class='ocr_carea' id='block_1_111' title="bbox 1785 5100 3380 5198">
    <p class='ocr_par' dir='ltr' id='par_1_111' title="bbox 1785 5100 3380 5198">
     <span class='ocr_line' id='line_1_119' title="bbox 1785 5100 3380 5198; baseline 0.024 -45"><span class='ocrx_word' id='word_1_868' title='bbox 1785 5100 1953 5167; x_wconf 79' lang='lat' dir='ltr'><strong>deret,</strong></span> <span class='ocrx_word' id='word_1_869' title='bbox 1997 5104 2328 5178; x_wconf 87' lang='lat' dir='ltr'><strong>diversisque</strong></span> <span class='ocrx_word' id='word_1_870' title='bbox 2368 5109 2776 5182; x_wconf 64' lang='lat' dir='ltr'><strong>baptismaubus</strong></span> <span class='ocrx_word' id='word_1_871' title='bbox 2820 5129 3049 5191; x_wconf 85' lang='lat' dir='ltr'><strong>peccatis</strong></span> <span class='ocrx_word' id='word_1_872' title='bbox 3090 5135 3250 5194; x_wconf 87' lang='lat' dir='ltr'><strong>variis</strong></span> <span class='ocrx_word' id='word_1_873' title='bbox 3280 5152 3380 5198; x_wconf 56' lang='lat' dir='ltr'><strong>vec,</strong></span> 
     </span>
    </p>
   </div>
   <div class='ocr_carea' id='block_1_112' title="bbox 1784 5194 3373 5287">
    <p class='ocr_par' dir='ltr' id='par_1_112' title="bbox 1784 5194 3373 5287">
     <span class='ocr_line' id='line_1_120' title="bbox 1784 5194 3373 5287; baseline 0.023 -41"><span class='ocrx_word' id='word_1_874' title='bbox 1784 5194 1923 5248; x_wconf 91' lang='lat' dir='ltr'><strong>niam</strong></span> <span class='ocrx_word' id='word_1_875' title='bbox 1953 5199 2250 5265; x_wconf 69' lang='lat' dir='ltr'><strong>praeberet:</strong></span> <span class='ocrx_word' id='word_1_876' title='bbox 2285 5203 2378 5258; x_wconf 87' lang='lat' dir='ltr'><strong>sed</strong></span> <span class='ocrx_word' id='word_1_877' title='bbox 2429 5221 2526 5274; x_wconf 90' lang='lat' dir='ltr'><strong>pro</strong></span> <span class='ocrx_word' id='word_1_878' title='bbox 2561 5208 2945 5272; x_wconf 69' lang='lat' dir='ltr'><strong>efﬁcacissimae</strong></span> <span class='ocrx_word' id='word_1_879' title='bbox 2975 5232 3233 5287; x_wconf 83' lang='lat' dir='ltr'><strong>petestate</strong></span> <span class='ocrx_word' id='word_1_880' title='bbox 3261 5242 3373 5281; x_wconf 82' lang='lat' dir='ltr'><strong>me-</strong></span> 
     </span>
    </p>
   </div>
   <div class='ocr_carea' id='block_1_113' title="bbox 1781 5271 3375 5384">
    <p class='ocr_par' dir='ltr' id='par_1_113' title="bbox 1781 5271 3375 5384">
     <span class='ocr_line' id='line_1_121' title="bbox 1781 5271 3375 5384; baseline 0.023 -49"><span class='ocrx_word' id='word_1_881' title='bbox 1781 5271 1997 5350; x_wconf 72' lang='lat' dir='ltr'><strong>ilicium,</strong></span> <span class='ocrx_word' id='word_1_882' title='bbox 2021 5305 2138 5357; x_wconf 76' lang='lat' dir='ltr'><strong>qum</strong></span> <span class='ocrx_word' id='word_1_883' title='bbox 2171 5293 2504 5363; x_wconf 89' lang='lat' dir='ltr'><strong>criminibus,</strong></span> <span class='ocrx_word' id='word_1_884' title='bbox 2535 5300 2583 5353; x_wconf 90' lang='lat' dir='ltr'><strong>id</strong></span> <span class='ocrx_word' id='word_1_885' title='bbox 2609 5312 2711 5367; x_wconf 89' lang='lat' dir='ltr'><strong>est,</strong></span> <span class='ocrx_word' id='word_1_886' title='bbox 2744 5307 2896 5360; x_wconf 75' lang='lat' dir='ltr'><strong>mala:</strong></span> <span class='ocrx_word' id='word_1_887' title='bbox 2927 5311 3216 5368; x_wconf 88' lang='lat' dir='ltr'><strong>voluntatis</strong></span> <span class='ocrx_word' id='word_1_888' title='bbox 3237 5330 3375 5384; x_wconf 65' lang='grc' dir='ltr'><strong>ονθσ</strong></span> 
     </span>
    </p>
   </div>
   <div class='ocr_carea' id='block_1_114' title="bbox 1779 5377 3376 5471">
    <p class='ocr_par' dir='ltr' id='par_1_114' title="bbox 1779 5377 3376 5471">
     <span class='ocr_line' id='line_1_122' title="bbox 1779 5377 3376 5471; baseline 0.021 -43"><span class='ocrx_word' id='word_1_889' title='bbox 1779 5377 1926 5440; x_wconf 85' lang='lat' dir='ltr'><strong>ribus</strong></span> <span class='ocrx_word' id='word_1_890' title='bbox 1987 5381 2342 5451; x_wconf 87' lang='lat' dir='ltr'><strong>admovetur,</strong></span> <span class='ocrx_word' id='word_1_891' title='bbox 2409 5389 2476 5442; x_wconf 91' lang='lat' dir='ltr'><strong>ita</strong></span> <span class='ocrx_word' id='word_1_892' title='bbox 2551 5400 2904 5454; x_wconf 86' lang='lat' dir='ltr'><strong>communiter</strong></span> <span class='ocrx_word' id='word_1_893' title='bbox 2961 5403 3251 5471; x_wconf 88' lang='lat' dir='ltr'><strong>subvenit,</strong></span> <span class='ocrx_word' id='word_1_894' title='bbox 3313 5418 3376 5462; x_wconf 86' lang='lat' dir='ltr'><strong>nt</strong></span> 
     </span>
    </p>
   </div>
   <div class='ocr_carea' id='block_1_115' title="bbox 1776 5467 3370 5553">
    <p class='ocr_par' dir='ltr' id='par_1_115' title="bbox 1776 5467 3370 5553">
     <span class='ocr_line' id='line_1_123' title="bbox 1776 5467 3370 5553; baseline 0.02 -32"><span class='ocrx_word' id='word_1_895' title='bbox 1776 5467 2014 5523; x_wconf 80' lang='lat' dir='ltr'><strong>diversas</strong></span> <span class='ocrx_word' id='word_1_896' title='bbox 2041 5474 2243 5541; x_wconf 83' lang='lat' dir='ltr'><strong>species</strong></span> <span class='ocrx_word' id='word_1_897' title='bbox 2276 5488 2512 5535; x_wconf 89' lang='lat' dir='ltr'><strong>reatmun</strong></span> <span class='ocrx_word' id='word_1_898' title='bbox 2547 5486 2699 5541; x_wconf 90' lang='lat' dir='ltr'><strong>unius</strong></span> <span class='ocrx_word' id='word_1_899' title='bbox 2737 5487 2785 5542; x_wconf 91' lang='lat' dir='ltr'><strong>vi</strong></span> <span class='ocrx_word' id='word_1_900' title='bbox 2816 5493 3230 5548; x_wconf 86' lang='lat' dir='ltr'><strong>consecrationis</strong></span> <span class='ocrx_word' id='word_1_901' title='bbox 3269 5498 3370 5553; x_wconf 83' lang='lat' dir='ltr'><strong>ab-</strong></span> 
     </span>
    </p>
   </div>
   <div class='ocr_carea' id='block_1_116' title="bbox 1774 5567 3378 5662">
    <p class='ocr_par' dir='ltr' id='par_1_116' title="bbox 1774 5567 3378 5662">
     <span class='ocr_line' id='line_1_124' title="bbox 1774 5567 3378 5662; baseline 0.036 -50"><span class='ocrx_word' id='word_1_902' title='bbox 1774 5567 1992 5629; x_wconf 86' lang='lat' dir='ltr'><strong>stergal.</strong></span> <span class='ocrx_word' id='word_1_903' title='bbox 3191 5657 3196 5662; x_wconf 84' lang='lat'><strong>.</strong></span> <span class='ocrx_word' id='word_1_904' title='bbox 3371 5629 3378 5643; x_wconf 66' lang='grc' dir='ltr'>ί</span> 
     </span>
    </p>
   </div>
   <div class='ocr_carea' id='block_1_117' title="bbox 1845 5653 3360 5740">
    <p class='ocr_par' dir='ltr' id='par_1_117' title="bbox 1845 5653 3360 5740">
     <span class='ocr_line' id='line_1_125' title="bbox 1845 5653 3360 5740; baseline 0.021 -37"><span class='ocrx_word' id='word_1_905' title='bbox 1845 5653 1883 5704; x_wconf 82' lang='grc' dir='ltr'><strong>Α</strong></span> <span class='ocrx_word' id='word_1_906' title='bbox 1895 5668 1976 5707; x_wconf 87' lang='lat' dir='ltr'><strong>uc.</strong></span> <span class='ocrx_word' id='word_1_907' title='bbox 2004 5654 2510 5732; x_wconf 84' lang='lat' dir='ltr'><strong>Qumnodocumqne</strong></span> <span class='ocrx_word' id='word_1_908' title='bbox 2535 5666 2682 5723; x_wconf 88' lang='lat' dir='ltr'><strong>dicas</strong></span> <span class='ocrx_word' id='word_1_909' title='bbox 2701 5669 2874 5724; x_wconf 85' lang='lat' dir='ltr'><strong>datam</strong></span> <span class='ocrx_word' id='word_1_910' title='bbox 2895 5670 3119 5740; x_wconf 84' lang='lat' dir='ltr'><strong>gratiam</strong></span> <span class='ocrx_word' id='word_1_911' title='bbox 3151 5657 3360 5736; x_wconf 82' lang='lat' dir='ltr'><strong>Domini</strong></span> 
     </span>
    </p>
   </div>
   <div class='ocr_carea' id='block_1_118' title="bbox 1835 5784 2425 5846">
    <p class='ocr_par' dir='ltr' id='par_1_118' title="bbox 1835 5784 2425 5846">
     <span class='ocr_line' id='line_1_126' title="bbox 1835 5784 2425 5846; baseline 0.022 -17"><span class='ocrx_word' id='word_1_912' title='bbox 1835 5784 1849 5846; x_wconf 60' lang='grc' dir='ltr'><strong><em>ε</em></strong></span> <span class='ocrx_word' id='word_1_913' title='bbox 1881 5791 1961 5832; x_wconf 75' lang='lat' dir='ltr'><strong>Ms.</strong></span> <span class='ocrx_word' id='word_1_914' title='bbox 1989 5793 2130 5846; x_wconf 87' lang='lat' dir='ltr'><strong>Pcrt.,</strong></span> <span class='ocrx_word' id='word_1_915' title='bbox 2156 5801 2425 5842; x_wconf 72' lang='lat' dir='ltr'><strong>aucturum.</strong></span> 
     </span>
    </p>
   </div>
   <div class='ocr_carea' id='block_1_119' title="bbox 1833 5845 3226 5918">
    <p class='ocr_par' dir='ltr' id='par_1_119' title="bbox 1833 5845 3226 5918">
     <span class='ocr_line' id='line_1_127' title="bbox 1833 5845 3226 5918; baseline 0.019 -25"><span class='ocrx_word' id='word_1_916' title='bbox 1833 5845 1856 5875; x_wconf 85' lang='grc'>¹</span> <span class='ocrx_word' id='word_1_917' title='bbox 1879 5847 1950 5895; x_wconf 86' lang='lat' dir='ltr'><strong>sic</strong></span> <span class='ocrx_word' id='word_1_918' title='bbox 1975 5855 2077 5897; x_wconf 77' lang='lat' dir='ltr'><strong>Mss.</strong></span> <span class='ocrx_word' id='word_1_919' title='bbox 2105 5845 2157 5900; x_wconf 74' lang='lat' dir='ltr'><strong>At</strong></span> <span class='ocrx_word' id='word_1_920' title='bbox 2182 5851 2315 5914; x_wconf 89' lang='lat' dir='ltr'><strong>editi,</strong></span> <span class='ocrx_word' id='word_1_921' title='bbox 2345 5857 2588 5908; x_wconf 78' lang='lat' dir='ltr'><strong>voluntati.</strong></span> <span class='ocrx_word' id='word_1_922' title='bbox 3095 5893 3108 5918; x_wconf 80' lang='grc' dir='ltr'><strong>ι</strong></span> <span class='ocrx_word' id='word_1_923' title='bbox 3142 5881 3226 5911; x_wconf 61' lang='grc' dir='ltr'><strong>ς-κιο</strong></span> 
     </span>
    </p>
   </div>
  </div>
