3950 6520
450 150 493 195 ἰ

498 544 627 603 Iesu
648 539 865 604 Christi.
899 549 1117 609 scparas
1143 533 1211 588 ab
1247 547 1309 588 ea
1339 500 1767 601 parvulosfquos
1805 535 1868 577 ea
1892 518 2076 574 salvos

499 635 615 692 ﬁeri
640 646 835 705 negas:
861 640 918 686 ut
935 628 1140 683 scilicet
1167 623 1317 679 vobis
1346 623 1460 694 ipsa
1488 615 1744 673 vocalmla
1773 627 1867 684 pro
1898 612 2078 705 vestro

510 703 729 783 arbitrio
749 720 1130 782 dividentibus,
1161 713 1404 771 Christus
1434 711 1498 766 ad
1542 707 1787 779 parvulos
1815 703 2084 773 pertinere

510 816 747 873 rideatur
772 790 988 884 promer
1016 823 1234 880 regnum
1279 806 1391 869 Dei,
1422 818 1527 873 quo
1556 798 1764 855 nonnisi
1793 795 2085 866 baptizatus

503 923 661 980 posse
699 905 979 978 pervenire
1021 899 1347 962 conceditis;
1398 895 1554 951 Jesus
1598 902 1773 946 autem
1813 890 1885 943 sit
1914 886 1981 941 ah
2009 885 2088 980 eis

504 976 722 1070 prorsus
748 997 973 1061 alienus,
1006 992 1253 1063 quoniam
1296 1004 1400 1043 non
1440 986 1493 1040 in
1523 983 1627 1039 illis
1651 992 1920 1053 operatur,
1949 976 2088 1070 unde

506 1069 611 1145 hoc
637 1097 875 1143 vocatur.
904 1085 1167 1153 Scriptum
1205 1087 1287 1135 est
1315 1078 1476 1139 enim,
1516 1072 1729 1129 Vocabis
1757 1086 1937 1124 nomen
1982 1069 2090 1140 ejus

508 1180 715 1244 Iesum;
736 1178 1096 1245 continuoque
1115 1186 1327 1228 causam
1355 1168 1662 1235 sultjicieus,
1681 1157 1845 1235 quare
1863 1161 2049 1217 Jesum
2076 1177 2089 1212 ε

514 1272 632 1342 Ipse
655 1271 789 1326 enim
811 1269 1007 1324 salvum
1040 1265 1207 1337 faciet,
1231 1261 1420 1331 iuqttit,
1451 1256 1694 1329 populant
1730 1271 1877 1309 suum
1914 1270 1946 1305 α
1976 1267 2095 1322 pec—

508 1364 636 1419 catis
661 1378 835 1418 eorum
857 1359 1068 1431 (Matth.
1112 1372 1127 1412 ι
1177 1355 1291 1426 2|).
1324 1352 1475 1423 Quod
1505 1353 1558 1406 in
1588 1348 1821 1421 parvulis
1847 1345 1960 1401 ﬁeri
2001 1358 2089 1399 ne-

509 1465 715 1527 gantes,
745 1460 800 1509 et
831 1468 861 1506 a
888 1450 1101 1505 nomine
1125 1447 1249 1502 Jesu
1280 1446 1421 1508 illos,
1450 1450 1504 1497 et
1530 1442 1597 1495 ab
1632 1441 1748 1509 ejus
1787 1437 1981 1508 populo
2011 1449 2098 1489 δρα

511 1547 748 1617 paratis:
777 1553 831 1598 et
852 1541 1061 1597 audetis
1085 1536 1367 1608 indignari,
1398 1534 1538 1605 quod
1568 1547 1663 1586 vos
1690 1530 1865 1600 potius
1891 1528 1958 1582 ab
1998 1541 2095 1617 eos

510 1615 632 1695 dent
669 1636 866 1708 populo
894 1631 1249 1703 sepammini?
1272 1628 1539 1697 Quantum
1583 1632 1759 1678 autem
1799 1620 1989 1673 attinet
2029 1615 2095 1670 ad

510 1707 705 1786 delicta
734 1724 1056 1788 voluntaria,
1089 1722 1226 1776 sicut
1253 1735 1321 1775 ex
1360 1717 1541 1772 multis
1570 1713 1827 1786 judicium
1854 1710 2015 1765 mittit
2043 1707 2096 1763 in

511 1817 1033 1879 condemnationem,
1058 1814 1137 1868 sic
1170 1827 1236 1867 ex
1279 1809 1459 1865 multis
1485 1807 1654 1878 gratia
1684 1805 1737 1859 in
1763 1802 2099 1873 iustiﬁcatio-

513 1926 658 1967 nem.
689 1910 864 1976 Quare
894 1921 1023 1977 ergo
1048 1904 1248 1959 dictum
1280 1911 1382 1965 cst,
1417 1898 1679 1954 Iudicium
1702 1892 1884 1949 emuno
1904 1894 1955 1946 in
1979 1908 2101 1947 con-

513 2001 903 2063 demnationem,
932 1997 1098 2068 gratia
1140 2002 1306 2047 autem
1346 2006 1407 2045 ea:
1447 1988 1620 2042 multis
1647 1985 1843 2040 delictis
1869 1984 1922 2037 in
1941 1981 2101 2053 justi-

514 2091 827 2161 ﬁcationem;
857 2088 957 2143 nisi
985 2086 1106 2157 quia
1151 2084 1253 2138 hoc
1293 2084 1410 2136 loco
1450 2093 1554 2134 non
1602 2085 1685 2132 est
1722 2074 1966 2145 opposita
2002 2086 2102 2126 vo-

515 2180 704 2238 luntati
732 2181 999 2242 voluntas,
1028 2185 1119 2231 aut
1157 2173 1437 2229 imitationi
1474 2170 1735 2234 imitatio;
1764 2166 1857 2223 sed
1883 2178 2105 2237 genera-

516 2274 647 2328 tioni
671 2268 1041 2342 regeneratio?
1068 2268 1216 2324 Sicut
1238 2266 1383 2321 enim
1417 2262 1690 2334 generatio
1713 2258 1970 2330 judicium
2012 2256 2106 2309 ha-

517 2362 611 2420 bet
633 2377 700 2418 ex
725 2377 832 2415 uno
868 2361 920 2415 in
949 2358 1483 2418 condemnationem;
1517 2354 1586 2406 ita
1630 2348 1963 2421 regeneratio
1987 2361 2108 2417 gra-

520 2456 647 2511 tiam
673 2470 740 2510 ex
776 2453 954 2510 multis
979 2451 1190 2507 delictis
1218 2450 1271 2503 in
1295 2445 1748 2517 justiﬁeationem.
1784 2441 1995 2497 Clarum
2024 2445 2105 2494 est

519 2546 662 2618 quod
691 2545 859 2600 voluit
883 2543 1101 2612 intelligi
1144 2539 1432 2611 Apostolus
1456 2555 1471 2591 :
1499 2551 1594 2591 vos
1623 2537 1665 2591 si
1692 2533 1932 2590 subditas
1951 2544 2108 2588 aures

523 2635 798 2707 aperiatis,
825 2632 1159 2689 contentiosa
1186 2645 1278 2684 ora
1306 2627 1587 2683 claudetis.

593 2725 730 2781 CIX.
761 2724 882 2789 Jun.
912 2723 1207 2779 Prudenter
1232 2736 1381 2793 ergo,
1409 2733 1532 2774 cum
1558 2717 1624 2773 de
1654 2716 1824 2771 Adam
1861 2714 2110 2785 loquere-

528 2830 634 2885 tur,
662 2819 957 2875 nominavit
985 2824 1478 2886 unumpe'ccatum,
1510 2809 1652 2882 quod
1691 2808 1860 2864 volttit
1888 2807 2108 2878 intelligi

526 2910 755 2966 iormam
785 2908 1230 2980 praevaricationis
1257 2906 1418 2961 luisse
1448 2920 1465 2959 :
1507 2904 1647 2968 ideo,
1681 2904 1912 2972 inquant,
1944 2914 2108 2955 unum

526 3013 713 3059 etnon
754 3001 919 3056 multa
958 2999 1293 3063 memoravit,
1322 2997 1442 3067 quia
1485 2993 1686 3049 sciebat
1719 3000 2110 3067 unumtantum

528 3094 661 3151 Adae
710 3103 982 3165 peceatum
1024 3094 1078 3147 in
1121 3091 1255 3163 legis
1302 3088 1519 3143 historia
1562 3088 1844 3142 contineri.
1875 3084 2111 3141 Gratiam

527 3201 660 3241 vero
684 3200 750 3241 ex
787 3183 970 3239 multis
1006 3183 1213 3237 delictis
1239 3181 1290 3235 in
1325 3179 1780 3250 justiﬁcationem,
1824 3176 2057 3232 imbutos
2081 3192 2111 3231 a

528 3292 588 3335 sc
620 3276 859 3332 laudavit
897 3274 1162 3341 emittere,
1205 3287 1273 3328 ne
1315 3271 1556 3328 beneﬁcii
1600 3270 1847 3343 pauperis
1882 3270 2114 3339 suspicio

530 3374 841 3424 nasceretur
871 3384 885 3421 :
915 3373 968 3421 et
995 3366 1040 3422 si
1069 3365 1313 3429 dixisset,
1337 3362 1516 3419 Gratia
1544 3376 1612 3417 ex
1642 3377 1749 3416 uno
1777 3361 1828 3415 in
1853 3359 2114 3432 iustiﬁca-

529 3461 729 3514 tiouem
753 3473 769 3523 ;
800 3472 905 3512 non
932 3466 1040 3511 tam
1064 3456 1242 3511 omnia
1272 3454 1544 3509 videretur
1562 3451 1799 3517 abolere,
1826 3466 1983 3518 quam
2007 3452 2117 3506 sin-

529 3552 670 3622 gula.
696 3549 846 3617 Quod
866 3562 998 3618 ergo
1022 3547 1279 3618 praemisit
1308 3560 1472 3600 unuut
1502 3550 1798 3616 peccatum,
1831 3543 1989 3598 ﬁdem
2012 3558 2118 3598 ser-

530 3642 673 3697 vavit
700 3641 970 3697 historias:
1002 3639 1144 3710 quod
1163 3638 1416 3702 subdidit,
1443 3652 1508 3693 ex
1536 3637 1714 3692 multis
1736 3636 1903 3707 gratia
1930 3636 1981 3691 iu
1998 3636 2118 3707 jus-

532 3732 892 3799 tiﬁcatiunent,
922 3729 1340 3787 muniﬁcentiam
1384 3728 1626 3801 mysterii
1648 3728 2038 3784 commendavit
2064 3738 2119 3784 et

531 3826 762 3896 copiam.
1420 3864 1427 3870 .
2070 3824 2101 3838 "

584 3916 736 3971 Anc.
763 3911 903 3982 Quid
926 3920 1103 3968 autent
1134 3908 1271 3982 opus
1289 3917 1408 3966 erat
1426 3919 1488 3964 ut
1511 3908 1581 3965 de
1594 3907 1763 3965 Adam
1787 3908 2113 3982 loqueretur,

531 4021 654 4061 eum
680 4004 881 4060 Christi
919 4004 1142 4074 gratiam
1178 4001 1610 4068 commendaret;
1649 4001 1752 4056 nisi
1779 4002 1901 4073 quia
1931 4016 2025 4073 per
2052 4001 2118 4056 ll-

534 4098 643 4159 tum
670 4095 965 4165 generatio,
997 4108 1091 4163 per
1110 4093 1270 4148 istum
1296 4092 1629 4163 regeneratio
1654 4091 1776 4147 est?

603 4190 720 4248 CX.
750 4188 872 4245 Jun.
900 4188 1031 4257 Quae
1055 4186 1339 4256 expositio,
1358 4193 1416 4240 ut
1444 4183 1635 4239 rationi
1660 4184 1910 4248 concinit,
1933 4183 2003 4240 ita
2023 4198 2120 4241 vos

533 4279 763 4338 destruit
792 4297 808 4334 :
837 4278 939 4333 hoc
965 4277 1109 4332 enim
1140 4276 1256 4346 ipso
1285 4273 1524 4329 conﬁteri
1559 4274 1652 4328 tibi
1680 4288 1899 4329 necesse
1927 4283 2027 4341 est,
2064 4275 2116 4331 in

534 4372 781 4428 omnibus
807 4368 1172 4440 superioribus
1213 4365 1392 4421 verbis
1432 4365 1744 4435 Apostolum
1793 4364 1859 4419 de
1897 4375 2121 4435 peccato

535 4464 841 4522 Manichaee
868 4462 1102 4519 traducis
1128 4476 1234 4515 non
1263 4461 1518 4526 locutum,
1549 4459 1761 4543 quando
1804 4459 1857 4514 in
1882 4474 2119 4516 comme-

537 4557 832 4612 moratione
853 4555 1039 4626 gratiae
1062 4553 1227 4608 multa
1253 4552 1453 4606 absolvi
1480 4558 1697 4620 peccata
1728 4551 2061 4606 monstravit.

607 4651 741 4706 Atto.
766 4647 1086 4704 Manichmos
1112 4653 1165 4700 tu
1191 4644 1432 4716 adjuvas,
1452 4643 1645 4714 quibus
1665 4642 1947 4698 inducendi
1964 4644 2120 4699 aliam

538 4752 778 4797 naturam
808 4741 1003 4795 malam
1021 4739 1118 4795 das
1146 4738 1342 4801 locum,
1360 4736 1606 4808 negando
1634 4736 1684 4791 in
1709 4735 1951 4807 originali
1979 4736 2121 4791 malo

535 4847 657 4889 esse
680 4845 893 4888 causam
921 4830 1149 4885 miserias
1173 4829 1510 4899 parvulorum
1538 4843 1555 4881 :
1585 4841 1743 4898 quam
1767 4827 2035 4882 miseriam
2066 4827 2119 4882 in

538 4926 785 4998 paradiso
810 4924 992 4995 utique
1010 4939 1118 4978 non
1144 4922 1423 4991 haberent,
1452 4923 1496 4978 si
1523 4929 1900 4992 perseverante
1924 4919 1996 4974 ibi
2020 4934 2120 4974 na-

541 5029 673 5073 tura:
724 5016 971 5071 humana:
1017 5013 1333 5070 rectitudine
1378 5024 1443 5069 ac
1490 5011 1815 5069 beatitudine
1860 5013 1878 5043 ⁸
1930 5024 2120 5067 nasce-

537 5117 743 5166 ι’θιιῑιιῐ.

608 5198 751 5256 CXI.
775 5196 893 5254 Jun.
943 5197 1019 5252 De
1065 5195 1286 5251 istorum
1324 5190 1468 5250 enim
1516 5201 1854 5264 peccatorum
1897 5207 2115 5263 genere,

538 5306 677 5362 quat
697 5291 862 5346 multa
899 5303 1041 5353 esse,
1072 5295 1127 5344 et
1161 5286 1354 5342 dimitti
1390 5284 1565 5340 omnia
1593 5300 1690 5355 per
1716 5284 1937 5355 gratiam
1967 5299 2117 5339 com-

515 5382 828 5450 mendavit,
857 5379 1091 5437 ostendit
1127 5393 1186 5434 se
1210 5378 1371 5434 etiam
1400 5376 1529 5431 illud
1570 5392 1732 5431 unum
1770 5376 2015 5447 superius
2041 5375 2123 5430 di-

538 5475 683 5530 xisse
720 5481 996 5546 peccatum
1032 5488 1048 5525 :
1090 5479 1147 5526 tu
1181 5478 1356 5525 autem
1397 5467 1514 5522 ha'c
1553 5467 1716 5521 multa
1749 5482 1812 5523 ea
1850 5465 2121 5522 censentis

538 5578 678 5632 esse,
700 5578 819 5636 qua:
842 5562 1245 5620 committuntur
1261 5561 1329 5616 ab
1365 5573 1684 5631 unoquoque
1724 5557 1938 5614 homine
1973 5566 2119 5613 motu

603 5780 620 5812 ι
644 5778 718 5831 δῖε
735 5785 843 5830 Ilss.
865 5784 1128 5844 lfort,_ltar.
1151 5778 1271 5831 clar.
1289 5785 1346 5832 Αι
1361 5777 1497 5844 editi,
1519 5780 1711 5832 natum
1731 5789 1790 5829 ac
1812 5773 2119 5830 beatitudinis
2222 5778 2318 5844 ptis

537 5838 763 5894 summac
777 5840 1085 5898 rectitudine.

1167 415 1412 480 OPERIS
1448 406 1861 473 IMPERFECTI
1897 401 2170 464 CONTRA
2206 395 2566 465 JULIANUM,
2606 398 2667 456 S.
2715 393 3085 458 AUGUSTm

3607 403 3763 460 “83

2191 497 2418 581 propino
2444 510 2727 565 voluntatis
2752 527 2766 565 :
2787 518 2838 565 et
2866 508 2993 564 illud
3018 522 3150 579 ergo
3176 492 3339 569 mh
3364 507 3429 567 de
3455 511 3635 570 eodem
3662 528 3772 587 ge,-

2190 617 2318 657 nere
2347 609 2447 655 θεῖ.
3560 668 3563 675 1

2259 696 2394 749 Auc.
2422 692 2590 748 Simul
2618 708 2736 748 cum
2759 692 2853 747 illo
2874 706 3000 756 uno,
3022 691 3142 745 dico
3162 705 3281 748 esse
3308 690 3488 756 multa,
3505 674 3609 751 non
3622 710 3776 770 m-

2193 793 2274 841 ter
2299 785 2428 841 illud
2458 804 2471 841 :
2505 795 2680 857 potest
2708 797 2884 840 autem
2924 794 2978 840 et
3021 785 3122 840 hoc
3162 794 3308 841 recte
3348 785 3449 843 dici
3486 785 3550 842 de
3575 789 3781 853 eodem

2191 893 2384 950 genere
2409 895 2551 947 esse,
2583 866 2627 934 si
2656 879 2720 933 ad
2759 878 3015 949 originem
3045 878 3339 947 referatur;
3381 879 3499 950 quia
3519 890 3570 939 et
3591 881 3774 950 ipsum

2192 987 2259 1027 ex
2309 972 2463 1043 primi
2519 972 2748 1025 hominis
2792 972 3064 1026 voluntate
3094 972 3344 1038 manavit,
3392 974 3591 1045 quando
3625 976 3778 1031 illitis

2194 1066 2469 1135 peccatum
2494 1063 2706 1119 intravit
2729 1066 2780 1119 in
2807 1065 3085 1132 mundum,
3116 1074 3288 1137 ct-per
3315 1079 3503 1121 omnes
3533 1069 3778 1129 homines

2197 1156 2519 1226 pertransiit.

2266 1248 2423 1305 CXll.
2455 1249 2573 1304 Jun.
2608 1247 2676 1306 Ut
2717 1247 3039 1322 intelligatur
3066 1250 3132 1307 ab
3159 1264 3482 1323 unoquoque
3506 1260 3639 1307 motu
3658 1268 3782 1323 pro-

2196 1340 2326 1412 pria:
2354 1340 2641 1396 voluntatis
2665 1350 2982 1407 attractum;
3011 1351 3065 1397 et
3086 1342 3197 1413 jam
3239 1357 3347 1401 non
3377 1342 3661 1401 fecunditas
3692 1359 3780 1402 se-

2198 1432 2423 1498 tninum,
2453 1432 2545 1486 sed
2571 1432 2867 1488 studiorum
2896 1434 3129 1502 pravitas
3153 1443 3425 1503 urguetur.
3455 1435 3710 1495 Czetcrnsn
3732 1437 3779 1492 si

2199 1518 2330 1576 illud
2358 1538 2518 1575 unum
2540 1521 2796 1593 originale
2821 1512 3079 1579 voluisset
3103 1524 3347 1597 intelligi,
3386 1539 3492 1599 εφη
3513 1526 3689 1597 utique
3719 1527 3780 1583 in

2199 1613 2546 1683 sequentibus
2574 1625 2786 1684 peccata
2814 1616 2977 1671 multa
3005 1616 3250 1684 dixisset,
3279 1633 3400 1690 qua:
3434 1633 3528 1689 per
3560 1621 3781 1690 gratiam

2199 1703 2418 1760 dimissa
2444 1714 2687 1761 testatur.
3039 1761 3049 1771 ,
3562 1768 3565 1773 ,

2272 1796 2406 1856 Anc.
2434 1798 2608 1868 Quare
2631 1816 2738 1856 non
2766 1800 3009 1867 dixisset,
3043 1801 3145 1857 nisi
3174 1803 3299 1874 quia
3340 1801 3443 1859 hoc
3470 1774 3646 1861 {olunt
3684 1804 3785 1861 Pe-

2201 1882 2436 1961 lagiani?
2464 1890 2558 1946 sed
2601 1908 2704 1946 non
2734 1893 2847 1948 vult
2882 1894 3098 1959 veritas,
3144 1910 3248 1964 qua
3293 1894 3570 1967 Pelagiana
3597 1895 3783 1952 redar-

2202 1984 2381 2054 guitur
2404 1984 2631 2049 novitas,
2651 1993 2705 2039 et
2723 1985 2949 2039 vincitur
2969 1986 3196 2040 vanitas.
3220 1985 3380 2041 Multa
3405 1987 3546 2057 enim
3571 1986 3781 2053 delicta,

2203 2092 2270 2131 ex
2295 2077 2485 2147 quibus
2509 2078 2678 2149 gratia
2713 2077 2871 2133 mittit
2898 2079 2949 2132 in
2981 2068 3441 2149 justiﬁcationem,
3483 2079 3634 2135 simul
3658 2096 3782 2137 cum

2206 2169 2296 2225 illo
2335 2185 2442 2225 uno
2470 2170 2635 2225 multa
2672 2179 2828 2237 sunt;
2862 2188 2927 2226 ex
2958 2187 3065 2243 quo
3093 2190 3196 2226 uno
3216 2172 3478 2243 judicium
3506 2173 3546 2240 ἓ,
3579 2172 3783 2228 etiam

2206 2260 2306 2315 alia
2325 2276 2429 2316 non
2456 2260 2737 2329 addantur,
2760 2262 2917 2317 mittit
2942 2262 2995 2319 in
3016 2263 3539 2320 condemnationem.
3557 2263 3642 2320 Sic
3659 2262 3788 2335 ergo

2206 2351 2375 2407 Adam
2405 2369 2567 2408 unum
2591 2353 2844 2409 delictum
2873 2356 3039 2426 potuit
3059 2357 3327 2427 generatis
3355 2357 3610 2425 inserere,
3635 2356 3789 2413 Chri—

2207 2454 2322 2499 stus
2369 2452 2548 2501 autem
2596 2448 2924 2517 regeneratis
2975 2449 3139 2505 multa
3181 2449 3492 2516 dimittere;
3542 2451 3787 2521 quoniam

2210 2536 2329 2607 plus
2359 2537 2459 2593 iste
2486 2536 2768 2609 profuisse,
2794 2555 2951 2610 quam
2982 2540 3070 2595 ille
3097 2541 3348 2599 nocuisse
3373 2550 3719 2599 monstratur.

2279 2627 2464 2684 CXlll.
2493 2628 2614 2685 Jun.
2643 2627 2711 2685 Et
2734 2632 2980 2703 quamvis
3012 2649 3130 2703 quae
3156 2641 3274 2691 acta
3317 2644 3463 2703 sunt,
3505 2634 3791 2693 adiician-

2210 2716 2417 2776 siouem
2448 2720 2687 2776 veritatis
2712 2720 3041 2779 exuberent:
3072 2734 3249 2781 tamen
3273 2724 3342 2780 ad
3367 2741 3432 2780 ea
3469 2742 3587 2797 qua:
3614 2726 3788 2785 inferi-

2213 2828 2351 2881 mus,
2380 2822 2439 2868 ut
2464 2813 2534 2867 sit
2558 2813 2726 2869 lector
2751 2815 3004 2882 intentus,
3029 2816 3314 2873 admoneo.
3347 2816 3789 2888 Apparebitettim

2214 2904 2627 2973 irrelutabilitcr,
2658 2905 2787 2961 nihil
2817 2907 2868 2961 in
2896 2906 2978 2971 his
2997 2907 3129 2963 locis
3152 2908 3453 2980 apostolum
3484 2909 3700 2969 Paulum
3725 2911 3792 2967 de

2214 3005 2423 3064 natura,
2451 2995 2547 3052 sed
2573 2996 2641 3052 de
2676 2999 3081 3055 conversatione
3121 2999 3429 3056 mortalium
3452 3000 3788 3071 disputasse:

2215 3087 2321 3144 vim
2353 3104 2544 3160 nempe
2588 3089 2769 3162 gratia:
2794 3089 2995 3147 Christi
3022 3099 3077 3148 et
3113 3092 3501 3162 peceati‘primi
3524 3108 3557 3151 e
3585 3094 3794 3164 regione

2214 3179 2562 3248 constituens,
2608 3196 3031 3253 comparatisque
3067 3181 3287 3251 effectus
3313 3184 3623 3256 :‘utriusque,
3655 3184 3794 3241 labo-

2216 3275 2351 3330 ravit
2379 3273 2694 3341 ostendere,
2735 3275 2901 3347 magis
2935 3275 3130 3332 Christi
3174 3276 3440 3348 profuisse
3467 3279 3789 3350 mysterium,

2216 3380 2371 3435 quam
2402 3365 2556 3436 primi
2582 3360 2813 3421 hominis
2836 3368 3080 3423 nocuisse
3110 3378 3405 3440 peccatum.
3434 3370 3495 3426 ω
3513 3381 3691 3427 autem
3713 3371 3795 3427 do-

2217 3456 2425 3512 cuimus
2451 3456 2502 3512 itt
2525 3471 2683 3511 sensu
2713 3457 2946 3513 traducis
2971 3473 3078 3514 non
3104 3473 3263 3529 posse
3288 3470 3556 3517 constare.
3578 3459 3654 3517 Ut
3676 3477 3794 3532 ergo

2217 3548 2383 3603 multa
2410 3563 2529 3620 qua:
2548 3549 2900 3617 enumeravit,
2923 3550 2995 3606 ita
3015 3550 3119 3607 hoc
3142 3552 3481 3622 peculiariter
3504 3553 3568 3609 ad
3593 3554 3793 3611 laudent

2220 3639 2382 3693 voluit
2406 3639 2591 3711 gratiae
2620 3640 2911 3711 pertinere,
2935 3642 3194 3714 quodiait,
3237 3642 3505 3700 Iudicium
3527 3662 3593 3701 ea:
3629 3651 3795 3702 uncia

2219 3727 2701 3799 condemnationem,
2732 3732 2898 3803 gratia
2936 3742 3106 3789 autem
3134 3751 3198 3790 ea:
3220 3736 3393 3793 multis
3412 3737 3611 3793 delictis
3642 3739 3694 3793 in
3709 3740 3794 3811 ju-

2219 3822 2569 3892 sti/icationem
2594 3825 2726 3880 vitae.
2758 3824 2910 3893 Quod
2941 3826 3043 3883 hoc
3071 3828 3233 3887 modo
3257 3830 3524 3887 naturalis
3537 3833 3664 3888 mali
3688 3836 3798 3889 ’as-

2221 3922 2395 3968 scrto‘r
2412 3914 2657 3985 exposuit
2682 3932 2697 3970 :
2726 3933 2745 3968 ε
2774 3915 2920 3985 ldeo,
2950 3935 2969 3969 ι
3003 3917 3193 3988 inquit,
3224 3937 3243 3993 ς
3267 3936 3332 3974 ea:
3356 3937 3459 3976 uno
3487 3921 3542 3976 in
3567 3922 3796 3978 condet»

2221 4005 2489 4071 nationem,
2513 4006 2634 4077 quia
2646 4004 2919 4064 sufﬁciens
2933 4008 3155 4065 estillud
3170 4026 3333 4066 unum
3352 4020 3650 4081 peccatum,
3669 4011 3798 4085 quod

2221 4096 2549 4169 originaliter
2573 4097 2820 4165 trahitur,
2843 4100 2910 4156 ad
2937 4101 3435 4160 condemnationem
3461 4104 3679 4173 ducere,
3708 4107 3798 4163 sio-

2224 4196 2280 4259 ut
2322 4186 2467 4243 ducit
2512 4190 2794 4267 parvulos,
2839 4192 2929 4262 qui
2977 4207 3044 4248 ex
3086 4194 3256 4248 Adam
3299 4205 3628 4264 nascuntur,
3664 4198 3715 4253 si
3752 4199 3801 4253 in

2222 4276 2434 4334 Christo
2460 4294 2563 4335 non
2607 4292 2981 4351 renascantur;
3013 4283 3225 4350 etiamsi
3257 4285 3359 4340 alia
3409 4297 3627 4358 peccata
3672 4291 3800 4347 nulla

2222 4369 2348 4424 sint.
2382 4367 2558 4424 Gratia
2581 4381 2745 4424 autem
2774 4387 2838 4426 ex
2862 4374 3031 4427 multis
3054 4373 3249 4429 delictis
3286 4376 3339 4430 in
3354 4377 3801 4448 justiﬁcatioaetlt,‘

2223 4458 2344 4530 quia
2372 4475 2476 4514 non
2503 4461 2674 4516 solum
2720 4461 2849 4517 illud
2880 4462 3118 4529 dimittit,
3156 4466 3299 4537 quod
3339 4469 3672 4540 originaliter
3708 4480 3801 4526 tra-

2225 4551 2386 4612 hitur,
2415 4550 2506 4605 sed
2532 4551 2690 4606 etiam
2716 4561 2906 4608 czetera
2928 4570 3046 4626 qua:
3066 4555 3132 4610 ab
3154 4572 3496 4630 unoquoque,
3523 4571 3673 4617 motu
3692 4576 3802 4633 pro-

2222 4640 2354 4711 pria:
2378 4641 2662 4698 voluntatis
2681 4642 2947 4698 adduntur
2966 4662 2984 4696 ι
3028 4644 3126 4715 (De
3143 4645 3355 4719 Nuptiis
3379 4659 3425 4703 et
3441 4648 3800 4723 Concupiscet-

2224 4734 2314 4800 tia,
2337 4731 2425 4786 lib.
2449 4732 2505 4799 ‘2,
2536 4750 2590 4787 η.
2621 4732 2737 4804 46).
2768 4733 2907 4789 Ecce
2936 4735 3209 4806 professus
3233 4754 3291 4794 es
3317 4780 3334 4807 ,
3362 4740 3490 4801 licet
3542 4741 3801 4812 impietate

2222 4824 2508 4881 Manichaca
2531 4869 2547 4894 ,
2576 4841 2695 4883 esse
2730 4827 2942 4899 quidem
2981 4830 3223 4889 naturale
3266 4843 3568 4903 peccatum,
3611 4851 3804 4893 verutu-

2225 4924 2402 4973 tamcn
2454 4933 2662 4988 unum,
2713 4919 2785 4975 ob
2822 4920 2963 4991 quod
3012 4922 3093 4978 ais
3140 4934 3424 4983 nascentes
3467 4926 3675 4985 debere
3712 4927 3798 4987 da-

2223 5026 2413 5066 tnuart.

2294 5103 2430 5158 Aea.
2472 5102 2572 5171 Qui
2600 5102 2763 5167 dixit,
2799 5122 2817 5156 ι
2852 5103 3050 5162 Omnes
3081 5107 3181 5164 sub
3218 5118 3441 5179 peccato
3484 5112 3751 5169 nascimur
3773 5128 3795 5165 ι

2225 5195 2478 5265 (Ambros.
2509 5195 2598 5250 lib.
2632 5195 2669 5250 2
2711 5196 2774 5251 de
2816 5195 3024 5265 Pontia,
3058 5218 3172 5271 ειη).
3198 5200 3234 5257 2
3260 5203 3338 5258 vel
3364 5204 3446 5276 3),
3487 5205 3803 5262 Manichacus

2224 5301 2332 5340 non
2356 5294 2490 5341 erat.
2520 5285 2625 5343 Sed
2655 5301 2770 5354 vos,
2801 5289 3067 5358 restionde
3093 5291 3216 5361 quid
3246 5294 3384 5362 sitis,
3406 5295 3499 5366 qui
3530 5305 3608 5352 tot
3633 5297 3799 5368 imagto

2225 5391 2320 5433 nes
2346 5377 2461 5445 Dei,
2489 5378 2605 5433 sine
2632 5378 2788 5434 ullius
2818 5381 3019 5449 peccati
3044 5383 3254 5449 merito,
3294 5386 3557 5454 separatis
3580 5401 3613 5440 a
3646 5400 3797 5458 regno

2219 5468 2339 5533 Dei,
2371 5470 2574 5539 negatis
2598 5469 2837 5525 damnari
2859 5471 3059 5542 judicio
3090 5473 3200 5539 Dei,
3231 5482 3287 5529 et
3311 5474 3483 5531 facitis
3508 5476 3643 5533 duas
3663 5488 3794 5533 teter-

2223 5574 2320 5616 nas
2341 5560 2639 5629 felicitates,
2666 5576 2825 5619 unam
2851 5568 2972 5635 qua‘.
2999 5565 3068 5621 sit
3109 5566 3162 5621 in
3208 5582 3379 5640 regno
3419 5567 3540 5640 Dei,
3586 5570 3794 5626 alteram

2278 5717 2304 5789 ,ι
2330 5715 3106 5780 Edlti,ea:quommjudicitnn.
3129 5688 3454 5774 me
3479 5732 3511 5774 ι
3539 5720 3792 5776 mantisci-

2289 5813 2401 5891 rSic
2417 5844 2525 5891 uss.
2544 5840 2660 5892 Editi
2684 5853 2821 5905 vero,
