3950 6474
162 359 285 418 "89

161 492 263 548 qua:
279 473 344 527 sit
363 483 523 527 extra
570 486 788 544 regnum
818 467 904 522 Dei
931 483 942 519 :
976 464 1153 531 dit-ite,
1178 463 1421 528 obsecro,
1452 462 1505 516 In
1527 478 1588 515 ca
1622 460 1728 514 fcli-

161 571 300 623 citate
322 579 443 635 qum
479 575 642 620 extra
683 565 767 617 Dei
799 575 1008 628 regnum
1039 559 1160 619 erit,
1208 557 1415 610 ullusue
1464 554 1724 624 regnabit,

162 676 217 714 an
240 655 440 712 millus?
477 656 540 710 Si
588 656 778 718 nullus,
827 650 1038 705 Lberior
1068 650 1169 702 erit
1197 647 1377 718 procul
1421 646 1582 700 dubio
1612 645 1728 698 siue

160 751 254 806 ullo
282 763 400 818 rege
421 747 512 801 illa
548 747 771 802 felicitas
808 761 820 797 :
859 745 902 796 si
933 758 1058 797 vero
1082 742 1219 796 ullus
1264 741 1315 794 in
1360 755 1422 794 ea
1462 738 1720 808 regnabit,

161 843 264 913 quis
287 843 384 894 crit
405 856 502 894 rex
533 840 818 909 imaginum
843 837 954 902 Dei,
987 837 1074 904 qui
1104 851 1205 887 non
1237 834 1338 888 erit
1365 832 1535 886 Deus?
1558 831 1724 886 Porro

158 937 196 986 si
229 933 350 985 deus
389 929 516 993 erit,
550 945 654 984 vos
700 926 1025 982 iutroducitis
1049 927 1273 980 altertun
1301 924 1494 988 deum;
1540 931 1594 978 et
1637 938 1722 978 me

159 1023 314 1076 dicitis
339 1019 728 1074 Manicltmum?
765 1016 911 1084 Quod
951 1018 993 1071 si
1037 1017 1176 1071 Deus
1203 1017 1314 1086 ipse
1352 1015 1421 1069 ibi
1454 1014 1716 1084 regnabit,

159 1111 291 1181 cujus
336 1110 440 1164 illte
491 1109 756 1179 imagines
783 1117 930 1171 sunt;
967 1107 1128 1162 etiam
1162 1107 1288 1176 ipsae
1319 1107 1580 1177 imagines
1605 1106 1719 1175 ejus

160 1204 202 1258 in
225 1202 326 1255 veri
362 1200 452 1254 Dei
475 1200 560 1253 sui
593 1216 756 1269 regno
781 1201 797 1231 ⁸
835 1198 1016 1253 felices
1055 1207 1232 1252 erunt.
1290 1199 1356 1252 Et
1405 1197 1493 1252 ubi
1511 1197 1631 1251 ~erit
1673 1197 1714 1258 ',

161 1293 260 1349 Nisi
285 1293 394 1364 quis
421 1303 630 1346 renatus
655 1292 803 1364 fuerit
831 1308 893 1346 ea:
916 1308 1046 1360 aqua
1083 1301 1129 1346 et
1167 1289 1385 1371 Spiritu,
1428 1307 1529 1346 non
1559 1298 1718 1360 potest

155 1387 342 1439 introire
368 1385 422 1437 in
462 1399 680 1453 regnum
719 1382 812 1436 Dei
839 1381 1016 1452 (Joan.
1048 1398 1126 1449 Ill,
1157 1381 1239 1455 5)?
1267 1384 1346 1436 An
1380 1381 1590 1436 tandem
1621 1381 1721 1435 ali-

157 1474 345 1545 quando
371 1483 522 1528 extra
550 1488 771 1544 regnum
814 1473 903 1527 Dei
934 1473 985 1527 in
1019 1472 1198 1528 felices
1236 1471 1441 1528 futuros
1477 1471 1714 1527 fatetniui

156 1566 381 1637 parvulos
408 1581 516 1621 non
557 1566 803 1622 renatos?
847 1566 1012 1622 Dicite
1051 1581 1178 1637 ergo
1210 1565 1364 1636 hujus
1392 1564 1712 1620 infelicitatis

155 1656 402 1722 meritum,
433 1656 647 1712 verbosi
673 1665 726 1713 et
751 1657 1090 1723 contentiosi,
1112 1658 1201 1728 qui
1232 1657 1434 1729 negatis
1453 1657 1712 1728 originale

154 1759 425 1820 peccatum.

211 1841 378 1895 CXIV.
417 1838 538 1895 Jun.
581 1839 752 1895 Proba
781 1855 944 1911 ergo,
989 1841 1090 1896 hoc
1129 1840 1182 1895 in
1206 1841 1316 1905 eis,
1348 1841 1488 1911 quod
1523 1842 1708 1912 gratia:

152 1931 323 1986 Christi
346 1930 620 2002 apostolus
650 1931 844 1984 Paulus
871 1931 1171 2002 adscripsit,
1202 1933 1431 2003 impleri,
1457 1934 1708 1990 videlicet

153 2033 200 2078 ut
219 2038 277 2076 ex
307 2021 482 2077 multis
507 2020 717 2076 delictis
749 2020 1180 2090 justifieatiouem
1213 2032 1479 2092 operetur,
1516 2024 1568 2079 id
1602 2033 1702 2090 est,

152 2124 198 2167 ut
230 2111 475 2182 justitiam
515 2119 857 2181 peccatorum
905 2113 1130 2182 plurium
1175 2130 1277 2168 una
1323 2116 1488 2171 semel
1528 2119 1708 2173 remis.

150 2206 278 2259 sione
300 2203 602 2260 contribuat
631 2221 644 2257 :
679 2214 770 2259 aut
805 2220 933 2276 ergo
960 2206 1093 2262 doce
1128 2207 1372 2276 parvulos
1402 2210 1583 2264 multis
1611 2213 1707 2267 ob-

151 2297 312 2350 noxios
330 2311 450 2351 esse
467 2295 798 2360 criminibus,
822 2306 878 2350 ut
898 2297 975 2351 eis
995 2313 1205 2368 quoque
1230 2299 1356 2353 illud
1384 2301 1704 2369 persuadeas

148 2387 426 2452 convenire,
457 2387 510 2442 in
547 2401 655 2457 quo
677 2387 886 2444 laudem
921 2390 1297 2445 munificentia:
1333 2391 1532 2448 Christi
1561 2395 1704 2465 Apo-

147 2478 294 2534 stolus
313 2479 612 2547 collocavit,
646 2489 703 2534 ut
735 2496 802 2535 ex
841 2481 1026 2536 multis
1061 2498 1156 2538 eos
1193 2494 1402 2540 constet
1448 2485 1704 2543 liberatos

147 2586 247 2626 esse
286 2572 546 2640 peccatis;
599 2581 692 2626 aut
733 2573 1027 2639 confitere,
1077 2574 1297 2630 Paulum
1343 2577 1474 2631 nihil
1519 2578 1570 2632 in
1617 2577 1702 2634 his

147 2659 258 2714 locis
289 2661 354 2714 de
397 2661 652 2730 parvulis,
699 2662 830 2717 nihil
859 2663 924 2718 de
963 2663 1238 2720 hominum
1268 2665 1566 2736 disputasse
1609 2685 1702 2724 na-

148 2760 266 2816 tura,
303 2750 515 2820 quando
559 2766 621 2806 ea
663 2751 856 2806 dimitti
896 2754 1077 2824 gratiae
1116 2754 1432 2812 liberalitate
1478 2767 1701 2814 testatus

145 2850 230 2905 est,
251 2856 360 2912 qua:
385 2850 436 2896 te
454 2856 668 2912 quoque
690 2853 964 2901 annuente
990 2855 1264 2916 nequeunt
1289 2849 1338 2902 iu
1361 2851 1700 2908 nascentibus

146 2931 364 2988 inveniri.

199 3025 322 3080 Are.
347 3023 482 3092 Quid
499 3025 742 3096 estquod
765 3027 998 3097 loqueris
1013 3027 1056 3094 ³,
1077 3029 1203 3101 quid
1223 3039 1303 3086 est
1324 3031 1464 3102 quod
1488 3032 1582 3089 tibi
1597 3033 1698 3090 ob-

143 3117 305 3186 strepit
328 3117 700 3188 loquacissima
726 3122 949 3187 vanitas,
982 3137 1049 3178 ue
1091 3124 1252 3179 intret
1289 3125 1344 3180 in
1385 3140 1542 3183 aures
1579 3138 1700 3187 tuas

143 3209 542 3266 inanitastissima
569 3213 805 3268 veritas?
847 3213 1040 3284 Utique
1069 3215 1244 3285 Jesus,
1277 3219 1366 3289 qui
1409 3235 1474 3275 ex
1516 3223 1698 3280 multis

143 3300 326 3358 delictis
345 3304 552 3359 salvum
584 3303 712 3360 facit
736 3306 988 3376 populum
1009 3323 1186 3374 suum,
1212 3325 1319 3366 non
1347 3313 1700 3382 praetermittit

143 3393 277 3448 etiam
303 3395 579 3466 originalia
621 3397 828 3468 singula
865 3400 1233 3470 parvulorum;
1263 3403 1385 3474 quia
1416 3404 1468 3459 in
1495 3406 1696 3462 eisdem

143 3484 298 3540 multis
316 3495 371 3542 et
389 3488 503 3556 ipsa
529 3495 672 3542 sunt.

199 3573 346 3632 CXV.
374 3577 498 3634 ιω..
527 3577 725 3648 Gratia,
749 3579 937 3650 inquit,
968 3598 1032 3637 ea:
1059 3584 1229 3639 multis
1250 3584 1446 3642 delictis
1467 3587 1522 3642 in
1537 3592 1697 3661 justi-

143 3667 419 3735 ﬁcationem.
457 3671 536 3727 Tu
567 3673 815 3743 parvulos
837 3689 942 3730 non
975 3677 1092 3746 plus
1125 3694 1284 3749 quam
1314 3683 1404 3736 uni
1440 3683 1700 3741 obnoxius

142 3758 255 3816 dicis
277 3777 394 3818 esse
415 3773 659 3834 peccato.
685 3765 846 3822 Vides
867 3783 996 3838 ergo
1023 3771 1074 3824 in
1102 3783 1290 3827 eorum
1315 3787 1545 3843 persona
1585 3777 1700 3832 lau-

143 3849 245 3906 dem
279 3854 460 3924 gratia:
489 3855 876 3913 claudicantcm
896 3858 940 3925 ⁸;
987 3861 1109 3931 quia
1153 3877 1258 3917 non
1298 3864 1500 3921 invenit
1533 3869 1698 3924 multa

143 3955 332 4010 peccata
358 3986 376 4013 ,
422 3962 651 4016 quorum
701 3949 1018 4008 remissione
1065 3953 1326 4011 laudetur.
1370 3957 1520 4023 Quod
1569 3959 1700 4016 dixit

143 4032 294 4106 itaque
311 4039 583 4107 apostolus
609 4040 826 4108 Paulus,
845 4039 1024 4097 Gratia
1048 4053 1216 4099 autem
1235 4062 1300 4102 ea:
1318 4048 1489 4104 multis
1507 4049 1700 4104 delictis

141 4127 186 4181 in
219 4131 661 4200 justiﬁcatt'onem,
701 4131 1042 4190 falsissimum
1084 4151 1206 4194 esse
1251 4137 1302 4194 in
1357 4142 1696 4210 parvulorum

141 4227 263 4273 statu
287 4221 544 4290 proditur.
573 4222 691 4290 Quo
716 4222 842 4280 hinc
864 4235 916 4280 tu
943 4225 1100 4296 igitur
1126 4229 1404 4286 conaberis
1428 4232 1701 4289 exsilire“?

141 4307 313 4365 Procul
351 4310 515 4367 dubio
553 4311 793 4368 dicturus
826 4329 886 4370 es
927 4315 1109 4386 (hunc
1135 4319 1276 4374 enim
1303 4335 1521 4378 sensum
1554 4332 1702 4380 tuum

139 4402 361 4471 superior
382 4418 562 4458 sermo
588 4403 902 4476 patefecit),
939 4405 1040 4463 hoc
1085 4409 1225 4479 quod
1263 4411 1339 4466 ait
1375 4414 1698 4484 Apostolus,

139 4492 298 4548 Gratia
320 4504 485 4549 autent
505 4511 568 4550 ea:
592 4497 764 4552 multis
788 4497 983 4555 delictis
1005 4501 1058 4554 in
1078 4501 1494 4572 justi/irationem
1518 4523 1535 4568 ;
1560 4507 1698 4577 apud

138 4582 363 4640 homines
387 4587 639 4656 perfectae
665 4590 840 4646 aetatis
881 4589 1090 4660 impleri
1115 4633 1132 4659 ,
1165 4594 1254 4664 qui
1283 4595 1466 4652 multis
1493 4597 1702 4655 delictis

138 4691 222 4743 per
243 4687 442 4758 motum
469 4679 701 4750 propriat
732 4681 1018 4738 voluntatis
1044 4686 1433 4744 convincuntur
1459 4689 1698 4759 obnoxii,

140 4766 184 4820 iu
212 4755 436 4837 parvulis
462 4779 642 4826 autem
670 4787 778 4829 non
808 4788 876 4830 ex
905 4775 1104 4844 multis,
1129 4777 1224 4834 sed
1265 4792 1331 4834 ex
1363 4794 1469 4836 uno
1505 4755 1704 4839 delicto

143 4857 239 4915 ﬁeri
258 4862 720 4930 justificationem.

197 4952 329 5007 Auc.
355 4952 468 5010 Non
508 4963 625 5009 erat
653 4968 900 5025 magnum
928 4965 985 5012 ut
1013 4958 1337 5031 iutelligeres
1364 4963 1432 5018 ab
1474 4963 1575 5021 hac
1613 4965 1702 5037 ju-

142 5041 479 5113 stificatione,
505 5061 665 5115 quam
697 5046 940 5104 Salvator
975 5064 1042 5104 ex
1072 5050 1357 5107 multorum
1386 5053 1701 5112 delictorum

143 5131 441 5192 dimissioue
467 5137 590 5192 suis
616 5136 856 5207 confert,
886 5154 984 5194 vos
1011 5142 1188 5211 potius
1225 5142 1542 5201 subtrahere
1582 5161 1704 5217 par-

164 5293 208 5364 ,ί
229 5293 366 5354 aditi,
405 5294 636 5361 imagines
667 5299 772 5362 ejus
802 5297 905 5350 sine
936 5299 1026 5352 Dei
1065 5301 1142 5354 sui
1178 5315 1324 5369 regno
1351 5316 1370 5354 :
1402 5312 1628 5370 corrupte
1647 5318 1708 5359 ac

136 5352 526 5408 dueutientibus
545 5368 652 5408 Mss.

136 5368 526 5408 dissentientibus
545 5368 652 5409 Mss.
1234 5368 1244 5369 “
1547 5368 1559 5370 “

191 5416 368 5487 {mut
386 5426 441 5471 ει
462 5421 546 5471 ubi
565 5421 658 5472 erit
678 5422 951 5493 evmtgefica
972 5437 1080 5486 vox,
1101 5425 1220 5488 Nisi,
1260 5435 1352 5479 etc.
1381 5429 1544 5491 Abest,
1565 5443 1708 5481 evan-

135 5475 464 5558 getiejeexa
484 5484 838 5558 massicus:
882 5545 894 5558 .
918 5546 929 5558 .
1025 5555 1035 5558 _
1179 5555 1186 5558 _
1218 5557 1221 5558 ,
1488 5552 1500 5558 -
1549 5550 1560 5558 .

136 5540 212 5650 ﬁ:
225 5547 380 5652 ἷθιιιδ
411 5545 570 5594 οοάθι
607 5540 766 5605 Ροηίν
805 5545 929 5607 Qu“
967 5555 1064 5611 est,
1109 5555 1225 5614 quia
1265 5558 1334 5603 est
1372 5552 1500 5616 quod
1543 5550 1706 5616 loque-

188 5663 211 5695 ⁸
231 5666 308 5714 sic
321 5669 428 5716 Iss.
453 5665 590 5726 aditi,
616 5665 912 5720 claudicare.

131 5727 308 5845 κζεειῗ
343 5734 448 5778 Ilss.
474 5737 532 5780 At.
553 5729 704 5788 editi,
743 5731 866 5793 quid
907 5732 1018 5787 hinc
1040 5741 1093 5788 tn
1112 5736 1262 5799 igitur
1297 5735 1542 5791 conaberis
1576 5737 1707 5791 eari-

1466 343 1666 400 l.lBEll
1706 343 2078 401 SECUNDUS.

3274 362 3408 421 μου

1833 463 2013 527 vulos,
2040 463 2230 532 quibus
2261 465 2458 518 nullum
2482 477 2754 536 peccatum
2785 472 2981 531 remitti
3009 490 3165 546 posse
3186 490 3387 536 conten

1830 550 1992 605 ditis:
2018 569 2122 606 non
2160 561 2334 609 autem
2368 571 2497 622 nos,
2539 559 2629 628 qui
2677 575 2797 614 cmn
2843 565 3064 620 dicimus
3103 584 3199 638 per
3241 583 3410 624 unum

1831 651 2136 726 peccantem
2177 647 2369 701 missos
2403 665 2591 704 attines
2630 652 2679 705 iu
2715 654 3243 726 condemnationem,
3291 664 3402 716 uqu

1827 731 1930 786 lam
1953 735 2245 804 excipimus
2272 746 2515 806 recitem;
2543 742 2662 811 quia
2695 744 2795 798 hoc
2821 745 3072 802 delictum
3099 752 3256 806 etiam
3289 771 3404 806 ma-

1820 821 1956 890 joris
1985 826 2157 881 mtatis
2193 827 2436 885 homines
2483 831 2684 887 Itabent
2705 850 2719 863 ’
2750 835 2980 906 itemque
3013 855 3132 892 cum
3176 843 3403 898 dicimus

1825 931 1891 969 cx
1915 917 2095 973 multis
2131 918 2338 976 delictis
2358 922 2653 991 justificare
2680 927 2939 995 gratiam,
2981 930 3176 985 nullam
3210 935 3402 988 nihilo-

1825 1007 2000 1064 minus
2040 1010 2337 1080 excipimus
2374 1022 2622 1080 tetatem;
2658 1017 2907 1087 quoniam
2946 1021 3035 1089 qui
3070 1022 3236 1076 multa
3283 1041 3402 1093 pec-

1821 1108 1936 1153 cata
1963 1101 2178 1157 dimittit
2195 1106 2212 1174 (
2229 1121 2331 1174 quo
2357 1107 2642 1160 multorum
2671 1110 2885 1165 nomine
2910 1113 3092 1182 utique
3117 1116 3294 1169 omnia
3316 1118 3400 1170 in-

1823 1193 2158 1265 telliguntur)
2184 1236 2198 1260 ,
2233 1197 2466 1266 profecto
2491 1200 2594 1254 ulla
2619 1216 2725 1254 non
2754 1205 3135 1270 praetermittit,
3167 1205 3268 1261 hoc
3286 1217 3399 1274 est,

1821 1300 1920 1340 nec
1950 1287 2299 1353 pessimorum
2331 1291 2476 1359 plura
2499 1332 2514 1352 .
2543 1307 2642 1348 nec
2663 1294 2961 1364 aliquorum
2994 1298 3273 1365 pauciora,
3303 1313 3401 1354 nec

1818 1375 2026 1446 singula
2067 1379 2424 1448 parvulorum.
2455 1381 2566 1437 Hoc
2595 1400 2722 1452 ergo
2753 1396 2809 1439 ut
2833 1387 3114 1455 videretis,
3145 1405 3247 1444 non
3271 1399 3401 1454 erat

1816 1483 2102 1538 magnum,
2157 1471 2258 1526 nisi
2307 1473 2611 1529 iuvideretis
2661 1479 2893 1548 parvulis
2937 1481 3202 1536 medicum
3240 1481 3397 1538 Chri-

1815 1569 1952 1615 stum
1972 1602 1988 1626 ,
2018 1577 2246 1633 eumque
2273 1564 2376 1619 illis
2403 1565 2584 1620 Jesum
2604 1583 2824 1638 prorsus
2849 1585 2970 1625 esse
2996 1573 3209 1627 nolletis
3227 1612 3243 1639 ,
3273 1572 3399 1651 hors

1815 1654 1978 1709 renda
2017 1655 2317 1724 impietate,
2348 1658 2481 1712 mira
2511 1661 2821 1727 caecitate‘,
2865 1663 3174 1733 blasphcma
3212 1667 3396 1736 loqua-

1812 1744 1990 1801 citate.
2023 1746 2158 1815 Quid
2183 1758 2265 1804 est
2293 1759 2467 1804 autem
2497 1751 2764 1819 insanius,
2796 1770 2953 1824 quam
2993 1757 3132 1812 velle
3167 1759 3396 1828 gratiam

1811 1834 2006 1891 Christi
2035 1837 2102 1892 ad
2133 1853 2228 1894 eos
2256 1841 2621 1895 tantummodo
2667 1844 2961 1913 pertinere,
3009 1861 3233 1916 quorum
3271 1858 3396 1904 sunt

1813 1927 1974 1982 multa
2014 1931 2265 1997 peccata?
2295 1930 2402 1986 llac
2425 1933 2619 2004 quippe
2647 1934 2883 2002 ratione,
2918 1939 2997 1990 vel
3033 1939 3205 2006 [torius
3233 1956 3390 1996 men-

1813 2019 1880 2074 tis
1918 2022 2308 2089 excmcatioue,
2362 2038 2464 2078 non
2506 2025 2652 2079 solos
2698 2026 2822 2082 huic
2871 2029 3053 2098 gratia:
3100 2030 3393 2087 subducilis

1811 2111 2075 2180 parvulos,
2104 2129 2236 2182 quos
2264 2115 2462 2169 nullum
2491 2130 2556 2171 ex
2581 2117 2784 2188 origine
2809 2130 3014 2174 reatum
3040 2123 3252 2178 trahere
3272 2123 3394 2178 exi-

1809 2203 2033 2258 stimatis
2057 2245 2070 2267 ,
2099 2205 2192 2260 sed
2222 2221 2409 2260 oumes
2445 2208 2663 2262 omnino
2703 2210 2792 2279 qui
2836 2213 2998 2266 multa
3028 2224 3238 2282 peccata
3280 2232 3388 2271 non

1811 2292 2314 2365 habent:quouiam
2355 2299 2431 2352 sic
2461 2302 2653 2367 putatis
2692 2302 3086 2373 intelligendum
3129 2308 3269 2375 quod
3309 2310 3389 2365 ait

1807 2384 2114 2454 Apostolus,
2142 2385 2318 2440 Gratia
2345 2399 2512 2442 autem
2539 2406 2601 2443 ea:
2629 2393 2796 2446 multis
2819 2394 3014 2449 delictis
3049 2397 3103 2450 in
3122 2399 3386 2468 justi/ica-

1806 2475 1992 2528 tionem
2017 2475 2190 2546 (Rom.
2220 2493 2274 2541 ν,
2305 2479 2392 2550 l6)
2417 2520 2432 2544 ,
2463 2487 2520 2533 ut
2551 2480 2616 2534 ad
2647 2482 2800 2536 istam
2826 2487 3048 2554 gratiam
3081 2503 3241 2542 nemo
3262 2506 3388 2559 per-

1807 2566 2003 2630 tineat,
2037 2569 2136 2622 nisi
2168 2569 2252 2624 cui
2282 2570 2497 2625 dimittit
2524 2573 2687 2627 multa
2723 2585 2960 2643 peccata.
2991 2579 3068 2632 Ac
3111 2594 3208 2648 per
3253 2579 3385 2647 hoc,

1804 2658 2056 2726 quoniam
2086 2660 2285 2713 nullum
2317 2671 2624 2730 peccatum,
2658 2665 2795 2719 sicut
2828 2667 3148 2735 Opinamini.
3191 2686 3384 2739 parvu-

1765 2759 1768 2762 ‘
1803 2746 1888 2802 lus
1933 2749 2122 2816 habet,
2177 2749 2414 2819 profecto
2456 2767 2576 2806 cum
2619 2756 2886 2820 creverit,
2917 2766 2972 2812 et
3018 2773 3239 2827 peccare
3273 2761 3388 2830 jam

1801 2840 2066 2909 cmperit,
2103 2857 2208 2896 non
2244 2841 2366 2897 dico
2393 2842 2441 2897 si
2490 2857 2656 2912 pauca
2700 2857 2947 2914 peccata,
2979 2848 3073 2902 sed
3115 2851 3159 2904 si
3208 2850 3388 2907 adhuc

1802 2947 1965 2987 unum
1995 2933 2133 2988 forte
2152 2936 2512 3000 commiserit,
2541 2947 2595 2992 et
2615 2937 2684 2992 ad
2711 2939 2908 2995 Christi
2938 2941 3267 3010 Daptismum
3295 2961 3390 3000 ve-

1803 3027 1976 3094 nerit,
2011 3024 2154 3079 nullo
2181 3026 2341 3081 modo
2370 3028 2436 3082 ad
2467 3029 2619 3084 istam
2661 3033 2884 3099 gratiam
2915 3035 3230 3102 pertinebit;
3257 3039 3383 3107 quia

1802 3124 1906 3164 non
1933 3124 1997 3164 ex
2025 3109 2209 3164 multis
2233 3110 2440 3165 delictis
2468 3112 2520 3166 in
2543 3111 2979 3183 justificationcm
3013 3119 3256 3185 mittitur,
3286 3121 3386 3176 sed

1800 3215 1866 3256 ex
1900 3215 2025 3254 uno.
2071 3200 2206 3256 l‘uto
2239 3201 2380 3270 quod
2412 3219 2515 3256 non
2545 3218 2712 3272 usque
2757 3205 2892 3262 adeo
2936 3208 3112 3264 cordis
3152 3210 3203 3265 in
3235 3212 3386 3268 vobis

1802 3291 2053 3362 prmvalet
2077 3289 2344 3356 surditas,
2375 3300 2434 3347 ut
2479 3309 2572 3348 vos
2608 3294 2722 3350 lucc
2749 3304 2891 3351 tanta
2918 3299 3236 3356 erubescere
3272 3317 3380 3358 non

1798 3385 2082 3452 compellat
2127 3384 2450 3440 absurditas.
2499 3385 2700 3452 Porro,
2750 3388 2796 3442 si
2845 3390 3076 3459 pertinet
3115 3393 3183 3446 ad
3229 3394 3384 3449 istam

1799 3474 2020 3546 gratiam
2047 3475 2207 3530 etiam
2237 3476 2321 3530 cui
2355 3492 2514 3532 unum
2547 3488 2823 3548 peceatum
2863 3480 3156 3550 dimiserit;
3188 3485 3266 3540 sic
3293 3484 3384 3540 di-

1801 3565 1878 3620 xit
1897 3566 2184 3637 Apostolus
2202 3607 2219 3632 ,
2248 3563 2424 3620 Gratia
2449 3583 2512 3621 ea:
2537 3568 2709 3622 multis
2734 3569 2931 3624 delictis
2970 3572 3022 3626 in
3051 3573 3386 3643 justi/iratio-

1801 3674 1946 3721 nem,
1974 3667 2034 3712 ut
2063 3659 2223 3714 totius
2250 3659 2428 3730 populi
2459 3671 2676 3730 peccata
2712 3663 2968 3729 voluerit,
2999 3667 3086 3735 qui
3119 3682 3213 3736 per
3237 3669 3384 3724 illam

1794 3749 2148 3819 justificatur,
2199 3751 2455 3821 intelligi,
2498 3751 2616 3806 aliis
2668 3752 2778 3808 illic
2826 3753 3144 3811 habentibus
3193 3758 3380 3827 plura,

1800 3840 1919 3894 aliis
1939 3841 2185 3910 pauciora
2205 3881 2222 3907 ,
2252 3840 2371 3896 aliis
2398 3841 2556 3896 etiam
2581 3843 2786 3912 singula
2809 3884 2825 3911 ,
2855 3861 2973 3915 qua:
3005 3847 3184 3918 utique
3212 3849 3384 3907 multa

1801 3941 1926 3986 sunt
1953 3932 2153 3986 omnia.

1873 4023 2056 4080 CXVI.
2091 4024 2211 4080 Jun.
2254 4023 2452 4080 Verum
2495 4025 2586 4080 tali
2633 4027 2997 4097 expositione,
3039 4046 3141 4100 qua
3171 4031 3390 4102 quidem

1803 4133 1902 4174 nec
1930 4126 2234 4188 pervertere
2253 4131 2468 4174 sensum
2496 4119 2519 4150 ³
2545 4160 2560 4184 ,
2592 4133 2691 4174 nec
2719 4119 3005 4190 subfugere
3030 4122 3231 4178 valebis
3249 4164 3264 4188 ,
3307 4133 3388 4179 ta-

1803 4226 1925 4265 mctt
1968 4225 2071 4264 nou
2102 4209 2273 4264 solum
2319 4210 2608 4281 praestigias
2645 4220 2796 4275 tuas,
2848 4212 2942 4266 sed
2991 4214 3153 4268 etiam
3196 4215 3338 4272 illius
3363 4256 3383 4281 ,

1803 4317 1960 4372 quam
1992 4302 2043 4354 iu
2071 4315 2168 4356 nos
2193 4300 2561 4358 iuflauunabas
2585 4342 2601 4367 ,
2630 4301 2939 4371 figmentum
2967 4303 3177 4360 invidia}
3210 4307 3390 4375 perdi-

1803 4391 1946 4446 disti.
1987 4391 2231 4446 Graviter
2255 4391 2451 4462 quippe
2483 4408 2582 4448 nos
2603 4393 2656 4447 in
2679 4393 2836 4448 fidem
2866 4397 3197 4451 commisisse
3213 4396 3388 4466 jacta.

1804 4482 1928 4550 bas,
1960 4483 2048 4552 qui
2073 4483 2300 4538 dicimus
2323 4485 2546 4554 gratiam
2578 4485 2790 4554 quidem
2822 4486 3019 4540 Christi
3051 4487 3391 4546 uniformiter

1804 4591 1924 4631 esse
1969 4576 2306 4644 tradendam,
2355 4593 2454 4632 nec
2490 4577 2688 4632 debere
2731 4578 2889 4632 verba
2918 4579 3033 4648 ejus
3061 4588 3114 4634 ct
3147 4581 3390 4637 instituta

1805 4670 2048 4736 concuti;
2081 4669 2176 4725 sed
2206 4670 2482 4740 :cqualiter
2519 4671 2724 4725 cunctis
2749 4687 2780 4726 a
2810 4686 2868 4726 se
2895 4673 3113 4728 imbutis
3137 4673 3388 4745 adoptio-

1805 4762 1890 4816 nis
1917 4771 1966 4816 et
1994 4762 2429 4816 sanctificationis
2467 4771 2519 4817 et
2554 4763 2903 4831 promouonis
2930 4765 3068 4820 dona
3094 4767 3341 4824 conferre
3368 4786 3390 4826 :
3471 4819 3480 4828 .

1802 4867 1990 4907 verum
2021 4866 2125 4906 non
2153 4866 2339 4907 omnes
2363 4851 2679 4908 accedentes
2707 4853 2763 4908 in
2788 4853 2906 4910 unis
2925 4854 2945 4886 ³
2972 4858 3211 4914 reatibus
3237 4859 3392 4916 inve-

1806 4945 1960 5010 nire;
1988 4943 2082 5000 sed
2108 4959 2203 5000 eos
2225 4944 2438 5015 quidem
2468 4945 2559 5016 qui
2590 4947 2801 5016 propria
2832 4948 3106 5006 voluntate
3135 4967 3392 5022 peccave~

1806 5036 1916 5090 rint
1935 5075 1950 5100 ,
1985 5035 2102 5091 sine
2137 5035 2287 5106 cujus
2316 5049 2478 5108 opere
2501 5037 2706 5092 nullum
2738 5047 2913 5108 potest
2931 5055 3051 5096 esse
3075 5054 3350 5111 peccatum
3371 5086 3394 5112 ,

1808 5129 2037 5184 liberare
2078 5128 2147 5184 de
2176 5135 2360 5196 reatu,
2404 5129 2555 5186 etde
2595 5130 2752 5186 malis
2778 5131 2954 5189 facere
2979 5133 3180 5200 bonos;
3233 5137 3392 5190 inno-

1807 5233 1988 5277 centes
2012 5232 2189 5278 autem
2221 5221 2449 5278 infucata
2485 5224 2838 5293 primmvitate
2868 5226 3050 5283 felices
3073 5269 3092 5295 ,
3118 5243 3214 5297 pro
3241 5229 3392 5282 nullo

1807 5331 1984 5386 opera:
2009 5315 2162 5370 malae
2186 5314 2474 5371 voluntatis
2497 5331 2720 5386 arguere
2739 5357 2753 5382 ,
2781 5316 2935 5388 cujus
2954 5319 3094 5390 apud
3121 5333 3214 5373 eos
3239 5319 3394 5374 novit

1871 5430 2047 5500 ἓὲίὲἓιὲν
2069 5427 2410 5500 ίνίεέωεὶξαιεν
2432 5429 2686 5500 ωεηάρεο-
2829 5491 2840 5500 .
3156 5489 3167 5500 .

1871 5495 1892 5524 ²
1909 5493 2029 5562 Editi
2073 5491 2403 5562 renitentibus
2439 5493 2693 5562 veteribus
2710 5553 2722 5562 _
2736 5491 2887 5562 libris,
2921 5504 3064 5562 quam
3085 5490 3288 5562 quidem.
3302 5503 3394 5542 nec

1808 5559 2111 5623 pervertere;
2147 5553 2350 5610 omimo,
2383 5565 2595 5623 sensum.
2633 5553 2725 5602 Sed
2755 5551 2969 5623 Julianus
2994 5553 3058 5623 de
3082 5551 3393 5623 expositione

1807 5611 1922 5665 dicit
1943 5611 2182 5686 alla-taeta
2199 5615 2488 5686 Augustino,
2517 5628 2677 5686 quam
2699 5621 2988 5678 pervertere
3025 5614 3130 5674 ipse
3150 5611 3350 5662 molitur
3376 5626 3392 5664 :

1810 5690 1965 5740 perge
1989 5676 2102 5749 hinc
2124 5676 2184 5747 ad
2205 5689 2343 5746 capp.
2369 5677 2460 5725 118
2481 5676 2662 5724 et119.
2700 5676 2714 5678 ⁷
3186 5735 3196 5746 ,

1827 5799 1835 5800 γ
1862 5740 1896 5800 κδ
1930 5738 2047 5788 Εώιι
2068 5772 2084 5790 .
2129 5751 2180 5788 ιη
2225 5751 2364 5789 nauis
2389 5751 2410 5800 ,°
2462 5745 2628 5787 contra
2684 5744 2907 5787 veterum
2959 5740 3394 5797 manuscriptorum

1815 5799 1976 5852 fidem.
