3996 6476
543 343 672 402 “91

533 465 913 535 experientiam
943 477 1050 522 non
1073 461 1270 516 fuisse?

607 560 740 612 Auc.
768 558 814 612 Ο
839 556 1160 613 dementiam
1190 549 1544 623 singularem!
1580 548 1689 602 lloc
1712 545 1984 615 disputare
2007 550 2112 606 est,

534 665 601 702 an
625 649 895 704 insanire?
913 645 1043 701 Cum
1073 645 1286 700 miseria
1313 657 1371 697 se
1395 650 1547 695 natos
1567 654 1688 694 esse
1709 635 1910 714 parvuli
1941 633 2116 689 flendo

539 749 834 800 testantur,
874 752 1008 806 quos
1051 750 1155 790 non
1184 734 1263 787 vis
1287 732 1555 787 Christum
1591 728 1788 783 habere
1817 726 1996 780 Jesum
2023 741 2037 785 ;
2064 735 2118 778 et

537 831 716 885 felices
745 845 839 885 eos
866 830 1035 894 dicis,
1075 843 1210 899 quos
1248 835 1423 880 tamen
1463 824 1581 892 ejus
1621 837 1723 876 non
1749 821 1765 852 ⁸
1791 818 2027 874 admittis
2064 819 2114 872 in

538 937 758 992 regnum
793 939 806 974 :
834 921 971 991 quod
1004 936 1220 990 regnum
1247 919 1293 972 si
1321 916 1608 972 christiana
1639 913 1899 969 charitate
1927 911 2118 979 dilige-

538 1030 654 1081 ret,
685 1013 752 1067 ab
779 1011 871 1067 illo
897 1012 1131 1083 separari
1162 1024 1404 1080 magnam
1432 1021 1552 1062 esse
1593 1004 1862 1062 miseriam
1904 1003 2115 1073 judica-

539 1120 649 1159 ι’οὸ-

609 1195 816 1252 CXVII.
844 1195 966 1250 Jun.
1011 1193 1117 1250 Sed
1158 1193 1227 1249 de
1255 1194 1394 1248 bono
1419 1194 1594 1246 facere
1637 1188 1927 1242 meliores:
1957 1195 2118 1256 atque

539 1290 606 1342 ad
656 1305 821 1344 unum
870 1288 1083 1356 quidem
1127 1286 1316 1342 collem
1357 1297 1571 1349 omnes,
1617 1296 1753 1351 quos
1790 1279 2120 1348 susceperit,

540 1379 974 1434 sanctificationis
997 1377 1225 1433 evehere
1243 1377 1286 1442 ',
1313 1374 1407 1429 sed
1455 1389 1560 1429 non
1603 1387 1789 1426 onmes
1836 1370 1888 1424 in
1935 1370 2122 1424 eadem

541 1471 790 1524 vitiorum
821 1468 1010 1539 palude
1033 1465 1465 1536 deprehendere;
1495 1479 1679 1519 verum
1723 1463 1856 1517 alios
1887 1461 2125 1514 invenire

542 1563 596 1617 in
623 1570 763 1617 statu
791 1561 1150 1616 innocentium
1173 1601 1188 1626 ,
1221 1560 1356 1614 alios
1381 1560 1434 1611 in
1460 1557 1651 1612 studiis
1680 1555 1980 1610 noxiorum.
2007 1553 2126 1608 Hoc

541 1673 671 1726 ergo
697 1658 816 1727 quia
843 1656 1069 1710 dicimus
1092 1696 1108 1719 ,
1139 1653 1279 1723 quod
1305 1651 1432 1707 tidei
1473 1650 1698 1704 sanitate
1722 1689 1737 1714 ,
1767 1645 2014 1717 przesidio
2040 1659 2125 1700 ra-

543 1747 782 1812 tionis',
840 1755 998 1816 atque
1047 1743 1408 1815 intelligentiae
1455 1743 1648 1811 pietate
1705 1739 1980 1801 munitur,
2030 1752 2127 1806 per

541 1838 682 1907 quod
711 1845 768 1892 et
792 1838 984 1892 Christi
1011 1841 1178 1906 gratia
1213 1835 1332 1904 jure
1374 1833 1648 1894 laudatur,
1697 1847 1796 1886 nec
1823 1831 1930 1884 Deo
1957 1829 2128 1899 appli-

542 1939 696 1983 catur
731 1928 872 1982 ullus
910 1937 1121 1990 reatus;
1171 1937 1224 1980 tu
1249 1925 1382 1980 dicis
1419 1924 1783 1978 auctoritatem
1812 1929 2001 1976 nutare
2025 1919 2127 1975 Sa-

541 2021 838 2087 cramenti,
889 2031 1048 2090 atque
1091 2019 1340 2075 acumine
1389 2017 1586 2086 pistillo
1631 2015 1776 2070 omni
1815 2013 2127 2068 obtunsiore

542 2113 740 2166 asseris
759 2151 775 2178 ,
821 2111 1016 2166 auferri
1047 2111 1419 2166 auctoritatem
1448 2109 1631 2180 gratia:
1651 2150 1665 2174 ,
1715 2107 1817 2163 nisi
1845 2108 1893 2162 ei
1924 2108 2126 2161 calum-

546 2203 726 2257 niandi
770 2201 1025 2273 ﬂagitium
1069 2201 1441 2266 adscribatur,
1485 2200 1585 2254 nisi
1621 2200 1840 2268 justitia:
1887 2197 2123 2252 instituta

545 2293 860 2363 perverterit
883 2335 898 2356 ,
931 2293 1030 2347 nisi
1058 2293 1138 2346 his
1163 2293 1250 2362 qtti
1281 2291 1556 2346 scientiam
1587 2306 1690 2344 non
1723 2289 1950 2353 habent,
1992 2287 2126 2342 alie-

545 2401 632 2439 nae
674 2385 1017 2440 conscientia:
1059 2384 1262 2437 crimen
1314 2382 1627 2452 impegerit;
1678 2387 1948 2450 postremo
1995 2379 2126 2434 nihil

543 2489 662 2528 eam
690 2472 936 2537 efficere,
973 2473 1150 2527 sinon
1178 2473 1232 2526 in
1271 2472 1517 2527 omnibus
1558 2471 1892 2525 uniformiter
1933 2468 2126 2540 prtedi-

544 2575 696 2620 cetnr
723 2565 956 2634 operari.

616 2657 752 2710 Anc.
803 2654 937 2723 Quid
989 2663 1072 2708 est
1120 2653 1261 2724 quod
1314 2668 1580 2720 acumen,
1628 2667 1732 2708 non
1776 2667 1988 2718 meum,
2034 2653 2127 2708 sed

545 2748 783 2802 omnium
809 2747 1194 2802 catholicorum
1221 2747 1606 2817 disputatorutn
1633 2789 1647 2812 ,
1679 2762 1798 2801 cuin
1824 2746 2016 2815 quibus
2044 2747 2128 2800 itt-

544 2852 862 2892 concusstun
896 2845 1070 2900 teneo,
1097 2839 1238 2907 quod
1273 2839 1463 2891 frustra
1492 2838 1806 2892 labefactare
1833 2838 2125 2904 conamini,

546 2931 744 3000 pistillo
787 2931 1202 3001 comparandum
1245 2932 1484 3000 putasti?
1524 2934 1602 2985 An
1629 2932 1770 3001 quod
1798 2947 1892 2985 vos
1917 2930 2132 3001 fragiles

543 3041 819 3096 conterat,
864 3033 1061 3086 sentire
1104 3031 1310 3101 coepisti
1339 3030 1403 3083 ιι
1446 3031 1509 3085 Ει
1551 3040 1725 3084 lttmt-n
1751 3030 1839 3100 qui
1863 3029 2008 3084 velut
2032 3029 2130 3084 de-

545 3124 785 3178 fensione
809 3122 1031 3192 justitiae
1054 3121 1153 3176 Dei
1176 3121 1360 3175 niteris
1382 3161 1397 3183 ,
1429 3130 1487 3174 ut
1511 3129 1722 3174 evertas
1749 3121 1887 3190 qttod
1914 3119 1981 3173 de
2012 3135 2126 3189 par-

545 3213 788 3267 vulorum
831 3227 934 3266 non
964 3220 1392 3282 rcgeneralorutn
1423 3211 1765 3264 damnatione
1796 3219 1902 3264 tota
1929 3209 2128 3264 Christi

545 3304 710 3360 sentit
757 3305 1036 3369 Ecclesia,
1083 3317 1350 3373 nunquam
1396 3301 1633 3356 dicturus
1671 3316 1730 3356 es
1758 3316 1922 3371 grave
1946 3301 2131 3370 jugum

543 3411 707 3464 super
751 3395 999 3463 parvulos
1040 3394 1182 3448 ttnde
1211 3395 1279 3447 sit
1304 3394 1540 3461 justum,
1573 3393 1618 3446 si
1649 3407 1751 3446 non
1781 3391 1992 3446 trahunt
2019 3393 2134 3446 ori-

551 3486 729 3556 ginale
760 3495 1052 3554 peccatum.
1081 3485 1188 3538 Nec
1212 3484 1475 3548 advortis,
1505 3498 1598 3538 νιιὸ
1626 3485 1800 3552 potius
1828 3493 2133 3552 pervertere

545 3577 782 3631 instituta
818 3575 1032 3646 iustitia:
1055 3616 1070 3642 ,
1099 3584 1152 3628 et
1178 3574 1278 3628 hoc
1304 3575 1679 3643 omnipOtentis
1707 3573 1829 3638 Dei,
1860 3589 1888 3626 a
1918 3589 2024 3642 quo
2051 3574 2131 3629 vel

545 3667 646 3720 sub
673 3680 778 3737 quo
807 3666 960 3720 ixtatn
996 3680 1203 3736 pmnam
1235 3666 1350 3719 sine
1379 3665 1486 3718 ullo
1515 3663 1706 3717 merito
1736 3663 2134 3718 innumerabili-

547 3760 644 3813 bus
682 3758 917 3813 omnium
957 3759 1228 3812 hominum
1270 3758 1536 3823 millibus,
1566 3757 1665 3811 hoc
1692 3768 1771 3811 est
1795 3796 1809 3820 ,
1843 3756 2129 3827 imaginum

549 3850 641 3904 Dei
669 3891 685 3916 ,
711 3865 740 3903 a
767 3850 853 3904 dic
881 3851 1053 3904 exitus
1078 3849 1145 3904 de
1172 3861 1360 3904 ventre
1388 3849 1572 3902 matris
1599 3865 1782 3902 eorttm
1807 3889 1821 3913 ,
1852 3848 2024 3903 dicitis
2053 3851 2129 3904 ir-

547 3942 743 4010 rogari.
775 3941 1050 3994 Postrcmo
1075 3983 1088 4006 ,
1121 3957 1388 4011 nunquam
1410 3940 1646 3994 dicturus
1669 3957 1757 4005 es,
1789 3941 1928 3996 unde
1957 3943 2025 3996 sit
2045 3943 2131 4012 ju-

545 4041 684 4084 stum
715 4039 772 4084 ut
797 4032 997 4100 parvuli
1029 4031 1169 4085 nulla
1194 4046 1310 4095 sua,
1335 4031 1475 4084 nulla
1502 4029 1810 4100 plerumque
1834 4035 1992 4087 etiam
2013 4048 2132 4087 suo-

544 4141 661 4179 rum
705 4128 854 4197 culpa
875 4169 890 4191 ,
927 4127 1042 4180 sine
1074 4128 1395 4196 Baptismate
1425 4128 1616 4181 mortui
1640 4169 1654 4190 ,
1688 4144 1717 4182 a
1745 4131 2050 4198 parentibus
2076 4142 2132 4188 et

547 4217 854 4287 propinquis
880 4217 1121 4272 fidelibus
1142 4226 1473 4289 separentur,
1498 4228 1552 4272 et
1574 4219 1639 4273 ad
1667 4219 1757 4274 Dei
1781 4236 1998 4292 regnum
2020 4239 2124 4277 nor.

544 4306 924 4374 admittantur,
966 4323 1065 4364 nec
1096 4308 1232 4362 inter
1263 4323 1388 4362 vasa
1418 4308 1553 4364 facta
1585 4313 1634 4364 in
1667 4310 1919 4366 honorem
1946 4355 1960 4377 ,
1992 4314 2128 4368 sicut

543 4397 632 4452 alii
662 4399 860 4468 parvuli
889 4397 1135 4467 baptizati
1158 4441 1172 4463 ,
1197 4397 1288 4452 scd
1313 4399 1452 4452 inter
1472 4416 1592 4453 vasa
1622 4401 1754 4455 facta
1779 4403 1828 4456 in
1851 4413 2126 4457 contume-

546 4490 667 4543 liam
707 4489 850 4560 (quia
897 4491 1099 4544 nullnm
1128 4500 1208 4543 est
1237 4490 1447 4544 tertiunt
1477 4506 1644 4560 genus
1673 4495 1938 4564 vasorum)
1967 4535 1980 4558 ,
2010 4497 2126 4551 sine

547 4581 669 4634 ullis
708 4581 860 4636 malis
908 4582 1113 4636 meritis
1136 4581 1476 4651 deputentur.
1509 4585 1756 4654 Displicet
1781 4586 1922 4641 enim
1952 4587 2123 4641 haere-

547 4671 661 4724 tica:
705 4671 995 4740 prudentia:
1036 4681 1227 4726 vestrae
1250 4715 1265 4739 ,
1307 4675 1446 4742 quod
1473 4675 1730 4731 catholica
1761 4677 1889 4732 fides
1915 4678 2083 4734 credit
2105 4695 2130 4747 ,'

544 4772 884 4832 posteaquam
907 4762 1083 4817 ierunt
1102 4777 1287 4818 omnes
1311 4780 1376 4818 ex
1401 4781 1504 4820 uno
1530 4766 1580 4820 in
1603 4767 2117 4836 condemnationem,

545 4853 596 4906 in
635 4852 755 4908 aliis
795 4853 904 4908 Ileri
940 4853 1356 4908 misericordiam
1391 4858 1572 4925 gratirc
1593 4899 1606 4918 ,
1639 4857 1690 4912 in
1722 4859 1839 4913 aliis
1865 4859 2121 4928 judicium

546 4946 780 5002 veritatis
799 4961 1046 5012 manere,
1073 4961 1168 5016 per
1192 4948 1582 5018 investigabiles
1610 4950 1819 5005 Domini
1841 4953 1975 5020 vias,
2001 4969 2121 5023 qua:

544 5039 802 5092 universa:
824 5047 948 5092 sunt
965 5037 1328 5094 misericordia
1349 5049 1403 5093 et
1425 5041 1616 5095 veritas
1637 5039 1806 5110 (Pati.
1830 5059 1978 5104 χχιιι,
2001 5047 2116 5114 10).

610 5125 841 5182 CXVIII.
868 5127 988 5183 Jun.
1017 5127 1071 5182 Id
1099 5144 1226 5199 ergo
1252 5139 1416 5185 totum
1435 5172 1448 5196 ,
1482 5145 1576 5202 per
1599 5132 1982 5201 quodslultitia
2007 5152 2121 5190 sor-

539 5219 729 5274 dentes
769 5219 1071 5291 decipiebas
1099 5222 1305 5277 animos
1323 5265 1338 5290 ,
1369 5233 1454 5279 tua
1478 5225 1808 5294 expositione
1837 5229 2120 5286 evanuisse

541 5309 876 5365 manifestum
903 5321 1005 5366 est.

539 5512 874 5624 maturaung
897 5526 1086 5579 negans
1105 5515 1184 5566 hic
1203 5518 1380 5568 omissa
1401 5517 1452 5567 in
1476 5517 1638 5583 editis,
1661 5523 1853 5573 tametsi
1880 5531 2047 5578 exstet
2069 5526 2118 5576 in

763 5589 809 5624 ID
833 5589 846 5623 l
879 5610 891 5622 .

763 5589 891 5636 tptts.

601 5635 620 5665 ¹
645 5641 694 5695 tn
715 5635 841 5695 uss,
867 5636 1052 5687 vehere.

601 5694 774 5768 flagiti,
792 5697 1056 5768 orationis;
1087 5698 1444 5768 refragantibus
1464 5710 1570 5754 Mss.

522 5813 525 5815 _
598 5755 618 5784 δ
641 5757 713 5808 sic
735 5765 838 5809 uss.
863 5759 999 5824 Editl,
1022 5755 1250 5826 coepistis”.

1164 336 1404 395 OPERIS
1447 334 1860 394 lMPEﬂFECTI
1897 328 2168 388 CONTM
2207 329 2566 401 JUIJANUM,
2597 332 2661 390 s.
2705 334 3070 394 aucusmu

3653 343 3785 402 HM

2293 451 2426 504 Aue.
2454 449 2746 517 Evanuisti,
2776 453 2870 509 sed
2895 465 2970 519 tu,
2992 454 3083 524 qui
3110 455 3290 512 videre
3309 457 3393 512 vel
3419 461 3791 519 coullterinatt

2224 542 2303 594 vis
2327 544 2694 598 remissionem
2722 556 3058 614 peccatorum
3083 549 3330 604 etiamad
3357 551 3478 606 illos
3501 557 3792 623 pertinere,

2221 635 2309 702 qni
2339 650 2498 688 unum
2523 637 2718 690 habent
2743 655 2756 692 :
2783 638 2849 691 ad
2874 655 3030 708 quam
3060 640 3427 697 medicinalem
3451 647 3674 713 gratiam
3695 663 3793 701 non

2225 743 2309 795 pet
2323 728 2493 781 tinent
2536 730 2773 796 parvuli,
2805 730 2849 784 si
2877 731 3075 786 nullttm
3101 732 3296 788 habent
3323 749 3338 788 :
3365 750 3500 804 quos
3527 737 3684 806 impie
3708 753 3795 792 non

2223 821 2356 872 catis
2382 821 2429 881 ί,
2459 822 2580 890 quia
2618 823 2698 876 eis
2719 823 3036 880 salvatorem
3064 829 3288 896 negatis.

2295 911 2478 967 CXIX.
2506 913 2626 968 .IUL.
2650 915 2778 968 Nam
2804 931 2923 970 cum
2948 919 3232 986 Apostolus
3259 922 3564 988 pronuntiat
3585 965 3599 986 ,
3628 921 3798 979 Gratia

2227 1015 2392 1056 autem
2435 1022 2497 1058 ea:
2536 1007 2707 1060 multis
2745 1007 2938 1061 delictis
2975 1013 3028 1062 in
3060 1011 3511 1079 justi/icationem,
3542 1025 3597 1070 et
3626 1015 3722 1072 hoc
3745 1026 3798 1070 ιιι

2227 1097 2359 1154 ilicis
2400 1098 2450 1151 in
2495 1101 2726 1167 parvulis
2751 1101 2965 1169 quidem
2997 1117 3100 1156 non
3129 1119 3283 1171 posse
3308 1116 3588 1173 constare;
3622 1109 3672 1162 in
3703 1111 3800 1164 illis

2228 1201 2402 1244 autem
2429 1232 2443 1253 ,
2483 1192 2570 1261 qui
2610 1191 2716 1260 jam
2749 1193 2997 1262 perfectae
3026 1197 3198 1251 :rtatis
3222 1207 3379 1261 sunt,
3408 1200 3536 1253 solis
3562 1200 3682 1255 ideo
3707 1203 3804 1256 im-

2229 1281 2360 1351 pleri
2383 1322 2396 1344 ,
2439 1285 2562 1351 quia
2606 1283 2670 1355 ad
2703 1301 2862 1338 unum
2892 1285 3017 1340 illud
3044 1287 3143 1341 alia
3171 1305 3382 1358 quoque
3407 1301 3556 1346 motu
3581 1296 3803 1362 propria:

2229 1375 2514 1429 voluntatis
2532 1375 2828 1430 addiderint
2852 1391 2866 1442 ;
2893 1380 3162 1432 confiteris
3187 1380 3301 1434 sine
3319 1381 3480 1436 dubio
3503 1422 3518 1446 ,
3545 1383 3803 1439 diversam

2227 1479 2349 1519 esse
2385 1467 2748 1536 Operationem
2785 1469 2970 1538 gratize
3005 1484 3104 1539 pro
3129 1470 3437 1526 diversitate
3461 1473 3802 1528 venientium.

2230 1555 2286 1610 Ιιι
2323 1555 2407 1610 his
2443 1557 2673 1627 quippe,
2699 1558 2788 1626 qui
2820 1569 2964 1612 motu
2993 1561 3217 1628 proprize
3243 1561 3528 1617 voluntatis
3554 1572 3766 1619 utuntur
3785 1601 3803 1632 ,

2229 1647 2462 1717 suppetit
2483 1647 2532 1702 ei
2563 1649 2780 1703 materia
2810 1649 3106 1719 gloriandi;
3134 1652 3255 1721 quia
3279 1668 3344 1708 ex
3373 1655 3551 1709 multis
3573 1656 3808 1712 crimini-

2230 1738 2330 1793 bus
2356 1739 2407 1793 in
2425 1739 2854 1808 jnstilicationetn
2872 1783 2887 1807 ,
2912 1756 3046 1812 quos
3064 1742 3355 1811 adoptat-it,
3379 1745 3591 1800 educit:
3617 1749 3666 1801 in
3689 1761 3809 1818 par-

2231 1830 2366 1884 vulis
2393 1838 2568 1884 autem
2593 1871 2608 1894 ,
2639 1832 2931 1886 secundum
2960 1841 3011 1888 te
3035 1875 3052 1898 ,
3075 1833 3338 1904 jejunius,
3372 1839 3643 1907 angustius
3661 1881 3677 1906 ,
3699 1841 3811 1894 exi-

2232 1919 2334 1974 lius
2352 1960 2370 1985 ,
2412 1936 2511 1976 nec
2549 1921 2745 1976 virtute
2784 1938 2972 1993 magna
2996 1965 3011 1988 ,
3047 1940 3145 1980 nee
3174 1926 3433 1981 medicina
3462 1928 3648 1984 idonea
3671 1972 3684 1994 ,
3711 1946 3811 1986 nec

2235 2010 2511 2065 honestate
2541 2012 2682 2065 salva
2699 2053 2714 2078 ,
2740 2029 2839 2068 nec
2864 2013 3065 2084 pudore
3081 2029 3273 2070 securo
3296 2059 3311 2081 ,
3347 2033 3508 2072 unum
3537 2019 3661 2074 illttd
3689 2036 3812 2090 pee-

2230 2113 2407 2157 catum
2435 2119 2495 2158 se
2530 2105 2788 2173 promittit
2822 2108 3062 2172 auferre,
3103 2109 3243 2177 quod
3287 2126 3385 2165 nec
3423 2111 3607 2167 debuit
3635 2115 3812 2183 impu-

2234 2203 2346 2248 tare
2374 2210 2389 2258 ;
2421 2203 2476 2248 et
2499 2211 2564 2250 ex
2594 2195 2696 2250 hoc
2717 2212 2824 2253 uno
2846 2239 2861 2264 ,
2888 2213 3022 2268 quos
3047 2199 3236 2255 liberat
3260 2243 3274 2266 ,
3305 2200 3355 2253 ia
3377 2202 3812 2271 justificationem

2231 2297 2454 2343 conatur
2478 2290 2744 2344 emittere.

2305 2382 2439 2435 Aue.
2484 2379 2600 2434 Jam
2644 2396 2956 2450 responsum
3001 2392 3084 2438 est
3119 2402 3131 2438 :
3173 2384 3356 2439 eadem
3391 2387 3612 2442 multum
3639 2388 3812 2456 dicis,

2234 2484 2338 2524 non
2367 2471 2686 2525 inveniendo
2703 2473 2828 2541 quid
2855 2473 3020 2528 dicas.
3047 2475 3180 2529 Cum
3206 2476 3379 2532 dicitis
3402 2479 3601 2534 nullum
3624 2495 3817 2548 pecca-

2235 2573 2344 2617 tum
2397 2565 2629 2633 parvulis
2671 2564 3036 2635 imputandum
3061 2609 3076 2631 ,
3125 2568 3372 2638 injustum
3405 2570 3574 2625 facitis
3608 2573 3770 2626 Deum
3797 2616 3816 2641 ,

2233 2655 2323 2724 qui
2351 2655 2428 2708 eis
2456 2670 2618 2724 grave
2641 2655 2823 2725 jngum
2845 2672 2873 2710 a
2905 2657 2989 2712 die
3009 2659 3182 2713 exitus
3201 2661 3268 2713 de
3294 2672 3476 2715 ventre
3501 2662 3681 2717 matris
3711 2665 3820 2718 im-

2235 2748 2412 2817 posuit
2451 2747 2636 2819 (Ecclt'.
2688 2765 2764 2803 χι,
2786 2791 2800 2814 ,
2833 2749 2906 2821 1).
2934 2751 3084 2817 Qud
3113 2768 3144 2806 e
3170 2754 3211 2805 si
3237 2751 3508 2822 Scriptura
3537 2771 3640 2808 non
3669 2756 3814 2810 dice-

2235 2846 2318 2892 ret
2341 2878 2356 2901 ,
2384 2839 2502 2906 quis
2531 2848 2634 2892 tam
2662 2855 2836 2892 eatcus
2863 2846 2950 2894 est
2983 2851 3159 2896 mente
3178 2883 3193 2908 ,
3223 2844 3310 2911 qui
3340 2859 3443 2897 non
3467 2843 3636 2898 videat
3659 2847 3821 2900 mise-

2235 2928 2368 2982 riam
2395 2930 2605 2998 generis
2634 2930 2848 2984 humani
2879 2947 2908 2984 a
2941 2930 3151 2986 fletibus
3174 2934 3405 3002 incipere
3434 2936 3767 3003 parvulorum
3793 2938 3826 2992 τ

2235 3020 2485 3090 lnjnstam
2515 3024 2682 3079 facilis
2706 3026 2866 3080 etiam
2897 3026 2992 3080 Dei
3018 3028 3220 3097 legem,
3249 3046 3366 3098 qum
3390 3041 3578 3086 octavo
3601 3033 3687 3087 die
3709 3050 3820 3088 non

2235 3117 2533 3171 circumcisi
2573 3119 2802 3172 animam
2844 3120 3058 3174 damnat
3084 3121 3296 3176 infantis
3323 3123 3471 3195 (Gen.
3505 3141 3608 3179 xvtt
3633 3170 3648 3193 ,
3686 3127 3770 3199 Η)
3803 3147 3824 3184 τ

2236 3221 2428 3260 vanum
2463 3223 2674 3278 quoque
2704 3209 2953 3279 judicatis
2977 3227 3096 3266 esse
3124 3225 3442 3283 pra-ceptum
3469 3259 3482 3278 .
3513 3219 3596 3271 ubi
3625 3222 3822 3275 sacrm.

2235 3297 2375 3353 cium
2406 3315 2501 3367 pro
2548 3311 2783 3368 peccato,
2835 3301 3034 3356 infante
3061 3315 3216 3369 nato,
3241 3307 3457 3374 juhetur
3483 3309 3660 3364 offerri
3691 3310 3824 3377 (Le-

2235 3390 2321 3444 uit.
2346 3405 2416 3444 xu
2435 3431 2450 3455 ,
2479 3391 2512 3445 6
2531 3401 2577 3444 et
2596 3392 2675 3462 7).
2698 3392 2751 3448 Si
2779 3403 2955 3448 autem
2987 3405 3164 3451 reatus
3193 3397 3292 3451 iste
3321 3399 3567 3470 originis,
3591 3411 3644 3456 et
3665 3402 3788 3458 Scri
3802 3435 3824 3446 -

2238 3490 2389 3550 ptura
2433 3492 2613 3536 sancta
2660 3485 2931 3552 proditur,
2975 3496 3029 3540 et
3068 3487 3180 3556 ipse
3204 3490 3466 3558 seprodit
3490 3507 3504 3556 ;
3532 3493 3688 3546 etiam
3715 3493 3828 3551 huc

2238 3581 2514 3642 peccatum
2555 3574 2694 3628 inter
2724 3575 2810 3628 illa
2837 3585 2918 3629 est
2944 3577 3106 3631 multa
3135 3593 3343 3646 peccata
3371 3623 3386 3647 ,
3419 3598 3482 3636 ex
3509 3586 3701 3652 quibus
3723 3586 3823 3654 ju-

2235 3668 2431 3723 SIilieat
2467 3670 2632 3739 gratia
2655 3709 2671 3736 ,
2710 3685 2828 3739 qua:
2862 3675 3110 3743 parvulos
3147 3690 3357 3745 quoque
3383 3693 3446 3730 ex
3475 3677 3570 3730 hac
3600 3675 3824 3736 miseria

2237 3759 2520 3815 beatificat.
2551 3762 2613 3816 Et
2640 3762 2738 3818 hoc
2767 3779 2872 3818 non
2898 3765 2948 3819 in
2971 3765 3074 3820 isto
3095 3769 3290 3821 siticuln
3307 3810 3321 3832 ,
3343 3770 3483 3839 quod
3507 3772 3823 3828 universum

2238 3851 2376 3906 Deus
2418 3852 2720 3908 hominibus
2757 3855 2922 3910 voluit
2959 3871 3078 3912 esse
3119 3861 3357 3927 uenale,
3390 3876 3455 3915 ex
3482 3879 3587 3932 quo
3614 3865 3826 3932 primos

2234 3943 2477 4000 homines
2503 3945 2644 4002 foras
2667 3947 2733 4004 de
2756 3950 2982 4018 paradisi
3007 3949 3254 4007 felicitate
3276 3953 3474 4008 dimisit
3498 3971 3512 4019 ;
3545 3956 3636 4009 scd
3659 3957 3714 4010 in
3741 3957 3828 4012 fn-

2234 4050 2355 4094 tnro
2373 4052 2575 4096 interno
2598 4082 2613 4107 ,
2644 4042 2784 4097 unde
2806 4059 2945 4098 nunc
2971 4045 3214 4101 Christus
3235 4049 3487 4104 membris
3507 4050 3615 4105 suis
3640 4057 3824 4108 sancti

2234 4132 2463 4201 Spiritus
2489 4132 2675 4202 pignus
2702 4133 2954 4203 impertit.

2303 4225 2463 4280 CXX.
2489 4225 2605 4280 Jun.
2634 4225 2922 4282 Confessus
2945 4242 3004 4282 es
3033 4243 3162 4298 ergo
3185 4229 3337 4284 aliter
3357 4233 3565 4301 operari
3585 4233 3826 4303 gratiam

2233 4315 2284 4370 in
2317 4316 2637 4386 majoribus,
2671 4317 2825 4372 aliter
2853 4318 2902 4371 in
2931 4319 3242 4374 minoribus.
3271 4321 3378 4376 Nec
3401 4323 3685 4393 quidquam
3710 4343 3826 4396 pu-

2232 4410 2352 4462 bcs'
2393 4410 2723 4477 responsioni
2768 4421 2870 4464 tua:
2912 4410 3154 4465 relictum
3199 4413 3330 4479 loci,
3364 4415 3406 4469 si
3436 4415 3664 4479 inferas,
3700 4435 3830 4471 ma-

2227 4515 2384 4568 gnam
2405 4500 2618 4569 quidem
2639 4542 2653 4564 ,
2685 4501 2781 4556 sed
2809 4503 2861 4555 in
2883 4502 3196 4558 remissione
3224 4515 3559 4574 peccatorum
3586 4523 3708 4563 esse
3731 4509 3834 4564 di-

2227 4593 2516 4658 sutntiam;
2563 4603 2618 4647 ut
2663 4594 2764 4649 etsi
2803 4611 2964 4649 unum
3013 4606 3287 4666 peccatum
3314 4641 3328 4664 ,
3361 4609 3540 4655 tamen
3576 4603 3836 4659 inveniat

2227 4685 2366 4754 quod
2403 4687 2656 4740 remittat.
2693 4687 2883 4743 Verum
2915 4689 3044 4742 nihil
3078 4688 3176 4744 hac
3200 4694 3652 4760 argumentatione
3685 4711 3834 4765 pro-

2227 4794 2412 4832 moves
2442 4797 2453 4831 :
2489 4793 2661 4848 neque
2687 4779 2827 4834 enim
2857 4779 3020 4835 refert
3047 4780 3098 4833 in
3126 4796 3227 4850 qua
3257 4783 3434 4852 specie
3457 4785 3631 4839 varios
3654 4787 3837 4841 unius

2223 4869 2408 4935 gratia:
2448 4867 2661 4924 fatearis
2700 4869 2920 4925 effectus
2940 4912 2954 4935 ,
2986 4870 3278 4928 dummodo
3304 4875 3480 4930 varios
3508 4891 3665 4946 posse
3692 4894 3841 4935 esse

2224 4959 2442 5013 fateare.

2294 5052 2430 5107 Auc.
2471 5051 2628 5106 Aliud
2653 5061 2736 5107 est
2759 5053 2934 5108 varios
2959 5053 3178 5110 effectus
3216 5056 3399 5124 gratiae
3431 5056 3610 5112 dicere
3631 5101 3644 5122 ,
3691 5061 3839 5130 quia

2223 5151 2278 5199 ct
2318 5143 2587 5213 Scriptura
2633 5153 2815 5200 sancta
2855 5145 3232 5202 multiformem
3273 5147 3402 5202 dicit
3449 5151 3670 5219 gratiam
3726 5154 3841 5208 Dei

2224 5233 2266 5302 (I
2299 5233 2438 5286 Petr.
2467 5250 2548 5300 tv,
2583 5234 2703 5308 10);
2739 5246 2792 5291 et
2815 5236 2957 5291 aliud
2982 5247 3064 5292 est
3086 5239 3308 5308 gratiam
3334 5241 3664 5296 remissionis
3691 5259 3848 5312 pec-

2221 5332 2457 5377 catorum
2501 5326 2732 5394 parvulis
2771 5327 3038 5398 denegare
3061 5372 3076 5395 ,
3119 5345 3318 5400 eosque
3355 5331 3407 5385 in
3449 5332 3690 5388 Ecclesia
3725 5351 3844 5391 ve-

2221 5413 2393 5468 ritatis
2417 5455 2431 5476 ,
2484 5415 2527 5469 si
2570 5431 2672 5470 non
2713 5428 2972 5472 eruttntur
3009 5421 3076 5474 de
3117 5431 3380 5490 potestate
3421 5425 3780 5482 tenebrarum
3815 5470 3848 5496 ,_

2221 5507 2548 5563 mendaciter
2575 5511 2862 5566 exorcizari
2900 5513 3276 5583 exsufflariqne
3296 5518 3622 5574 contendere
3641 5561 3656 5583 ,
3683 5535 3842 5578 cum

2220 5613 2408 5668 magna
2456 5600 2643 5669 injuria
2697 5602 2999 5673 Creatoris,
3053 5605 3100 5661 si
3155 5621 3261 5662 non
3321 5609 3558 5682 indigent
3607 5610 3846 5673 auxilio

2290 5712 2310 5780 ξ
2335 5713 2411 5780 sic
2429 5717 2536 5780 atas.
2565 5719 2620 5764 At
2643 5713 2779 5775 editi,
2804 5715 3004 5780 negatis.

2290 5773 2317 5806 ι
2336 5772 2473 5834 aditi,
2489 5783 2643 5836 putas.
2666 5785 2718 5827 At
2739 5772 3040 5840 uss.,'pntes.
