3950 6472
149 345 274 404 1195

99 460 110 473 ’
147 461 446 530 Salvatoris,
487 465 549 518 ut
582 459 653 518 de
688 466 952 533 potestate
987 457 1287 529 deceptoris
1315 468 1595 515 eruantur.

1438 339 1643 398 LIBER
1678 341 2058 404 SECUNDUS.
2385 350 2426 400 1.-
2559 350 2573 384 ?
2653 354 2707 382 ι·

3259 357 3400 418 1194

1818 460 1873 516 in
1901 460 2206 522 hominibus
2228 467 2524 526 sanandum
2553 479 2634 528 est
2658 471 2894 534 bonitate
2921 475 3130 548 divina,
3157 493 3268 538 non
3294 481 3400 538 hu-

104 558 114 620 i
204 552 377 608 CXXI.
403 551 521 608 Jun.
560 551 674 622 Ego
710 553 855 608 enim
891 552 993 606 hoc
1034 558 1319 607 contentus
1358 567 1509 618 sum,
1563 549 1707 622 quod
1815 567 1972 609 mana
1999 556 2233 614 vanitate
2255 559 2602 618 laudandum.

145 646 256 705 mihi
294 659 350 699 es
389 653 446 698 tu
491 644 620 700 dare
656 644 1000 714 compulsus,
1048 644 1170 715 quia
1214 643 1356 715 quod
1401 644 1708 715 praedicavit

145 735 403 808 Apostolus
445 734 503 790 in
547 735 866 792 liberalitate
891 735 1111 807 gratiae,
1151 751 1259 792 non
1303 737 1472 807 possit
1496 735 1704 796 cunctis

147 829 390 900 aequaliter
431 827 678 884 mtatibus
722 828 1010 885 convenire
1041 846 1055 883 :
1086 837 1144 884 tu
1180 829 1226 884 si
1270 829 1396 900 quid
1426 831 1700 901 attuleris,

147 921 262 994 quod
297 921 313 952 ³
348 926 403 974 et
446 919 500 974 in
546 920 720 990 prima
761 920 1094 976 nascentium
1136 929 1293 977 astate
1330 921 1703 979 remissionem

147 1011 400 1069 conﬁrmes
454 1011 710 1081 exsequi;
765 1011 894 1066 illud
943 1019 1121 1068 tamen
1168 1027 1276 1068 non
1317 1012 1598 1069 admovisti
1642 1015 1699 1080 ³,

147 1104 243 1176 quia
290 1115 392 1157 non
437 1102 771 1172 compleatur
816 1101 873 1158 in
937 1102 1170 1172 parvulis
1217 1103 1359 1159 unde
1412 1105 1703 1174 Apostolus

146 1193 334 1266 gratiam
369 1191 569 1248 Christi
618 1193 981 1264 pronuntiavit
1021 1209 1143 1250 esse
1185 1193 1525 1251 laudabilem.
1567 1195 1700 1252 Nam

147 1304 243 1346 cmn
287 1287 599 1342 medicinam
653 1289 927 1359 mysterii,
979 1297 1197 1359 peccato
1244 1288 1401 1359 primi
1436 1288 1697 1360 hominis,

147 1394 273 1452 quem
307 1379 526 1434 formam
549 1378 570 1410 ⁸
597 1377 764 1435 fuisse
804 1377 1064 1447 docebat,
1091 1380 1436 1450 sequentibus
1464 1381 1698 1436 antefer-

148 1480 238 1538 ret,
256 1470 354 1535 ait,
378 1467 644 1524 Iudicium
668 1486 732 1526 ea:
761 1487 862 1525 uno
889 1470 1072 1525 delicto
1101 1471 1154 1526 in
1187 1472 1656 1528 condemnationem
1679 1515 1695 1543 ,

148 1565 281 1637 gratia
328 1571 493 1642 autent
550 1579 614 1618 ea:
665 1563 841 1618 multis
896 1562 1090 1618 delictis
1147 1563 1200 1618 in
1253 1564 1695 1635 justiﬁeationem.

127 1654 254 1710 illud
291 1669 409 1725 ergo
447 1668 545 1726 per
588 1655 731 1726 quod
762 1654 993 1724 praetulit
1029 1655 1250 1724 gratiam
1272 1696 1287 1723 ,
1320 1647 1534 1725 quia'ex
1561 1656 1700 1711 mul-

148 1746 206 1802 tis
225 1745 444 1801 videlicet
477 1744 690 1800 delictis
709 1744 1146 1817 justiﬁcationem
1176 1755 1458 1816 operatur,
1485 1762 1586 1803 nec
1606 1762 1696 1802 se-

149 1837 344 1893 cundum
377 1845 424 1892 te
448 1843 659 1892 constat
685 1840 736 1891 in
766 1838 1034 1907 parvulis;
1064 1845 1222 1909 atque
1248 1836 1315 1893 ad
1343 1837 1445 1892 hoc
1466 1879 1482 1905 ,
1510 1854 1697 1909 quam-

147 1931 215 1986 vis
236 1930 574 1996 reluctareris,
606 1939 866 1986 attractus
891 1946 950 1987 es
972 1970 988 1998 ,
1020 1940 1078 1986 ut
1104 1945 1211 1985 non
1233 1931 1507 2002 aequaliter
1533 1931 1587 1987 in
1615 1932 1694 1988 di-

148 2023 287 2078 versis
312 2023 547 2078 :etatibus
571 2022 796 2094 gratiam
822 2022 1051 2080 faterere
1073 2022 1296 2078 versari.

203 2117 313 2172 Anc.
333 2114 444 2172 Jam
478 2129 795 2186 responsum
821 2124 905 2172 est
936 2135 951 2172 :
980 2130 1111 2171 vana
1142 2115 1395 2187 loqueris.
1425 2117 1672 2175 Gloriosa

149 2218 210 2266 est
230 2209 377 2280 gratia
407 2210 520 2277 Dei,
543 2210 705 2266 etiam
744 2225 866 2266 cum
895 2209 1116 2266 dimittit
1169 2210 1378 2283 singula
1429 2227 1688 2284 quorum-

149 2318 226 2374 que
246 2312 477 2372 peccata;
509 2302 632 2375 quia
654 2311 710 2359 et
747 2303 860 2372 ipsa
886 2302 1092 2374 singula
1133 2301 1202 2358 ad
1235 2317 1352 2358 eam
1390 2304 1689 2360 multitudi-

147 2409 238 2450 nem
253 2394 503 2464 pertinent
528 2401 892 2459 peccatorum,
923 2409 989 2448 ex
1027 2408 1130 2464 qua
1156 2393 1416 2464 justiﬁcat
1447 2395 1688 2452 homines

146 2488 212 2558 qui
246 2487 434 2541 salvum
460 2485 608 2563 facit
650 2486 903 2556 populum
941 2500 1097 2540 suum
1143 2500 1174 2540 a
1215 2486 1448 2556 peccatis
1501 2501 1687 2543 eorum

145 2578 326 2652 (Matth.
355 2593 405 2642 ι,
431 2577 534 2648 21)
567 2577 676 2632 :ad
717 2592 877 2648 quem
929 2577 1180 2648 populum
1225 2576 1537 2648 dignissime
1577 2594 1687 2636 non

143 2669 393 2740 pertinetis,
413 2669 535 2741 quia
562 2668 813 2740 parvulos
848 2666 917 2722 ad
946 2683 1068 2724 eum
1098 2668 1366 2740 pertinere
1412 2682 1518 2724 non
1561 2669 1686 2725 vul-

141 2762 212 2817 tis.
754 2767 756 2772 ’

194 2853 377 2910 CXXII.
407 2853 524 2910 Jun.
551 2851 707 2921 Quod
731 2867 853 2908 cum
880 2861 1155 2925 receptum
1193 2860 1278 2910 est
1315 2868 1347 2910 a
1395 2862 1469 2922 te,
1519 2868 1684 2926 appa-

138 2946 230 3001 ruit
252 2945 429 3000 nullam
448 2944 612 3001 fuisse
635 2945 1013 3000 necessitatem
1060 2951 1265 3002 natura:
1318 2942 1566 2999 humanae
1587 2959 1682 2999 ca-

139 3035 362 3092 lumniam
384 3035 697 3103 concitandi,
725 3036 795 3092 ob
823 3035 927 3091 hoc
951 3030 1123 3092 solum
1148 3077 1164 3103 ,
1214 3049 1284 3090 ne
1334 3035 1681 3106 Baptismatis

134 3127 277 3197 magis
318 3127 475 3198 gratia
510 3127 691 3183 varios
739 3127 938 3183 habere
991 3142 1089 3198 pro
1133 3127 1376 3182 aetatibus
1415 3127 1682 3184 diceretur

144 3217 347 3274 edoctus.
373 3219 484 3288 Quo
511 3219 878 3291 persuasionis
928 3219 1108 3275 colore
1155 3219 1364 3274 sublato
1388 3260 1404 3285 ,
1454 3220 1499 3273 si
1552 3219 1680 3290 quid

137 3326 375 3368 nervorum
404 3312 588 3378 habes,
615 3311 661 3367 si
689 3311 817 3382 quid
838 3311 1054 3383 ingenii,
1083 3309 1131 3367 si
1151 3310 1278 3382 quid
1303 3311 1517 3366 virtutis
1539 3351 1555 3378 ,
1583 3325 1682 3365 an-

137 3405 274 3461 nitere
299 3405 520 3476 probare
555 3405 802 3461 naturale
826 3413 1137 3478 peccatum,
1192 3404 1334 3475 quod
1391 3403 1539 3460 vides
1587 3420 1678 3459 ra-

137 3497 271 3566 tione,
304 3499 638 3566 auetoritate,
658 3499 906 3569 aequitate
933 3496 1284 3553 destructum.
1311 3497 1428 3563 Quo
1449 3497 1590 3552 enim
1617 3511 1678 3554 es

136 3591 347 3661 deceptus
377 3591 598 3659 intuitu,
620 3593 684 3646 ut
706 3589 1145 3647 commixtionem
1164 3603 1471 3660 corporum,
1515 3603 1677 3660 quam

137 3681 535 3750 Deusinstituit‘,
561 3692 620 3740 et
647 3683 1072 3740 conciliatricem
1119 3681 1288 3753 ipsius
1335 3682 1677 3738 commixtio-

138 3774 520 3847 nisvoluptatem
543 3789 793 3843 sexuum,
823 3789 942 3845 quae
975 3783 1080 3829 tam
1114 3773 1167 3828 in
1195 3772 1500 3829 hominibus
1515 3789 1676 3846 quam

138 3862 177 3918 in
193 3866 443 3934 pecoribus
467 3866 679 3937 vigens,
710 3871 986 3920 auctorem
1013 3879 1171 3920 suum
1211 3879 1333 3921 eum
1360 3880 1518 3936 quem
1550 3880 1676 3921 cor-

137 3969 286 4026 porum
301 3958 495 4020 indicat
524 3957 860 4015 conditorem
885 3999 902 4027 ,
928 3955 1126 4013 diaboli
1164 3971 1298 4028 opus
1330 3965 1386 4013 et
1431 3956 1676 4014 fruticem

136 4061 313 4104 vocares
326 4049 349 4104 l

188 4138 302 4196 Anc.
323 4139 592 4197 Erubesce
622 4157 636 4196 :
669 4147 726 4195 tu
752 4155 812 4197 es
836 4141 928 4198 ille
968 4139 1214 4197 laudator
1256 4139 1511 4196 libidinis.
1541 4140 1676 4197 Eru-

135 4226 278 4297 besce,
297 4230 505 4302 inquam
531 4248 546 4285 :
579 4231 748 4286 libido
774 4232 898 4299 ista,
927 4248 1046 4303 qua:
1075 4232 1170 4287 tibi
1205 4231 1434 4286 multum
1461 4233 1672 4303 placet,

135 4329 286 4375 contra
305 4337 459 4393 quam
483 4336 709 4378 necesse
736 4331 822 4379 est
848 4333 907 4378 ut
935 4332 1154 4394 pugnet,
1183 4323 1273 4394 qui
1322 4338 1429 4378 non
1472 4325 1585 4379 vult
1625 4323 1676 4380 ei

134 4412 806 4470 sollieitanticonsentiendo
851 4424 1158 4485 perpetrare
1204 4423 1481 4485 peccatum
1508 4454 1525 4480 ,
1567 4431 1675 4472 non

133 4505 279 4562 eratin
302 4506 546 4577 paradiso
590 4514 714 4562 ante
761 4515 1058 4576 peccatum.
1113 4512 1218 4562 Aut
1243 4521 1368 4577 ergo
1412 4507 1560 4564 nulla
1601 4507 1676 4564 ibi

135 4606 243 4664 erat,
262 4609 344 4654 aut
363 4599 695 4655 voluntatem
710 4599 906 4655 mentis
932 4613 1031 4654 nec
1056 4598 1427 4669 praecedebat,
1452 4614 1553 4656 nec
1575 4613 1675 4655 ex-

132 4687 334 4744 cedebat.
371 4689 490 4747 Non
521 4699 606 4746 est
630 4689 749 4746 talis
789 4689 990 4747 modo:
1022 4689 1126 4744 hoc
1168 4690 1222 4745 in
1261 4705 1321 4746 se
1348 4690 1466 4762 ipso
1512 4691 1677 4747 sentit

133 4781 275 4836 omnis
305 4782 494 4850 homo;
525 4791 582 4839 et
604 4790 658 4838 tu
687 4781 850 4838 homo
888 4797 970 4838 es.
1006 4780 1207 4837 Cohibe
1244 4781 1510 4838 renitendi
1557 4790 1673 4837 stu-

140 4867 287 4938 dium,
328 4880 383 4928 et
436 4888 674 4946 agnosce
701 4873 893 4928 vitium
935 4873 956 4904 δ
979 4873 1122 4927 unde
1149 4870 1383 4926 trahitur
1415 4868 1688 4940 originale

137 4974 403 5030 peccatum.
438 4965 555 5021 Hoc
582 4967 638 5021 in
664 4965 973 5021 hominibus
1001 4963 1310 5035 propagatis
1359 4962 1689 5020 invenerunt

138 5058 334 5125 nuptiae,
362 5073 473 5114 non
498 5057 778 5114 fecerunt:
805 5059 907 5114 hoc
933 5057 953 5088 °
976 5056 1301 5112 necessitate
1324 5061 1567 5120 utuntur,
1598 5068 1690 5110 ca-

137 5149 292 5206 stitate
321 5155 458 5210 bene
471 5162 720 5222 utuntur,
743 5154 947 5209 idcirco
967 5153 1115 5207 nulla
1139 5151 1350 5206 ratione
1378 5149 1681 5219 culpantur.

137 5237 232 5297 Hoc
256 5243 301 5300 in
332 5247 624 5315 pecoribus
656 5247 776 5302 ideo
809 5261 918 5302 non
939 5253 1023 5300 est
1061 5244 1281 5308 malum,
1313 5241 1441 5312 quia
1484 5257 1594 5296 non
1627 5241 1683 5296 in

135 5330 202 5388 eis
218 5350 332 5393 caro
343 5339 680 5409 concupiscit
707 5339 966 5395 adversus
986 5335 1235 5408 spiritum
1261 5347 1276 5388 :
1303 5335 1448 5404 quod
1483 5331 1688 5388 malum

175 5477 333 5545 fruiti,
356 5493 465 5545 quo.
491 5486 620 5545 Mss,
639 5481 786 5544 quod.

173 5539 191 5602 ξ
211 5545 271 5588 tta
291 5539 392 5591 aiss'.
413 5551 470 5594 At
487 5539 625 5602 editi,
649 5539 877 5593 amovisti.

175 5598 468 5672 ἔμω-ανδ,
509 5598 622 5667 φιαὲ
665 5605 884 5672 formam.
922 5604 1338 5672 Vignieriustqm'
1368 5605 1422 5658 in
1443 5606 1668 5669 formam.

119 5653 390 5727 Castigaer
408 5653 474 5715 ei
494 5653 849 5727 manuscriptis.

170 5723 362 5798 29°49“
385 5734 530 5798 mea
545 5739 674 5798 HW.
688 5723 814 5798 ρὲριε
837 5725 1055 5783 ίηδιίιιάιο

171 5783 274 5844 !sic
289 5791 394 5835 Mss.
422 5795 476 5838 AI.
497 5783 635 5844 editi,
658 5786 861 5840 initiwn.

173 5841 193 5872 ⁶
209 5846 345 5910 ωιιι,
367 5847 474 5900 hac.
499 5841 673 5897 nelias
695 5857 816 5910 Mss,
833 5850 938 5901 hoc.

455 5931 686 5994 Servor.
733 5934 1008 5997 Aueusr.
1053 5937 1134 5999 Χ.

1816 661 1822 668 ’
1884 643 2117 703 CXXIII.
2144 648 2261 705 Jun.
2291 651 2421 719 Quae
2446 661 2626 709 autem
2652 655 2789 711 ratio
2809 657 2928 723 fuit,
2956 667 3015 714 ut
3042 661 3215 730 primo
3246 665 3264 696 ⁸
3299 663 3388 721 iu-

1813 740 2113 796 nocentiam
2126 743 2350 799 crimine
2375 745 2642 802 sauciares
2668 747 2842 804 alieno
2861 790 2877 817 ,
2905 746 3100 808 dehinc
3131 769 3246 811 rem
3266 764 3384 812 stu-

1813 827 2022 884 diorum
2053 832 2280 889 miscere
2299 835 2596 891 seminibus
2621 839 2931 896 conareris?

1885 919 2023 978 Anc.
2053 921 2255 979 Eadem
2299 940 2397 996 per
2441 927 2629 984 eadem
2645 927 2780 984 dicis
2813 947 2826 985 :
2855 928 2952 986 sed
2999 933 3184 1002 procul
3227 932 3388 991 dubio

1811 1021 1937 1069 sunt
1961 1029 2096 1070 vana
2123 1018 2143 1048 ³
2161 1033 2280 1087 mue
2303 1018 2461 1076 dicis.
2492 1020 2690 1077 Natura
2725 1023 2864 1078 bona
2885 1033 3008 1080 sunt
3037 1025 3264 1095 semina,
3295 1029 3390 1084 sed

1807 1106 2062 1164 vitiantur
2085 1118 2140 1165 et
2164 1112 2389 1181 semina,
2422 1113 2607 1186 eisque
2632 1116 2829 1173 vitiatis
2852 1130 3213 1191 propagentur
3231 1131 3286 1179 et
3312 1123 3396 1180 vi-

1807 1197 1902 1253 tia.
1957 1199 2157 1258 Saltem
2196 1202 2402 1274 species
2440 1213 2494 1262 te
2546 1221 2832 1278 corporum
2883 1210 3107 1278 doceat,
3155 1228 3385 1284 quorum

1807 1305 1931 1346 cum
1954 1293 2025 1348 sit
2053 1294 2228 1366 cpilex
2274 1311 2482 1354 summe
2522 1299 2692 1356 bonus
2721 1310 2776 1358 et
2798 1303 2947 1359 nullo
2972 1303 3100 1360 vitio
3114 1303 3390 1376 deprava-

1807 1389 1891 1438 tus
1909 1424 1924 1450 ,
1958 1385 2144 1442 vitiosa
2172 1395 2346 1444 tamen
2375 1391 2540 1446 multa
2569 1402 2858 1450 nascuntur
2884 1411 2898 1449 :
2925 1403 2981 1451 et
3013 1396 3194 1469 utique
3219 1398 3266 1455 si
3298 1415 3394 1457 ne-

1803 1489 1894 1531 mo
1913 1490 2206 1548 peccasset,
2251 1483 2395 1539 nulla
2425 1485 2478 1538 in
2499 1487 2747 1555 paradiso
2774 1489 2895 1544 talia
2921 1501 3290 1549 nascerentur.

1873 1569 2106 1627 CXXIV.
2129 1572 2159 1627 J
2165 1588 2250 1628 UL.
2281 1573 2354 1631 Ut
2373 1575 2686 1648 Baptismati
2711 1581 2992 1636 veritatem
3009 1584 3242 1655 propria:
3257 1599 3389 1656 ope-

1802 1661 2025 1718 rationis
2049 1663 2321 1721 auferres?
2350 1677 2406 1722 ut
2436 1669 2566 1735 Deo,
2589 1671 2678 1741 qui
2710 1679 2854 1729 totus
2885 1675 3111 1745 :equitas
3138 1685 3222 1733 est
3244 1717 3259 1743 ,
3291 1679 3381 1748 qui

1801 1752 1918 1808 sine
1937 1753 2140 1824 justitia
2164 1756 2307 1815 Deus
2335 1773 2455 1816 esse
2480 1776 2591 1818 non
2615 1771 2824 1833 potest,
2845 1765 3138 1837 perspicua:
3187 1769 3386 1841 iniqui-

1802 1847 1924 1902 tatis
1941 1849 2143 1906 crimen
2171 1851 2548 1911 adscriberes?
2895 1865 2901 1872 ‘

1871 1939 2004 1996 Auc.
2037 1941 2145 1998 Vos
2173 1942 2277 2000 hoc
2313 1946 2490 2016 potius
2536 1945 2710 2005 facitis
2740 1967 2754 2005 :
2784 1954 3036 2022 quoniam
3079 1953 3126 2011 si
3177 1956 3387 2026 parvuli

1799 2031 1915 2087 sine
1929 2033 2092 2091 ullius
2115 2038 2319 2105 peccati
2363 2040 2554 2097 merito
2582 2051 2903 2112 premuntur
2931 2045 3079 2117 gravi
3100 2047 3248 2120 jugo,
3277 2048 3379 2105 ini-

1797 2137 1934 2193 quus
1983 2135 2067 2182 est
2091 2128 2230 2184 Deus
2261 2147 2274 2184 :
2305 2130 2400 2186 sed
2425 2133 2546 2204 quia
2575 2134 2664 2191 ille
2689 2150 2796 2193 non
2842 2146 2926 2194 est
2976 2140 3207 2212 iniquus,
3238 2151 3295 2198 tu
3318 2157 3380 2200 es

1797 2215 2157 2274 calumniosus
2179 2229 2232 2275 et
2256 2236 2452 2281 caecus.

1866 2306 2074 2364 CXXV.
2104 2309 2222 2366 Jun.
2268 2313 2422 2384 Tam,
2471 2315 2706 2388 inquam,
2753 2323 3090 2394 perspicuae,
3145 2335 3204 2382 ut
3254 2328 3376 2400 ipse

1795 2395 1933 2454 lianc
1956 2399 2226 2471 injustitite
2253 2407 2508 2476 speciem,
2531 2424 2691 2480 quam
2727 2412 2844 2482 ejus
2886 2417 3132 2474 mentiris
3184 2395 3346 2480 adhic.

1792 2505 1911 2546 rere
1930 2491 2167 2563 judiciis,
2195 2496 2324 2568 legis
2349 2514 2461 2555 sua:
2489 2502 2811 2561 auctoritate
2832 2505 3192 2566 damnaverit.

1862 2583 1996 2641 Auc.
2021 2585 2077 2640 In
2095 2586 2211 2657 ejus
2234 2589 2350 2661 lege
2378 2592 2635 2663 scriptum
2661 2602 2768 2664 est,
2798 2597 3033 2654 animam
3076 2602 3300 2671 parvuli,
3326 2605 3376 2661 si

1790 2675 1877 2732 die
1898 2686 2088 2734 octavo
2115 2696 2220 2737 non
2251 2684 2687 2754 circumcidatur,
2718 2688 3056 2748 interituram
3085 2693 3153 2750 de
3179 2699 3379 2768 populo

1788 2781 1887 2823 suo
1917 2769 2068 2840 (Gen.
2103 2788 2236 2840 xvu,
2269 2776 2356 2847 I4)
2384 2794 2397 2831 :
2436 2792 2543 2848 quo
2565 2780 2802 2837 merito?
2829 2781 2935 2852 die,
2981 2784 3028 2840 si
3073 2795 3246 2856 potes.
3270 2789 3379 2846 Sed

1789 2861 2008 2918 omnino
2037 2879 2144 2921 non
2174 2874 2346 2935 potes;
2374 2877 2430 2925 et
2460 2879 2636 2927 tamen
2691 2872 2950 2946 originale
2979 2888 3255 2949 peccatum
3278 2897 3378 2941 ne-

1787 2953 1963 3022 gando
1991 2970 2098 3012 non
2128 2965 2294 3015 taces.
2337 3005 2340 3008 .

1856 3044 2094 3105 CXXVI.
2122 3051 2243 3107 Jun.
2273 3052 2403 3120 Qua:
2445 3071 2572 3128 ergo
2615 3065 2694 3116 tot
2717 3059 2740 3094 ³
2765 3059 3218 3134 blasphemiarum
3275 3084 3375 3126 ne-

1785 3141 2006 3198 cessitas
2034 3142 2152 3213 fuit,
2185 3146 2230 3201 si
2283 3162 2384 3204 nec
2433 3149 2533 3206 ista
2589 3167 2745 3223 quam
2793 3155 3184 3228 amplexabaris
3225 3159 3374 3217 fuit?

1784 3231 1914 3300 Quae
1938 3234 2154 3303 quidem
2179 3237 2313 3293 nihil
2329 3239 2531 3296 habens
2550 3245 2829 3314 momenti,
2852 3255 3032 3304 tamen
3057 3250 3204 3306 velut
3224 3267 3374 3323 quie-

1783 3322 1905 3379 dam
1937 3325 2114 3382 tabula
2158 3329 2460 3401 videbatur,
2491 3348 2653 3404 quam
2681 3334 2732 3391 in
2765 3345 2915 3394 tanto
2941 3341 3217 3415 naufragio
3241 3322 3375 3402 con-

1784 3416 2004 3488 tineres,
2037 3436 2196 3492 quam
2227 3424 2382 3481 victis
2427 3427 2681 3484 remisisti
2705 3470 2722 3497 ,
2771 3445 2895 3488 sero
2945 3433 3105 3502 licet,
3134 3438 3371 3496 lacertis.

1787 3505 1853 3565 Ut
1879 3510 2023 3565 enim
2066 3527 2153 3569 res
2195 3517 2516 3586 repetitione
2563 3520 2853 3578 clarescat:
2878 3523 3000 3582 ideo
3044 3527 3372 3590 Manichaeus

1781 3599 2088 3661 credebaris
2116 3604 2185 3661 ab
2213 3606 2410 3679 ineptis
2433 3609 2732 3682 quibusque
2765 3614 3075 3675 tolerandus
3104 3661 3120 3688 ,
3152 3636 3222 3678 ne
3243 3638 3373 3694 gra-

1782 3695 1870 3751 tiae
1896 3695 2096 3754 Christi
2123 3713 2232 3756 non
2261 3701 2315 3756 in
2346 3702 2594 3760 omnibus
2613 3721 2719 3763 una
2746 3707 3029 3766 efﬁcientia
3056 3712 3333 3772 videretur
3350 3734 3369 3772 :

1780 3787 1848 3843 ad
1866 3788 1968 3845 hoc
1990 3799 2043 3845 tu
2072 3806 2233 3860 nunc,
2257 3792 2374 3850 sine
2399 3794 2590 3850 adactu
2611 3804 2795 3855 nostro
2812 3797 2856 3867 ⁸,
2885 3803 3234 3872 expositionis
3256 3813 3363 3863 tuae

1780 3883 2120 3953 processibus
2169 3885 2425 3956 intulisti,
2473 3887 2656 3944 dicens
2705 3891 2950 3960 Apostoli
2993 3897 3312 3954 sententiam
3343 3940 3364 3969 ,

1779 3988 1901 4044 quin
1927 3974 2022 4043 ait,
2052 3973 2232 4030 Gratia
2254 3986 2422 4033 autem
2441 3995 2505 4034 ea:
2536 3981 2709 4036 multis
2733 3981 2930 4039 delictis
2956 3985 3012 4040 in
3029 3987 3366 4058 justi/ictuic-

1780 4082 1916 4135 nem,
1947 4067 2001 4121 in
2035 4065 2342 4125 hominibus
2369 4069 2586 4141 quidem
2616 4073 2838 4144 majoris
2873 4077 3045 4132 aetatis
3070 4093 3228 4149 posse
3251 4122 3268 4149 ,
3309 4082 3365 4139 in

1781 4159 2013 4229 parvulis
2039 4174 2166 4215 vero
2187 4175 2295 4216 non
2323 4177 2481 4233 posse
2501 4165 2778 4235 compleri;
2805 4167 2901 4222 sed
2930 4183 3050 4225 esse
3083 4169 3138 4225 in
3167 4186 3366 4242 parvu-

1781 4249 1848 4306 lis
1873 4250 2016 4306 aliud
2045 4251 2279 4319 brevius,
2313 4253 2526 4323 exilius,
2553 4258 2814 4327 egentius;
2841 4259 2984 4330 quod
3029 4260 3156 4318 licet
3179 4269 3234 4318 tu
3261 4279 3361 4321 ex-

1779 4345 2002 4417 cogites,
2029 4354 2204 4402 tamen
2225 4362 2559 4420 nequaquam
2590 4350 2790 4410 dixisse
2823 4355 3140 4426 Apostolum
3192 4360 3365 4417 contis

1780 4438 1928 4494 teris.

1850 4533 1987 4588 Anc.
2015 4532 2304 4605 Relegatur
2325 4535 2468 4606 quod
2493 4536 2589 4593 tibi
2611 4553 2928 4610 responsum
2953 4550 3056 4612 est,
3084 4552 3144 4600 ut
3164 4544 3367 4604 intelli-

1777 4631 1932 4694 gatur
1950 4631 2002 4680 te
2025 4624 2364 4694 nihildicere,
2393 4636 2447 4682 et
2472 4636 2646 4685 tamen
2673 4639 2848 4687 tacere
2864 4648 2970 4689 non
2998 4649 3176 4705 posse,
3196 4636 3364 4697 homo

1779 4715 2038 4786 linguose.
2092 4715 2274 4772 Gratia
2295 4733 2360 4772 ex
2385 4719 2568 4774 multis
2596 4720 2804 4778 delictis
2832 4725 2995 4780 mittit
3020 4727 3071 4782 in
3088 4727 3358 4799 justilica-

1781 4807 2000 4873 tionem,
2027 4821 2148 4863 cum
2172 4808 2377 4863 salvum
2405 4808 2532 4866 facit
2553 4811 2709 4868 Jesus
2726 4815 2981 4886 populum
3011 4833 3168 4877 suum
3185 4837 3214 4876 a
3233 4839 3367 4894 pec-

1778 4899 1911 4954 catis
1939 4913 2145 4956 corum.
2195 4898 2254 4955 In
2279 4901 2481 4957 eisdem
2527 4903 2709 4961 multis
2731 4906 2934 4966 invenit
2960 4912 3121 4969 etiam
3151 4915 3384 4988 singula

1777 4992 2123 5064 parvulorum
2155 4994 2639 5066 :quemadmodum
2691 5000 2901 5058 etiamsi
2947 5012 3166 5074 peccata
3203 5010 3367 5080 origi-

1779 5087 1918 5142 nalia
1940 5087 2083 5143 nulla
2125 5095 2324 5154 essent,
2354 5088 2407 5143 in
2445 5088 2651 5146 eisdem
2691 5093 2871 5150 multis
2898 5095 3161 5155 inveniret
3188 5099 3211 5132 ⁸
3239 5115 3367 5171 pec-

1779 5196 1906 5239 care
1932 5183 2296 5252 incipicntium
2322 5183 2484 5238 etiam
2511 5184 2720 5256 singula
2745 5187 3092 5258 grandiorum
3125 5232 3140 5257 ,
3168 5193 3362 5264 quibus

1779 5276 1846 5332 ad
1866 5275 2062 5333 Christi
2100 5277 2366 5347 Baptisma
2393 5277 2728 5334 venientibus
2779 5281 2924 5337 nullo
2962 5283 3121 5340 modo
3149 5283 3363 5340 dicere-

1782 5377 1888 5439 tur,
1910 5368 2026 5424 Non
2053 5368 2274 5438 potestis
2327 5367 2485 5424 modo
2513 5369 2789 5440 baptizari,
2821 5372 2947 5442 quia
2978 5373 3211 5430 nondum
3257 5373 3359 5429 ba-

1845 5483 2006 5548 !Editi
2028 5492 2048 5532 :
2071 5480 2650 5548 Qutemahmaratioﬂtit,
2672 5481 2903 5548 inprima
2930 5484 3116 5537 :male.

1846 5545 1866 5576 ²
1887 5545 2024 5605 Editi,
2046 5557 2160 5595 una.
2183 5551 2310 5607 Mss,
2334 5557 2472 5596 vana.

1847 5608 1868 5640 ³
1884 5613 1934 5656 In
1953 5616 2075 5668 Mss.,
2102 5612 2214 5658 tota.

1845 5669 1869 5700 δ
1892 5669 2132 5720 editiones
2155 5668 2363 5720 Menardi
2387 5676 2441 5721 et
2458 5670 2608 5730 Masii,
2633 5671 2738 5722 sine
2759 5668 2974 5720 adducta
2995 5675 3171 5721 nostra.

1845 5732 1867 5763 ⁵
1893 5732 2181 5801 vignierius,
2220 5731 2353 5801 nutta
2384 5738 2538 5782 essent
2573 5732 2626 5801 in
2668 5730 2868 5801 eisdem,
2885 5731 3069 5801 multa
3103 5730 3358 5801 inveniret.

1781 5797 1900 5840 'nun
1923 5791 2030 5855 ipse
2049 5806 2107 5845 tu:
2129 5791 2396 5856 Menardus,
2437 5800 2634 5858 peccata
2670 5791 3014 5854 incipientium.
3039 5795 3366 5849 amendantur

1785 5865 1853 5904 ex
1873 5860 1980 5904 MSS.

2627 5933 3118 6016 {Trmtc-huit.)
