3996 6474
508 351 648 411 H95

506 470 644 527 betis
696 464 863 523 multa
913 459 1139 524 delicta:
1188 456 1360 529 gratia
1394 452 1543 509 enim
1568 465 1641 508 ex
1672 444 1860 504 multis
1887 438 2102 499 delictis

507 560 671 620 inittit
695 558 748 613 in
774 553 1230 627 justiticationem.
1263 546 1557 605 Verissime
1582 543 1784 615 quippe
1809 535 2104 608 responde-

507 663 651 718 rent,
681 652 739 708 In
764 647 1105 707 multitudine
1131 644 1474 709 delictorum,
1511 656 1582 696 ex
1604 637 1803 710 quibus
1848 630 2107 707 iustiﬁcat

506 746 706 820 gratia,
730 743 894 800 etiam
914 749 1096 797 nostra
1123 738 1317 793 delicta
1344 743 1471 790 sunt
1496 729 1730 803 singula,
1759 727 1852 785 ubi
1907 725 2113 820 habent

507 818 675 911 aliqui
701 837 875 909 plura,
904 832 1067 904 aliqui
1097 829 1513 901 paueiora,quat
1538 822 1704 881 simul
1756 834 1882 877 cum
1917 818 2105 889 singu-

508 929 578 987 lis
603 930 804 988 nostris
820 928 987 984 multa
1016 932 1143 982 sunt
1160 923 1363 981 omnia.

584 1020 846 1081 CXXVII.
866 1020 987 1076 Jun.
1016 1017 1179 1090 Igitur
1205 1023 1261 1071 et
1286 1011 1581 1070 secundum
1607 1019 1683 1076 te,
1709 1008 1766 1067 bi
1786 1005 2107 1079 adoptione'

520 1118 739 1191 quidem
762 1130 857 1187 per
891 1127 1081 1169 omnes
1116 1116 1301 1166 aetates
1349 1107 1537 1179 gratia:
1580 1111 1666 1161 est
1706 1102 1932 1176 aqualis
1978 1098 2111 1157 elle-

514 1220 637 1267 ctus
662 1209 757 1266 :in
783 1205 1100 1263 remissione
1126 1217 1254 1258 vero
1282 1194 1625 1272 peccatorum
1645 1208 1753 1257 non
1779 1197 1835 1250 in
1858 1193 2109 1251 omnibus

517 1312 604 1361 est
625 1316 734 1357 una
753 1299 977 1357 taxatio.
998 1296 1107 1354 Sed
1128 1296 1211 1368 egi
1236 1294 1500 1350 hactenus
1525 1304 1684 1364 parce
1737 1288 1899 1345 nimis
1948 1295 2111 1358 atque

516 1395 789 1468 patienter
819 1408 836 1446 :

593 1486 730 1544 Atto.
777 1483 835 1540 Si
876 1491 983 1538 tam
1018 1479 1185 1535 multa
1235 1476 1471 1550 loqueris
1523 1482 1683 1546 parce
1730 1472 1959 1544 loquens
1986 1509 2005 1539 ,
2053 1476 2115 1527 ut

522 1595 689 1636 unum
712 1592 895 1633 meum
921 1576 1111 1631 librum
1134 1574 1237 1644 (α),
1269 1586 1368 1627 nec
1393 1570 1566 1641 ipsum
1596 1576 1765 1625 totum
1793 1609 1807 1631 ,
1835 1566 1941 1621 tuis
1989 1573 2113 1621 octo

521 1672 676 1729 libris
698 1668 999 1734 insecteris;
1030 1667 1253 1722 nimium
1283 1662 1497 1735 profusa
1521 1669 1577 1717 et
1602 1659 1875 1716 luxuriosa
1896 1664 1981 1714 est
2003 1671 2119 1728 par-

524 1765 757 1822 eimonia
785 1772 898 1819 tua.
927 1761 1035 1818 Sed
1055 1759 1105 1817 si
1129 1758 1387 1813 hactenus
1418 1764 1579 1825 parce
1617 1752 1811 1823 egisti;
1858 1765 2027 1822 quare
2060 1748 2117 1806 in

524 1868 636 1914 tam
663 1857 844 1912 multis
869 1862 1056 1912 contra
1077 1852 1357 1908 veritatem
1384 1848 1644 1913 clamans,
1672 1845 1868 1901 animai
1884 1852 1989 1900 tua:
2009 1857 2118 1899 non

523 1948 816 2024 pepercisti
828 1949 856 2002 ‘t

595 2039 880 2100 CXXVIII.
911 2039 1031 2096 ιω..
1063 2036 1348 2095 Pratmissa
1377 2035 1589 2092 scilicet
1608 2032 1975 2106 disputatione
1996 2045 2122 2103 pro-

525 2136 658 2193 bare
683 2141 988 2200 contentus,
1019 2142 1073 2187 te
1100 2143 1312 2202 quoque
1332 2126 1424 2201 qui
1464 2128 1620 2185 nobis
1665 2124 1985 2184 seditionem
2025 2138 2125 2196 per

528 2227 633 2285 hoc
654 2226 947 2282 maximam
967 2221 1297 2289 concitabas,
1324 2220 1507 2276 dicere
1550 2217 1891 2274 remissionis
1929 2230 2124 2289 peccao

528 2331 708 2378 torum
729 2335 845 2376 non
883 2319 939 2375 in
963 2318 1172 2375 cunctis
1219 2328 1383 2373 unam
1425 2321 1676 2371 constare
1715 2311 2017 2379 rationem;
2066 2321 2126 2389 ut

529 2415 742 2473 etiamsi
789 2427 955 2469 unum
1001 2412 1104 2468 hoc
1179 2409 1423 2465 naturale
1461 2414 1741 2480 peccatum
1797 2406 2127 2478 persuadere

530 2523 745 2580 posses,
764 2515 944 2561 tamen
966 2500 1204 2575 liqueret
1230 2501 1538 2557 necessario
1573 2500 1679 2556 dici
1698 2540 1715 2568 ,
1757 2513 1865 2556 non
1911 2513 2130 2572 semper

531 2598 902 2656 accedentium
926 2596 996 2651 ad
1024 2596 1250 2668 gratiam
1279 2606 1445 2649 unum
1493 2598 1689 2647 statum
1715 2604 1876 2657 esse;
1912 2598 1968 2647 et
2023 2589 2128 2648 hoc

531 2693 775 2765 Apostoli
802 2691 1028 2756 dictum,
1047 2704 1111 2745 ea:
1127 2688 1299 2743 multis
1314 2685 1512 2741 delictis
1561 2685 1615 2741 in
1657 2684 2080 2756 justi/irationem
2105 2726 2123 2752 ,

532 2787 590 2842 in
610 2785 790 2841 adulta
819 2784 1013 2851 solum,
1042 2796 1151 2838 non
1200 2789 1381 2836 autem
1425 2779 1589 2835 etiam
1641 2777 1697 2835 in
1746 2776 1917 2850 prima
1970 2785 2130 2835 aetate

534 2877 815 2948 compleri.

605 2974 749 3027 Auc.
780 2966 1085 3026 Secundum
1111 2974 1200 3022 tua
1223 2964 1548 3036 vaniloquia,
1577 2962 1747 3021 necin
1768 2960 1947 3019 adulta
1970 2969 2139 3020 aetate

533 3064 832 3134 completur
874 3079 893 3117 :
934 3060 1185 3132 quoniam
1256 3059 1409 3114 multi
1458 3056 1626 3113 adulti
1677 3056 1879 3114 habent
1919 3057 2129 3129 singula

539 3154 770 3228 (etiamsi
789 3153 1083 3210 secundum
1104 3164 1199 3207 vos
1221 3164 1331 3209 non
1358 3150 1557 3205 habent
1579 3148 1901 3222 originalia),
1930 3149 2127 3220 quibus

533 3246 761 3317 contigit
787 3245 972 3300 venire
992 3243 1059 3299 ad
1084 3238 1666 3314 Baptismum,quando
1695 3254 1925 3311 peccare
1946 3255 2131 3312 coepe-

533 3349 681 3407 runt;
704 3339 868 3411 aliqui
894 3338 1094 3394 habent
1108 3336 1267 3391 etiam
1288 3335 1632 3406 paucissima,
1658 3348 1766 3389 non
1790 3344 1968 3390 tamen
1988 3335 2132 3391 mul-

534 3443 629 3491 ta:
658 3448 769 3489 non
796 3444 927 3503 ergo
956 3429 1297 3502 pertinebunt
1321 3424 1389 3483 ad
1434 3428 1573 3481 hanc
1625 3427 1851 3498 gratiam
1891 3427 2131 3497 Christi;

533 3526 790 3599 quoniam
815 3539 883 3579 ex
908 3520 1090 3578 multis
1127 3520 1341 3576 delictis
1376 3520 1465 3575 illa
1514 3519 1773 3599 iustiﬁcat
1797 3562 1811 3584 ,
1857 3536 1977 3592 qua:
2025 3536 2133 3576 non

534 3596 836 3675 habentisti
867 3612 1048 3686 :qpod
1077 3613 1122 3668 si
1148 3612 1389 3683 quisquis
1417 3611 1575 3681 sapit,
1606 3596 1954 3667 ineil‘ahiliter
1976 3612 2133 3669 desi-

535 3711 639 3784 pit.
668 3710 917 3781 Agnosco
951 3706 1225 3761 Christum
1269 3716 1340 3759 ex
1384 3702 1567 3758 multis
1592 3690 1806 3785 delictis
1830 3703 2133 3775 justifiean-

535 3811 668 3871 tem,
700 3802 1013 3872 salvumque
1038 3798 1320 3854 facientem
1370 3798 1625 3869 pupulum
1651 3814 1828 3868 suum,
1857 3808 1912 3855 ct
1932 3799 1987 3856 in
2031 3800 2132 3857 iis-

537 3899 668 3956 dem
715 3896 897 3953 multis
938 3894 1244 3965 intelligens
1269 3907 1428 3964 posse
1450 3893 1810 3964 quorumlibet
1861 3901 1918 3951 et
1964 3909 2133 3967 pauca

539 3999 594 4047 et
611 3986 818 4060 singula
847 3986 1163 4057 computari,
1196 3985 1306 4040 noli
1333 3985 1400 4039 ab
1422 3986 1523 4041 hoc
1547 3989 1746 4057 populo
1775 3996 1974 4044 sortem
2002 3990 2121 4046 sui»

542 4082 760 4139 trahere
810 4079 1185 4150 parvulorum;
1214 4078 1372 4132 etiam
1404 4077 1534 4147 ipsis
1561 4079 1723 4135 crede
1762 4083 2135 4138 “necessarium

541 4187 663 4234 esse
686 4173 891 4238 Jesum,
920 4171 1009 4242 qui
1032 4171 1135 4227 hoc
1182 4158 1289 4226 non
1315 4177 1556 4240 vocatur,
1604 4170 1707 4229 nisi
1756 4173 1881 4244 quia
1927 4176 2133 4232 salvum

540 4266 668 4325 facit
689 4266 941 4338 populum
961 4278 1141 4331 suum,
1163 4263 1218 4319 in
1247 4277 1354 4335 quo
1383 4263 1569 4336 utique
1588 4273 1713 4321 sunt
1749 4274 1805 4321 et
1833 4268 2079 4340 parvuli,
2102 4283 2134 4325 a

541 4359 781 4434 peccatis
806 4372 1018 4415 eorum.

614 4453 853 4513 CXXIX.
886 4453 1004 4510 ius.
1036 4451 1190 4509 Nunc
1212 4466 1344 4508 vero
1360 4466 1545 4507 assero
1572 4465 1979 4526 consequenter
2000 4456 2136 4531 nihil

543 4546 861 4620 Apdstolum
889 4544 959 4603 de
978 4543 1268 4602 Manichaaa
1311 4542 1531 4601 traduce
1580 4546 2139 4617 suspicatumzosten-

547 4640 627 4697 dit
644 4638 849 4712 quippe
873 4638 940 4694 ad
962 4652 1177 4709 gravem
1230 4636 1481 4708 injuriam
1527 4639 1802 4711 pertinere
1847 4644 2136 4716 mysterio-

544 4747 687 4801 rum,
717 4732 764 4788 si
787 4739 1228 4801 compararentur
1251 4744 1345 4802 per
1362 4740 1554 4788 cuncta
1583 4735 1837 4803 peccatis.
1870 4735 1923 4792 id
1953 4746 2057 4805 est,
2088 4738 2136 4796 si

544 4838 654 4881 non
678 4821 949 4879 efficacius
970 4820 1250 4892 prodesset
1291 4822 1461 4893 gratia
1486 4863 1501 4888 ,
1543 4838 1700 4895 quam
1749 4828 1921 4901 culpae
1965 4827 2138 4886 forma

545 4915 837 4974 nocuisset.
868 4912 1151 4969 Maximam
1179 4926 1310 4986 ergo
1340 4914 1646 4973 christiana:
1672 4918 1795 4977 fidei
1822 4921 2136 4993 dignitatem

548 5012 603 5067 in
633 5023 702 5067 eo
720 5009 972 5080 Magister
1003 5007 1253 5065 Gentium
1286 5009 1588 5082 collocavit,
1647 5000 1788 5084 quod
1826 5028 1945 5072 eam
1995 5018 2139 5076 affir-

545 5102 714 5161 mavit
743 5108 1014 5157 antestare
1039 5099 1389 5157 deiictis:ob
1425 5101 1526 5159 hoc
1578 5103 1654 5161 illi
1706 5121 1849 5163 curae
1887 5107 2023 5179 fuit,
2081 5121 2139 5169 ut

551 5190 758 5247 morbis
777 5190 1051 5247 veteribus
1078 5190 1360 5247 medicinae
1387 5193 1663 5263 prieferret
1681 5196 1949 5255 effectum.

522 5302 527 5309 ‘
621 5286 755 5342 Anc.
784 5284 931 5340 lianc
955 5282 1271 5363 medicinam
1299 5287 1504 5357 negatis
1534 5291 1772 5359 parvulis
1790 5332 1807 5359 ,
1836 5309 1972 5366 quos
2010 5295 2138 5354 falsa

552 5386 608 5433 et
635 5377 852 5433 inimica
880 5373 1196 5432 defensione
1244 5377 1422 5435 salvos
1471 5393 1590 5436 esse
1633 5385 1977 5442 contenditis.
2033 5388 2139 5446 Sed
2204 5379 2219 5398 ³

548 5470 691 5527 Deus
711 5480 920 5536 eorum,
948 5469 1038 5541 qui
1064 5485 1135 5527 ex
1171 5485 1269 5527 ore
1301 5470 1581 5529 infantium
1626 5470 1786 5546 atque
1825 5471 2139 5539 lactentiuin

548 5564 827 5621 medicinis
854 5580 965 5623 sua:
1008 5564 1215 5637 perlicit
1256 5565 1503 5636 laudem,
1536 5567 1776 5638 profecto
1811 5584 1863 5629 et
1907 5588 2001 5631 vos
2046 5575 2142 5632 de-

612 5702 631 5734 ι
652 5700 727 5750 sic
747 5706 858 5751 Mss.
882 5700 1019 5761 Editi,
1045 5699 1372 5766 adoptionem.

547 5780 907 5897 “gme
951 5762 1153 5838 scilicet
1181 5786 1449 5838 secundum
1482 5788 1547 5840 de
1590 5791 1774 5853 Nuptiis
1815 5800 1868 5846 et
1909 5762 2149 5867 Concupi.

1194 330 1445 396 OPERlS
1480 322 1895 391 lMPERFEC-Tl
1931 316 2209 381 CONTRA‘
2243 314 2608 387 JULIANUM,
2649 312 3086 380 S.AUGUSTlNl

2210 439 2388 505 struit,
2417 441 2507 511 qui
2530 442 2610 497 eis
2633 439 2898 500 adhibetis
2942 443 3219 498 inimicam
3253 437 3645 513 defensionem,
3676 454 3802 502 eum

2210 532 2443 592 destruit
2467 535 2742 592 inimicum
2766 545 2821 592 et
2848 535 3208 595 defensorem.

2210 676 2215 681 .
2284 630 2504 691 CXXX.
2534 628 2654 689 Ιυι..
2684 631 2814 689 Inde
2836 633 3065 704 gratiam
3106 630 3342 690 ostendit
3384 645 3507 689 esse
3552 631 3806 689 laudabio

2214 722 2347 798 lem,
2371 728 2419 785 si
2446 728 2499 785 ei
2518 738 2615 800 per
2632 728 2811 785 omnia
2838 728 3153 784 conveniret
3176 724 3319 800 quod
3358 725 3513 794 dixit,
3538 724 3809 781 Iudicium

2211 838 2278 882 ea:
2302 838 2406 878 tino
2431 823 2486 878 iit
2513 821 2999 888 condemnationem,
3030 821 3195 893 gratia
3223 827 3391 875 autem
3418 834 3482 874 es
3516 818 3689 874 multis
3713 817 3811 874 de-

2213 908 2420 972 κραδίη
2435 915 2875 989 justiﬁcationem.
2907 916 3021 983 Qua
3050 922 3109 970 tn
3145 926 3276 986 ergo
3318 913 3539 970 licentia
3576 912 3811 984 gratiam

2215 1007 2413 1066 Christi
2435 1022 2497 1065 ea
2521 1008 2827 1065 laudatione
2856 1006 3124 1064 fraudabis
3144 1047 3161 1074 ,
3186 1021 3288 1078 qua
3339 1005 3487 1062 illam
3517 1005 3812 1078 Apostolus

2216 1105 2390 1161 voluit
2415 1103 2691 1176 praedicari
2714 1120 2729 1172 ;
2752 1104 2813 1158 ut
2831 1101 3052 1173 dejieias
3106 1098 3316 1156 titulum
3360 1100 3637 1173 dignitatis
3668 1141 3683 1165 ,
3711 1110 3815 1172 per

2216 1202 2378 1269 quem
2407 1196 2583 1253 solum
2611 1194 2871 1253 honorem
2892 1196 3009 1267 ejus
3035 1208 3127 1250 vas
3154 1193 3430 1250 electionis
3452 1191 3618 1250 voluit
3642 1182 3846 1341 agno]

2217 1290 2295 1341 sci
2310 1288 2337 1341 ἲ

2217 1288 2337 1347 sci?

2293 1389 2429 1442 Atio.
2452 1381 2579 1440 Haec
2595 1381 2662 1439 ad
2683 1382 2937 1455 parvulos
2964 1395 3073 1438 non
3100 1378 3371 1453 pervenit,
3411 1378 3458 1435 si
3483 1377 3631 1434 nullo
3675 1374 3819 1433 deli;

2178 1552 2183 1559 ‘
2221 1486 2332 1546 cto,
2365 1475 2661 1534 secundum
2692 1490 2810 1546 vos,
2839 1474 3056 1547 obligati
3096 1482 3221 1530 sunt
3254 1489 3269 1527 :
3304 1470 3401 1529 sed
3440 1470 3563 1543 quia
3592 1460 3819 1541 obligati

2222 1579 2363 1639 sunt,
2397 1570 2635 1644 profecto
2658 1570 2828 1643 gratia
2850 1584 2918 1626 ex
2953 1568 3139 1625 multis
3162 1566 3368 1624 delictis
3416 1558 3819 1621 multitudinem

2222 1664 2461 1720 ﬁdelium
2487 1679 2703 1721 suorum
2721 1662 3041 1733 justiﬁeans,
3065 1661 3229 1718 etiam
3259 1658 3327 1715 ad
3354 1674 3519 1714 unum
3558 1656 3821 1712 delictum

2225 1758 2524 1816 sanandum
2589 1760 2835 1830 pervenit
2902 1772 3127 1822 eorum,
3170 1763 3230 1811 ut
3277 1768 3345 1810 ex
3386 1768 3482 1809 ore
3530 1748 3821 1808 infantium

2227 1852 2472 1909 destruat
2550 1866 2645 1909 ora
2701 1849 2998 1908 fallendum
3079 1848 3420 1906 inimicorum
3465 1854 3521 1905 et
3566 1842 3820 1903 defenso-

2225 1961 2368 2003 rum.

2298 2039 2539 2096 CXXXI.
2564 2039 2683 2097 ιυι..
2707 2038 2801 2095 ille
2827 2022 2982 2108 dixit,
3013 2036 3192 2095 Gratia
3218 2053 3280 2093 ex
3309 2034 3483 2091 multis
3517 2033 3715 2091 delictis
3762 2031 3824 2088 in

2229 2132 2640 2205 iustiﬁcationem
2690 2148 2711 2189 :
2751 2133 2840 2190 ille
2885 2133 3089 2204 peccati
3134 2129 3480 2187 efficientiie‘
3536 2125 3824 2183 medicinae

2230 2230 2439 2300 copiam
2470 2228 2736 2300 praetulit;
2768 2228 2859 2299 qui
2907 2240 3100 2283 sensus
3144 2223 3543 2281 Catholicorum
3581 2208 3828 2292 dogmati

2232 2325 2497 2395 congruit,
2523 2323 2933 2395 iutelligentium
2964 2322 3018 2377 in
3042 2321 3123 2378 his
3164 2319 3540 2376 remissionem
3569 2325 3829 2390 peccato-

2231 2431 2352 2473 rum
2384 2415 2540 2481 fieri,
2584 2415 2637 2470 in
2670 2416 2862 2487 quibus
2912 2422 3135 2484 possunt
3162 2412 3331 2468 multa
3359 2406 3723 2481 deprehendi,
3770 2400 3832 2463 id

2233 2515 2335 2576 est,
2366 2519 2518 2563 motu
2546 2507 2777 2579 propriae
2805 2506 3093 2561 voluntatis
3132 2512 3355 2561 attracta
3391 2520 3404 2557 :
3431 2502 3485 2559 in
3513 2502 3703 2572 quibus
3730 2516 3833 2557 att-

2235 2606 2343 2657 tem
2372 2618 2478 2656 non
2511 2599 2681 2657 sithic
2702 2609 2877 2655 motus
2902 2592 3135 2673 prepriae
3162 2598 3484 2663 voluntatis,
3533 2592 3589 2651 id
3614 2601 3699 2652 est
3718 2636 3735 2663 ,
3770 2592 3832 2650 iu

2232 2693 2493 2765 parvulis,
2518 2711 2624 2750 non
2654 2693 2833 2749 minus
2860 2693 3003 2749 nulla
3034 2708 3178 2761 esse,
3209 2707 3370 2763 quam
3402 2690 3587 2747 multa.

2306 2785 2442 2843 Atio.
2470 2784 2625 2859 Nulla
2654 2784 2859 2859 ergoad
2882 2800 2975 2861 eos
2998 2784 3289 2842 Salvatoris
3315 2783 3548 2856 pertinet
3600 2779 3834 2839 medici-

2235 2891 2335 2944 na,
2366 2884 2422 2933 et
2441 2876 2688 2933 Christus
2714 2894 2817 2932 non
2850 2885 2932 2932 est
2960 2876 3038 2932 eis
3062 2874 3219 2933 Jesus
3248 2893 3261 2929 :
3293 2884 3349 2932 et
3386 2885 3444 2931 tu
3487 2874 3575 2947 qui
3604 2873 3707 2929 hoc
3736 2872 3839 2943 di-_

2236 2958 2337 3043 cis,
2364 2970 2528 3025 audes
2545 2970 2725 3026 vocari
2753 2966 3106 3026 Christianus!
3138 2969 3338 3027 Deinde
3364 3010 3381 3037 ,
3412 2968 3494 3036 si,
3527 2977 3585 3024 ut
3611 2966 3839 3045 definis,

2237 3058 2292 3117 in
2322 3062 2406 3117 his
2430 3062 2488 3118 fit
2530 3063 2779 3118 remissio
2838 3070 3216 3134 peccatorum,
3262 3061 3317 3116 in
3363 3058 3554 3131 quibus
3606 3068 3838 3130 possunt

2235 3154 2401 3211 multa
2425 3153 2791 3226 deprehendi;
2815 3154 3065 3227 quoniam
3098 3154 3176 3209 sic
3195 3152 3556 3224 accipisquod
3584 3152 3656 3207 ait
3686 3151 3839 3223 Apo-

2236 3249 2425 3316 stolus,
2459 3247 2637 3305 Gratia
2660 3266 2724 3303 ea:
2747 3249 2917 3302 multis
2947 3247 3142 3304 delictis
3167 3247 3220 3302 in
3238 3246 3654 3319 justiﬁcatianem
3676 3261 3695 3299 :
3720 3262 3839 3303 non

2236 3324 2508 3414 pertinent
2537 3340 2604 3395 ad
2622 3339 2995 3397 remissionem
3024 3350 3401 3410 peccatorum,
3453 3337 3542 3408 qui
3566 3380 3582 3405 ,
3637 3352 3840 3393 secun-

2237 3431 2364 3488 dum
2390 3449 2510 3499 vos,
2533 3449 2639 3487 non
2663 3431 2922 3489 habentes
2944 3431 3205 3504 originale
3261 3441 3562 3503 peccatum,
3588 3430 3654 3485 ad
3680 3431 3839 3487 lava-

2238 3540 2388 3580 crum
2420 3523 2839 3595 regenerationis
2867 3540 2989 3580 cmn
3033 3523 3257 3596 singulis
3312 3525 3533 3579 veniunt
3575 3523 3840 3593 paucisve

2237 3620 2490 3692 peccatis.
2516 3618 2706 3675 Videte
2725 3636 2846 3692 qua:
2871 3620 3074 3685 dicitis;
3104 3630 3159 3676 et
3187 3636 3294 3678 non
3322 3620 3640 3677 erubescitis
3670 3661 3687 3686 ,
3721 3635 3839 3676 non

2238 3714 2609 3785 expavescitis,
2638 3730 2741 3770 non
2770 3714 2994 3771 tacetis?
3022 3714 3271 3772 Siaulem
3311 3704 3559 3771 homines
3606 3728 3841 3785 peccare

2239 3805 2581 3885 incipientes,
2610 3816 2663 3863 ct
2683 3806 2919 3863 nondum
2950 3806 3210 3863 habentes
3262 3808 3428 3863 multa
3455 3806 3669 3871 delicta,
3705 3822 3841 3881 per-

2239 3898 2445 3970 cipiunt
2492 3911 2669 3955 tamen
2695 3902 2920 3973 gratiam
2942 3916 3005 3958 ex
3036 3901 3221 3957 multis
3265 3899 3648 3972 iustiﬁcantem
3698 3900 3842 3956 deli-

2239 3992 2360 4059 ctis;
2384 4008 2480 4048 cur
2504 3994 2556 4048 in
2577 3993 2778 4049 eisdem
2806 3980 2986 4049 multis
3005 3994 3164 4049 etiam
3208 3994 3414 4064 singula
3467 3993 3845 4074 quorumlibet

2239 4095 2553 4165 computare
2580 4102 2688 4144 non
2720 4087 2902 4167 vultis,
2931 4104 3038 4144 non
3061 4087 3130 4143 ob
3155 4087 3351 4154 aliud,
3398 4086 3501 4142 nisi
3548 4096 3605 4143 ut
3651 4084 3722 4141 ah
3769 4102 3841 4142 ea

2240 4183 2490 4252 parvulos
2531 4183 2695 4253 impie
2733 4183 3031 4254 separetis;
3070 4184 3329 4254 vobisque
3371 4182 3637 4253 pernicies
3661 4183 3845 4257 pessi-

2239 4290 2343 4357 mze
2364 4275 2661 4346 iniquitatis
2710 4276 3003 4343 incumbat,
3037 4284 3094 4331 ut
3118 4276 3185 4332 ab
3211 4276 3300 4330 illa
3327 4276 3488 4333 etiam
3515 4273 3842 4346 grandiores

2239 4370 2474 4449 primum
2506 4385 2731 4441 peccare
2761 4370 3080 4442 incipientes
3109 4411 3125 4437 ,
3176 4369 3523 4441 nondumque
3572 4368 3853 4437 habentes.

2240 4464 2430 4541 multa,
2462 4463 2559 4521 sed
2578 4464 2818 4537 singula,
2848 4465 2932 4535 vel
2949 4479 3118 4537 pauca
3158 4473 3377 4538 peccata
3396 4500 3419 4531 .
3461 4462 3671 4523 alienos
3710 4476 3849 4521 esse

2239 4555 2430 4617 dicatis
2443 4558 2483 4631 ’.ζ⁵

2313 4651 2574 4713 CXXXII.
2603 4651 2725 4709 IUL.
2752 4650 3044 4722 Apostolus
3068 4665 3203 4723 ergo
3222 4651 3314 4708 ubi
3339 4648 3578 4723 praetulit
3603 4650 3855 4723 gratiam

2241 4752 2483 4817 peccato,
2508 4753 2750 4801 nostrum
2774 4743 2967 4815 dogma
2994 4744 3313 4802 communit.

2313 4840 2451 4896 AUC.
2476 4837 2589 4894 lmo
2619 4847 2854 4895 vestrum
2900 4837 3095 4909 dogma
3122 4838 3416 4895 subvertit:
3439 4837 3567 4909 quia
3587 4837 3688 4897 ista
3713 4851 3848 4909 gra-

2243 4931 2314 4999 tia
2340 4945 2500 5002 quam
2541 4940 2763 5002 peccato
2809 4930 3066 5001 praetulit,
3095 4946 3162 4989 ex
3193 4930 3375 4989 multis
3402 4930 3614 4988 delictis
3634 4929 3847 5001 justiﬁ—

2242 5031 2349 5087 cat,
2375 5032 2430 5085 et
2451 5022 2573 5078 ideo
2598 5023 2874 5093 pertinens
2912 5023 2979 5081 ad
3011 5023 3239 5093 pusillos
3263 5037 3387 5079 cum
3432 5023 3672 5093 magnis,
3728 5037 3841 5080 nec

2243 5114 2411 5183 ullum
2438 5115 2676 5185 praeterit
2708 5114 3024 5186 pusillorum
3048 5152 3065 5184 ,
3114 5116 3205 5187 qui
3247 5115 3472 5173 remittit
3519 5101 3700 5171 omnia
3725 5128 3848 5173 om-

2244 5206 2396 5262 nium
2437 5220 2693 5274 suorum,
2752 5206 2808 5264 id
2861 5216 2975 5275 est,
3031 5209 3343 5280 pusillon
3393 5217 3556 5279 atque
3602 5222 3845 5279 inuno—

2243 5315 2385 5361 rum.
2612 5356 2617 5361 .
2918 5378 2925 5383 θ

2315 5391 2603 5450 CXXXIII.
2631 5392 2754 5451 ιω..
2781 5393 2932 5451 Nunc
2956 5402 3012 5451 tu
3038 5394 3140 5452 ede
3157 5435 3175 5463 ,
3195 5394 3289 5451 ubi
3317 5393 3612 5471 aequaverit
3640 5408 3840 5466 pecca-

2246 5493 2305 5541 to
2327 5488 2551 5557 gratiam
2577 5502 2591 5552 ;
2615 5487 2946 5558 utquoniam
2976 5487 3109 5544 ﬁdes
3138 5497 3225 5545 tua
3259 5503 3364 5565 non
3405 5472 3550 5559 capit
3595 5488 3850 5545 remedia.

2247 5580 2812 5649 praelatavulneribus,
2840 5582 3029 5639 saltent
3070 5580 3253 5651 capiat
3290 5580 3345 5635 in
3388 5589 3672 5652 angustum
3728 5593 3847 5639 non

2247 5672 2560 5728 excedentia
2604 5674 3058 5744 comparationem
3111 5675 3371 5731 redacta:
3409 5674 3551 5746 quod
3603 5672 3651 5729 si
3705 5674 3854 5729 scri-

2251 5807 2330 5921 ‘
2366 5807 2439 5857 sic
2462 5809 2729 5862 Meuardus.
2768 5815 2824 5861 At
2844 5811 3120 5877 Vignierius
3154 5817 3209 5865 et
3230 5818 3358 5875 Msm,
3381 5804 3650 5877 aliaalia
3669 5817 3855 5876 νοσω-
