3950 6468
152 405 276 478 tm

152 547 282 609 ptum
306 531 513 602 uspiam
546 508 852 601 repereris;
899 508 1119 583 Paulum
1146 531 1323 579 tamen
1352 522 1422 579 ab
1452 523 1554 578 hac
1578 537 1711 577 cons

153 620 296 687 itabit
336 623 636 680 abhorrere
674 622 977 679 sententia:
1010 627 1063 673 et
1106 625 1167 673 ut
1215 615 1533 688 compendio
1571 625 1718 670 totus

155 717 369 793 Apostoli
391 726 589 773 sensus
609 717 835 783 eluceat,
868 714 960 781 ait,
1003 708 1182 766 Gratia
1203 728 1264 765 ea;
1302 709 1475 765 multis
1524 707 1719 763 delictis

155 810 201 870 in
218 808 629 885 justiﬁcationem
662 798 872 877 :ntulta
913 813 1092 859 autem
1141 802 1335 857 delicta
1380 815 1480 856 nec
1531 814 1720 855 secun-

156 904 265 962 dum
290 912 338 958 te
363 899 570 971 parvuli
600 899 818 965 habent,
866 896 956 968 qui
1011 894 1306 971 secundum
1346 891 1665 965 Apostolnm
1697 928 1716 959 ,

158 997 334 1056 nullum
351 997 368 1027 ι
391 990 614 1049 habent.

166 1108 167 1111 ‘
217 1094 337 1150 Aes.
368 1088 527 1145 Multa
566 1087 764 1143 delicta
813 1099 910 1141 nec
964 1080 1255 1140 secundum
1284 1088 1336 1136 te
1357 1078 1586 1157 habent,
1630 1076 1721 1148 qui

162 1174 360 1260 primum
389 1197 612 1254 peccare
642 1163 922 1252 cmperunt
952 1194 966 1233 :
991 1185 1045 1232 et
1070 1164 1248 1232 tamen
1277 1188 1371 1230 eos
1395 1188 1594 1245 negare
1614 1186 1721 1227 non

162 1266 292 1355 potes
313 1274 376 1331 ad
401 1276 541 1331 hanc
591 1288 659 1329 ex
702 1272 883 1327 multis
922 1269 1133 1327 delictis
1172 1267 1551 1340 justiticautem
1596 1279 1721 1337 gra-

164 1366 288 1435 liam,
317 1382 431 1424 cum
460 1365 526 1422 ad
576 1365 849 1438 Baptisma
911 1364 1166 1430 veniunt,
1213 1360 1502 1433 pertinere.
1559 1359 1720 1415 Multa

163 1467 271 1534 ergo
294 1452 473 1516 delicta
499 1468 627 1513 sunt
672 1458 840 1513 totius
870 1455 1084 1527 populi,
1133 1454 1185 1510 in
1223 1467 1331 1525 quo
1356 1462 1482 1525 sunt
1507 1460 1561 1508 et
1585 1466 1723 1525 par-

164 1555 287 1621 vuli;
315 1552 377 1608 ad
397 1566 554 1622 quem
594 1540 852 1622 populum
892 1547 1125 1603 civitatis
1164 1546 1259 1602 Dei
1308 1560 1431 1601 cum
1466 1543 1726 1616 "pervenit

167 1648 310 1722 gratia
334 1660 395 1701 ex
439 1644 623 1699 multis
664 1642 877 1699 delictis
911 1640 1249 1712 justilicans,
1301 1637 1506 1709 invenit
1546 1637 1619 1692 ibi
1672 1640 1728 1692 et

168 1743 311 1798 inulta
335 1737 650 1808 aliquorum,
683 1743 738 1790 et
758 1747 928 1805 pauca
954 1732 1205 1796 aliorum,
1235 1737 1292 1786 et
1342 1727 1551 1801 singula
1603 1742 1727 1799 par-

172 1832 413 1895 vulorum;
443 1843 564 1900 quas
617 1826 779 1884 simul
833 1826 1018 1896 utique
1072 1824 1239 1879 multa
1271 1831 1395 1879 sunt
1424 1822 1633 1890 omnia,
1672 1829 1727 1878 et

170 1922 474 1982 multitudine
518 1935 615 1977 sua
668 1918 999 1991 redarguunt
1040 1916 1209 1973 multa
1243 1924 1299 1972 et
1346 1914 1522 1971 inania
1562 1914 1727 1970 verba

170 2006 258 2076 tua.
282 2016 332 2072 Si
359 2024 530 2071 autem
549 2013 844 2070 secundum
874 2010 1212 2083 Apostolum,
1236 2009 1375 2065 sicut
1402 2016 1578 2080 putas,
1605 2006 1727 2063 nul-

168 2109 258 2167 lum
281 2107 520 2163 delictum
550 2105 754 2161 habent
791 2102 1037 2175 parvuli;
1089 2101 1232 2158 unde
1260 2116 1388 2173 ergo
1431 2098 1726 2155 secundum

169 2200 448 2273 Apostolum
474 2196 673 2254 mortui
707 2196 874 2253 sunt?
898 2195 1031 2264 Quia
1060 2204 1115 2251 et
1141 2193 1433 2251 secundum
1464 2200 1538 2260 te,
1565 2192 1725 2247 etiam

169 2278 247 2367 pro
271 2292 389 2371 ipsis
414 2299 658 2371 mortuus
683 2300 767 2348 est
791 2289 1082 2346 Christus:
1118 2286 1265 2345 Unus
1293 2288 1438 2345 enim
1486 2304 1579 2362 pro
1620 2303 1729 2343 om-

175 2365 297 2444 nibus
318 2366 540 2442 mortuus
565 2365 677 2453 est;
700 2400 818 2459 ergo
847 2400 1018 2441 omnes
1039 2382 1226 2438 mortui
1263 2391 1413 2449 sunt;
1433 2388 1481 2437 et
1508 2397 1600 2454 pro
1621 2398 1731 2437 ont-

174 2470 294 2537 nihts
310 2489 531 2535 mortuus
551 2486 623 2534 est
646 2464 712 2551 (ll
738 2477 855 2533 Cor.
880 2492 933 2543 ν,
953 2476 1021 2533 14
1040 2485 1087 2531 et
1103 2475 1217 2548 16).
1234 2474 1467 2542 Juliane,
1489 2489 1596 2530 non
1626 2473 1731 2531 hoc

172 2554 483 2651 ingustinus,
515 2570 611 2643 sed
631 2570 921 2653 Apostolus
951 2569 1117 2637 dixit;
1144 2569 1253 2624 imo
1280 2568 1395 2641 ipse
1443 2564 1542 2642 per
1571 2583 1727 2624 suum

171 2666 451 2740 Apostolum
467 2664 712 2725 Christus
732 2684 744 2718 :
765 2663 959 2721 cohibe
976 2672 1029 2719 te
1045 2678 1076 2719 a
1094 2661 1424 2735 vaniloquio,
1447 2663 1578 2720 cede
1595 2663 1727 2720 Deo.

174 2828 185 2839 ί
230 2756 493 2817 CXXXIV.
524 2758 644 2817 Jun.
674 2758 898 2839 Constat
923 2756 1011 2813 hic
1053 2754 1215 2829 igitur
1241 2754 1549 2829 Magistrum
1581 2756 1727 2815 Geui-

173 2836 288 2910 iium
308 2870 409 2911 non
427 2851 491 2910 de
514 2836 860 2910 nascentibus
884 2851 1187 2923 disputasse
1209 2891 1225 2917 ,
1255 2848 1353 2907 sed
1406 2848 1474 2907 de
1505 2848 1591 2906 his
1637 2850 1731 2923 qui

176 2945 275 3026 jam
292 2946 669 3023 motuprOprite
690 2944 980 3001 voluntatis
1002 2951 1242 3000 utuntur.

176 3110 189 3118 _
242 3039 360 3097 Anc.
385 3032 560 3110 Digere
585 3034 861 3115 crapulam
876 3033 1257 3102 contentionis,
1304 3040 1359 3091 et
1385 3033 1729 3113 expergisce-

174 3144 244 3207 re,
268 3140 314 3186 et
334 3118 553 3200 intellige
574 3127 852 3207 delictum,
881 3137 934 3184 et
959 3127 1138 3197 unius,
1167 3136 1222 3183 et
1259 3142 1458 3194 unum;
1509 3125 1579 3183 de
1624 3141 1733 3198 quo

175 3204 345 3278 dictum
366 3229 463 3287 est,
508 3218 572 3278 Si
615 3220 750 3276 enim
775 3204 835 3276 ob
865 3221 1018 3276 unius
1064 3218 1306 3274 delictum
1345 3218 1496 3274 multi
1545 3218 1733 3274 mortui

170 3296 266 3391 sunt
290 3312 454 3389 (Rom.
486 3312 693 3388 11,15):
722 3313 874 3370 multi
903 3313 1100 3385 quippe
1128 3311 1214 3368 isti
1240 3311 1343 3383 ipsi
1371 3320 1495 3367 sunt
1515 3325 1729 3378 omnes,

170 3398 225 3463 de
245 3406 419 3479 quibus
443 3405 547 3463 alio
567 3405 687 3461 loco
718 3402 867 3489 dicit,
904 3403 1052 3460 Sicut
1098 3402 1152 3457 in
1203 3401 1370 3457 Adam
1411 3419 1582 3457 omnes
1622 3417 1733 3457 mo-

171 3500 343 3561 riuntur
363 3500 403 3573 (l
423 3498 540 3555 Cor.
571 3515 662 3565 xv,
689 3497 814 3569 22):
837 3507 891 3553 et
916 3496 987 3553 ibi
1014 3492 1216 3552 videbis
1236 3503 1290 3551 et
1315 3496 1583 3567 parvulos,
1607 3495 1731 3568 quia

172 3601 215 3649 et
335 3590 457 3665 ipsis
481 3591 664 3660 etiam,
685 3601 737 3649 te
756 3587 1065 3655 conﬁtente,
1084 3596 1330 3645 mortuus
1346 3597 1428 3644 est
1442 3588 1688 3645 Christus
1713 3606 1727 3643 :

173 3686 326 3757 utique
353 3684 468 3759 cum
501 3683 727 3740 dixisset
763 3680 1053 3755 Apostolus
1075 3721 1091 3747 ,
1122 3680 1245 3754 quia
1273 3697 1404 3736 unus
1434 3697 1526 3752 pro
1568 3679 1733 3733 omni-

174 3776 247 3835 bus
266 3774 480 3835 mortuus
506 3789 604 3845 est,
631 3775 883 3833 continuo
907 3772 1035 3846 quid
1058 3773 1362 3829 necessario
1390 3782 1728 3844 sequeretur,

174 3856 376 3949 ostendit
397 3871 601 3938 dicens,
629 3868 764 3942 Ergo
781 3882 953 3924 omnes
973 3865 1163 3922 mortui
1189 3873 1347 3932 sunt;
1374 3874 1422 3920 et
1444 3881 1540 3937 pro
1560 3864 1731 3920 omni-

172 3956 246 4035 βω
264 3973 477 4018 mortuus
495 3970 590 4018 est.
1682 3951 1688 3956 ’

231 4054 471 4111 CXXXV.
502 4054 624 4111 Jun.
664 4042 781 4109 Iam
824 4066 952 4107 vero
988 4047 1131 4123 quod
1162 4046 1366 4105 addidit
1402 4048 1730 4120 Apostolus,

174 4147 295 4209 Sicut
317 4166 401 4220 per
426 4148 574 4204 unius
594 4146 829 4202 delictum
850 4142 906 4200 in
930 4159 1103 4199 omnes
1131 4141 1200 4196 ad
1225 4141 1733 4208 condemnationem;

175 4222 235 4293 ita
258 4251 299 4293 et
321 4257 404 4312 per
437 4240 588 4295 unius
622 4237 873 4308 iustitiam
914 4236 969 4291 in
998 4251 1170 4289 omnes
1192 4234 1420 4288 homines
1448 4233 1516 4286 ad
1534 4233 1734 4306 justiﬁ-

174 4333 385 4389 auionem
414 4330 592 4404 (Rom.
623 4346 675 4397 v,
716 4328 828 4401 18),
861 4337 1067 4383 tantum
1113 4324 1233 4396 opis
1277 4323 1514 4394 impertit
1555 4324 1731 4391 nobis,

172 4414 390 4496 quantum
417 4424 471 4482 in
492 4426 684 4496 dogma
708 4422 853 4477 tuum
873 4430 1051 4477 movet
1078 4418 1321 4491 fragoris.
1342 4416 1553 4473 Ponens
1580 4417 1738 4490 quip-

172 4508 228 4589 pe
252 4517 297 4573 in
321 4519 595 4575 contrariis
625 4515 865 4591 partibus
881 4530 1072 4580 omnes,
1100 4512 1293 4585 quibus
1319 4511 1499 4568 verbis
1516 4528 1623 4567 non
1643 4526 1739 4582 po-

173 4617 262 4685 test
283 4609 373 4665 ulla
393 4625 514 4666 esse
540 4606 873 4679 conjunctio,
898 4604 965 4661 ad
993 4605 1387 4675 Scripturarum
1415 4616 1514 4659 nos
1531 4618 1734 4659 morem

172 4694 383 4773 remittit,
413 4711 468 4758 ut
489 4698 849 4773 intelligamus
878 4714 1050 4754 omnes
1079 4696 1182 4753 dici
1211 4697 1389 4753 solere
1415 4712 1511 4768 pro
1534 4695 1733 4761 multis.

171 4788 282 4848 Nam
307 4794 355 4849 in
384 4794 495 4866 ipsa
539 4792 719 4850 fronte
758 4789 1044 4847 verborum
1075 4805 1269 4862 magna
1308 4788 1583 4844 barbaries
1608 4795 1689 4845 est
1718 4805 1733 4842 :

173 4883 247 4955 qui
266 4884 399 4941 enim
419 4898 610 4942 omnes
654 4882 720 4938 ad
748 4881 1183 4953 justiticationent
1212 4879 1452 4947 veniunt,
1476 4878 1524 4935 si
1551 4893 1735 4950 perre-

174 4979 323 5034 xerint
342 4995 528 5035 omnes
553 4976 622 5034 ad
648 4974 1190 5032 condemnationem?
1216 4980 1309 5029 aut
1335 4974 1425 5045 qui
1459 4989 1647 5029 omnes
1667 4972 1735 5029 ad

173 5083 379 5142 penam,
408 5072 451 5128 si
483 5086 670 5127 omnes
696 5069 977 5141 rapiuntur
1017 5065 1083 5122 ad
1112 5065 1378 5139 gloriam?
1403 5064 1739 5124 Ceneralitas

174 5166 307 5223 unius
331 5168 495 5240 partis
514 5208 530 5235 ,
560 5167 735 5221 locum
764 5161 1004 5221 excludit
1031 5160 1271 5215 alterius.

238 5263 354 5320 Anc.
396 5262 539 5334 Ergo
565 5269 620 5317 et
642 5260 730 5316 ubi
770 5258 969 5314 dictum
1001 5263 1103 5321 cst,
1132 5252 1200 5309 In
1234 5270 1333 5326 quo
1359 5270 1532 5309 omnes
1559 5270 1738 5325 pecca—

174 5366 322 5409 uerunt
346 5354 529 5428 (Ibid,
554 5352 668 5425 12),
691 5351 841 5409 multi
861 5356 984 5406 sunt
1010 5345 1362 5418 intelligendi,
1386 5361 1492 5401 non
1518 5360 1741 5402 omnes:

176 5448 296 5519 quod
314 5448 357 5505 si
389 5447 463 5503 ita
485 5453 589 5512 est,
616 5444 823 5516 cogeris
851 5442 1052 5506 dicere,
1082 5456 1191 5496 non
1221 5454 1409 5495 omnes
1435 5447 1744 5510 peccatores

174 5538 312 5594 unius
340 5536 482 5595 illius
508 5536 743 5593 hominis
781 5534 1073 5590 imitatione
1104 5548 1376 5604 peccasse,
1408 5534 1501 5587 sed
1530 5530 1742 5587 multos.

174 5629 306 5699 Quod
333 5630 381 5686 si
430 5629 649 5694 dixeris,
700 5626 821 5683 ideo
866 5640 971 5680 non
1014 5638 1226 5693 omnes,
1268 5624 1364 5680 sed
1395 5625 1593 5680 multos
1630 5623 1748 5692 ejus

175 5721 453 5778 imitatione
478 5716 744 5792 imccasSe,
782 5717 903 5790 quia
928 5717 1097 5779 inulti.
1132 5732 1237 5771 non
1267 5731 1455 5771 omnes
1489 5730 1747 5788 peccave-

176 5822 319 5882 runt;
341 5804 525 5870 volens
550 5818 642 5867 eos
664 5811 753 5882 qui
774 5825 877 5865 non
899 5818 1272 5881 peccaverunt,
1293 5807 1514 5879 intelligi
1553 5821 1747 5880 parvu-

150 5999 164 6013 .
232 5936 374 6019 hic.
393 5948 597 6017 ωιωη,
620 5961 685 6004 ex
705 5955 813 6003 uss.
835 5945 1155 6002 restituimus.

1372 430 1375 433 ι
1436 405 1639 464 uena
1675 386 2058 465 SECUNDIIS.

2820 514 2821 519 γ
3278 386 3421 523 iiiis

1819 523 1909 579 ’los
1941 528 2394 596 :‘respondcbitur
2420 518 2535 603 tibi,
2564 518 2685 606 quia
2708 551 2807 594 nec
2830 539 2848 573 ¹
2879 545 3070 600 mortui
3091 554 3217 603 sunt
3240 547 3294 603 in
3325 520 3417 607 illo

1826 616 2053 687 parvuli,
2083 634 2144 674 ac
2166 636 2262 690 per
2286 622 2387 678 hoc
2418 640 2522 679 non
2547 638 2642 695 pro
2663 628 2768 683 illis
2794 629 3034 690 Christus
3051 646 3292 695 mortuus
3313 650 3414 707 est,

1826 714 1947 779 quia
1999 714 2207 767 nuunisi
2256 728 2352 784 pro
2417 719 2643 773 mortuis
2689 720 2779 775 ille
2845 734 3086 781 mortuus
3122 738 3225 798 est,
3281 732 3422 787 sicut

1823 800 2114 871 ‘Apostolus
2143 804 2338 861 clamat
2369 825 2384 863 :
2422 817 2581 880 atque
2609 811 2680 867 ita
2695 822 2717 879 ,‘
2735 820 2790 869 et
2811 820 2995 871 contra
3037 825 3088 873 te
3122 819 3293 890 ipsum
3325 839 3421 880 ve-

1826 895 1963 979 nies,
1986 906 2040 953 et
2057 903 2266 970 agratia
2287 901 2483 957 Christi
2502 905 2709 975 penitus
2728 908 2980 981 parvulos
3002 914 3296 982 separabis,
3322 910 3422 987 pro

1827 989 2022 1062 quibus
2035 991 2304 1048 ChriStum
2325 1006 2593 1052 mortuum
2608 1014 2713 1053 non
2732 1015 2853 1056 esse
2868 996 3108 1058 dicturus
3126 1020 3206 1061 es.
3220 1004 3423 1064 Conse-

1826 1080 2055 1153 quenter
2097 1086 2255 1139 etiam
2296 1087 2645 1157 baptizandos
2674 1091 2892 1161 negabis
2932 1093 2987 1148 in
3017 1092 3249 1152 Christo.
3296 1076 3457 1166 Qui--

1827 1191 2037 1246 cumque
2060 1177 2199 1232 enim
2224 1179 2466 1250 baptizali
2485 1198 2657 1236 sumus
2678 1184 2730 1237 in
2752 1182 2971 1252 Christo,
2993 1187 3148 1243 sicuti
3171 1188 3249 1245 ait
3277 1178 3421 1259 idem

1822 1268 2102 1336 apostolus
2126 1311 2142 1336 ,
2170 1268 2225 1324 in
2251 1281 2411 1327 morte
2437 1273 2459 1304 ¹
2485 1271 2647 1345 ipsius
2674 1274 2917 1346 baptizali
2941 1296 3115 1334 sumus
3145 1278 3321 1356 (Rom.
3344 1262 3423 1352 vi,

1828 1356 1926 1432 5):
1964 1359 2039 1415 illi
2065 1373 2246 1417 autem
2276 1362 2617 1433 baptizantur
2645 1366 2698 1422 in
2727 1368 2900 1425 morte
2936 1371 3159 1440 Christi,
3182 1389 3280 1445 pro
3303 1360 3424 1447 qui-

1826 1451 1929 1508 bus
1960 1463 2203 1509 mortuus
2229 1465 2311 1511 est
2354 1456 2618 1514 Christus.
2664 1459 2821 1518 Nullo
2850 1463 3011 1520 modo
3037 1465 3196 1536 igitur
3221 1467 3290 1525 ab
3318 1454 3429 1526 ori-

1830 1548 1990 1620 ginali
2033 1557 2254 1622 peccato
2296 1551 2556 1609 alienabis
2597 1554 2872 1625 parvulos,
2916 1557 3019 1613 nisi
3053 1573 3149 1615 eos
3191 1560 3351 1617 simul
3393 1574 3428 1617 a

1829 1641 1999 1711 gratia
2042 1639 2381 1712 Baptismatis
2426 1642 2623 1701 Christi
2668 1645 2861 1705 feceris
2899 1650 3107 1708 alienos
3154 1652 3199 1708 ³.
3242 1653 3301 1709 1η
3356 1668 3424 1712 eo

1824 1738 1961 1788 Vero
1984 1734 2127 1805 quod
2158 1734 2251 1789 tibi
2280 1735 2513 1805 videtur,
2542 1737 2649 1793 duo
2673 1738 2774 1795 ista
2805 1740 2945 1796 inter
2967 1758 3027 1799 se
3056 1759 3178 1803 esse
3206 1756 3427 1805 contra-

1829 1828 1930 1898 ria,
1959 1838 2016 1885 ut
2037 1845 2226 1887 omnes
2254 1840 2380 1888 eant
2401 1832 2454 1888 in
2495 1833 2997 1893 condemnationem
3027 1855 3122 1910 per
3148 1840 3339 1909 Adam,
3371 1851 3430 1899 et

1831 1938 2019 1980 omnes
2036 1940 2222 1979 rursus
2243 1924 2296 1980 in
2312 1924 2750 1996 justiﬁeationem
2774 1945 2872 2000 per
2894 1932 3183 2002 Christum,
3205 1937 3428 1993 omnino

1829 2032 2000 2074 erras.
2043 2016 2232 2074 Nullus
2260 2018 2404 2075 enim
2443 2020 2720 2076 hominum
2750 2022 2851 2078 nisi
2880 2039 2976 2095 per
3001 2025 3167 2082 Adam
3201 2027 3431 2085 trahitur

1820 2109 1900 2197 ad
1929 2110 2350 2182 damnationem,
2381 2114 2449 2170 de
2478 2131 2579 2186 qua
2627 2131 2724 2187 per
2759 2117 3027 2175 lavacrum
3062 2124 3426 2192 regeneratio-

1832 2202 1917 2259 nis
1945 2203 2189 2261 homines
2216 2205 2548 2275 liberantur;
2585 2217 2641 2264 et
2675 2210 2853 2266 nullus
2892 2211 3168 2269 hominum
3194 2215 3294 2271 nisi
3330 2231 3430 2288 per

1832 2292 2101 2351 Christum
2131 2295 2200 2352 ab
2222 2294 2322 2353 hac
2350 2295 2696 2355 damnatione
2720 2299 2980 2357 liberatur
3007 2321 3022 2358 :
3052 2303 3172 2361 ideo
3193 2320 3259 2361 ex
3282 2316 3429 2363 utra-

1832 2399 1936 2456 que
1955 2395 2107 2458 parte
2134 2386 2263 2444 dicti
2284 2394 2412 2444 sunt
2429 2403 2652 2458 omnes;
2684 2392 2810 2463 quia
2835 2384 2994 2450 nemo
3026 2394 3095 2453 ad
3132 2396 3431 2455 damnatio-

1832 2493 1957 2534 nem
1977 2480 2339 2551 generationis
2367 2480 2472 2537 nisi
2509 2497 2607 2553 per
2631 2481 2816 2552 istum,
2851 2500 3009 2540 nemo
3046 2486 3115 2543 ad
3142 2489 3302 2544 vitam
3331 2506 3429 2547 re-

1830 2572 2199 2644 generationis
2228 2574 2333 2630 nisi
2367 2590 2463 2645 per
2485 2574 2657 2631 illum.
2686 2577 2764 2632 Ac
2790 2593 2889 2655 per
2916 2579 3017 2634 hoc
3033 2595 3138 2635 non
3159 2583 3431 2652 generali-

1835 2667 1919 2717 tas
1954 2662 2115 2719 unius
2134 2665 2300 2735 partis
2327 2665 2502 2721 locum
2549 2666 2781 2722 excludit
2809 2668 3063 2738 alterius;
3095 2673 3216 2743 quia
3249 2689 3321 2729 ex
3345 2674 3431 2735 his

1822 2752 1967 2826 ipsis
1988 2756 2078 2828 qui
2104 2756 2427 2828 generaliter
2449 2757 2748 2814 moriuntur
2770 2760 2821 2814 in
2843 2760 3035 2830 Adam,
3064 2779 3199 2835 quos
3221 2767 3335 2822 vult
3355 2766 3435 2821 vi-

1832 2850 2013 2907 vilicat
2030 2850 2297 2909 Christus.
2319 2852 2438 2910 Non
2464 2870 2593 2926 ergo
2617 2855 2709 2912 tibi
2735 2856 3059 2915 videbuntur
3086 2860 3228 2916 inter
3248 2874 3309 2917 se
3330 2860 3432 2917 ista

1821 2944 2122 3009 "contraria,
2155 2944 2203 3000 si
2222 2961 2329 3001 non
2350 2945 2425 3002 sis
2453 2947 2548 3001 tibi
2570 2946 2685 3017 ipse
2704 2949 3026 3006 contrarius.

1903 3033 2192 3092 CXXXVI.
2231 3035 2350 3093 JUL.
2406 3037 2607 3095 Verum
2658 3049 2719 3095 ut
2772 3039 2859 3097 hic
2912 3057 3124 3114 quoque
3177 3023 3435 3114 quantum

1821 3126 2140 3183 ’muniamur
2157 3128 2403 3184 advertas
2434 3147 2449 3186 :
2488 3146 2520 3186 a
2558 3132 2679 3187 loco
2717 3133 3034 3189 medicantis
3065 3136 3246 3193 locum
3276 3139 3433 3193 intel-

1833 3217 1938 3291 lige
1953 3221 2283 3279 vulnerantis
2303 3221 2344 3277 ⁸.
2370 3224 2425 3281 Si
2446 3225 2691 3282 Christus
2710 3228 2933 3283 salvavit
2948 3229 3249 3300 universos,
3259 3232 3433 3290 Adam

1824 3314 2047 3385 quoque
2075 3314 2338 3372 universis
2366 3318 2616 3374 nocuisse
2646 3320 2895 3391 ﬁngatur.

1906 3406 2043 3464 Anc.
2083 3407 2350 3481 Numquid
2390 3411 2511 3467 ideo
2536 3428 2642 3468 non
2672 3416 2956 3471 mittuntur
2979 3431 3170 3474 omnes
3196 3418 3249 3474 in
3274 3419 3431 3477 dam-

1835 3498 2108 3555 nationem
2134 3517 2228 3571 per
2258 3502 2446 3568 Adam,
2478 3506 2728 3574 quoniam
2752 3523 2889 3578 quos
2912 3509 3024 3564 vult
3053 3511 3120 3565 ab
3152 3509 3251 3566 hac
3276 3512 3434 3569 dam-

1834 3592 2050 3648 natione
2072 3592 2261 3649 liberat
2286 3595 2562 3651 Christus?
2588 3598 2686 3666 Qui
2709 3609 2983 3670 propterea
3003 3616 3189 3659 omnes
3204 3603 3436 3660 liberare

1835 3684 2010 3740 dictus
2035 3695 2119 3741 est
2142 3687 2302 3741 etiam
2331 3687 2464 3757 ipse,
2486 3690 2735 3760 quoniam
2767 3707 2870 3745 non
2898 3692 3090 3747 liberat
3109 3710 3434 3767 quemquam

1835 3781 1936 3836 nisi
1969 3781 2082 3851 ipse
2108 3797 2122 3835 :
2146 3780 2470 3838 sicutdictus
2489 3792 2573 3837 est
2593 3784 2894 3839 illuminare
2914 3800 3128 3843 omnem
3159 3787 3434 3845 hominem

1836 3870 2033 3943 (Joan.
2077 3887 2129 3939 ι,
2156 3870 2259 3946 9),
2302 3872 2423 3943 quia
2470 3889 2629 3931 nemo
2672 3891 2994 3946 quemquam
3049 3878 3342 3951 illuminat,
3386 3881 3436 3939 si

1835 3979 1942 4019 non
1976 3978 2109 4032 Ipse.

1908 4055 2213 4113 cxxxvn.
2254 4056 2374 4111 tu...
2415 4055 2471 4112 Si
2515 4053 2758 4117 Christus
2799 4059 3021 4115 mulavit
3056 4031 3234 4119 oracla
3281 4065 3438 4136 geni-

1820 4134 2060 4214 talium,
2093 4148 2263 4203 Adam
2309 4164 2370 4202 ea
2415 4151 2735 4218 pervertisse
2771 4150 3023 4207 credatur
3057 4171 3075 4210 :
3104 4154 3149 4210 si
3189 4134 3435 4214 Christus

1824 4241 2036 4314 'aliquid
2072 4244 2306 4299 correxit
2333 4242 2355 4275 ⁸
2382 4244 2434 4298 in
2478 4238 2722 4300 sensibus
2765 4246 2975 4312 carnis,
3017 4251 3311 4305 aestimetur
3340 4265 3436 4308 eos

1836 4336 1968 4393 Adae
1986 4338 2140 4406 culpa
2160 4337 2434 4408 turpasse“
2467 4356 2481 4392 :
2513 4338 2556 4391 si
2579 4324 2820 4394 Christus
2850 4339 2975 4396 fecit
3004 4342 3326 4399 medicinam
3355 4344 3437 4402 ire

1837 4445 1935 4504 per
1952 4446 2319 4503 pronagmem,
2341 4430 2548 4486 dicatur
2562 4430 2735 4487 Adam
2746 4446 2842 4504 per
2855 4434 3253 4504 generationem
3268 4443 3438 4494 trans-

1837 4522 2051 4578 misisse
2078 4521 2350 4577 delictum.

1909 4616 2048 4673 Auo.
2088 4613 2206 4671 Jam
2231 4615 2297 4669 ad
2335 4615 2434 4671 ista
2464 4586 2782 4685 reSponsum
2811 4624 2898 4674 est
2924 4632 2942 4671 :
2974 4615 3069 4677 sed
3093 4617 3219 4676 audi
3257 4617 3437 4678 brevi-

1822 4716 1925 4787 pter
1969 4709 2131 4765 etiam
2156 4723 2319 4763 nunc.
2350 4707 2404 4763 Si
2443 4707 2778 4767 Christianus
2820 4706 3116 4767 catholicus
3143 4725 3316 4787 esses,
3340 4728 3440 4787 ap.

1840 4815 1902 4873 pa
1911 4808 2053 4855 reret
2072 4800 2161 4854 tibi
2185 4809 2238 4855 et
2258 4799 2427 4853 Adam
2446 4799 2696 4854 delictum
2716 4800 3024 4871 generando
3046 4802 3435 4874 transmittens,

1840 4901 1896 4948 et
1933 4892 2174 4948 Christus
2204 4892 2570 4963 regenerando
2595 4892 2891 4951 dimittens.
2931 4894 3230 4953 Carnaliter
3257 4905 3436 4955 autem

1840 4995 2059 5060 generat
2101 4986 2301 5053 Adam,
2334 4985 2681 5056 spiritualiter
2714 4998 2993 5059 regenerat
3023 4990 3286 5047 Christus.
3316 4991 3436 5049 Noli

1842 5095 1969 5152 ergo
1998 5094 2240 5150 quaerere
2276 5079 2328 5133 in
2368 5089 2594 5149 utroque
2643 5081 2992 5152 propaginem
3019 5082 3240 5149 carnis;
3277 5098 3439 5154 quam

1843 5172 2189 5245 propaginem
2213 5186 2315 5225 non
2331 5172 2600 5240 pertinere
2620 5172 2685 5227 ad
2710 5174 3167 5243 regenerationem
3183 5174 3438 5246 spiritua-

1844 5264 1951 5321 lem
1975 5307 1991 5333 ,
2018 5265 2064 5320 si
2091 5280 2195 5319 non
2224 5263 2503 5319 contendis
2526 5305 2542 5331 ,
2574 5265 2823 5320 attendis.
2849 5262 3046 5343 Contra
3075 5265 3438 5321 inﬁrmitatem

1844 5375 1974 5417 vero
2003 5358 2180 5414 carnis
2221 5372 2364 5414 nunc
2402 5355 2603 5414 Christi
2653 5360 2818 5430 gratia
2864 5358 3429 5432 certameuinstituit,

1914 5452 1932 5522 ξ
1955 5451 2194 5522 iiocitem
2218 5447 2324 5522 loco
2344 5451 2395 5500 in
2418 5448 2562 5522 editis
2583 5453 2810 5502 omissum
2835 5457 2969 5512 erat,
2998 5461 3104 5500 nec.

1911 5514 1932 5544 ³
1955 5519 2037 5563 Its.
2058 5520 2204 5574 Port.,
2235 5514 2288 5563 in
2310 5518 2528 5563 mortem.
3114 5550 3137 5574 ,_
3296 5558 3299 5559 ν
3340 5520 3343 5523 λ

1834 5626 1845 5633 _
1915 5576 1937 5609 ³
1961 5582 2086 5635 Post,
2109 5570 2281 5637 feceris
2302 5574 2501 5634 alienos,
2525 5576 2797 5637 vigniertus
2817 5574 3053 5637 addebat,
3080 5570 3193 5637 Ideo
3218 5576 3441 5625 amara-

1849 5649 1950 5703 que
1971 5633 2262 5703 pqrte'_gticti
2283 5645 2392 5689 sunt
2411 5633 2729 5703 oneresI-quia
2749 5649 2886 5687 nemo
2920 5633 3277 5703 ardenmntione
3297 5640 3443 5703 getic-

1851 5696 2053 5750 ratio'nis
2082 5696 2283 5749 alienus.
2311 5707 2420 5750 [nec
2442 5713 2503 5749 eo
2525 5696 2639 5747 loco'
2664 5713 2759 5747 non
2793 5703 2989 5749 exstant
3028 5699 3080 5746 in
3111 5702 3220 5747 Mss.
3249 5696 3359 5748 Mair.
3385 5702 3443 5753 et

1853 5769 2001 5830 Port.,
2020 5762 2108 5811 sed
2130 5763 2469 5830 tauttuninl'ra,
2487 5763 2575 5830 ubi
2599 5762 2660 5830 ab
2680 5762 2785 5823 ipso
2802 5758 3044 5822 Vignierio
3065 5765 3377 5823 repetuntur.

1919 5825 1941 5856 δ
1960 5832 2025 5875 Ita
2045 5831 2152 5873 Mss.
2180 5831 2234 5872 At
2259 5824 2393 5880 editi,
2419 5822 2666 5872 vulnerati.

1919 5888 1941 5920 ⁸
1967 5896 2092 5944 Mss.,
2119 5893 2405 5935 correxerit.

1923 5949 1945 5981 ⁸
1968 5949 2106 6013 miti,
2133 5944 2366 6011 turbasse,
2388 5951 2634 6009 corrupte.
