3996 6478
522 375 662 434 "99

518 503 702 564 postea
730 492 845 564 ejus
875 491 1114 564 perficiet
1141 493 1422 548 sanitatem
1459 509 1473 546 :
1504 490 1656 562 cuius
1695 490 1938 546 sanitatis
1965 489 2108 543 futu-

519 599 595 638 ra:
620 591 776 652 atque
804 593 1074 653 perpetua:
1097 597 1234 638 nunc
1255 583 1443 653 pignus
1466 581 1719 652 Spiritum
1750 588 1989 635 sanetum
2015 578 2110 633 de-

512 675 598 729 ”dit
625 673 645 745 (
668 675 706 728 ll
730 673 847 728 Cor.
877 690 930 741 v,
959 672 1036 746 5),
1067 690 1164 746 per
1186 690 1343 744 quem
1369 672 1680 728 diffunditur
1699 673 1751 726 in
1773 670 1968 726 nostris
1988 685 2108 726 cor-

519 765 675 820 dibus
699 765 928 821 charitas
954 765 1130 836 (llam.
1158 781 1214 830 v,
1240 764 1322 837 5),
1348 772 1407 819 ut
1426 779 1525 820 nos
1552 762 1619 819 ad
1643 777 1868 834 agonem
1894 760 2105 818 interim

521 857 708 912 relicta
742 857 918 912 carnis
947 871 1052 912 non
1083 856 1262 912 vincat
1287 855 1586 911 infirmitas.

591 946 921 1002 CXXXVIII.
961 947 1078 1003 JUL.
1123 947 1216 1004 Sin
1259 955 1437 1002 autem
1485 947 1567 1002 bis
1607 946 1854 1002 omnibus
1897 945 1952 1000 in
1993 959 2060 1000 eo
2086 985 2101 1012 ,

521 1054 680 1109 quem
710 1041 1004 1110 suscipiunt
1030 1056 1060 1094 a
1088 1050 1297 1108 natura,
1322 1039 1508 1095 ordine
1533 1039 1987 1110 permanentibus,
2014 1039 2108 1095 ad-

520 1127 933 1199 hortationibus,
962 1133 1146 1202 signis,
1175 1133 1456 1202 exemplis,
1488 1132 1839 1203 promissione
1868 1133 1953 1188 vel
1983 1148 2103 1187 mu-

523 1238 714 1278 nerum
733 1267 748 1290 ,
784 1225 867 1279 vel
912 1239 1190 1294 pennarum
1211 1266 1226 1291 ,
1259 1224 1324 1279 ad
1355 1223 1511 1280 ﬁdem
1541 1225 1784 1278 voluntas
1812 1225 1926 1279 sine
1955 1223 2108 1279 indu-

521 1315 698 1370 ctione
726 1317 1061 1372 necessitatis
1087 1314 1338 1384 allieitur,
1371 1325 1426 1372 et
1449 1315 1563 1371 haec
1589 1332 1686 1388 per
1724 1315 1983 1382 instituta,
2011 1331 2108 1386 per

523 1408 801 1478 mysteria,
839 1425 934 1477 per
977 1408 1148 1474 dona;
1181 1425 1286 1464 non
1317 1425 1573 1480 oppressa
1597 1450 1612 1475 ,
1644 1409 1735 1465 sed
1761 1419 2064 1480 exspectata
2087 1450 2104 1476 ,

526 1498 622 1553 sed
655 1499 841 1566 libera,
875 1500 968 1556 sed
1003 1510 1286 1572 provocata
1316 1509 1563 1566 curatur;
1592 1509 1831 1571 apparet,
1856 1509 1907 1555 et
1935 1500 1980 1555 si
2002 1515 2108 1556 uno

520 1593 712 1663 spiritu
735 1603 875 1648 totus
899 1595 1128 1650 mundus
1148 1595 1232 1650 vel
1255 1595 1471 1664 rugiens
1492 1595 1574 1649 vel
1603 1593 1816 1648 rabicns
1835 1594 1850 1624 ¹
1876 1593 2109 1665 refrage-

521 1696 646 1751 tur,
703 1689 1025 1744 voluntatem
1083 1689 1537 1758 uniuscujusque,
1584 1703 1688 1742 non
1735 1685 2103 1758 nativitatem,

522 1779 740 1834 tinctam
767 1781 1060 1835 imitatione
1088 1779 1250 1834 fuisse
1279 1781 1503 1849 peccati.

593 1872 728 1928 Ave.
763 1875 1109 1943 Quacumque
1139 1881 1189 1926 te
1237 1881 1415 1926 vertas
1441 1911 1454 1936 ,
1501 1872 1568 1925 ab
1598 1871 1841 1941 originali
1881 1879 2108 1942 peccato

525 1978 633 2018 non
660 1963 922 2019 alienabis
952 1964 1207 2035 parvulos
1233 2005 1246 2031 ,
1275 1964 1376 2020 nisi
1405 1978 1498 2019 eos
1524 1965 1802 2034 negaveris
1825 1974 2062 2020 mortuos
2089 1983 2105 2021 :

520 2056 660 2126 quod
689 2057 731 2110 si
766 2057 975 2121 feceris,
1009 2066 1274 2112 mortuum
1307 2071 1401 2126 pro
1431 2057 1510 2112 eis
1535 2056 1800 2111 Christum
1827 2057 1983 2111 simul
2009 2073 2107 2110 nc-

519 2148 668 2217 gabis
694 2163 709 2202 :
733 2148 776 2201 si
806 2157 1005 2214 autem,
1031 2165 1097 2204 ne
1121 2147 1222 2204 hoc
1245 2164 1428 2220 neges,
1458 2159 1695 2204 mortuos
1721 2149 1964 2220 parvulos
1991 2163 2110 2204 con-

521 2241 722 2307 fiteris;
749 2241 984 2311 profecto
1013 2242 1066 2296 in
1095 2241 1262 2297 Adam
1288 2251 1528 2297 mortuos
1552 2256 1658 2296 non
1691 2241 1908 2313 negabis
1930 2245 1949 2273 '
1975 2259 1989 2298 :
2019 2250 2111 2297 aut

521 2332 566 2387 si
601 2349 705 2386 non
738 2331 829 2394 ibi,
860 2331 943 2386 dic
975 2333 1083 2386 ubi.

592 2424 878 2481 CXXXIX.
923 2425 1044 2480 Jun.
1077 2425 1330 2493 Quamvis
1369 2425 1527 2481 nimis
1554 2426 1786 2483 molliter
1812 2427 2011 2499 egerim
2039 2426 2060 2459 ³
2093 2445 2106 2482 :

528 2518 628 2572 etsi
659 2517 801 2570 enim
824 2515 1068 2571 Christus
1091 2532 1153 2571 ex
1179 2532 1243 2572 eo
1266 2531 1374 2586 quo
1399 2518 1545 2572 venit
1570 2526 1831 2589 tempore,
1852 2518 2111 2575 universis

522 2608 830 2665 hominibus
861 2607 1146 2664 doceretur
1184 2618 1240 2664 et
1283 2609 1383 2664 iter
1407 2609 1771 2666 interclusisse
1801 2612 2019 2679 mortis,
2052 2621 2110 2669 et

521 2701 688 2756 vitam
714 2700 946 2756 donasse
969 2709 1300 2772 perpetuam,
1324 2711 1382 2758 ut
1404 2719 1562 2758 nemo
1587 2719 1805 2774 prorsus
1829 2721 1892 2760 ex
1916 2721 1982 2762 eo
2003 2705 2109 2776 die,

523 2811 631 2868 quo
657 2794 898 2851 Verbum
928 2809 1055 2850 caro
1100 2794 1294 2852 factum
1323 2805 1426 2862 est,
1459 2805 1548 2852 aut
1576 2797 1629 2852 in
1659 2807 1933 2868 peccatum
1961 2799 2111 2856 labe-

522 2897 692 2956 retur,
721 2897 810 2943 ant
840 2904 938 2958 pro
984 2897 1204 2958 peccato
1233 2904 1444 2959 poenam
1476 2891 1716 2956 timeret;
1743 2907 1848 2946 non
1876 2900 2050 2948 tamen
2080 2909 2113 2949 a

522 2979 830 3036 conditione
843 2977 864 3011 ‘
881 2980 1065 3051 primae
1086 2980 1396 3051 iniquitatis,
1413 2997 1532 3052 qua:
1553 2982 1886 3038 liberalitatis
1901 2984 2116 3040 docere-

525 3079 613 3126 tur
657 3079 912 3126 extrema:
945 3089 958 3125 :
991 3071 1241 3143 quoniam
1281 3073 1564 3129 subvenire
1607 3090 1714 3130 non
1744 3076 2071 3132 merentibus
2093 3116 2111 3145 ,

523 3173 699 3235 potest
717 3172 772 3219 et
795 3165 931 3220 solet
947 3165 1107 3231 Deus,
1131 3181 1253 3221 cum
1275 3165 1429 3221 laude
1458 3165 1786 3234 clementiae;
1813 3169 2001 3240 punire
2019 3184 2116 3224 au-

523 3263 631 3312 tem
657 3271 760 3311 non
791 3265 1072 3328 peccantes
1101 3273 1206 3312 non
1227 3266 1422 3329 potest,
1442 3258 1557 3313 sine
1581 3260 2110 3330 eversionejustitiaz.

595 3349 733 3406 AUG.
777 3349 910 3416 Quia
953 3363 1082 3420 ergo
1110 3348 1256 3421 gravi
1282 3350 1412 3421 jugo
1455 3366 1487 3405 a
1516 3350 1603 3406 die
1631 3351 1804 3407 exitus
1830 3351 1898 3408 de
1924 3362 2115 3410 ventre

525 3440 735 3503 matris,
763 3440 929 3510 puniti
957 3449 1082 3494 sunt
1111 3441 1315 3508 parvuli
1338 3458 1352 3507 ;
1379 3456 1610 3512 agnosce
1633 3441 1863 3512 judicem
1886 3443 2111 3514 justum,

527 3540 580 3586 et
606 3531 863 3587 conﬁtere
906 3532 1162 3602 originale
1188 3543 1484 3602 peccatum.
1519 3534 1712 3588 Puuirc
1737 3535 1878 3588 enim
1917 3536 2114 3590 nullius

527 3623 728 3692 peccati
756 3622 1002 3677 meritum
1029 3621 1307 3690 habentes,
1334 3623 1473 3678 sicut
1491 3623 1650 3678 etiam
1679 3623 1793 3694 ipse
1820 3624 2110 3694 conﬁteris,

529 3728 635 3769 non
667 3723 840 3783 potest
869 3714 985 3770 sine
1015 3715 1293 3771 eversione
1317 3715 1558 3785 justitire.

598 3805 755 3861 CXL.
785 3805 905 3862 Jun.
935 3806 1168 3862 Attende
1193 3807 1351 3878 igitur
1377 3808 1503 3879 quid
1535 3809 1820 3880 disputatio
1851 3818 1956 3866 tota
1987 3827 2116 3869 con-

523 3897 728 3952 fecerit.
755 3898 810 3953 Si
851 3899 1017 3968 gratia
1049 3897 1244 3954 Christi
1276 3908 1328 3956 et
1359 3901 1489 3956 Adae
1518 3903 1671 3972 culpa
1700 3902 1751 3957 in
1785 3904 2009 3959 diversns
2035 3905 2114 3960 ef-

525 3987 750 4044 fectibus
775 3991 1054 4058 mqualiter
1081 4003 1446 4060 censerentur,
1475 4003 1533 4048 ut
1558 3995 1640 4050 vel
1673 4011 1896 4052 numero
1925 4014 2115 4069 opera-

525 4079 728 4135 tionum
755 4097 912 4155 pares
942 4093 1143 4149 essent,
1173 4100 1293 4154 qua:
1337 4088 1706 4157 operationum
1737 4104 1934 4159 genere
1958 4091 2115 4148 dissi-

525 4169 759 4238 debant;
802 4173 1101 4230 docendum
1141 4184 1256 4231 erat
1281 4217 1297 4244 ,
1343 4179 1500 4232 tantis
1548 4179 1807 4248 profuisse
1850 4183 2111 4252 gratiam,

525 4265 739 4334 quantis
765 4266 919 4336 culpa
949 4267 1268 4323 nocuisset:
1312 4276 1370 4322 ut
1414 4270 1754 4338 appensionis
1798 4271 1965 4336 illius,
2011 4290 2114 4344 qua

534 4355 930 4412 trutinabautnr
951 4399 964 4422 ,
997 4358 1221 4429 aequitas
1247 4367 1301 4414 et
1326 4370 1593 4415 momenta
1624 4372 1948 4418 constarent.
1972 4363 2116 4421 Sub-

535 4450 719 4506 venire
763 4466 892 4521 ergo
916 4450 1103 4506 debuit
1146 4451 1306 4506 etiam
1353 4452 1457 4506 illis
1499 4455 1716 4509 omnino
1747 4455 1879 4511 locis
1907 4456 2115 4528 illisque

526 4545 764 4612 partibus
788 4545 1070 4610 medicina,
1095 4545 1285 4615 quibus
1311 4545 1580 4601 insederat
1604 4549 1896 4618 :egritudo;
1930 4550 1980 4604 id
2008 4561 2109 4619 est,

525 4632 569 4685 si
599 4633 796 4703 aliquid
825 4635 876 4689 in
908 4635 1141 4692 motibus
1170 4637 1476 4707 genitalium
1498 4679 1512 4702 ,
1542 4639 1595 4692 in
1625 4641 1869 4696 sensibus
1913 4657 2113 4698 coeun-

527 4725 680 4793 tium,
712 4727 764 4781 in
802 4727 1131 4786 obscenitate
1161 4731 1557 4798 membrorum,
1603 4731 1654 4788 in
1687 4732 1990 4791 infelicitate
2021 4752 2116 4791 na-

533 4819 832 4886 scentium,
874 4822 1154 4892 antiquum
1198 4826 1399 4880 crimen
1445 4825 1712 4894 effecerat,
1746 4830 2113 4888 immutatione

523 4911 712 4967 horum
735 4927 854 4984 qua:
887 4915 1115 4972 diximus
1139 4960 1154 4985 ,
1186 4919 1420 4975 remedia
1467 4923 1776 4976 contulisset
1824 4941 1835 4978 :
1878 4924 2112 4995 alioquin

526 5005 727 5077 grande
758 5007 1118 5063 testimonium
1165 5011 1445 5066 imbecilla:
1474 5013 1603 5067 artis
1622 5055 1637 5079 ,
1668 5014 1902 5084 nihilque
1932 5017 2113 5086 profu-

521 5109 654 5154 tura:
680 5140 696 5166 ,
737 5113 840 5155 nec
868 5101 1039 5155 locum
1070 5103 1399 5171 mgritudinis
1422 5105 1707 5172 invenisse,
1737 5114 1791 5160 et
1819 5107 2112 5178 languenti-

534 5189 634 5245 bus
663 5190 972 5262 eversisque
1000 5180 1350 5262 naturalibus,
1383 5195 1574 5251 inertia
1599 5197 1621 5229 ⁸
1659 5195 1888 5253 fomenta
1917 5201 2108 5256 volun-

519 5282 719 5336 tatibus
749 5281 1069 5338 admovisse.

595 5373 731 5428 Aue.
771 5372 890 5429 .Iam
921 5388 1236 5444 responsum
1277 5384 1378 5444 est,
1425 5392 1547 5433 cum
1590 5377 1656 5435 de
1695 5379 1944 5437 distantia
1970 5397 2108 5453 pra:-

583 5511 601 5578 ξ
626 5512 836 5578 signss.
857 5517 908 5563 At
933 5511 1069 5578 editi,
1095 5512 1306 5578 rapiens.

582 5574 605 5606 ι
635 5573 772 5644 edin,
795 5573 848 5644 at"
861 5581 1022 5644 autem
1037 5574 1125 5644 hoc
1141 5573 1236 5627 non
1257 5589 1415 5641 neges,
1443 5581 1490 5628 et
1505 5584 1714 5644 mortuos
1735 5580 1956 5644 parvulos
1990 5596 2104 5634 can-

518 5631 672 5697 ﬁteris
693 5648 707 5695 ;
730 5636 942 5702 profecto
960 5635 1191 5702 inuam
1215 5631 1424 5690 morinos
1443 5638 1656 5702 negabis.
1688 5631 2008 5696 Einendantur
2023 5631 2104 5698 'er

517 5697 950 5759 musa-imorum
973 5697 1085 5749 ﬁde.

583 5758 605 5789 ³
636 5756 776 5815 aditi,
795 5759 965 5818 egerit,
988 5761 1242 5811 mendose.

580 5819 604 5890 ξ
635 5819 994 5890 mutandus,“
1016 5822 1238 5874 conditio.

583 5879 604 5914 '
637 5886 767 5944 “$5.,
784 5879 971 5935 inertia

1203 372 1448 433 OPERIS
1485 371 1891 431 IMPERFECTI
1930 370 2202 430 CONTRA
2238 369 2598 440 JULIANUM,
2637 370 2695 428 S.
2736 372 3102 432 AUGUSTINI

3653 383 3676 439 l
3687 383 3800 443 200

2217 487 2384 544 sentis
2413 497 2466 542 et
2494 486 2652 541 futuri
2673 487 2850 542 smculi
2885 488 3045 544 locuti
3072 505 3256 568 sumus
3275 490 3490 563 (Supra,
3516 509 3669 565 capp.
3699 495 3800 564 95,

2214 578 2302 643 94,
2337 579 2482 650 l06).
2518 578 2614 633 llic
2638 577 2776 634 enim
2805 581 3094 658 accipimus
3125 599 3219 653 per
3249 585 3438 656 pignus
3465 587 3718 657 Spiritus,
3743 598 3801 645 et

2211 669 2452 726 certandi
2477 678 2530 724 ct
2558 669 2801 726 vincendi
2832 671 2977 727 vires
3002 689 3017 726 :
3041 672 3113 728 ibi
3140 683 3336 740 autem,
3361 676 3476 732 sine
3503 675 3656 733 hoste
3683 678 3800 734 ullo

2211 769 2433 816 externo
2474 769 2529 816 et
2569 761 2802 838 interno,
2850 759 3104 818 ineffabili
3151 762 3253 819 hac
3294 766 3616 836 sempiterna
3657 782 3799 839 pace

2211 854 2562 926 perfruamur.
2595 853 2844 926 Quisquis
2884 870 3011 926 ergo
3057 856 3236 912 omnia
3259 841 3386 929 quae
3424 858 3496 914 ibi
3542 859 3796 916 habenda

2211 953 2355 1012 sunt,
2389 945 2474 1001 hic
2511 945 2624 1000 vult
2661 945 2880 1012 habere,
2917 946 3071 1002 Iidem
3101 963 3162 1004 se
3196 948 3395 1005 indicat
3422 966 3530 1006 non
3569 951 3797 1009 habere.

2281 1035 2459 1091 CXLI.
2501 1035 2618 1092 Jun.
2658 1035 2902 1092 Ostendit
2921 1046 3096 1094 autem
3125 1039 3264 1095 inter
3288 1040 3403 1095 haec
3422 1042 3638 1108 veritas,
3669 1044 3800 1114 quia

2211 1129 2309 1185 etsi
2357 1129 2633 1199 prodesset
2671 1129 2836 1185 effusa
2876 1131 3199 1202 generaliter
3241 1132 3508 1189 medicina
3556 1136 3800 1193 metibus

2211 1231 2373 1292 atque
2391 1223 2406 1253 ί
2437 1221 2768 1287 mortalibus,
2803 1223 2910 1279 illis
2937 1239 3149 1295 quoque
3179 1226 3270 1297 qui
3295 1241 3412 1282 eam
3439 1227 3588 1284 nullo
3613 1229 3801 1286 studio

2209 1330 2312 1372 nec
2328 1316 2442 1371 ‘ulla
2469 1316 2765 1373 intentione
2794 1317 3143 1386 meruissent;
3175 1333 3282 1376 non
3324 1328 3500 1376 tamen
3534 1324 3800 1379 continuo

2210 1419 2426 1468 necaret
2463 1412 2619 1484 culpa
2660 1412 3019 1478 nascentibus,
3052 1413 3141 1484 qui
3171 1414 3300 1469 nihil
3341 1415 3408 1470 ad
3447 1431 3567 1472 eam
3609 1432 3804 1474 assen-

2209 1502 2377 1559 sionis
2401 1503 2686 1561 admovere
2715 1503 3030 1575 potuissent.
3058 1505 3137 1560 Ac
3166 1520 3262 1576 per
3288 1505 3410 1572 hoc,
3439 1505 3540 1562 etsi
3577 1507 3803 1578 mqualis

2209 1603 2354 1650 esset
2392 1595 2574 1665 gratiae
2601 1596 2912 1667 peccatique
2960 1596 3186 1661 taxatio;
3218 1597 3455 1654 clarebat
3483 1607 3682 1667 tamen,
3729 1615 3805 1656 ne

2212 1697 2322 1744 tum
2368 1690 2582 1762 quidem
2622 1691 2883 1762 ejusmodi
2929 1691 3312 1762 appensioncm
3354 1707 3420 1748 eo
3459 1708 3626 1764 usque
3667 1709 3808 1750 con-

2209 1790 2371 1849 stare,
2406 1792 2462 1838 ut
2482 1783 2758 1855 quisquam
2789 1784 2934 1840 nasci
2963 1784 3279 1856 probaretur
3305 1800 3448 1840 reus.

2283 1875 2420 1932 Anc.
2461 1875 2520 1931 In
2563 1876 2657 1932 illo
2701 1877 2846 1947 gravi
2891 1876 3040 1947 jugo,
3071 1891 3178 1945 quo
3219 1876 3379 1934 etiam
3425 1877 3629 1947 parvuli
3669 1894 3801 1948 pre-

2210 1977 2448 2036 muntur,
2477 1968 2745 2039 quomodo
2773 1976 2857 2026 est
2878 1969 3054 2040 justus
3084 1969 3250 2036 Deus,
3280 1969 3327 2025 si
3353 1969 3529 2026 nullus
3559 1971 3806 2028 nascitur

2210 2061 2370 2115 reus?

2206 2206 2210 2216 ,
2282 2149 2482 2206 CXLII.
2523 2149 2639 2206 Jun.
2679 2150 2832 2207 Nune
2857 2159 3057 2218 autem,
3097 2165 3218 2207 cum
3247 2151 3535 2222 Apostolus
3574 2167 3681 2223 non
3713 2167 3805 2208 so-

2213 2242 2323 2298 lum
2361 2258 2466 2298 non
2511 2243 2874 2314 postposuerit
2907 2244 3076 2313 culpa:
3115 2244 3362 2314 gratiam,
3404 2258 3590 2298 verum
3633 2245 3804 2300 etiam

2213 2334 2582 2406 praeposuerit,
2613 2334 2795 2389 dicens
2825 2333 2991 2389 multo
3022 2334 3074 2388 in
3104 2333 3281 2404 plures
3309 2332 3611 2389 abundasse
3635 2333 3807 2390 bene-

2213 2426 2354 2493 ﬁcia,
2383 2442 2541 2497 quam
2580 2425 2861 2498 irrepsisse
2894 2425 3205 2497 dispendia;
3233 2439 3330 2496 per
3367 2425 3668 2497 opinionem
3700 2441 3808 2480 au-

2215 2526 2321 2575 tem
2354 2518 2605 2584 traducis,
2638 2519 2806 2574 multo
2839 2519 3008 2589 magis
3035 2527 3244 2574 constet
3281 2517 3530 2573 nocuisse
3558 2527 3806 2588 peccata,

2214 2622 2374 2678 quam
2414 2607 2677 2678 profuisse
2713 2608 2936 2678 gratiam
2967 2625 2981 2662 :
3008 2606 3413 2662 irrefutabiliter
3448 2606 3807 2676 approbatum

2215 2710 2314 2765 est,
2346 2698 2646 2769 apostolum
2670 2697 2889 2754 Paulum
2915 2697 3046 2753 nihil
3080 2698 3314 2753 sensisse
3341 2696 3410 2753 de
3439 2697 3675 2764 traduce,
3706 2697 3809 2755 sed

2216 2789 2332 2860 ejus
2357 2789 2623 2845 sententia
2649 2788 3011 2844 Tradueianos
3037 2803 3160 2844 cum
3196 2786 3504 2844 Manichzeis
3528 2787 3810 2860 magistris

2215 2884 2326 2938 suis
2355 2883 2556 2954 pariter
2574 2881 2738 2938 fuisse
2765 2881 3086 2937 destructos.

2286 2975 2422 3032 Anc.
2461 2974 2577 3030 Non
2603 2972 2743 3029 dixit
2775 2973 3047 3044 apostolus
3073 2971 3291 3040 Paulus,
3329 2989 3350 3026 ‹
3380 2972 3550 3028 multo
3594 2972 3649 3028 in
3677 2971 3809 3044 plu-

2216 3069 2304 3122 res
2347 3065 2651 3122 abundasse
2701 3065 2990 3132 beneficia,
3043 3079 3202 3136 quam
3248 3064 3531 3136 irrepsisse
3579 3066 3809 3137 dispen-

2216 3158 2339 3213 dia:
2372 3177 2392 3212 ι
2437 3173 2544 3213 non
2587 3158 2690 3214 hoc
2726 3157 2892 3223 dixit;
2929 3171 3146 3234 prorsus
3177 3157 3394 3224 falleris,
3442 3158 3490 3213 si
3531 3157 3646 3229 ipse
3692 3173 3808 3215 non

2219 3249 2380 3306 fallis.
2412 3250 2577 3307 Multo
2616 3252 2786 3322 magis
2814 3253 2957 3318 enim
2991 3251 3296 3308 abundasse
3332 3252 3556 3324 gratiam
3586 3251 3722 3307 dixit
3747 3253 3808 3309 in

2219 3343 2436 3410 multos,
2478 3358 2586 3398 non
2614 3343 2669 3398 in
2698 3343 2867 3414 magis
2895 3343 3123 3410 multos;
3154 3342 3250 3398 sed
3282 3344 3450 3415 magis
3477 3343 3806 3402 abundasse.

2218 3435 2273 3493 In
2313 3437 2713 3508 comparatione
2739 3451 2971 3507 namque
3009 3436 3345 3507 pereuntium
3376 3435 3528 3506 pauci
3558 3445 3682 3492 sunt
3710 3437 3809 3508 qui

2219 3529 2524 3596 salvantur;
2567 3529 2684 3584 sine
2731 3528 3129 3598 comparatione
3168 3536 3346 3583 autem
3377 3529 3711 3598 pereuntium
3749 3538 3812 3585 et

2218 3622 2319 3692 ipsi
2343 3621 2494 3676 multi
2523 3631 2664 3676 sunt.
2699 3620 2805 3678 Sed
2840 3636 3005 3691 quare
3031 3622 3139 3676 sint
3175 3621 3252 3675 illi
3285 3621 3483 3692 plures,
3516 3636 3676 3692 quam
3703 3621 3807 3691 illi,

2218 3717 2504 3772 consilium
2534 3715 2629 3770 Dei
2655 3715 2793 3772 velle
2826 3730 2985 3771 nosse
3025 3716 3311 3770 multorum
3365 3724 3449 3772 est
3472 3734 3486 3772 :
3512 3731 3671 3772 nosse
3710 3733 3812 3772 au-

2220 3815 2326 3862 tem
2351 3807 2436 3863 vel
2463 3807 2904 3877 paucissimorum
2933 3804 3232 3875 hominum,
3264 3806 3352 3862 vel
3387 3809 3606 3864 omnino
3630 3791 3812 3864 nullo-

2218 3914 2361 3953 rum.
2405 3898 2594 3954 Posset
2645 3908 2822 3954 autem
2867 3897 3210 3969 omnipotens
3257 3913 3363 3954 non
3415 3915 3621 3967 creare,
3666 3917 3811 3972 quos

2216 3990 2454 4045 omnium
2486 4006 2667 4046 rerum
2693 3990 2948 4061 przescius
2990 3989 3159 4046 malos
3185 3991 3391 4047 futuros
3423 3991 3666 4062 ignorare
3694 4009 3808 4051 non

2217 4091 2419 4152 posset,
2451 4083 2552 4138 nisi
2578 4083 2653 4138 uti
2683 4073 2844 4138 etiam
2874 4080 3031 4137 malis
3059 4081 3314 4153 pluribus
3341 4082 3541 4152 optime
3569 4085 3810 4154 Optimus

2218 4183 2400 4244 posset
2428 4190 2442 4227 :
2475 4172 2614 4229 unde
2645 4189 2743 4229 nos
2770 4173 2968 4245 aliquid
2995 4173 3285 4244 Apostolus
3301 4173 3504 4240 docuit,
3535 4175 3585 4229 id
3614 4186 3718 4243 est,
3749 4184 3812 4232 ut

2218 4267 2351 4321 iram
2385 4282 2536 4322 suam
2566 4267 2966 4338 potentiamque
2995 4276 3319 4323 monstraret
3347 4268 3402 4324 in
3439 4267 3539 4335 eis,
3569 4283 3688 4340 quze
3723 4279 3814 4326 at-

2219 4359 2338 4414 tulit
2366 4359 2418 4414 in
2459 4359 2624 4414 multa
2652 4359 2905 4429 patientia
2948 4374 3069 4412 vasa
3098 4359 3210 4424 irae,
3253 4367 3308 4414 et
3336 4367 3393 4414 ut
3418 4367 3574 4415 notas
3604 4359 3814 4417 faceret

2217 4452 2428 4507 divitias
2469 4451 2653 4522 gloriae
2697 4466 2808 4506 sua:
2850 4451 2902 4504 in
2937 4465 3063 4506 vasa
3106 4450 3488 4506 misericordia:
3521 4449 3696 4523 (Rom.
3725 4469 3808 4522 ix,

2216 4545 2307 4611 2‘2,
2335 4543 2451 4618 23).
2491 4544 2595 4599 Sed
2633 4544 2819 4600 nolunt
2856 4543 3080 4600 credere
3105 4544 3392 4616 Pelagiani,
3421 4545 3564 4617 quod
3605 4546 3659 4601 in
3697 4563 3813 4604 uno

2219 4639 2434 4695 homine
2481 4647 2590 4694 tota
2631 4647 2714 4693 est
2743 4637 3163 4714 massa_vitiata,
3211 4647 3267 4694 et
3310 4647 3422 4695 tota
3451 4638 3744 4695 damnata:
3773 4657 3814 4699 a

2216 4748 2322 4803 quo
2348 4731 2478 4787 vitio
2516 4741 2568 4787 et
2604 4730 2946 4787 damnatione
2974 4731 3087 4786 sola
3117 4739 3270 4786 sanat
3297 4740 3351 4787 et
3393 4731 3582 4789 liberat
3610 4735 3811 4806 gratia.

2216 4825 2394 4891 Quare
2435 4825 2578 4881 enim
2611 4824 2791 4894 justus
2835 4823 2924 4878 vix
2961 4824 3141 4881 salvus
3183 4825 3286 4880 erit
3315 4823 3359 4896 (I
3387 4824 3644 4893 Petr.'1v,
3674 4827 3817 4899 l8)?
3878 4838 3888 4848 '

2215 4917 2480 4988 Numquid
2515 4917 2743 4973 liberare
2764 4916 2966 4988 justum
2998 4917 3148 4972 labor
3184 4927 3266 4972 est
3309 4918 3453 4973 Deo?
3478 4917 3632 4973 Absit
3661 4936 3675 4974 :
3707 4920 3816 4977 sed

2217 5019 2274 5064 ut
2312 5007 2644 5074 ostendatur,
2688 5009 2830 5076 quo’
2867 5007 3059 5062 merito
3099 5007 3262 5065 fuerit
3297 5008 3543 5065 damnata
3589 5019 3811 5081 natura,

2215 5117 2320 5156 non
2346 5101 2460 5155 vult
2501 5099 2655 5154 facile
2683 5099 2752 5156 de
2795 5107 2940 5156 tanto
2985 5100 3144 5168 malo,
3177 5115 3275 5156 nec
3313 5101 3428 5172 ipse
3452 5101 3815 5173 Omnipotens

2215 5195 2471 5260 liberare;
2503 5205 2719 5264 propter
2751 5193 2913 5265 quod,
2945 5205 3000 5250 et
3024 5204 3241 5266 peccata
3286 5195 3540 5264 proclivia
3570 5204 3719 5264 sunt,
3753 5205 3816 5253 et

2212 5285 2476 5340 laboriosa
2507 5285 2731 5356 justitia,
2765 5286 2863 5340 nisi
2901 5286 3202 5341 amantibus
3230 5304 3244 5341 :
3273 5286 3369 5342 sed
3396 5285 3649 5353 Charitas,
3681 5305 3815 5358 qua:

2213 5378 2311 5434 hos
2337 5387 2575 5434 amantes
2607 5377 2748 5441 facit,
2782 5393 2847 5434 ex
2875 5378 2984 5433 Deo
3011 5388 3094 5434 est
3121 5378 3166 5449 (I
3187 5377 3342 5432 Joan.
3369 5393 3442 5445 iv,
3470 5375 3550 5450 7).

2282 5471 2505 5527 CXLIII.
2545 5471 2661 5528 Jun.
2703 5470 2902 5528 Verum
2941 5470 3064 5542 quia
3108 5468 3195 5526 bic
3236 5469 3309 5525 fui
3341 5469 3570 5542 longior,
3611 5472 3814 5543 perga-

2211 5579 2330 5620 mus
2351 5563 2416 5618 ad
2444 5564 2664 5634 reliqua.

2282 5657 2415 5712 Aue.
2460 5656 2532 5710 Ita
2567 5655 2671 5712 hoc
2697 5656 2849 5724 dicis,
2877 5656 3027 5727 quasi
3060 5655 3183 5713 alibi
3209 5653 3428 5712 brevior
3451 5655 3526 5711 sis
3550 5652 3811 5722 futurus;

2275 5769 2290 5834 ξ
2325 5767 2462 5834 miti,
2487 5765 2688 5834 motibus
2709 5779 2860 5829 teque.
2878 5777 3056 5834 pmnes
3078 5776 3244 5822 tamen
3257 5777 3389 5834 Mss,
3410 5765 3613 5822 motibus
3633 5772 3813 5832 atque.

2209 5826 2475 5896 Paludanus
2497 5831 2738 5896 correxit,
2759 5826 2973 5880 amnibus
2994 5844 3148 5896 usque.

2273 5891 2293 5921 ³
2333 5891 2468 5952 Editi,
2491 5890 2640 5952 quod.
2668 5900 2792 5951 Mss,
2817 5905 2926 5952 quo.
