3950 6466
154 468 271 527 ιιθι

155 599 261 644 cum
296 574 673 651 loquacissime
716 566 947 641 inquiras
984 553 1433 651 quemadmodum
1470 550 1713 651 apostoli

156 646 582 736 manifestissimis
606 662 781 720 verbis
809 658 1028 716 nebulas
1053 656 1265 725 ingeras
1289 646 1557 706 vanitatis.

215 760 430 823 CXLIV.
470 760 595 816 Jun.
625 776 647 811 ι
676 754 874 813 Omnes
899 759 1082 806 autem
1108 746 1243 802 dixit
1281 743 1349 799 ad
1387 740 1714 798 condemna-

161 864 335 921 tionem
363 870 460 928 per
497 852 693 918 Adam,
725 858 778 906 et
812 860 999 904 omnes
1022 842 1091 899 ad
1127 837 1560 912 justiﬁeationem
1594 833 1719 890 vita:

160 972 242 1029 per
266 925 439 1009 Iesum
466 945 770 1011 Christum;
801 957 923 999 cum
951 939 1132 1010 utique
1157 950 1263 992 non
1290 946 1478 988 omnes
1507 943 1602 988 eos
1628 925 1720 999 qui

157 1024 435 1107 moriuntur
476 1041 533 1097 in
572 1038 765 1106 Adam,
806 1032 1093 1092 transferat
1129 1029 1371 1087 Christus
1405 1024 1474 1082 ad
1512 1025 1716 1079 vitam:

166 1140 243 1198 sed
265 1151 439 1193 omnes
463 1133 598 1189 dixit
622 1141 782 1204 atque
818 1143 1026 1194 omnes,
1067 1125 1188 1197 quia
1229 1122 1367 1179 sicut
1407 1122 1524 1175 sine
1550 1117 1721 1203 Adam

166 1231 313 1287 nullus
338 1225 401 1282 ad
438 1198 711 1288 mortem;
733 1222 803 1277 ita
832 1221 948 1275 sine
987 1215 1198 1274 Christo
1238 1212 1410 1269 nullus
1439 1210 1507 1267 ad
1533 1198 1718 1264 vitam.

166 1322 288 1378 Sicut
313 1317 529 1373 dicimus
570 1314 637 1369 de
667 1314 963 1368 litterarum
1006 1307 1283 1377 magistro,
1325 1303 1373 1357 si
1412 1301 1466 1357 in
1510 1299 1724 1355 civitate

169 1412 287 1468 solus
324 1416 421 1472 est,
464 1405 665 1461 Omnes
706 1403 807 1459 iste
834 1390 938 1455 hic
979 1399 1184 1453 litteras
1222 1394 1420 1450 docet:
1453 1406 1558 1447 non
1580 1389 1723 1460 .quia

169 1514 327 1558 omnes
363 1497 586 1563 discunt,
632 1494 729 1552 sed
765 1493 890 1564 quia
933 1506 1093 1546 nemo
1143 1486 1244 1544 nisi
1282 1487 1349 1543 ab
1390 1485 1529 1557 ipso.
1578 1481 1724 1550 Quos

170 1602 317 1649 autem
354 1603 537 1647 omnes
575 1587 805 1653 dixerat,
855 1583 1049 1640 multos
1090 1587 1277 1654 postea
1302 1578 1470 1643 dixit;
1509 1575 1724 1631 eosdem

171 1698 320 1743 tamen
352 1697 533 1740 omnes
573 1681 874 1751 multosque
920 1677 1244 1750 signiﬁcans.
1289 1674 1436 1730 Sicut
1476 1671 1608 1726 enim
1639 1686 1728 1740 per

172 1781 300 1835 unius
336 1776 715 1832 inobedientiam
755 1782 1038 1845 peccatores
1081 1769 1334 1826 constituti
1391 1774 1506 1821 sunt
1558 1762 1723 1831 multi,

104 1902 107 1907 λ
174 1876 236 1928 ita
268 1881 308 1928 et
339 1888 418 1941 per
455 1871 609 1925 unius
652 1868 985 1924 obedientiam
1010 1864 1141 1936 justi
1182 1861 1545 1917 constituentur
1582 1855 1729 1911 multi

172 1964 321 2035 (Rom.
348 1978 398 2031 v,
427 1962 542 2032 I9).
571 1959 761 2016 Adhuc
795 1965 998 2030 quaerat
1040 1969 1135 2025 per
1161 1951 1287 2024 quid
1330 1957 1603 2020 peccatum
1640 1947 1727 2002 in-

172 2052 379 2110 veniatur
415 2053 467 2108 in
497 2052 740 2124 parvulo.
784 2048 1131 2119 Respondent
1168 2045 1216 2101 ei
1248 2043 1452 2115 pagina:
1500 2048 1719 2106 sanctae,

175 2147 259 2203 Per
298 2164 444 2201 unum
490 2145 744 2201 hominem
787 2152 1046 2214 peccatum
1082 2140 1137 2193 in
1185 2136 1427 2192 mundum
1470 2132 1674 2187 intravit
1702 2148 1722 2184 ι

175 2242 256 2315 (De
288 2241 484 2312 Nuptiis
527 2250 574 2295 et
614 2235 1049 2309 Concupiscentia,
1093 2233 1180 2287 tib.
1224 2230 1281 2298 2,
1332 2246 1422 2284 nn.
1480 2226 1570 2293 46,
1612 2224 1727 2296 47).

173 2336 363 2391 Sanctus
402 2332 618 2404 quidem
676 2328 919 2401 Apostoli
960 2341 1080 2383 esse
1123 2323 1342 2395 paginas
1387 2319 1726 2386 conﬁtemur,

173 2443 258 2483 non
290 2427 354 2482 ob
395 2424 561 2491 aliud,
614 2422 719 2478 nisi
757 2422 879 2492 quia
927 2416 1144 2484 rationi,
1187 2411 1389 2484 pietati,
1440 2409 1562 2465 ﬁdei
1601 2423 1730 2463 con-

175 2526 407 2590 gruentes,
438 2514 689 2571 erudiunt
732 2527 829 2569 nos
863 2520 918 2566 et
947 2510 1115 2565 Deum
1150 2503 1375 2560 credere
1405 2498 1729 2556 inviolabilis

174 2611 420 2683 aequitatis,
447 2618 502 2666 et
526 2621 688 2681 Opera
723 2607 840 2677 ejus
864 2605 1003 2660 bona
1045 2602 1378 2668 honesteque
1415 2594 1725 2662 defendere,

175 2715 217 2762 et
245 2702 503 2776 praeceptis
527 2701 643 2772 ejus
678 2696 1127 2763 moderationem,
1160 2686 1554 2764 prudentiam‘,
1575 2684 1731 2755 justi-

175 2797 283 2852 tiam
304 2795 585 2851 vindicare.

178 2896 183 2899 ’
239 2890 357 2944 Anc.
392 2886 504 2957 Ipsa
536 2894 603 2953 te
641 2881 910 2939 convincit
959 2879 1014 2935 in
1057 2875 1296 2949 parvulis
1336 2872 1557 2945 aequitas
1594 2869 1729 2925 Dei:

186 2982 439 3053 quoniam'
473 2993 663 3051 magna
713 2984 797 3034 est
843 2974 1115 3046 iniquitas,
1166 2972 1211 3027 si
1247 2970 1373 3042 jugo
1416 2967 1562 3039 gravi
1609 2979 1734 3036 pre-

182 3084 370 3130 muntur
399 3082 448 3130 et
475 3072 683 3145 parvuli
717 3070 833 3128 sine
873 3068 982 3125 ullo
1028 3065 1221 3124 merito
1263 3063 1585 3133 vinculoqne
1610 3073 1737 3131 pec-

179 3168 283 3223 cati.

235 3258 418 3315 CXLV.
457 3258 578 3315 Jun.
619 3258 699 3314 Ac
734 3272 828 3331 per
861 3255 983 3322 hoc,
1031 3267 1229 3325 negare
1268 3262 1588 3322 quemquam
1635 3261 1736 3317 pro

178 3349 368 3405 alterius
408 3358 625 3421 peccato
654 3363 813 3420 posse
851 3345 1117 3414 damnari,
1164 3358 1363 3415 negare
1405 3342 1570 3397 ullum
1609 3354 1737 3411 pec-

177 3450 325 3497 catum
346 3441 407 3497 ad
435 3450 680 3513 posteros
703 3449 911 3495 natura:
935 3435 1245 3493 conditione
1275 3433 1541 3490 transire:
1575 3440 1737 3501 atque

180 3534 391 3602 credere,
417 3544 576 3606 atque
614 3548 878 3601 asserere,
912 3530 1181 3588 hominem
1211 3528 1279 3585 de
1302 3527 1540 3583 inetituta
1569 3541 1600 3581 ιι
1629 3524 1739 3580 Deo

179 3628 470 3686 fecunditate
503 3627 745 3701 genitum
777 3626 929 3683 liberi
969 3625 1171 3681 arbitrii
1196 3622 1355 3694 justis
1379 3621 1583 3693 legibus
1607 3633 1739 3675 con-

178 3720 375 3789 veniri',
422 3729 482 3775 ut
527 3720 659 3775 vitet
701 3732 861 3774 omne
906 3715 1051 3787 quod
1097 3713 1294 3770 malum
1340 3721 1443 3780 est,
1491 3717 1741 3767 exerceat

182 3824 315 3868 omne
337 3811 475 3882 quod
503 3811 706 3867 bonum
744 3818 845 3877 est,
885 3823 1006 3874 nec,
1047 3805 1339 3864 secundum
1368 3819 1481 3869 vos,
1513 3801 1743 3859 aestimet

182 3919 389 3961 amorem
429 3913 484 3962 et
530 3904 903 3961 necessitatem
948 3899 1231 3956 criminum
1276 3894 1588 3953 substantia:
1630 3907 1743 3949 sua:

180 4001 347 4067 causis,
387 3998 438 4055 id
478 4006 583 4066 est,
616 3998 745 4069 ipsis
782 3994 1076 4051 adhzesisse
1114 3989 1442 4055 seminibus;
1476 4001 1573 4043 nec
1600 3986 1741 4059 reci:

181 4089 272 4159 piat
296 4098 396 4146 tam
421 4090 664 4155 stultam,
696 4097 803 4143 tam
830 4086 1093 4150 insanam,
1125 4091 1233 4137 tam
1265 4080 1483 4151 impiam
1524 4086 1743 4133 senten-

184 4184 306 4249 tiam,
332 4185 378 4240 in
399 4182 777 4240 contumeliam
806 4178 1054 4236 videlicet
1083 4185 1307 4242 naturae,
1346 4171 1590 4238 rationis,
1626 4169 1738 4238 Dei,

184 4274 392 4345 Apostoli
422 4275 693 4331 volumine
733 4270 1019 4335 contineri,
1052 4269 1176 4341 quia
1209 4265 1407 4322 dixerit
1450 4279 1544 4335 per
1575 4276 1740 4317 unum

184 4367 423 4426 hominem
452 4377 731 4441 peceatum
760 4366 816 4421 in
842 4365 986 4420 hunc
1012 4361 1268 4418 mundum
1308 4360 1559 4423 intrasse,
1606 4363 1659 4411 et
1689 4354 1743 4410 in

182 4475 342 4517 omnes
362 4462 604 4517 homines
631 4460 886 4515 transisse
914 4463 1142 4512 mortem
1170 4453 1347 4524 (Rom.
1374 4466 1429 4516 v,
1464 4449 1590 4519 12);
1620 4462 1742 4503 cum

183 4551 268 4609 hoc
292 4555 373 4610 diu
398 4555 628 4626 caligare
659 4568 763 4608 non
807 4549 1009 4614 siverit,
1043 4547 1247 4603 addens
1273 4559 1366 4601 eos
1392 4558 1525 4614 quos
1557 4554 1745 4595 omnes

182 4644 382 4717 dixerat,
411 4646 608 4702 debere
636 4645 831 4700 multos
868 4640 1111 4712 intelligi,
1154 4638 1244 4710 qui
1284 4636 1602 4702 imitatione,
1634 4648 1739 4688 non

182 4740 497 4807 generatione
524 4743 861 4811 peccassent.
1744 4804 1749 4810 ⁵

241 4833 361 4890 Anc.
404 4832 560 4887 Potes
580 4831 782 4896 dicere,
811 4843 916 4883 non
944 4839 1133 4881 omnes
1154 4830 1338 4894 gentes
1359 4819 1547 4877 semini
1577 4816 1747 4873 Abra-

183 4920 253 4978 ha:
288 4924 442 4980 fuisse
470 4924 781 4994 promissas,
826 4920 914 4976 ubi
941 4919 1142 4974 dictum
1186 4924 1288 4982 est,
1323 4914 1391 4969 In
1438 4912 1626 4968 semine
1650 4916 1745 4980 ,tuo

182 5014 506 5072 benedicentur
533 5032 704 5071 omnes
734 5023 900 5087 gentes
929 5010 1082 5084 (Gen.
1114 5026 1247 5076 χχιι,
1296 5008 1424 5081 I8);
1457 5005 1580 5078 quia
1625 5018 1747 5059 eas-

181 5106 288 5162 dem
320 5108 446 5163 dixit
489 5117 544 5164 et
587 5107 802 5169 multas,
837 5105 924 5161 ubi
959 5104 1172 5175 legitur,
1220 5099 1430 5156 Patrem
1472 5099 1749 5153 multarum

181 5204 380 5270 gentium
418 5202 565 5274 posui
610 5209 658 5255 te
695 5197 807 5269 (Id.
840 5213 974 5265 xvn,
1023 5195 1121 5268 5)?
1148 5205 1319 5265 poles,
1364 5193 1599 5264 inquam,
1648 5189 1750 5244 hoc

180 5292 363 5362 dicere,
391 5304 444 5351 et
483 5295 537 5350 in
567 5308 632 5349 eo
659 5305 872 5364 quoque
898 5290 1018 5345 loco
1045 5287 1337 5357 Scriptura:
1376 5281 1748 5355 prienuntianti

182 5387 309 5455 quod
334 5388 487 5443 rebus
513 5386 644 5458 ipsis
667 5384 910 5441 videmus
936 5380 1145 5453 impleri
1177 5389 1267 5435 tuo
1292 5377 1596 5447 vaniloqnio
1621 5389 1752 5431 con-

183 5477 458 5542 tradicere;
492 5487 546 5533 et
568 5476 855 5549 prohibere
889 5488 988 5530 nos
1008 5470 1303 5541 intelligere
1329 5481 1517 5523 omnes
1539 5475 1747 5538 gentes,

183 5569 260 5624 ubi
285 5572 553 5638 promissa:
584 5577 727 5635 sunt,
773 5567 899 5638 quid
928 5565 1071 5622 aliud
1102 5579 1260 5636 quam
1305 5577 1492 5618 omnes
1526 5558 1753 5631 gentes?

183 5663 291 5733 quia
323 5678 412 5735 per
442 5674 585 5720 tuam
611 5662 963 5728 dialecticam,
1004 5675 1176 5717 omnes
1218 5672 1325 5715 non
1354 5670 1449 5728 pro
1479 5653 1750 5722 omnibus,

240 5843 259 5907 ξ
291 5840 405 5907 ﬁdi“
418 5877 432 5902 ν

238 5904 261 5967 '_
291 5906 365 5955 sic
518 5904 639 5967 editi
663 5915 799 5962 vero,
821 5914 985 5967 quam.

239 5965 264 6007 ⁸
293 5967 368 6026 sic
383 5973 491 6022 nas.
515 5965 656 6034 miti.
677 5963 924 6024 comitia

1466 431 1668 489 LIBER
1703 428 2079 489 SECUNDUS.

1804 548 1918 607 sed
1953 565 2049 621 pro
2089 548 2269 606 multis
2297 564 2416 621 quae
2449 562 2635 606 omnes
2678 564 2786 606 non
2832 557 2975 619 sunt,
3006 549 3207 621 positas
3245 557 3408 619 atque

2688 402 2699 431 ι

3274 429 3416 490 1202

1823 643 2195 716 intelligendas
2236 642 2417 700 doces.
2466 641 2525 699 Si
2566 650 2745 699 autem
2784 650 3006 713 possunt
3044 643 3286 714 quidem,
3319 640 3413 697 ubi

1825 736 2075 793 dicuntur
2100 737 2275 805 multi,
2308 751 2414 793 non
2444 751 2632 793 omnes
2671 736 2924 806 intelligi;
2969 734 3064 790 sed
3091 745 3267 791 tamen
3314 733 3407 789 ubi

1825 829 2071 887 dicuntur
2090 845 2298 898 omnes,
2326 845 2560 903 vereque
2597 837 2723 886 sunt
2752 844 2960 894 omnes,
2990 837 3134 884 recte
3164 828 3409 884 dicuntur

1824 930 1877 980 et
1892 921 2077 987 multi;
2105 937 2172 977 ne
2196 921 2296 992 ipsi
2317 937 2524 987 omnes,
2555 922 2707 992 pauci
2735 919 3132 992 intelligantur;
3163 920 3304 973 sicut
3333 918 3410 975 illi

1826 1016 2018 1086 sancti,
2047 1031 2180 1088 quos
2204 1016 2339 1086 ignis
2364 1016 2559 1072 ardens
2578 1030 2738 1072 urere
2766 1022 2849 1071 est
2873 1013 3067 1069 vetitus
3094 1010 3192 1085 (a),
3225 1023 3415 1067 omnes

1827 1108 1967 1165 inter
2012 1108 2254 1163 innoxias
2293 1106 2535 1165 ﬂammas
2573 1106 2858 1162 laudabant
2900 1106 3091 1172 Deum,
3142 1113 3197 1159 et
3241 1112 3417 1159 tamen

1829 1197 1931 1270 ipsi
1960 1214 2147 1255 omnes
2178 1200 2329 1271 pauci
2355 1210 2528 1268 erant,
2559 1199 2810 1270 quoniam
2838 1205 2949 1253 tres
2975 1207 3127 1252 erant
3151 1194 3311 1268 (Dan.
3336 1210 3418 1260 nt.

1830 1291 2021 1363 49-51)
2064 1292 2230 1362 :quid
2282 1293 2443 1348 habet
2483 1291 2674 1346 virium
2722 1289 3108 1361 argumentatio
3160 1296 3270 1353 tua,
3318 1302 3421 1357 qua

1831 1392 2110 1455 propterea
2149 1399 2337 1440 omnes
2374 1400 2480 1439 non
2525 1384 2607 1438 vis
2645 1398 2831 1437 omnes
2879 1379 3122 1451 intelligi,
3169 1378 3421 1449 quoniam

1832 1477 1992 1533 iidem
2024 1478 2125 1548 ipsi
2164 1478 2293 1534 dicti
2326 1488 2449 1533 sunt
2489 1477 2681 1531 multi?
2710 1473 3150 1544 Quandoquidem
3181 1472 3268 1542 qui
3298 1485 3425 1527 vere

1832 1577 1957 1626 sunt
1992 1585 2200 1637 omnes,
2231 1570 2352 1626 ideo
2383 1583 2763 1639 nonnunquam
2794 1567 3044 1623 dicuntur
3082 1575 3135 1621 et
3161 1564 3332 1630 multi,
3365 1572 3425 1619 ut

1832 1662 2205 1717 discernantur
2234 1662 2299 1716 ab
2329 1662 2426 1727 eis,
2464 1661 2786 1731 quicumque
2828 1659 2903 1714 ita
2948 1666 3071 1713 sunt
3108 1670 3318 1724 omnes,
3366 1663 3428 1710 ut

1832 1754 1939 1809 sint
1990 1763 2163 1810 tamen
2212 1754 2385 1825 pauci.
2439 1752 2627 1824 Capilli
2671 1752 2867 1824 quippe
2914 1750 3143 1807 hominis
3201 1763 3418 1815 omnes,

1833 1845 1993 1901 etiam
2041 1845 2190 1901 multi
2228 1853 2385 1913 sunt;
2436 1845 2587 1918 digiti
2631 1860 2758 1901 vero
2799 1846 2959 1901 etiam
3002 1859 3213 1911 omnes,
3260 1841 3418 1914 pauci

1833 1944 1976 1991 sunt.

1904 2029 2130 2088 CXLVI.
2170 2029 2293 2087 .InL.
2330 2030 2523 2086 Totum
2554 2029 2784 2101 denique
2813 2027 2954 2099 quod
2981 2036 3181 2098 egerat,
3214 2025 3422 2082 enoda-

1834 2122 1910 2177 vit
1938 2122 2139 2190 dicens,
2174 2122 2320 2178 Sicut
2345 2122 2478 2177 enim
2504 2138 2592 2192 per
2615 2119 3004 2175 inobedientiam
3035 2119 3182 2172 unius
3204 2117 3429 2172 hominis

1835 2224 2119 2288 peccatores
2156 2215 2413 2269 constituti
2455 2224 2575 2269 sunt
2609 2213 2792 2277 multi;
2836 2213 2910 2265 ita
2936 2220 2980 2264 et
3006 2226 3096 2283 per
3132 2210 3281 2264 unius
3306 2210 3427 2263 obe-

1836 2306 2077 2360 dientiam
2116 2307 2241 2378 justi
2289 2306 2659 2360 constituentur
2702 2302 2847 2357 multi
2892 2300 3069 2376 (Rom.
3114 2314 3166 2366 ν,
3204 2299 3293 2371 19)
3324 2316 3350 2355 ε,
3369 2307 3428 2354 ιιι

1836 2397 1976 2453 sicut
2015 2412 2173 2452 nemo
2213 2395 2431 2466 praemia
2458 2395 2671 2451 virtutis
2702 2401 2956 2460 meretur,
2992 2392 3094 2447 nisi
3121 2391 3209 2462 qui
3241 2391 3307 2447 ad
3338 2406 3426 2459 ea,

1836 2498 1959 2561 post
2007 2490 2428 2545 incarnationem
2470 2498 2647 2544 tamen
2693 2484 2922 2552 Christi,
2970 2484 3265 2540 sanctitatis
3309 2482 3428 2550 ejus

1836 2580 2133 2637 imitatione
2178 2579 2548 2645 contenderit;
2607 2580 2678 2634 ita
2734 2578 2788 2633 in
2836 2577 3005 2632 Adam
3050 2575 3426 2646 prmvaricator

1838 2688 1998 2730 nemo
2017 2682 2279 2739 teneatur,
2302 2671 2400 2727 nisi
2424 2673 2512 2743 qui
2538 2670 2592 2726 in
2616 2669 3041 2741 transgressione
3068 2664 3199 2739 legis
3224 2664 3383 2737 primi
3402 2665 3422 2698 ι

1838 2765 2072 2822 hominis
2101 2764 2399 2819 imitatione
2428 2763 2733 2833 deliquerit.

1910 2856 2047 2913 Anc.
2089 2855 2201 2911 Hoc
2220 2864 2301 2910 est
2331 2854 2595 2910 occultum
2617 2862 2672 2909 et
2691 2850 3017 2908 horrendum
3039 2850 3185 2906 virus
3209 2848 3434 2904 hmresis

1839 2957 2054 3017 vestrm,
2104 2956 2164 3003 ut
2201 2946 2375 3003 velitis
2420 2945 2645 3017 gratiam
2683 2944 2878 3000 Christi
2927 2944 2980 2998 in
3023 2940 3270 3012 exemplo
3316 2945 3435 3012 ejus

1841 3056 1983 3107 esse,
2011 3056 2117 3095 non
2159 3040 2211 3094 in
2243 3038 2385 3095 dono
2412 3039 2548 3110 ejus,
2578 3037 2838 3102 dicentes,
2881 3037 3004 3109 quia
3036 3052 3134 3106 per
3171 3035 3289 3106 ejus
3314 3033 3437 3090 imi-

1843 3132 2097 3189 tationem
2130 3132 2263 3188 fiunt
2289 3132 2438 3203 justi,
2466 3147 2571 3188 non
2604 3147 2700 3202 per
2729 3128 3276 3187 subministrationem
3307 3128 3435 3199 Spi-

1843 3228 1978 3284 ritus
2014 3226 2203 3294 sancti,
2245 3235 2304 3283 ut
2332 3241 2453 3282 eum
2485 3225 2757 3282 imitentur
2785 3223 3035 3287 adducti;
3069 3237 3229 3293 quem
3260 3220 3432 3292 Spiri-

1846 3329 1956 3376 tum
1979 3334 2138 3391 super
2155 3319 2317 3374 suos’
2348 3318 2609 3374 ditissime
2636 3316 2858 3373 etTudit:
2887 3324 2941 3371 et
2970 3315 3121 3385 quasi
3151 3311 3437 3384 vigilanter

1844 3411 2058 3478 additis,
2099 3430 2119 3466 ι
2149 3418 2268 3481 post
2298 3410 2719 3465 incarnationem
2760 3416 2937 3463 tamen
2974 3406 3126 3475 ejus;
3160 3423 3179 3457 ι
3217 3411 3437 3475 propter

1845 3504 2092 3575 antiquos
2112 3502 2379 3571 videlicet,
2411 3515 2545 3573 quos
2572 3500 2690 3556 sine
2728 3500 2895 3572 gratia
2926 3498 3042 3568 ejus
3067 3495 3231 3551 fuisse
3256 3494 3437 3552 dicitis

1840 3600 2033 3672 justos,
2062 3613 2129 3655 eo
2156 3597 2295 3670 quod
2340 3612 2447 3653 non
2474 3594 2757 3651 habuerint
2789 3593 2907 3662 ejus
2926 3590 3252 3660 exemplum.
3296 3587 3435 3657 Quid

1846 3694 1891 3748 si
1924 3708 2051 3764 ergo
2083 3702 2140 3748 et
2166 3700 2286 3762 post
2306 3689 2723 3746 incarnationem
2744 3684 2967 3753 Christi,
2996 3683 3231 3749 nondum
3255 3682 3439 3740 audito

1847 3785 2158 3856 Evangelio,
2188 3783 2562 3855 proposuerint
2590 3781 2691 3836 sibi
2717 3779 2879 3851 aliqui
2909 3778 3156 3833 homines
3191 3776 3439 3846 superio-

1846 3892 1967 3933 rum
1997 3875 2239 3945 exempla
2264 3874 2552 3946 justorum,
2580 3872 2830 3944 justeque
2867 3869 3134 3925 vixerint?
3163 3867 3291 3940 quid
3318 3867 3437 3938 agi-

1847 3969 1963 4025 tis?
1988 3968 2077 4025 ubi
2115 3981 2215 4022 vos
2244 3965 2475 4023 videtis?
2518 3965 2667 4021 Itane
2703 3978 2833 4019 vero
2862 3962 2945 4017 isti
2977 3960 3189 4016 virtutis
3218 3946 3439 4030 pne-mia

1847 4072 1957 4117 non
1989 4060 2301 4116 merentur?
2339 4057 2395 4114 Si
2437 4073 2568 4128 ergo
2609 4071 2675 4112 ex
2709 4055 2977 4126 justorum
3007 4051 3304 4106 imitatione
3344 4048 3439 4120 ju-

1848 4152 2020 4217 stitia;
2062 4149 2305 4206 Christus
2344 4149 2510 4220 gratis
2553 4155 2797 4204 mortuus
2833 4154 2917 4202 est
2956 4141 3155 4215 (Colat.
3197 4158 3254 4208 ιι,
3293 4138 3434 4213 2t):

1848 4245 1971 4317 quia
2003 4243 2216 4300 fuerunt
2237 4243 2364 4314 justi
2406 4252 2458 4298 ct
2499 4249 2621 4297 ante
2654 4241 2847 4311 ipsum,
2895 4254 3029 4310 quos
3073 4236 3268 4293 imitari
3312 4226 3439 4306 pus?

1850 4345 1989 4403 sent,
2020 4334 2112 4407 qui
2137 4334 2266 4407 justi
2302 4348 2424 4390 esse
2453 4334 2763 4387 voluissent.
2808 4329 2944 4399 Quid
2976 4338 3059 4385 est
3100 4328 3262 4384 etiam
3299 4323 3441 4397 quod

1849 4428 2139 4499 Aposmlns
2167 4441 2272 4481 non
2316 4426 2411 4493 ait,
2445 4425 2745 4480 lmitatnres
2774 4430 2946 4478 estote
2971 4420 3189 4487 Christi,
3224 4417 3359 4473 sicut
3387 4428 3443 4474 et

1849 4536 1985 4593 ego;
2014 4518 2110 4578 sed
2136 4519 2232 4587 ait,
2263 4517 2549 4573 Imitatorcs
2588 4517 2686 4570 mei
2710 4524 2880 4577 estote,
2926 4514 3052 4568 sicut
3080 4522 3125 4566 et
3157 4529 3248 4585 ego
3292 4510 3443 4568 Chri-

1851 4612 1917 4667 sti
1943 4610 1985 4684 (I
2011 4609 2132 4667 Cor.
2167 4625 2246 4676 xl,
2280 4610 2368 4681 I)?
2408 4611 2546 4680 Ergo
2570 4623 2628 4663 se
2654 4607 2759 4662 illis
2786 4607 2950 4661 voluit
2988 4621 3108 4661 esse
3150 4620 3246 4676 pro
3283 4603 3444 4660 Chri-

1851 4703 1971 4759 sto?
2003 4702 2274 4759 Videtisne
2310 4716 2428 4771 qnm
2468 4700 2606 4755 mala
2651 4714 2745 4754 vos
2779 4706 3195 4775 consequantur,
3226 4697 3442 4769 quando

1852 4795 2023 4851 Adam
2059 4804 2113 4851 et
2153 4794 2422 4850 Christum
2465 4792 2719 4865 Apostolo
2753 4802 3103 4863 proponente,
3133 4808 3229 4848 vos
3276 4793 3445 4849 imita-

1854 4888 2051 4944 tionem
2094 4886 2399 4954 imitationi,
2433 4885 2575 4941 uon'
2616 4875 3074 4957 regenerationem
3111 4883 3446 4957 generationi

1853 4984 2012 5039 vultis
2040 4982 2347 5054 opponere?

1926 5075 2173 5134 CXLVII.
2215 5075 2333 5131 λιιι..
2368 5074 2654 5131 Pcrvenire
2696 5082 2874 5130 autem
2920 5080 2977 5130 et
3019 5071 3087 5128 ad
3132 5071 3446 5128 innocentes

1854 5170 2076 5241 gratiam
2110 5167 2327 5237 Christi,
2368 5166 2434 5223 ad
2472 5182 2605 5237 quos
2646 5165 2775 5223 Adin
2815 5165 2969 5236 culpa
3012 5181 3119 5222 non
3162 5163 3443 5236 pervenit:

1856 5273 2076 5335 propter
2102 5261 2266 5333 quod,
2288 5260 2572 5333 vigilanter
2601 5260 2904 5325 inculcavit,
2941 5257 3108 5313 Multo
3134 5258 3297 5329 magis
3320 5271 3447 5335 graf

1858 5357 1930 5411 tia
1958 5356 2056 5411 Dei
2082 5366 2127 5411 et
2152 5354 2341 5410 donum
2373 5356 2524 5410 unius
2554 5354 2773 5410 hominis
2799 5351 2927 5407 Iesu
2965 5350 3153 5408 Christi
3190 5350 3241 5404 in
3273 5346 3450 5421 plures

1863 5448 2137 5503 abundavit
2166 5447 2341 5520 (Rom.
2372 5463 2427 5517 v,
2456 5447 2592 5518 I5):
2629 5456 2687 5502 ut
2727 5446 2816 5501 illa
2862 5444 3107 5516 superior
3149 5428 3453 5511 comquatio

1925 5585 1943 5618 ι
1978 5584 2095 5635 Editi
2117 5620 2131 5646 ,
2155 5581 2304 5649 quasi
2324 5579 2488 5649 primi.
2515 5581 2689 5649 Abest,
2731 5577 2898 5645 quasi,
2922 5590 2952 5628 a
2980 5573 3230 5649 usasclar.
3255 5581 3311 5646 et
3332 5580 3453 5649 lar.-

1923 5649 1945 5681 ¹
1978 5638 2245 5710 blenni-dus,
2270 5638 2378 5710 qua:
2393 5658 2538 5710 super
2556 5638 2779 5710 spiritum
2795 5638 2938 5704 super
2958 5638 3454 5710 ros._t‘_ignierius,_qm

1860 5723 2002 5822 mum
2022 5700 2245 5774 spiritum
2275 5700 2418 5773 super
2450 5700 2547 5758 'eos.
2582 5700 2895 5768 'Oorriguntnr
2940 5714 3004 5752 ex
3034 5700 3132 5751 ﬁde
3170 5704 3295 5749 t'ort.
3334 5700 3449 5749 Mar.

1882 5782 1890 5792 '
1941 5787 1980 5822 r.

1928 5807 2211 5884 reacticula
2243 5845 2434 5896 negans
2472 5832 2567 5882 hoc
2597 5829 2701 5882 loco
2738 5826 3011 5879 restituitur
3035 5833 3318 5880 auctoritate
3350 5841 3454 5882 ma-

1864 5899 2233 5958 nuscriptorum.

1929 5958 2001 6027 ια)
2025 5955 2181 6022 ιτα-ιθ,
2206 5955 2399 6012 veritus.
