3996 6488
440 491 585 586 ὀίυὲ
628 510 804 571 aetatis
831 523 951 582 quae
979 507 1185 591 ratione
1230 508 1400 574 utitur
1448 507 1499 562 in
1530 503 1814 591 contrariis
1853 498 2045 558 studiis

448 592 663 664 indicet
700 588 1086 667 imitationem;
1129 599 1245 655 hzec
1290 608 1469 655 autem
1512 598 1562 653 in
1588 590 1775 669 gratiae
1802 592 2051 685 largitate

466 697 730 770 praelatio,
781 702 1123 755 consecratos
1168 702 1222 749 et
1265 701 1549 765 provectos
1597 686 1854 760 approbet
1897 684 2054 741 inno-

465 800 666 869 centes;
699 790 828 857 Qua:
852 800 972 845 cum
1004 789 1074 842 ita
1107 786 1233 852 sint,
1269 785 1383 853 tibi,
1419 799 1525 839 non
1555 782 1705 847 mihi,
1738 777 2052 852 Apostolum

466 883 683 941 obviare
728 883 883 948 senti,
918 890 1103 937 contra
1146 890 1195 936 te
1226 897 1345 934 eum
1374 895 1522 933 arma
1549 876 1690 933 ferre
1720 872 2051 963 cognoscito],

469 977 558 1048 qui
586 974 778 1047 dogma
803 984 971 1037 tuum,
998 973 1449 1043 praet-plurisque
1475 971 1551 1026 tui
1577 969 1780 1038 Fausti,
1809 982 1839 1021 a
1864 981 1970 1038 quo
1993 979 2055 1021 es

456 1056 615 1125 ovelut
653 1070 819 1140 prima
851 1085 1009 1123 nmnu
1040 1067 1255 1131 tim'tus,
1300 1065 1401 1121 hoc
1427 1080 1557 1128 uno,
1603 1063 1647 1118 si
1679 1070 1874 1117 cratera
1900 1059 2057 1116 dees-

470 1171 611 1227 sent,
645 1160 993 1216 vehementer
1034 1166 1318 1221 everteret,
1350 1157 1469 1228 quia
1513 1154 1641 1210 dicit
1668 1170 1764 1226 per
1788 1153 1945 1208 unius
1976 1150 2059 1206 in-

450 1253 825 1308 ‘obedientiam
851 1252 1065 1319 multos,
1086 1266 1186 1303 non
1217 1264 1427 1315 ornnes,
1459 1255 1770 1320 peccatores
1796 1232 2059 1299 constitu-

470 1353 556 1398 tos
602 1344 796 1408 fuisse,
852 1351 903 1396 et
959 1358 1050 1412 per
1096 1341 1254 1396 unius
1309 1339 1670 1395 obedientiam
1722 1336 1897 1407 justos
1949 1349 2056 1388 non

470 1449 661 1490 omnes
688 1436 1006 1490 constitutos
1049 1433 1231 1499 fuisse,
1276 1432 1371 1487 sed
1414 1433 1629 1485 lllllilOS.
1667 1427 1738 1484 Ut
1764 1427 1905 1481 enim
1939 1422 2063 1479 dili-

469 1535 658 1597 genter
677 1541 835 1596 quam
867 1525 957 1579 tibi
984 1540 1161 1579 sermo
1192 1523 1279 1578 hic
1314 1530 1593 1595 repugnet,
1623 1520 1837 1577 lectoris
1862 1512 2059 1573 intelli-

472 1618 665 1687 gentia:
686 1626 1003 1687 suggeratur
1028 1634 1040 1669 :
1073 1614 1361 1685 Apostolus
1391 1611 1718 1684 pronuntiat,
1743 1625 1846 1665 non
1871 1623 2061 1666 omnes

450 1718 571 1777 ‘per
615 1706 784 1761 Adam
836 1716 1146 1777 peccatores
1187 1705 1506 1760 constitutos
1555 1703 1751 1768 fuisse;
1796 1710 1856 1756 tu
1902 1699 2058 1766 dicis,

464 1810 663 1855 omnes
700 1798 921 1854 omnino
967 1814 1062 1869 per
1106 1796 1274 1852 Adam
1323 1804 1541 1869 peccato
1589 1793 1816 1851 naturali
1866 1793 1932 1849 ad
1971 1791 2063 1864 jus

466 1886 670 1947 diaboli
715 1889 984 1961 pertinuere
1025 1907 1040 1944 :
1083 1890 1278 1960 ambigi
1324 1905 1430 1944 non
1472 1896 1670 1959 potest,
1723 1887 1863 1943 inter
1910 1895 1963 1943 te
2007 1891 2063 1943 et

471 1982 787 2056 Apostolum
816 1998 1061 2053 magnam
1091 1998 1211 2037 esse
1239 1996 1490 2052 pugnam.
1544 2036 1547 2037 ν
2034 1970 2045 1977 ί

464 2079 473 2085 “
544 2075 680 2131 Auc.
720 2072 919 2129 Omnes
942 2072 1092 2139 dicit,
1121 2074 1447 2144 eosdemque
1477 2072 1701 2138 multos;
1730 2086 1838 2126 non
1865 2068 2065 2139 multos

473 2166 700 2223 dicendo
729 2175 885 2237 negat
927 2167 1172 2232 omnes‘,
1218 2182 1287 2222 ne
1325 2164 1429 2220 sibi
1468 2165 1539 2221 sit
1581 2165 1697 2237 ipse
1738 2162 2060 2228 contrarius,

464 2259 613 2335 isicut
638 2270 810 2313 vestra
840 2268 931 2313 aut
954 2258 1085 2313 fallit
1108 2258 1442 2335 improbitas,
1470 2264 1561 2310 aut
1605 2256 1804 2311 fallitur
1830 2254 2063 2311 czecitas.

465 2334 607 2423 'Quia
647 2353 788 2408 enim
824 2362 1109 2422 utrumque
1147 2334 1284 2405 dixit
1323 2347 1626 2419 Apostolus,
1670 2356 1723 2403 et
1764 2362 1973 2415 omnes,
2013 2353 2070 2402 et

464 2444 705 2509 multos;
745 2444 954 2497 ostendi
997 2458 1096 2513 ego
1131 2456 1235 2497 non
1268 2441 1408 2496 inter
1440 2455 1499 2496 se
1538 2441 1645 2495 duo
1669 2440 1768 2495 ista
1794 2454 2064 2510 pugnare;

468 2536 600 2606 'quia
643 2535 744 2604 ipsi
784 2549 1000 2598 omnes,
1046 2532 1167 2591 ideo
1194 2532 1356 2589 etiam
1397 2532 1547 2589 multi
1587 2541 1711 2587 sunt
1751 2530 1901 2600 dicti,
1944 2530 2070 2602 quia

472 2614 667 2717 pmnes
691 2626 974 2697 aliquando
998 2625 1248 2681 dicuntur
1268 2635 1321 2681 et
1342 2626 1494 2697 pauci
1517 2642 1531 2679 :
1554 2633 1608 2680 tu
1634 2634 1813 2681 autem
1840 2621 2070 2680 dicendo

478 2712 586 2774 non
615 2732 825 2785 omnes,
867 2732 1003 2789 quos
1025 2732 1213 2773 omnes
1239 2715 1373 2773 dixit
1402 2715 1713 2788 Apostolus,
1753 2712 1937 2787 procul
1972 2712 2073 2770 du-

478 2809 571 2866 bio
595 2810 931 2865 convinceris
955 2810 1211 2881 Apostolo
1230 2824 1350 2865 esse
1375 2810 1694 2864 contrarius.

469 2884 491 2919 θ
546 2882 825 2957 CXLVIII.
865 2900 987 2957 Jun.
1027 2899 1160 2959 Nam
1199 2916 1322 2956 cum
1352 2907 1407 2955 tu
1444 2909 1500 2956 et
1522 2898 1847 2956 Manichteus
1872 2897 2070 2967 dicitis.

472 2980 681 3050 Dmnes
707 3000 832 3048 sunt
860 2992 1174 3048 naturaliter
1200 3003 1511 3064 peccatores
1537 3009 1551 3046 :
1576 2990 1864 3063 Apostolus
1892 3002 2073 3050 autem

469 3084 633 3154 'dicit,
676 3086 823 3143 Multi
869 3095 1014 3154 sunt,
1058 3102 1166 3142 non
1207 3100 1414 3151 omnes,
1444 3095 1784 3157 peccatores;
1835 3093 2077 3145 removet

474 3178 872 3235 “accusationem
900 3192 931 3233 a
978 3177 1271 3235 seminibus
1294 3194 1415 3251 qua:
1448 3187 1684 3235 armatur
1706 3179 1760 3235 in
1780 3194 1981 3247 mores,
2012 3188 2069 3247 et

476 3271 712 3330 destruit
752 3271 1009 3344 originale
1038 3281 1331 3343 peccatum.
1362 3271 1539 3346 thue
1573 3273 1677 3330 hoc
1718 3274 1892 3348 ipsum
1932 3258 2076 3348 quod

478 3352 707 3439 egimus,
738 3378 1020 3437 urgeamus
1051 3384 1064 3421 :
1090 3367 1391 3438 praescrihit
1416 3368 1723 3439 Apostolus,
1752 3368 1949 3439 multos
1974 3350 2075 3427 de;

478 3442 613 3516 bere
666 3441 888 3530 intelligi
934 3473 1030 3530 per
1088 3458 1221 3514 Adae
1272 3458 1689 3515 inobedientiam
1734 3468 2072 3532 peccatores;

480 3532 683 3623 inultos
727 3561 905 3606 autem
952 3566 1047 3621 per
1089 3551 1287 3607 Christi
1326 3552 1685 3609 obedientiam
1720 3554 1929 3627 justos;
1979 3571 2073 3615 eos

483 3630 669 3711 utique
695 3643 787 3715 qui
812 3643 938 3721 justi
967 3652 1110 3707 sunt,
1144 3645 1435 3701 ostendens
1464 3644 1533 3700 ab
1557 3645 1664 3705 illis
1684 3647 1774 3719 qui
1804 3648 2078 3706 criminosi

481 3724 634 3801 bunt,
661 3747 781 3791 esse
808 3734 1068 3792 discretos
1094 3753 1108 3791 :
1136 3745 1190 3791 tu
1230 3752 1332 3808 qua
1363 3738 1688 3809 impudentia
1717 3740 2079 3811 argumentari

482 3827 697 3895 iiiteris,
737 3836 798 3883 ut
820 3842 887 3883 ex
922 3826 1004 3884 his
1029 3829 1367 3886 sermonibus
1394 3830 1588 3903 probes
1615 3834 1861 3891 naturale
1887 3850 2078 3906 pecca-

486 3923 637 3980 tum?
676 3922 811 3979 Nam
857 3938 978 3979 cum
1026 3923 1160 3979 dicis
1203 3940 1397 3994 omnes
1439 3926 1586 3983 nasci
1625 3927 1942 3986 criminosas
1984 3945 2081 4002 per

486 4002 680 4082 idam,
709 4025 761 4073 et
787 4027 1007 4088 propter
1026 4015 1129 4074 hoc
1151 4016 1217 4074 ad
1245 4017 1515 4075 diabolum
1540 4025 1828 4092 pertinere,
1857 4023 1952 4081 sed
1975 4024 2079 4081 ali-

486 4102 623 4183 quos
653 4108 777 4165 inde
801 4125 897 4180 per
915 4107 1184 4166 Christum
1212 4124 1397 4183 postea
1420 4112 1668 4182 liberari;
1696 4131 1802 4173 non
1830 4118 1933 4174 hoc
1956 4134 2082 4175 sen-

488 4205 559 4259 tis
586 4201 727 4275 quod
755 4202 1061 4272 Apostolus,
1089 4203 1177 4275 qui
1210 4202 1357 4272 dicit,
1392 4222 1497 4261 non
1535 4222 1723 4264 omnes
1768 4224 1864 4283 per
1905 4210 2082 4281 Adam

492 4296 803 4381 peccatures
827 4295 1147 4351 constitutos
1172 4311 1312 4365 esse,
1344 4296 1439 4353 sed
1466 4298 1680 4356 multos.

497 4390 507 4465 ξ
561 4390 696 4447 Auc.
728 4387 987 4458 Quoniam
1015 4405 1121 4444 non
1136 4398 1217 4445 est
1239 4390 1587 4459 contrarium,
1610 4394 1748 4450 sicut
1770 4392 1878 4466 jam
1903 4403 2083 4454 osten-

488 4478 687 4546 dimus,
711 4492 769 4537 ut
789 4481 947 4538 iidem
972 4482 1080 4538 sint
1107 4483 1276 4552 multi,
1300 4484 1388 4555 qui
1412 4493 1540 4540 sunt
1559 4502 1776 4555 omnes;
1808 4489 1930 4547 ideo
1948 4507 2084 4561 quos

490 4562 707 4643 inultos,
737 4573 955 4631 eosdem
995 4591 1183 4632 omnes
1223 4576 1514 4646 Apostolus
1539 4578 1671 4634 dicit
1702 4597 1719 4635 :
1757 4590 1864 4638 n0n
1893 4598 2083 4642 omnes

489 4676 694 4745 autem,
728 4680 833 4721 non
866 4668 1172 4737 Apostolus,
1202 4668 1295 4726 sed
1327 4678 1380 4725 tu
1400 4669 1570 4738 dicis;
1596 4686 1659 4727 ac
1688 4688 1785 4744 per
1808 4674 1911 4739 hoc
1942 4678 2085 4745 Apo-

491 4744 996 4813 stolo‘contradicis.
1028 4758 1229 4817 Verum
1270 4770 1358 4818 est
1394 4772 1571 4820 autem
1613 4766 1755 4837 quod
1796 4744 2085 4838 Apostolus

492 4841 623 4931 dicit
653 4866 667 4904 :
701 4849 889 4904 falsum
932 4866 1057 4921 ergo
1098 4853 1239 4924 quod
1280 4862 1335 4909 tu
1380 4853 1536 4913 dicis.
1572 4856 1640 4912 Et
1667 4858 1807 4928 quod
1835 4862 2085 4931 superius

487 4924 696 5036 .dixisti,
734 4961 755 4997 ι
784 4938 1063 5013 vigilanter
1089 4944 1389 5003 inculcasse
1416 4924 1751 5019 Apostolum,
1781 4924 1950 5009 Mulio
1974 4971 2087 5009 ma-

492 5034 571 5125 gis
598 5035 765 5108 gratia
791 5034 890 5090 Dei
931 5045 990 5098 et,
1006 5036 1192 5095 donum
1231 5039 1382 5093 unius
1410 5041 1627 5096 hominis
1650 5041 1778 5098 Iesu
1807 5043 1995 5101 Christi
2032 5048 2087 5103 in

496 5128 669 5209 plures
693 5127 967 5183 abundavit
994 5148 1013 5183 ι
1051 5128 1273 5202 (Supra,
1296 5149 1411 5205 cap.
1438 5133 1595 5209 N7);
1628 5137 1812 5193 volens
1842 5139 2086 5212 intelligi,

495 5218 618 5299 ideo
654 5221 835 5295 plures
858 5220 1051 5291 dictos,
1079 5222 1201 5294 quia
1232 5227 1474 5296 pervenit
1501 5228 1668 5301 gratia
1707 5231 1827 5302 ejus
1862 5232 1928 5289 ad
1963 5249 2090 5303 par-

495 5306 670 5397 vulos,
701 5312 767 5370 ad
796 5329 932 5386 quos
966 5312 1193 5371 imitatio
1223 5317 1381 5389 primi
1422 5320 1651 5379 hominis
1677 5340 1784 5380 non
1820 5326 2086 5397 pertinet:

494 5388 591 5495 éut
612 5405 903 5464 mendosus
932 5408 1103 5465 codex
1134 5388 1237 5467 tibi
1256 5414 1510 5471 mentitus
1534 5426 1645 5495 est,
1674 5428 1764 5473 aut
1790 5388 1904 5489 ipse
1933 5436 2088 5477 men-

497 5497 639 5569 tiris,
660 5506 759 5557 aut
782 5501 851 5558 ab
878 5500 1059 5574 aliquo
1084 5501 1241 5574 falso,
1282 5507 1397 5564 sive
1427 5494 1663 5578 fallente,
1693 5519 1786 5566 aut
1819 5513 2090 5572 oblivione

498 5588 757 5664 deceptus
778 5607 863 5652 es.
890 5592 1008 5651 Non
1034 5592 1179 5653 enim
1207 5599 1283 5654 ait
1307 5600 1591 5671 Apostolus
1616 5600 1809 5674 plures,
1831 5605 1926 5661 sed
1952 5608 2089 5662 mul-

502 5674 601 5767 ius.
632 5681 877 5744 Graecum
918 5688 1135 5747 attende
1168 5689 1416 5747 codicem
1441 5734 1460 5760 ,
1492 5704 1548 5751 et
1590 5694 1833 5752 invenies
1870 5706 2087 5768 πολλοῦς,

506 5790 612 5831 non
633 5784 895 5862 πλιζστους.
922 5780 1064 5837 Dixit
1078 5796 1225 5855 ergo,
1256 5784 1423 5841 multo
1449 5788 1616 5862 magis
1644 5788 1945 5850 abundasse
1966 5792 2099 5864 gra-'

512 5867 555 5900 ’³
568 5884 591 5925 ι
620 5889 706 5944 ttic
724 5904 790 5944 ex
809 5900 916 5944 Mss.
934 5884 1252 5960 restituimus,
1271 5909 1449 5952 anates.

2022 5982 2033 6011 ἶ

1142 391 1389 449 OPERIS
1425 385 1841 447 iMPERF‘EC’l‘l
1874 380 2154 471 CONTi’iA
2185 333 2553 452 'JULIANUM,
2588 383 2648 443 S.
2685 383 3054 444 AUGUSTINI

2161 496 2286 554 tiam
2312 498 2367 561 in
2393 499 2611 585 multos,
2638 516 2744 558 non
2767 500 2820 557 iu
2847 501 3015 575 magis
3037 500 3253 585 multos.
3296 501 3399 579 hoc
3419 513 3526 574 est.
3544 462 3747 585 non-ip

2142 578 2359 675 'plures,
2404 588 2542 647 sicut
2584 580 2696 663 jam
2744 580 3074 683 ostendimus
3114 580 3137 649 εί
3174 578 3427 667 quoniam
3464 597 3515 655 si
3558 578 3745 683 plura,

2160 672 2401 751 dixisset,
2430 692 2649 755 propter
2675 685 2922 755 parvulos
2940 674 3074 757 quos
3104 695 3247 769 tenet
3276 688 3466 759 gratia,
3488 704 3614 757 cum
3637 672 3755 767 pri-

2160 772 2232 829 mi
2263 772 2493 830 hominis
2522 790 2626 832 non
2668 785 2847 834 teneat
2884 778 3136 846 imitatio;
3192 779 3381 836 falsum
3407 780 3652 867 dixisset,
3693 788 3754 865 et

2160 876 2303 923 esset
2328 868 2518 925 similis
2545 868 2717 926 vobis.
2748 869 2807 927 Si
2844 872 2985 928 enim
3013 886 3199 928 omnes
3229 871 3525 931 imitatores
3551 872 3755 937 Christi

2144 956 2281 1032 'post
2307 961 2421 1035 ejus
2448 961 2890 1031 incarnationem,
2918 965 3243 1037 regeneratis
3268 952 3498 1037 parvulis
3526 944 3749 1049 additis;

2148 1051 2505 1108 conferantur
2520 1070 2639 1110 cum
2665 1056 3052 1126 peccatoribus,
3084 1072 3218 1129 quos
3242 1072 3429 1114 omnes
3442 1058 3601 1114 vultis
3630 1073 3762 1130 pro-

2146 1146 2281 1219 ‘pter
2307 1146 2582 1202 arbitrium
2614 1148 2873 1207 libertatis
2910 1150 2976 1205 ad
3006 1150 3354 1207 imitationem
3386 1151 3542 1225 primi
3569 1150 3759 1208 homi-

2147 1236 2249 1294 'nis
2276 1239 2577 1311 pertinere,
2621 1240 2689 1297 ab
2725 1240 2841 1314 ipso
2868 1238 3038 1299 Adam
3064 1259 3233 1315 usque
3271 1242 3324 1298 in
3370 1243 3529 1300 linem
3572 1242 3761 1323 sa:ch

2164 1330 2435 1387 voluntate
2458 1336 2770 1403 peccantes;
2797 1335 2887 1407 qui
2911 1350 3096 1391 eorum
3127 1335 3295 1392 multo
3317 1336 3497 1407 plures
3515 1335 3623 1395 sint
3642 1335 3762 1393 evi-

2150 1419 2357 1487 denter
2377 1435 2620 1494 apparet,
2648 1434 2705 1481 ut
2732 1434 2788 1482 et
2810 1436 2990 1484 vestra
3016 1427 3247 1485 falsitate
3269 1428 3576 1487 vincamini.

2237 1488 2465 1571 CXLIX:
2506 1488 2627 1572 Jun.
2665 1514 2719 1575 Si
2742 1518 2883 1574 enim
2907 1520 3064 1591 quale
3085 1529 3160 1585 tu,
3184 1519 3289 1578 tale
3307 1520 3503 1594 aliquid
3528 1520 3618 1579 ille

2149 1605 2344 1683 sisset,
2376 1607 2559 1664 debuit
2587 1610 2770 1682 utique
2794 1611 2995 1677 dicere,
3025 1612 3128 1670 Per
3157 1612 3313 1671 unius
3342 1612 3762 1693 inobedientiam

2166 1708 2478 1769 peccatores
2492 1694 2767 1758 constituti
2796 1714 3141 1770 suntomnes,
3169 1703 3263 1785 sed
3290 1720 3385 1777 per
3403 1705 3767 1785 obedientiam

2166 1789 2364 1848 Christi
2390 1809 2455 1849 ex
2481 1792 2564 1849 his
2585 1794 2744 1866 aliqui
2766 1794 2833 1850 ad
2848 1795 3107 1867 justitiam
3130 1784 3483 1875 reverterunt.
3506 1784 3768 1875 ‘ltaenim

2168 1900 2388 1956 prorsus
2416 1888 2463 1941 ei
2492 1887 2813 1957 loquendum
2842 1887 3033 1958 fuerat,
3068 1887 3117 1945 si
3157 1887 3263 1947 hoc
3304 1872 3447 1962 quod
3489 1872 3545 1947 tu
3584 1872 3767 1963 lingis,

2156 1964 2425 2034 ~voluisset
2463 1978 2709 2052 intelligi.
2763 1980 3137 2039 Verumtamen
3188 1996 3308 2039 cum
3356 1979 3459 2039 hac
3500 1985 3769 2065 sententia

2165 2068 2297 2126 illud
2326 2071 2467 2129 aliud
2484 2072 2811 2144 nequivisset
2829 2090 3091 2141 asserere,
3121 2076 3288 2151 multo
3307 2068 3475 2151 magis
3499 2074 3772 2147 profuisse

2168 2160 2369 2218 Christi
2409 2163 2658 2234 gratiam,
2707 2181 2864 2237 quam
2907 2166 3036 2222 Adae
3081 2150 3309 2225 lmsisset
3350 2150 3621 2240 iniquitas.
3649 2165 3773 2225 Etsi

2164 2251 2299 2324 'ergo
2325 2254 2539 2323 penitus
2565 2254 2915 2325 nesciremus,
2944 2258 3031 2328 qui
3053 2273 3171 2314 mos
3191 2268 3353 2324 esset,
3382 2274 3489 2330 quo
3511 2258 3528 2291 ¹
3557 2242 3772 2335 parin.-

2166 2345 2532 2402 'obedientiam
2558 2346 2715 2404 unius
2746 2348 2978 2406 hominis
3000 2350 3152 2405 multi
3182 2360 3487 2422 peccatores
3513 2350 3775 2409 constitui

2172 2435 2477 2494 dicerentur
2507 2456 2521 2493 :
2555 2447 2732 2496 tamen
2764 2451 3006 2498 maneret
3040 2441 3095 2498 in
3126 2442 3455 2509 solido,,non
3494 2441 3595 2499 hoc
3636 2458 3772 2516 perv

2172 2529 2349 2588 tinere
2376 2531 2444 2587 ad
2469 2532 2727 2604 originale
2756 2544 3052 2605 peccatum,
3093 2534 3234 2607 quod
3264 2537 3551 2610 Apostolus
3592 2535 3773 2594 incul-

2172 2631 2408 2691 Caverat,
2429 2625 2629 2691 multis,
2663 2639 2769 2682 non
2792 2626 3040 2683 omnibus
3056 2627 3367 2684 convenire.

2247 2712 2385 2770 Ana.
2424 2712 2501 2770 De
2525 2714 2710 2770 multis
2735 2723 2791 2772 et
2826 2716 3111 2786 omnibus,
3158 2712 3270 2790 jam
3312 2733 3628 2793 responsum
3662 2728 3776 2779 est.

2174 2803 2287 2881 Hec
2309 2806 2388 2862 sic
2411 2806 2645 2864 locutum
2665 2807 2830 2867 fuisse
2854 2796 3189 2883 Apostolum,
3210 2813 3659 2893 quemadmodum
3681 2794 3777 2870 di-

2175 2899 2256 2956 cis
2277 2916 2399 2956 eum
2430 2900 2574 2973 loqui
2596 2902 2865 2969 debuisse,
2888 2905 2932 2960 si
2962 2904 3065 2963 hoc
3088 2905 3289 2963 diceret
3313 2907 3453 2978 quod
3496 2922 3595 2965 nos
3628 2906 3777 2981 dici:

2170 2980 2319 3061 inus,
2345 2991 2473 3064 quid
2498 2993 2691 3049 mirum
2719 2993 2836 3051 est?
2860 2995 3297 3070 Quandoquidem
3323 2997 3554 3067 etiamsi,
3577 2980 3783 3057 secuné

2169 3075 2307 3140 dum
2346 3098 2463 3151 vos,
2510 3085 2799 3155 Apostolus
2850 3103 2945 3157 per
2980 3089 3137 3143 unius
3166 3088 3419 3145 delictum
3460 3089 3531 3145 ita
3571 3072 3782 3167 multos

2179 3181 2492 3246 peccatores
2526 3176 2849 3232 constitutos
2868 3192 2997 3252 esse
3034 3177 3295 3249 dixisset,
3339 3189 3399 3243 ut
3426 3181 3590 3239 iidem
3616 3182 3781 3239 multi

2174 3268 2288 3323 non
2312 3276 2529 3337 possent
2548 3282 2735 3323 omnes
2762 3268 3004 3342 intelligi,
3028 3270 3123 3326 sed
3150 3270 3200 3326 hi
3229 3281 3429 3329 tantum
3451 3258 3540 3345 qui
3560 3288 3625 3330 ex
3643 3272 3781 3331 imi-

2175 3355 2383 3414 tatione
2419 3359 2578 3431 primi
2619 3358 2851 3416 hominis
2894 3363 3107 3435 propria
3148 3363 3422 3419 voluntate
3447 3373 3779 3437 peccarunt;

2180 3464 2290 3535 non
2315 3452 2449 3535 dixit
2473 3466 2573 3524 per
2590 3451 2947 3511 obedientiam
2972 3454 3165 3512 Christi
3195 3472 3262 3513 ex
3289 3456 3371 3514 his
3397 3457 3601 3530 aliquos
3613 3456 3784 3535 justi-

2178 3532 2388 3615 iicatds,
2423 3546 2567 3618 quod
2608 3554 2787 3604 tamen
2815 3563 2998 3605 verum
3042 3560 3143 3606 est.
3174 3549 3310 3619 Quid
3344 3558 3426 3608 est
3461 3566 3590 3624 ergo
3627 3532 3781 3635 quod

2178 3634 2337 3713 ilicis,
2370 3659 2390 3694 ι
2413 3639 2473 3697 Si
2501 3641 2604 3697 tale
2628 3640 2827 3714 aliquid
2857 3644 3013 3715 quale
3056 3659 3153 3700 nos
3185 3645 3440 3701 sensisset
3464 3634 3779 3719 Apostolus,

2182 3748 2306 3803 eum
2334 3734 2515 3792 dicere
2543 3735 2793 3792 debuisse
2811 3779 2825 3802 ,
2866 3734 2969 3793 Per
3004 3737 3164 3799 unius
3200 3738 3615 3815 inobedientiam
3640 3753 3781 3813 pec:

2182 3830 2395 3884 calores
2420 3826 2697 3884 constituti
2739 3837 2863 3884 sunt
2902 3844 3111 3899 omnes,
3147 3829 3244 3888 sed
3282 3846 3379 3905 per
3415 3830 3783 3909 obedientiam

2182 3915 2381 3977 Christi
2404 3935 2473 3978 ex
2496 3920 2582 3979 bis
2610 3920 2771 3995 aliqui
2799 3919 2866 3977 ad
2883 3919 3143 3993 justitiam
3171 3922 3542 3981 reverterunt?
3566 3941 3587 3977 ο
3611 3922 3785 4003 Quasi

2182 4025 2281 4068 vos
2308 4013 2533 4086 negetis,
2576 4028 2645 4069 ex
2686 4012 3183 4084 przevaricatorihus
3229 4013 3383 4085 legis,
3425 4013 3609 4085 quales
3650 4022 3783 4091 tan-3

2185 4094 2461 4161 tummodo
2482 4114 2792 4179 peccatores
2812 4104 2877 4160 ad
2902 4106 3299 4169 similitudinem
3325 4106 3786 4178 praevaricationis

2182 4194 2316 4253 Adae
2349 4197 2621 4269 pertinere
2656 4199 3000 4269 contenditis,
3033 4200 3241 4273 aliquos
3278 4216 3380 4274 per
3418 4199 3784 4283 obedientiam

2183 4286 2385 4346 Christi
2413 4289 2479 4346 ad
2502 4292 2762 4361 jusritiam
2792 4291 2955 4348 fuisse
2980 4308 3289 4349 conversos.
3333 4293 3619 4349 Possumus
3647 4307 3788 4364 ergo

2184 4388 2242 4439 et
2265 4396 2364 4437 nos
2391 4382 2541 4439 vobis
2568 4380 2749 4439 dicere
2782 4400 2796 4438 :
2830 4382 2887 4439 Si
2917 4383 3022 4439 tale
3048 4383 3242 4454 aliquid
3274 4381 3431 4456 quale
3456 4396 3551 4438 vos
3576 4383 3788 4442 sensis-

2185 4483 2269 4532 set
2297 4472 2604 4546 Apostolus,
2627 4472 2810 4531 debuit
2836 4476 3016 4546 utique
3041 4474 3241 4543 dicere,
3274 4474 3376 4530 Per
3406 4475 3563 4532 unius
3589 4475 3788 4534 inobe-

2186 4566 2439 4624 dientiam
2458 4576 2767 4638 peccatores
2788 4567 3065 4622 constituti
3081 4577 3205 4622 sunt
3231 4568 3385 4623 multi
3411 4568 3648 4640 quidem,
3668 4585 3788 4629 non

2186 4677 2393 4728 omnes,
2422 4658 2517 4729 sed
2541 4661 2703 4716 etiam
2724 4676 2789 4716 ex
2829 4660 2912 4716 his
2939 4678 3030 4732 per
3059 4661 3416 4719 obedientiam
3447 4660 3642 4719 Christi
3685 4665 3793 4720 ali-

2188 4755 2276 4829 qui
2298 4754 2363 4812 ad
2390 4753 2647 4826 justitiam
2669 4762 3023 4811 reverterunt.
3048 4754 3152 4809 Aut
3168 4755 3327 4810 etiam
3355 4755 3524 4810 multo
3547 4756 3791 4826 apertius

2189 4845 2260 4903 ita
2298 4848 2636 4919 loqueretur,
2686 4846 2727 4901 si
2758 4846 2956 4918 aliquid
2987 4846 3091 4902 tale
3128 4837 3417 4914 sensisset,
3450 4855 3511 4904 ut
3538 4848 3788 4909 diceret:

2190 4940 2335 4997 Multi
2363 4940 2576 5013 quidem
2605 4939 2911 4996 Judzeorum
2935 4956 3031 5012 per
3056 4941 3471 4998 inobedientiam
3499 4943 3655 4999 unius
3682 4942 3793 5002 ho-

2190 5034 2353 5091 minis
2398 5042 2707 5105 peceatores
2747 5042 2871 5088 sunt
2915 5035 3210 5103 constituti,
3252 5034 3344 5108 qui
3394 5036 3510 5108 lege
3541 5045 3789 5111 accepta,

2192 5124 2352 5182 simili
2404 5124 2841 5197 praevaricatione
2885 5135 3205 5199 peccarunt,
3248 5126 3342 5185 sed
3384 5128 3545 5184 etiam
3582 5143 3648 5185 ex
3698 5127 3792 5186 his

2191 5217 2401 5290 aliquos
2418 5217 2727 5289 justiﬁcavit
2752 5217 2949 5275 Christi
2970 5218 3291 5277 obedientia.
3317 5218 3470 5289 Quod
3489 5219 3534 5275 si
3563 5219 3653 5276 tibi
3675 5236 3789 5277 non

2193 5311 2578 5383 prmjudicavit,
2610 5328 2713 5368 non
2744 5313 2815 5368 ita
2855 5311 3143 5384 loquendo,
3174 5313 3312 5368 sicut
3340 5311 3450 5369 dixi
3487 5328 3611 5370 eum
3639 5312 3794 5386 loqui

2193 5392 2461 5469 debuisse,
2496 5403 2541 5461 si
2580 5403 2683 5461 hoc
2721 5405 2943 5462 sentiret
2984 5403 3127 5476 quod
3171 5414 3226 5461 tu
3258 5421 3272 5459 :
3301 5421 3401 5461 nec
3434 5405 3565 5463 mihi
3603 5398 3795 5477 utique

2195 5495 2545 5569 prmjudicare
2566 5496 2745 5565 debet,
2772 5496 2894 5570 quia
2927 5512 3035 5553 non
3064 5497 3136 5553 ita
3160 5496 3369 5569 locutus
3390 5505 3495 5568 est,
3514 5496 3792 5570 quomodo

2194 5603 2319 5644 eum
2348 5588 2483 5644 dicis
2520 5587 2659 5661 loqui
2690 5587 2941 5645 debuisse
2965 5631 2980 5657 ,
3026 5587 3070 5645 si
3112 5588 3215 5644 hoc
3236 5575 3465 5646 sentiret
3492 5588 3635 5662 quod
3660 5603 3795 5663 ego.

2193 5680 2329 5736 Cum
2351 5695 2478 5753 ergo
2504 5682 2795 5751 Apostolus
2822 5681 2893 5737 ita
2918 5682 2990 5736 sit
3014 5681 3253 5750 locutus,
3299 5682 3439 5738 sicut
3461 5680 3797 5753 loquendum

2194 5787 2317 5832 esse
2347 5772 2633 5830 arbitratus
2674 5783 2792 5842 est;
2838 5772 3126 5832 videndum
3165 5781 3252 5855 est
3291 5774 3414 5851 quis
3452 5774 3505 5834 ei
3540 5786 3794 5842 nostrum

2277 5906 2682 5976 Humum.
