3996 6504
156 424 285 507 ιεοξ

157 534 468 606 consentiat,
501 549 694 595 utrum
724 553 825 609 ego
846 539 935 610 qui
964 538 1083 593 dico
1107 551 1295 594 verum
1326 550 1449 594 esse
1471 535 1615 608 quod
1656 531 1759 601 ait,

159 634 257 692 Per
279 633 429 687 unius
457 630 713 687 delictum
736 632 792 687 in
818 647 989 688 omnes
1023 630 1247 685 homines
1272 629 1340 684 ad
1372 628 1756 683 condemnatio-

157 726 265 785 ltetn
283 745 309 796 ;
335 735 388 783 et
409 718 606 782 verum
633 742 755 784 esse
784 727 922 799 quod
949 726 1041 792 ait,
1068 723 1170 780 Per
1191 725 1339 780 unius
1363 723 1754 779 inobedientiam

156 829 444 895 peceatores
473 819 741 874 constituti
765 828 881 875 sunt
910 819 1058 873 multi
1082 816 1257 886 (Rom.
1279 832 1332 884 v,
1366 816 1453 884 18,
1485 816 1607 887 l9);
1632 830 1757 885 quo-

157 908 306 970 niam
346 929 455 968 non
495 924 760 984 repugnat
786 921 843 967 ut
876 913 963 983 qui
996 912 1146 967 multi
1188 919 1312 966 sunt
1343 924 1530 965 omnes
1552 910 1677 975 sint,
1705 915 1760 995 et

156 1000 238 1079 Qui
287 1021 483 1061 onmes
523 1012 653 1081 sunt
689 1004 841 1061 multi
877 1006 983 1061 sint
1006 1021 1019 1058 :
1046 1017 1110 1058 an
1134 994 1205 1058 tu
1245 1003 1336 1074 qui
1373 1001 1527 1066 dicis,
1562 999 1659 1057 Ubi
1687 994 1761 1055 ait

154 1096 383 1167 inultos,
408 1098 559 1154 multi
577 1108 732 1164 sunt;
766 1096 853 1152 ubi
873 1097 947 1152 ait
969 1109 1175 1163 omnes,
1206 1110 1310 1151 non
1330 1108 1516 1150 omnes
1544 1100 1686 1147 sunt.
1756 1096 1759 1103 ‘

215 1193 345 1250 CL.
383 1193 505 1249 Jun.
547 1191 815 1249 Patefacto
846 1192 1004 1264 igitur
1031 1191 1115 1246 vel
1159 1191 1419 1262 imperitia
1459 1189 1544 1244 vel
1583 1188 1759 1258 impu-

154 1283 348 1344 dentia
377 1298 489 1353 tua,
520 1300 640 1359 qua:
667 1294 760 1341 aut
788 1300 892 1340 non
921 1292 1070 1340 curat
1097 1291 1188 1338 aut
1220 1299 1323 1339 non
1363 1281 1503 1337 valet
1527 1280 1653 1352 quid
1678 1280 1763 1334 di-

154 1390 321 1440 catur
347 1396 637 1451 exponere,
667 1388 991 1448 ostensoque
1018 1376 1254 1432 veritatis
1289 1375 1473 1446 ipsius,
1509 1389 1666 1447 quam
1705 1388 1764 1429 se

157 1466 277 1529 esse
312 1471 563 1543 Christus
593 1471 888 1543 appellavit
918 1468 1097 1540 (Joan.
1129 1485 1236 1535 xw,
1269 1466 1351 1538 6),
1380 1468 1604 1532 lumine,
1631 1460 1764 1520 nihil

157 1563 214 1620 de
234 1542 488 1634 apostoli
509 1542 654 1618 Pauli
671 1563 1009 1617 sermonibus
1029 1560 1354 1628 llanichmze,
1379 1558 1431 1614 id
1451 1569 1531 1615 est
1548 1570 1760 1626 vestrm,

157 1657 454 1714 mirarere
475 1657 754 1712 dementia:
776 1675 791 1712 :
813 1671 955 1712 nunc
978 1657 1292 1725 expositioni
1316 1670 1532 1726 operam
1555 1654 1764 1722 demus,

159 1759 209 1805 It
235 1751 400 1804 sicut
430 1757 696 1805 ostensum
728 1758 811 1803 est
840 1747 1069 1819 qualiter
1097 1763 1202 1803 non
1237 1748 1421 1819 possit,
1463 1747 1534 1803 ita
1568 1747 1771 1804 clareat

160 1843 405 1916 qualiter
432 1852 487 1897 et
506 1841 694 1897 debeat
723 1840 919 1897 Paulus
945 1849 998 1896 et
1028 1841 1195 1912 possit
1220 1841 1463 1913 intelligi.

221 1936 386 1990 Avo.
439 1926 513 1987 lta
557 1933 821 1988 desereris
870 1934 1115 1999 veritate,
1159 1943 1213 1989 et
1253 1943 1439 1989 contra
1488 1933 1769 1990 manifesta

162 2023 422 2100 Apostoli
442 2027 599 2082 verba
628 2043 732 2081 non
764 2036 914 2097 potes
939 2026 1178 2082 invenire
1200 2026 1325 2098 quid
1355 2026 1521 2090 dicas,
1551 2036 1607 2082 ut
1628 2025 1770 2099 quod

167 2123 213 2176 in
243 2120 343 2176 eis
383 2120 760 2175 intellexerunt
794 2129 871 2175 tot
908 2121 1075 2179 sancti
1108 2121 1343 2190 clarique
1369 2119 1637 2188 doctores,
1681 2118 1772 2193 qui

168 2214 273 2268 hoc
304 2213 363 2267 in
394 2212 629 2269 Ecclesia
656 2202 915 2267 catholica
948 2211 1250 2268 didicerunt
1277 2221 1435 2279 atque
1474 2211 1775 2269 docuerunt

176 2306 325 2381 (non
352 2308 489 2362 enim
509 2321 697 2361 sanum
735 2319 950 2362 sensum
983 2306 1239 2362 habentes
1269 2307 1322 2361 in
1344 2315 1450 2361 tam
1475 2304 1774 2361 manifestis

177 2399 375 2472 yet-bis
396 2397 527 2454 aliud
567 2399 865 2471 intelligere
903 2399 1233 2472 potuerunt),
1266 2408 1320 2455 tu
1363 2398 1774 2455 Manichmorum

172 2466 300 2549 esse
337 2489 516 2560 dicas,
551 2490 691 2563 quod
736 2491 856 2546 illos
898 2507 1004 2547 non
1056 2490 1222 2548 fuisse
1263 2493 1471 2565 cogeris
1507 2492 1773 2560 conﬁteri,

171 2583 509 2656 quantolibet
531 2597 737 2640 veneno
763 2584 1056 2655 Pelagiana:
1084 2586 1249 2657 pestis
1272 2586 1525 2641 insanias.

184 2680 191 2687 ’
233 2672 384 2733 CLI.
430 2675 549 2732 IUL.
598 2675 852 2733 Soribens
898 2678 1076 2750 itaque
1120 2677 1188 2733 ad
1233 2678 1532 2746 Romanos,
1575 2692 1642 2734 eo
1664 2676 1776 2750 jam

173 2772 450 2839 tempore,
477 2782 580 2845 quo
604 2766 852 2825 Gentium
879 2780 1115 2839 cmperat
1143 2785 1263 2826 esse
1288 2770 1592 2842 permixtio,
1620 2779 1779 2842 atque

174 2860 295 2917 ideo
328 2870 443 2915 tam
481 2874 548 2917 ex
575 2859 772 2916 Iudaeis
800 2876 956 2932 quam
983 2877 1047 2917 ex
1075 2856 1334 2918 Gentibus
1372 2863 1780 2932 complebantur

174 2948 465 3021 Ecclesiae,
496 2953 753 3009 tmnultus
783 2940 961 3026 populi
991 2955 1267 3027 utriusque
1295 2956 1589 3026 componit,
1617 2954 1781 3011 incul-

173 3060 308 3103 cans
339 3046 591 3117 quoniam
622 3062 720 3102 nec
748 3056 934 3118 gentes
965 3048 1291 3120 impietatem
1322 3062 1495 3117 suam,
1525 3062 1628 3121 qna
1663 3063 1782 3103 mu-

175 3148 431 3197 taverant
472 3140 693 3211 gloriam
738 3141 835 3197 Dei
878 3140 930 3195 in
974 3126 1378 3197 similitudinem
1409 3140 1654 3213 imaginis
1680 3140 1781 3196 ho-

178 3234 365 3299 minis,
390 3243 445 3287 ct
473 3233 767 3309 volucrum,
799 3240 853 3288 et
880 3231 1304 3304 quadrupedum,
1336 3242 1392 3289 et
1426 3232 1777 3306 serpentium,

177 3324 315 3399 legis
347 3326 558 3398 possint
580 3325 915 3397 lgnoratione
939 3326 1164 3393 diluere,
1195 3343 1314 3399 quae
1342 3341 1438 3398 per
1469 3327 1575 3382 vim
1612 3326 1783 3383 ratio-4

179 3418 259 3473 nis
286 3416 569 3488 ingeniun,
605 3406 706 3473 etsi
748 3434 854 3474 non
889 3419 1045 3475 ritum
1071 3420 1497 3475 ceremoniarum
1527 3417 1781 3479 Iudaica-

179 3526 324 3581 rum,
374 3520 556 3568 tamen
610 3512 775 3568 Deum
834 3513 1255 3573 innotescentem
1304 3516 1592 3588 operibus,
1650 3510 1781 3591 sub?

181 3605 400 3661 stantia
428 3619 560 3660 vero
588 3602 949 3685 profunditate
984 3617 1247 3664 secretum
1270 3651 1285 3675 ,
1316 3610 1585 3680 potuerint
1603 3625 1671 3667 ex
1698 3602 1783 3669 bis

183 3694 253 3752 ab
283 3710 352 3753 eo
388 3710 512 3768 qua:
545 3707 670 3753 sunt
706 3696 843 3754 facta
864 3715 1212 3775 cognoscere.
1243 3700 1399 3774 Legis
1428 3711 1610 3761 autem
1654 3719 1784 3761 nor-

178 3806 361 3858 mam,
389 3800 643 3862 quantum
666 3791 733 3848 ad
762 3792 882 3871 vitae
922 3794 1237 3864 probitatem
1265 3796 1504 3868 reSpicit,
1534 3797 1784 3869 proprius

174 3883 487 3954 unicuique
512 3868 825 3957 suggerebat
850 3886 1100 3955 alla-ctus;
1132 3889 1378 3945 videlicet
1412 3900 1470 3953 ut
1512 3868 1643 3947 nihil
1679 3891 1785 3959 tale

175 3971 421 4031 inferret
445 3964 704 4046 proximo,
733 3978 891 4048 quale
917 3979 1121 4051 perpeti
1148 3979 1407 4036 noluisset
1438 3998 1452 4039 :
1485 3990 1642 4053 atque
1664 3982 1786 4042 ideo

180 4058 572 4139 prolanitatem
597 4068 845 4123 Gentium
885 4069 1008 4141 jure
1050 4071 1252 4144 Optimo
1293 4070 1441 4142 argui
1472 4087 1631 4144 posse
1657 4064 1816 4129 con?

179 4158 378 4229 M,
408 4158 513 4223 etsi
552 4174 657 4214 non
688 4176 780 4229 per
808 4160 998 4233 legem,
1030 4177 1128 4255 per
1156 4178 1273 4218 eam
1320 4172 1497 4217 tamen
1528 4162 1786 4235 justitiam

180 4240 317 4324 qua.
335 4250 577 4307 condidit
594 4252 792 4323 legero,
814 4261 867 4307 et
890 4269 991 4325 qua
1014 4240 1304 4325 j‘ndicante,
1331 4254 1383 4310 hi
1412 4254 1505 4326 qui
1528 4255 1645 4313 sine
1672 4257 1788 4330 lege

178 4344 577 4417 peccaverunt,
600 4345 716 4400 sine
746 4344 863 4417 lege
883 4356 936 4401 et
958 4347 1222 4416 peribunt.
1249 4344 1464 4403 Judaros
1477 4363 1624 4413 vero,
1651 4340 1790 4419 quo?

178 4440 309 4493 i'um
365 4438 537 4510 magis
576 4438 852 4505 intererat,
898 4438 1020 4510 quia
1074 4439 1128 4493 in
1182 4437 1493 4512 despectum
1540 4440 1791 4498 Gentium

177 4530 429 4588 maxime
455 4531 844 4597 tumescebant,
878 4532 1133 4589 honorem
1161 4532 1261 4588 sibi
1287 4533 1354 4589 de
1381 4534 1511 4606 legis
1541 4534 1792 4607 puriﬁca-

176 4623 431 4680 tionibus
461 4623 816 4689 vindieantes,
849 4640 910 4679 ac
950 4640 1045 4695 per
1068 4623 1171 4680 hoc
1194 4627 1520 4683 aestimantes
1562 4644 1667 4683 non
1691 4628 1792 4684 sibi

176 4715 254 4783 ita
284 4725 352 4771 ut
381 4714 645 4771 Gentibus
674 4713 942 4788 profuisse
972 4715 1167 4771 Christi
1193 4718 1416 4789 gratiam
1449 4728 1660 4790 peccata
1693 4717 1795 4775 do-

176 4817 441 4874 mantem,
471 4806 900 4879 quandoquidem
922 4807 1055 4881 legis
1075 4825 1137 4864 ea
1165 4809 1496 4865 institutione
1517 4812 1790 4877 vitassent,

174 4908 392 4974 magna
421 4901 841 4973 disputationum
870 4903 1065 4957 virtute
1091 4903 1394 4975 confringit,
1426 4903 1685 4975 allegans,
1716 4905 1795 4961 eis

174 5000 349 5053 tanto
367 4994 598 5065 amplius
615 5010 710 5065 per
726 4993 1109 5068 indulgentiam
1132 4993 1291 5051 fuisse
1305 4996 1577 5065 collatum,
1597 5007 1797 5069 quanto

170 5070 315 5167 post
350 5088 489 5160 legis
511 5086 929 5169 admonitionem
953 5089 1068 5145 sine
1096 5090 1198 5143 ulla
1225 5089 1555 5159 ignoratione
1584 5105 1800 5161 peccas-

168 5184 350 5246 ient;
382 5195 481 5250 per
506 5178 649 5251 quod
676 5180 937 5253 approbat
959 5196 1053 5236 eos
1082 5197 1203 5237 reos
1221 5180 1404 5249 fuisse,
1434 5191 1488 5236 et
1513 5181 1799 5239 vehemen-

176 5285 273 5331 ter
304 5273 553 5346 potuisse
578 5271 822 5330 damnari
863 5273 916 5331 in
945 5274 1063 5346 ejus
1092 5274 1311 5346 justitia:
1345 5275 1620 5343 examine,
1658 5276 1799 5348 apud

176 5387 364 5444 qutun
394 5371 485 5442 qui
514 5372 569 5426 in
603 5371 723 5446 lege
751 5385 1124 5445 peccaverunt,
1165 5391 1260 5457 per
1289 5375 1459 5449 legem
1484 5373 1803 5446 iudicabun-

174 5474 282 5522 ωι-
314 5483 331 5519 :
366 5462 491 5520 Non
513 5466 652 5523 estim
688 5465 947 5523 auditores
974 5466 1097 5540 legis
1129 5468 1255 5541 justi
1293 5476 1412 5524 sunt
1438 5467 1580 5540 apud
1607 5466 1798 5538 Deum,

172 5558 283 5616 sed
321 5556 546 5630 {actores
572 5556 701 5632 legis
725 5544 1145 5631 justiﬁeabuntur
1184 5558 1362 5633 (Rom.
1399 5575 1509 5628 t-n,
1544 5560 1657 5634 15).
1690 5561 1803 5618 [loc

164 5644 331 5731 hi"
360 5654 661 5724 νιοροείιο.
686 5667 787 5725 Per
816 5661 984 5711 totum
1016 5654 1209 5731 librum
1237 5655 1534 5728 disputans,
1554 5669 1680 5715 [tum
1706 5673 1802 5715 su-

163 5730 443 5824 perbiam
471 5745 720 5820 reprimit
741 5730 1207 5823 Judteormn,tum
1234 5751 1631 5807 excusationem
1655 5751 1805 5805 vani-

170 5840 328 5896 tatis
373 5835 640 5893 Gentibus
681 5836 882 5903 demit,
926 5846 982 5892 ut
1019 5838 1207 5894 doceat
1240 5842 1515 5912 arqualiter
1544 5846 1802 5899 ambobus

164 5932 419 6019 populis
441 5930 649 5992 ChriSti
672 5929 939 6004 profuisse
964 5932 1304 5990 medicinam.

1501 403 1706 464 LIBER
1740 398 2116 461 SECUNDUS.

3319 414 3457 501 eos

1939 528 2077 587 Atto.
2115 524 2266 588 Hanc
2297 531 2617 590 medicinam
2650 533 2884 606 parvulis
2915 549 3013 592 vos
3055 538 3289 611 negatis,
3317 556 3453 611 quos

1861 621 1949 682 lex
1986 625 2102 697 ipsa
2149 626 2455 683 circumcidi
2499 636 2684 684 octava
2728 628 2817 685 die
2855 628 3034 702 jussit,
3071 632 3185 703 ejus
3223 635 3449 703 gratiam

1861 719 2229 792 prreﬁgnrans,
2259 720 2413 793 cujus
2443 724 2887 780 resurrectionem
2918 723 3240 791 dominicus,
3268 729 3317 783 id
3346 741 3449 797 est,

1866 821 1985 882 post
2027 814 2309 884 septimum
2354 814 2576 870 Sabbati
2618 815 2733 873 dies
2777 827 2998 872 octavus
3038 820 3276 874 ostendit
3310 842 3322 875 :
3353 837 3453 879 nec

1863 901 2053 958 valetis
2081 918 2144 959 ac
2181 905 2339 959 vultis
2366 904 2679 973 attendere,
2713 908 2781 962 ita
2815 908 3090 979 parvulum
3137 914 3454 968 morientem

1864 996 1979 1051 sine
2000 995 2197 1052 Christi
2231 1000 2398 1068 gratia
2424 1002 2737 1071 periturum,
2770 1002 3217 1072 quemadmodum
3252 1004 3455 1061 dictum

1865 1097 1967 1157 est,
2001 1089 2353 1147 incircumcisi
2399 1082 2631 1149 animam
2672 1094 2874 1166 parvuli
2912 1095 3137 1154 interire
3167 1097 3234 1152 de
3263 1098 3459 1169 populo

1866 1194 1965 1236 suo
1990 1181 2143 1252 (Gen.
2172 1198 2305 1251 xvn,
2334 1182 2422 1251 l2,
2458 1186 2549 1259 li)
2580 1205 2593 1242 :
2623 1186 2775 1258 cujus
2802 1188 3050 1245 interitus
3074 1190 3316 1247 invenire
3346 1208 3462 1249 ine-

1866 1274 2025 1328 ritum
2058 1289 2160 1330 non
2188 1281 2412 1348 potestis
2441 1320 2456 1347 ,
2497 1280 2752 1349 quamdiu
2793 1299 2900 1340 non
2938 1286 3150 1341 trahere
3183 1296 3462 1357 peceatum

1869 1367 2088 1438 originis
2116 1369 2369 1439 parvulos
2396 1371 2592 1429 dicitis.

1941 1457 2092 1514 CLII.
2147 1459 2265 1516 lue.
2297 1462 2399 1529 Qui
2440 1472 2494 1519 et
2537 1467 2761 1523 crimina
2805 1468 3098 1527 voluntatis
3150 1470 3382 1543 ignovit,
3432 1488 3463 1528 a

1871 1550 2066 1622 quibus
2098 1552 2323 1609 liberum
2354 1555 2526 1612 fuerat
2564 1558 2873 1626 abstinere;
2914 1570 2969 1619 et
3011 1564 3091 1617 sui
3123 1560 3418 1621 imitatione
3444 1608 3461 1635 ,

1872 1647 1960 1721 qui
1986 1656 2100 1703 erat
2118 1650 2370 1706 virtutum
2402 1651 2569 1710 forma
2601 1664 2654 1710 et
2672 1670 2857 1711 norroa
2876 1699 2890 1724 ,
2913 1661 3207 1715 corrcctis‘
3238 1663 3465 1734 gloriam

1873 1738 2043 1794 beata:
2071 1742 2387 1799 mternitatis
2425 1743 2665 1802 indulsit.
2696 1748 2829 1802 Cum
2882 1766 3010 1822 ergo
3044 1761 3324 1825 utramque
3366 1771 3465 1811 na-

1873 1830 2072 1886 tionem
2100 1844 2201 1903 pro
2227 1834 2517 1893 voluminis
2545 1838 2626 1892 sui
2658 1846 2899 1909 tempore
2925 1850 2979 1896 et
2998 1842 3117 1912 jure
3137 1845 3418 1901 conveniat
3448 1864 3465 1909 ς

1875 1924 1929 1979 in
1964 1924 2047 1980 his
2072 1935 2248 1983 tamen
2275 1928 2407 1984 locis
2429 1972 2445 1998 ,
2474 1929 2542 1985 de
2562 1932 2755 2002 quibus
2769 1935 2992 2006 quaestio
3014 1945 3123 2005 est,
3147 1952 3268 1993 cum
3289 1937 3468 1995 Israe-

1875 2016 1981 2073 litis
2004 2019 2227 2075 omnino
2265 2036 2479 2077 manum
2507 2024 2774 2092 conserit,
2807 2027 2897 2098 qui
2945 2028 3210 2085 audebant
3235 2029 3302 2086 de
3327 2046 3469 2103 pra:-

1876 2110 2195 2181 putiatorum
2219 2113 2385 2184 stirpe
2410 2115 2713 2185 venientes,
2747 2134 2813 2175 eo
2860 2135 3031 2189 usque
3061 2119 3363 2193 despicere,
3409 2129 3473 2179 ut

1877 2201 2206 2260 afﬁrmarent
2233 2220 2360 2271 eos,
2428 2224 2528 2263 nec
2582 2208 2836 2283 suffragio
2865 2211 2988 2267 ﬁdei
3034 2211 3101 2268 ad
3140 2215 3469 2271 consortium

1828 2342 1831 2347 .
1878 2311 2033 2351 suum
2065 2298 2295 2355 transire
2320 2300 2556 2370 potuisse
2584 2320 2597 2355 :
2631 2315 2818 2360 contra
2849 2304 2991 2376 quod
3028 2307 3372 2377 supercilium
3394 2323 3477 2364 re-

1879 2387 2036 2459 plicat
2060 2388 2259 2446 Judacze
2284 2392 2461 2464 gentis
2497 2392 2717 2450 exordia
2737 2436 2753 2464 ,
2793 2405 2844 2451 et
2889 2396 2942 2452 in
2976 2398 2996 2429 ²
3023 2397 3136 2470 ipsa
3158 2396 3338 2456 radice
3365 2398 3474 2456 cir-

1880 2482 2259 2550 cumcisionis,
2312 2484 2549 2545 ostendit
2594 2502 2703 2542 non
2756 2487 2888 2543 tanti
2939 2503 3063 2546 esse
3108 2492 3471 2563 pra-patiam,

1880 2581 1940 2629 ut
1974 2583 2066 2630 aut
2112 2575 2340 2649 injustos
2376 2577 2494 2651 ejus
2531 2578 2780 2651 relictio,
2808 2590 2902 2637 aut
2944 2579 3122 2654 justos
3173 2582 3332 2641 faciat
3360 2570 3479 2657 ejus

1880 2664 2100 2722 ablatio.

1953 2760 2090 2815 Aue.
2132 2759 2358 2827 Quando
2402 2760 2504 2818 ista
2529 2761 2740 2821 dicebat
2763 2764 3088 2839 Apostolus,
3131 2783 3239 2825 non
3285 2768 3352 2826 de
3381 2769 3485 2849 cirf

1881 2854 2243 2922 eumcisione,
2286 2855 2374 2912 vel
2400 2859 2665 2930 prmpntio
2691 2877 2706 2927 ;
2741 2860 2837 2917 sed
2863 2860 2930 2917 de
2960 2864 3242 2935 przeceptis
3267 2863 3401 2939 legis
3427 2866 3482 2923 in

1882 2948 2077 3018 quibus
2105 2957 2189 3004 est
2225 2949 2384 3006 etiam
2408 2992 2424 3019 ,
2456 2949 2578 3010 Non
2598 2957 2923 3026 concupisces
2947 2955 3144 3030 (Exod.
3171 2972 3276 3027 xx,
3296 2958 3364 3015 ‘l'l
3384 2996 3403 3028 ,
3433 2966 3483 3037 et

1884 3035 2040 3096 Deut.
2089 3056 2158 3111 ν,
2186 3042 2281 3114 21)
2302 3085 2318 3113 ,
2349 3044 2539 3115 agebat
2573 3061 2589 3100 :
2627 3043 2769 3119 quod
2797 3055 2852 3103 et
2887 3047 3001 3119 ipse
3035 3035 3483 3109 commemoravit

1886 3128 2063 3223 (Rom.
2091 3149 2191 3201 vn,
2236 3131 2313 3209 7).
2343 3132 2483 3205 Quid
2511 3138 2983 3209 tergiversamini?
3008 3130 3226 3199 Priores
3253 3141 3478 3223 peritis,

1885 3217 2013 3277 dum
2043 3222 2324 3296 caliginem
2352 3224 2627 3284 oilunditis
2658 3229 2942 3302 imperitis.
3140 3226 3143 3229 ’

1956 3313 2135 3372 CLlll.
2156 3315 2278 3373 Jun.
2310 3317 2432 3374 Non
2469 3336 2588 3393 ergo
2614 3338 2705 3392 per
2733 3321 2892 3396 legem
2928 3325 3195 3396 promissio
3219 3324 3442 3383 Abrahae
3461 3368 3481 3398 ,

1887 3416 1940 3462 ut
1968 3409 2128 3465 horres
2164 3419 2292 3466 esset
2315 3412 2527 3480 mundi,
2557 3414 2645 3469 sed
2673 3431 2764 3488 per
2793 3406 3053 3489 justitiam
3078 3400 3219 3489 ﬁdei.
3249 3416 3313 3477 Si
3349 3420 3484 3475 enim

1886 3500 1973 3570 qui
1989 3510 2106 3555 sunt
2131 3518 2198 3557 ea:
2227 3501 2364 3575 legs,
2395 3503 2617 3562 heredes
2642 3516 2791 3574 sunt;
2820 3518 3059 3565 evacuata
3097 3520 3171 3567 est
3201 3510 3326 3582 ﬁdes
3344 3552 3362 3581 ,
3385 3511 3481 3567 de-

1886 3599 2077 3647 structa
2102 3603 2173 3647 est
2196 3595 2483 3666 promissio.
2514 3594 2623 3653 Lex
2645 3598 2777 3654 enim
2804 3599 2935 3655 iram
2961 3612 3199 3673 operatur
3225 3616 3247 3659 :
3275 3604 3359 3658 ubi
3384 3620 3484 3661 au-

1888 3693 1987 3769 tem
2012 3702 2113 3741 non
2142 3696 2216 3743 cst
2241 3687 2324 3743 lea:
2342 3731 2358 3758 ,
2388 3706 2481 3745 nec
2505 3693 2875 3764 praevaricatio.
2906 3692 3035 3750 Ideo
3060 3712 3124 3752 ea:
3147 3696 3249 3766 ﬁde
3272 3738 3289 3766 ,
3318 3707 3372 3757 ut
3398 3714 3484 3753 δε·
3546 3692 3551 3695 Α

1888 3783 2111 3837 cundum
2132 3784 2353 3856 gratiam
2390 3785 2541 3856 ﬁrma
2582 3788 2646 3843 sit
2692 3790 2960 3861 promissio
2983 3791 3121 3847 omni
3143 3792 3354 3869 semini;
3384 3808 3488 3848 non

1889 3874 1938 3933 ei
1961 3887 2155 3935 tantum
2183 3881 2320 3954 quod
2342 3898 2406 3938 ex
2425 3880 2533 3957 lege
2550 3894 2626 3940 est
2644 3927 2658 3952 ,
2690 3886 2779 3943 sed
2797 3888 2934 3961 quod
2961 3905 3026 3947 ea:
3039 3888 3143 3960 ﬁde
3155 3898 3228 3946 est
3242 3889 3486 3958 Abraha,

1889 3966 1979 4057 qui
2004 3980 2076 4025 est
2107 3982 2250 4044 pater
2268 3973 2495 4030 omnium
2516 3987 2747 4034 nostrum
2774 3977 2927 4051 (sicut
2952 3981 3201 4052 scriptum
3222 3991 3318 4059 est,
3353 3981 3488 4049 Quia

1893 4050 2087 4143 patrem
2116 4064 2394 4149 multarum
2414 4069 2639 4141 gentium
2665 4072 2812 4142 posui
2834 4070 2939 4146 te),
2969 4050 3088 4130 ante
3102 4054 3267 4151 Deum
3284 4075 3366 4133 cui
3380 4091 3497 4132 crs.

1892 4155 2055 4223 didit,
2096 4157 2184 4231 qui
2208 4157 2426 4231 vivi/icat
2469 4172 2728 4231 mortuos,
2756 4173 2804 4220 et
2831 4174 2971 4221 uocat
2997 4182 3056 4221 ea
3082 4183 3196 4240 qua:
3231 4184 3333 4223 non
3370 4175 3492 4229 sunt

1895 4240 2134 4335 tanquam
2162 4268 2276 4323 quis
2301 4262 2435 4309 sunt.
2472 4254 2574 4323 Qui
2599 4266 2784 4328 preter
2822 4242 2963 4330 spem
2990 4257 3046 4315 in
3072 4276 3214 4332 spent
3241 4260 3487 4335 credidit,

1895 4330 1948 4395 ut
1975 4342 2116 4411 ﬁeret
2145 4354 2286 4415 pater
2306 4345 2579 4401 multarum
2625 4348 2850 4420 gentium
2869 4391 2883 4415 ,
2906 4330 3182 4407 secundum
3228 4352 3366 4422 quod
3401 4330 3490 4407 die

1894 4442 2032 4489 ctum
2056 4424 2151 4505 est,
2176 4434 2266 4492 Sic
2293 4438 2385 4492 erit
2406 4455 2573 4495 semen
2602 4430 2765 4496 tuum.
2790 4439 2856 4496 Et
2886 4458 2987 4496 non
3003 4426 3292 4512 inﬁrtttatus
3313 4444 3366 4496 in
3387 4442 3493 4513 ﬁde

1897 4526 2231 4582 consideravit
2261 4525 2283 4560 ³
2311 4545 2496 4601 corpus
2536 4548 2684 4587 suum
2719 4533 2833 4605 jam
2880 4542 3195 4600 emortuum,
3226 4549 3342 4588 cum
3383 4534 3495 4604 fere

1897 4628 2098 4673 centum
2133 4638 2382 4677 annorum
2411 4630 2573 4690 esset,
2599 4633 2647 4678 et
2672 4632 2950 4677 emortuam
2980 4624 3177 4678 vulvam
3199 4623 3377 4681 Sarra:
3399 4642 3416 4681 .'
3438 4626 3494 4681 in

1898 4713 2288 4783 repromissione
2310 4725 2478 4771 autem
2507 4714 2601 4771 Dei
2630 4733 2730 4771 non
2772 4716 3022 4773 Ita’sitavit
3070 4718 3373 4790 (li/ﬁdentia,
3405 4719 3496 4774 sed

1899 4805 2227 4875 conﬁrmatus
2275 4816 2351 4862 est
2378 4808 2516 4875 ﬁde,
2571 4807 2699 4864 dans
2743 4808 2959 4880 gloriam
3017 4808 3167 4877 Deo;
3208 4810 3497 4882 plenissime

1899 4898 2062 4953 sciens
2085 4898 2204 4970 quia
2231 4914 2558 4970 quiscumque
2595 4901 2825 4972 promisit
2848 4942 2864 4968 ,
2895 4910 3074 4974 potens
3093 4912 3167 4958 est
3205 4913 3252 4959 et
3281 4907 3449 4977 facere
3471 4918 3495 4959 .'

1901 5000 2108 5065 propter
2132 4992 2270 5067 quod
2294 5004 2340 5050 et
2365 5003 2654 5066 reputatum
2678 5004 2751 5051 est
2788 4995 2867 5052 illi
2883 4996 2953 5052 ad
2964 4998 3225 5070 justitiam
3259 4994 3373 5071 (Id.
3404 5013 3483 5065 tv,

1904 5081 2113 5155 mea).

1976 5176 2112 5233 Atro.
2147 5174 2271 5233 Haec
2293 5186 2345 5234 te
2380 5192 2807 5237 commemorare
2827 5195 2934 5237 non
2962 5180 3163 5253 pudet,
3191 5181 3283 5261 qui
3321 5195 3502 5257 oppon

1903 5280 2038 5339 gnas
2063 5267 2289 5338 gratiam
2318 5284 2423 5340 qua
2450 5269 2550 5326 ista
2590 5272 2852 5342 promissa
2902 5272 3274 5347 complentur?
3298 5271 3497 5333 Contra

1909 5360 2078 5417 Deum
2101 5361 2245 5417 enim
2272 5360 2590 5435 loquimini,
2618 5363 2847 5421 dicendo
2864 5406 2882 5434 ,
2908 5364 3020 5423 Nos
3066 5364 3324 5422 facimus:
3352 5362 3500 5437 quod

1907 5452 1998 5515 ille
2019 5468 2080 5511 se
2111 5454 2374 5513 facturum
2393 5472 2515 5515 esse
2561 5458 2829 5533 promisit.
2860 5457 2919 5517 ln
2955 5458 3105 5515 Isaac
3141 5457 3365 5530 quippe,
3409 5457 3500 5528 qui

1907 5547 2139 5607 Abrahae
2165 5550 2461 5622 promissus
2490 5560 2573 5609 est
2598 5551 2761 5621 ﬁlius,
2791 5551 2848 5610 bi
2868 5549 3191 5625 praetigurati
3216 5560 3367 5617 sunt,
3384 5565 3497 5621 non

1971 5704 1991 5738 ι
2027 5704 2280 5755 Menardns
2303 5711 2356 5757 et
2375 5705 2652 5769 Vignierius
2666 5741 2682 5769 ,
2719 5711 2764 5757 et
2784 5716 2954 5756 norma
2969 5698 3300 5755 correctionis.
3325 5708 3499 5755 Emen—

1908 5766 2084 5817 dantur
2108 5781 2171 5818 ex
2197 5775 2304 5819 ηδε.
2435 5766 2455 5769 ⁷
2669 5766 2677 5769 ⁷
3472 5802 3481 5809 ~

1970 5832 1994 5905 ἶ
2030 5831 2347 5905 ἶν’,θηυεοτίρῇἱν
2369 5837 2415 5905 βε
2436 5831 2543 5905 ipsa
2565 5830 2748 5905 radice,
2767 5830 2963 5905 omisso,
2986 5828 3055 5879 in.

1976 5893 1995 5923 ³
2029 5894 2099 5940 sic
2128 5902 2227 5959 vss.
2256 5888 2603 5959 fxtj’ignierius
2624 5908 2638 5942 :
2660 5900 2711 5944 Et
2733 5888 2827 5943 non
2860 5888 3136 5944 infirmatus
3179 5897 3252 5944 est
3296 5906 3346 5946 ut
3368 5889 3503 5959 ﬁde.

1912 5967 1997 6005 nec
2019 5953 2356 6007 Cottat'tlct'at‘s't.
2388 5953 2410 5959 “
3368 5953 3379 5959 ⁷
3404 6000 3413 6005 -
