3996 6488
525 469 662 527 1207

522 585 695 656 quise
720 581 865 652 ipsos
887 578 1060 650 iustos
1081 618 1097 644 ,
1129 575 1225 634 sed
1250 590 1385 646 quos
1416 575 1555 630 Deus
1581 571 1753 628 fuerat
1793 571 1907 641 ipse
1934 568 2112 623 factu-

528 675 662 730 rus?
687 671 839 730 Unde
877 671 1142 727 universa:
1179 683 1274 740 per
1295 665 1607 738 prophetam
1637 662 1767 719 dicit
1815 660 2110 717 Ecclesiae:

523 768 639 841 Ego
664 768 795 823 enim
816 783 930 822 sum
955 764 1203 820 Dominus
1224 803 1239 828 ,
1267 762 1352 832 qui
1377 759 1510 831 facio
1533 770 1579 814 te
1598 756 1752 829 (Isai.
1775 772 1897 822 va,
1926 756 1983 823 8,
2015 771 2117 810 sec.

524 861 716 932 LXX).
745 860 974 930 Propter
991 856 1132 929 quod
1175 864 1232 911 et
1284 853 1378 911 ﬁlii
1409 851 1779 924 promissionis
1807 857 2066 904 vocantur
2095 886 2113 915 ,

523 954 863 1026 apertissime
886 949 1102 1006 dicente
1126 945 1381 1018 Apostolo
1415 963 1428 999 :
1472 943 1596 998 Non
1642 951 1802 1012 potest
1829 950 1997 995 autem
2021 955 2117 994 ex-

521 1045 693 1099 cidere
715 1045 917 1098 verbum
937 1041 1035 1097 Dei
1065 1056 1085 1096 :
1111 1057 1212 1095 non
1238 1038 1370 1094 enim
1401 1052 1570 1092 onmes
1597 1036 1681 1106 qui
1719 1050 1782 1089 ea:
1827 1031 2022 1098 Israel,
2057 1030 2111 1085 hi

522 1143 640 1190 sunt
682 1133 848 1190 Israel
859 1149 879 1199 ;
906 1149 1066 1201 neque
1089 1131 1209 1202 quia
1255 1144 1422 1184 semen
1467 1126 1722 1194 Abrahae,
1771 1140 1942 1180 omnes
1979 1123 2115 1192 ﬁlii;

523 1229 613 1283 sed
633 1228 686 1281 in
708 1225 860 1281 Isaac
885 1225 1144 1281 vocabitur
1171 1223 1260 1279 tibi
1290 1237 1461 1278 semen
1488 1237 1507 1276 :
1530 1220 1624 1276 hoc
1652 1227 1760 1285 est,
1788 1234 1891 1273 non
1937 1217 1992 1271 lii
2026 1216 2115 1287 qui

526 1319 624 1390 ﬁlii
651 1320 848 1384 carnis,
879 1319 934 1372 lii
962 1318 1056 1388 ﬁlii
1076 1315 1174 1372 Dei
1193 1358 1210 1385 ,
1235 1314 1325 1370 sed
1347 1315 1442 1383 ﬁlii
1471 1312 1820 1384 promissionis
1862 1310 2112 1381 deputan-

524 1420 606 1465 tur
626 1412 677 1465 in
696 1411 884 1465 semine
903 1408 1077 1480 (Rom.
1110 1424 1162 1464 Ix
1184 1449 1200 1478 ,
1236 1406 1375 1479 6-8).
1396 1407 1548 1475 Quod
1579 1409 1596 1440 ί
1619 1409 1796 1476 itaque
1824 1403 1969 1458 Deus
1993 1415 2117 1472 pro—

523 1504 704 1571 misit,
728 1505 868 1560 Deus
914 1502 1062 1560 facit.
1086 1503 1198 1558 Hoc
1224 1519 1353 1573 ergo
1378 1511 1548 1558 totum
1575 1503 1712 1558 sicut
1749 1497 1976 1555 aediﬁcat
2017 1511 2112 1552 eos

522 1611 749 1668 quorum
775 1610 899 1667 spes
927 1597 983 1652 in
1014 1596 1123 1652 Deo
1143 1606 1226 1652 est
1246 1637 1261 1663 ,
1284 1596 1362 1650 sic
1381 1595 1573 1651 evertit
1596 1609 1687 1650 eos
1709 1592 1798 1664 qui
1840 1588 2116 1646 conﬁdunt

522 1687 576 1742 in
609 1689 801 1743 virtute
835 1703 928 1743 sua
964 1685 1136 1759 (Psal.
1167 1703 1366 1754 XLVIII,
1397 1687 1455 1756 7)
1487 1703 1501 1740 :
1540 1701 1603 1740 ac
1640 1701 1736 1755 per
1779 1684 1881 1738 hoc
1912 1725 1928 1750 ,
1979 1683 2118 1738 sicut

520 1778 840 1834 catholicam
859 1778 1017 1834 ﬁdem
1033 1777 1279 1845 :cdiﬁcat,
1303 1779 1381 1834 sic
1401 1777 1739 1848 Pelagianum
1757 1775 1949 1832 evertit
1967 1789 2118 1831 erro-

520 1887 657 1927 rem.

593 1965 770 2022 CLIV.
803 1965 920 2022 Jun.
941 1965 1040 2032 Qui
1056 1965 1205 2021 locus
1224 1981 1381 2036 quam
1407 1965 1476 2020 sit
1499 1963 1735 2035 opinioni
1760 1971 1951 2018 vestra:
1975 1970 2115 2018 totus

521 2056 782 2122 infestus,
805 2067 862 2114 et
889 2057 1064 2128 primo
1102 2072 1267 2127 opere
1314 2056 1642 2126 disputatum
1662 2063 1769 2120 est,
1801 2063 1854 2109 et
1892 2053 1936 2109 si
1987 2051 2114 2123 quid

519 2148 646 2205 hinc
676 2149 836 2206 recoli
854 2149 1180 2220 Oportucrit,
1208 2148 1520 2204 disseretur.
1543 2145 1694 2202 Nunc
1711 2154 1888 2200 autem
1915 2144 2115 2199 adver-

520 2247 664 2294 tatur
685 2282 700 2308 ,
732 2241 1142 2312 promissionem
1165 2281 1181 2306 ,
1212 2255 1332 2310 qua:
1367 2239 1505 2295 facta
1533 2247 1616 2293 est
1654 2237 1720 2292 ad
1749 2235 2016 2292 Abraham
2043 2235 2113 2290 ob

520 2333 1009 2389 remunerationem
1042 2332 1166 2388 ﬁdei
1188 2333 1334 2401 ejus,
1363 2332 1417 2388 in
1439 2347 1542 2402 qua
1567 2331 1761 2386 dicitur
1781 2372 1796 2397 ,
1821 2329 1942 2399 quia
1964 2337 2115 2401 pater

523 2425 811 2479 multarum
867 2425 1106 2495 gentium
1143 2423 1594 2490 constitueretur,
1637 2421 1964 2489 ostendisse,
2013 2435 2114 2476 nec

519 2515 680 2572 unius
700 2516 848 2570 illum
865 2515 1042 2586 populi
1066 2514 1360 2587 genitorem
1381 2513 1578 2570 debere
1597 2511 1830 2582 defendi,
1854 2514 1943 2584 qui
1973 2512 2112 2567 mul-

521 2613 698 2661 tarum
724 2607 960 2676 gentium
992 2616 1146 2677 pater
1185 2606 1254 2661 sit
1296 2604 1614 2676 praedictus;
1671 2619 1770 2661 nec
1820 2604 1892 2660 ita
1937 2605 2112 2660 solum

521 2696 853 2753 credulitatis
879 2697 1147 2768 recepisse
1194 2697 1534 2765 mercedem,
1579 2705 1638 2752 ut
1680 2697 1813 2752 alios
1865 2695 2114 2752 similiter

521 2790 806 2847 credentes
831 2806 860 2846 a
888 2791 1090 2862 prmmii
1111 2791 1382 2847 consortio
1401 2797 1613 2860 putetur
1640 2789 1942 2845 excludere.
1994 2788 2113 2843 Non

523 2893 598 2940 est
619 2893 785 2939 autem
810 2887 1052 2955 scriptum
1069 2927 1084 2950 ,
1120 2885 1309 2956 inquit,
1339 2883 1682 2939 tantummodo
1705 2894 1908 2955 propter
1922 2883 2110 2955 ipsum,

524 2977 646 3046 quia
666 2985 951 3046 reputatum
973 2986 1044 3032 est
1071 2976 1187 3044 illi;
1233 2976 1322 3032 sed
1349 2985 1393 3030 et
1423 2985 1626 3048 propter
1667 2992 1756 3030 nos
1781 3018 1796 3042 ,
1827 2976 2002 3044 quibus
2028 2991 2112 3029 re-

526 3067 806 3138 putabitur,
829 3067 1142 3123 credentibus
1165 3067 1218 3121 in
1237 3083 1353 3122 eum
1391 3068 1477 3137 qui
1500 3067 1752 3122 suscitavit
1771 3066 1948 3122 Jesum
1966 3065 2116 3122 Chri-

526 3169 662 3216 stum
701 3160 979 3216 Dominum
996 3169 1223 3216 nostrum
1248 3177 1279 3214 a
1305 3160 1547 3226 mortuis;
1574 3161 1658 3229 qui
1683 3160 1896 3214 traditus
1916 3169 1986 3213 est
2004 3175 2115 3229 pro-

526 3260 639 3321 pter
665 3252 845 3307 delicta
873 3262 1047 3308 nostra
1065 3294 1081 3319 ,
1114 3263 1160 3307 et
1189 3253 1458 3308 resurrexit
1483 3262 1684 3323 prapter
1698 3251 2115 3322 justiﬁcationem

523 3353 749 3399 nostram
783 3344 959 3416 (Rom.
982 3359 1037 3401 1v
1057 3385 1072 3410 ,
1098 3343 1312 3415 25.25).

599 3439 734 3494 Avo.
766 3437 938 3494 Dicite
965 3437 1156 3505 nobis,
1207 3453 1241 3493 o
1282 3437 1441 3506 vani,
1474 3452 1580 3492 non
1628 3436 1974 3504 defensores,
2019 3437 2116 3494 sed

526 3529 802 3586 iuﬁatores
828 3529 980 3585 liberi
1003 3529 1245 3597 arbitrii,
1275 3529 1367 3600 qui
1390 3531 1698 3599 ignorantes
1722 3530 1812 3585 Dei
1833 3529 2114 3599 justitiam,

530 3632 587 3679 et
612 3630 844 3679 vestram
861 3623 1120 3694 justitiam
1141 3623 1381 3680 volentes
1401 3622 1724 3678 constituere
1743 3663 1759 3688 ,
1785 3621 2004 3692 justitia:
2022 3621 2120 3680 Dei

526 3730 635 3770 non
657 3717 787 3772 estis
807 3715 1031 3788 subjecti
1054 3713 1167 3786 (Id.
1197 3731 1231 3770 x
1254 3756 1268 3781 ,
1291 3711 1347 3788 5)
1367 3730 1382 3780 ;
1405 3713 1567 3770 dicite
1585 3757 1602 3781 ,
1647 3712 1861 3784 inquam
1880 3754 1893 3780 ,
1918 3715 2071 3770 nobis
2101 3731 2116 3770 :

527 3809 573 3865 si
601 3811 895 3867 noluissent
915 3819 1100 3882 gentes
1125 3808 1343 3866 credere
1364 3808 1612 3879 justeque
1645 3804 1824 3864 vivere
1843 3848 1859 3875 ,
1891 3822 2118 3864 evacua-

530 3912 682 3958 retur
707 3903 994 3973 promissio
1019 3917 1137 3972 qua:
1179 3901 1315 3957 facta
1363 3910 1447 3956 est
1495 3899 1562 3954 ad
1604 3898 1913 3955 Abraham?
1953 3900 2118 3968 Non,

530 3993 760 4064 inquies.
792 3995 932 4064 Ergo
958 4002 1018 4048 ut
1037 3994 1304 4048 Abraham
1330 3992 1399 4048 ob
1419 3991 1740 4061 slipendium
1785 3992 1906 4047 ﬁdei
1926 4007 2120 4049 conse-

534 4093 789 4156 queretur
821 4085 1186 4140 dilatationem
1223 4085 1768 4154 seminis,prarparata
1785 4093 1867 4139 est
1885 4086 2121 4155 gentium

531 4178 820 4234 voluntasa
842 4177 1096 4243 Domino;
1119 4186 1176 4233 et
1201 4187 1258 4232 ut
1283 4176 1484 4232 vellent
1507 4177 1646 4247 quod
1677 4185 1731 4232 et
1752 4177 1891 4232 nolle
1919 4178 2122 4248 potuis-

532 4278 656 4326 sent
675 4312 688 4336 ,
716 4270 901 4326 abillo
930 4269 1125 4326 factum
1147 4279 1225 4325 est
1243 4312 1258 4339 ,
1289 4270 1380 4341 qui
1404 4285 1467 4326 ea
1497 4285 1614 4340 qua:
1635 4269 1910 4340 promisit,
1933 4279 2123 4341 potens

533 4373 618 4420 est
640 4363 912 4420 etfacere.
1746 4364 1748 4367 ’

603 4454 758 4513 CLV.
785 4456 905 4512 .IUL.
935 4452 1066 4510 Cum
1098 4469 1225 4526 ergo
1254 4454 1342 4510 ille
1367 4453 1542 4510 adhuc
1572 4454 1623 4508 in
1677 4455 1933 4524 praeputio
1975 4454 2125 4510 testis

535 4549 607 4604 sit
652 4549 774 4604 ﬁdei
805 4546 1210 4617 pronuntiatus,
1240 4557 1294 4602 et
1320 4547 1388 4601 ob
1438 4547 1551 4615 ejus
1579 4546 1901 4617 stipendium
1932 4544 2124 4602 dilata-

536 4642 734 4698 tionem
765 4639 924 4696 fuerit
945 4639 1167 4696 seminis
1195 4649 1546 4704 consecutus;
1578 4653 1701 4708 qua,
1732 4638 1920 4708 inquit,
1943 4638 2124 4708 regula

535 4739 592 4785 tu
619 4772 634 4796 ,
666 4729 870 4797 Judrce,
895 4746 998 4784 non
1017 4739 1170 4800 putas
1187 4727 1251 4783 ad
1277 4731 1600 4783 consortium
1609 4727 1827 4798 justitia:
1856 4729 2127 4800 pertinere

539 4821 805 4886 Gentiles,
833 4822 924 4892 qui
952 4821 1108 4875 ﬁdem
1139 4820 1366 4876 Abrahae
1385 4861 1400 4888 ,
1444 4820 1590 4892 paria
1625 4820 1693 4876 de
1721 4820 1815 4876 Dei
1841 4821 2124 4877 virtutibus

538 4912 838 4977 credendo,
867 4911 1197 4967 restituunt?

611 5005 745 5062 Anc.
771 5005 916 5060 Bene
942 5012 1126 5058 contra
1147 5017 1244 5059 vos
1287 5002 1524 5074 loqueris
1556 5021 1568 5058 :
1607 5005 1728 5074 quia
1759 5005 1940 5076 utique
1982 5005 2027 5060 si
2060 5004 2127 5060 de

542 5095 638 5152 Dei
663 5095 946 5152 virtutibus
966 5094 1192 5151 credunt
1208 5136 1222 5161 ,
1258 5110 1362 5149 non
1385 5095 1630 5152 sicutvos
1653 5097 1927 5151 conﬁdunt
1947 5096 2001 5152 in
2021 5097 2129 5152 vir-

539 5197 653 5245 tute
673 5200 770 5244 sua
789 5226 806 5256 ,
833 5194 894 5242 ut
916 5184 1292 5257 justiﬁeentur,
1321 5185 1374 5242 id
1401 5195 1502 5256 est,
1526 5196 1585 5242 ut
1602 5187 1732 5258 justi
1762 5187 1919 5255 ﬁant;
1952 5187 2047 5244 sed
2075 5188 2127 5244 in

539 5279 686 5337 illius
704 5321 720 5348 ,
751 5277 844 5351 qui
869 5275 1126 5349 iustificat
1151 5275 1390 5348 impium.

531 5391 536 5398 ·
611 5371 788 5431 CLVI.
817 5372 936 5428 Jun.
967 5373 1072 5428 Cur
1098 5379 1284 5443 putes,
1330 5371 1532 5443 inquit,
1565 5372 1680 5428 sine
1708 5374 2128 5430 consecrationi-

538 5466 642 5523 bus
662 5467 793 5538 legis
811 5508 825 5531 ,
848 5465 913 5521 ad
944 5464 1171 5522 Abrahae
1192 5473 1416 5520 stemma
1439 5467 1685 5521 nationes
1707 5483 1810 5521 non
1838 5483 1999 5540 posse
2020 5483 2128 5539 pcr-

540 5560 698 5627 duci;
729 5576 850 5615 cum
896 5567 1106 5614 constet
1133 5558 1538 5629 promissionem
1561 5598 1576 5625 ,
1623 5575 1740 5629 quae
1771 5557 1907 5613 facta
1943 5569 2025 5615 est
2063 5560 2130 5614 ad

541 5650 810 5705 Abraham
831 5693 847 5716 ,
881 5653 1202 5707 anteriorem
1250 5649 1414 5705 fuisse
1437 5665 1593 5720 quam
1627 5651 1826 5719 legem,
1869 5667 1968 5708 nec
2012 5667 2128 5707 eam

541 5743 900 5801 ablutiouihus
929 5745 950 5776 ¹
985 5745 1234 5799 tributam
1251 5744 1442 5809 fuisse,
1473 5743 1564 5798 sed
1597 5743 1878 5798 moribus?

609 5900 624 5930 ι
663 5898 798 5956 mliti,
823 5910 953 5962 quos.
975 5904 1082 5962 Mm.
1103 5906 1221 5962 alar.
1245 5897 1366 5950 Clar.
1393 5903 1539 5961 Port.,
1565 5895 1712 5961 quod.

606 5963 628 5994 ι
652 5962 723 6016 sic
739 5959 844 6014 uss;
872 5962 1007 6027 ωω,
1031 5959 1275 6014 αιοιιαὶυηι.

917 6061 958 6078 Ίδ

1233 457 1478 516 OPEI’JS
1516 454 1927 514 IMPERFECTI
1964 450 2235 510 CONTRA
2274 451 2634 520 .IULIANUM,
2673 453 2731 512 S.
2764 454 3132 514 AUGUSTINI

3671 457 3813 517 £208

2295 568 2432 624 Auc.
2461 567 2570 625 llos
2601 583 2777 626 mores
2795 613 2813 639 ,
2843 585 2978 642 quos
2998 571 3182 643 procul
3207 570 3372 628 dubio
3418 571 3588 632 bonos
3615 573 3700 635 vis
3723 575 3813 632 in-

2224 659 2388 730 telligi
2414 701 2430 728 ,
2458 660 2504 716 si
2530 668 2589 716 ut
2613 662 2844 733 putatis,
2873 663 3033 720 homo
3061 663 3163 720 sibi
3195 663 3350 731 facit;
3395 665 3688 736 praedicere
3709 667 3818 726 ista

2221 749 2406 809 debuit
2425 754 2564 810 Deus
2599 757 2876 827 praeseius,
2891 772 2997 813 non
3024 757 3368 828 promittere;
3389 767 3448 815 ut
3476 773 3585 817 non
3609 757 3680 817 de
3720 760 3817 817 illo

2222 841 2277 898 in
2305 842 2404 899 hac
2445 859 2604 901 causa
2632 847 2933 915 diceretur,
2965 848 3093 916 Qua
3121 850 3390 920 promisit,
3423 859 3600 922 potens
3638 859 3713 908 est
3767 863 3819 908 et

2222 939 2389 1009 facere
2413 937 2586 1008 (Rom.
2617 954 2670 995 Iv
2687 983 2703 1008 ,
2723 939 2816 1013 21)
2843 958 2860 1008 ;
2889 941 2982 998 sed
3001 984 3016 1009 ,
3041 942 3172 1011 Quae
3195 943 3464 1014 praescivit
3481 985 3496 1010 ,
3519 953 3712 1016 potens
3728 956 3819 1003 est

2220 1036 2275 1084 et
2294 1030 2671 1099 praenuntiam,
2700 1042 2810 1097 aut,
2838 1043 3030 1104 potens
3054 1044 3135 1090 est
3161 1044 3216 1091 et
3242 1035 3550 1094 ostendere.
3581 1037 3816 1106 Quando

2220 1129 2399 1176 autem
2426 1121 2605 1178 dicunt
2630 1123 2872 1180 homines
2891 1166 2907 1193 ,
2935 1125 3087 1194 Quod
3119 1127 3257 1184 Dens
3282 1127 3562 1198 promisit,
3599 1144 3704 1186 nos
3731 1129 3816 1185 fa-

2220 1212 2425 1279 cimus;
2458 1229 2520 1271 se
2563 1215 2706 1285 ipsos
2753 1214 2948 1272 faciunt
2987 1217 3244 1288 jactantia
3269 1219 3289 1251 ¹
3325 1229 3608 1292 potentes,
3662 1221 3815 1278 illum

2219 1305 2522 1376 arrogantia
2551 1307 2920 1363 mentientem.

2290 1396 2486 1453 CLVII.
2513 1397 2633 1454 JUL.
2659 1398 2720 1455 Si
2744 1401 2877 1455 enim
2902 1402 2988 1472 qui
3009 1411 3127 1458 sunt
3152 1420 3214 1458 ea:
3243 1403 3378 1475 lege,
3409 1405 3634 1461 lueredes
3658 1415 3814 1472 sunt;

2219 1501 2460 1546 evacuata
2487 1503 2559 1548 est
2587 1494 2736 1564 ﬁdes,
2763 1495 3018 1550 destructa
3045 1506 3119 1552 est
3149 1499 3470 1567 repromissio
3488 1497 3677 1571 (Ibid.,
3697 1499 3812 1570 14).

2219 1582 2320 1650 Qui
2371 1600 2582 1651 sermo,
2615 1587 2716 1642 nisi
2742 1587 3069 1659 intelligatur
3089 1631 3103 1657 ,
3133 1591 3326 1661 ingerit
3345 1592 3632 1649 maximam
3661 1609 3816 1666 quaa-

2221 1673 2449 1730 stionem
2477 1693 2490 1730 :
2517 1675 2678 1733 dubio
2696 1678 2839 1733 enim
2869 1679 3087 1749 procul,
3121 1681 3250 1737 dicit
3282 1695 3377 1738 eos
3402 1697 3523 1740 esse
3559 1699 3627 1741 ex
3671 1685 3812 1758 lege,

2219 1782 2355 1838 quos
2382 1783 2542 1838 supra
2591 1768 2799 1824 dixerat
2823 1785 2891 1825 ex
2915 1769 3322 1829 circumcisione
3342 1815 3358 1842 ,
3387 1789 3521 1844 quos
3567 1775 3672 1832 sibi
3695 1785 3818 1832 tan-

2220 1869 2330 1915 tum
2353 1868 2579 1915 noverat
2599 1876 2850 1932 arrogare
2866 1903 2881 1930 ,
2903 1871 2961 1917 ut
2985 1873 3231 1934 putarent
3247 1874 3444 1936 praeter
3459 1881 3522 1924 se
3544 1868 3815 1924 neminem

2219 1955 2418 2009 assumi
2465 1955 2531 2009 ad
2581 1955 2810 2011 Abrahae
2856 1957 3076 2014 seminis
3119 1958 3478 2030 dignitatem:
3514 1969 3675 2033 atque
3703 1961 3809 2019 hoc

2219 2045 2575 2118 disputatione
2599 2047 2916 2120 collegerat,
2960 2059 3017 2104 ut
3037 2049 3159 2121 quia
3188 2065 3295 2106 non
3324 2051 3498 2107 solum
3534 2052 3588 2106 hi
3613 2051 3708 2124 qui
3737 2067 3807 2108 ex

2219 2139 2659 2208 circumcisione,
2687 2141 2782 2196 sed
2822 2152 2876 2197 et
2899 2142 2970 2197 illi
2993 2142 3082 2213 qui
3105 2159 3171 2199 ex
3199 2145 3459 2214 praeputio
3490 2145 3683 2201 sectari
3713 2161 3818 2202 vo-

2219 2231 2441 2288 luissent
2471 2233 2690 2303 vestigia
2719 2233 2842 2290 ﬁdei
2868 2233 3130 2303 Abrahae,
3156 2249 3262 2292 non
3291 2236 3560 2294 immerito
3580 2237 3818 2295 Abralun

2219 2323 2310 2379 ﬁlii
2335 2335 2704 2381 censerentur.

2289 2420 2425 2474 Auc.
2457 2418 2624 2486 Quid,
2653 2419 2696 2474 si
2725 2419 3061 2476 noluissent?
3090 2431 3442 2478 evacuaretur
3475 2423 3763 2492 promissio
3789 2425 3817 2480 τ

2216 2509 2496 2566 Admoneo
2525 2521 2583 2566 ut
2608 2509 2917 2582 iulelligatis
2941 2553 2957 2579 ,
2987 2512 3070 2567 cui
3096 2513 3284 2583 gratia:
3315 2514 3433 2569 sitis
3457 2514 3690 2582 inimici,
3715 2530 3818 2572 ne-

2219 2600 2395 2675 gando
2423 2601 2636 2672 operari
2686 2603 2856 2657 Deum
2883 2602 3184 2660 voluntates
3234 2605 3288 2663 in
3331 2604 3600 2661 mentibus
3637 2604 3818 2663 homi-

2218 2713 2344 2750 num
2375 2714 2388 2750 :
2419 2710 2523 2751 non
2554 2705 2611 2751 ut
2660 2697 2904 2752 nolentes
2943 2697 3200 2765 credant,
3237 2697 3383 2769 quod
3426 2697 3818 2756 absurdissima

2217 2788 2318 2844 dici
2329 2798 2447 2855 tur;
2479 2788 2573 2844 sed
2601 2797 2661 2844 ut
2685 2789 2926 2845 volentes
2947 2805 3014 2845 ex
3046 2790 3351 2846 nolentibus
3367 2791 3514 2847 ﬁant.
3539 2790 3653 2847 Non
3673 2792 3818 2848 sicut

2217 2880 2344 2936 facit
2368 2881 2556 2937 doctor
2587 2882 2780 2950 homo,
2833 2881 3077 2938 docendo
3128 2892 3183 2940 et
3220 2882 3529 2949 hortando,
3559 2883 3820 2940 minando

2219 2984 2273 3031 et
2301 2975 2657 3046 promittendo
2677 2975 2732 3032 in
2761 2990 3010 3034 sermone
3038 2977 3134 3033 Dei
3163 2977 3344 3049 :quod
3374 2978 3570 3033 frustra
3597 2977 3678 3044 ﬁt,
3709 2977 3818 3034 nisi

2221 3067 2361 3123 Deus
2386 3068 2528 3123 intus
2573 3078 2826 3139 operetur
2864 3077 2919 3125 et
2945 3069 3082 3124 velle
3120 3084 3216 3140 per
3260 3069 3656 3142 investigabiles
3699 3069 3819 3126 vias

2219 3174 2363 3215 suas.
2392 3160 2524 3216 Cum
2549 3159 2692 3216 enim
2719 3161 2896 3217 verbis
2921 3160 3110 3216 doctor
3134 3159 3338 3230 plantat
3382 3169 3438 3218 et
3474 3161 3642 3230 rigat,
3684 3175 3820 3231 pos-

2219 3266 2406 3307 sumus
2430 3252 2611 3308 dieere
2636 3295 2651 3319 ,
2685 3251 2848 3309 Forte
2870 3253 3074 3319 credit,
3106 3252 3241 3309 forte
3267 3267 3376 3308 non
3401 3251 3570 3310 credit
3596 3255 3616 3284 ³
3661 3251 3822 3309 audi-

2222 3352 2307 3399 tor
2333 3357 2349 3398 :
2380 3359 2501 3400 cum
2523 3359 2652 3400 vero
2676 3343 2767 3400 dat
2795 3344 3186 3401 incrementum
3215 3345 3356 3400 Deus
3389 3344 3432 3417 (I
3457 3343 3574 3401 Cor.
3602 3360 3688 3412 III,
3718 3345 3818 3417 6),

2221 3433 2339 3491 sine
2362 3434 2524 3492 duhio
2547 3437 2720 3492 credit
2739 3445 2792 3493 et
2811 3437 3041 3508 proﬁcit.
3066 3436 3207 3493 Ecce
3227 3435 3374 3508 quod
3402 3437 3628 3493 interest
3671 3436 3818 3494 inter

2223 3527 2393 3600 legem
2423 3537 2477 3584 et
2503 3530 2911 3600 promissionem
2928 3572 2944 3598 ,
2973 3530 3112 3585 inter
3133 3529 3368 3586 litteram
3393 3537 3449 3587 et
3471 3529 3742 3600 spiritum.

2292 3620 2518 3677 CLVIII.
2542 3621 2662 3677 ιω..
2695 3621 2826 3677 Cum
2849 3637 2978 3694 ergo
3007 3621 3254 3692 superius
3274 3619 3326 3678 id
3356 3623 3591 3693 egisset,
3619 3631 3681 3678 ut
3728 3623 3820 3678 in-

2223 3714 2582 3785 telligeremus
2606 3729 2635 3769 a
2661 3716 2932 3770 consortio
2955 3714 3176 3783 iustitiae
3201 3730 3306 3770 non
3335 3715 3572 3786 potuisse
3599 3715 3821 3772 excludi

2222 3802 2420 3861 Gentes
2440 3845 2456 3872 ,
2509 3804 2604 3861 sed
2634 3821 2731 3877 per
2751 3806 2992 3861 eamdem
3034 3805 3193 3862 ﬁdem
3228 3821 3350 3863 cum
3381 3806 3502 3863 ﬁliis
3532 3807 3824 3863 circumci-

2224 3899 2392 3955 sionis
2416 3899 2468 3954 in
2499 3899 2727 3954 Abrahae
2753 3900 2918 3971 stirpe
2952 3900 3258 3966 numerari;
3300 3913 3442 3954 nunc
3469 3899 3682 3967 intulit,
3715 3916 3825 3956 ne-

2225 3993 2424 4048 minem
2449 3991 2517 4048 de
2545 3993 2950 4048 circumcisione
2974 3992 3040 4048 ad
3072 4007 3189 4048 eam
3216 3993 3660 4063 promissionem,
3694 4009 3824 4064 quae

2225 4085 2456 4140 Abrahae
2477 4085 2597 4140 data
2622 4095 2705 4141 est
2723 4127 2738 4152 ,
2768 4087 3037 4158 pertinere
3071 4104 3083 4139 :
3114 4085 3215 4142 hoc
3241 4095 3421 4142 autem
3441 4086 3681 4152 omnino,
3713 4086 3824 4143 nisi

2226 4175 2552 4248 intelligatur
2575 4220 2590 4246 ,
2623 4187 2903 4249 repugnat.
2933 4177 3086 4248 Quod
3116 4178 3293 4249 itaque
3319 4179 3422 4249 ait,
3474 4177 3536 4234 Si
3561 4179 3697 4233 enim
3729 4179 3827 4250 qui

2226 4279 2343 4324 sunt
2383 4286 2442 4324 ea
2471 4271 2604 4341 lege,
2635 4271 2856 4325 Iueredes
2882 4279 3034 4336 sunt;
3062 4280 3304 4326 evacuata
3329 4281 3401 4326 est
3428 4271 3553 4340 ﬁdes
3575 4312 3590 4338 ,
3621 4281 3670 4326 et
3722 4273 3827 4327 de-

2228 4370 2423 4416 structa
2452 4372 2524 4417 est
2549 4364 2852 4434 promissio;
2883 4380 2987 4419 non
3016 4363 3116 4420 hoc
3146 4366 3546 4436 pronuntiavit,
3573 4375 3630 4420 ut
3668 4365 3829 4422 vidc-

2228 4456 2356 4512 licet
2381 4472 2538 4512 nemo
2558 4457 2624 4513 de
2666 4457 2864 4514 Judaeis
2889 4474 2985 4529 per
3030 4457 3186 4514 ﬁdem
3220 4458 3332 4515 ﬁeri
3365 4457 3616 4514 credatur
3640 4459 3830 4518 haeres

2231 4549 2600 4619 promissionis
2630 4551 2896 4620 antiquae:
2926 4550 3020 4606 sed
3047 4550 3197 4606 deest
3225 4565 3404 4608 sermo
3427 4591 3444 4619 ,
3469 4549 3619 4621 cujus
3645 4551 3830 4608 vicem

2231 4639 2418 4710 implet
2465 4641 2810 4712 intelligentia
2835 4682 2849 4706 ,
2882 4656 2987 4695 non
3032 4640 3176 4696 solos
3203 4639 3446 4696 haeredes
3469 4655 3589 4696 esse
3631 4641 3721 4710 qui
3753 4657 3830 4697 ex

2232 4730 2350 4801 lege
2375 4742 2530 4796 sunt;
2561 4741 2618 4786 ut
2642 4732 2686 4787 si
2708 4731 2809 4787 hoc
2847 4731 3006 4787 modo
3026 4731 3228 4787 dictum
3259 4740 3403 4788 esset
3429 4750 3442 4786 :
3467 4731 3523 4788 Si
3553 4732 3698 4786 enim
3727 4732 3829 4803 qui

2233 4833 2356 4879 sunt
2387 4840 2452 4879 ex
2483 4824 2598 4896 lege
2617 4865 2631 4887 ,
2662 4823 2762 4880 soli
2792 4823 3034 4880 haeredes
3084 4833 3240 4893 sunt,
3266 4834 3522 4881 evacuata
3550 4834 3629 4880 est
3661 4824 3829 4880 ﬁdes.

2233 4915 2373 4973 Vere
2398 4918 2538 4974 enim
2569 4919 2883 4988 praeputium
2909 4919 3181 4975 videretur
3208 4918 3454 4988 excludi,
3485 4919 3530 4976 si
3555 4918 3620 4974 ad
3644 4919 3836 4977 nullos

2235 5018 2429 5079 prseter
2453 5024 2546 5064 eos
2575 5009 2665 5080 qui
2690 5025 2753 5064 ex
2780 5010 3186 5065 circumcisione
3219 5019 3407 5078 erant,
3434 5008 3837 5068 benedictionis

2235 5099 2518 5156 haereditas
2565 5101 2889 5173 perveniret.
2921 5101 3274 5172 Intelligenda
3305 5101 3465 5172 igitur
3491 5101 3839 5158 consuetudo

2235 5195 2630 5266 Scripturarum
2657 5205 2738 5251 est
2762 5237 2777 5261 ,
2809 5197 2931 5266 quia
2965 5211 3068 5250 non
3089 5195 3344 5251 continuo
3367 5193 3507 5266 quod
3533 5209 3636 5249 non
3683 5191 3839 5249 dici-

2235 5290 2353 5348 tur,
2381 5281 2674 5351 denegatur
2691 5321 2707 5347 ,
2733 5289 2794 5336 ut
2823 5279 3188 5350 intelligentiae
3212 5293 3374 5351 opere
3404 5277 3688 5334 verborum
3713 5277 3837 5334 dis-

2236 5373 2427 5446 pendia
2455 5373 2824 5444 suppleantur.

2308 5468 2442 5523 Anc.
2472 5466 2562 5522 Sic
2585 5465 2922 5538 intelligunt,
2954 5464 3044 5537 qui
3071 5479 3179 5520 non
3210 5462 3532 5533 intelligunt.
3566 5460 3675 5518 Cur
3717 5477 3838 5519 non

2237 5559 2544 5624 altenditis,
2591 5574 2756 5629 rogo,
2794 5557 2915 5612 ideo
2963 5573 3065 5610 non
3097 5571 3216 5612 esse
3261 5552 3507 5610 hzeredes
3551 5569 3615 5609 ex
3660 5553 3784 5625 lege
3817 5597 3839 5623 ,

2236 5651 2357 5721 quia
2388 5651 2469 5703 lex
2495 5650 2623 5702 iram
2677 5648 2959 5717 aperatur?
2992 5647 3090 5703 Ubi
3131 5647 3263 5702 enim
3307 5662 3409 5700 non
3447 5655 3520 5699 est
3563 5645 3683 5706 lex,
3737 5662 3842 5701 nec

2239 5743 2582 5815 prwvaricatio
2611 5740 2784 5812 (Rom.
2818 5757 2867 5795 Iv
2893 5782 2907 5806 ,
2941 5741 3051 5812 15).
3083 5739 3208 5795 Ideo
3245 5747 3422 5795 autem
3471 5753 3537 5793 ex
3590 5738 3840 5808 promis-

2305 5901 2319 5931 '
2344 5897 2594 5947 Menardus
2617 5905 2668 5945 et
2690 5904 2814 5954 Mss,
2839 5893 3082 5946 instantia.

2309 5962 2328 5993 ι
2345 5937 3108 6024 ’ἐξ’ὲῖὲέῖ“εἶιιὶῡςὶἰὶιῖιὶέξ’ῖὸ⁷ἦὲ⁷ὧιι
3132 5956 3305 6010 credit.
3620 5937 3638 5945 ’
3798 5937 3821 6024 ,⁸
