3950 6472
175 595 304 654 sione
320 630 336 658 ,
357 589 484 661 quia
507 586 652 645 Deus
669 583 808 658 quod
829 579 1118 655 promittit,
1147 580 1264 652 ipse
1284 577 1430 637 facit.
1456 579 1559 649 Qui
1583 579 1726 635 enim

175 688 417 756 praecepta
445 678 579 750 legis
593 677 813 748 implere
835 689 895 732 se
912 681 1061 746 putat
1085 687 1180 744 per
1195 671 1472 728 arbitrium
1499 671 1730 742 propria:

174 771 439 832 voluntatis
481 770 598 826 sine
647 769 836 840 spiritu
879 765 1097 838 gratim,
1127 778 1276 820 suam
1322 763 1582 834 justitiam
1616 761 1730 818 vult

176 865 512 936 constituere,
555 875 664 916 non
681 859 938 930 justitiam
987 856 1083 913 Dei
1129 870 1363 912 sumere.
1401 854 1558 916 Nam,
1589 853 1730 911 unde

175 960 286 1018 dicit
308 956 446 1014 idem
471 953 749 1025 apostolus
771 993 786 1022 ,
818 951 886 1007 Ut
925 950 1152 1006 inveniar
1174 950 1228 1004 in
1262 948 1354 1004 illo
1397 965 1500 1004 non
1542 948 1728 1004 habens

176 1067 316 1107 meam
332 1047 582 1121 justitiam
602 1086 617 1112 ,
639 1061 751 1116 quae
769 1061 831 1099 ea:
855 1044 961 1116 lege
990 1053 1061 1099 est
1079 1082 1094 1110 ,
1125 1042 1214 1097 sed
1228 1041 1480 1113 justitiam
1507 1031 1622 1114 qua:
1654 1051 1729 1096 est

177 1159 228 1199 ea:
250 1140 341 1210 ﬁde
356 1182 370 1205 ,
382 1137 634 1210 justitiam
653 1151 716 1191 ex
733 1134 841 1190 Deo
864 1133 1118 1206 (Philipp.
1137 1148 1193 1189 ιιι
1217 1175 1231 1202 ,
1261 1131 1358 1205 9)?
1379 1132 1553 1200 Quare
1576 1145 1728 1188 suam

179 1237 289 1294 dicit
313 1231 566 1304 justitiam
586 1271 602 1297 ,
630 1245 749 1302 qum
777 1245 846 1285 ex
894 1228 1011 1300 lege
1039 1235 1154 1292 est,
1209 1241 1436 1297 eamque
1468 1225 1727 1296 justitiam

177 1325 430 1398 reprobat;
457 1338 567 1378 non
619 1328 798 1377 autem
831 1333 1010 1387 suam,
1052 1317 1146 1374 sed
1195 1334 1262 1375 ex
1289 1317 1399 1373 Deo
1421 1315 1679 1387 justitiam
1709 1354 1726 1382 ,

179 1433 279 1492 quae
302 1424 379 1473 est
402 1431 466 1470 ex
487 1412 634 1470 ﬁde?
657 1411 923 1483 Numquid
952 1412 1038 1467 lex
1081 1425 1189 1466 non
1212 1419 1294 1466 est
1323 1425 1386 1465 ex
1416 1410 1562 1465 Deo?
1599 1408 1730 1477 Quis

179 1511 266 1568 nisi
291 1507 503 1565 inﬁdelis
529 1505 633 1562 hoc
655 1505 889 1562 dixerit?
917 1504 1022 1562 Sed
1048 1519 1116 1560 ex
1157 1503 1276 1574 lege
1301 1502 1430 1559 dicit
1467 1501 1725 1574 justitiam

177 1618 337 1669 suam,
361 1601 410 1656 in
437 1615 541 1670 qua
570 1598 734 1654 homo
770 1592 1192 1669 putat'sul'ﬁcere
1219 1596 1321 1652 sibi
1359 1596 1528 1665 legem
1553 1595 1621 1650 ad
1648 1592 1728 1649 fa-

181 1695 344 1754 cienda
367 1693 539 1750 divina
571 1692 822 1748 mandata
841 1734 857 1760 ,
890 1691 1170 1754 conﬁdens
1207 1692 1260 1748 in
1286 1691 1482 1748 virtute
1500 1706 1614 1747 sua.
1647 1690 1729 1748 Ex

185 1787 276 1844 ﬁde
298 1795 454 1842 autem
502 1784 801 1855 justitiam,
854 1783 976 1840 ideo
1002 1783 1131 1838 dicit
1160 1798 1280 1839 esse
1318 1799 1385 1838 ex
1428 1784 1536 1839 Deo
1557 1823 1573 1850 ,
1603 1781 1728 1853 quia

183 1879 306 1936 Deus
331 1876 601 1947 unicuique
627 1877 854 1947 partitur
879 1891 1185 1932 mensuram
1225 1875 1348 1932 ﬁdei
1378 1873 1554 1949 (Rom.
1602 1892 1678 1930 xu
1709 1916 1725 1942 ,

182 1971 228 2043 3)
255 1980 336 2027 :et
367 1969 428 2025 ad
459 1969 618 2024 ﬁdem
647 1968 882 2040 pertinet
901 1968 1123 2026 credere
1147 1968 1286 2040 quod
1308 1969 1361 2024 in
1399 1968 1553 2024 nobis
1589 1969 1728 2025 Deus

181 2070 396 2134 operetur
418 2069 471 2117 et
489 2061 627 2116 velle
657 2057 922 2131 (Philipp.
965 2075 1038 2128 ιι,
1073 2059 1197 2131 15);
1246 2059 1382 2114 sicut
1409 2059 1730 2130 operabatur

181 2158 226 2213 in
256 2157 332 2212 illa
366 2155 676 2227 purpuraria
698 2149 719 2221 ,'
740 2154 892 2231 cujus
920 2161 1206 2225 aperuerat
1253 2168 1471 2210 sensum
1493 2196 1508 2222 ,
1541 2163 1601 2210 ut
1648 2154 1730 2210 in-

181 2249 388 2306 tenderet
410 2248 464 2304 in
490 2263 554 2305 ea
581 2263 700 2320 quae
725 2263 757 2302 a
774 2243 937 2304 Paulo
963 2247 1281 2304 dicebantur
1303 2248 1440 2322 (Act.
1473 2265 1590 2315 xvr,
1612 2249 1726 2320 11).

179 2343 241 2400 Ac
262 2358 348 2414 per
365 2341 464 2399 hoc
482 2385 496 2409 ,
523 2357 624 2398 nec
651 2342 751 2413 ipsi
793 2341 963 2398 Judaei
988 2342 1081 2413 qui
1111 2341 1454 2398 crediderunt
1489 2343 1542 2397 in
1572 2341 1731 2398 Chri-

179 2447 325 2503 stum,
353 2437 403 2491 in
421 2436 616 2507 quibus
638 2444 692 2492 et
725 2435 918 2491 Paulus
945 2434 1068 2500 fuit,
1102 2450 1168 2491 ex
1200 2435 1315 2506 lege
1345 2434 1586 2491 hmredes
1614 2450 1730 2490 om-

180 2530 280 2584 nino
297 2527 498 2584 dicendi
518 2536 644 2583 sunt
666 2521 722 2594 ¹’,
752 2527 846 2583 sed
891 2527 1068 2598 potius
1091 2542 1156 2583 ex
1187 2527 1559 2598 promissione.
1605 2525 1731 2584 Ideo

179 2622 294 2677 enim
317 2622 509 2678 dictum
541 2630 657 2687 est,
687 2619 752 2676 In
774 2619 925 2676 Isaac
944 2621 1204 2676 vocabitur
1232 2622 1321 2676 tibi
1345 2638 1512 2678 semen
1533 2663 1547 2687 ,
1606 2623 1728 2692 quia

178 2731 258 2768 non
279 2715 356 2783 qui
382 2714 475 2783 ﬁlii
501 2714 700 2780 carnis,
731 2714 784 2767 Ιιὶ
820 2714 915 2784 ﬁlii
944 2712 1078 2778 Dei;
1107 2713 1194 2768 sed
1241 2713 1336 2783 filii
1383 2713 1730 2786 promissionis

179 2805 444 2876 deputantur
465 2806 518 2860 in
539 2806 728 2862 semine
755 2806 929 2876 (Rom.
961 2822 1013 2860 ιιι
1033 2847 1049 2874 ,
1083 2806 1114 2861 7
1144 2814 1191 2860 et
1213 2805 1290 2877 8).

234 2898 396 2954 CLlX.
424 2898 535 2954 IUL.
562 2897 788 2969 Collegit
833 2898 1010 2969 itaque
1037 2898 1324 2969 Apostolus
1353 2908 1728 2971 argumentum

184 2989 275 3044 hoc
313 2989 458 3045 modo
501 3009 514 3045 :
557 2990 615 3046 Si
646 2989 777 3045 nulli
810 2997 992 3045 essent
1021 2988 1260 3045 hacredes
1304 2990 1688 3046 benedictionis
1709 3033 1726 3058 ,

183 3082 269 3138 nisi
289 3083 368 3154 qui
388 3099 448 3140 ex
473 3083 590 3156 lege
616 3092 769 3150 sunt;
798 3091 857 3137 ut
883 3083 1197 3154 prmputium
1225 3084 1501 3140 constabat
1545 3083 1730 3140 exclu-

178 3189 304 3240 sum,
345 3175 411 3230 ita
447 3189 786 3246 consequens
827 3183 972 3243 erat,
1021 3174 1286 3231 neminem
1326 3176 1412 3246 qui
1448 3175 1637 3232 fuisset
1664 3191 1732 3232 ex

178 3265 300 3338 lege,
342 3266 709 3324 benedictione
750 3267 947 3338 privari
993 3283 1008 3322 :
1047 3266 1100 3322 id
1141 3275 1256 3332 est,
1303 3268 1348 3324 si
1396 3268 1732 3326 circumcisio

178 3366 348 3413 tantum
388 3357 624 3426 valeret,
669 3366 729 3415 ut
770 3359 883 3415 sine
911 3373 974 3415 ea
1001 3357 1134 3414 ﬁdes
1175 3359 1308 3415 nihil
1352 3361 1590 3428 valeret;
1627 3361 1734 3418 sio-

176 3458 220 3506 ut
250 3451 434 3510 Gentes
469 3453 708 3524 liquebat
759 3452 1006 3524 repulsas
1027 3493 1043 3520 ,
1083 3454 1156 3509 ita
1185 3453 1506 3524 probabatur
1531 3454 1598 3511 de
1637 3455 1732 3511 Ju-

177 3543 380 3608 daisad
417 3543 773 3616 perditionem
792 3546 814 3578 ³
844 3561 1114 3618 nunquam
1143 3561 1464 3620 quemquam
1505 3548 1585 3605 ire
1628 3562 1730 3621 po-

177 3637 329 3694 tuisse.

229 3733 349 3790 Anc.
374 3731 654 3802 Quomodo
697 3741 812 3790 erat
839 3748 1204 3806 consequens,
1253 3750 1290 3814 op
1331 3749 1516 3806 grosse
1562 3733 1730 3791 diale-

175 3825 319 3882 ctice?
341 3827 612 3898 quomodo
636 3837 751 3885 erat
778 3842 1114 3900 consequens
1133 3870 1149 3897 ,
1177 3828 1222 3884 si
1261 3826 1390 3884 nulli
1413 3836 1592 3884 essent
1615 3827 1731 3884 ha:-

177 3919 304 3975 redes
325 3919 710 3978 benedictionis
750 3963 766 3989 ,
795 3922 898 3977 nisi
923 3922 1014 3994 qui
1036 3938 1103 3978 ex
1131 3923 1247 3994 lege
1271 3931 1429 3988 sunt,
1462 3921 1731 3978 neminem

177 4016 248 4085 qui
285 4016 462 4074 luisset
490 4033 557 4074 ex
606 4017 724 4090 lege
746 4060 762 4088 ,
791 4018 1161 4076 benedictione
1185 4019 1422 4092 privari?
1463 4019 1733 4091 Numquid

178 4108 277 4179 quia
297 4123 449 4167 nemo
472 4120 556 4168 est
597 4111 768 4167 haeres
786 4155 802 4180 ,
834 4113 936 4168 nisi
966 4112 1286 4184 baptizetur,
1334 4121 1614 4185 propterea
1641 4113 1731 4185 qui

178 4197 477 4273 baptizantur
493 4244 510 4271 ,
542 4218 731 4261 omnes
756 4203 1000 4262 haeredes
1025 4205 1189 4261 sunt?
1221 4204 1327 4262 Sed
1354 4205 1457 4262 hoc
1479 4205 1728 4274 dixerim,

179 4305 266 4350 non
287 4295 398 4365 quia
421 4294 496 4351 ibi
525 4303 610 4375 est
646 4311 765 4368 quae
807 4297 947 4354 inter
984 4312 1084 4354 nos
1107 4298 1332 4354 vertitur
1357 4299 1612 4370 quaestio;
1640 4314 1734 4356 ve-

177 4399 274 4440 rum
312 4395 366 4442 ut
405 4387 748 4446 ostenderem
791 4404 951 4460 quam
995 4389 1070 4446 sis
1108 4390 1224 4460 ipse
1251 4398 1467 4460 acutus,
1514 4391 1606 4460 qui
1643 4404 1734 4448 me

178 4479 508 4538 obtunsiorem
532 4480 668 4538 dicis
687 4497 808 4538 esse
836 4481 1036 4552 pistillo
1064 4481 1263 4556 (Supra
1280 4524 1296 4550 ,
1325 4500 1440 4554 cap.
1472 4484 1622 4556 117).

233 4569 368 4626 CLX.
393 4571 512 4628 Jun.
559 4571 709 4627 Nunc
731 4581 908 4628 autem
933 4586 1054 4627 cum
1082 4571 1441 4628 conﬁteamini
1478 4573 1732 4643 prmvari-

175 4669 354 4718 calores
377 4662 432 4720 in
459 4664 578 4734 lege
611 4677 719 4718 non
746 4676 868 4719 esse
893 4660 1279 4720 benedictionis
1309 4661 1582 4731 haeredes,
1610 4664 1732 4734 quia

177 4752 340 4809 talibus
363 4755 448 4811 lex
476 4755 614 4810 iram
642 4762 928 4824 operatur;
957 4762 1169 4812 constat
1193 4755 1215 4787 ³
1239 4756 1647 4826 promissionem
1672 4756 1736 4812 il-

177 4843 263 4900 lam
286 4861 388 4902 non
413 4846 806 4904 circumcisioni
833 4847 1149 4914 convenire,
1189 4846 1284 4903 sed
1309 4846 1453 4903 ﬁdei.
1478 4848 1747 4927 Destrue-_

175 4947 300 4995 retur
323 4948 497 4996 autem
522 4939 808 5010 promissio
828 4981 844 5006 ,
876 4939 921 4995 si
948 4946 1142 5011 praeter
1164 4939 1337 5011 legem
1380 4941 1538 4996 nemo
1560 4939 1734 5011 justus

174 5038 294 5086 esset
323 5048 337 5086 :
365 5029 794 5103 quandoquidem
821 5039 943 5102 post
983 5031 1398 5102 quadringentos
1441 5039 1495 5087 et
1523 5031 1735 5102 triginta

173 5136 318 5179 annos
356 5123 726 5196 promissionis
777 5123 933 5178 allata
985 5122 1072 5179 lex
1119 5122 1328 5194 (Galat.
1361 5139 1452 5191 ιιι,
1497 5123 1638 5194 17),
1681 5130 1737 5180 et

173 5212 323 5283 ipsum
351 5214 643 5281 Abraham,
670 5221 725 5270 et
753 5214 917 5282 Isaac,
945 5223 1000 5272 et
1024 5214 1210 5283 Jacob,
1237 5225 1293 5271 et
1315 5230 1504 5272 omnes
1533 5215 1586 5270 in
1621 5231 1744 5294 me—g

173 5305 347 5365 dietate
382 5296 424 5341 δ’
449 5316 671 5366 sanctos
730 5317 978 5378 expertes
1037 5308 1426 5366 benedictionis
1484 5307 1734 5364 ostende-

171 5407 269 5466 ret,
315 5416 434 5473 qua:
484 5415 593 5457 non
640 5399 903 5472 potuisset
946 5400 1193 5473 cuiquam
1241 5401 1359 5458 sine
1422 5401 1540 5472 lege
1601 5414 1733 5457 con-

171 5489 299 5547 ferri.

223 5609 488 5683 'ln
534 5607 856 5683 enmiaonon
894 5607 1090 5660 dicendi
1289 5607 1520 5660 Particula
1551 5621 1738 5673 negans

170 5674 436 5723 auctoritate
459 5674 892 5735 manuscriptorum
913 5674 1226 5735 expungitur.
1420 5732 1428 5735 Α
1459 5731 1469 5735 _
1536 5687 1539 5689 '

221 5735 242 5764 ³
265 5735 527 5798 Menardus,
549 5733 616 5783 ad
633 5731 1338 5798 prazdtctioneni.rvi'gnierlus,
1364 5732 1429 5784 ad
1451 5731 1738 5785 benedictio-

169 5803 281 5858 nem.
305 5797 614 5858 corriguntur
640 5807 704 5843 ex
728 5797 1078 5858 manuscriptis.

223 5857 395 5921 inditi,
419 5857 465 5908 et
479 5860 682 5921 constat.
700 5857 1099 5921 mpungendum,
1121 5863 1184 5918 et,
1197 5859 1336 5921 mina
1368 5857 1734 5921 manuscriptos.

175 5975 186 5984 ο
225 5915 247 5948 δ
270 5919 562 6032 vi‘gnierius,
596 5915 891 5982 immediate;
911 5925 1040 5985 Mss,
1063 5915 1115 5974 in
1156 5915 1409 5975 medietate
1436 5931 1454 5972 :
1477 5915 1733 5984 fortc'pro,

175 5989 214 6034 Μ
233 5991 304 6033 me
335 5993 386 6036 ια
401 5987 558 6036 atate.

1483 464 1686 523 LIBER
1722 462 2092 522 SECUNDUS.

3285 481 3421 539 1210

1908 581 2046 639 Anc.
2075 581 2189 640 Imo
2215 583 2580 641 destrueretur
2603 586 2921 656 promissio,
2951 589 2998 647 si
3021 605 3086 648 ex
3112 591 3230 666 lege
3271 594 3421 665 quis-

1835 685 1995 742 quam
2017 673 2192 744 justus
2211 683 2374 732 esset.
2406 674 2468 732 Si
2487 676 2618 730 enim
2641 679 2727 748 qui
2753 694 2818 734 ex
2849 677 2988 751 lege,
3015 681 3234 739 heredes
3265 693 3419 753 sunt;

1835 763 2092 818 exinanita
2131 774 2203 820 est
2252 766 2411 836 ﬁdes,
2442 777 2681 822 evacuata
2717 779 2790 824 est
2819 771 3116 840 promissio;
3159 775 3240 830 lea:
3284 775 3418 831 enim

1834 852 1966 907 iram
1989 865 2227 925 aperatur
2249 857 2425 927 (Rom.
2459 874 2544 925 tv,
2576 859 2676 927 H,
2709 857 2798 934 15)
2833 876 2848 916 :
2877 859 2945 917 ad
2989 861 3089 918 hoc
3115 864 3329 936 utique,
3356 873 3418 923 ut

1834 942 1904 998 ad
1932 944 2064 999 iram
2093 946 2420 1004 evadendam
2441 991 2456 1018 ,
2480 949 2575 1006 Dei
2601 951 2770 1020 gratia
2793 951 3111 1023 requiratur.

1905 1036 2084 1093 CLXI.
2113 1038 2231 1095 Jun.
2256 1040 2407 1110 Quod
2435 1043 2557 1112 quia
2580 1042 2859 1100 manifesto
2882 1044 3073 1101 falsum
3099 1054 3208 1116 est;
3240 1055 3295 1104 et
3318 1048 3416 1106 sub

1833 1129 1951 1200 lege
1978 1133 2172 1202 quippe
2213 1143 2517 1202 peccatores
2556 1151 2768 1205 poenam
2808 1137 3182 1207 merebantur,
3216 1148 3270 1196 et
3290 1150 3417 1198 ante

1834 1222 2004 1295 legem
2043 1225 2248 1295 justitia
2291 1236 2344 1282 et
2373 1227 2503 1285 ﬁdes
2546 1231 2987 1288 remunerationis
3012 1247 3122 1287 suae
3155 1231 3416 1290 fructibus

1833 1317 2051 1387 privatae
2090 1334 2196 1402 non
2240 1330 2396 1388 sunt;
2443 1331 2682 1392 constat,
2724 1340 2828 1380 non
2873 1323 2940 1380 ad
2966 1333 3233 1381 truncatas
3271 1323 3416 1381 ferro

1833 1421 2022 1465 carnes
2042 1451 2056 1476 ,
2079 1411 2172 1466 scd
2202 1411 2268 1466 ad
2290 1413 2520 1470 illustres
2549 1416 2811 1486 probitate
2836 1423 3042 1473 mentes
3061 1457 3076 1484 ,
3105 1416 3416 1488 promissio-

1835 1499 1917 1556 nis
1945 1502 2086 1557 illius
2133 1503 2354 1574 gloriam
2385 1507 2668 1576 pertinere.
2718 1508 2969 1581 Sequitur
3012 1517 3189 1565 autem
3230 1507 3415 1564 fulmi-

1834 1607 1934 1647 nea
1981 1604 2162 1649 contra
2211 1596 2481 1653 traducem
2526 1602 2786 1656 sententia
2819 1619 2832 1656 :
2863 1600 2969 1657 Lea:
3010 1601 3174 1669 enim,
3207 1601 3413 1671 inquit,

1832 1686 1962 1740 iram
2001 1701 2238 1758 operatur
2266 1707 2286 1745 :
2324 1692 2408 1746 ubi
2426 1702 2592 1748 autent
2616 1712 2716 1750 non
2743 1705 2814 1750 est
2852 1697 2962 1764 lex,
2992 1714 3082 1752 nec
3111 1698 3416 1768 prwvarica-

1839 1778 1928 1833 tio.
1961 1779 2229 1838 Persuade
2269 1799 2396 1856 ergo
2441 1786 2611 1858 legem
2637 1788 2812 1844 datam
2851 1805 2968 1847 esse
2990 1791 3297 1862 conceptis,
3334 1791 3416 1848 le-

1833 1887 1952 1942 gem
1979 1888 2136 1944 posse
2165 1874 2280 1931 dari
2330 1879 2705 1948 nascentibus;
2750 1890 2806 1937 ut
2839 1897 2934 1940 eos
2967 1883 3416 1953 praevaricationis

1832 1977 1954 2020 reos
1974 1967 2142 2036 possit
2160 1983 2406 2039 arguere.
2434 1970 2696 2027 Caeterum
2736 1989 2833 2030 nos
2860 1989 2981 2029 cum
3011 1975 3267 2044 Apostolo
3291 1989 3415 2030 cre-

1834 2052 2042 2126 dimus,
2080 2075 2238 2129 quem
2282 2061 2414 2116 nihil
2441 2073 2626 2119 contra
2665 2066 2925 2122 rationem
2968 2067 3200 2145 sensisse
3223 2048 3414 2123 defen-

1833 2147 2039 2219 dimus,
2063 2169 2168 2208 non
2195 2169 2314 2211 esse
2339 2155 2394 2212 in
2420 2171 2482 2213 ea
2505 2167 2660 2214 actate
2681 2160 3172 2238 prmvaricationem
3190 2202 3206 2226 ,
3233 2161 3287 2215 in
3311 2175 3417 2231 qua

1834 2245 1916 2302 lex
1944 2261 2064 2302 esse
2091 2263 2196 2303 nou
2225 2251 2434 2321 potuit;
2466 2253 2589 2322 quia
2610 2252 2694 2307 ubi
2714 2270 2815 2308 non
2844 2262 2917 2308 est
2957 2254 3069 2322 lex,
3101 2271 3189 2310 nec
3217 2270 3417 2326 prava-

1833 2340 2012 2395 ricalio
2052 2357 2071 2396 :
2112 2357 2230 2412 qua:
2269 2343 2351 2399 lea:
2376 2345 2505 2399 iram
2542 2356 2813 2419 aperatur,
2853 2363 2962 2403 non
3003 2347 3130 2404 vitio
3157 2363 3292 2416 suo,
3321 2346 3418 2404 sed

1834 2446 2018 2487 eorum
2079 2433 2388 2506 iniquitate,
2431 2437 2553 2511 qui
2597 2447 2816 2510 peccata
2865 2439 3148 2496 virtutibus
3193 2449 3416 2512 antepo-

1833 2534 1984 2581 nunt.

1905 2621 2041 2676 Anc.
2085 2620 2204 2677 Non
2230 2631 2312 2678 est
2337 2637 2467 2695 ergo
2513 2623 2597 2680 lex
2635 2623 2868 2690 Christi,
2910 2624 3030 2680 Nisi
3073 2625 3186 2696 quis
3214 2633 3421 2680 renatus

1835 2709 1982 2779 fuerit
2006 2728 2068 2765 ea:
2102 2729 2233 2782 aqua
2255 2723 2300 2768 et
2329 2714 2563 2784 Spiritu,
2593 2732 2694 2770 non
2719 2725 2876 2786 potest
2901 2717 3091 2771 intrare
3122 2717 3176 2771 in
3212 2732 3421 2786 regnum

1833 2802 1930 2857 Dei
1961 2803 2137 2876 (Joan.
2165 2821 2251 2873 ιιι,
2284 2807 2377 2878 5)?
2402 2823 2561 2878 quam
2601 2809 2774 2880 legem
2810 2808 2993 2885 vides,
3022 2809 3180 2864 etiam
3207 2809 3273 2864 ad
3302 2824 3423 2878 par-

1833 2896 1988 2951 vulos
2015 2898 2300 2968 pertinere.
2331 2899 2526 2956 Verum
2559 2909 2612 2956 tu
2639 2901 2725 2957 dic
2752 2903 2926 2972 potius
2946 2944 2962 2970 ,
2991 2903 3241 2974 parvulus
3267 2902 3421 2973 cujus

1834 2991 2009 3045 anima
2035 2991 2286 3047 interibat
2329 2992 2395 3048 de
2432 2983 2629 3065 genere
2655 2995 2800 3064 ejus,
2826 2995 2870 3050 si
2898 2995 2985 3050 die
3012 3009 3117 3050 non
3142 2994 3423 3050 circumci-

1835 3080 2052 3136 deretur
2080 3091 2268 3139 octavo
2299 3082 2452 3154 (Gen.
2484 3101 2590 3140 xvu
2612 3126 2626 3152 ,
2659 3087 2750 3156 14)
2771 3127 2786 3151 ,
2827 3085 2978 3157 cujus
3019 3087 3422 3157 praevaricatio-

1835 3174 1917 3230 nis
1967 3176 2321 3246 arguebatur,
2363 3185 2421 3232 ut
2469 3179 2558 3233 tali
2605 3178 2867 3249 supplicio
2910 3173 3270 3251 plecteretur?
3307 3179 3420 3236 Nisi

1835 3268 1957 3338 quia
1996 3268 2110 3339 ipse
2137 3269 2192 3323 in
2222 3285 2281 3326 se
2324 3270 2441 3340 ipso
2486 3271 2618 3326 nihil
2664 3285 2926 3341 peccans,
2974 3271 3253 3327 tenebatur
3294 3286 3422 3328 reus

1833 3361 1886 3416 in
1928 3361 2257 3416 similitudine
2322 3363 2747 3432 pra'varicationis
2797 3363 2960 3432 Adae,
3006 3365 3062 3419 in
3106 3381 3205 3436 quo
3247 3380 3418 3420 omnes

1834 3463 2164 3526 peccaverunt
2185 3453 2361 3525 (Rom.
2388 3471 2453 3523 v,
2486 3456 2585 3524 11,
2615 3455 2725 3527 12).
2754 3455 2884 3525 Quae
2911 3456 3073 3513 verba
3101 3455 3416 3528 apostolica,

1834 3556 1942 3603 tam
2004 3547 2147 3602 clara
2199 3546 2515 3616 obscurare,
2567 3555 2676 3603 tam
2720 3557 2866 3605 recta
2913 3563 3167 3618 curvare,
3220 3549 3419 3621 ingenti

1743 3692 1746 3694 ν
1834 3638 2047 3711 quidem
2074 3680 2088 3706 ,
2118 3638 2212 3695 sed
2242 3639 2385 3694 inani
2410 3639 2596 3696 labore
2620 3640 2852 3696 conaris.

1905 3728 2107 3786 CLXII.
2135 3731 2253 3787 Jun.
2298 3731 2628 3802 Approbavit
2653 3747 2780 3804 ergo
2803 3732 3124 3802 Apostolus,
3150 3731 3274 3807 quia
3311 3747 3420 3789 non

1835 3823 1906 3880 sit
1951 3822 2316 3879 tantummodo
2361 3823 2617 3894 scriptum
2654 3832 2876 3895 propter
2919 3823 3224 3892 Abraham,
3275 3822 3418 3894 quod

1834 3924 2134 3986 reputatum
2165 3925 2248 3972 est
2284 3915 2359 3970 illi
2397 3915 2463 3972 ad
2502 3916 2783 3987 justitiam;
2828 3915 2922 3972 sed
2945 3924 2999 3972 et
3026 3923 3243 3986 propter
3284 3930 3418 3985 nos,

1835 4009 2026 4080 quibus
2069 4008 2184 4064 sine
2225 4007 2389 4064 dubio
2421 4016 2730 4080 reputatur,
2776 4023 2898 4064 cum
2940 4007 2995 4064 in
3043 4008 3213 4064 Deum
3242 4007 3418 4064 credi-

1835 4117 1986 4169 mus,
2033 4102 2125 4174 qui
2165 4101 2346 4158 Iesum
2380 4087 2669 4159 Christum
2718 4118 2784 4159 ex
2832 4098 3057 4159 mortuis
3103 4102 3354 4158 excitavit
3402 4119 3417 4157 :

1839 4192 1940 4260 Qui
1978 4193 2191 4248 traditus
2229 4203 2301 4249 est
2321 4235 2335 4261 ,
2372 4193 2544 4264 inquit
2567 4237 2580 4258 ,
2614 4201 2817 4266 prapler
2837 4193 3021 4251 delicta
3052 4202 3242 4260 nostra,
3269 4201 3318 4248 et
3338 4209 3422 4249 re-

1835 4284 2055 4340 surrexit
2095 4293 2301 4356 prapter
2333 4285 2751 4356 justiﬁcationem
2794 4293 3017 4341 nostram
3055 4284 3164 4358 (Id.
3194 4301 3278 4354 tv,
3323 4285 3421 4340 23-

1835 4376 1949 4450 25).

1907 4468 2043 4526 Avo.
2066 4467 2149 4525 Ab
2181 4467 2282 4525 hac
2327 4468 2496 4540 gratia
2525 4469 2783 4540 separatis
2823 4469 3072 4540 parvulos
3090 4509 3106 4537 ,
3133 4482 3267 4540 quos
3293 4467 3419 4524 nul-

1836 4561 1949 4618 lum
1976 4550 2229 4619 delictum
2264 4579 2332 4620 ex
2359 4564 2563 4635 origine
2589 4573 2814 4620 tractum
2841 4563 3038 4620 habere
3063 4563 3420 4632 contenditis;

1837 4656 1978 4711 unde
2007 4657 2065 4710 ﬁt
2088 4641 2456 4728 consequens,
2489 4664 2548 4711 ut
2592 4671 2698 4711 non
2723 4655 2790 4711 ad
2818 4669 2912 4711 eos
2938 4655 3199 4726 pertineat
3224 4655 3422 4714 beneﬁ-

1837 4747 1975 4803 cium
1996 4789 2011 4816 ,
2039 4763 2144 4818 quo
2182 4756 2400 4818 propter
2442 4747 2635 4802 delicta
2683 4753 2863 4803 nostra
2886 4755 2988 4803 est
3022 4747 3244 4804 traditus
3272 4749 3418 4806 Citri-

1837 4851 1952 4897 stus
1982 4859 1994 4894 :
2025 4849 2080 4896 et
2106 4840 2220 4896 haec
2249 4840 2542 4896 sentientes
2575 4849 2631 4896 et
2653 4840 3074 4913 dogmatizantes
3096 4841 3418 4903 christianos

1837 4934 2129 4992 catholicos
2159 4949 2254 4990 vos
2273 4934 2452 4989 dicere
2476 4933 2714 4990 audetis!

1909 5027 2129 5084 CLXIII.
2160 5027 2280 5084 Jun.
2311 5025 2479 5094 Quam
2505 5022 2847 5086 vehementer
2884 5029 3146 5098 inculcat,
3185 5029 3324 5102 apud
3347 5032 3426 5101 ju-

1838 5129 1978 5178 stum
2015 5120 2244 5192 judicem
2272 5121 2438 5176 Deum
2464 5120 2637 5176 aliena
2661 5131 2876 5192 peccata
2899 5123 3018 5179 aliis
3055 5138 3160 5180 non
3189 5139 3384 5180 nocere
3403 5164 3422 5194 ,

1839 5215 1928 5286 qui
1957 5214 2337 5270 commendans
2365 5223 2592 5271 mortem
2616 5213 2814 5272 Christi
2841 5215 3123 5287 vigilanter
3146 5218 3420 5284 enuntiat,

1838 5317 2057 5379 propter
2093 5315 2273 5362 nostra
2306 5307 2453 5363 illum
2482 5307 2708 5378 delicta,
2749 5325 2867 5381 quae
2895 5317 2949 5366 et
2975 5310 3124 5382 plura
3151 5318 3300 5366 erant
3323 5351 3337 5378 ,
3368 5317 3424 5366 ct

1839 5407 2020 5455 nostra
2050 5407 2236 5463 erant,
2280 5408 2336 5454 ct
2378 5415 2482 5455 non
2528 5411 2748 5472 propter
2787 5417 2947 5457 unum
2971 5410 3025 5456 et
3057 5401 3324 5469 alienum,
3368 5409 3425 5458 et

1839 5491 1967 5548 olim
1992 5491 2228 5548 defuncti
2254 5493 2484 5549 hominis
2503 5534 2518 5561 ,
2550 5502 2778 5549 mortem
2808 5492 3134 5565 oppetiisse?

1911 5583 2047 5639 Anc.
2081 5581 2442 5639 lnobedientia
2485 5584 2696 5654 quidem
2725 5584 2880 5639 unius
2907 5581 3138 5638 hominis
3181 5597 3288 5638 non
3330 5585 3424 5640 ab-

1842 5673 2001 5730 surde
2027 5675 2210 5745 utique
2250 5674 2498 5731 delictum
2526 5674 2719 5729 dicitur
2742 5660 2970 5728 alienum
2990 5710 3005 5734 ,
3032 5672 3156 5741 quia
3182 5673 3422 5730 nondum

1842 5765 1951 5821 nati
1999 5765 2234 5821 nondum
2274 5780 2552 5837 egeramus
2594 5763 2791 5833 aliquid
2821 5760 3130 5832 proprium,
3179 5764 3291 5822 sive
3323 5765 3422 5822 bo-

1843 5873 1968 5914 num
1993 5899 2006 5922 ,
2037 5858 2154 5912 sive
2191 5858 2388 5912 malum
2439 5873 2452 5910 :
2499 5855 2592 5910 sed
2639 5854 2758 5924 quia
2803 5853 2855 5907 in
2882 5851 2974 5906 illo
3013 5856 3108 5922 qui
3139 5854 3241 5912 hoc
3283 5857 3418 5927 egit,

1843 5949 2054 6024 quando
2091 5949 2143 6007 id
2187 5951 2329 6025 egit,
2359 5963 2545 6008 omnes
2589 5960 2833 6017 eramus,
2867 5949 3184 6024 tantumque
3224 5945 3324 6007 fuit
3363 5961 3434 6012 ac
