3996 6486
439 514 545 568 tale
570 509 816 566 delictum
836 551 851 576 ,
874 516 933 588 ut
952 523 1020 566 eo
1044 518 1232 586 natura
1263 510 1510 565 universa
1537 510 1814 564 vitiaretur
1837 506 2026 562 huma-

439 617 504 660 na
526 621 540 668 ;
563 601 704 674 quod
735 601 864 656 satis
886 602 1083 657 iudicat
1107 603 1267 657 etiam
1291 603 1403 672 ipsa
1430 603 1644 674 generis
1669 600 1888 655 humani
1916 608 2026 654 tam

439 693 719 751 manifesta
781 694 1026 760 miseria;
1073 694 1176 750 hoc
1216 691 1471 749 delictum
1519 694 1754 748 alienum
1795 692 2032 746 obnoxia

441 789 782 844 successione
825 787 885 843 ﬁt
927 798 1167 843 nostrum
1201 805 1217 840 :
1257 797 1477 862 propter
1519 786 1660 858 quod
1701 785 1900 841 dictum
1945 792 2026 840 est

441 897 472 937 a
503 879 719 938 doctore
745 883 1008 938 catholico
1030 896 1052 950 ,‘
1088 881 1176 952 qui
1207 892 1354 936 recte
1385 881 1646 936 intellexit
1686 878 2022 953 Apostolum,

443 994 464 1028 ς
494 975 694 1031 Omnes
755 974 997 1030 homines
1039 976 1140 1030 sub
1190 984 1409 1045 peccato
1451 973 1753 1040 nascimur,
1803 986 2029 1042 quorum

442 1069 556 1138 ipse
583 1078 730 1122 ortus
779 1067 830 1121 in
871 1068 997 1122 vitio
1027 1075 1109 1122 est
1138 1085 1157 1120 ι
1215 1053 1564 1138 (Ambrosius,
1595 1064 1660 1119 de
1690 1063 2026 1129 Paenitentia,

441 1163 530 1218 lib.
566 1164 587 1218 l
616 1206 631 1228 ,
661 1180 777 1234 cap.
807 1161 844 1216 2
885 1163 962 1217 vel
989 1162 1069 1231 3).
1117 1161 1278 1231 Cujus
1325 1161 1651 1215 intellectum
1673 1201 1687 1226 ,
1717 1167 1772 1214 et
1806 1158 2030 1212 aliorum

440 1257 556 1326 ejus
584 1257 634 1311 in
662 1255 921 1312 catholica
965 1255 1190 1309 veritate
1215 1254 1512 1317 sociorum,
1546 1253 1589 1306 si
1613 1251 1763 1322 sequi
1804 1249 2037 1305 volueri-

441 1350 509 1404 tis
532 1391 545 1415 ,
578 1365 684 1403 non
715 1348 978 1417 cogemini
1006 1346 1244 1402 alienare
1268 1345 1515 1416 parvulos
1541 1360 1571 1399 a
1599 1343 1864 1399 beneficio
1886 1356 2032 1396 mor-

443 1441 510 1496 tis
533 1441 649 1511 ejus
673 1484 687 1506 ,
709 1442 796 1511 qui
824 1440 1039 1494 traditus
1064 1449 1136 1493 est
1165 1449 1370 1509 propter
1395 1437 1577 1492 delicta
1597 1446 1801 1502 nostra;
1831 1445 1882 1490 et
1909 1451 2038 1488 unus

443 1552 536 1606 pro
579 1535 808 1590 omnibus
853 1546 1080 1589 mortuus
1101 1541 1212 1588 est:
1252 1535 1342 1588 ubi
1387 1532 1530 1604 quod
1581 1531 1822 1602 sequitur
1845 1529 2041 1584 clamat

444 1629 764 1699 Apostolus,
809 1627 943 1700 Ergo
971 1645 1144 1683 omnes
1171 1629 1356 1682 mortui
1390 1635 1507 1684 sunt
1527 1647 1548 1697 ;
1583 1634 1628 1680 et
1672 1639 1764 1697 pro
1804 1622 2036 1676 omnibus

449 1719 676 1777 mortuus
695 1730 764 1777 est
790 1722 852 1795 (ll
879 1722 995 1778 Cor.
1014 1738 1067 1787 v,
1099 1723 1166 1777 Η
1183 1731 1228 1776 et
1248 1720 1334 1794 l5)
1357 1738 1371 1774 :
1394 1730 1447 1776 ct
1468 1735 1562 1775 vos
1585 1718 1905 1781 reclamatis,
1922 1714 2037 1770 Non

448 1825 573 1870 sunt
597 1817 792 1869 mortui
828 1814 1034 1886 parvuli
1057 1833 1070 1879 ;
1094 1815 1322 1870 clamate
1347 1822 1402 1870 et
1432 1812 1572 1886 quod
1599 1812 1842 1882 sequitur
1861 1852 1874 1875 ,
1901 1809 2040 1879 Ergo

451 1913 556 1960 n‘on
587 1921 683 1976 pro
709 1905 836 1975 ipsis
880 1913 1127 1961 mortuus
1156 1915 1271 1972 est;
1299 1914 1353 1960 et
1377 1904 1552 1960 videte
1581 1913 1759 1957 utrum
1808 1917 1903 1955 vos
1933 1915 2039 1954 non

448 1987 640 2052 mortui
664 1996 888 2067 jaceatis
912 2000 927 2029 ί
950 2041 964 2064 ,
993 1997 1081 2069 qui
1114 1997 1338 2051 mortuis
1359 2039 1372 2060 ,
1400 2013 1468 2051 ne
1493 1995 1832 2051 vivilicentur
1850 2034 1864 2058 ,
1891 1981 2043 2047 Chri-

445 2087 512 2144 sli
541 2101 764 2144 mortem
799 2091 1028 2160 negatis.
1057 2089 1188 2158 Quia
1214 2105 1318 2143 non
1348 2089 1454 2152 eis,
1493 2088 1627 2142 sicut
1651 2087 1881 2158 putatis,
1916 2099 2040 2156 pec-

444 2191 618 2237 catum
642 2181 800 2237 debet
826 2184 980 2237 unius
1004 2184 1024 2215 ³
1052 2192 1106 2238 et
1133 2183 1257 2237 olim
1285 2179 1520 2237 defuncti
1546 2180 1775 2234 hominis
1813 2179 2044 2247 imputa-
2079 2221 2085 2226 .

445 2273 512 2329 ri.
544 2274 653 2331 Nec
681 2276 976 2344 attenditis,
1007 2278 1234 2348 primum
1283 2275 1552 2329 hominem
1597 2273 1766 2328 Adam
1810 2272 1887 2326 sic
1913 2272 2039 2326 olim

443 2366 612 2423 fuisse
659 2367 1009 2436 defunctum,
1058 2377 1117 2422 ut
1170 2377 1345 2421 tamen
1398 2375 1518 2437 post
1569 2366 1714 2420 illum
1773 2363 2042 2418 secundus

445 2453 607 2506 homo
653 2451 721 2506 sit
741 2452 1017 2518 Christus;
1049 2467 1172 2508 cum
1207 2461 1282 2506 tot
1310 2454 1582 2506 hominum
1613 2450 1774 2504 millia
1805 2448 1946 2504 inter
1981 2449 2044 2503 il-

444 2544 554 2600 lum
595 2553 648 2600 et
677 2545 818 2600 hunc
851 2556 964 2599 orta
1005 2547 1111 2600 sint
1145 2564 1157 2600 :
1186 2556 1237 2601 et
1270 2545 1389 2601 ideo
1439 2546 1775 2600 manifestum
1815 2554 1929 2611 est,
1973 2543 2040 2600 ad

444 2637 592 2694 illum
620 2639 888 2709 pertinere
917 2654 1128 2693 omnem
1159 2639 1246 2710 qui
1274 2655 1340 2694 ex
1371 2639 1460 2693 illo
1488 2637 1509 2671 ⁸
1539 2638 1878 2694 successione
1913 2652 2040 2709 pro-

445 2729 653 2801 paginis
678 2729 946 2796 nascitur,
980 2732 1115 2786 sicut
1137 2732 1200 2786 ad
1230 2733 1387 2787 istum
1416 2732 1645 2799 pertinet
1671 2732 1846 2786 omnis
1876 2733 1961 2801 qui
1987 2731 2040 2786 in

447 2821 538 2877 illo
563 2821 746 2894 gratiae
775 2822 1017 2893 largitate
1044 2824 1357 2879 renascitur.
1385 2822 1540 2880 Unde
1580 2824 1636 2878 lit
1677 2833 1732 2878 ut
1761 2833 1924 2878 totum
1951 2839 2042 2893 ge-

446 2927 547 2968 nus
575 2913 863 2969 humanum
889 2914 1120 2986 quodam
1153 2916 1312 2972 modo
1353 2916 1459 2970 sint
1487 2915 1730 2971 homines
1757 2916 1893 2981 duo,
1927 2914 2043 2986 pri-

450 3020 572 3060 mus
613 3017 667 3062 et
694 3005 982 3062 secundus.

519 3095 750 3153 CLXIV.
796 3098 913 3154 ιω..
941 3097 1044 3168 Qui
1083 3114 1210 3170 ergo
1262 3098 1392 3154 dicit
1421 3097 1583 3154 multa
1629 3097 1862 3166 delicta,
1907 3096 2042 3152 nihil

447 3189 516 3245 d'c
559 3205 669 3246 uno
722 3190 1177 3262 Manicha-orum,
1224 3191 1276 3247 id
1330 3201 1447 3259 est,
1516 3189 1751 3248 traducis
1799 3190 2042 3262 suspica-

450 3279 557 3340 tur.

519 3377 657 3432 Aac.
705 3375 813 3431 Sed
848 3377 1063 3448 utique,
1117 3377 1280 3433 homo
1321 3375 1689 3444 contentiose,
1734 3375 1902 3431 multa
1942 3373 2042 3431 de-

448 3467 573 3524 licta
601 3478 818 3536 essent,
845 3485 965 3540 qnze
995 3471 1146 3527 multi
1169 3471 1458 3535 haberent,
1490 3472 1650 3525 etiam
1679 3470 1886 3542 singula
1931 3469 2043 3525 sin-

450 3559 554 3628 guli
575 3603 589 3627 ,
612 3561 844 3631 propria:
869 3561 1158 3618 voluntatis
1178 3605 1193 3628 ,
1223 3563 1268 3618 si
1297 3563 1361 3618 ad
1385 3564 1651 3618 lavacrum
1677 3563 2046 3633 regeneratio-

452 3650 538 3707 nis
568 3652 843 3728 venirent,
871 3669 992 3709 cum
1030 3656 1259 3727 primum
1295 3670 1516 3726 peccare
1544 3656 1869 3725 erupissent;
1910 3669 2045 3726 quos

452 3757 643 3798 omnes
685 3734 977 3801 secundum
1007 3747 1196 3809 istam.
1230 3761 1339 3802 non
1379 3747 1672 3814 rationem,
1714 3746 1806 3802 sed
1848 3746 2046 3801 distor-

454 3838 655 3894 tioncm
677 3848 820 3895 tuam
840 3882 855 3905 ,
887 3840 955 3896 ab
981 3841 1078 3897 hac
1117 3839 1282 3913 gratia
1303 3881 1318 3908 ,
1351 3857 1471 3913 qua:
1515 3855 1582 3897 ex
1613 3839 1794 3895 multis
1831 3837 2044 3896 delictis

453 3927 744 4000 justillcat,
791 3931 962 3988 facitis
1009 3933 1240 3998 alienos;
1286 3934 1535 4004 quoniam
1585 3949 1690 3988 non
1737 3932 1895 3988 vultis
1923 3933 2042 4004 ejus

456 4035 576 4078 esse
618 4024 902 4094 participes
946 4025 1212 4095 quoslibet
1254 4025 1528 4091 homines,
1581 4039 1804 4094 quorum
1848 4024 2044 4080 delicta

456 4111 582 4171 sunt
609 4113 835 4184 singula.
860 4114 1069 4183 Quanto
1108 4116 1275 4186 magis
1304 4131 1430 4186 ergo
1460 4116 1622 4170 multa
1647 4127 1770 4171 sunt
1791 4158 1804 4180 ,
1832 4117 1910 4172 eis
1953 4117 2050 4171 ad-

457 4206 582 4262 ditis
608 4221 726 4276 qute
754 4205 950 4262 habent
993 4205 1082 4260 alii
1125 4206 1271 4276 plura
1293 4247 1309 4275 ,
1358 4207 1444 4261 alii
1474 4208 1718 4276 pauciora
1737 4207 1763 4260 ?
1787 4223 1815 4261 a
1852 4208 2044 4278 quibus

455 4307 636 4353 tamen
693 4297 938 4353 omnibus
991 4297 1182 4354 liberat
1220 4299 1318 4353 ista
1360 4299 1559 4368 gratia,
1608 4298 1675 4354 de
1703 4314 1806 4368 qua
1847 4299 2046 4354 dictum

457 4403 571 4457 est,
607 4391 884 4447 Ex‘multis
909 4392 1104 4446 delictis
1133 4392 1184 4446 in
1206 4393 1625 4461 justi/irationem
1657 4390 1832 4465 (Rom.
1859 4409 1908 4458 v,
1934 4393 2044 4465 16).

465 4503 484 4539 ι
517 4485 637 4540 Fuit
663 4485 805 4541 enim
851 4483 1056 4553 Adam,
1095 4497 1148 4541 et
1179 4486 1230 4541 in
1273 4487 1363 4540 illo
1407 4485 1600 4540 luimus
1626 4500 1848 4553 omnes;
1891 4487 2049 4557 periit

457 4577 630 4635 Adam
653 4619 666 4642 ,
695 4587 748 4632 et
787 4578 840 4632 in
871 4577 962 4632 illo
991 4593 1178 4633 omnes
1218 4578 1509 4649 perierunt.
1548 4596 1566 4630 s
1602 4576 1917 4632 Ambrosius
1946 4576 2049 4633 hoc

460 4668 599 4724 dixit
625 4667 762 4737 (Lib.
783 4668 818 4723 Ἰ
845 4669 896 4722 in
925 4667 1051 4723 Luc.
1083 4684 1188 4735 xv,
1217 4667 1314 4740 Ἃ)
1349 4667 1751 4735 :calumniose,
1784 4684 1889 4722 non
1934 4677 2051 4723 erat

462 4761 814 4818 Maniclurus.
843 4761 1096 4818 Parvulos
1126 4763 1432 4832 contagium
1461 4761 1646 4816 mortis
1672 4763 1908 4832 antiqurc
1932 4761 2047 4833 pri-

466 4872 550 4912 ma
574 4856 853 4911 nativitate
877 4857 1192 4912 contrahere
1208 4900 1223 4925 ,
1255 4857 1552 4929 Cyprianus
1573 4856 1708 4911 dixit
1738 4855 1930 4930 (Epist.
1956 4857 2048 4924 64,

463 4950 534 5004 ad
575 4948 783 5019 Fidum)
819 4966 832 5002 :
860 4949 1189 5020 calumniose
1213 4991 1227 5014 ,
1259 4964 1364 5005 non
1417 4960 1532 5005 erat
1554 4948 1894 5006 Manichreus.
1923 4949 2052 5006 Om-

463 5055 560 5098 nes
588 5041 640 5096 in
680 5056 788 5097 uno
824 5039 991 5096 Adam
1023 5056 1306 5112 peccasse,
1355 5041 1586 5098 llilarius
1633 5041 1767 5097 dixit
1798 5059 1812 5097 :
1844 5041 2051 5097 calum-

463 5137 614 5192 niose
633 5177 648 5200 ,
677 5149 786 5190 non
833 5144 947 5191 erat
976 5133 1296 5191 Manichacus
1335 5133 1432 5208 (a).
1466 5134 1522 5191 ln
1551 5150 1656 5206 qua
1683 5133 1923 5190 Ecclesia
1951 5135 2050 5191 ista

463 5227 795 5296 didicerunt,
822 5227 1183 5295 calumniose,
1214 5242 1320 5284 non
1343 5237 1460 5284 erat
1485 5227 1777 5284 Manichaea
1808 5244 1822 5283 :
1853 5235 1910 5285 et
1927 5228 2051 5300 quia

463 5318 725 5375 catholica
781 5328 929 5388 erat,
997 5329 1158 5392 atque
1201 5319 1466 5377 catholica
1527 5329 1864 5392 perseverat,
1931 5321 2052 5376 ideo

464 5427 560 5469 vos
611 5396 796 5469 contra
843 5413 944 5469 ista
999 5415 1291 5472 sentientes
1355 5425 1410 5471 et
1455 5417 1845 5473 contendentes
1909 5415 2052 5473 ferre

515 5519 545 5590 ’ξ
570 5524 642 5590 sic
657 5530 846 5590 nasot
869 5524 1006 5586 editi,
1029 5531 1192 5590 utrum
1211 5538 1290 5577 vos
1312 5525 1460 5590 etiam
1476 5525 1654 5580 mortui
1667 5525 1892 5590 jaceatis.

460 5583 846 5698 wi’uz‘ignlerius
875 5583 1073 5663 omittit,
1095 5589 1254 5648 unius,
1278 5589 1413 5654 quod
1447 5603 1512 5641 ex
1545 5583 1888 5654 manuscriptis
1903 5593 2053 5642 resti-

531 5707 550 5741 ³
575 5710 708 5782 editi,
733 5709 898 5782 quieo:
941 5712 1045 5765 illa.
1067 5719 1123 5766 Et
1144 5711 1287 5775 infra,
1313 5711 1395 5779 qui
1415 5713 1467 5765 in
1487 5711 1592 5766 illa.
1612 5717 1915 5782 manuscripti
1933 5731 2054 5768 vero

460 5773 762 5834 wmnter,
783 5773 885 5826 illo.

461 5835 972 5965 aﬂfgtlzgmgp
1004 5851 1130 5905 opus
1149 5845 1317 5893 contra
1349 5839 1624 5906 Julianum,
1646 5839 1732 5893 ub.
1760 5843 1805 5906 t,
1831 5855 1882 5893 ιι.
1903 5842 2012 5894 5-H
2033 5879 2050 5907 ,

1127 393 1374 451 OPERIS
1409 391 1820 451 IMPERFECTI
1855 387 2130 480 CONTRA.
2170 386 2511 464 JULIANUM
2541 433 2554 458 ,
2596 390 2654 446 S.
2699 389 3068 450 AUGUSTINI

2140 517 2246 558 non
2309 505 2514 574 potuit;
2546 513 2603 560 et
2635 514 2695 559 ut
2741 505 3000 562 catholica
3033 513 3400 584 permaneret,
3441 507 3730 574 inﬁrmita-

2141 605 2246 652 tem
2286 597 2626 666 parvulorum
2657 613 2877 653 suorum
2901 608 3076 654 vestra
3104 583 3744 658 damnatlmte‘r'nunivit."

2210 689 2412 746 CLXV.
2443 689 2563 747 IUL.
2614 689 2893 761 Iusti/irati
2939 695 3108 764 itaque
3136 711 3198 748 ea:
3242 693 3375 764 ﬁde,
3418 712 3595 766 pacem
3633 677 3735 752 latio

2140 787 2342 842 beamus
2379 786 2448 840 ad
2489 785 2656 840 Deum
2701 803 2789 858 per
2814 785 3090 842 Dominum
3121 773 3350 844 nostrum
3375 787 3554 844 Iesum
3577 790 3739 848 Chri-

2139 887 2304 943 stum,
2357 895 2446 948 per
2504 895 2648 948 quem
2701 889 2750 934 et
2795 897 3050 938 accessum
3114 879 3354 937 [tabernas
3395 883 3450 937 in
3513 885 3743 955 gratiam

2139 969 2322 1037 istam,
2360 971 2411 1024 in
2448 988 2547 1041 qua
2579 981 2797 1035 stamus,
2829 983 2876 1027 et
2915 973 3195 1045 gloriamur
3237 975 3289 1028 in
3318 991 3408 1045 spe
3436 976 3612 1050 gloriae
3643 977 3748 1031 Dei

2142 1057 2400 1132 (Rom.v,
2432 1061 2454 1116 l
2488 1071 2535 1116 et
2563 1060 2642 1134 2).
2675 1063 2775 1130 Qui
2803 1064 2953 1120 vobis
2985 1063 3176 1120 videtis
3197 1108 3212 1132 ,
3241 1049 3445 1134 inquit,
3473 1052 3742 1139 jusulicas

2141 1151 2342 1206 tionem
2377 1168 2472 1222 per
2518 1163 2856 1222 peccatorum
2898 1156 3107 1210 veniam
3139 1153 3305 1211 fuisse
3338 1155 3619 1224 collatam,
3651 1161 3745 1214 lira

2142 1259 2284 1299 mam
2320 1252 2498 1299 tenete
2524 1245 2863 1300 concordiam
2882 1288 2899 1314 ,
2939 1255 2992 1302 et
3020 1248 3239 1318 paribus
3263 1249 3456 1304 animis
3483 1231 3746 1305 Medi-ato-

2142 1338 2216 1392 ris
2241 1337 2380 1393 dona
2433 1338 2680 1406 laudate,
2706 1340 2861 1410 cujus
2910 1355 3132 1396 munere
3169 1341 3421 1398 collatum
3455 1343 3609 1398 nobis
3659 1351 3745 1400 est

2143 1441 2203 1486 ut
2251 1433 2306 1487 in
2353 1432 2493 1487 hanc
2538 1433 2763 1503 gratiam
2807 1433 3132 1490 haberemus
3181 1434 3491 1501 introitum;
3543 1447 3598 1491 et
3645 1423 3744 1493 eos

2143 1537 2277 1593 quos
2312 1524 2514 1593 justitia
2566 1540 2688 1580 reos
2720 1527 2969 1593 tenebat,
3010 1527 3132 1598 quia
3171 1543 3294 1582 reos
3353 1543 3450 1583 nos
3491 1545 3598 1584 non
3647 1545 3749 1584 na-

2137 1623 2262 1668 tura
2327 1615 2562 1684 fecerat,
2627 1616 2721 1671 sed
2768 1618 3045 1685 voluntas,
3093 1617 3325 1674 libertati
3364 1619 3628 1686 reddidit,
3691 1627 3754 1676 et’

2145 1709 2341 1778 eripuit
2382 1709 2607 1774 ultioni;
2669 1711 3056 1783 prmstititque,
3115 1721 3176 1766 ut
3237 1711 3328 1783 qui
3393 1713 3749 1783 sperabamus

2145 1808 2345 1856 :eterna
2387 1801 2648 1874 supplicia
2674 1843 2691 1872 ,
2745 1802 2908 1859 modo
2952 1803 3249 1876 gloriemur
3293 1805 3347 1860 in
3396 1819 3492 1877 spe
3557 1804 3750 1878 gloria:

2147 1896 2263 1952 Dei.

2217 1989 2352 2046 Ave.
2421 1987 2536 2044 Non
2595 2005 2692 2061 per
2748 1989 2917 2046 solam
2968 1999 3309 2062 peccatorum
3371 1987 3749 2047 dimissionem

2140 2081 2449 2152 justilicatio
2493 2083 2590 2137 ista
2637 2083 2940 2150 confertur,
2976 2085 3077 2140 nisi
3101 2087 3406 2142 auctoribus
3439 2085 3610 2139 vobis.
3638 2084 3744 2142 Ju-

2145 2173 2340 2228 stilicat
2365 2174 2560 2244 quippe
2608 2173 2828 2247 impium
2858 2175 3034 2244 Deus,
3077 2193 3184 2232 non
3225 2177 3396 2232 Solum
3424 2177 3748 2232 dimittenda

2145 2281 2265 2335 qua:
2306 2265 2444 2320 mala
2491 2265 2642 2334 facit,
2673 2266 2767 2322 sed
2811 2269 2970 2324 etiam
3015 2267 3263 2325 donando
3303 2268 3652 2334 eharitatem,
3689 2277 3751 2344 ut

2144 2355 2378 2412 declinet
2416 2372 2444 2411 a
2489 2358 2654 2425 malo,
2677 2367 2731 2414 et
2773 2359 2928 2414 faciat
2972 2357 3170 2416 bonum
3217 2377 3312 2433 per
3331 2359 3586 2431 Spiritum
3625 2371 3751 2414 san-

2145 2460 2326 2515 ctum,
2387 2449 2540 2519 cujus
2585 2451 3134 2506 subministrationem
3181 2453 3199 2484 ί
3243 2451 3424 2523 jugem
3488 2451 3751 2524 poscebat

2147 2541 2436 2610 Apostolus
2493 2539 2606 2610 eis,
2663 2541 2856 2612 quibus
2905 2543 3148 2610 dicebat,
3206 2543 3427 2598 Oramus
3472 2523 3640 2596 autem
3675 2523 3751 2597 ad

2149 2633 2345 2701 Deum,
2372 2651 2434 2687 ne
2457 2635 2580 2708 quid
2620 2635 2821 2706 faciatis
2866 2637 2986 2690 ntali
3035 2637 3103 2709 (ll
3127 2637 3245 2691 Cor.
3275 2653 3401 2705 xnt,
3423 2636 3502 2710 7).
3542 2621 3747 2692 Contra

2147 2725 2300 2780 istam
2331 2728 2552 2795 gratiam
2577 2727 2760 2798 geritis
2791 2727 3026 2793 bellum;
3065 2739 3121 2784 ttt
3149 2728 3376 2783 liberum
3407 2743 3509 2783 non
3537 2743 3748 2783 sermo-

2147 2833 2216 2872 ne
2241 2817 2561 2885 defendatis,
2593 2817 2687 2874 sed
2710 2820 3124 2891 praesumptione
3153 2819 3429 2892 decipiatis
3450 2819 3748 2875 voluntatis

2145 2910 2445 2966 arbitrium.

2228 3001 2459 3057 CLXVI.
2531 3001 2652 3060 Jun.
2723 3003 2918 3059 Verum
2985 3012 3046 3060 ut
3118 3005 3288 3076 magis
3351 3004 3752 3075 exprimeretur

2146 3095 2314 3150 virtus
2383 3095 2541 3151 istius
2607 3098 2972 3168 securitasque
3047 3097 3342 3163 doctrinm,
3419 3098 3542 3170 quid
3608 3114 3749 3154 cou-

2147 3189 2280 3244 ferat
2324 3187 2574 3244 ﬁdelibus
2620 3189 2954 3261 philosophia
2999 3189 3289 3246 christiana
3347 3191 3686 3263 persequitur
3729 3209 3746 3246 :

2148 3277 2270 3336 Non
2291 3281 2456 3336 solum
2481 3291 2672 3351 autem,
2700 3283 2790 3339 sed
2815 3294 2860 3339 et
2887 3283 3167 3356 gloriamur
3191 3285 3244 3339 in
3273 3286 3557 3356 pressaris;
3583 3286 3754 3339 scien-

2146 3375 2219 3428 tes
2257 3375 2498 3444 quoniam
2525 3375 2782 3429 tribulatio
2833 3376 3129 3446 patientiam
3175 3387 3448 3449 aperatur,
3499 3377 3753 3450 patientia

2147 3475 2314 3520 autem
2353 3467 2697 3538 probationem
2723 3511 2736 3534 ,
2773 3468 3002 3538 probatio
3030 3478 3199 3523 autem
3232 3485 3410 3541 spem;
3435 3487 3547 3546 spes
3574 3481 3753 3527 autent

2148 3575 2250 3613 non
2268 3560 2554 3631 confundit,
2587 3560 2706 3630 quia
2725 3559 2945 3614 charitas
2972 3559 3065 3615 Dei
3093 3557 3284 3629 diﬁ'usa
3327 3571 3401 3616 est
3425 3562 3478 3616 in
3507 3562 3754 3618 cordibus

2149 3653 2335 3707 nostris
2377 3669 2467 3723 per
2511 3653 2768 3717 Spiritum
2819 3663 3051 3708 sanctum
3077 3696 3092 3722 ,
3143 3655 3230 3725 qui
3279 3655 3428 3710 datus
3483 3664 3558 3711 est
3601 3656 3755 3711 nobis

2149 3747 2171 3819 (
2193 3747 2342 3803 Rom.
2371 3762 2406 3802 v
2428 3788 2443 3813 ,
2471 3746 2621 3819 3-5).
2649 3745 2706 3801 ld
2733 3755 2850 3813 est,
2881 3745 2997 3802 Non
3037 3748 3208 3802 solum
3244 3747 3399 3804 nobis
3427 3747 3543 3804 hrec
3572 3747 3754 3806 bene-

2151 3837 2268 3893 licia
2295 3839 2658 3906 contulerunt,
2703 3849 2762 3894 ut
2797 3837 3151 3912 amplitudine
3185 3839 3507 3912 quandoque
3547 3828 3764 3897 mune--

2149 3946 2270 3986 rum
2298 3930 2666 4002 gaudeamus:
2697 3930 2795 3987 sed
2819 3931 2930 4002 jam
2971 3932 3023 3987 in
3073 3937 3504 4004 praesentiarum,
3546 3928 3600 3987 in
3628 3949 3755 3990 me-

2150 4021 2252 4078 diis
2285 4037 2542 4095 angorum
2573 4023 2791 4080 testibus
2810 4025 3106 4092 constituti,
3129 4025 3338 4080 alacres
3363 4039 3548 4080 sumus
3569 4026 3745 4097 ipsius

2151 4117 2489 4188 possessione
2547 4118 2796 4183 virtutis,
2847 4126 2902 4172 et
2955 4117 3022 4174 de
3061 4118 3501 4189 persequentium
3565 4117 3758 4175 furore

2151 4209 2411 4276 ridemus,
2465 4211 2750 4281 impiorum
2797 4209 3212 4279 crudelitatem,
3262 4210 3616 4267 eruditionem
3649 4225 3758 4282 pa-

2152 4303 2351 4358 tientia:
2400 4302 2600 4374 magis,
2656 4317 2815 4373 quam
2862 4301 3314 4374 perturbationem
3363 4299 3564 4357 lretitite
3607 4300 3760 4370 judi-

2152 4407 2365 4463 cantcs;
2398 4406 2456 4452 ut
2478 4413 2582 4451 non
2613 4396 2786 4451 solum
2811 4405 3026 4467 propter
3052 4396 3271 4466 prtemia
3300 4411 3404 4451 non
3435 4407 3752 4466 peccemus,

2153 4490 2246 4546 sed
2275 4490 2377 4545 hoc
2399 4491 2570 4560 ipsum
2597 4505 2700 4545 non
2730 4504 2950 4560 peccare
2991 4490 3271 4562 prtemium
3305 4504 3638 4547 censeamus.

2175 4588 2182 4594 '
2225 4581 2359 4636 Anc.
2391 4580 2446 4637 Si
2495 4582 2773 4652 pragmium
2802 4589 2884 4636 est
2929 4597 3033 4635 non
3074 4596 3298 4652 peccare
3325 4623 3339 4646 ,
3382 4581 3500 4652 quis
3530 4580 3622 4636 dat
3647 4581 3761 4639 hoc

2154 4671 2479 4744 praemium?
2527 4673 2660 4727 Puto
2712 4672 2835 4744 quia
2894 4687 2999 4727 non
3053 4672 3290 4728 dicturus
3347 4686 3431 4741 cs,
3489 4671 3604 4744 lpse
3649 4665 3762 4732 sibi

2156 4766 2318 4821 homo
2341 4783 2355 4820 :
2382 4766 2628 4838 quamvis
2649 4765 2752 4822 hoc
2779 4776 2828 4822 te
2849 4755 3003 4837 cogat
3021 4767 3201 4822 dicere
3230 4767 3550 4837 perversitas
3578 4767 3764 4826 barre-

2156 4860 2230 4916 sis
2277 4870 2493 4916 vestrm.
2537 4858 2593 4916 Si
2620 4875 2748 4931 ergo
2771 4860 2912 4914 Deus
2944 4859 3036 4915 dat
3063 4859 3161 4916 hoc
3183 4863 3483 4931 przemium,
3514 4870 3568 4916 ut
3591 4861 3764 4920 homo

2155 4968 2263 5009 non
2305 4961 2527 5024 peccet;
2582 4952 2780 5008 donum
2839 4953 3015 5023 potius
3065 4951 3223 5007 video
3275 4953 3556 5010 dicendum
3595 4968 3759 5022 esse,

2155 5059 2313 5118 quam
2335 5045 2636 5118 prmmium,
2663 5059 2729 5100 ne
2750 5033 2924 5116 aliqua
2957 5045 3142 5100 merita
3161 5047 3499 5117 praecessisse
3526 5046 3761 5103 videan-

2158 5147 2244 5192 tur
2271 5153 2285 5193 :
2313 5153 2433 5192 cum
2463 5149 2558 5192 eos
2589 5136 2676 5208 qui
2718 5121 2903 5191 dicunt
2930 5137 3155 5206 gratiam
3189 5136 3279 5192 Dei
3312 5121 3602 5191 secundum
3635 5152 3762 5193 me-

2155 5229 2259 5286 rita
2286 5238 2466 5284 nostra
2489 5228 2626 5295 dari,
2655 5227 2904 5300 Pelagius
2925 5243 3133 5299 quoque
3155 5229 3268 5299 ipse
3285 5228 3612 5284 damnaverit
3642 5227 3753 5302 (a).

2157 5321 2435 5392 Quomodo
2461 5333 2640 5378 autem
2671 5322 2828 5378 detur
2867 5321 2968 5377 hoc
2999 5321 3221 5390 donum,
3249 5321 3301 5377 id
3329 5330 3412 5378 est
3432 5364 3448 5389 ,
3483 5337 3588 5377 non
3619 5335 3761 5393 pec-

2157 5415 2302 5480 care,
2331 5424 2384 5471 et
2411 5425 2470 5470 tu
2494 5416 2650 5486 paulo
2671 5423 2796 5471 ante
2821 5414 3024 5480 dixisti,
3055 5413 3296 5486 Apostoli
3323 5415 3488 5472 verba
3515 5427 3765 5472 comme-

2158 5525 2376 5566 morans
2406 5527 2418 5563 :
2451 5510 2706 5576 Quoniam
2743 5509 2967 5566 charitas
2991 5508 3088 5565 Dei
3118 5508 3314 5579 di/I'usa
3333 5519 3407 5566 est
3435 5511 3490 5567 in
3515 5509 3764 5568 cordibus

2159 5604 2342 5660 nostris
2367 5619 2457 5676 per
2500 5601 2752 5675 Spiritum
2778 5611 3029 5671 sanctum,
3057 5603 3144 5676 qui
3167 5603 3319 5660 datus
3361 5614 3434 5660 est
3468 5593 3632 5660 nobis.
3678 5605 3766 5676 At:

2226 5719 2243 5750 ι
2281 5723 2385 5767 Mss.
2432 5723 2544 5780 Mar.
2587 5724 2711 5768 Part.
2749 5716 3079 5780 clar.,icu1us
3123 5714 3523 5770 ministrationem
3551 5721 3764 5773 :minus

2159 5789 2316 5852 recte.
2343 5789 2451 5852 Nam
2472 5779 2638 5852 alludit
2657 5781 2716 5852 ad
2739 5779 2856 5852 illud
2880 5779 3082 5852 Philipp.
3119 5780 3279 5852 l,_19:
3304 5790 3403 5852 fet:
3423 5788 3630 5852 uestram
3643 5793 3768 5835 ora;

2160 5843 2335 5895 tionem
2355 5850 2401 5893 et
2421 5841 2906 5905 subministrationem
3147 5850 3264 5894 Iesu
3285 5841 3465 5905 Christi

2222 5908 2294 5970 (α)
2321 5906 2434 5957 vide
2457 5904 2634 5955 librum
2653 5905 2718 5956 de
2736 5907 2891 5957 Gestis
2913 5903 3119 5971 Pélagii,
3142 5918 3225 5956 nn.
3249 5904 3330 5969 30,
3352 5904 3420 5962 ϐο.
