3950 6472
146 400 363 594 mea.
391 511 447 594 to
854 510 1168 589 christiana,
1212 446 1279 569 ut.
1312 400 1704 583 00:11:11":

148 584 568 671 iribuiationibtis,
594 584 816 677 honest.
843 584 1103 666 nostrum,
1135 600 1257 670 quia
1275 599 1294 632 ¹
1322 608 1376 655 et
1412 599 1519 657 hoc
1542 613 1705 677 aceef

150 705 302 777 pimus
331 694 603 767 :alioquin
628 676 877 768 tanquam
900 686 967 749 de
1009 708 1107 747 suo
1135 707 1162 746 a
1189 708 1247 747 se
1274 692 1374 748 sibi
1406 702 1556 763 parto
1581 692 1698 765 glo-

104 858 107 863 _
152 788 285 854 'rianti
311 787 507 846 homini
536 785 751 854 dicitur,
786 784 924 854 Quid
948 785 1080 839 enim
1103 782 1254 839 habes
1276 783 1412 855 quod
1430 801 1533 840 non
1552 786 1702 840 accc-4

152 882 251 964 pisti
273 883 298 937 7
319 870 377 938 Si
400 888 568 963 autem
593 887 641 933 et
668 876 910 963 accepisti
928 918 946 945 ,
974 876 1098 949 quid
1137 876 1375 949 gloriaris
1413 877 1561 950 quasi
1600 892 1705 931 non

404 956 456 1044 (ι
494 969 615 1026 Cor.
650 956 734 1037 tv,
770 966 880 1042 7)?
910 964 978 1026 Et
1016 978 1193 1025 tamen
1236 967 1564 1040 gloriamur,
1595 978 1702 1057 non

151 1068 214 1127 sic
250 1063 385 1137 quasi
434 1074 539 1120 non
587 1061 991 1133 acceperimus'
1020 1077 1037 1129 ;
1066 1060 1162 1117 sed
1207 1059 1497 1131 gloriamur
1525 1061 1579 1115 in
1616 1060 1706 1116 illo

147 1152 339 1236 'quihoc
361 1155 522 1221 dedit,
582 1163 641 1210 ut
683 1154 772 1225 qui
802 1153 1082 1226 gloriatur,
1132 1150 1189 1207 in
1245 1152 1472 1207 Domino
1501 1153 1703 1223 glorie-

156 1252 256 1323 ων(
282 1248 361 1305 ld.
390 1264 427 1313 ι,
454 1247 520 1304 Si
547 1247 589 1319 ).
612 1246 741 1302 Haec
760 1255 842 1301 est
868 1244 1060 1317 gratia,
1087 1258 1246 1315 quam
1277 1242 1540 1299 catholica
1566 1243 1701 1302 ﬁdes

152 1342 369 1419 pradicat
396 1358 409 1396 :
435 1338 617 1411 utquid
639 1354 781 1403 eam,
800 1352 1005 1409 qureso,
1028 1346 1213 1393 vester
1231 1351 1386 1393 error
1409 1330 1700 1408 oppugnat,

152 1440 253 1493 cum
276 1434 419 1489 etiam
447 1442 629 1487 vestro
654 1446 750 1486 vos
776 1445 872 1486 ore
893 1429 1219 1486 convincat?

210 1524 436 1585 CLXVII.
468 1524 590 1581 Jun.
635 1524 841 1580 Deinde
864 1539 987 1579 cum
1027 1524 1081 1579 in
1119 1521 1454 1579 testamentis
1483 1536 1565 1593 agt
1592 1536 1654 1578 ea
1681 1563 1699 1590 ,

152 1634 253 1692 qua:
270 1624 378 1674 sunt
399 1615 658 1688 promissa
679 1659 695 1684 ,
726 1615 1087 1687 cormpicimus
1109 1604 1143 1677 ;⁵
1164 1615 1445 1685 praesentis
1471 1613 1594 1668 vitae
1617 1613 1702 1669 in-

148 1710 224 1767 ter
241 1709 417 1765 ludicra
438 1709 659 1764 omnino
687 1707 866 1763 omnia
894 1708 1031 1763 boaa
1057 1707 1300 1778 malaque
1329 1720 1699 1775 numeramus,

156 1804 294 1860 fidem
315 1802 699 1875 pollicitationis
728 1802 822 1861 Dei
849 1802 916 1857 de
941 1801 1371 1873 magnitudinein
1399 1818 1497 1857 nos
1525 1800 1698 1857 chari-

157 1896 258 1951 tatis
281 1895 405 1950 illius
425 1894 775 1953 aestimantes.
806 1893 987 1965 Neque
1003 1895 1145 1950 enim
1175 1891 1467 1951 c0nfutabit
1496 1893 1517 1925 ³
1545 1907 1697 1965 spem

154 1996 353 2045 nostram
391 1996 721 2045 aeternorum
755 1972 1027 2044 frustratio
1063 1988 1465 2045 commodorum
1493 2006 1507 2055 ;
1539 2005 1702 2061 quan-

150 2076 395 2150 'doquidem
422 2078 615 2135 vadem
644 2078 987 2136 beatitudinis
1016 2077 1208 2134 futurae
1243 2079 1337 2135 Dei
1382 2078 1697 2134 eharitatcm

160 2185 378 2243 tenemus,
403 2190 525 2249 qua:
550 2176 716 2233 eﬂ'usa
740 2184 825 2231 est
852 2176 902 2229 in
930 2174 1182 2231 cordibus
1202 2174 1398 2233 nostris
1413 2190 1512 2247 per
1539 2172 1702 2245 Spiri-

154 2260 241 2324 tum
267 2276 519 2335 sanctam,
566 2267 655 2339 qui
686 2264 845 2324 datus
874 2258 957 2322 est
984 2266 1140 2322 nobis
1167 2284 1179 2321 :
1208 2265 1263 2321 id
1290 2274 1371 2322 est
1394 2310 1408 2333 ,
1443 2282 1541 2338 per
1560 2266 1699 2321 dona

158 2361 290 2419 sancti
314 2360 562 2435 Spiritus,
593 2377 833 2418 amorem
857 2376 1014 2419 suum
1043 2361 1186 2419 Deus
1207 2360 1351 2418 circa
1378 2376 1545 2434 genus
1574 2375 1701 2433 pro—

154 2446 265 2513 bavit
285 2455 598 2512 humanum.

204 2548 322 2605 Anc.
342 2546 454 2603 Non
482 2548 563 2602 vis
582 2562 704 2604 esse
730 2547 869 2604 inter
889 2546 1005 2604 hcce
1029 2545 1168 2603 dona
1189 2589 1203 2613 ,
1229 2547 1390 2602 etiam
1422 2561 1528 2602 non
1567 2560 1699 2617 pec-

152 2652 252 2695 care
275 2658 288 2693 :
311 2640 400 2696 sed
440 2640 719 2695 conlidens
747 2639 800 2695 in
830 2640 1027 2695 virtute
1054 2649 1176 2705 tua,
1212 2637 1315 2693 hoc
1353 2637 1448 2693 tibi
1487 2644 1544 2692 tu
1585 2637 1701 2708 ipso

146 2732 216 2787 vis
236 2731 365 2788 dare.
412 2732 528 2788 Noli
560 2732 717 2787 irasci
765 2731 993 2789 obsecro
1022 2749 1035 2786 :
1066 2728 1369 2785 Maledictus
1412 2729 1575 2786 omnis
1613 2726 1701 2802 qui

144 2820 267 2893 "spem
286 2822 419 2876 habet
444 2823 496 2877 in
524 2823 728 2876 homine
757 2821 982 2892 (Jerem.
1011 2836 1143 2888 xvn,
1176 2816 1272 2895 5

211 2902 457 2970 CLXVlll.
483 2914 604 2971 JUL.
634 2913 902 2971 Restituet
925 2929 1055 2986 ergo
1077 2921 1243 2969 totum
1273 2912 1523 2981 ﬁdeliter,
1555 2911 1700 2986 quod

154 3003 373 3063 ﬁdelibus
398 3008 719 3079 repromisit.

146 3084 181 3093 ”
213 3103 329 3159 Aac.
366 3101 627 3159 destituet
656 3102 815 3174 plane
859 3101 1020 3158 etiam
1063 3100 1165 3157 hoc
1182 3101 1402 3172 ipsum,
1428 3107 1487 3156 ut
1512 3099 1700 3160 fideles

148 3193 264 3261 sint;
288 3186 396 3267 quia
410 3194 563 3251 fidem
587 3196 821 3268 gentium
846 3192 1091 3265 promisit
1117 3194 1345 3249 Abrahae
1369 3212 1383 3247 :
1407 3200 1463 3250 et
1478 3192 1698 3266 quidam

151 3298 338 3355 magnus
364 3284 531 3341 ﬁdelis
551 3286 702 3350 dicit,
736 3285 1145 3342 Misericordiam
1168 3293 1464 3343 consecutus
1482 3302 1616 3353 sum,
1644 3293 1702 3341 ut

151 3379 287 3449 ﬁdelis
302 3396 449 3436 essem
478 3374 533 3451 (l
561 3378 680 3435 Cor.
705 3394 797 3446 vtt,
824 3368 897 3437 95

204 3469 408 3527 CLXIX.
438 3470 557 3528 Jun.
590 3471 691 3539 Qui
734 3472 877 3527 enim
920 3468 1060 3527 Filio
1084 3486 1179 3527 suo
1207 3484 1310 3525 non
1345 3468 1586 3543 pepercit,
1609 3468 1701 3525 sed

148 3572 223 3635 pro
246 3563 376 3620 nobis
404 3564 635 3621 omnibus
663 3564 873 3619 tradidit
902 3581 1033 3630 eum,
1065 3579 1162 3636 per
1190 3579 1349 3635 quem
1373 3577 1472 3618 nos
1510 3577 1702 3635 opera-

150 3655 293 3714 tione‘
316 3660 484 3714 sancti
510 3656 748 3730 Spiritus
776 3658 1149 3728 consecravit,
1177 3656 1365 3729 procul
1392 3656 1556 3713 dubio
1584 3673 1701 3713 cum

142 3734 219 3803 illo
241 3751 396 3805 omnia
419 3749 561 3807 nobis
587 3734 792 3806 donavit
810 3751 833 3783 ⁸
856 3748 1032 3823 (Rom.
1056 3766 1171 3816 vni,
1193 3749 1310 3824 32).
1343 3748 1412 3807 Ut
1426 3750 1550 3822 quid
1568 3749 1702 3815 enim

152 3840 359 3910 Christus,
384 3861 502 3900 cum
530 3844 701 3900 adhuc
728 3832 922 3919 inﬁrmi
944 3861 1185 3914 essemus,
1212 3844 1488 3903 secundum
1503 3854 1702 3918 tempus

146 3926 224 4007 pro
242 3934 398 4009 impiis
420 3950 652 3993 mortuus
673 3945 745 3993 est
765 3935 890 4013 (Id.
921 3951 978 4006 v,
1007 3935 1040 3993 6
1056 3936 1117 4010 )f

207 4029 319 4088 huc.
336 4029 661 4111 Testimonia
684 4022 860 4088 divina
879 4028 1293 4111 commemoras,
1312 4031 1502 4104 quibus
1520 4040 1701 4089 vester

148 4120 272 4177 ‘error
288 4122 559 4179 evertitur.
589 4123 707 4179 Non
738 4124 881 4181 enim
901 4122 1101 4180 dictum
1133 4133 1234 4192 est,
1270 4122 1517 4180 Christus
1537 4125 1698 4182 etiam

154 4202 231 4283 pro
250 4214 444 4287 impiis;
471 4214 592 4283 sed,
636 4233 728 4289 pro
755 4217 951 4289 impiis,
1002 4217 1214 4288 inquit,
1242 4226 1471 4273 mortuus
1500 4227 1590 4272 est.
1634 4216 1703 4275 Ut

146 4294 294 4364 autem
316 4319 366 4367 et
388 4310 504 4383 ipse
528 4309 653 4366 alibi
671 4309 948 4367 confessus
978 4325 1036 4367 es
1063 4309 1160 4383 (a),
1190 4309 1350 4366 etiam
1380 4326 1478 4382 pro
1508 4326 1700 4382 parvu-

144 4386 427 4460 lis‘mortnus
443 4412 529 4460 est
552 4422 567 4458 :
593 4412 648 4460 et
665 4413 863 4473 tamen,
884 4419 986 4475 qua
1010 4394 1187 4459 fronte
1200 4405 1400 4468 nescio,
1422 4405 1700 4462 transiisse

142 4492 191 4573 in
213 4511 290 4551 eos
307 4497 633 4569 originaliter
654 4496 982 4568 impietatem
1012 4497 1167 4568 primi
1193 4496 1216 4530 '
1246 4494 1485 4553 hominis
1513 4512 1695 4566 negas.

151 4574 386 4653 Quomodo
412 4605 544 4663 ergo
574 4588 844 4661 pertinent
868 4587 936 4645 ad
965 4605 1110 4660 eum,
1140 4590 1227 4663 qui
1252 4606 1344 4662 pro
1370 4588 1539 4662 impiis
1566 4605 1703 4643 mor-

150 4688 239 4733 tuus
267 4680 372 4737 est?

201 4770 388 4832 CLXX.
412 4774 535 4835 JUL.
568 4772 672 4831 Via:
696 4774 830 4831 enim
856 4793 949 4847 pro
969 4775 1115 4850 justo
1144 4773 1255 4845 quis
1280 4776 1495 4829 moritur
1517 4791 1537 4830 :
1575 4792 1697 4831 nam

149 4882 219 4937 pro
235 4866 350 4924 bono
376 4868 593 4942 forsitan
637 4869 749 4941 quis
778 4870 962 4924 audeat
989 4868 1136 4923 mori.
1166 4865 1499 4923 Commendat
1526 4878 1699 4925 autem

138 4954 259 5043 ρεαδ
285 4964 576 5019 charitulem
600 4981 747 5020 suam
774 4965 826 5019 in
848 4963 991 5019 nobis
1012 4979 1032 5019 :
1060 4962 1297 5036 quoniam
1330 4962 1375 5017 si
1391 4980 1506 5017 cum
1530 4964 1699 5018 adhuc

150 5058 393 5114 peccatores
430 5077 671 5128 essemus,
716 5048 950 5117 Christus
993 5076 1085 5132 pro
1134 5057 1275 5112 nobis
1308 5066 1534 5112 mortuus
1586 5065 1698 5124 est;

146 5146 275 5205 multo
313 5151 474 5225 magis
504 5150 781 5227 justiﬁcati
823 5168 955 5209 nunc
991 5151 1045 5206 in
1069 5150 1329 5225 sanguine
1353 5149 1540 5223 ipsius,
1570 5146 1699 5206 salvi

1164 5394 1322 5466 verba
1360 5394 1444 5446 illa
1482 5395 1703 5466 restitui-

130 5455 1696 5565 ﬁamwm.mmmmmm

193 5579 214 5648 ξ
235 5581 305 5648 sic
323 5587 430 5634 uss.
456 5588 512 5633 λι
533 5581 669 5648 rem.
692 5580 967 5648 mam,

147 5673 159 5681 ν
190 5640 211 5713 2
452 5652 510 5713 μ
538 5640 677 5713 editi;
699 5645 751 5713 in
772 5640 1112 5709 ὀρσναιὶαιενκ-

132 5700 139 5783 ξ
190 5698 210 5798 ξ
238 5711 285 5755 tn
303 5712 430 5770 Mss,
453 5698 675 5768 donuliil,
692 5698 832 5817 iuxta
854 5721 1083 5783 graecum,
1117 5706 1374 5760 chariselai

199 5828 209 5834 _
238 5769 318 5834 me
338 5782 400 5834 ex
426 5771 682 5834 veteribus
715 5771 833 5834 {bris
854 5770 1071 5834 addimus
1088 5807 1103 5832 ,
1119 5769 1281 5834 primi.

191 5807 324 5891 (nr.
340 5807 1103 5905 regsias'ansgsatasf
1117 5807 1356 5886 unum.
1372 5833 1410 5889 3
1431 5837 1599 5886 contra
1619 5836 1704 5881 ,ιιι-

136 5887 314 5951 unum.
331 5908 379 5946 ιι.
403 5894 486 5953 ss.
501 5887 564 5948 et
583 5891 669 5945 lib.
693 5894 745 5981 (ξ.
767 5908 819 5946 ιι.
844 5893 892 5979 s.

1420 389 1625 479 praua
1658 383 2045 485 susurrans.

1811 513 1999 568 erimus
2022 529 2115 586 per
2139 527 2253 569 cum
2276 514 2343 569 as
2380 516 2479 607 ira.
2509 515 2572 573 Si
2595 515 2727 573 enim
2904 524 3103 607 inimici
3121 538 3345 607 essemus
3373 562 3393 607 ρ
3425 576 3446 607 ,

1809 607 2121 662 reconciliati
2152 623 2324 662 sumus
2369 604 2478 663 Deo
2519 622 2607 681 per
2648 621 2857 666 mortem
2888 600 3012 666 Filii
3039 602 3189 689 ,°
3232 602 3396 695 mulld

1811 699 1975 770 magis
1996 700 2322 769 reconciliati,
2350 700 2482 756 salvi
2501 702 2688 758 erimus
2708 692 2765 758 in
2793 703 2895 757 vita
2923 692 3205 777 ejustou
3226 692 3391 787 soluts:

1811 800 1981 847 autem
2001 791 2116 862 hoc,
2142 793 2234 849 sed
2258 805 2304 849 et
2331 793 2604 867 gloriantes
2639 795 2694 851 in
2718 795 2826 851 Deo
2864 814 2955 868 per
2981 788 3254 873 Dominum
3291 796 3392 873 po;

1811 889 1970 937 strum
1993 880 2172 938 Iesum
2195 881 2471 953 Christum,
2502 903 2590 955 per
2607 902 2752 960 quem
2774 904 2907 942 nunc
2931 882 3390 965 reconciliationem

1811 978 2096 1067 accepimus
2130 976 2321 1052 (Rom.
2345 994 2401 1046 v,
2424 978 2478 1047 7,
2514 974 2657 1052 etc.).
2705 980 2929 1059 Aperuit
2973 994 3167 1055 quanta
3220 966 3389 1067 totuni

1809 1066 2053 1126 Christus
2095 1070 2287 1141 pietate
2319 1071 2593 1143 geSsisset,
2632 1073 2720 1148 qui
2745 1074 2882 1130 mori
2908 1073 3158 1147 dignatus
3182 1084 3265 1159 est
3292 1070 3391 1165 prq

1810 1160 1944 1235 nihil
1973 1162 2096 1217 boni
2125 1162 2474 1219 merentibus.
3250 1158 3253 1159 ⁷
3298 1158 3304 1165 ’
3374 1158 3386 1167 ”

1881 1254 2014 1311 Auc.
2048 1254 2175 1317 [Irae
2199 1255 2359 1311 verba
2391 1264 2478 1318 tua
2506 1255 2585 1313 sic
2612 1248 2909 1331 temperata
2950 1267 3115 1327 sunt,
3143 1269 3201 1321 ut
3229 1258 3392 1317 etiam

1808 1347 2066 1431 parvulos
2113 1356 2332 1419 tangere
2362 1342 2678 1420 videantur}
2718 1346 2969 1423 quoniam
2999 1359 3056 1408 et
3086 1350 3232 1423 ipsos
3259 1344 3394 1407 nihil

1806 1430 1936 1495 boni
1991 1440 2254 1497 meruisse
2307 1442 2623 1512 conceditis,
2681 1458 2818 1512 quos
2869 1441 3002 1499 nihil
3050 1442 3175 1499 boui
3219 1430 3395 1525 egisse

1807 1530 2045 1587 fatemini
2078 1550 2090 1586 :
2115 1532 2207 1589 sed
2230 1532 2515 1605 Apostolus
2535 1551 2643 1592 non
2666 1536 2734 1591 ita
2759 1536 2967 1597 locutus
2994 1544 3096 1605 est,
3126 1537 3216 1610 qui
3236 1535 3390 1605 dixit,

1807 1623 2073 1679 Christum
2103 1641 2199 1696 pro
2229 1625 2405 1698 impiis
2431 1636 2484 1683 et
2516 1628 2884 1699 peccatoribus
2910 1618 3178 1697 mortuum
3206 1610 3393 1686 fuisse:

1802 1710 2027 1772 Frustra
2047 1731 2174 1789 ergo
2197 1724 2252 1773 tu
2283 1734 2530 1790 magnam
2560 1716 2757 1776 Christi
2789 1714 3205 1776 misericordiam
3232 1729 3389 1776 exte-

1807 1809 2073 1865 nuandam
2122 1814 2316 1882 putasti
2352 1829 2365 1865 :
2399 1812 2486 1869 ille
2542 1815 2685 1869 enim
2734 1829 2830 1885 pro
2874 1798 3013 1870 male
3060 1813 3394 1870 merentibus

1805 1905 2047 1951 mortuus
2072 1903 2153 1951 est
2176 1914 2195 1951 ες
2220 1912 2251 1953 a
2275 1912 2380 1967 quo
2410 1906 2557 1953 tanto
2583 1897 2843 1954 beneficio
2883 1897 3174 1956 Salvatoris
3200 1900 3396 1970 parvu4

1804 1983 1885 2043 los
1918 1989 2211 2059 separatis,
2240 1990 2488 2060 quoniam
2517 1990 2695 2047 salvos
2721 2006 2815 2048 eos
2841 1990 3015 2047 dicitis
3048 2009 3062 2047 :
3088 1990 3179 2047 ille
3209 1999 3390 2047 autem

1804 2075 1952 2144 dicit,
2005 2077 2128 2134 Non
2152 2087 2227 2135 est
2268 2096 2398 2153 Opus
2439 2083 2577 2137 sanis
2608 2081 2829 2136 medicus
2856 2082 2874 2154 (
2900 2079 3084 2137 Matth.
3140 2098 3217 2149 rx,
3247 2080 3346 2154 η)

1804 2186 1912 2229 non
1962 2183 2045 2229 est
2097 2189 2226 2246 ergo
2270 2189 2406 2246 opus
2442 2175 2678 2247 parvulis
2725 2174 2992 2243 Christus,
3046 2174 3239 2248 quibus
3284 2164 3393 2230 uti;

1804 2278 1910 2335 que
1937 2264 2228 2320 secundum
2254 2281 2351 2321 vos
2376 2279 2482 2321 non
2504 2276 2587 2322 est
2612 2265 2769 2323 Jesus
2797 2284 2811 2321 :
2844 2265 3035 2338 quibus
3053 2275 3230 2322 autem
3250 2276 3389 2337 opus

1804 2366 1906 2423 est,
1937 2354 2020 2412 his
2051 2357 2235 2429 procul
2258 2357 2420 2413 dubio
2444 2367 2527 2414 est
2553 2357 2728 2414 Jesus.
2768 2356 2879 2416 Sed
2908 2357 3168 2415 discedite
3196 2359 3237 2424 ³,
3271 2372 3385 2412 ma-

1800 2434 1929 2521 ligni
1968 2466 1981 2504 :
2026 2464 2161 2521 opus
2204 2458 2289 2508 est
2327 2450 2584 2521 parvulis.
2617 2450 2683 2507 Et
2722 2451 2867 2522 ipsos
2895 2466 3023 2523 ergo
3069 2465 3100 2506 a
3156 2450 3392 2522 peccatis

1802 2552 1990 2596 eorum
2033 2541 2210 2597 salvos
2239 2541 2385 2609 facit,
2428 2541 2681 2614 quoniam
2712 2553 2996 2615 propterea
3046 2543 3153 2599 tale
3194 2558 3389 2601 nomen

1802 2637 2008 2704 accepit
2032 2652 2046 2689 :
2066 2633 2153 2689 ubi
2174 2635 2393 2707 angelus
2413 2635 2566 2704 dixit,
2604 2634 2817 2691 Vocabis
2840 2652 3021 2692 nomen
3043 2635 3152 2707 ejus
3176 2634 3210 2690 .l
3216 2651 3355 2691 esum
3374 2651 3396 2703 ;

1802 2725 1912 2797 ipse
1940 2728 2073 2782 enim
2102 2729 2298 2783 salvum
2334 2729 2485 2803 faciet
2530 2728 2773 2803 populum
2800 2745 2948 2785 suum
2988 2747 3021 2786 a
3051 2729 3266 2802 peccatis
3304 2742 3393 2783 eo-

1802 2820 1916 2875 rum
1942 2819 2052 2891 (Id.
2073 2835 2110 2887 ι,
2140 2819 2205 2876 2|
2230 2818 2275 2895 ).
2962 2879 2967 2884 .

1875 2911 2106 2971 CLXXI.
2139 2914 2259 2973 ιω..
2287 2914 2496 2987 Quippe
2524 2916 2614 2989 qui
2642 2917 2907 2974 rationem
2938 2924 2992 2973 et
3009 2914 3183 2989 legem
3215 2915 3398 2973 crimi-

1804 3023 1931 3065 num
1957 3024 2141 3065 amore
2167 3008 2527 3080 calcaverant,
2576 3021 2768 3068 euntes
2796 3020 2914 3085 post
2940 3010 3206 3069 desideria
3255 3026 3349 3069 sua
3376 3051 3394 3081 ,

1801 3119 1922 3176 qua:
1951 3103 2063 3175 ipsa
2091 3104 2437 3170 conscientia,
2468 3105 2622 3176 cujus
2664 3116 2749 3162 est
2772 3106 3009 3162 maxima
3037 3106 3140 3171 vis,
3171 3106 3394 3176 castiga-

1800 3192 1917 3253 bat.
1951 3194 2151 3253 Verum
2179 3196 2300 3270 quia
2321 3198 2622 3265 constabat,
2652 3200 2814 3255 etiam
2843 3198 3139 3270 Prophetas
3172 3206 3392 3271 propter

1798 3282 2058 3359 justitiam
2084 3290 2279 3349 crebro
2323 3290 2512 3345 mortis
2539 3289 2795 3346 enituisse
2819 3299 3154 3360 contemptu,
3184 3298 3238 3344 et
3266 3284 3391 3358 plu-

1801 3374 1967 3437 rimos
1994 3396 2091 3453 pro
2110 3382 2315 3453 magnis
2334 3380 2629 3457 quibusque
2655 3379 2815 3437 rebus
2826 3378 3202 3452 dignitatisque
3223 3379 3394 3435 insita:

1801 3466 2013 3544 fulgore
2035 3474 2375 3530 rutilantibus
2396 3488 2585 3531 securo
2606 3472 2673 3529 ad
2700 3472 2972 3529 interitum
2997 3471 3176 3529 animo
3203 3486 3394 3544 cucur-

1802 3540 1957 3634 risse,
1987 3582 2056 3624 ne
2076 3584 2181 3624 non
2202 3568 2223 3601 ¹
2246 3567 2583 3640 singularitas
2612 3566 2825 3622 virtutis
2845 3563 3041 3622 Christi
3064 3562 3347 3622 dilucidior
3369 3540 3391 3600 δ

1802 3662 2064 3737 ejusmodi
2091 3669 2235 3718 esset
2259 3658 2540 3732 exemplis,
2569 3658 2750 3716 intulit
2776 3657 3089 3730 Apostolus,
3118 3672 3218 3730 per
3243 3653 3388 3729 quod

1803 3754 2109 3813 ostenderet
2134 3742 2450 3810 charitatem
2501 3762 2556 3807 et
2610 3750 2977 3807 fortitudinem
3036 3749 3181 3807 illius
3227 3751 3387 3806 unico

1802 3832 2041 3906 eminere
2068 3844 2313 3917 fastigio:
2348 3844 2596 3901 Assentio
2621 3853 2676 3900 et
2721 3859 2846 3916 ego,
2877 3842 3002 3899 licet
3051 3857 3213 3910 raro,
3262 3830 3393 3897 licet

1800 3928 1911 4008 vix,
1959 3922 2268 4011 tamen'pro
2306 3937 2466 3995 rebus
2516 3932 2675 4009 iustis
2722 3940 2780 3993 et
2816 3935 2973 3993 bonis
3000 3936 3134 3992 mori
3163 3930 3394 4007 elegisse

1801 4012 2115 4113 bonnullos;
2143 4029 2237 4088 sed
2263 4028 2370 4086 illis
2398 4029 2734 4102 negotiorum
2760 4027 3011 4101 dignitas,
3042 4020 3095 4113 id
3118 4035 3221 4096 est,
3253 4026 3395 4113 ipsa‘f

1802 4108 1921 4185 rum
1949 4126 2127 4183 rerum
2155 4140 2253 4198 pro
2277 4123 2472 4198 quibus
2496 4123 2882 4181 dimicaverant
2920 4108 3181 4179 claritudo
3201 4163 3215 4189 ,
3248 4108 3393 4197 peri§

1803 4220 2045 4278 culorum
2091 4217 2408 4290 temperavit
2450 4215 2692 4273 dolorem
2720 4235 2734 4272 :
2762 4214 3008 4272 Christus
3051 4225 3229 4270 autem
3260 4208 3392 4289 nihil

1802 4310 1987 4369 habuit
2028 4310 2171 4384 quod
2196 4315 2401 4366 amaret
2425 4308 2478 4364 in
2509 4308 2700 4364 studiis
2733 4307 3038 4380 impiorum,
3069 4316 3125 4362 et
3168 4320 3267 4378 pro
3307 4302 3394 4360 his

1802 4406 1894 4480 qui
1920 4414 2071 4460 erant
2093 4404 2303 4476 pr0pria
2328 4402 2600 4459 voluntate
2625 4399 2898 4458 deformes
2917 4443 2934 4471 ,
2967 4416 3075 4456 non
3100 4406 3183 4456 est
3206 4384 3393 4481 asper}

1802 4512 1960 4559 natus
1989 4500 2222 4575 impendi
2254 4518 2268 4556 :
2298 4506 2519 4572 apparet
2559 4506 2737 4554 autem
2764 4497 2913 4553 illum
2944 4494 3180 4575 omnium
3220 4492 3392 4548 virtu-

1802 4596 1949 4659 tibus
1979 4572 2340 4659 antecellere;
2382 4591 2504 4664 quia
2545 4590 2646 4646 etsi
2686 4589 2742 4644 in
2770 4572 3049 4644 tolerantia
3075 4598 3270 4663 paucos
3293 4627 3308 4649 ,
3336 4574 3393 4643 ili

1802 4703 1960 4745 causa
1982 4695 2158 4742 tamen
2176 4685 2349 4741 nullos
2367 4692 2546 4756 potest
2566 4680 2763 4737 habere
2776 4686 3071 4738 consortes.
3083 4675 3226 4734 Nihil
3239 4675 3398 4755 igitur

1795 4774 1872 4839 'de
1900 4781 2014 4854 ejus
2060 4778 2422 4835 muniﬁcentia
2460 4776 2807 4849 desperemus
2837 4773 2999 4848 :quia
3028 4774 3073 4831 si
3112 4788 3210 4847 pro
3234 4764 3390 4828 nobis

1802 4884 2051 4931 mortuus
2095 4882 2177 4929 est
2203 4888 2322 4929 cum
2345 4868 2521 4926 adhuc
2561 4884 2807 4926 essemus
2834 4874 3177 4941 peccatores;
3223 4862 3395 4939 multo

1803 4964 2263 5038 inagisjustilicati
2281 4978 2421 5020 nunc
2449 4963 2501 5018 in
2527 4961 2787 5037 sanguine
2811 4959 3000 5036 ipsius,
3027 4959 3158 5017 salvi
3188 4959 3394 5016 erimus

1804 5079 1901 5137 per
1928 5078 2050 5118 eum
2079 5061 2148 5116 ab
2173 5061 2271 5116 ira.

1877 5156 2010 5213 Avo.
2058 5152 2233 5210 Nolite
2282 5165 2413 5225 ergo
2460 5150 2699 5208 eximere
2752 5146 3008 5222 parvulos
3054 5147 3123 5204 de
3171 5155 3395 5225 numero

1802 5259 2142 5325 peccatorum
2198 5264 2213 5302 :
2267 5246 2391 5319 quia
2441 5251 2499 5301 et
2546 5259 2644 5318 pro
2669 5242 2799 5317 ipsis
2843 5249 3107 5298 mortuum
3152 5232 3392 5293 fatemini

1804 5341 2097 5399 Christum.
3150 5405 3167 5423 .

1876 5428 2127 5490 CLXXII.
2159 5429 2277 5487 Jun.
2302 5429 2370 5486 Et
2388 5438 2511 5503 post
2541 5425 3051 5489 reconciliationem,
3082 5418 3240 5494 quam
3269 5418 3393 5474 Clm‘t

1808 5529 1918 5586 Deo
1967 5528 2163 5583 habere
2211 5525 2643 5598 promeruimus,
2689 5537 2785 5593 per
2836 5531 3053 5590 Operam
3080 5515 3102 5547 ⁸
3144 5511 3398 5593 videlicet

1871 5643 1888 5675 ι
1923 5643 1997 5693 sic
2016 5647 2123 5707 uss,
2150 5640 2269 5691 mni
2294 5646 2484 5698 autem,
2509 5636 2700 5707 άξδςίιιο
2846 5694 2857 5706 .

1869 5706 1890 5737 ³
1922 5702 2203 5755 Particulam
2242 5695 2509 5767 negantem
2552 5700 2631 5750 hic
2668 5695 2971 5749 restituimus
3020 5702 3086 5743 ex
3128 5695 3240 5743 los.
3279 5697 3395 5743 Ml.

1805 5766 2093 5880 dignissimi
2115 5836 2167 5879 et
2185 5825 2316 5879 Collo.
2343 5833 2446 5888 διε,
2469 5822 2687 5879 dilutior.

1872 5893 1894 5925 δ
1928 5898 2443 5967 muss.,pe_ropera.
