3996 6504
520 453 669 514 1215

521 568 857 639 Mediatoris;
906 567 1171 627 debemus
1227 570 1503 642 percipere
1566 569 1747 626 animo
1785 567 2111 639 sempiterna

520 663 735 737 gaudia,
760 669 817 721 et
842 676 952 720 non
978 661 1152 719 solum
1175 662 1404 719 salutem
1438 676 1676 735 sperare,
1695 661 1793 718 sed
1813 660 1974 718 etiam
1999 660 2117 733 glo-

523 757 682 813 riam.

596 848 734 908 Aue.
759 848 909 922 Rogo
926 856 1001 917 te,
1021 848 1238 908 attende
1262 850 1403 922 quod
1420 849 1550 906 dicit
1567 848 1879 922 Apostolus,
1901 856 2118 922 propter

523 939 668 1013 quod
693 939 889 997 factum
910 948 994 997 est
1018 949 1077 997 ut
1112 940 1182 998 de
1206 941 1380 1013 primo
1409 940 1623 997 homine
1667 941 1975 1012 loqueretur
2002 955 2015 995 :
2049 937 2118 994 de

527 1034 967 1092 reconciliatione
991 1034 1202 1107 agebat,
1230 1051 1390 1108 quam
1420 1044 1475 1092 tu
1495 1050 1709 1108 quoque
1737 1050 1833 1106 per
1853 1034 2117 1090 mediato-

530 1142 647 1183 rem
661 1124 931 1183 Christum
952 1141 1020 1183 ex
1041 1127 1351 1196 inimicitiis,
1374 1142 1507 1199 quas
1534 1143 1655 1183 cum
1676 1126 1784 1182 Deo
1801 1125 2113 1195 habuimus,

529 1219 724 1274 tactam
763 1233 883 1275 esse
932 1218 1205 1275 concedis.
1265 1219 1405 1275 Ecce
1450 1219 1572 1275 vide
1618 1219 1781 1275 verba
1826 1217 2113 1290 Apostoli:

526 1308 809 1381 Justiﬁcati
843 1309 998 1382 igitur
1022 1326 1088 1365 ea:
1123 1310 1263 1380 fide,
1301 1310 1503 1381 inquit,
1539 1326 1721 1383 pacem
1749 1309 2023 1365 habeamus
2049 1308 2118 1364 ad

527 1400 729 1470 Deum,
771 1419 861 1476 per
908 1402 1185 1458 Dominum
1230 1412 1459 1458 nostrum
1500 1402 1677 1458 Iesum
1719 1402 1997 1460 Christum.
2052 1403 2121 1461 Et

530 1496 695 1567 paulo
723 1505 886 1568 post:
931 1496 995 1553 Si
1018 1498 1152 1551 enim
1171 1497 1440 1565 Christus,
1472 1514 1587 1553 cum
1630 1499 1821 1568 inﬁrmi
1863 1514 2116 1568 essemus,

526 1589 699 1644 adhuc
731 1590 889 1663 juxta
949 1598 1145 1659 tempus
1192 1607 1285 1660 pro
1335 1590 1505 1660 impiis
1556 1600 1783 1646 mortuus
1833 1600 1925 1646 est.
1989 1591 2118 1648 Item

531 1681 690 1753 paulo
737 1689 859 1752 post
906 1697 920 1735 :
962 1679 1287 1737 Commendat
1332 1691 1518 1749 autem,
1580 1682 1767 1754 inquit,
1826 1684 2122 1738 charitatem

533 1791 679 1832 suam
707 1772 841 1829 Deus
882 1772 937 1827 in
982 1773 1147 1841 nobis,
1190 1773 1427 1844 quoniam
1470 1790 1584 1828 cum
1627 1774 1795 1828 adhuc
1838 1783 2122 1845 peccatores

533 1882 750 1921 essemus
768 1907 783 1934 ,
811 1864 1041 1922 Christus
1070 1881 1162 1935 pro
1190 1866 1331 1920 nobis
1356 1850 1597 1920 mortuus
1630 1875 1701 1921 est
1725 1882 1745 1921 :
1776 1868 1933 1922 multo
1961 1867 2123 1939 magis

534 1976 667 2015 nunc
678 1959 952 2030 justiﬁcati
975 1959 1030 2013 in
1053 1959 1299 2030 sanguine
1325 1958 1484 2029 ipsius
1511 1998 1525 2025 ,
1557 1958 1684 2014 salvi
1724 1960 1909 2014 erimus
1950 1960 2012 2014 ab
2044 1960 2124 2015 ira

535 2070 625 2126 per
647 2053 835 2124 ipsum.
868 2051 1057 2109 Adhuc
1089 2050 1304 2107 attende
1333 2070 1347 2108 :
1381 2051 1445 2108 Si
1468 2052 1601 2107 etaim
1627 2069 1743 2107 cum
1767 2054 1959 2108 inimici
1988 2071 2125 2110 esse-

534 2163 667 2216 mus,
692 2145 863 2219 inquit
888 2188 904 2214 ,
932 2145 1246 2202 reconciliati
1282 2162 1457 2217 sumus
1498 2145 1606 2202 Deo
1632 2164 1723 2219 per
1751 2157 1964 2203 mortem
1995 2147 2124 2203 Filii

532 2241 683 2312 ejus;
735 2240 893 2295 multo
940 2240 1103 2312 magis
1150 2241 1501 2309 reconciliati,
1542 2241 1671 2296 salvi
1704 2242 1891 2296 erimus
1930 2243 1983 2297 in
2021 2241 2123 2297 vita

532 2331 716 2401 ipsius.
746 2330 893 2385 lianc
918 2331 1437 2397 reconciliationem,
1469 2346 1629 2401 quam
1659 2332 1814 2388 toties
1842 2347 2122 2389 commen-

534 2424 679 2479 davit
702 2464 718 2491 ,
745 2424 904 2480 etiam
933 2422 987 2479 in
1017 2423 1310 2479 novissimo
1336 2422 1516 2492 posuit
1543 2465 1558 2487 ,
1587 2422 1773 2479 dicens
1794 2464 1811 2492 ,
1845 2422 1948 2479 Per
1972 2440 2122 2496 quem

542 2525 589 2570 et
619 2532 753 2569 nunc
767 2515 1225 2569 reconciliationem
1243 2516 1563 2584 accepimus:
1592 2527 1657 2569 ac
1681 2513 2084 2570 tleinde‘iutulit
2103 2554 2123 2584 ,

538 2603 762 2677 Propter
781 2606 893 2671 hoc,
923 2606 1053 2661 sicut
1076 2623 1168 2678 per
1187 2622 1343 2660 unum
1371 2605 1623 2660 hominem
1660 2616 1923 2678 peccatum
1954 2609 2123 2663 intra-

536 2699 603 2753 vit
623 2698 677 2752 in
707 2698 949 2753 mundum
978 2697 1165 2770 (Rom.
1196 2714 1250 2764 v,
1282 2697 1413 2753 1-12
1433 2694 1475 2771 ).
1506 2698 1653 2754 Sicut
1686 2714 1816 2770 ergo
1846 2715 1945 2772 per
1981 2699 2126 2758 hunc

539 2807 703 2849 unum
728 2793 1037 2860 inimicitiae,
1066 2793 1146 2848 sic
1180 2808 1277 2864 per
1313 2786 1476 2848 unum
1506 2792 1777 2849 Christum
1809 2795 2123 2851 reconcilia-

540 2884 637 2939 tio.
660 2883 917 2955 Quisquis
950 2884 1111 2955 igitur
1135 2899 1166 2939 a
1190 2894 1409 2955 peccato
1441 2883 1493 2938 in
1523 2899 1627 2955 quo
1654 2884 1947 2941 inimicitia:
1971 2884 2125 2942 factm

536 2984 686 3043 sunt,
713 2976 912 3031 liberos
953 2991 1076 3033 esse
1106 2976 1357 3047 parvulos
1386 2974 1556 3043 dicit,
1580 2972 1820 3046 profecto
1850 2991 1943 3033 eos
1968 2986 2126 3049 negat

535 3065 604 3122 ad
647 3065 786 3122 hanc
826 3067 1351 3134 reconciliationem,
1398 3075 1616 3143 propter
1667 3084 1829 3140 quam
1883 3068 2126 3126 Christus

535 3156 800 3213 mediator
829 3157 999 3214 factus
1024 3168 1105 3216 est
1125 3201 1140 3226 ,
1167 3159 1439 3229 pertinere
1470 3175 1485 3213 :
1515 3160 1739 3231 proinde
1781 3172 1995 3232 separat
2030 3178 2126 3220 eos

536 3260 591 3307 et
615 3266 643 3307 a
690 3252 1073 3323 justitlcatione
1111 3268 1231 3324 qua:
1257 3253 1317 3307 tit
1344 3252 1396 3308 in
1424 3252 1619 3309 Christi
1654 3254 1944 3326 sanguine,
1972 3255 2126 3327 cujus

533 3344 789 3402 fundendi
813 3361 975 3402 causa
996 3388 1013 3412 ,
1050 3344 1267 3418 quando
1295 3362 1417 3402 cum
1446 3344 1737 3402 bibendum
1774 3347 2125 3404 commenda-

537 3440 653 3509 vit,
710 3441 855 3496 nulla
892 3440 994 3497 nisi
1035 3441 1087 3496 in
1128 3426 1691 3498 remissionem'dicta
1741 3451 1826 3499 est
1874 3451 2125 3515 peccato-

535 3547 655 3590 rum
701 3533 928 3601 (Matth.
972 3548 1125 3601 xxvr,
1166 3531 1297 3605 28).
1340 3532 1495 3590 Unde
1544 3533 1605 3590 iit
1648 3549 2006 3606 consequens,
2068 3542 2128 3590 ut

534 3624 769 3697 parvulis
796 3634 1011 3696 peccata
1052 3640 1156 3680 non
1191 3624 1508 3682 habentibus
1553 3641 1700 3683 mors
1751 3627 1947 3684 Christi
1994 3625 2127 3684 nihil

537 3716 706 3789 prosit
758 3718 1009 3774 omnino:
1052 3733 1149 3789 per
1173 3716 1314 3774 hanc
1355 3718 1501 3775 enim
1562 3720 1895 3775 reconciliati
1938 3735 2127 3776 sumus

537 3807 669 3878 Deo,
702 3826 822 3866 cum
844 3810 1044 3867 inimici
1079 3825 1355 3878 essemus;
1382 3809 1524 3882 quod
1563 3810 1794 3882 parvuli,
1831 3812 2126 3868 secundum

502 3927 506 3931 ·
537 3917 653 3972 vos,
683 3903 1039 3960 nonfuerunt.
1063 3904 1130 3961 Ut
1152 3905 1295 3960 enim
1323 3912 1542 3976 propter
1561 3902 1701 3961 hanc
1728 3906 2127 3962 reconciliatio-

537 4013 660 4054 nem
691 4012 1027 4053 moreremur
1051 4007 1303 4068 peccato,
1332 3998 1386 4054 in
1414 4014 1521 4071 quo
1551 3999 1845 4056 inimicitia:
1871 4001 2084 4058 fuerunt
2108 4018 2125 4071 ;

535 4089 834 4160 quicumque
861 4086 1105 4159 baptizati
1132 4090 1374 4144 sumusin
1404 4088 1604 4145 Christo
1624 4131 1638 4157 ,
1666 4092 1801 4147 sicut
1831 4092 1972 4149 idem
1999 4092 2131 4151 dicit

537 4181 839 4253 apostolus,
862 4181 915 4235 in
936 4190 1096 4236 morte
1120 4181 1261 4238 illius
1290 4168 1530 4254 ὀαριὶιὰιὶ
1558 4201 1751 4239 sumus.
1781 4185 1864 4241 Ad
1892 4186 2008 4243 haec
2035 4203 2131 4243 au-

538 4282 645 4331 tem
668 4273 827 4331 verba
854 4283 912 4329 ut
936 4275 1243 4345 perveniret
1274 4292 1288 4328 :
1323 4274 1385 4332 Si
1414 4277 1548 4331 enim
1578 4279 1765 4333 mortui
1803 4296 2009 4348 sumus,
2043 4281 2127 4337 in-

538 4368 673 4439 quit,
704 4378 908 4439 portato
933 4409 949 4435 ,
978 4368 1231 4438 quomodo
1252 4369 1468 4424 vivemus
1497 4371 1549 4425 in
1588 4372 1687 4425 eo?
1722 4370 2025 4445 Statimque
2072 4383 2130 4431 ut

536 4461 846 4519 ostenderet
881 4471 1119 4518 mortuos
1148 4477 1247 4518 nos
1276 4456 1418 4519 esse
1447 4473 1667 4535 peccato
1691 4484 1704 4519 :
1737 4466 1816 4521 An
1858 4467 2125 4539 ignoratis,

536 4552 728 4624 inquit,
770 4554 1009 4625 quoniam
1037 4555 1338 4626 quicumque
1370 4555 1612 4628 baptizati
1648 4575 1821 4615 sumus
1844 4561 1896 4615 in
1927 4559 2128 4619 Christo

536 4644 681 4716 Iesu,
703 4648 757 4702 in
787 4658 945 4703 morte
971 4649 1131 4721 ipsius
1156 4650 1397 4720 baptizati
1419 4666 1593 4705 sumus
1621 4649 1805 4724 (Rom.
1828 4669 1902 4722 Vl,
1927 4653 1982 4721 2,
2009 4655 2043 4711 ὅ
2064 4652 2130 4729 )?

537 4738 639 4797 libi
662 4749 746 4795 est
768 4740 984 4798 libertas
1012 4750 1068 4798 et
1111 4741 1364 4798 fortitudo
1391 4743 1566 4812 animi
1596 4743 1813 4812 ,vestri?
1836 4745 2011 4814 Quare
2065 4747 2133 4802 ti-

540 4831 697 4889 metis
724 4830 925 4902 dicere,
965 4833 1107 4905 quod
1157 4834 1379 4890 credere
1429 4850 1536 4891 non
1586 4834 1819 4903 timetis,
1877 4837 2130 4908 parvulos

540 4925 594 4981 in
647 4924 863 4981 Christo
909 4925 1164 4997 baptizari
1208 4942 1315 4983 non
1350 4935 1635 5000 oportere,
1667 4943 1801 5000 quos
1826 4939 2126 5002 peccatum,

538 5017 623 5074 cui
650 5018 965 5087 moriantur,
989 5018 1162 5075 dicitis
1191 5036 1297 5077 non
1321 5020 1562 5078 habere?
2111 5021 2115 5027 ’

611 5108 890 5167 CLXXIII.
920 5109 1041 5168 ιω..
1074 5110 1354 5185 Propterea
1373 5116 1502 5170 sicut
1532 5132 1623 5187 per
1660 5114 1828 5171 unum
1874 5117 2130 5173 hominem

541 5204 593 5260 in
619 5205 755 5262 hunc
783 5207 1025 5264 mundum
1068 5220 1326 5281 peccatum
1372 5211 1596 5278 intravit,
1639 5224 1685 5268 et
1733 5230 1824 5286 per
1870 5225 2129 5286 peccatum

540 5316 711 5370 mors;
739 5312 786 5357 et
811 5302 883 5358 ila
910 5304 964 5359 in
983 5321 1153 5360 onmes
1174 5305 1398 5362 homines
1424 5323 1560 5363 mors
1587 5308 1601 5340 ⁸
1625 5307 1935 5379 pertransiit,
1962 5309 2014 5363 in
2032 5324 2130 5381 quo

541 5410 712 5451 omnes
748 5407 1076 5467 peccaverunt
1100 5398 1121 5472 (
1145 5396 1233 5453 1d.
1263 5414 1317 5466 v,
1351 5400 1417 5455 12
1439 5399 1478 5470 ).
1530 5399 1612 5455 Ad
1653 5400 2005 5456 edomandam
2041 5415 2129 5455 su-

541 5485 779 5557 perbiam
808 5485 1136 5558 Iudaeorum,
1167 5490 1258 5563 qui
1288 5490 1388 5546 sibi
1414 5492 1768 5548 necessariam
1794 5502 2129 5564 peccatorum

540 5574 750 5636 veniam
803 5596 911 5639 non
958 5590 1195 5654 tantum,
1247 5597 1500 5658 quantum
1545 5582 1846 5644 Gentilibus
1892 5582 2128 5646 restitns;

605 5798 624 5873 ξ
658 5804 977 5873 laqueos-ipa,
998 5801 1130 5873 et
1210 5817 1372 5873 omnes
1394 5803 1606 5873 homines
1621 5805 1916 5873 pertransiit.
1935 5809 2128 5873 omisso,

541 5871 688 5936 mors.
705 5869 762 5936 At
782 5864 925 5936 paulo
945 5864 1072 5929 post,
1091 5869 1140 5917 in
1155 5867 1375 5936 ejusdem
1390 5864 1658 5936 sententiis
1671 5870 1984 5936 repetitione,
2006 5864 2130 5927 hanc

540 5934 712 6010 vocem
726 5930 911 5980 habent
930 5930 1240 6014 atauuscrioti
1261 5938 1315 5985 et
1334 5931 1564 6011 omittunt

542 6017 557 6043 Ω
1200 6017 1216 6039 τ
1255 6027 1262 6033 -

2032 6045 2054 6074 ἱΔ

1197 451 1442 510 OPERIS
1479 446 1891 510 [HPERFECTI
1927 445 2201 506 CONTRA
2240 445 2598 519 JULIANUM,
2636 448 2696 508 S.
2733 449 3107 511 AUGUSTINI

3658 453 3812 516 ωε

2220 564 2368 637 bant,
2392 568 2742 641 praerogativa
2768 568 2902 642 legis
2921 570 3259 628 sanctitatem
3283 582 3383 628 suo
3408 571 3596 644 generi
3624 572 3776 632 vindi
3792 603 3810 618 ο

2220 671 2437 729 cantes;
2469 663 2521 718 in
2556 662 2801 720 morbum
2829 663 3076 721 humanas
3110 664 3532 721 conversationis
3567 665 3812 738 invadit,

2220 762 2275 811 et
2299 755 2695 813 multitudinem
2713 756 3139 829 delinquentium
3177 767 3325 816 retro
3350 757 3488 830 petit
3515 774 3529 813 :
3550 766 3613 815 ut
3637 774 3814 831 quan-

2222 856 2334 904 tum
2355 848 2734 906 dominationis
2759 851 2813 907 in
2841 849 2944 907 hoc
2984 849 3184 908 mundo
3224 850 3474 923 iniquitas
3516 865 3814 924 occupave-

2220 940 2311 1010 rit,
2357 942 2688 1014 antiquitatis
2728 943 2895 1015 ipsius
2935 942 3129 1015 prodat
3185 942 3505 1010 auctoritas;
3549 959 3815 1017 quamque

2220 1032 2388 1089 multa
2431 1042 2487 1090 et
2524 1043 2806 1092 veteruosa
2846 1036 3093 1105 crimina,
3144 1036 3214 1094 ab
3237 1037 3576 1115 obscenitate
3615 1054 3818 1110 prame-

2230 1124 2472 1180 dentium
2507 1141 2607 1198 per
2643 1141 2836 1183 manus
2874 1138 3075 1184 mutuae
3113 1127 3425 1185 imitationis
3452 1130 3684 1201 posteris
3713 1139 3827 1187 tra-

2222 1215 2353 1286 dita,
2385 1217 2582 1275 Christi
2601 1220 2770 1290 gratia
2805 1221 3133 1292 sustulisset,
3161 1221 3493 1279 ostenderet.
3542 1224 3722 1297 Atque
3749 1225 3822 1283 ob

2223 1307 2327 1366 hoc
2359 1310 2783 1370 recordationem
2823 1313 2949 1370 facit
2982 1300 3159 1385 primi
3201 1314 3454 1382 hominis;
3504 1330 3614 1372 non
3653 1331 3687 1373 a
3712 1331 3823 1389 quo

2223 1412 2503 1475 peccatum
2522 1414 2784 1477 coeperat,
2812 1414 3027 1464 constat
3050 1406 3194 1463 enim
3223 1407 3372 1478 prius
3399 1406 3685 1465 mulierem
3722 1407 3823 1465 de—

2224 1496 2463 1568 liquisse;
2491 1498 2586 1554 sed
2612 1498 2704 1570 qui
2745 1515 2842 1569 per
2867 1499 3202 1572 privilegium
3227 1514 3416 1567 sexus,
3453 1498 3821 1571 magisterium
3858 1535 3871 1549 .

2225 1598 2540 1660 occupasset
2563 1590 2746 1647 delicti
2775 1609 2789 1646 :
2823 1607 2919 1663 per
2945 1590 3092 1648 hunc
3111 1607 3263 1664 ergo,
3296 1591 3506 1648 intravit
3532 1600 3822 1662 peccatum,

2227 1690 2273 1737 et
2294 1699 2382 1754 per
2409 1691 2669 1755 peccatum
2694 1700 2851 1750 mors,
2891 1683 3010 1740 sine
3034 1682 3200 1740 dubio
3235 1682 3328 1739 illa
3371 1697 3494 1755 qua:
3524 1681 3826 1753 peccatori-

2226 1771 2347 1840 bus,
2386 1772 2440 1828 id
2490 1782 2607 1842 est,
2656 1783 2875 1842 aeterna,
2908 1774 3238 1846 promittitur
3265 1782 3350 1830 :et
3393 1772 3487 1840 ita,
3528 1772 3720 1844 inquit,
3771 1773 3827 1829 in

2228 1883 2399 1921 onmes
2425 1866 2653 1922 homines
2674 1884 2811 1923 mors
2836 1868 3150 1939 pertransiit,
3170 1854 3231 1922 in
3262 1883 3362 1940 quo
3386 1881 3561 1921 omnes
3584 1880 3827 1938 peccave-

2226 1968 2363 2015 runt.
2404 1960 2627 2031 Aperuit
2672 1974 2891 2031 prorsus
2940 1960 3171 2031 qualiter
3206 1958 3326 2015 lucc
3344 1973 3493 2015 mors
3518 1957 3829 2015 transiisset

2227 2051 2296 2107 ad
2344 2061 2624 2124 posteros,
2673 2050 2743 2110 ob
2785 2052 3139 2109 imitationem
3162 2050 3398 2119 scilicet,
3447 2064 3558 2106 non
3597 2064 3830 2122 genera-

2230 2143 2451 2199 tionem.

2301 2236 2440 2292 Auc.
2472 2234 2592 2292 Jam
2618 2235 2835 2307 quidem
2855 2250 3175 2308 responsum
3202 2243 3289 2293 est
3310 2233 3427 2302 tibi,
3455 2250 3553 2291 cur
3567 2248 3673 2292 non
3702 2250 3831 2291 mu-

2229 2323 2416 2383 lierem
2446 2328 2825 2395 nominaverit,
2855 2343 2921 2385 ex
2951 2345 3054 2400 qua
3077 2327 3176 2384 fuit
3211 2328 3425 2385 initium
3455 2328 3684 2401 peccati,
3730 2327 3831 2387 sed

2228 2435 2397 2475 unum
2438 2419 2743 2488 hominem;
2770 2429 2863 2477 aut
2887 2429 2946 2477 ut
2969 2421 3083 2492 ipsa
3112 2435 3326 2493 quoque
3354 2420 3407 2476 in
3436 2420 3528 2478 illo
3555 2420 3830 2491 intellige-

2228 2525 2380 2569 retur
2410 2524 2633 2585 propter
2659 2529 2821 2569 unam
2856 2529 3096 2582 carnem,
3120 2524 3213 2570 aut
3234 2512 3378 2585 quod
3404 2528 3435 2569 a
3484 2513 3604 2570 viro
3642 2513 3833 2585 incipit

2230 2608 2525 2677 generatio,
2558 2623 2656 2679 per
2686 2623 2846 2679 quam
2876 2607 3095 2664 volebat
3134 2606 3423 2664 ostendere
3473 2606 3528 2663 in
3566 2606 3833 2663 mundum

2230 2697 2459 2756 intrasse
2480 2708 2781 2773 peceatum.
2803 2698 2912 2756 Sed
2938 2699 3203 2765 homines,
3232 2700 3324 2771 qui
3365 2699 3547 2756 dicitis
3590 2708 3832 2757 mortem

2229 2808 2349 2862 qua:
2392 2792 2445 2848 in
2493 2802 2713 2864 peccato
2767 2801 2870 2859 est,
2903 2792 2973 2848 ob
3014 2792 3391 2861 imitationem,
3441 2808 3551 2850 non
3600 2807 3835 2865 genera-

2231 2884 2455 2954 tionem,
2487 2885 2555 2941 ad
2581 2893 2827 2957 posteros
2858 2887 3158 2953 transiisse,
3202 2901 3300 2942 cur
3326 2901 3437 2942 non
3462 2894 3650 2959 aperte
3696 2886 3835 2943 dici-

2232 2978 2300 3034 tis
2327 2978 2586 3049 baptizari
2607 2979 2661 3034 iu
2682 2979 2899 3035 Christo
2928 2979 3057 3035 Jesu
3092 2979 3347 3051 parvulos
3367 2993 3473 3034 non
3507 2978 3752 3036 debere?
3775 2979 3835 3037 Si

2230 3070 2374 3126 enim
2399 3069 2706 3140 baptizandi
2735 3079 2861 3126 sunt
2884 3071 2938 3125 in
2963 3068 3201 3140 Christo,
3219 3069 3474 3141 quoniam
3503 3070 3836 3142 quicumque

2231 3162 2570 3233 baptizantur
2598 3164 2653 3218 in
2677 3161 2915 3231 Christo,
2955 3163 3009 3218 in
3052 3172 3226 3219 morte
3248 3162 3417 3233 ipsius
3459 3161 3835 3234 baptizantur;

2231 3256 2417 3328 procul
2446 3254 2607 3312 dubio
2633 3264 2856 3328 peccato
2882 3264 2936 3313 et
2962 3256 3065 3327 ipsi
3098 3256 3402 3313 moriuntur
3427 3272 3443 3311 :
3473 3255 3599 3313 hinc
3631 3258 3838 3329 quippe

2232 3351 2480 3424 probavit
2499 3351 2807 3422 Apostolus,
2836 3360 3053 3422 peccato
3086 3364 3187 3406 nos
3228 3364 3350 3408 esse
3389 3359 3653 3417 mortuos,
3708 3351 3837 3423 quia

2231 3444 2285 3500 in
2314 3451 2488 3500 morte
2514 3443 2716 3500 Christi
2744 3442 2998 3515 haptizati
3023 3457 3229 3500 sumus.
3251 3441 3390 3499 Cum
3409 3442 3554 3500 enim
3582 3442 3834 3510 dixisset,

2232 3536 2296 3593 Si
2323 3536 2507 3592 mortui
2529 3552 2704 3591 sumus
2731 3545 2956 3608 peccato,
2987 3534 3239 3607 quomodo
3268 3535 3484 3591 vivemus
3508 3535 3563 3589 in
3582 3533 3684 3589 eo?
3708 3549 3838 3590 mox

2232 3638 2291 3684 ut
2318 3628 2626 3685 ostenderet
2644 3635 2884 3684 mortuos
2908 3642 3008 3684 nos
3032 3641 3154 3701 esse
3181 3612 3421 3699 peccato,
3447 3625 3529 3681 An
3559 3626 3837 3696 ignoratis,

2231 3721 2423 3792 inquit,
2450 3721 2689 3792 quoniam
2715 3721 3018 3791 quicumque
3042 3720 3286 3792 baptizati
3317 3735 3494 3776 sumus
3532 3718 3588 3773 in
3625 3716 3840 3776 Christo

2230 3812 2375 3880 Jesu,
2423 3813 2477 3868 in
2504 3823 2664 3868 morte
2686 3813 2828 3868 illius
2870 3813 3115 3882 baptizati
3139 3813 3351 3869 sumus?
3379 3810 3629 3884 Quisquis
3674 3811 3844 3882 igitur

2232 3914 2509 3978 peccatum
2534 3922 2641 3963 non
2667 3905 2846 3972 habet,
2875 3920 2982 3962 non
3011 3917 3097 3962 ρει
3121 3905 3212 3962 cui
3236 3905 3253 3937 ¹
3284 3905 3544 3962 moriatur
3567 3905 3624 3962 in
3652 3888 3851 3977 Baptio.

2232 4013 2351 4057 smo
2381 4016 2394 4053 :
2427 3998 2669 4070 quisquis
2694 3994 2896 4066 autem,
2940 4012 3063 4054 cum
3092 3997 3410 4070 baptizatur,
3457 4012 3564 4054 non
3610 4007 3843 4068 peccato

2232 4091 2477 4159 moritur,
2506 4106 2614 4146 non
2638 4090 2937 4161 baptizatur
2960 4090 3013 4145 in
3040 4097 3214 4145 morte
3234 4089 3464 4157 Christi;
3489 4105 3553 4145 ac
3566 4104 3665 4162 per
3700 4089 3842 4159 hoc,

2232 4199 2343 4241 non
2363 4183 2657 4254 baptizatur
2674 4183 2727 4238 in
2744 4180 2977 4238 Christo.
3003 4179 3142 4249 Quid
3159 4181 3615 4253 tergiversamini?
3637 4180 3845 4239 Libero

2233 4277 2439 4346 aperite
2465 4274 2664 4331 inferos
2682 4282 2891 4330 vestros
2919 4292 2934 4329 :
2963 4273 3132 4331 libere
3151 4272 3219 4329 ad
3244 4288 3341 4330 vos
3366 4273 3585 4342 intrent,
3611 4273 3708 4345 qui
3737 4288 3844 4330 no-

2232 4368 2350 4422 lunt
2369 4367 2421 4422 in
2447 4366 2644 4424 delicto
2670 4377 2931 4434 mortuos,
2963 4367 3019 4424 in
3050 4365 3324 4439 Baptismo
3344 4364 3603 4423 viviﬁcari
3633 4381 3847 4438 parvu-

2235 4459 2316 4516 los
2341 4475 2488 4515 suos.

2306 4552 2584 4609 CLXXIV.
2616 4552 2734 4610 Jun.
2762 4552 3052 4625 Postquam
3105 4554 3249 4609 enim
3296 4550 3528 4620 dixerat,
3568 4550 3621 4605 in
3656 4566 3848 4607 omnes

2234 4647 2462 4702 homines
2488 4648 2817 4717 pertransiit;
2840 4644 3076 4702 subdidit
3097 4645 3297 4713 statim,
3319 4645 3375 4700 in
3394 4661 3494 4718 quo
3520 4661 3696 4700 omnes
3718 4661 3851 4716 pec-

2235 4749 2469 4795 caverunt
2499 4756 2518 4795 :
2548 4739 2667 4809 hoc,
2695 4741 2749 4794 in
2778 4756 2878 4810 quo
2909 4755 3083 4795 omnes
3108 4746 3461 4809 peccauerunt,
3510 4735 3644 4793 nihil
3690 4736 3848 4793 aliud

2235 4830 2452 4894 iudicat,
2481 4846 2641 4903 quam
2691 4831 2817 4903 quia
2868 4846 3059 4887 omnes
3107 4837 3486 4902 peccaverunt,
3535 4828 3850 4885 secundum

2235 4924 2363 4981 illud
2396 4925 2705 4980 Davidicum
2741 4943 2754 4981 τ
2787 4924 2854 4980 In
2884 4941 2982 4997 quo
3033 4924 3239 4997 corrigit
3284 4921 3649 4979 adolescentior
3704 4923 3852 4978 viam

2233 5020 2420 5075 suam?
2447 5018 2499 5075 id
2521 5029 2624 5087 est,
2646 5017 2920 5091 quomodo
2941 5018 3164 5091 corrigit
3188 5018 3330 5075 viam
3357 5017 3547 5089 suam?
3568 5014 3634 5072 In
3656 5025 3851 5073 custo-

2235 5114 2418 5169 diendo
2442 5130 2695 5169 sermones
2730 5124 2841 5169 tuos
2862 5112 3033 5185 (Psal.
3056 5128 3238 5183 cxvut,
3261 5112 3341 5185 9).
3367 5110 3426 5169 in
3454 5126 3522 5170 eo
3548 5125 3677 5183 ergo
3707 5125 3849 5167 cor-

2234 5206 2333 5278 rigi
2362 5205 2572 5275 dicitur,
2604 5222 2700 5278 per
2715 5206 2855 5279 quod
2885 5215 2941 5263 et
2961 5206 3266 5279 corrigitur.
3285 5203 3361 5261 Ita
3383 5212 3440 5262 et
3463 5204 3768 5278 Apostolus
3792 5204 3851 5261 in

2234 5317 2300 5358 eo
2350 5301 2482 5357 dixit
2506 5301 2877 5373 pertransiisse
2904 5309 3155 5370 mortem,
3177 5301 3234 5357 in
3273 5314 3381 5372 quo
3400 5313 3589 5356 omnes
3615 5298 3852 5371 propria

2234 5394 2510 5450 voluntate
2533 5402 2935 5465 peccaverunt:
2964 5408 3072 5449 non
3097 5391 3293 5461 uthoc,
3319 5391 3511 5464 inquo,
3527 5389 3852 5461 autAdam,

2233 5494 2325 5542 aut
2353 5495 2628 5559 peccatum
2656 5486 2900 5542 videatur
2919 5485 3234 5553 ostendere;
3282 5483 3378 5542 sed
3406 5484 3462 5540 in
3501 5496 3601 5556 quo
3642 5496 3855 5542 omnes

2233 5587 2517 5650 peccantes
2542 5577 2863 5649 intelligatur
2882 5576 3210 5649 exprimere.

2307 5671 2441 5726 Auc.
2466 5670 2629 5741 Aperi
2681 5669 2871 5725 oculos
2901 5686 2914 5723 :
2944 5670 2998 5725 in
3052 5668 3227 5726 Adam
3271 5682 3459 5727 omnes
3505 5668 3852 5739 moriuntur,

2234 5760 2289 5817 in
2318 5776 2423 5834 quo
2448 5761 2494 5816 si
2524 5775 2630 5817 non
2658 5770 2781 5818 sunt
2805 5761 3001 5818 mortui
3027 5761 3264 5833 parvuli,
3297 5777 3397 5820 nec
3420 5762 3475 5820 iu
3501 5760 3723 5818 Christo
3751 5762 3852 5821 vi~

2285 5943 2317 6021 ,ί
2348 5944 2491 6011 Esau,
2518 5954 2624 5997 cur.
2666 5941 2835 5997 Helius
2856 5949 2937 5998 Ms.
2960 5949 3095 6011 Itan,
3115 5944 3213 6002 cui.
