3950 6468
176 318 298 378 1217

175 436 445 498 viﬁcantur,
468 429 657 503 utquid
678 447 799 489 cum
821 430 900 488 eis
919 430 986 487 ad
1004 430 1336 502 Baptismum
1358 429 1708 485 vivificatoris

170 538 216 586 ct
235 526 503 583 salvatoris
531 527 870 582 simulatione
894 525 1179 580 damnabili
1205 525 1445 587 curritis,
1476 539 1611 594 quos
1635 521 1710 576 vi-

170 637 250 675 vos
291 634 550 688 sanosque
579 617 855 674 clamando
895 617 911 648 ¹
944 616 1204 673 vivificari
1258 617 1545 688 sanarique
1592 631 1700 671 non

174 713 349 770 mltis?

217 800 542 858 CLXXV.—
565 799 680 856 JcL.
711 798 908 856 Omnes
951 810 1132 857 autem
1166 817 1264 873 pro
1316 801 1503 859 multis
1538 801 1700 872 poni,

161 896 408 950 innumera
424 891 822 964 Scripturarum
835 893 1078 964 exempla
1104 903 1392 960 testantur,
1410 895 1703 952 secundum

159 983 283 1047 illud,
307 979 492 1061 anes
518 981 923 1049 declinaverunt,
945 983 1104 1038 simul
1138 984 1350 1040 inutiles
1385 985 1515 1056 facti
1540 995 1663 1041 sunt
1685 1001 1705 1040 :

159 1086 201 1132 et
221 1083 524 1145 postpauca,
543 1072 646 1139 Qui
659 1073 926 1141 devorant,
944 1077 1137 1147 inquit,
1167 1076 1366 1149 plebem
1397 1090 1584 1145 meam,
1601 1080 1699 1133 sic-

162 1176 205 1220 ut
233 1165 386 1219 cibum
413 1165 566 1234 panis
591 1163 761 1235 (Psal.
792 1180 924 1231 xm,
954 1165 1008 1232 5,
1036 1166 1124 1238 4);
1165 1167 1454 1224 ostendens
1493 1170 1560 1223 ab
1591 1167 1696 1223 illis

160 1258 390 1322 omnibus,
417 1272 554 1327 quos
590 1257 791 1312 malum
813 1260 1258 1330 pronuntiaverat
1291 1262 1526 1332 operari,
1555 1263 1700 1317 hanc

154 1347 325 1418 plebem
349 1343 509 1400 fuisse
535 1343 842 1400 discretam.
875 1341 932 1398 In
988 1344 1278 1414 Evangelio
1329 1343 1581 1410 refertur,
1634 1343 1702 1397 Et

153 1437 362 1492 clamabat
408 1435 571 1490 omnis
614 1433 832 1506 populus
863 1450 882 1488 :
907 1432 1193 1506 Crttciﬁge!
1210 1434 1452 1505 eruci/ige
1486 1433 1696 1507 (Matth.

103 1545 112 1556 ·
153 1545 286 1593 xxvu,
329 1526 417 1594 23,
457 1536 505 1582 et
531 1525 836 1596 Luc.xxnt,
862 1524 987 1598 2i)!
1031 1527 1097 1582 Et
1131 1535 1308 1582 tamen
1353 1528 1700 1597 generalitate

151 1620 271 1676 verbi
289 1618 433 1689 hujus
462 1633 797 1690 nequaquam
825 1628 915 1672 aut
953 1619 1218 1689 Apostoli,
1241 1627 1332 1673 aut
1351 1617 1693 1686 Nicodemus,

152 1724 225 1770 aut
246 1722 418 1770 saneta:
443 1713 699 1770 mulieres
721 1713 1076 1768 includuntur.
1111 1712 1207 1767 Hic
1234 1711 1348 1782 ipse
1383 1712 1694 1783 Apostolus,

154 1825 268 1882 quos
290 1823 412 1865 nunc
458 1808 593 1863 dixit
623 1823 830 1873 omnes,
861 1808 1018 1880 paulo
1049 1816 1168 1879 post
1212 1808 1408 1863 multos
1434 1808 1692 1862 nominat.

207 1903 322 1959 Ave.
350 1900 425 1956 Ad
447 1900 552 1957 hoc
565 1900 676 1972 jam
717 1915 1032 1973 responsum
1085 1907 1188 1967 est,
1243 1915 1351 1955 non
1400 1913 1697 1970 repugnare

150 1995 356 2052 omnibus
405 1995 625 2061 multos,
668 1993 791 2066 quia
846 1994 946 2064 ipsi
994 2009 1181 2050 omnes
1229 2009 1337 2049 non
1384 1994 1558 2064 pauci,
1601 1994 1696 2050 sed

151 2088 270 2143 multi
289 2095 420 2142 sunt.
451 2087 520 2142 Et
538 2086 680 2158 quod
711 2086 778 2142 de
802 2087 1012 2142 Psalmo
1031 2087 1484 2155 commemorasti,
1510 2085 1696 2143 Omnes

151 2181 522 2246 declinaverunt,
603 2178 757 2234 simul
804 2179 1009 2233 inutiles
1061 2179 1185 2248 facti
1257 2187 1408 2244 sunt;
1478 2193 1697 2248 prorsus

150 2285 299 2326 verum
339 2269 620 2324 cst:lilios
664 2269 860 2340 quippe
908 2270 1205 2336 hominum,
1248 2270 1339 2340 qui
1386 2265 1693 2326 declinave-

152 2369 250 2415 runt
282 2374 478 2425 omnes,
533 2359 787 2415 discrevit
830 2374 860 2415 a
905 2360 1028 2414 [iliis
1077 2360 1210 2427 Dei,
1265 2375 1399 2431 quos
1451 2375 1556 2415 non
1597 2360 1694 2416 de—

147 2454 365 2508 clinantes
427 2452 794 2519 devorabaut;
841 2453 983 2508 Deus
1032 2453 1176 2508 enim
1242 2454 1478 2524 respexit
1532 2469 1695 2524 super

146 2547 255 2602 ﬁlios
299 2546 613 2602 hominum:
646 2545 701 2601 hi
759 2560 946 2602 omnes
1000 2546 1439 2613 declinaverunt;
1493 2547 1561 2602 ab
1615 2547 1694 2602 eis

145 2638 308 2709 quippe
331 2639 534 2709 excepti
561 2649 683 2693 sunt
702 2637 792 2693 filii
814 2638 926 2692 Dei.
955 2639 1028 2693 Ex
1059 2637 1140 2694 his
1161 2654 1288 2710 ergo
1309 2639 1692 2695 declinantibus

142 2731 357 2786 omnibus
386 2730 820 2799 ﬁliishominum,
847 2739 961 2786 erat
982 2731 1141 2786 etiam
1159 2731 1246 2786 ille
1266 2731 1439 2786 omnis
1469 2732 1692 2802 populus

140 2829 214 2897 qui
251 2825 535 2882 clamabat:
564 2822 852 2897 Cruci/ige!
898 2826 1170 2896 cruci/ige!
1192 2825 1271 2879 Ad
1318 2824 1457 2879 hunc
1497 2826 1692 2894 quippe

138 2919 368 2989 populum
390 2919 525 2974 nullo
555 2917 718 2973 modo
745 2917 842 2984 illi,
875 2916 1089 2988 quijam
1131 2917 1182 2970 in
1211 2915 1481 2971 Christum
1519 2916 1694 2972 credi-

145 3010 329 3079 derant,
376 3009 724 3081 pertinebant.
758 3009 892 3064 lline
949 3018 1001 3064 te
1035 3023 1187 3074 exue,
1228 3008 1272 3063 si
1312 3016 1479 3077 potes,
1548 3007 1691 3078 quod

140 3120 254 3158 unus
274 3121 358 3175 pro
395 3103 623 3159 omnibus
667 3110 898 3157 mortuus
926 3109 1032 3169 est;
1062 3109 1117 3156 et
1157 3099 1294 3155 aude
1341 3100 1535 3166 dicere,
1583 3115 1690 3156 non

141 3212 298 3253 omnes
324 3205 577 3264 mortuos,
611 3210 709 3266 pro
767 3195 959 3266 quibus
1004 3201 1245 3249 mortuus
1283 3203 1363 3248 est
1411 3193 1687 3260 Christus;

141 3305 240 3346 cum
266 3292 432 3346 statim
459 3291 554 3346 tibi
575 3288 864 3361 Apostolus
892 3287 1069 3342 fauces
1096 3293 1319 3355 premat,
1347 3293 1401 3340 et
1426 3287 1693 3356 opprimat

148 3384 519 3439 audacissimam
570 3396 779 3448 vocem,
844 3379 969 3450 quid
1024 3385 1335 3448 sequeretur
1378 3377 1688 3445 ostendens,

145 3487 186 3532 et
207 3477 387 3542 dicens,
420 3475 554 3548 Ergo
579 3491 751 3530 omnes
793 3472 980 3527 mortui
1000 3479 1137 3526 sunt.
1180 3469 1300 3525 Noli
1350 3471 1428 3524 sic
1473 3469 1692 3528 laudum

147 3569 448 3639 Apostolum;
505 3567 613 3622 noli
662 3565 740 3622 sic
784 3579 1075 3634 exponere,
1125 3569 1182 3617 ut
1212 3562 1348 3616 nolis
1392 3560 1594 3626 audire,
1627 3560 1690 3616 δη

149 3675 248 3714 unus
292 3676 376 3730 pro
421 3658 652 3714 omnibus
706 3665 932 3712 mortuus
985 3665 1074 3721 est,
1133 3671 1249 3726 ergo
1293 3669 1463 3708 omnes
1505 3663 1691 3708 mortus

151 3764 238 3807 sunt
259 3753 314 3823 (ll
338 3753 453 3808 Cor.
476 3769 532 3820 ν,
563 3749 872 3824 14,15),1ιι
916 3749 1014 3805 hos
1047 3763 1231 3803 omnes
1258 3749 1278 3780 ¹
1312 3763 1432 3803 cum
1471 3755 1690 3817 peccato

142 3860 264 3901 .mors
288 3843 606 3917 pertransiit,
627 3859 724 3915 per
751 3843 896 3898 illum
924 3842 976 3897 in
1007 3856 1113 3912 quo
1143 3855 1330 3895 omnes
1350 3840 1649 3894 moriuntur
1673 3857 1688 3896 :

154 3938 391 3994 iliisuntet
412 3937 640 4008 parvuli,
668 3936 790 4008 quia
819 3943 874 3992 et
904 3949 998 4005 pro
1029 3933 1156 4005 ipsis
1183 3932 1427 3988 Christus
1451 3939 1690 3988 mortuus

153 4041 247 4083 est:
275 4032 354 4101 qui
393 4037 675 4101 propterea
719 4043 819 4098 pro
861 4025 1109 4081 omnibus
1150 4033 1394 4079 mortuus
1431 4031 1531 4087 est,
1567 4024 1708 4094 quia,

152 4136 299 4177 omnes
324 4123 511 4178 mortui
538 4128 680 4176 sunt.
709 4117 972 4189 Quidquid
1000 4116 1410 4188 argumentaris,
1433 4114 1690 4188 quidquid

153 4215 479 4285 tergiverseris
501 4213 542 4281 ³,
564 4211 822 4284 quidquid
845 4210 1263 4282 apostolicorum
1284 4208 1566 4264 verborum
1595 4222 1689 4262 co-

152 4311 262 4363 neris
279 4316 510 4364 evertere
535 4306 650 4362 sive
675 4312 997 4376 pervertere,
1027 4318 1056 4356 a
1077 4309 1247 4357 morte
1263 4315 1380 4371 quae
1402 4301 1452 4354 in
1473 4307 1691 4371 peccato

150 4409 228 4466 est,
251 4401 486 4471 parvulos
506 4413 619 4454 non
642 4395 879 4452 ostendis
907 4395 1168 4449 immunes
1207 4409 1220 4445 :
1251 4392 1373 4464 quia
1395 4401 1447 4448 et
1485 4407 1580 4462 pro
1610 4391 1689 4447 eis

147 4489 375 4547 Christum
404 4499 674 4547 mortuum
704 4503 902 4559 negare
928 4501 1034 4541 non
1063 4485 1248 4541 audes.

199 4582 452 4639 CLXXVI.
510 4581 633 4638 ιυι..
693 4579 830 4649 Quid
891 4593 1020 4648 ergo
1071 4576 1339 4648 egerimus
1400 4581 1686 4645 appareat;

143 4690 302 4744 omnes,
327 4675 582 4748 plurimos
607 4671 895 4743 Apostolus
920 4669 1083 4735 dixit;
1115 4681 1251 4739 quos
1277 4667 1398 4723 ideo
1423 4665 1497 4720 ait
1523 4665 1690 4721 obno-

143 4767 236 4822 xios
259 4768 428 4836 morti,
465 4766 720 4838 quoniam
754 4762 1026 4818 voluntate
1058 4759 1274 4830 propria
1311 4765 1688 4828 peccaverunt.

143 4857 232 4915 Non
258 4861 408 4932 igitur
426 4853 820 4930 originaleﬁsed
835 4851 1192 4909 voluntarium
1211 4850 1415 4906 crimen
1441 4856 1687 4904 accusat:

142 4959 183 5005 et
203 4966 368 5008 revera
400 4950 530 5005 nihil
559 4946 702 5002 aliud
724 4945 961 5000 indicant
980 4943 1161 5009 verba,
1195 4941 1239 4997 si
1269 4954 1454 4996 eorum
1485 4939 1615 4994 fides
1635 4947 1691 4995 et

142 5043 403 5112 proprietas
427 5021 779 5111 expendatur.
806 5036 939 5092 Nam
969 5037 1013 5090 si
1038 5043 1314 5106 peccatum
1335 5031 1580 5088 crederet
1621 5031 1690 5087 ad

140 5147 350 5204 posteros
369 5132 714 5206 generatione
740 5129 1035 5193 trausiisse,
1059 5126 1113 5182 id
1137 5134 1239 5193 est,
1268 5124 1334 5180 ad
1361 5139 1454 5180 eos
1480 5125 1570 5195 qui
1617 5123 1692 5180 ibi

141 5243 225 5284 non
281 5229 516 5293 fuerant,
560 5226 629 5281 ab
696 5224 788 5280 illo
819 5221 982 5278 fuisse
1031 5220 1347 5291 jaculatum,
1409 5216 1692 5272 falsissime

139 5335 299 5380 omnes
602 5315 988 5390 pronuntiaret.

195 5419 316 5471 Anc.
344 5415 566 5471 Possem
601 5409 698 5464 tibi
722 5407 922 5473 dicere,
945 5403 1224 5472 Quomodo
1243 5402 1411 5460 secuti
1445 5409 1568 5458 sunt
1595 5415 1694 5473 po-

139 5508 245 5564 steri
271 5505 433 5563 Adam
457 5501 732 5576 peccantis
760 5499 1082 5570 exemplum,
1106 5496 1211 5573 qui.
1228 5511 1332 5551 non
1360 5495 1431 5550 ibi
1458 5495 1690 5562 fuerunt,

191 5677 206 5707 ι
236 5676 306 5724 διε
322 5679 432 5724 ιιεε.
456 5667 582 5736 [aditi
606 5673 789 5736 atatem,
814 5663 1116 5736 damnante:

189 5739 214 5810 ﬁ
235 5723 308 5810 ιιῇέ
344 5723 406 5784 in,
426 5733 575 5784 editis
596 5723 804 5788 addiuu,
827 5725 912 5790 qui
941 5723 1116 5776 nwrtui
1137 5726 1262 5776 sunt.
1290 5723 1438 5774 Abest
1473 5735 1502 5772 a
1524 5735 1696 5772 manu-

139 5807 660 5919 sa'ug'maausa'iptis
680 5849 942 5901 addidimus
957 5885 970 5906 .
1005 5845 1242 5902 auidauid
1267 5843 1607 5911 tergiverseris.

1426 310 1630 370 LIBER
1665 307 2044 371 SECUNDUS.

3249 343 3395 402 1218

1821 443 1920 484 nec
1939 431 2110 501 ipsum
2138 446 2412 510 peccatum
2448 441 2531 497 vel
2559 444 2926 515 viderunt,ch
2959 453 3262 528 audierunt,
3305 459 3394 516 vel

1817 524 2190 621 crediderunt?
2217 529 2322 587 Sed
2344 549 2449 588 non
2476 534 2578 592 hoc
2602 537 2724 596 dico
2750 558 2764 594 :
2803 560 2822 594 ι
2857 543 2980 600 Fuit
3020 549 3162 605 enim
3185 524 3390 621 Adam,

1815 623 1870 670 et
1891 616 1943 671 in
1972 617 2062 674 illo
2084 620 2282 680 fuimus
2311 640 2525 694 omnes;
2552 631 2708 700 periit
2729 633 2921 703 Adam,
2947 639 3070 695 etin
3096 641 3188 698 illo
3202 616 3393 701 omnes

1813 710 2085 780 perierunt
2110 715 2127 746 ¹
2162 732 2175 768 :
2201 725 2419 788 propter
2447 723 2588 791 quod
2623 723 2676 780 in
2709 722 2804 782 illo
2826 743 3014 786 omnes
3033 736 3335 794 moriuntur
3359 757 3381 792 ι

1816 799 2146 874 (Ambrosius,
2174 807 2261 864 lib.
2290 811 2321 865 'l
2352 811 2404 866 in
2449 812 2574 870 Luc.
2602 831 2691 885 xv,
2733 816 2850 891 24).
2886 820 3198 892 Apostolum
3231 829 3389 885 audi-

1809 897 2142 965 apertissime
2165 899 2489 975 loquentem,
2522 922 2628 964 non
2660 917 2711 966 te
2734 913 3124 973 tortuosissime
3153 919 3390 989 garrien-

1810 995 1938 1043 tem.

1880 1080 2183 1138 CLXXVII.
2207 1085 2323 1143 JvL.
2348 1088 2500 1158 Quod
2535 1093 2676 1148 enim
2705 1110 2845 1152 unus
2870 1095 3016 1165 facit,
3043 1105 3098 1156 et
3137 1099 3206 1156 ad
3257 1101 3390 1160 alios

1807 1168 2005 1244 dirigit,
2043 1191 2148 1231 non
2203 1193 2331 1235 vere
2366 1180 2468 1236 hoc
2513 1198 2702 1240 onmes
2754 1185 2948 1245 fecisse
2985 1188 3274 1246 dicuntur:
3301 1202 3392 1250 aut

1807 1266 1951 1322 enim
1981 1271 2286 1338 pertransiit
2312 1273 2377 1328 ad
2400 1290 2514 1343 eos,
2537 1286 2592 1332 et
2610 1277 2713 1347 ipsi
2744 1294 2848 1334 non
2874 1292 3266 1350 peccaverunt;
3295 1294 3389 1342 aut

1808 1357 1907 1430 ipsi
1935 1372 2308 1430 peccaverunt,
2340 1381 2444 1436 quo
2465 1382 2711 1426 sermone
2747 1373 3015 1442 negotium
3053 1376 3388 1446 operationis

1805 1452 2140 1522 exprimitur,
2168 1463 2223 1511 et
2245 1456 2312 1512 ad
2333 1472 2428 1514 eos
2468 1475 2574 1517 non
2601 1464 2907 1534 pertransiit
2945 1466 3048 1522 nisi
3092 1467 3390 1527 imitatione

1804 1544 1938 1600 sola.

1875 1637 2011 1694 Ave.
2036 1637 2233 1711 Siquis
2281 1641 2687 1714 intemperantia
2720 1648 2824 1705 sibi
2873 1650 3162 1731 podagram
3205 1652 3385 1724 faciat,

1803 1743 2028 1800 eamque
2054 1733 2377 1790 transmittat
2414 1736 2466 1790 in
2491 1736 2646 1805 filios,
2693 1741 2833 1811 quod
2870 1757 3012 1814 saepe
3051 1746 3313 1818 contingit
3335 1749 3384 1816 ¹;

1802 1837 1982 1878 nonne
2008 1834 2155 1880 recte
2197 1825 2409 1896 dicitur,
2451 1829 2503 1883 in
2544 1845 2638 1886 eos
2668 1831 2799 1888 illud
2825 1835 3009 1890 vitium
3051 1837 3120 1894 de
3167 1846 3388 1909 parente

1805 1917 2116 1973 transiisse?
2143 1916 2292 1989 Ipsos
2311 1935 2522 1992 quoque
2550 1921 2654 1980 hoc
2683 1925 2735 1981 in
2767 1935 2987 1997 parente
3009 1928 3226 1998 fecisse,
3251 1945 3388 2002 quo-

1803 2009 1946 2063 niam
1976 2011 2188 2080 quando
2218 2013 2332 2082 ipse
2375 2012 2526 2079 fecit,
2553 2016 2605 2070 in
2651 2017 2742 2072 illo
2773 2017 3012 2087 fuerunt;
3065 2035 3130 2076 ac
3152 2021 3232 2078 sic
3282 2020 3386 2093 ipsi

1801 2108 1960 2172 atque
1986 2103 2073 2158 ille
2099 2103 2272 2160 adhuc
2319 2121 2456 2162 unus
2510 2107 2761 2164 fuerunt?
2805 2113 3043 2167 fecerunt
3078 2127 3228 2185 ergo,
3273 2129 3382 2170 non

1801 2194 2010 2250 actione
2036 2195 2329 2264 hominum,
2366 2197 2461 2253 sed
2505 2201 2710 2256 ratione
2731 2200 2842 2272 jam
2894 2205 3179 2260 seminum.
3230 2205 3384 2275 Quod

1801 2303 1930 2360 ergo
1956 2290 2237 2361 aliquoties
2267 2292 2533 2348 invenitur
2563 2295 2616 2349 in
2647 2297 2888 2366 corporis
2911 2298 3134 2366 morbis,
3187 2299 3292 2358 hoc
3328 2301 3383 2357 in

1801 2381 1894 2437 illo
1923 2382 2082 2437 unius
2109 2382 2129 2414 ³
2167 2383 2321 2453 primi
2351 2385 2606 2455 genitoris
2655 2389 2871 2458 antiquo
2913 2405 3211 2461 magnoque
3263 2407 3386 2462 pec-

1800 2485 1945 2540 cato,
1979 2490 2084 2546 quo
2106 2485 2295 2531 natura
2327 2477 2558 2533 humana
2585 2480 2832 2536 universa
2855 2481 3038 2538 vitiata
3063 2493 3162 2551 est,
3190 2484 3385 2542 factum

1802 2581 1922 2622 esse
1951 2576 2198 2635 noverat,
2228 2569 2317 2639 qui
2367 2569 2692 2627 lucidissima
2723 2573 3016 2643 locutione,
3074 2592 3236 2648 quam
3289 2592 3385 2635 vos

1799 2660 2066 2716 conamini
2091 2661 2383 2727 tenebrare,
2404 2661 2634 2733 dicebat,
2662 2665 2764 2720 Per
2793 2682 2950 2720 unum
2987 2667 3238 2723 hominem
3263 2685 3386 2738 pec-

1797 2761 1966 2806 catum
1992 2752 2239 2806 intravit‘
2266 2754 2320 2807 in
2351 2756 2615 2824 mundum,
2643 2766 2689 2812 et
2714 2773 2803 2828 per
2830 2767 3090 2829 peccatum
3137 2777 3273 2816 mors
3283 2779 3304 2828 ,'
3331 2769 3384 2818 et

1797 2843 1870 2898 ita
1897 2845 1950 2898 in
1977 2861 2148 2900 omnes
2173 2845 2397 2900 homines
2417 2849 2701 2918 petransiit,
2742 2849 2796 2904 in
2829 2866 2926 2920 quo
2950 2866 3123 2906 omnes
3151 2869 3391 2930 peccave-

1797 2945 1914 2991 runt
1941 2937 2113 3005 (Rom.
2142 2954 2196 3004 γ,
2224 2939 2336 3010 12).
2361 2939 2597 2997 Gratiam
2640 2941 2838 3014 quippe
2861 2943 3062 3000 Christi
3105 2959 3387 3004 commen-

1798 3031 1928 3086 dare
1958 3032 2278 3100 intenderat,
2305 3048 2336 3089 a
2385 3035 2653 3090 contrario
2692 3036 2917 3092 formam
2944 3038 3301 3108 constituens,
3333 3046 3389 3096 et

1796 3123 2220 3195 regenerationis
2253 3125 2549 3196 principem
2586 3127 2814 3199 principi
2864 3130 3231 3200 generationis
3286 3144 3388 3202 op-

1798 3230 2024 3286 ponens.
2295 3252 2298 3254 ν
3375 3275 3378 3282 ,

1869 3307 2188 3364 CLXXVIII.
2219 3308 2340 3365 Jun.
2375 3309 2505 3365 Illud
2527 3318 2701 3365 autem
2731 3311 2872 3381 quod
2895 3319 2945 3368 te
2970 3327 3240 3382 opponere
3259 3327 3380 3370 cre-

1796 3401 1976 3458 didisti
1997 3443 2013 3467 ,
2047 3404 2130 3458 vel
2161 3403 2213 3458 in
2242 3403 2345 3459 isto
2375 3393 2542 3470 libro,
2575 3404 2661 3459 cui
2688 3419 2828 3460 nunc
2859 3405 3158 3475 respondeo
3177 3448 3192 3472 ,
3220 3408 3303 3462 vel
3326 3407 3381 3463 in

1797 3494 1880 3550 his
1925 3510 2059 3565 quos
2097 3495 2163 3549 ad
2204 3481 2568 3551 Marcellinum
2598 3497 2924 3566 scripseras,
2953 3507 3064 3552 tum
3108 3499 3385 3556 transiisse

1795 3595 2104 3658 peccatum,
2142 3605 2162 3640 ι
2199 3587 2411 3658 quando
2447 3603 2634 3645 omnes
2669 3589 2949 3657 homines,
2988 3607 3008 3642 ›
3044 3599 3102 3646 ιιι
3129 3591 3233 3647 tuis
3255 3607 3381 3648 ver-

1796 3675 1878 3732 bis
1903 3684 2056 3742 utar,
2094 3695 2114 3730 ι
2151 3677 2240 3734 ille
2265 3693 2402 3734 unus
2426 3678 2640 3735 fuerunt
2675 3700 2695 3733 ι
2731 3680 2831 3751 (De
2859 3679 3191 3736 Peccalorum
3221 3683 3384 3738 Meri-

1815 3771 1876 3836 is,
1907 3779 1953 3824 et
1977 3770 2310 3839 Remissione,
2340 3771 2430 3827 lib.
2461 3773 2511 3839 1,
2543 3790 2597 3827 n.
2631 3772 2754 3844 Il);
2782 3774 2900 3830 sine
2941 3774 3256 3833 difficultate
3284 3793 3380 3833 ve-

1795 3860 1925 3917 ritas
1949 3861 2176 3932 deterit,
2207 3873 2260 3919 et
2289 3862 2523 3920 irrisioni
2546 3864 2759 3936 cujusce
2779 3865 2802 3898 ⁸
2832 3866 3109 3938 prudentis
3134 3869 3378 3940 exponit.

1795 3953 1928 4010 Nam
1973 3956 2063 4011 tali
2100 3964 2413 4028 argumento
2461 3967 2656 4027 praeter
2698 3959 3022 4028 impietatem
3069 3969 3210 4016 tuam
3249 3960 3383 4018 nihil

1795 4047 1940 4102 aliud
1970 4048 2262 4114 indicatur;
2293 4047 2617 4119 impietatem
2636 4091 2652 4117 ,
2684 4053 2933 4122 inquam,
2963 4067 3067 4123 qua
3101 4052 3278 4110 credis
3307 4053 3382 4111 ita

1796 4154 1916 4196 esse
1937 4141 2232 4196 animarum
2271 4141 2541 4198 traducem
2562 4183 2578 4208 ,
2607 4143 2661 4198 in
2689 4143 3004 4200 Tertulliani
3033 4144 3161 4200 olim
3185 4155 3241 4202 et
3265 4146 3387 4220 Ma:

1797 4234 1986 4290 nichazi
2013 4233 2328 4306 profanitate
2352 4235 2651 4290 damnatam
2672 4278 2686 4303 ,
2716 4237 2854 4292 sicut
2878 4246 2960 4293 est
2983 4239 3144 4294 etiam
3183 4253 3382 4311 corpo-

1797 4343 1914 4382 rum
1943 4328 2131 4383 tradux
2164 4345 2177 4383 :
2210 4327 2351 4399 quod
2396 4338 2500 4384 tam
2535 4328 2796 4385 nefarium
2823 4339 2938 4399 est,
2971 4341 3028 4388 ut
3065 4347 3186 4390 cum
3215 4349 3246 4388 a
3277 4349 3381 4390 no-

1797 4422 1877 4478 bis
1917 4423 1970 4478 in
1999 4438 2062 4479 ea
2089 4424 2308 4494 epistola
2327 4466 2343 4491 ,
2375 4440 2532 4496 quam
2563 4425 2629 4480 ad
2668 4426 2939 4484 Orientem
2970 4429 3246 4497 misimus,
3279 4445 3378 4487 vo-

1796 4513 1881 4570 bis
1906 4515 2092 4572 fuisset
2132 4515 2395 4587 objectum
2417 4558 2432 4584 ,
2459 4502 2520 4572 tu.
2539 4517 2595 4573 in
2620 4517 2702 4574 his
2723 4519 2901 4588 libris,
2932 4536 3068 4592 quos
3105 4537 3277 4593 nuper
3311 4522 3382 4580 ad

1797 4607 2126 4664 Bonifacium
2158 4597 2637 4680 misisti,negando
2666 4624 2696 4664 a
2728 4617 2780 4665 te
2804 4612 3115 4682 propulsare
3144 4614 3376 4672 coneris.

1796 4698 1892 4753 Ais
1919 4699 2096 4766 enim,
2134 4718 2154 4752 ι
2192 4699 2384 4754 Dicunt
2418 4709 2594 4754 autem
2624 4715 2722 4756 nos
2767 4702 3063 4758 animarum
3104 4705 3378 4764 traducem

1795 4789 2074 4855 confiteri;
2108 4789 2247 4859 quod
2275 4790 2326 4844 in
2353 4790 2504 4860 cujus
2524 4789 2674 4846 libris
2704 4791 2929 4864 legerint
2950 4786 3131 4852 nescio
3165 4815 3186 4850 ι
3226 4795 3380 4869 (Con-

1795 4891 1875 4936 tra
1917 4881 2044 4936 duas
2075 4879 2333 4961 Epistolas
2365 4881 2790 4954 Pelagianorum,
2825 4885 2911 4940 lib.
2951 4887 3017 4953 5,
3051 4905 3106 4944 η.
3146 4888 3236 4961 26)
3272 4906 3286 4944 :
3321 4901 3382 4948 ut

1795 4989 1825 5029 a
1856 4982 1908 5030 te
1935 4973 2180 5029 videlicet
2196 4959 2338 5028 nihil
2383 4974 2486 5029 dici
2525 4974 2629 5030 tale
2657 4975 2866 5046 dejeres
2887 4979 2928 5032 °.
2962 4979 3163 5049 Porro,
3194 4959 3252 5038 ut
3279 4984 3377 5039 fal-

1795 5067 1924 5122 sitas
1945 5075 2032 5120 tua
2070 5074 2277 5120 tuorum
2299 5065 2584 5121 verborum
2611 5067 2894 5142 collatione
2919 5071 3175 5141 prodatur
3193 5114 3210 5138 ,
3239 5089 3375 5144 quo-

1797 5158 1956 5214 modo
1983 5158 2255 5213 traducem
2294 5158 2588 5215 animarum
2608 5199 2623 5226 ,
2653 5159 2929 5229 profanam
2955 5177 3142 5220 revera
3164 5165 3385 5238 Opinios

1798 5265 1958 5318 nem,
1989 5251 2092 5306 tuis
2131 5249 2264 5308 dicis
2293 5249 2539 5306 sensibus
2580 5265 2685 5306 non
2714 5253 2914 5320 teneri;
2956 5268 3078 5310 cum
3122 5255 3375 5326 profitea-

1863 5408 1882 5441 ι
1915 5402 2305 5480 Editi,_pecc_avit
2328 5402 2510 5480 κίάιυιι,
2547 5403 2763 5480 etinillo
2962 5403 3292 5480 pem.
3318 5417 3376 5462 At

1798 5466 2108 5531 manuscripti
2122 5505 2135 5528 ,
2162 5473 2218 5518 ut
2226 5466 2377 5578 ξιφιιά
2388 5466 2684 5542 Ambrosium
2699 5506 2714 5530 ,
2741 5466 2974 5534 periit..,.'

1863 5534 1884 5600 ξ
1918 5537 2069 5600 ttaex
2087 5537 2228 5600 ,διεξίω
2254 5543 2316 5600 πο
2340 5535 2393 5580 et
2413 5537 2693 5600 Vigmerioz.
2720 5537 2770 5580 In
2793 5537 2862 5590 8.,
2886 5536 3095 5594 contigit.
3161 5538 3220 5580 Il.

1865 5596 1886 5662 ξ
1918 5593 2054 5662 miti,
2079 5589 2379 5662 illius.‘_b_t§s.,
2403 5589 2562 5642 unius.
2578 5650 2590 5662 υ

1865 5657 1886 5689 ἰ
1919 5655 1992 5728 sic
2011 5661 2118 5728 Mss;
2144 5659 2200 5704 At
2219 5653 2366 5714 Editi,
2393 5662 2485 5704 Per
2507 5652 2646 5704 tutius
2667 5652 2870 5706 hominis
2891 5659 3169 5720 peccatum,
3199 5670 3375 5724 pecca.

1802 5723 1904 5772 tum
1926 5721 2134 5768 intravit.

1868 5782 1889 5850 ξ
1924 5779 2058 5850 βριιιι,
2082 5776 2330 5850 cujusque.
2353 5782 2484 5840 Mss,
2501 5774 2710 5839 cuiusce.

1871 5844 1892 5876 ⁸
1924 5848 1973 5892 tn
1996 5848 2122 5900 Mss,
2147 5839 2356 5900 dejures.
