3996 6484
561 405 704 465 1219

541 527 635 600 ἠε
653 565 668 590 ,
694 537 884 582 omnes
903 522 1149 581 homines
1172 524 1322 581 illum
1359 542 1522 582 unum
1554 524 1754 580 fuisse?
1779 524 1834 579 Si
1867 523 2008 578 enim
2041 536 2144 577 non

556 617 733 674 credis
761 626 967 689 partem
1010 619 1203 674 anima:
1247 619 1542 675 seminibus
1583 618 1871 691 illigatam;
1906 632 2014 688 quo
2055 629 2150 672 ore

551 717 787 784 scribis,
817 731 1008 773 omnes
1060 717 1304 773 homines
1351 717 1520 773 Adam
1569 717 1741 771 solum
1790 714 1992 781 fuisse,
2023 727 2144 768 cum

557 809 720 866 homo
764 811 946 884 utique
992 811 1094 867 nisi
1123 813 1302 868 anima
1349 822 1403 868 et
1430 825 1628 883 corpus
1669 810 1827 866 simul
1872 823 1992 866 esse
2039 823 2146 865 non

555 908 726 979 possit
743 907 770 964 ι

627 1002 763 1058 Anc.
787 1000 947 1058 Putas
974 1000 1245 1058 hominem
1276 1015 1380 1058 non
1409 1015 1566 1072 posse
1596 1000 1697 1056 dici
1720 1001 1888 1056 solum
1916 997 2146 1054 hominis

541 1089 750 1163 corpus
778 1109 792 1148 :
823 1105 944 1149 cum
974 1093 1113 1150 scias
1139 1095 1310 1165 ipSum
1342 1093 1532 1148 Filium
1565 1091 1654 1148 Dei
1681 1093 1896 1147 unicum
1919 1134 1933 1157 ,
1969 1091 2148 1146 Domi-

555 1199 682 1242 num
706 1195 948 1242 nostrum
967 1187 1150 1242 Jesum
1170 1187 1460 1250 Christum,
1495 1187 1594 1242 sub
1625 1186 1812 1240 Pontio
1836 1185 2005 1240 Pilato
2026 1201 2144 1239 cru-

551 1279 792 1344 ciﬂmm,
825 1287 880 1334 ct
899 1279 1164 1349 sepultum
1183 1322 1196 1342 ,
1221 1281 1356 1334 sicut
1379 1288 1484 1334 tota
1509 1279 1624 1348 ejus
1652 1277 1889 1333 Ecclesia
1917 1279 2137 1332 conﬁte-

546 1381 678 1440 tur,
717 1381 774 1428 et
812 1371 1049 1428 haereses
1085 1374 1300 1439 multat,
1344 1374 1395 1427 in
1440 1373 1631 1443 quibus
1660 1380 1714 1426 et
1744 1381 1915 1426 vestra
1956 1379 2066 1436 est;
2091 1378 2146 1425 et

547 1475 734 1523 tamen
753 1468 926 1523 solum
947 1482 1140 1537 corpus
1162 1465 1357 1523 Christi
1388 1467 1653 1538 sepultum
1681 1474 1781 1521 est.
1809 1465 1995 1519 Debuit
2017 1479 2144 1535 ergo

551 1561 843 1618 secundum
871 1571 922 1616 te
949 1561 1106 1616 Jesus
1129 1561 1373 1618 Christus
1399 1559 1564 1615 Filius
1594 1559 1686 1614 Dei
1711 1559 1896 1613 unicus
1918 1559 1935 1590 ¹
1965 1557 2145 1612 Domi-

471 1640 474 1642 ⁷
546 1661 654 1712 nus
687 1643 870 1711 noster
901 1667 1008 1710 non
1044 1654 1149 1709 dici
1190 1655 1459 1725 sepultus;
1488 1652 1737 1724 quoniam
1779 1667 1884 1706 non
1923 1665 1990 1705 ex
2028 1649 2144 1704 solo

546 1747 797 1819 Corpore,
831 1749 924 1803 sed
953 1763 1022 1803 ex
1047 1747 1224 1802 Verbo
1256 1747 1347 1801 Dei
1383 1755 1434 1800 et
1459 1747 1634 1800 anima
1665 1743 1907 1798 rationali
1939 1751 1994 1797 ct
2017 1758 2141 1797 cor-

548 1839 681 1913 pore
702 1850 786 1897 est
811 1840 1060 1897 Christus
1089 1841 1182 1896 Dei
1208 1839 1374 1895 Fiiins
1404 1839 1592 1894 unicus
1624 1839 1884 1894 Dominus
1907 1847 2090 1893 noster
2123 1854 2138 1892 :

547 1936 642 1991 sed
663 1951 784 1991 cum
814 1937 1053 1991 venisset
1076 1935 1142 1990 ad
1169 1935 1284 1991 haec
1311 1934 1470 1990 verba
1499 1933 1786 1999 confessio,
1806 1931 1918 1989 Sub
1950 1932 2141 1988 Pontio

545 2011 717 2086 Pilato
752 2026 1040 2084 cruciﬁxus
1079 2037 1186 2094 est;
1230 2028 1418 2097 subjici
1453 2026 1673 2092 debuit,
1707 2035 1762 2082 et
1801 2040 1993 2095 corpus
2024 2026 2141 2096 ejus

544 2123 833 2194 Sepultum.
864 2111 973 2177 Nec
999 2121 1065 2178 de
1100 2121 1215 2191 ipso
1246 2121 1419 2191 primo
1454 2119 1691 2182 homine,
1718 2119 1786 2174 de
1814 2134 1919 2189 quo
1941 2119 2136 2188 agitur,

543 2215 725 2274 dicere
760 2215 1035 2290 Scriptura
1063 2215 1277 2284 debuit,
1307 2213 1482 2270 Finxit
1511 2213 1650 2268 Deus
1687 2214 1940 2267 hominem
1968 2213 2140 2282 pulve—

541 2311 650 2367 rem
685 2320 832 2367 terra:
853 2310 1006 2385 (Gen.
1035 2327 1095 2375 Il,
1129 2311 1183 2382 7)
1209 2327 1222 2363 :
1247 2309 1367 2380 quia
1395 2307 1567 2363 solum
1596 2307 1827 2361 hominis
1848 2320 2042 2376 corpus
2070 2320 2136 2360 ex

541 2403 685 2461 terra
718 2413 820 2461 est.
848 2401 1025 2475 Ipsum
1063 2403 1296 2472 denique
1324 2403 1488 2456 Deum
1526 2415 1736 2455 errasse
1760 2398 1988 2454 clamate
2007 2440 2021 2464 ,
2045 2397 2135 2468 qui

541 2504 770 2553 mortem
799 2495 1075 2562 minando,
1099 2494 1233 2550 dixit
1261 2493 1485 2560 homini,
1516 2491 1678 2547 Terra
1697 2509 1770 2558 es,
1794 2501 1843 2547 et
1867 2492 1920 2546 in
1949 2501 2134 2546 terram

541 2579 639 2646 ibis
664 2587 773 2660 (Id.
797 2605 875 2656 ιιι,
901 2589 988 2662 19)
1020 2607 1034 2645 :
1059 2603 1179 2644 cum
1209 2588 1383 2660 potius
1409 2602 1474 2642 ex
1507 2594 1592 2642 tua
1617 2586 1857 2641 doctrina
1890 2584 2136 2639 debuerit

539 2681 740 2750 dicere,
769 2681 936 2738 Terra
961 2689 1045 2738 est
1071 2694 1266 2753 corpus
1296 2690 1466 2747 tuum,
1489 2688 1544 2736 et
1564 2681 1616 2734 in
1644 2688 1839 2734 terram
1862 2677 1976 2734 ibit.
1999 2678 2133 2746 Quia

539 2757 669 2848 'erg'o
701 2792 724 2827 ι
767 2771 864 2830 iuit
891 2773 1081 2841 Adam,
1111 2783 1166 2830 et
1194 2773 1248 2829 in
1289 2773 1377 2829 illo
1415 2771 1609 2828 fuimus
1638 2786 1826 2827 omnes
1857 2790 1876 2823 ι
1903 2770 2126 2840 (Ambr.,

539 2859 632 2924 lib.
664 2858 730 2936 7,
758 2867 812 2922 in
838 2866 966 2923 Luc.
1000 2881 1104 2935 xv,
1124 2865 1218 2939 24)
1239 2907 1253 2932 ,
1282 2864 1421 2937 quod
1449 2875 1574 2921 ante
1613 2878 1710 2920 nos
1747 2863 1993 2920 catholici
2031 2863 2130 2918 do-

537 2963 716 3018 ttores
738 2960 1028 3017 secundum
1049 2953 1351 3030 Scriptdras
1371 2968 1583 3014 sanctas
1609 2957 1661 3013 in
1683 2969 1864 3012 sancta
1894 2957 2130 3012 Ecclesia

537 3035 861 3119 didicerunt,
894 3059 1055 3125 atque
1080 3051 1411 3120 docuerunt;
1449 3051 1571 3108 ideo
1596 3049 1731 3117 dixi,
1763 3068 1781 3102 ο
1811 3048 2012 3104 Omnes
2041 3048 2130 3104 ille

537 3146 676 3202 itnus
703 3145 949 3213 luerunt;
981 3163 999 3198 ι
1031 3147 1156 3216 quia
1178 3154 1232 3201 et
1266 3145 1341 3200 illi
1376 3144 1503 3212 dno,
1529 3143 1797 3199 masculus
1823 3153 1878 3198 et
1907 3141 2125 3210 femina,

535 3253 642 3295 non
660 3238 772 3310 jam
797 3239 906 3294 duo
932 3247 1121 3308 erant,
1148 3239 1247 3296 sed
1269 3255 1375 3295 una
1405 3253 1529 3294 caro
1557 3235 1770 3308 (Matth.
1794 3253 1884 3292 xix
1903 3278 1918 3303 ,
1949 3236 2026 3308 6).
2059 3236 2130 3291 Et

533 3346 634 3405 ego
659 3329 728 3389 de
753 3332 1004 3389 omnibus
1021 3333 1216 3404 genitis
1240 3332 1348 3388 dixi
1372 3375 1388 3401 ,
1417 3333 1667 3404 quoniam
1692 3331 1906 3404 quando
1939 3345 2130 3402 pecca-

533 3417 649 3482 tum
691 3433 810 3504 est,
839 3441 1026 3482 omnes
1053 3426 1142 3482 ille
1182 3441 1319 3482 unus
1358 3425 1572 3480 fuerunt
1611 3442 1627 3480 :
1667 3424 1902 3479 nondum
1930 3423 2129 3494 quippe

535 3507 662 3575 inde
701 3517 872 3574 fuerat
899 3520 1039 3576 ullus
1071 3520 1123 3574 in
1150 3529 1376 3577 matrem
1405 3519 1761 3575 seminatione
1791 3516 2124 3584 transfusns;

535 3620 589 3669 et
611 3613 792 3683 utique
823 3611 916 3668 illii
954 3621 984 3666 a
1011 3611 1140 3668 viris
1167 3611 1606 3668 transfunduntnr
1629 3611 1680 3666 in
1720 3597 1966 3666 feminas.
2002 3609 2067 3664 Et
2104 3611 2126 3643 ⁸

533 3703 772 3776 qualibet
794 3719 944 3777 ergo,
975 3713 1030 3761 et
1049 3705 1380 3776 quantalibet
1407 3711 1574 3776 parte,
1608 3717 1795 3758 omnes
1820 3703 1910 3774 qui
1940 3717 2004 3758 ex
2033 3701 2126 3756 illo

531 3795 639 3856 nati
680 3808 821 3867 sunt,
869 3800 956 3855 ille
999 3814 1140 3855 unus
1183 3798 1418 3867 fuerunt,
1466 3801 1579 3854 sive
1619 3797 1912 3854 secundum
1951 3796 2126 3851 solum

531 3898 764 3963 corpus,
809 3892 923 3948 sive
963 3892 1258 3948 secundum
1300 3902 1582 3963 utramque
1612 3889 1844 3945 hominis
1873 3898 2122 3961 partem;

530 3983 673 4054 quod
699 3998 784 4040 me
815 3985 1021 4040 nescire
1048 3983 1330 4051 confiteor,
1353 3998 1454 4041 nec
1475 3997 1561 4038 me
1588 3983 1772 4054 pudet,
1803 3993 1864 4038 ut
1887 3997 2008 4050 vos,
2041 3980 2123 4038 fa-

533 4076 633 4131 teri
661 4077 870 4132 nescire
894 4076 1036 4148 qnod
1066 4078 1247 4133 nescio
1279 4093 1295 4134 :
1329 4093 1428 4133 nec
1468 4076 1588 4132 ideo
1615 4085 1790 4132 tamen
1825 4077 2029 4142 nescio,
2056 4075 2124 4132 de

530 4169 676 4224 omni
707 4166 924 4224 homine
950 4170 1206 4239 scriptum
1231 4183 1373 4235 esse,
1404 4167 1574 4224 Homo
1595 4169 1802 4223 vanitati
1831 4169 2011 4224 similis
2038 4169 2123 4239 fa-

531 4257 640 4317 ctus
669 4270 782 4325 est;
810 4261 916 4317 dics
944 4262 1052 4333 ejus
1079 4247 1217 4316 velut
1255 4261 1430 4315 umbra
1462 4272 1763 4330 praztereunt
1790 4260 1906 4333 (Ps.
1939 4276 2119 4330 chm,

529 4341 620 4426 ι);
652 4354 774 4425 quia
796 4360 850 4408 et
873 4353 1000 4409 alibi
1027 4352 1212 4409 eadem
1235 4361 1417 4408 sancta
1439 4353 1710 4424 Scriptura
1731 4353 1877 4421 dicit,
1909 4352 2123 4408 Verum-

530 4451 697 4519 tamen
727 4446 958 4501 universa
984 4446 1179 4500 vanitas
1205 4445 1366 4501 omnis
1397 4445 1545 4500 homo
1566 4446 1730 4500 vivens
1755 4445 1871 4519 (Ps.
1897 4461 2119 4512 xxxvm,

529 4511 587 4611 Ii)
620 4557 632 4591 :
664 4529 805 4609 quod
827 4538 972 4610 justo
1002 4533 1112 4594 Deo
1141 4527 1360 4596 ereante
1389 4552 1495 4594 non
1523 4537 1710 4606 ﬂeret,
1753 4511 1798 4594 si
1839 4549 2119 4609 peccatum

528 4631 788 4703 originale
815 4647 921 4688 non
950 4641 1116 4689 esset.

600 4721 883 4779 CLXXIX.
923 4723 1042 4780 ηιμ..
1083 4725 1290 4783 Deinde
1318 4725 1525 4782 etiamsi
1564 4725 1666 4783 hoe
1695 4726 1868 4783 solum
1896 4726 1962 4783 ad
1996 4743 2121 4784 car-

529 4833 654 4874 nem
697 4815 928 4884 reIeras;
970 4835 1070 4874 nec
1112 4820 1191 4874 sic
1235 4830 1422 4891 potest
1451 4821 1566 4878 hrec
1603 4819 1968 4894 intelligentiae
2018 4834 2119 4881 tuze

527 4911 742 4969 fatuitas
769 4915 1048 4982 excusari,
1080 4932 1181 4987 qua
1220 4917 1387 4984 dicis,
1424 4935 1443 4970 ‹
1472 4917 1672 4974 Omnes
1711 4919 1800 4974 ille
1829 4936 1965 4975 unus
2003 4920 2120 4975 fue-

526 5015 689 5072 runt;
720 5025 740 5061 ›
769 5021 890 5062 cum
912 5023 979 5064 eo
1004 5017 1244 5079 tempore
1265 5027 1369 5082 quo
1393 5012 1630 5082 peccavit
1655 5013 1846 5076 Adam,
1869 5013 1977 5084 jam
2011 5013 2118 5070 duo

525 5108 708 5155 essent
738 5100 1007 5166 homines,
1041 5116 1146 5156 non
1178 5117 1317 5157 unus
1337 5145 1351 5172 ,
1381 5103 1432 5157 id
1463 5112 1565 5171 est,
1591 5105 1703 5176 ipse
1728 5113 1782 5162 et
1811 5122 1944 5161 uxor
1965 5106 2113 5177 ejus;

523 5189 594 5249 de
621 5208 845 5265 quorum
873 5194 1168 5249 substantia
1188 5236 1204 5263 ,
1237 5213 1341 5250 non
1373 5199 1524 5268 culpa
1550 5240 1566 5266 ,
1591 5215 1758 5270 genus
1790 5201 2066 5262 hominum
2095 5244 2112 5272 ,

525 5285 818 5343 secundum
840 5288 980 5359 quod
1009 5289 1150 5346 Deus
1179 5290 1498 5362 instituerat,
1528 5296 1826 5364 pullulavit.

551 5434 554 5438 ,
597 5379 733 5440 Atc.
772 5379 892 5436 Iam
939 5380 1070 5449 dixi,
1114 5389 1170 5438 et
1201 5396 1330 5440 ecce
1364 5385 1556 5441 iterum
1592 5387 1754 5444 dico:
1789 5406 1889 5463 ego
1933 5391 2003 5448 de
2033 5392 2116 5451 his

524 5469 676 5539 dixi,
704 5489 724 5525 t
756 5471 954 5528 Omnes
983 5473 1072 5530 ille
1097 5491 1232 5530 unus
1263 5475 1496 5545 fuerunt,
1534 5498 1554 5533 ι
1587 5496 1720 5551 quos
1747 5481 1918 5540 fuerat
1949 5486 2115 5542 semi-

525 5571 747 5620 naturus
765 5607 779 5631 ,
806 5565 859 5621 id
882 5574 995 5631 est,
1023 5579 1375 5637 generaturus
1405 5571 1594 5628 Adam.
1625 5572 1706 5627 Ex
1735 5575 1827 5629 illo
1855 5592 1982 5646 ergo
2008 5594 2115 5636 uno

527 5654 888 5727 principaliter
911 5669 1062 5715 erant
1090 5662 1306 5717 tractari
1334 5675 1613 5720 nascentes
1640 5668 1894 5737 originale
1925 5686 2116 5741 pecca-

641 5831 790 5908 Editi,
842 5835 1008 5906 Debuit
1029 5852 1133 5892 esse
1154 5841 1419 5908 secundum
1450 5842 1556 5905 ejus
1599 5844 1856 5898 diviuatem
1896 5849 2114 5908 Christus

525 5889 1425 5988 Eufeﬁeﬂenam
1449 5889 1892 5977 seruauimus.

642 5962 716 6008 Sic
738 5965 844 6010 Mss.
867 5965 921 6012 At
943 5962 1084 6026 editi,
1121 5977 1202 6016 ex.

1235 406 1480 468 OPERIS
1517 405 1934 466 iMPERFECTl
1973 403 2245 461 CONTRA
2288 402 2653 470 JUl.l.~\NU.\I,
2697 407 2754 464 s.
2797 407 3174 469 AUGUSTINI

3709 422 3850 484 129.0

2267 551 2374 596 tum
2400 586 2414 610 ,
2447 543 2534 614 qni
2561 547 2756 614 genuit.
2791 547 2880 604 Ilia
2908 560 3085 607 autem
3114 554 3253 626 (qua
3279 556 3560 630 conjuncta
3587 559 3695 616 duo
3736 559 3852 620 Iuc-

2261 638 2417 706 runt)
2460 638 2600 708 quod
2637 642 2864 711 excepit,
2897 647 3177 716 concepit,
3228 651 3537 722 peperitque
3589 657 3856 725 posterior

2257 731 2496 802 quamvis
2525 734 2824 799 peccaverit
2856 735 3018 805 prior.
3045 737 3195 795 Unde
3221 751 3272 795 et
3298 753 3478 798 sancta
3502 743 3779 816 Scriptura
3803 751 3852 805 in

2257 820 2451 877 lumbis
2505 825 2670 893 patris
2699 826 2964 882 Abraham
3029 831 3156 886 dicit
3210 832 3372 890 fuisse
3412 835 3550 892 ﬁlios
3592 838 3754 909 Levi,
3799 852 3853 898 et

2257 913 2314 969 in
2366 915 2456 971 illo
2493 931 2524 970 a
2569 919 2848 978 sacerdote
2908 911 3298 982 Melchisedech
3342 927 3507 987 fuisse
3552 932 3848 992 decimatas

2261 1005 2442 1078 (Hebr.
2473 1025 2564 1078 vn,
2593 1011 2793 1084 5-I0):
2840 1012 2907 1069 ad
2945 1014 3201 1074 Hebrmos
3254 1017 3543 1092 Epistolam
3599 1023 3717 1098 lege
3741 1068 3758 1095 ,
3797 1037 3851 1084 ot

2256 1099 2488 1172 linguam
2519 1104 2750 1175 corrige.
3141 1107 3146 1112 ’

2324 1194 2579 1250 CLXXX.
2621 1195 2738 1252 ὅτι.
2782 1197 3022 1270 Denique
3049 1199 3204 1258 Abeii
3234 1204 3251 1236 ¹
3283 1204 3390 1260 tilio
3422 1220 3703 1278 parentum
3726 1227 3851 1283 pec-

2251 1297 2425 1342 catum
2461 1289 2590 1342 nihil
2623 1293 2868 1348 nocuisse
2887 1336 2900 1357 ,
2925 1297 3178 1354 sanctitas
3213 1298 3329 1370 ejus
3357 1289 3644 1374 Scripturis
3669 1307 3847 1366 omni.

2251 1381 2348 1438 bus
2379 1383 2643 1440 celebrata
2677 1397 2923 1444 testatur.

2321 1479 2456 1534 Anc.
2497 1479 2605 1534 Cur
2632 1498 2759 1553 ergo
2785 1498 2889 1538 non
2921 1485 3092 1555 ipsum
3118 1487 3295 1558 posuit
3320 1491 3608 1562 Apostolus
3632 1494 3843 1553 imitan-

2248 1567 2374 1624 dum
2397 1612 2412 1638 ,
2443 1572 2530 1643 qni
2564 1575 2765 1644 primus
2784 1576 2963 1648 justus
2989 1579 3116 1646 fuit;
3149 1582 3242 1638 sed
3263 1598 3384 1639 cum
3413 1585 3478 1640 de
3505 1586 3717 1644 duobus
3747 1589 3844 1644 ho-

2249 1661 2480 1719 minibus
2527 1678 2740 1736 ageret,
2787 1686 3016 1740 quorum
3059 1689 3197 1729 unus
3241 1675 3294 1730 in
3340 1678 3841 1739 condemnationem

2247 1755 2505 1819 mitteret,
2533 1757 2668 1813 alter
2695 1761 2744 1813 in
2769 1749 3226 1830 jnstiiicationem,
3264 1767 3430 1823 Adam
3458 1769 3592 1826 dixit
3615 1782 3669 1828 et
3689 1771 3843 1830 Chri-

2246 1846 2428 1900 stum?
2450 1847 2504 1902 Si
2546 1861 2720 1905 antem
2748 1853 2876 1909 Abel
2906 1854 3075 1925 legent
3107 1872 3212 1912 non
3240 1858 3469 1916 habebat
3507 1861 3560 1918 in
3586 1864 3843 1921 membris

2246 1949 2631 2009 repugnantem
2660 1942 2760 2013 legi
2794 1945 2988 2000 mentis
3019 1944 3194 2017 (Rom.
3229 1964 3337 2016 vn,
3368 1949 3492 2023 25),
3520 1969 3677 2023 quam
3703 1956 3843 2012 sicut

2239 2027 2415 2100 justus
2443 2031 2741 2090 debellabat
2766 2037 3022 2096 interiore
3049 2043 3344 2100 certamine
3367 2086 3383 2112 ,
3412 2055 3465 2100 et
3491 2047 3536 2101 si
3559 2063 3684 2104 caro
3718 2051 3840 2119 ejus

2244 2137 2348 2176 non
2378 2127 2789 2196 concupiscebat
2817 2129 3071 2186 adversus
3098 2135 3344 2202 spiritum
3375 2135 3570 2206 (ὅσιαι.
3607 2155 3637 2194 v
3661 2182 3676 2206 ,
3707 2141 3838 2212 17),

2243 2213 2375 2267 nihil
2416 2216 2463 2270 ei
2511 2227 2771 2273 nocuerat
2797 2230 3072 2289 peceatum
3115 2237 3417 2294 parentum.
3447 2228 3550 2285 Sed
3595 2233 3841 2304 quisquis

2243 2305 2400 2360 talem
2432 2306 2560 2362 dicit
2599 2308 2762 2366 fuisse
2791 2312 2957 2377 Abel,
2989 2314 3132 2370 dicat
3177 2332 3300 2372 eum
3329 2333 3547 2376 carnem
3590 2337 3699 2378 non
3738 2324 3838 2380 ha-

2240 2391 2423 2453 buisse
2453 2401 2690 2470 peccati:
2728 2417 2848 2457 cum
2889 2407 3073 2474 procul
3098 2406 3261 2462 dubio
3292 2409 3546 2466 Dominus
3591 2413 3839 2474 Christus

2240 2502 2346 2543 non
2377 2490 2648 2548 habuisset
2677 2494 3076 2553 similitudinem
3108 2502 3285 2558 carnis
3312 2505 3536 2574 peccati,
3567 2507 3671 2562 nisi
3693 2509 3836 2566 alio-

2238 2597 2354 2637 rum
2385 2587 2622 2641 omnium
2650 2587 2924 2644 hominum
2953 2602 3098 2648 esset
3131 2607 3257 2648 caro
3284 2597 3509 2666 peccati.

2309 2672 2588 2731 CLXXXI.
2629 2677 2749 2735 JUL.
2791 2679 2833 2735 E
2863 2681 3081 2755 regione
3107 2685 3258 2754 Cain,
3285 2687 3514 2758 invidus,
3543 2693 3835 2766 parricida,

2235 2764 2304 2821 de
2332 2767 2516 2823 eadem
2557 2780 2743 2826 natura
2786 2776 3126 2845 progenitus,
3168 2794 3274 2833 non
3324 2780 3514 2838 eadem
3559 2764 3840 2844 voluntate

2235 2869 2519 2927 provectus
2543 2903 2558 2929 ,
2599 2864 3012 2922 excarniﬁcante
3035 2869 3270 2926 animum
3309 2883 3543 2930 tremore
3569 2886 3834 2934 vastatur.

2233 2945 2376 3020 Ergo
2405 2951 2454 3005 in
2485 2953 2626 3009 hunc
2655 2956 2909 3011 mundum
2939 2971 3214 3029 peccatum
3246 2963 3473 3021 intrasse
3500 2982 3595 3038 per
3622 2985 3788 3026 unum
3813 3013 3829 3040 ,

2231 3045 2522 3116 Apostolus
2546 3047 2715 3116 dixit,
2747 3059 2803 3106 et
2846 3067 2938 3122 per
2971 3064 3246 3122 peccatum
3276 3067 3503 3115 mortem
3528 3101 3544 3127 ,
3573 3068 3629 3117 et
3675 3062 3746 3117 ita
3779 3064 3836 3122 in

2231 3152 2420 3208 omnes
2468 3139 2714 3198 homines
2757 3155 2983 3200 mortem
3024 3149 3378 3218 pertransisse
3431 3153 3521 3224 qui
3573 3171 3833 3226 peccave-

2231 3242 2391 3290 runt:
2437 3249 2557 3306 qua:
2591 3240 2854 3292 sententia
2881 3238 3146 3297 catholico
3183 3242 3418 3315 dogmati
3455 3250 3790 3307 conveniens
3811 3291 3830 3322 ,

2229 3323 2363 3380 nihil
2392 3325 2545 3382 vobis
2575 3327 2808 3398 impertit
2835 3330 3037 3386 auxilii.

2301 3418 2438 3475 Ave.
2495 3419 2718 3476 Mortem
2765 3437 2886 3478 cum
2931 3433 3148 3494 peccato
3193 3430 3548 3496 pertransisse
3595 3433 3837 3491 ostendit

2229 3509 2538 3582 Apostolus,
2569 3514 2816 3580 dicendo,
2849 3515 2914 3570 Et
2943 3517 3014 3570 ita
3041 3519 3092 3572 in
3123 3535 3292 3575 omnes
3317 3521 3545 3578 homines
3565 3537 3833 3594 pertrans-

2230 3603 2309 3659 iit.
2339 3605 2565 3677 Propter
2596 3607 2695 3662 hoc
2737 3619 2791 3665 et
2831 3610 3058 3666 infantes
3088 3628 3210 3667 cum
3237 3614 3592 3686 haptizantur,
3625 3635 3830 3678 eruun-

2231 3705 2317 3753 tur
2352 3698 2421 3755 de
2458 3710 2718 3771 potestate
2769 3705 3147 3762 tenebrarum:
3195 3708 3427 3780 alioquin
3467 3728 3590 3767 cum
3631 3730 3833 3787 magna

2228 3791 2419 3861 injuria
2449 3793 2562 3859 Dei,
2592 3795 2728 3850 sicut
2749 3795 2862 3867 jam
2885 3797 3140 3865 diximus,
3164 3809 3219 3856 et
3242 3816 3386 3872 saepe
3410 3803 3697 3861 dicendum
3719 3818 3828 3880 est,

2227 3882 2561 3940 exorcizatur
2601 3896 2654 3941 et
2696 3888 3007 3944 exsul‘ilatur
3047 3890 3223 3964 imago
3255 3893 3380 3959 Dei,
3409 3896 3454 3950 si
3487 3913 3590 3952 non
3633 3897 3706 3954 ibi
3737 3901 3836 3959 ille
3889 3904 3892 3906 ⁷

2227 3975 2561 4032 exorcizatur
2584 3986 2639 4034 et
2663 3980 2976 4036 exsumatur
3006 3981 3252 4054 princeps
3279 3987 3460 4042 mundi
3483 4029 3497 4052 ,
3531 3991 3619 4059 qui
3654 3992 3834 4048 mitti-

2229 4061 2315 4122 tur
2339 4065 2482 4123 foras
2504 4067 2682 4136 (Joan.
2717 4088 2807 4137 xu,
2842 4073 2932 4146 5t)
2957 4114 2972 4142 ,
3004 4083 3061 4130 ut
3081 4077 3152 4130 sit
3175 4077 3286 4134 illic
3317 4078 3570 4138 habitatio
3594 4082 3838 4154 Spiritus

2225 4160 2414 4237 sancti.
2465 4161 2652 4219 Scelus
2693 4173 2871 4220 autem
2921 4167 3064 4238 quod
3108 4167 3237 4225 fecit
3284 4169 3436 4239 Cain,
3489 4174 3557 4230 ad
3603 4177 3836 4248 originis

2226 4266 2441 4309 causam
2470 4269 2577 4310 non
2603 4257 2855 4329 pertinet,
2885 4260 3138 4330 quoniam
3172 4263 3446 4320 voluntate
3473 4268 3833 4328 commissum

2225 4355 2308 4402 est
2328 4348 2370 4402 ².

2296 4438 2601 4497 CLXXXII.
2639 4441 2758 4498 Jun.
2799 4441 2893 4498 His
2919 4443 3061 4500 enim
3087 4453 3170 4501 est
3198 4447 3440 4506 ordinata
3466 4449 3666 4519 verbis,
3699 4454 3834 4527 qui-

2224 4531 2324 4616 bus
2359 4534 2662 4605 exemplum
2706 4536 3012 4606 praecedens
3033 4577 3048 4605 ,
3078 4545 3134 4594 et
3169 4540 3403 4598 studium
3445 4557 3676 4616 sequens
3704 4547 3836 4602 imi-

2226 4623 2386 4680 tantis
2413 4626 2730 4682 ostenditur.
3387 4702 3390 4706 η

2236 4787 2242 4794 η
2293 4715 2430 4774 Ave.
2469 4717 2588 4774 iam
2631 4718 2725 4775 tibi
2772 4718 2976 4776 dictum
3015 4730 3142 4780 est:
3193 4723 3328 4782 Abel
3370 4741 3498 4800 ergo
3533 4727 3590 4786 ei
3635 4728 3836 4790 debuit

2221 4813 2416 4884 opponi
2443 4829 2472 4866 a
2501 4815 2767 4870 contraria
2801 4824 2973 4886 parte,
3001 4831 3110 4874 non
3134 4817 3401 4877 Christus.
3805 4815 3818 4820 ’

2212 4898 2217 4908 ’
2292 4905 2622 4962 CLXXXIII.
2664 4907 2786 4964 Jun.
2815 4908 3082 4967 Caeterum
3108 4912 3153 4968 si
3174 4916 3576 4984 generationem
3600 4929 3835 4988 peccato

2220 5008 2313 5054 aut
2342 4998 2614 5065 infectam,
2645 5010 2736 5056 aut
2761 5003 3046 5060 obnoxiam
3077 5006 3337 5064 voluisset
3359 5010 3681 5078 ostendere;
3712 5031 3830 5071 non

2221 5090 2444 5167 dixisset
2467 5107 2562 5162 per
2588 5109 2751 5150 unum
2791 5093 3064 5154 hominem
3097 5098 3328 5157 intrasse
3362 5111 3641 5175 peccatum
3664 5145 3683 5174 ,
3725 5107 3830 5163 sed

2219 5197 2318 5256 per
2345 5182 2499 5241 duos.

2291 5278 2426 5334 Anc.
2467 5277 2584 5333 Jam
2629 5293 2946 5350 responsum
2992 5292 3098 5340 est.
3143 5283 3287 5342 Nihil
3332 5285 3495 5358 dicis,
3543 5296 3600 5346 et
3638 5297 3832 5368 tamen

2219 5369 2354 5431 dicis
2396 5379 2451 5426 et
2494 5371 2648 5442 dicis,
2685 5375 2938 5446 quoniam
2976 5387 3185 5436 rectum
3229 5395 3340 5438 non
3385 5391 3542 5456 potes
3575 5383 3835 5447 invenire

2219 5461 2361 5514 auod
2391 5463 2558 5514 dicas.

2219 5463 2361 5542 quod
2391 5463 2558 5518 dicas.

2290 5553 2621 5614 CLXXXIV.
2659 5556 2778 5615 Jun.
2817 5558 2930 5619 Nec
2951 5561 3208 5633 dixisset,
3239 5563 3310 5620 In
3335 5581 3393 5622 eo
3422 5567 3621 5623 transiit
3652 5584 3826 5639 mors,

2287 5731 2303 5803 ξ
2339 5733 2592 5803 plenardus
2613 5741 2666 5786 et
2689 5737 2980 5800 Vignierius,
3006 5738 3131 5803 Abel.
3199 5747 3255 5790 lu.

2283 5795 2304 5824 ι
2340 5796 2613 5862 \‘ignieruts
2630 5836 2642 5858 ,
2665 5795 2938 5862 quanquam
2959 5795 3195 5854 voluntate
3220 5806 3524 5857 conmissum
3547 5807 3634 5858 est.
3662 5813 3717 5858 Et
3745 5811 3824 5861 In-

2217 5854 2311 5943 fra,
2471 5854 2887 5943 Attiiﬂuhnquinn
2895 5934 2906 5943 Α
2917 5872 3144 5943 rectum...
3154 5930 3163 5940 _
3173 5873 3224 5916 Et
3247 5854 3352 5931 cap.
3362 5854 3499 5941 ’1842
3511 5854 3520 5856 _
3544 5854 3839 5943 numnam

2220 5931 2311 5997 Ψέθ
2318 5918 2516 5997 1.54M“?
2532 5918 2786 5975 ταιὶοιιεηίο
2810 5927 2930 5977 Editi
2945 5941 3064 5980 vero
3085 5929 3168 5980 alii
3189 5938 3243 5983 et
3263 5918 3574 5997 niauuscripti
3590 5918 3839 5992 σφωε

2227 5987 2304 6040 ter
2424 5980 2546 6035 locis
2562 6019 2579 6049 ,
2605 5997 2844 6058 quernum.
