3950 6472
561 444 707 516 quia,
734 441 806 498 ita
832 445 891 496 ut
918 437 1037 507 ille,
1085 437 1219 510 legis
1263 436 1688 509 transgressione
1731 436 1986 507 peccabat
2021 453 2036 490 :
2089 435 2146 492 in

553 528 734 591 media
762 541 940 587 autem
968 539 1127 588 aetate
1151 531 1375 586 duarum
1400 531 1596 601 legum,
1632 529 1816 601 prima:
1846 527 2005 596 datas,
2035 544 2146 586 non

559 629 792 698 scriptae,
819 625 1071 682 secundae
1095 639 1225 681 vero
1250 634 1308 681 et
1331 624 1451 680 latae
1477 633 1531 680 ct
1559 623 1752 679 litteris
1784 621 1989 678 tradita:
2008 663 2024 692 ,
2053 623 2145 694 qui

556 729 932 792 peccaverunt,
958 733 1067 774 non
1093 732 1126 774 a
1163 727 1382 788 peccato
1421 715 1773 784 ostenduntur
1813 715 2005 784 alieni,
2049 715 2145 772 sed

557 826 663 868 non
707 811 763 867 in
807 808 1204 867 similitudinem
1235 807 1688 881 praevaricationis
1714 806 1866 876 Adae,
1898 807 2023 880 quia
2066 807 2146 866 le-

553 920 674 979 gem
701 921 807 962 non
833 913 1172 978 acceperant,
1205 901 1804 976 perhibentur'errasse.

626 1001 763 1057 Auc.
785 998 890 1058 Ubi
911 1012 1075 1071 negas
1095 997 1496 1054 similitudinem
1519 995 1968 1067 przevaricationis
1985 996 2136 1070 Adae,

557 1099 609 1147 te
631 1090 744 1162 ipse
767 1090 1056 1156 eonvincis,
1084 1087 1227 1161 quod
1272 1087 1326 1143 hi
1353 1087 1443 1158 qui
1471 1086 1589 1143 sine
1617 1086 1734 1159 lege
1763 1097 2138 1159 peccaverunt,

559 1201 667 1241 non
687 1184 854 1256 primi
884 1175 1117 1239 hominis
1143 1181 1391 1254 exemplo
1417 1189 1544 1237 sunt
1569 1181 1680 1236 rei:
1711 1196 1819 1238 non
1858 1191 1942 1239 est
1983 1182 2144 1254 igitur

554 1277 802 1343 imitatio,
835 1277 932 1333 sed
958 1275 1253 1349 generatio,
1300 1289 1403 1347 qua
1447 1289 1543 1346 per
1581 1283 1858 1346 peccatum
1903 1290 2049 1332 mors
2086 1276 2143 1333 in

553 1384 742 1426 omnes
771 1368 1018 1425 homines
1041 1367 1368 1440 pertransiit.
1398 1365 1584 1439 Neque
1607 1367 1772 1435 enim,
1801 1369 1846 1423 si
1879 1377 1982 1424 tam
2020 1383 2144 1439 pro-

554 1462 660 1517 lixa
692 1471 932 1532 tempora
958 1476 1079 1532 quae
1105 1467 1230 1516 ante
1271 1460 1444 1532 legem
1493 1458 1742 1526 fuerunt,
1790 1461 2144 1517 transiluisset

553 1553 671 1611 haec
693 1569 861 1621 mors,
889 1569 1009 1626 quae
1034 1568 1130 1626 per
1153 1559 1438 1624 peccatum
1467 1552 1626 1624 primi
1655 1552 1889 1608 hominis
1927 1553 2144 1610 intravit

551 1648 606 1704 in
636 1647 913 1715 mundum,
945 1654 1000 1703 et
1034 1662 1064 1702 a
1089 1644 1290 1702 Judaais
1319 1659 1536 1716 serpere
1575 1645 1854 1714 inciperet,
1884 1644 1975 1715 qui
2003 1659 2144 1717 prte-

550 1740 874 1795 varicatores
902 1737 1034 1808 legis
1076 1736 1252 1792 effecti
1278 1743 1421 1802 sunt,
1452 1744 1510 1790 ut
1552 1743 1792 1791 servaret
1835 1735 2141 1792 similitudi-

556 1846 678 1887 nem
706 1827 1161 1901 praevaricationis
1177 1826 1330 1895 Adm,
1351 1825 1618 1882 diceretur
1637 1826 1705 1882 de
1732 1826 1841 1894 illa,
1869 1825 1971 1881 Per
1986 1843 2142 1881 unum

553 1923 806 1979 hominem
847 1923 1076 1988 intravit,
1122 1930 1171 1976 et
1215 1937 1304 1992 per
1344 1937 1515 1976 omnes
1553 1921 1780 1976 homines
1828 1923 2138 1992 pertransiit.

547 2015 645 2072 Cui
674 2015 838 2082 enim,
862 2027 969 2070 non
999 2013 1119 2069 dico
1161 2013 1343 2078 stulto,
1383 2011 1479 2068 sed
1524 2011 1687 2080 fatuo,
1722 2013 2138 2084 persuadebitis,

548 2115 774 2163 mortem
806 2121 904 2179 per
940 2121 1102 2161 unum
1131 2103 1404 2159 hominem
1449 2104 1703 2174 intrasse,
1734 2113 1788 2160 et
1817 2120 1914 2176 per
1953 2121 2141 2162 omnes

549 2199 793 2256 homines
824 2197 1210 2269 pertransisse;
1241 2210 1400 2267 quam
1431 2195 1605 2251 dicitis
1647 2203 1725 2251 tot
1751 2205 1940 2266 gentes
1969 2204 2022 2252 et
2063 2204 2143 2253 tot

549 2292 743 2348 sarcula
770 2289 1176 2363 praetermisisse
1197 2289 1237 2355 ⁸,
1265 2296 1320 2344 et
1355 2287 1424 2343 ad
1450 2302 1544 2343 eos
1571 2288 1661 2358 qui
1703 2288 1875 2359 legem
1915 2303 2140 2359 accepe-

548 2391 688 2450 rant,
711 2383 935 2438 intactis
961 2381 1193 2447 caeteris,
1219 2378 1550 2450 pervenisse,
1577 2393 1700 2434 eum
1729 2387 1785 2434 et
1810 2378 1861 2433 in
1888 2394 1981 2435 eos
2008 2395 2142 2435 mor—

551 2484 661 2531 tem
689 2489 941 2546 regnasse
965 2473 1174 2540 dicatis,
1206 2471 1296 2542 qui
1326 2485 1432 2526 non
1461 2471 1514 2526 in
1552 2471 1900 2528 similitudine
1934 2487 2140 2543 praeva-

546 2565 821 2622 ricationis
861 2564 1025 2632 Adae,
1070 2563 1166 2619 sed
1195 2563 1311 2618 sine
1345 2563 1805 2634 praevaricatione,
1852 2565 1978 2636 quia
2025 2565 2142 2622 sine

546 2660 700 2730 lege,
742 2655 1131 2729 peccaverunt?
1172 2656 1399 2712 Prorsus
1445 2672 1552 2712 non
1599 2664 1681 2711 est
1717 2657 1857 2712 unde
1902 2666 2139 2713 vestrum

549 2749 827 2822 eorrigatis
853 2763 1113 2817 errorem,
1139 2748 1244 2804 nisi
1273 2748 1506 2805 redeatis
1524 2747 1589 2803 ad
1613 2746 1928 2804 catholicam
1951 2749 2137 2818 ﬁdem,

546 2858 665 2916 qum
691 2841 893 2898 homini
916 2841 1088 2912 primo
1116 2840 1340 2912 principi
1366 2841 1724 2912 generationis
1750 2842 2021 2899 hominem
2051 2857 2139 2900 se-

545 2934 780 2990 cundum
807 2933 1098 3005 principem
1129 2932 1551 3004 regenerationis
1577 2933 1818 3006 opponit.

615 3026 990 3096 CLXXXVIII.
1029 3025 1151 3083 JUL.
1191 3026 1294 3094 Qui
1318 3025 1488 3081 Adam
1518 3025 1690 3082 forma
1721 3027 1913 3082 dicitur
1937 3027 2134 3096 futuri,

545 3119 600 3178 id
625 3093 732 3188 est,
757 3119 955 3175 Christi
979 3137 992 3174 :
1018 3134 1205 3175 verum
1234 3119 1404 3173 forma
1432 3133 1460 3172 a
1491 3119 1783 3182 contrario,
1805 3128 1864 3174 ut
1884 3119 2020 3174 sicut
2049 3119 2138 3182 ille

545 3211 768 3283 peccati,
799 3211 872 3265 ita
899 3210 985 3265 hie
1004 3208 1225 3280 justitiae
1255 3208 1427 3265 forma
1457 3208 1724 3265 credatur.
1750 3209 1855 3265 Sed
1885 3210 2022 3265 sicut
2051 3211 2136 3266 in-

543 3304 781 3362 earnatio
804 3301 1264 3374 Christi,°justiti:e
1289 3300 1389 3366 fuit
1414 3300 1606 3370 forma,
1639 3317 1744 3356 non
1784 3303 1954 3372 prima
1977 3344 1993 3371 ,
2037 3303 2135 3360 sed

547 3398 821 3465 maxima;
845 3398 967 3468 quia
991 3404 1047 3453 et
1071 3405 1356 3468 antequam
1379 3395 1607 3452 Verbum
1630 3411 1754 3452 caro
1786 3395 1956 3464 ﬁeret,
1980 3413 2045 3453 ex
2072 3413 2136 3455 ea

545 3495 652 3550 ﬁde
678 3509 800 3566 quae.
825 3493 878 3548 in
909 3493 1076 3548 Deum
1105 3499 1239 3556 erat,
1268 3499 1322 3546 et
1347 3491 1400 3546 in
1440 3490 1722 3560 Prophetis
1764 3501 1818 3546 et
1859 3491 1912 3546 in
1953 3493 2134 3548 multis

545 3587 665 3643 aliis
693 3585 892 3642 sanctis
919 3584 1118 3640 fulsere
1152 3583 1404 3650 virtutes;
1431 3583 1678 3638 veniente
1705 3592 1883 3638 autem
1923 3591 2133 3654 tempo-

546 3696 666 3738 rum
712 3677 1081 3750 plenitudine,
1127 3685 1312 3732 exacta
1354 3675 1407 3730 in
1440 3675 1652 3731 Christo
1689 3675 1905 3746 iustitiae
1945 3691 2133 3733 norma

543 3769 890 3842 resplenduit,
922 3777 977 3826 et
1003 3769 1094 3840 qui
1131 3767 1418 3840 praedictus
1455 3765 1626 3823 fuerat
1664 3775 1816 3838 pater
1843 3765 2004 3822 futuri
2033 3783 2134 3824 sae-

541 3865 668 3932 enli,
700 3872 807 3919 tam
837 3860 1252 3934 praecedentium
1282 3867 1624 3928 sanctorum,
1669 3874 1828 3930 quam
1858 3859 2018 3915 etiam
2047 3874 2132 3917 se-

538 3955 815 4028 quentium
843 3960 1214 4009 remunerator
1234 3951 1460 4007 eminuit
1487 3951 1508 3983 ⁸
1533 3967 1548 4004 :

611 4049 748 4104 Anc.
775 4046 1127 4119 Agnoscimus
1153 4045 1401 4100 hazresim
1425 4053 1690 4100 vestram:
1716 4044 1958 4100 deﬁnivit
1985 4046 2130 4102 enim

538 4137 807 4209 Pelagius,
839 4136 982 4208 quod
1019 4151 1126 4192 non
1157 4152 1222 4192 ex
1250 4135 1356 4191 ﬁde
1394 4135 1773 4192 incarnationis
1803 4136 2001 4193 Christi
2029 4153 2128 4194 an-

539 4230 672 4302 tiqui
696 4229 928 4285 vixerint
950 4227 1114 4300 justi;
1145 4227 1269 4298 quia
1307 4226 1555 4297 videlicet
1583 4227 1821 4284 nondum
1869 4231 1922 4284 in
1967 4245 2130 4289 carne

541 4329 762 4379 venerat
785 4319 1050 4376 Christus.
1075 4318 1208 4375 Cum
1237 4319 1480 4390 profecto
1504 4319 1554 4375 id
1583 4319 1816 4376 futurum
1850 4338 1954 4378 non
1988 4339 2130 4393 prte-

537 4412 887 4478 nuntiassent,
933 4410 1036 4466 nisi
1073 4411 1278 4481 priores
1307 4410 1487 4481 utique
1512 4411 1878 4468 credidissent.
1924 4415 2030 4470 Sed
2074 4416 2127 4472 in

537 4505 678 4562 hanc
727 4503 1110 4561 absurditatem
1158 4501 1460 4569 cecidistis,
1504 4502 1633 4559 dum
1681 4503 1962 4561 defenditis
2008 4521 2128 4564 esse

536 4598 774 4672 potuisse
801 4613 898 4670 per
917 4605 1161 4652 naturam
1188 4595 1464 4666 legemque
1487 4593 1746 4664 justitiam
1773 4613 1788 4650 :
1820 4597 2129 4654 utrumlibet

539 4700 715 4749 autem
738 4690 783 4745 si
813 4703 996 4744 verum
1022 4697 1125 4755 cst,
1155 4701 1284 4758 ergo
1304 4685 1548 4742 Christus
1568 4687 1732 4758 gratis
1758 4697 1997 4745 mortuus
2022 4699 2122 4746 est.

606 4779 942 4839 CLXXXIX.
974 4779 1093 4836 Jun.
1129 4779 1204 4834 Ita
1231 4779 1390 4834 etiam
1417 4778 1472 4833 in
1498 4787 1648 4849 parte
1668 4779 1932 4835 contraria
1953 4779 2123 4838 Adam

541 4876 728 4937 dicitur
753 4873 924 4930 forma
951 4872 1173 4945 peccati,
1198 4887 1302 4927 non
1329 4871 1520 4943 prima,
1543 4871 1638 4928 sed
1661 4873 1910 4929 maxima.

607 4969 742 5024 Anc.
773 4964 926 5023 Unde
963 4979 1092 5036 ergo
1147 4979 1252 5018 non
1284 4962 1451 5033 prima
1480 5003 1496 5031 ,
1527 4962 1623 5019 sed
1666 4965 1934 5019 maxima?
1958 4979 2124 5036 quan-

541 5058 828 5132 doquidem
852 5066 1071 5128 propter
1093 5054 1369 5110 exordium
1395 5054 1606 5126 generis
1629 5053 1866 5121 humani,
1894 5071 2001 5111 non
2027 5073 2122 5113 ne-

537 5169 631 5225 gas
657 5152 906 5224 primam,
937 5163 1038 5203 nec
1063 5146 1270 5202 invenis
1297 5161 1393 5202 cur
1414 5145 1560 5202 dicas
1587 5146 1894 5213 maximam,
1918 5149 2019 5203 nisi
2047 5149 2123 5204 fa-

537 5248 700 5301 tearis
728 5251 872 5297 tanto
900 5239 1114 5312 gravius
1138 5237 1306 5292 Adam
1335 5239 1605 5308 peccasse,
1626 5247 1826 5310 quanto
1850 5239 1922 5294 ibi
1953 5242 2122 5310 major

536 5351 641 5392 non
673 5331 930 5408 peccandi
956 5330 1181 5386 facilitas
1202 5337 1337 5397 erat,
1369 5329 1460 5385 ubi
1481 5329 1661 5385 vitiata
1682 5340 1867 5386 natura
1885 5332 2120 5387 nondum

536 5438 667 5496 erat,
712 5441 812 5482 nec
851 5426 938 5481 lex
979 5422 1184 5494 peccati
1228 5423 1280 5477 in
1329 5421 1585 5477 membris
1635 5423 1963 5494 repugnabat
2013 5424 2119 5496 legi

537 5521 733 5578 mentis
758 5540 770 5576 :
798 5535 919 5575 cum
945 5533 1046 5589 qua
1076 5531 1232 5588 pcena
1257 5513 1434 5571 omnis
1459 5513 1622 5571 homo
1643 5517 1898 5585 nascitur,
1929 5519 2122 5588 peritu-

537 5627 632 5668 rus
656 5613 711 5667 in
738 5620 1019 5677 aeternum,
1051 5608 1097 5664 si
1126 5623 1234 5663 non
1265 5615 1606 5674 renascatur;
1634 5616 1687 5664 et
1715 5609 1976 5680 perditus,
2017 5611 2119 5667 nisi

601 5726 618 5796 ξ
652 5731 759 5796 uss.
778 5723 898 5796 clar.
924 5731 977 5774 et
991 5730 1255 5796 Mar..post,
1278 5729 1324 5776 et
1347 5729 1411 5776 tot
1429 5722 1608 5796 saecula
1622 5726 2018 5792 praetermistsse;
2040 5741 2120 5780 re-

536 5792 727 5850 petunt,
752 5793 800 5837 et
821 5799 906 5850 per
927 5799 1088 5859 crimes
1105 5785 1316 5857 [tapetes
1337 5785 1669 5852 pertransisse.

601 5850 622 5884 ³
644 5849 820 5901 Sicllss
861 5847 994 5910 Edttt,
1020 5855 1228 5901 armatu.

1218 316 1466 380 OPERIS
1499 315 1916 378 IMPERFECTI
1953 314 2228 376 CONTRA
2265 315 2632 391 JULIANUM,
2673 321 2734 379 S.
2774 322 3139 384 AUGUSTINI

3684 332 3816 398 ιω

2254 438 2324 495 ab
2347 454 2414 495 eo
2452 443 2708 513 qumsitus
2747 445 3067 517 inveniatur,
3109 449 3201 522 qui
3224 450 3370 508 venit
3408 466 3646 526 quaerere
3683 460 3813 531 quod

2249 531 2481 601 perierat
2506 534 2654 609 (Luc.
2689 551 2808 607 xtx,
2837 538 2949 614 10).

2324 623 2480 681 CXC.
2509 627 2625 683 Jun.
2655 629 2937 688 Maximam
2963 640 3139 690 autem
3167 634 3286 692 dico
3305 676 3320 703 ,
3357 651 3464 694 non
3493 640 3613 711 quia
3640 640 3811 701 diabo-

2249 713 2357 772 lum
2387 719 2556 792 magis
2585 735 2736 776 reum
2763 721 2928 781 fuisse
2951 724 3181 783 diiﬁtear
3204 746 3219 783 :
3243 727 3338 785 sed
3365 728 3490 802 quia
3524 744 3642 788 cum
3676 734 3811 792 insti-

2249 808 2469 866 tutionis
2511 811 2650 868 ratio
2692 823 3004 886 peteretur,
3052 821 3504 881 accommodatius
3543 825 3810 896 Apostolus

2248 900 2481 961 hominis
2505 945 2522 973 ,
2582 921 2744 976 quem
2805 909 3092 981 plurimum
3157 915 3427 972 successio
3487 915 3808 977 humanitatis

2247 997 2494 1067 aspexit,
2550 1014 2709 1070 quam
2763 1002 2926 1058 aeriae
2975 1003 3288 1062 substantia:
3351 1007 3536 1066 fecerit
3596 1014 3806 1070 mentio-

2247 1101 2393 1143 nem.
2427 1089 2624 1146 Verum
2653 1092 2706 1147 in
2750 1092 2865 1164 ipsa
2913 1093 3244 1155 humanitate
3282 1099 3507 1170 primam
3550 1103 3804 1161 mulierem

2247 1179 2535 1252 deliquisse
2578 1186 2883 1255 constabat;
2925 1187 3022 1245 sed
3068 1191 3191 1261 quia
3237 1200 3446 1264 patrum
3490 1193 3544 1250 in
3585 1197 3806 1255 omnibus

2236 1273 2520 1353 efﬁcacior
2537 1285 2624 1333 est
2662 1287 2718 1335 et
2743 1279 2914 1350 major
2937 1282 3247 1351 auctoritas,
3273 1298 3397 1341 eum
3432 1283 3567 1342 dixit
3605 1288 3805 1346 formam

2245 1365 2411 1425 fuisse
2440 1371 2664 1440 peccati,
2706 1388 2813 1429 non
2854 1389 2883 1429 a
2923 1390 3031 1448 quo
3073 1379 3238 1449 erepit
3282 1379 3556 1451 delictum,
3596 1383 3691 1441 sed
3730 1388 3803 1458 qui

2245 1475 2344 1532 per
2377 1471 2696 1533 potestatem
2727 1483 2888 1526 sexus
2915 1470 3081 1526 virilis
3105 1514 3119 1538 ,
3145 1472 3333 1554 magis
3376 1474 3540 1532 fuisse
3580 1478 3804 1548 probatur

2246 1553 2539 1612 imitabilis.
2568 1557 2732 1616 Vides
2760 1577 2974 1635 nempe,
3021 1573 3077 1620 ut
3118 1553 3497 1638 consequentia
3536 1569 3803 1630 intellectus

2245 1646 2523 1703 veritatem
2548 1649 2648 1706 sibi
2677 1652 2851 1710 inesse
2879 1663 3122 1713 testetur.

2315 1739 2451 1796 Anc.
2492 1741 2608 1797 Non
2637 1743 2986 1803 imitationem
3013 1750 3316 1818 imitationi,
3359 1752 3455 1810 sed
3479 1759 3802 1826 regeneratio-

2245 1847 2369 1888 nem
2399 1836 2725 1906 gcnerationi
2755 1842 3069 1910 opposuisse
3102 1843 3440 1913 Apostolum,
3481 1846 3592 1916 ipsa
3628 1847 3800 1906 Christi

2243 1925 2413 1982 forma
2433 1927 2794 1998 demonstrat;
2821 1933 2910 2003 qui
2929 1934 2945 1966 ί
2967 1932 3170 1990 homini
3193 1936 3366 2006 primo
3387 1937 3547 1994 homo
3567 1942 3801 1998 secundus

2244 2021 2548 2090 opponitur.
2575 2023 2630 2078 Si
2658 2038 2786 2096 ergo
2820 2040 2926 2082 non
2958 2027 3228 2098 pertinent
3253 2031 3320 2086 ad
3335 2030 3591 2101 justitiam
3605 2034 3799 2104 Christi,

2245 2112 2334 2181 qui
2354 2123 2740 2182 renascuntur;
2764 2132 2870 2172 non
2891 2119 3163 2189 pertinent
3177 2120 3242 2176 ad
3262 2132 3536 2192 peccatum
3553 2125 3692 2192 Adae,
3725 2130 3800 2199 qui

2243 2214 2570 2272 nascuntur;
2611 2215 2666 2262 et
2694 2223 2802 2263 non
2828 2217 2912 2264 est
2937 2210 3180 2266 Christus
3217 2211 3390 2268 forma
3433 2229 3464 2269 a
3510 2219 3751 2272 contrario
3787 2237 3798 2273 :

2243 2294 2340 2350 sed
2368 2297 2493 2367 quia
2523 2297 2694 2354 forma
2722 2307 2825 2368 est,
2856 2302 3044 2372 procul
3072 2302 3233 2359 dubio
3271 2304 3410 2360 sicut
3435 2308 3601 2362 renati
3633 2308 3694 2364 ad
3729 2309 3801 2379 ju-

2245 2389 2443 2445 stitiam
2489 2391 2687 2447 Christi
2731 2401 3041 2464 transeunt,
3087 2397 3248 2453 etiam
3297 2399 3543 2470 parvuli,
3587 2403 3799 2472 quamvis

2245 2483 2456 2552 operari
2480 2483 2743 2554 justitiam
2772 2503 2878 2543 non
2905 2489 3176 2557 valentes;
3209 2491 3282 2546 ita
3310 2505 3434 2548 cum
3456 2493 3670 2550 transitu
3687 2511 3797 2566 pec-
3891 2483 3894 2486 ’

2243 2575 2348 2630 cati
2378 2590 2443 2631 ex
2469 2577 2638 2632 Adam
2659 2580 2768 2634 nati
2790 2590 2936 2649 sunt,
2969 2581 3080 2638 sive
3105 2593 3416 2654 nascuntur,
3456 2589 3684 2657 quamvis
3711 2605 3798 2646 nec

2244 2677 2521 2738 peccatum
2540 2671 2714 2728 adhuc
2735 2673 2945 2730 valeant
2967 2677 3200 2746 operari.
3229 2679 3476 2750 Agnosce
3501 2681 3728 2750 formam,
3754 2693 3798 2741 et

2242 2761 2351 2816 noli
2381 2777 2501 2818 esse
2525 2765 2947 2824 contradictione
2972 2769 3245 2827 deformis.

2313 2852 2488 2910 CXCI.
2530 2854 2649 2911 Jun.
2691 2857 2842 2914 Nunc
2879 2860 3106 2932 intuere,
3151 2873 3407 2936 quantum
3438 2881 3469 2922 a
3502 2875 3586 2925 tua
3612 2871 3798 2941 exposi-

2244 2943 2390 3000 tione
2417 2944 2746 3017 discordcnt,
2779 2958 2836 3004 ut
2860 2961 3052 3009 caetera
3082 2953 3320 3024 ejusdem
3347 2956 3474 3024 loci,
3505 2959 3575 3015 ita
3599 2959 3679 3015 illa
3695 2977 3798 3018 ver-

2241 3035 2340 3102 ba,
2388 3038 2581 3107 quibus
2617 3040 2906 3110 Apostolus
2943 3047 3273 3115 pronuntiat,
3312 3050 3477 3120 etiam
3518 3051 3572 3107 in
3603 3067 3687 3109 eos
3719 3069 3797 3110 re-

2239 3141 2433 3198 gnasse
2475 3139 2724 3201 mortem,
2769 3134 2856 3203 qni
2892 3151 2994 3190 non
3035 3149 3363 3208 peccaverunt
3404 3142 3460 3196 in
3501 3141 3797 3200 similitudine

2241 3221 2672 3290 praevaricationis
2698 3223 2844 3294 Adae,
2887 3226 2975 3298 qui
3000 3238 3073 3283 est
3097 3229 3264 3300 forma
3293 3231 3474 3302 futuri.
3503 3233 3560 3290 Si
3587 3234 3712 3290 enim
3740 3235 3796 3292 de

2239 3316 2471 3371 naturali
2512 3326 2733 3389 peccato
2760 3329 2961 3390 ageret,
3010 3321 3078 3378 de
3115 3339 3223 3394 quo
3264 3325 3495 3396 dixerat,
3537 3336 3592 3383 ut
3616 3327 3796 3384 videtur

2239 3409 2363 3478 tibi,
2393 3409 2461 3466 In
2498 3429 2596 3482 quo
2623 3429 2794 3470 omnes
2829 3429 3160 3487 peccaverunt
3184 3435 3204 3476 :
3241 3422 3334 3494 qui
3364 3433 3548 3480 essent
3584 3424 3656 3492 hi,
3682 3439 3794 3496 quos

2239 3501 2420 3558 statim
2473 3507 2821 3575 pronuntiat,
2880 3524 2990 3565 non
3045 3511 3219 3568 solum
3276 3515 3330 3569 in
3386 3517 3794 3588 praevaricatione

2237 3592 2445 3648 Adae'?
2489 3595 2583 3650 sed
2624 3612 2694 3652 ne
2731 3598 2784 3653 in
2831 3599 3175 3660 similitudine
3209 3603 3428 3675 quidem
3469 3607 3635 3679 eulpae
3675 3606 3792 3663 illius

2237 3683 2497 3743 obnoxios
2517 3687 2886 3758 deprehendi?

2305 3779 2442 3837 Anc.
2485 3779 2591 3837 Sed
2614 3791 2668 3838 tu
2695 3784 2775 3840 sic
2801 3785 3072 3858 intelligis,
3098 3789 3189 3860 qui
3228 3804 3336 3847 non
3363 3792 3649 3866 intelligis:
3673 3795 3794 3866 Apo-

2235 3874 2404 3929 stolus
2440 3884 2617 3931 autem
2657 3878 2919 3935 rationem
2955 3880 3208 3951 reddidit,
3251 3900 3420 3955 quare
3457 3902 3601 3944 mors
3630 3903 3793 3961 regna-

2236 3970 2378 4025 verit
2405 3980 2459 4026 et
2497 3972 2552 4028 in
2585 3987 2682 4028 eos
2712 3974 2803 4045 qui
2831 3990 2940 4031 non
2969 3989 3344 4048 peccaverunt,
3384 3981 3630 4039 addendo
3657 3993 3704 4039 et
3726 3984 3793 4039 di-

2233 4062 2424 4129 cendo,
2468 4063 2520 4119 in
2560 4065 2941 4122 similitudinem
2969 4071 3399 4140 pravaricationis
3423 4074 3592 4141 Αάω;
3631 4075 3678 4132 id
3703 4085 3786 4143 est,

2234 4163 2517 4226 propterea
2559 4173 2812 4228 regnasse
2850 4161 3139 4218 ostendens
3168 4170 3401 4221 mortem
3442 4175 3498 4222 et
3524 4167 3574 4222 in
3602 4181 3688 4224 eos
3719 4169 3791 4240 qui

2233 4263 2338 4303 non
2395 4260 2769 4320 peccaverunt,
2819 4254 3072 4323 quoniam
3117 4255 3404 4326 quamdam
3459 4259 3791 4317 similitudinis

2231 4341 2457 4399 formam
2508 4360 2576 4401 ex
2626 4345 2758 4419 Adae
2806 4349 3243 4419 prmvarieatione
3297 4362 3592 4411 traxerunt.
3644 4356 3790 4413 Adam

2232 4435 2429 4507 quippe
2471 4417 2698 4492 induun't
2743 4417 2832 4510 qui
2880 4449 3192 4510 nascuntur,
3241 4443 3380 4501 sicut
3423 4445 3688 4504 Christum
3724 4448 3792 4503 in-

2232 4526 2400 4583 duunt
2429 4530 2518 4598 qui
2544 4538 2914 4587 renascuntur.

2231 4606 2238 4686 ί
2301 4620 2503 4678 CXCII.
2541 4623 2660 4679 ιω..
2703 4623 2981 4697 Regnavit,
3007 4625 3196 4698 inquit,
3221 4643 3356 4684 more
3379 4629 3606 4687 etiamin
3624 4647 3700 4688 eos
3719 4629 3791 4702 qui

2230 4732 2330 4772 non
2362 4727 2689 4790 peccaverunt
2728 4719 2783 4772 in
2821 4719 3149 4775 similitudine
3187 4724 3615 4793 prmaricationis
3639 4726 3790 4780 Ade:

2228 4810 2378 4867 vides
2403 4826 2525 4867 eum
2551 4811 2945 4869 distinctionem
2968 4813 3157 4871 fecisse
3180 4817 3542 4889 perspicuam,
3565 4819 3695 4876 inter
3713 4834 3790 4876 eos

2228 4905 2318 4977 qui
2357 4905 2601 4961 similiter
2639 4913 2696 4960 ut
2732 4905 2924 4975 Adam,
2955 4914 3010 4963 et
3036 4923 3130 4964 eos
3166 4910 3260 4982 qui
3298 4911 3633 4971 dissimiliter
3667 4928 3794 4970 erra-

2227 5007 2431 5056 verant.

2298 5091 2434 5145 Anc.
2477 5087 2532 5144 Si
2564 5088 2892 5145 dissimiliter
2920 5100 3248 5160 erraverant,
3291 5093 3383 5150 ubi
3424 5104 3510 5152 est
3531 5111 3656 5169 ergo
3687 5095 3788 5151 imi-

2229 5181 2442 5237 tationis
2483 5182 2824 5252 exemplum?
2865 5182 3340 5254 Regenerationem
3389 5188 3558 5246 redde
3593 5205 3788 5262 genera-

2228 5275 2380 5341 tioni,
2430 5290 2534 5330 non
2578 5274 2922 5329 imitationem
2972 5273 3289 5346 imitationi;
3331 5289 3386 5336 et
3428 5281 3663 5339 invenies
3696 5283 3788 5337 for-

2227 5381 2390 5432 mam,
2433 5366 3032 5444 quam_eommendavit
3071 5369 3358 5439 Apostolus
3400 5375 3656 5444 veritatis,
3697 5390 3786 5432 non

2227 5471 2384 5527 quam
2413 5455 2563 5510 ﬁnxit
2589 5439 2832 5526 Pelagius
2855 5459 3021 5513 vestri
3051 5469 3237 5516 auctor
3257 5465 3478 5520 erroris.

2296 5545 2522 5603 CXCIII.
2563 5547 2681 5602 Jun.
2725 5547 2855 5615 Quae
2905 5548 3095 5605 divisio
3144 5554 3374 5610 naturali
3429 5569 3646 5627 peccato
3697 5573 3784 5612 non

2290 5729 2306 5759 ι
2333 5726 2622 5788 vlgnierius,
2645 5726 2775 5788 quia.

2287 5791 2403 5860 _’Sic
2433 5795 2541 5836 ωδε.
2567 5796 2624 5841 At.
2645 5787 3080 5860 editi,_gton“soltnn
3119 5791 3533 5855 prevaricatiom’s
3552 5794 3669 5860 (vel,
3703 5807 3786 5851 ita

2229 5851 2382 5904 solum
2401 5862 2492 5900 non
2515 5850 2916 5914 pmomicatt’om‘)
2941 5851 3074 5904 Ades.
