3950 6472
130 461 252 524 12⁵25

129 592 287 661 potest
304 580 590 640 convenire
614 598 628 637 :
651 577 789 652 quod
815 577 861 635 si
880 585 1042 646 esset,
1065 588 1255 633 omnes
1274 587 1490 645 prorsus
1509 585 1689 642 aequa-

130 681 234 736 liter
251 677 557 746 colligaret;
591 687 750 730 nemo
777 686 905 743 ergo
941 677 1085 727 esset
1112 669 1199 724 cui
1228 667 1429 721 malum
1455 665 1557 720 hoc
1581 676 1691 718 non

131 772 330 833 inesset,
358 776 412 822 et
438 765 617 821 nullus
642 763 966 820 inveniretur
987 760 1053 816 de
1077 773 1183 830 quo
1202 773 1329 814 vere
1353 763 1534 826 posset
1553 753 1656 808 dici
1672 793 1687 820 ,

133 862 236 933 quia
261 860 311 915 in
335 856 737 914 similitudinem
764 852 967 927 peccati
989 852 1129 907 illius
1154 865 1263 906 non
1285 847 1612 919 deliquisset,
1636 842 1690 898 in

134 953 263 1024 cujus
287 964 471 1008 omnes
499 949 724 1004 veritate
747 955 1076 1018 peccassent.

193 1045 312 1099 Acs.
349 1039 501 1109 Quod
551 1037 829 1096 retinendo
866 1036 1086 1104 clamas,
1131 1033 1233 1090 hoc
1266 1046 1450 1089 verum
1494 1037 1596 1094 est,
1637 1037 1695 1086 et

138 1145 295 1194 contra
319 1148 412 1189 vos
450 1140 578 1188 est:
628 1144 814 1188 omnes
857 1143 1079 1201 prorsus
1119 1125 1375 1198 originale
1419 1131 1690 1194 peccatum

140 1229 380 1302 :equaliter
408 1227 713 1298 colligavit;
744 1240 904 1280 nemo
931 1232 1076 1280 esset
1101 1221 1188 1276 cui
1216 1221 1412 1275 malum
1444 1219 1545 1272 hoc
1583 1231 1690 1272 non

141 1329 330 1391 inesset,
358 1324 457 1380 nisi
487 1338 587 1394 per
613 1321 882 1378 Christum
909 1318 1079 1392 gratia
1101 1317 1278 1373 divina
1313 1313 1606 1385 prodesset.
1633 1309 1692 1366 In

143 1434 220 1476 eos
243 1417 370 1473 enim
407 1417 497 1487 qui
536 1430 644 1470 non
686 1421 1059 1486 peccaverunt,
1097 1410 1149 1467 id
1178 1419 1279 1478 est,
1312 1409 1400 1479 qui
1440 1422 1536 1462 sua
1565 1419 1690 1476 pec-

143 1519 238 1566 cata
262 1507 459 1580 propria
495 1520 603 1562 non
642 1504 902 1573 fecerunt,
933 1513 990 1558 ut
1019 1517 1162 1558 mors
1202 1508 1469 1572 regnaret,
1501 1497 1685 1554 simili-

145 1601 251 1658 tudo
286 1599 468 1655 meruit
505 1595 958 1668 prmvaricationis
985 1594 1135 1662 Adae,
1164 1593 1254 1664 qui
1283 1601 1364 1648 est
1401 1591 1568 1646 forma
1605 1587 1692 1644 fu-

146 1693 252 1760 turi,
287 1690 333 1746 id
366 1698 464 1757 est,
508 1688 728 1745 Christi.
765 1688 914 1744 Sicut
939 1686 1080 1743 enim
1119 1685 1293 1756 primo
1320 1682 1557 1747 homine,
1602 1680 1692 1751 qui

149 1793 433 1848 nascuntur;
483 1783 556 1837 ita
603 1779 838 1838 secundo
888 1779 1127 1847 homine,
1175 1777 1264 1848 qui
1315 1784 1689 1842 renascuntur,

154 1876 420 1932 induuntur.

209 1967 403 2024 CXCIV.
441 1965 563 2023 Jun.
604 1965 816 2038 Colligit
841 1973 1019 2022 autem
1042 1963 1350 2034 Apostolus,
1379 1970 1434 2018 et
1458 1977 1694 2033 pronun-

151 2063 246 2126 tiat,
284 2074 390 2115 esse
425 2059 558 2114 alios
600 2059 690 2129 qui
734 2057 1092 2129 peccaverint,
1143 2056 1279 2111 sicut
1315 2054 1519 2119 Adam;
1561 2054 1694 2108 alios

151 2168 261 2225 quos
283 2167 370 2208 nec
395 2149 688 2207 similitudo
713 2151 944 2220 antiquae
972 2145 1425 2220 praevaricationis
1449 2160 1696 2217 asperse-

152 2246 209 2301 rit
240 2243 504 2300 :absolute
530 2257 660 2314 ergo
693 2243 878 2314 claret,
921 2257 1126 2298 morum
1157 2240 1376 2296 crimina
1416 2254 1555 2306 esse,
1587 2254 1694 2294 non

152 2337 395 2391 seminum.
426 2337 602 2405 Atque
632 2341 690 2389 ut
713 2333 966 2402 breviter,
999 2349 1118 2405 qua:
1148 2342 1272 2389 sunt
1307 2340 1446 2399 acta,
1479 2340 1694 2402 repeta-

153 2445 276 2494 mus;
323 2430 392 2484 ait
429 2428 737 2499 Apostolus,
794 2443 890 2499 per
938 2442 1099 2482 unum
1148 2426 1416 2482 hominem
1467 2424 1696 2479 intrasse

154 2531 382 2592 peccatum
410 2539 423 2576 :
453 2522 557 2577 hoc
583 2522 722 2578 ratio
745 2519 978 2577 ostendit
1001 2519 1315 2590 imitationi,
1339 2534 1445 2575 non
1472 2532 1697 2591 genera-

155 2614 256 2669 tioni
281 2629 585 2684 congruere,
617 2628 736 2684 quae
763 2623 847 2670 est
875 2628 1008 2682 opus
1036 2611 1282 2666 duorum.

207 2707 320 2762 Auc.
356 2706 521 2774 Quam
565 2707 789 2762 multum
819 2706 1004 2762 eadem
1050 2706 1205 2773 dicis,
1247 2714 1301 2761 et
1339 2704 1470 2760 nihil
1515 2704 1693 2762 dicis:

154 2814 232 2854 nec
254 2800 408 2868 vides,
433 2801 558 2872 quia
595 2801 640 2856 si
668 2809 942 2872 peccatum
974 2799 1284 2855 imitationis
1309 2815 1344 2853 a
1363 2814 1560 2870 genere
1592 2799 1694 2854 hu-

154 2906 286 2947 mano
322 2901 569 2963 coeptum,
622 2893 726 2950 isto
767 2893 1154 2966 signiﬁcaretur
1197 2893 1346 2956 loco;
1395 2909 1489 2963 per
1535 2908 1696 2948 unam

156 2986 308 3054 potius
345 3002 488 3058 quam
536 3003 636 3057 per
681 3002 848 3042 unum
896 2987 952 3042 in
999 2985 1257 3040 mundum
1305 2985 1574 3040 diceretur
1615 2985 1697 3040 in—

162 3081 331 3143 trasse;
368 3093 474 3148 qua:
518 3077 589 3133 ita
635 3078 803 3148 prima
845 3077 1103 3150 peccavit,
1135 3084 1194 3132 ut
1229 3092 1345 3132 eam
1372 3077 1453 3131 vir
1488 3092 1697 3148 quoque

157 3166 293 3237 ipsius
333 3168 484 3226 fuerit
517 3171 774 3227 imitatus.
819 3170 923 3227 Sed
965 3171 1086 3241 quia
1130 3171 1552 3251 generationem,
1587 3188 1694 3229 non

156 3259 483 3330 imitationem,
514 3262 732 3318 volebat
761 3262 1012 3334 intelligi,
1047 3261 1150 3317 Per
1177 3280 1353 3330 unum,
1383 3263 1570 3333 inquit,
1602 3263 1696 3318 ho-

157 3354 304 3408 minem
339 3367 594 3424 peccatum
628 3357 832 3410 intravit
860 3357 912 3411 in
940 3356 1185 3410 mundum
1210 3372 1229 3410 :
1258 3366 1347 3411 aut
1373 3355 1559 3412 ambos
1583 3357 1697 3412 sin-

157 3446 289 3516 gulari
319 3463 540 3504 numero
580 3447 880 3516 includens,
925 3457 1140 3519 prepter
1177 3447 1319 3519 quod
1356 3447 1554 3502 dictum
1594 3456 1696 3517 est,

159 3535 292 3608 Igitur
317 3541 425 3611 jam
466 3558 571 3596 non
611 3550 730 3596 sunt
767 3541 869 3595 duo
908 3540 1118 3614 (Matth.
1162 3557 1278 3608 xxx,
1321 3540 1410 3612 6);
1449 3551 1540 3596 aut
1576 3556 1729 3597 eum.-

160 3631 450 3698 potissimum
482 3648 930 3700 commemorans,
964 3650 994 3688 a
1024 3649 1130 3705 quo
1160 3643 1239 3690 est
1263 3634 1579 3705 principium
1609 3651 1704 3706 ge-

162 3724 345 3781 nerandi
363 3769 378 3794 ,
407 3742 527 3782 eum
557 3727 840 3782 seminatio
865 3727 1157 3793 exorditur,
1191 3738 1248 3784 ut
1273 3730 1550 3798 conceptio
1575 3729 1702 3784 sub-

165 3826 392 3886 sequatur.
424 3818 553 3874 Haec
596 3833 740 3890 saepe
764 3818 873 3890 jam
909 3819 1140 3874 diximus
1172 3838 1185 3874 :
1215 3821 1308 3876 sed
1338 3821 1701 3878 iterationibus

164 3909 265 3975 tuis,
291 3920 492 3967 nostras
522 3926 736 3983 quoque
761 3911 844 3970 vel
873 3912 1066 3982 rarius,
1095 3920 1271 3968 tamen
1299 3911 1564 3981 iterando,
1593 3928 1701 3968 non

163 3999 378 4058 cedimus.

214 4090 393 4151 CXCV.
420 4095 544 4152 Jun.
570 4095 797 4154 Secutus
846 4105 948 4167 est,
973 4095 1046 4153 Et
1071 4098 1142 4152 ita
1173 4099 1228 4153 in
1272 4113 1443 4154 omnes
1479 4098 1703 4154 homines

162 4200 273 4240 mors
290 4190 587 4257 pertransiit.

226 4279 345 4338 Acs.
369 4283 503 4351 Quid
532 4292 650 4351 est,
678 4285 751 4339 ita
772 4286 1090 4356 pertransiit;
1117 4286 1220 4342 nisi
1245 4285 1512 4358 quomodo
1537 4285 1706 4341 intra-

172 4368 262 4435 vit,
286 4372 332 4428 id
353 4385 431 4430 est
453 4417 468 4446 ,
497 4390 620 4431 cum
650 4386 890 4446 peccato,
918 4377 1030 4437 sive
1057 4392 1152 4448 per
1172 4377 1483 4448 peccatum?
1553 4396 1561 4403 ι

217 4463 420 4522 CXCVI.
449 4467 570 4524 Jun.
604 4467 750 4525 Fecit
769 4469 1184 4536 distinctionem,
1215 4486 1282 4525 ne
1302 4471 1423 4541 quis
1444 4469 1514 4524 ita
1551 4479 1706 4541 puta-

164 4567 230 4614 ret
255 4563 490 4620 transisse
536 4575 851 4635 peccatum;
883 4574 941 4622 ut
982 4581 1128 4621 mors
1173 4580 1291 4636 quae
1318 4563 1661 4636 praecucurrit
1686 4564 1703 4596 ⁸

161 4649 395 4719 iudicante
415 4657 642 4727 justitia,
665 4667 848 4714 secuta
866 4657 1180 4729 probaretur
1194 4659 1443 4714 materias
1467 4657 1702 4722 ultionis,

165 4757 271 4812 quas
306 4747 355 4804 in
382 4764 703 4821 unoquoque
721 4761 1002 4822 peccatore
1029 4749 1098 4806 de
1133 4749 1308 4806 studio
1335 4750 1487 4805 mala:
1515 4749 1705 4803 volun-

164 4837 262 4892 tatis
287 4839 556 4897 invenerat
582 4843 624 4894 ³.
651 4840 897 4898 Ostendit
941 4843 1120 4914 igitur,
1145 4858 1250 4898 non
1277 4850 1519 4897 naturam
1540 4855 1702 4896 accu-

163 4928 345 4986 sandam
369 4949 509 5002 esse,
540 4933 635 4990 sed
664 4935 855 4990 studia.

217 5021 333 5080 Anc.
350 5023 568 5083 Frustra
597 5035 651 5083 te
678 5041 882 5097 versas,
913 5035 968 5083 et
984 5041 1250 5084 reversas.
1279 5025 1446 5081 Adam
1476 5025 1704 5095 respice,

163 5113 472 5172 etChristum
508 5136 523 5174 :
553 5119 645 5174 ille
671 5119 841 5178 forma
886 5129 968 5176 est
993 5119 1190 5184 I‘uturi;
1232 5134 1339 5174 non
1392 5127 1474 5173 est
1503 5131 1629 5188 ergo
1675 5131 1704 5171 a

161 5208 393 5264 contrario
419 5210 522 5266 iste
549 5211 859 5274 conformis,
886 5211 976 5282 qui
1004 5210 1262 5280 justitiam
1287 5223 1436 5264 suam
1467 5209 1520 5263 in
1546 5221 1706 5262 rena-

161 5307 340 5354 scentes
361 5302 613 5374 parvulos
634 5301 849 5374 trajicit,
876 5302 922 5358 si
945 5310 1220 5372 peccatum
1234 5301 1290 5356 in
1311 5306 1591 5357 nascentes
1615 5297 1708 5354 ille

161 5401 248 5445 non
274 5395 477 5464 trajicit.
1745 5465 1747 5468 q

215 5481 445 5543 CXCVII.
467 5487 588 5544 Jun.
616 5485 922 5558 Subiunxit,
950 5488 1007 5544 in
1052 5501 1118 5545 eo
1146 5498 1402 5558 regnasse
1445 5476 1705 5550 mdrtem,
1751 5489 1755 5492 ‘

160 5570 202 5624 in
228 5591 316 5645 quo
333 5594 502 5634 omnes
529 5587 902 5650 peccaverunt:
925 5593 1030 5650 quo
1055 5592 1324 5644 sermone,
1354 5590 1462 5633 non
1483 5587 1711 5631 nascen-

160 5664 216 5720 tis
240 5669 377 5726 ruina
399 5711 415 5738 ,
461 5669 558 5727 sed
595 5685 761 5742 opera
806 5671 1012 5742 agentis
1030 5670 1052 5704 ³
1075 5683 1330 5742 expressa
1358 5677 1462 5726 est.
1492 5669 1707 5738 Appro-

210 5780 498 5854 ft_ts_.'ttar.,
522 5783 849 5854 percucurrit.

210 5840 374 5915 Ἠλῖ)
396 5838 683 5915 quid
704 5855 890 5915 quoque
918 5851 1189 5908 peccatores
1212 5844 1273 5915 de
1295 5843 1458 5915 studio
1483 5838 1626 5892 malae
1641 5852 1718 5894 vo-

618 5897 929 5972 Qast'igahtur'
943 5919 1006 5957 ex
1024 5897 1376 5972 manuscriptis.

209 5964 228 5997 ³
244 5968 313 6021 sic
333 5975 434 6021 Mss.
451 5975 509 6017 At
530 5965 669 6025 editi,
692 5964 916 6028 cogentis.
1265 5964 1280 5972 '
1399 5969 1404 5974 ’

357 6137 370 6147 .
703 6048 994 6146 ὲυϐυθιδε
1022 6053 1106 6125 χ,
1471 6045 1482 6052 ρ.
1723 6081 1768 6094 ψ

1415 447 1558 509 LIBE
1575 450 1614 504 ιι
1652 447 2021 509 SECUNDUS.

3230 464 3372 531 1226

1799 569 1940 628 havit
1968 589 2028 631 se
2065 573 2241 648 itaque
2269 578 2582 648 pravitatem
2605 595 2851 655 arguere,
2879 602 2980 644 nec
3005 587 3369 647 innocentiam

1797 677 2054 722 saucnare.

1866 756 1999 813 Auc.
2025 756 2081 812 In
2107 759 2198 814 illo
2225 772 2584 830 peccaverunt
2623 779 2831 834 omnes,
2863 767 2916 823 in
2941 785 3046 841 quo
3072 773 3374 828 moriuntur

1797 861 2020 905 omnes:
2053 852 2204 922 cujus
2242 870 2271 908 a
2301 858 2570 912 contrario
2597 857 2769 914 forma
2818 870 2932 926 est,
2964 862 3018 917 in
3050 879 3156 934 quo
3196 865 3373 921 viviti-

1795 953 1984 998 cantur
2013 961 2219 1002 omnes.
2252 948 2396 1004 Sicut
2422 960 2597 1006 autem
2618 952 2669 1006 in
2691 952 2855 1008 Adam
2884 972 3052 1010 omnes
3069 959 3380 1028 moriuntur,

1794 1035 1867 1090 sic
1903 1037 1956 1090 in
1987 1036 2185 1094 Christo
2214 1058 2386 1097 omnes
2429 1043 2811 1113 viviﬁcabuntur
2863 1045 2923 1117 (Ι
2951 1044 3067 1102 Cor.
3099 1063 3169 1102 xv
3193 1089 3208 1115 ,
3234 1047 3306 1102 2‘2.
3337 1049 3377 1118 ).

1797 1123 1948 1193 Quod
1979 1127 2096 1183 ideo
2125 1131 2322 1186 dictum
2343 1143 2446 1201 est,
2476 1135 2596 1204 quia
2618 1135 2756 1190 sicut
2783 1152 2942 1193 nemo
2963 1137 3064 1192 nisi
3089 1155 3183 1208 per
3205 1139 3377 1193 Adam
3419 1121 3423 1124 ’

1800 1217 1972 1287 vergit
1998 1219 2052 1274 in
2085 1231 2308 1277 mortem
2335 1266 2348 1290 ,
2384 1226 2454 1278 ita
2485 1241 2642 1282 nemo
2664 1227 2764 1282 nisi
2796 1244 2890 1298 per
2914 1229 3185 1286 Christum
3204 1232 3374 1300 surgit

1796 1307 1849 1362 in
1878 1308 2057 1364 vitam.
2087 1311 2132 1366 Ο
2159 1313 2318 1370 homo
2346 1315 2435 1386 qui
2459 1316 2592 1372 nihil
2619 1328 2768 1388 potes
2793 1319 2991 1388 dicere,
3034 1336 3218 1392 posses
3265 1322 3378 1376 sal-

1797 1409 1903 1455 tem
1931 1410 2106 1458 tacere
2125 1404 2138 1458 ι

1868 1491 2137 1549 CXCVIII.
2172 1494 2292 1552 JUL.
2340 1497 2470 1554 Post
2498 1499 2600 1557 hoc
2625 1511 2806 1559 autem
2836 1503 3052 1571 intulit,
3103 1521 3270 1575 usque
3309 1505 3376 1561 ad

1796 1584 1968 1655 legem
1999 1601 2250 1658 regnasse
2297 1602 2609 1661 peccatum:
2640 1595 2948 1664 ostendens,
2988 1613 3206 1668 regnum
3254 1614 3380 1668 pec-

1796 1679 1898 1734 cati
1926 1679 2031 1736 lata
2056 1681 2172 1754 lege
2197 1684 2473 1741 cecidisse.

1867 1775 2001 1830 Anc.
2029 1774 2085 1830 Si
2133 1776 2235 1831 lata
2264 1779 2377 1848 lege
2405 1779 2596 1839 cecidit
2624 1797 2843 1854 regnum
2864 1785 3090 1854 peccati,
3123 1799 3250 1856 ergo
3279 1799 3375 1855 per

1797 1863 1967 1935 legem
1991 1866 2194 1936 justitia
2224 1878 2325 1924 est.
2354 1870 2415 1926 Si
2439 1889 2528 1942 per
2553 1872 2710 1944 legem
2721 1877 2924 1947 justitia
2958 1886 3053 1943 est,
3081 1893 3200 1948 ergo
3227 1876 3382 1932 Chri-

1797 1967 1902 2013 stus
1926 1961 2082 2030 gratis
2104 1972 2332 2018 mortuus
2347 1974 2419 2019 est
2443 1963 2635 2037 (Galat.
2660 1969 2715 2034 Il,
2745 1967 2858 2037 21).
2884 1968 3124 2037 Apostoli
3158 1978 3240 2024 est
3270 1985 3372 2024 vox

1797 2051 1898 2108 ista
1921 2093 1936 2119 ,
1963 2070 2069 2110 non
2099 2072 2238 2113 mea.
2267 2057 2382 2113 Jam
2433 2061 2698 2132 erumpite
2745 2062 2798 2116 in
2847 2072 3088 2132 apertum
3113 2105 3128 2130 ,
3176 2063 3377 2120 inimici

1798 2146 1972 2200 crucis
1994 2145 2212 2204 Christi.
2250 2149 2389 2216 Quid
2419 2151 2615 2208 timetis
2659 2169 2907 2225 magnum
2937 2156 3188 2226 populum
3221 2155 3381 2210 Chri-

1801 2237 1889 2305 sti,
1917 2246 1972 2293 et
1998 2235 2198 2295 Christi
2221 2257 2469 2313 magnum
2492 2245 2747 2314 judicium
2781 2261 2884 2301 non
2917 2248 3151 2302 timetis?
3177 2250 3378 2318 Aperte

1799 2329 1980 2398 dicite,
2015 2331 2298 2389 Justilicari
2347 2344 2536 2390 natura
2562 2378 2575 2402 ,
2604 2338 2881 2406 justiiicari
2911 2341 3026 2410 lege
3071 2355 3379 2411 possemus;

1801 2426 1965 2497 gratis
1994 2437 2234 2484 mortuus
2266 2437 2347 2485 est
2380 2429 2645 2486 Christus.
2692 2431 2797 2487 Sed
2823 2433 3167 2489 formidantes
3195 2435 3383 2490 multi-

1799 2518 2037 2574 tudinem
2065 2519 2430 2588 christianam,
2463 2521 2805 2593 Pelagianum
2858 2525 3078 2579 verbum
3121 2525 3382 2594 supporti-

1802 2609 1895 2679 tis,
1922 2620 1976 2667 et
1998 2611 2360 2683 quaerentibus
2407 2629 2438 2668 a
2467 2615 2638 2680 vobis,
2667 2631 2833 2685 quare
2861 2627 3103 2672 mortuus
3130 2618 3190 2672 sit
3225 2617 3385 2671 Chri-

1800 2710 1936 2770 stus,
1979 2703 2026 2757 si
2050 2713 2241 2759 natura
2274 2705 2355 2760 vel
2387 2705 2474 2760 lex
2501 2705 2662 2760 efﬁcit
2696 2708 2906 2776 justos;
2937 2707 3291 2778 reSpondetis,
3321 2708 3388 2764 Ut

1801 2795 1907 2852 hoc
1939 2796 2110 2866 ipsum
2158 2797 2362 2852 facilius
2392 2798 2542 2855 ﬁeret
2572 2816 2584 2853 :
2618 2800 2768 2869 quasi
2791 2808 2994 2870 posset,
3017 2802 3258 2870 quamvis
3284 2799 3388 2856 dif-

1802 2888 1995 2945 ﬁcilius
2031 2890 2147 2945 Ileri
2200 2898 2377 2945 tamen
2406 2933 2422 2958 ,
2454 2893 2568 2948 sive
2620 2909 2714 2963 per
2743 2903 3010 2960 naturam,
3043 2893 3156 2950 sive
3186 2910 3282 2963 per
3306 2895 3386 2950 le-

1800 2995 1942 3052 gem.
1996 2981 2246 3051 Christe,
2299 2983 2587 3053 responde,
2639 2985 2834 3050 vince,
2883 2995 3042 3056 atque
3082 2987 3386 3052 convinee;

1800 3077 1993 3143 clama,
2023 3075 2149 3130 Sine
2178 3093 2256 3130 me
2274 3077 2404 3131 nihil
2432 3078 2636 3148 potestis
2682 3078 2848 3147 facere
2877 3077 3055 3148 (Joan.
3082 3095 3174 3144 xv,
3196 3080 3251 3150 5)
3282 3097 3294 3132 :
3330 3088 3394 3134 ut

1803 3177 2013 3224 taceant
2031 3169 2120 3240 qui
2145 3169 2406 3235 clamant,
2438 3172 2550 3227 Etsi
2576 3171 2864 3239 difficilius,
2890 3182 3063 3228 tamen
3099 3188 3386 3242 possemus

1803 3268 1857 3316 et
1886 3261 2001 3316 sine
2029 3270 2079 3316 te
2103 3262 2277 3317 facere
2308 3278 2328 3317 :
2355 3272 2447 3316 aut
2487 3263 2532 3317 si
2559 3273 2732 3319 tacere
2755 3281 2860 3318 non
2883 3272 3126 3334 possunt,
3153 3280 3211 3319 se
3238 3265 3387 3336 ipsos

1806 3352 1863 3409 in
1888 3351 2117 3410 latebras
2140 3355 2347 3425 aliquas
2366 3355 2578 3422 ducant,
2604 3367 2660 3411 ut
2689 3357 2822 3412 alios
2845 3374 2948 3412 non
2976 3357 3250 3413 seducunt.
3280 3356 3389 3430 Cur

1806 3459 1933 3516 ergo
1964 3444 2038 3500 ait
2065 3447 2373 3517 Apostolus,
2405 3445 2576 3518 Usque
2595 3448 2727 3502 enim
2755 3449 2822 3503 ad
2857 3447 3015 3518 legem
3040 3459 3297 3520 peccatum
3333 3449 3390 3504 in

1833 3540 1993 3593 .undo
2018 3539 2147 3610 fuit;
2171 3539 2273 3594 nisi
2321 3539 2446 3610 quia
2475 3549 2748 3610 peccatum
2793 3542 3008 3597 auferre
3039 3557 3138 3598 nec
3167 3540 3272 3598 lata
3299 3542 3390 3598 lex

1805 3632 2012 3703 potuit,
2045 3633 2137 3688 sed
2163 3633 2252 3689 ille
2282 3632 2348 3688 de
2392 3649 2498 3704 quo
2535 3633 2735 3688 dictum
2777 3642 2880 3700 est,
2910 3633 3045 3690 Ecce
3072 3637 3249 3706 Agnus
3269 3634 3389 3702 Dei,

1807 3742 1920 3782 ecce
1941 3727 2028 3797 qui
2049 3727 2179 3780 tollit
2205 3735 2411 3797 peccata
2433 3727 2610 3780 mundi
2643 3725 2751 3799 (Id.
2780 3743 2818 3793 ι,
2861 3725 3008 3798 29)?

1877 3817 2108 3876 CXCIX.
2125 3817 2245 3875 Jun.
2273 3819 2558 3875 Generatio
2579 3827 2756 3874 autem
2785 3835 2904 3890 quae
2929 3821 3092 3888 caepit
3115 3819 3390 3888 abAdam,

1809 3919 1862 3968 et
1885 3923 2006 3983 post
2027 3911 2199 3983 legem
2222 3921 2498 3981 permanet
2532 3927 2688 3983 :quae
2719 3912 2763 3966 si
2814 3920 2959 3967 esset
2989 3911 3107 3967 fons
3141 3920 3392 3983 peccato-

1808 4019 1926 4060 rum
1977 4012 2030 4059 et
2065 4002 2243 4059 frutex
2292 4003 2512 4071 diaboli,
2554 4004 2692 4058 sicut
2731 4012 2788 4059 tu
2835 4003 3248 4075 argumentaris,
3281 4017 3394 4058 non

1809 4098 1994 4168 utique
2025 4113 2190 4169 usque
2215 4097 2282 4152 ad
2313 4095 2509 4168 legem,
2539 4096 2635 4153 sed
2680 4105 2737 4153 et
2783 4105 2905 4168 post
2945 4097 3136 4168 legem,
3166 4107 3222 4153 et
3275 4105 3398 4168 post

1810 4188 2079 4246 Christum
2119 4188 2222 4246 hoc
2260 4191 2464 4246 crimen
2515 4190 2737 4261 vigeret.
2784 4189 3066 4245 Peccatum
3119 4189 3298 4260 itaque
3327 4187 3398 4246 de

1811 4299 1917 4355 quo
1942 4282 2229 4355 Apostolus
2267 4282 2588 4354 pronuntiat,
2616 4283 2740 4354 quia
2766 4296 2934 4352 usque
2957 4281 3024 4337 ad
3078 4281 3248 4353 legem
3271 4280 3394 4336 fue-

1810 4379 1914 4447 rit,
1945 4393 2044 4434 nec
2072 4376 2304 4448 potuerit
2333 4391 2550 4432 manere
2596 4383 2716 4444 post
2739 4374 2911 4447 legem
2935 4414 2952 4442 ,
2981 4373 3227 4442 actionis,
3279 4387 3388 4429 non

1812 4470 2101 4526 nativitatis
2145 4484 2263 4525 esse
2289 4467 2642 4524 convincitur.

1884 4565 2019 4620 Auc.
2061 4562 2200 4617 Ecce
2225 4570 2408 4631 aperte
2431 4559 2564 4614 dicis
2587 4601 2602 4627 ,
2635 4573 2740 4612 non
2773 4556 2894 4612 ideo
2926 4555 3128 4612 dixisse
3155 4555 3391 4626 Aposto-

1813 4657 1944 4724 lum,
1967 4655 2134 4725 Usque
2155 4654 2222 4708 ad
2241 4653 2400 4725 legem
2419 4659 2676 4723 peccatum
2697 4650 2752 4703 in
2774 4647 2962 4702 mundo
2991 4648 3126 4719 fuit,
3151 4648 3274 4718 quia
3295 4663 3398 4704 nec

1815 4750 1902 4805 lex
1935 4748 2106 4819 potuit
2127 4744 2339 4800 auferre
2372 4753 2646 4814 peccatum
2671 4756 2685 4805 ;
2713 4739 2807 4796 sed
2835 4740 2957 4810 quia
2980 4748 3258 4810 peceatum
3287 4755 3400 4796 non

1813 4845 1986 4917 potuit
2033 4857 2252 4897 manere
2301 4848 2420 4910 post
2466 4838 2635 4908 legem
2669 4854 2681 4890 :
2713 4849 2812 4890 nec
2861 4835 3172 4904 expavescis
3207 4848 3396 4891 vocem

1815 4937 1932 5002 Dei,
1965 4951 2060 5006 per
2085 4933 2358 4990 hominem
2382 4929 2475 4985 Dei
2503 4926 2866 4984 intendentem
2899 4926 2952 4981 in
2976 4923 3249 4982 Christum
3270 4967 3285 4992 ,
3321 4934 3401 4980 at-

1820 5044 1924 5100 que
1945 5027 2240 5090 dicentem,
2283 5021 2413 5076 Ecce
2443 5022 2611 5091 Agnus
2651 5017 2743 5073 Dei
2769 5059 2783 5084 ,
2826 5034 2935 5072 ecce
2957 5018 3043 5086 qui
3069 5017 3199 5075 tollit
3225 5032 3402 5088 pecea-

1817 5132 1921 5177 tum
1946 5117 2123 5175 mundi
2140 5117 2165 5171 ?
2190 5113 2325 5185 Quid
2354 5111 2590 5181 desipis?
2617 5109 2742 5180 quid
2771 5108 3008 5164 insanis?
3037 5108 3153 5163 Non
3183 5115 3393 5174 natura,

1818 5229 1922 5267 non
1953 5212 2072 5274 lex;
2109 5207 2200 5264 sed
2249 5222 2360 5259 ecce
2385 5204 2470 5275 qui
2510 5201 2641 5256 tollit
2671 5212 2930 5271 peccatum
2970 5199 3148 5254 mundi
3180 5214 3197 5252 :
3225 5208 3278 5253 et
3303 5213 3400 5252 au—

1816 5307 1912 5363 des
1937 5305 2138 5370 dicere,
2169 5300 2371 5372 peccati
2421 5311 2644 5367 regnum
2693 5296 2797 5350 lata
2849 5294 2964 5364 lege
3004 5291 3298 5356 cecidisse,
3347 5298 3400 5342 et

1749 5403 1752 5406 ’
1818 5409 1940 5472 post
1966 5398 2136 5466 legem
2177 5407 2283 5448 non
2311 5388 2546 5461 potuisse
2579 5400 2795 5441 manere
2836 5383 3291 5454 peccatum?cum
3318 5379 3400 5433 dis

1819 5502 1906 5552 cat
1926 5488 2233 5562 Apostolus,
2261 5485 2324 5541 Si
2345 5501 2433 5557 per
2458 5483 2615 5554 legem
2634 5479 2856 5550 justitia,
2879 5492 2998 5548 ergo
3027 5474 3255 5562 Christus
3275 5487 3393 5562 gra-

1821 5588 1886 5645 tis
1934 5559 2162 5642 mortuus
2194 5587 2308 5636 est:
2332 5591 2453 5632 cum
2481 5572 2624 5630 dicat
2650 5568 2941 5642 Apostolus
2963 5607 2980 5634 ,
3032 5564 3166 5631 Quia
3212 5561 3267 5616 in
3296 5559 3406 5634 lege

1823 5695 1970 5737 nemo
1999 5673 2313 5748 justiﬁcatur
2341 5667 2538 5739 (Galat.
2567 5681 2648 5730 ιιι,
2677 5661 2771 5733 ii)
2799 5679 2812 5715 :
2839 5673 2960 5716 cum
3005 5653 3405 5748 dicathposto-

1747 5759 1757 5776 ’
1825 5773 1932 5838 lus,
1961 5741 2069 5824 L'ca:
2109 5741 2427 5828 stubintrauit,
2465 5767 2520 5816 ut
2559 5754 2835 5810 abundaret
2867 5748 3107 5804 delictum
3131 5741 3306 5815 (Rom.
3345 5759 3404 5810 v,

1823 5862 1919 5935 20)
1953 5879 1966 5916 :
1993 5873 2115 5915 cum
2141 5855 2284 5912 dicat
2303 5848 2610 5921 Apostolus,
2642 5845 2704 5900 Si
2730 5843 2850 5896 data
2878 5848 3002 5935 esset
3047 5837 3129 5892 fex
3151 5849 3264 5935 quae
3286 5849 3409 5935 pos-

1832 5923 2178 6024 set’tiuiﬁcare
2198 5986 2216 6019 ,
2240 5943 2443 6002 omnino
2468 5956 2531 5996 ex
2551 5941 2657 6008 lege
2694 5943 2820 5990 esset
2833 5932 3035 6005 justitia
3062 5942 3080 5984 :
3106 5924 3194 5982 sed
3213 5923 3411 5979 conclu-

2507 6026 3011 6115 (ﬂente-aeui.)

2161 6121 2174 6133 ι
