3996 6524
506 426 644 488 122⁸⁷

503 548 567 602 sit
592 545 865 615 Scriptura
884 542 1058 597 omnia
1083 542 1176 596 sub
1206 552 1409 613 peccato
1431 582 1448 610 ,
1494 550 1551 595 ut
1595 540 1866 613 promissio
1887 555 1948 592 ea:
1978 538 2082 607 ﬁde

502 636 628 693 λεια
651 633 840 692 Christi
862 635 1069 689 daretur
1095 633 1408 688 credentibus
1438 631 1646 704 (Colat.
1678 647 1756 698 ιιι,
1785 631 1849 687 21
1882 641 1929 686 et
1953 629 2024 684 2‘2.
2046 629 2084 699 ).

506 731 563 786 Si
588 743 747 785 aures
774 727 1004 792 habetis,
1045 741 1138 781 ora
1176 726 1287 797 jam
1317 725 1545 781 claudite
1573 743 1586 779 :
1618 723 1666 780 si
1693 732 1839 787 recte
1879 723 2087 795 aperire

500 835 595 877 ora
619 819 780 875 vultis
804 860 820 886 ,
852 817 1002 890 prius
1041 802 1200 873 aures
1219 816 1414 872 divinis
1448 816 1669 872 vocibus
1693 815 1918 893 aperite.
1947 814 2090 871 Sane

501 912 816 970 memineris
829 920 882 968 te
903 912 1125 979 dixisse,
1142 910 1538 983 generationem
1554 910 1783 982 coepisse
1797 911 1866 967 ab
1888 909 2054 965 Adam
2072 926 2087 977 ;

498 1005 593 1076 qui
622 1004 761 1061 soles
785 1003 966 1061 dicere
989 1046 1006 1074 ,
1034 1003 1432 1076 generationem
1475 1004 1686 1059 nonnisi
1712 1017 1741 1057 a
1768 1002 1976 1063 duobus
2005 1002 2088 1058 in-

495 1101 698 1171 cipere,
729 1110 784 1156 et
810 1098 931 1155 ideo
966 1115 1074 1155 non
1104 1114 1224 1155 eam
1268 1099 1502 1155 voluisse
1524 1096 1751 1175 intelligi
1770 1098 2093 1177 Apostolum

496 1193 645 1249 ineo
685 1203 945 1264 peccato,
995 1193 1137 1265 quod
1176 1208 1276 1269 per
1325 1208 1487 1248 unum
1539 1191 1810 1251 hominem
1859 1192 2089 1257 intrasse

493 1286 633 1341 dixit
670 1286 722 1340 in
750 1287 1026 1343 mundum.
1061 1286 1193 1355 Quis
1222 1294 1273 1341 te
1325 1300 1484 1361 posse
1509 1284 1755 1341 crederet
1803 1283 2086 1351 oblivisci,

494 1380 641 1447 quod
674 1380 831 1436 toties
860 1367 1074 1435 dixeras
1102 1377 1335 1434 falsum?
1357 1378 1462 1435 Sed
1492 1388 1668 1433 tamen
1700 1378 1897 1439 oblitus
1923 1391 2006 1445 es,
2032 1387 2089 1434 ut

495 1472 782 1543 aliquando
829 1472 1037 1528 diceres
1073 1486 1282 1543 verum.
1325 1470 1789 1551 Expergiscere‘;
1839 1468 1962 1531 audi
1995 1467 2080 1523 vel

494 1573 552 1620 te
577 1565 750 1634 ipsum
782 1583 795 1620 :
823 1565 892 1621 ab
918 1564 1088 1619 Adam
1111 1563 1275 1638 coepit
1302 1562 1611 1636 generatio,
1635 1578 1697 1616 ac
1717 1577 1816 1638 per
1845 1560 1968 1627 hoc,
1996 1577 2090 1633 per

495 1658 899 1729 generationem
949 1658 1165 1714 intravit
1211 1667 1531 1728 peccatum,
1580 1658 1721 1729 quod
1781 1673 1875 1731 per
1926 1673 2091 1716 unum

492 1742 768 1799 hominem
821 1741 1039 1798 intravit
1086 1742 1138 1796 in
1172 1741 1428 1797 mundum
1455 1743 1499 1795 ².
1528 1740 1738 1796 Etenim
1775 1749 1833 1795 tu
1864 1740 2085 1811 dixisti,

499 1833 771 1897 (ἕσπεταήο
794 1845 961 1890 autem
987 1849 1100 1904 qua
1116 1833 1264 1904 erepit
1289 1834 1352 1888 ab
1375 1832 1557 1902 Adam,
1586 1842 1631 1887 et
1656 1841 1768 1906 post
1804 1833 1962 1904 legem
1983 1849 2092 1904 per-

492 1937 684 1982 manet.
704 1926 1099 1983 Convenienter
1129 1925 1290 1998 Igitur
1323 1924 1607 1996 Aposmlus
1630 1940 1792 1979 unum
1815 1923 2087 1979 hominem

490 2018 692 2090 posuit,
719 2035 747 2074 a
779 2035 888 2091 quo
915 2028 1188 2090 peccatum
1217 2018 1436 2073 intravit
1456 2017 1509 2073 in
1531 2016 1809 2083 mundum,
1833 2014 1972 2089 quod
1993 2032 2089 2086 ge-

490 2112 771 2169 neratione
795 2109 1128 2177 traheretur;
1161 2124 1269 2165 non
1296 2108 1591 2177 diabolum,
1621 2123 1650 2162 a
1676 2123 1784 2180 quo
1808 2107 1936 2169 illud
1974 2122 2091 2183 pec-

489 2218 669 2264 catum
716 2206 932 2262 intravit
958 2205 1011 2261 in
1038 2203 1319 2271 mundum,
1348 2201 1489 2275 quod
1508 2202 1732 2257 imitatio
1751 2209 2087 2277 sequeretur.

563 2298 668 2355 CC.
701 2298 822 2355 ιω..
870 2288 1148 2354 Ρεεεαῖωη
1184 2306 1371 2364 autem,
1402 2295 1595 2371 inquit,
1634 2311 1736 2349 non
1762 2295 2045 2365 imputatur
2070 2334 2085 2359 ,

486 2407 606 2446 cum
652 2390 737 2448 lea:
779 2403 976 2446 nones!
1013 2389 1189 2460 (Rom.
1220 2405 1271 2456 v,
1310 2386 1398 2461 15)
1425 2406 1439 2442 :
1464 2404 1568 2460 qua
1611 2387 1905 2454 sententia,
1949 2387 2087 2455 sicut

493 2492 551 2541 et
575 2485 826 2539 omnibus
855 2482 1013 2537 dictis
1038 2481 1170 2547 suis,
1198 2480 1504 2552 opinionem
1531 2478 1767 2539 traducis
1794 2479 2084 2553 interemit.

565 2578 701 2633 Anc.
725 2574 891 2631 Plane
916 2590 1037 2631 cum
1087 2575 1171 2630 lex
1199 2588 1307 2629 non
1334 2583 1436 2640 est,
1468 2587 1576 2629 non
1593 2572 1615 2605 ³
1644 2573 1936 2645 imputatur
1956 2588 2087 2653 pec-

488 2677 703 2735 catum;
746 2667 842 2724 sed
876 2667 944 2724 ab
970 2666 1276 2723 hominibus
1299 2708 1315 2733 ,
1360 2665 1450 2739 qui
1483 2664 1850 2721 inscrutabilia
1888 2664 2087 2735 judicia

488 2761 589 2819 Dei
620 2762 884 2818 nesciunt.
926 2758 1061 2817 Nam
1090 2761 1135 2816 si
1165 2761 1302 2817 Deus
1345 2769 1626 2831 peccatum
1659 2775 1766 2821 non
1815 2761 2084 2831 imputat,

490 2866 613 2908 cum
644 2854 729 2909 lex
772 2866 879 2907 non
908 2862 1030 2920 est;
1061 2868 1165 2924 qua
1208 2853 1425 2908 tandem
1452 2852 1666 2923 justiti:
1693 2853 1789 2911 Dei
1836 2852 1925 2927 qui
1971 2851 2095 2907 sine.

490 2945 607 3017 lege
630 2955 1008 3017 peccaverunt,
1037 2947 1153 3003 sine
1176 2947 1294 3019 lege
1322 2944 1576 3018 peribunt
1602 2944 1724 3027 (Id.
1756 2960 1814 3009 ιι,
1849 2944 1980 3019 i2)?

561 3038 692 3096 CCI.
720 3040 841 3096 Jun.
867 3039 1000 3096 Nam
1025 3040 1072 3095 si
1095 3051 1219 3096 ante
1242 3041 1413 3112 legem
1435 3056 1543 3095 non
1574 3040 1833 3111 imputata
1864 3048 1945 3095 est
1963 3054 2089 3112 pec-.

491 3133 597 3188 cati
625 3131 813 3188 tradux
837 3172 853 3199 ,
902 3142 1021 3203 post
1042 3132 1219 3203 legem
1251 3130 1274 3163 ⁸
1307 3140 1487 3186 autem
1513 3147 1617 3186 non
1648 3131 1745 3199 fuit
1767 3174 1782 3199 ,
1813 3147 2087 3209 nunquam

491 3226 712 3281 omnino
740 3240 848 3297 quo
874 3232 1090 3281 noceret
1123 3225 1358 3279 humano
1386 3223 1570 3296 generi
1605 3224 1751 3279 virus
1782 3224 1803 3257 ⁸
1833 3223 2084 3280 obtinuit.

492 3321 632 3374 Ante
662 3319 831 3391 legem
869 3319 1013 3374 enim
1045 3319 1360 3388 imputatum
1403 3333 1508 3373 non
1538 3326 1623 3373 est
1642 3318 1887 3377 naturale
1908 3332 2089 3389 pecca-

496 3418 612 3465 tum
643 3428 656 3465 :
682 3409 781 3465 sub
826 3410 945 3480 lege
990 3409 1308 3480 imputatum
1348 3424 1457 3463 non
1499 3418 1601 3477 est,
1658 3409 1779 3481 quia
1837 3409 1889 3464 in
1924 3400 2088 3463 'nullo

491 3514 728 3571 unquam
752 3497 875 3555 loco
897 3499 1032 3569 legis
1052 3500 1135 3555 vel
1156 3506 1512 3555 monstratum
1534 3499 1638 3555 hoc
1661 3500 1743 3555 vel
1774 3499 2086 3579 imputatum

493 3593 739 3648 docetur.
784 3592 1022 3661 Apparet
1076 3605 1205 3660 ergo
1252 3591 1604 3662 Apostolum,
1647 3600 1919 3660 peceatum
1964 3598 2089 3647 ante

494 3687 669 3757 legem
699 3682 884 3740 liberae
906 3683 1195 3739 voluntatis
1220 3724 1236 3751 ,
1291 3692 1409 3754 post
1434 3683 1604 3754 legem
1629 3693 1807 3741 autem
1833 3683 2087 3765 prtevari-

494 3779 764 3834 cationem
791 3776 1013 3833 totidem
1042 3775 1223 3833 liberae
1248 3775 1539 3831 voluntatis
1568 3790 1810 3848 arguere.

569 3871 706 3929 Anc.
734 3870 791 3927 Si
812 3872 866 3925 in
894 3870 1014 3941 lege
1037 3883 1144 3925 non
1164 3868 1468 3926 ostenditur
1488 3867 1746 3941 originale
1768 3876 2045 3939 peccatum
2069 3910 2087 3939 ,

497 3969 595 4022 cur
629 3979 759 4036 ergo
797 3965 851 4018 in
876 3963 993 4034 lege
1032 3962 1209 4017 anima
1260 3960 1473 4032 parvuli
1499 3969 1689 4017 octavo
1716 3960 1803 4016 die
1831 3976 1939 4023 non
1980 3959 2086 4016 cir-

494 4059 717 4116 cumcisi
747 4056 816 4113 de
855 4070 1054 4128 genere
1076 4070 1175 4111 suo
1219 4054 1363 4111 dicta
1391 4062 1476 4110 est
1501 4054 1721 4110 interire
1749 4052 1899 4128 (Gen.
1930 4068 2044 4109 xvn
2068 4095 2084 4122 ,

498 4152 636 4224 14)?
672 4166 769 4207 cur
826 4149 1028 4206 infante
1070 4157 1198 4204 nato
1223 4189 1239 4215 ,
1285 4145 1609 4203 oﬂ'erebatur
1644 4144 1963 4201 sacrificium
1993 4161 2090 4216 pro

495 4254 726 4317 peccato
769 4242 968 4316 (Leuit.
1010 4255 1110 4309 ιιι,
1142 4240 1176 4295 6
1202 4236 1405 4311 )tJam
1433 4280 1448 4305 ,
1480 4250 1694 4308 quaeso,
1730 4245 1882 4293 tace:
1911 4245 2090 4293 atten-

498 4339 569 4395 de
594 4336 871 4403 infantem,
895 4343 949 4389 et
973 4332 1183 4389 imitare
1218 4344 1326 4386 non
1359 4330 1558 4384 fantem
1584 4328 1627 4382 '.

572 4429 724 4487 CCII.
756 4428 872 4485 Jun.
909 4429 981 4483 Ac
999 4441 1097 4498 per
1116 4425 1238 4489 hoc,
1264 4432 1473 4480 constat
1501 4422 1634 4479 nihil
1660 4438 1782 4480 eum
1805 4421 1873 4480 de
1896 4437 2090 4498 pecca-

494 4531 556 4579 to
587 4521 818 4579 traducis
838 4520 1106 4576 elocutum
1136 4534 1150 4571 :
1178 4531 1299 4588 qua:
1324 4515 1571 4587 quamvis
1614 4515 1831 4587 copiosa
1859 4524 2041 4573 essent
2070 4559 2086 4585 ,

497 4614 567 4669 ad
616 4610 947 4684 probandum
998 4609 1129 4665 nihil
1174 4607 1488 4679 Apostolum
1538 4605 1605 4662 de
1646 4608 1870 4663 naturali
1902 4607 2090 4680 (quod

497 4721 622 4764 esse
649 4720 755 4761 non
779 4712 976 4776 potest,
993 4710 1049 4758 et
1072 4717 1103 4758 a
1123 4699 1429 4758 Manichaeis
1450 4697 1690 4774 tingitur)
1715 4693 1948 4757 sensisse
1976 4717 2114 4797 pecu

498 4806 621 4855 cato
640 4839 653 4863 ,
683 4811 751 4852 ex
775 4793 1096 4851 abundantia
1122 4803 1298 4849 tamen
1315 4793 1476 4850 etiam
1501 4791 1895 4849 distinctionem
1920 4794 2066 4849 iacui

497 4894 660 4957 cavit,
689 4905 797 4946 non
825 4903 1011 4946 omnes
1035 4887 1255 4945 omnino
1276 4887 1407 4943 Adae
1435 4887 1874 4958 praevaricatione
1921 4886 2081 4958 pollu-

499 4996 620 5049 tos;
650 4981 1079 5057 quandoquidem
1108 4982 1269 5038 etiam
1298 4981 1366 5037 de
1396 4980 1480 5038 bis
1500 5021 1518 5050 ,
1550 4981 1605 5037 in
1635 4981 1828 5053 quibus
1857 4995 1954 5050 pro
1981 4979 2089 5035 inl-

500 5080 702 5152 quitate
729 5083 978 5149 regnaret
1006 5074 1275 5144 interitus,
1304 5073 1675 5131 invenirentur
1700 5060 1917 5145 plurimi
1940 5112 1956 5140 ,
1998 5072 2089 5143 qui

498 5190 528 5228 a
558 5170 1003 5244 pratvaricatione
1028 5167 1160 5224 Adae
1183 5167 1505 5223 docerentur
1530 5164 1712 5220 alieni.
1810 5153 1815 5158 ’

573 5266 710 5321 Auc.
755 5261 1096 5323 Calumniose
1119 5302 1137 5330 ,
1178 5258 1457 5331 linguose:
1492 5256 1681 5312 Omnes
1716 5255 1946 5311 homines
1997 5257 2088 5312 sub

564 5380 585 5412 ι
608 5377 880 5439 Menardus,
899 5374 1089 5429 diceres
1111 5385 1295 5439 verum,
1317 5378 1372 5439 et
1393 5368 1770 5439 expergisceres.
1796 5369 2090 5434 vignierius,

500 5439 691 5493 diceres
713 5432 897 5501 certari,
920 5444 967 5491 et
987 5432 1412 5502 expergiscereris.
1453 5432 1509 5484 At
1542 5432 1670 5495 iss,
1696 5432 1885 5484 diceres
1904 5444 2087 5484 verum

500 5513 929 5617 E’i’fM‘a
956 5568 1114 5617 νοτε..
1143 5573 1230 5617 per
1269 5556 1622 5617 generalium
1652 5562 1905 5617 peccatum
1938 5556 2035 5617 intr

564 5562 588 5600 ί
610 5562 715 5616 tts's.
740 5575 850 5617 mar.
876 5570 929 5617 et
956 5568 1085 5615 Port.
1143 5573 1230 5627 per
1304 5562 1622 5633 generationem
1652 5562 1905 5627 peccatum
1938 5562 2091 5621 intra-

500 5625 899 5700 “autumn”!
918 5638 938 5676 ε
961 5596 1153 5700 οωίξᾷἕ
1167 5571 1663 5700 .‘Pﬁ‘ﬁ'sl‘iﬁ’fahg
1681 5689 1785 5700 μω
1942 5695 1963 5700 -
1992 5695 2063 5700 μ,

570 5691 594 5723 ι
616 5690 989 5759 ιιιονιιθεωωιιι
1029 5683 1319 5750 particulam
1354 5683 1658 5739 restintimtts
1678 5683 1967 5743 We
1990 5695 2093 5737 ma-

502 5758 1041 5877 mfaeggwtegm.
1060 5816 1233 5883 Verius
1250 5816 1354 5861 Mss.
1374 5841 1391 5871 ,
1409 5813 1513 5874 post
1529 5807 1698 5877 tegent.

563 5878 592 5911 ⁸
614 5880 764 5926 Vetus
781 5875 941 5926 codex
963 5879 1111 5926 μονα..
1131 5885 1274 5925 utres.

566 5884 764 5926 'Vetus
781 5884 941 5926 codex
963 5884 1274 5935 non.,wes.

566 5938 937 5995 'Iss.llttr.et
965 5935 1506 6004 νοτιμιαιῡιίωωη.

456 6021 500 6032 Ν

1191 424 1438 483 OPERIS
1475 422 1885 481 IMPERFECTI
1925 418 2202 487 CONTRA
2238 418 2597 490 JULIANUM,
2638 418 2697 476 S.
2737 412 3106 477 AUGUSTINI

3645 423 3782 495 i933

2200 546 2403 613 peccato
2438 536 2715 613 nascimur,
2743 552 2957 606 quorum
2984 536 3093 608 ipse
3125 543 3264 603 ortus
3283 533 3339 591 in
3361 534 3481 593 vitio
3510 544 3583 609 est
3615 537 3784 611 (Am-

2195 612 2424 701 brosius,
2466 627 2556 681 lib.
2583 628 2609 683 1
2651 627 2713 681 de
2739 626 3062 697 Paenitentia,
3085 645 3202 700 cap.
3223 626 3260 683 2
3288 627 3365 683 vel
3385 627 3467 697 ὄλ,
3616 612 3747 695 dixit
3767 674 3782 699 ,

2194 719 2521 783 Manichacus
2544 736 2652 777 non
2694 720 2827 786 fuit;
2856 721 2953 785 sed
2980 722 3117 781 sicut
3145 722 3307 780 vestri
3337 721 3573 781 doctoris
3601 724 3786 799 (aiore

2195 812 2441 875 laudatur
2475 855 2490 880 ,
2519 814 2659 879 inter
2688 814 2977 887 scriptores
3006 814 3400 875 ecclesiasticos
3426 814 3529 875 llos
3571 818 3783 891 quidam

2195 907 2472 976 speciosus
2496 908 2707 962 enituit.
2735 907 3015 976 Quomodo
3044 916 3225 967 autem
3262 907 3417 973 dicis,
3449 923 3557 967 non
3600 924 3787 975 omnes

2195 999 2327 1065 Adae
2350 1002 2784 1072 pravaricatione
2807 1002 3056 1072 pollutos,
3081 1011 3158 1071 et,
3189 1001 3333 1074 quod
3356 1001 3515 1074 pejus,
3528 1009 3630 1069 est,
3648 1002 3789 1074 Apo-

2195 1094 2339 1155 stolo
2365 1096 2623 1169 imputas,
2644 1094 2787 1166 quod
2820 1104 2875 1151 tu
2900 1095 3214 1171 insipienter
3235 1094 3414 1165 sapis?
3436 1111 3559 1159 cum
3584 1094 3675 1165 ille
3706 1095 3787 1153 di-

2194 1195 2302 1256 cat,
2331 1187 2581 1262 Regnavit
2601 1204 2737 1251 mars
2761 1188 2824 1257 ab
2848 1187 3014 1245 Adam
3036 1230 3052 1253 ,
3096 1204 3250 1258 usque
3270 1186 3343 1249 ad
3380 1186 3627 1261 Moysen,
3653 1197 3705 1247 et
3743 1188 3789 1247 in

2196 1297 2283 1341 eos
2302 1281 2391 1352 qui
2410 1298 2513 1337 non
2537 1290 2884 1353 peccaverunt,
2914 1282 3104 1343 volens
3133 1280 3359 1352 intelligi
3382 1282 3633 1363 parvulos
3655 1323 3674 1350 ,
3704 1282 3789 1350 qui

2195 1373 2341 1428 nulla
2384 1374 2595 1443 propria
2621 1383 2842 1443 peccata
2873 1371 3116 1435 fecerunt
3145 1391 3158 1428 :
3189 1380 3244 1437 et
3269 1372 3435 1437 addat
3450 1414 3473 1449 ,ς
3507 1372 3563 1435 in
3604 1374 3789 1437 simili—

2196 1465 2371 1519 tudine
2396 1465 2828 1534 prtevaricationis
2857 1464 2983 1519 Ade:
3013 1464 3206 1537 (Rom.
3236 1480 3288 1531 v,
3341 1461 3468 1536 14),
3502 1464 3791 1537 ostendens

2195 1573 2295 1615 cur
2334 1559 2386 1613 in
2418 1574 2515 1619 eos
2548 1559 2851 1630 regnaverit
2872 1574 3049 1617 mors:
3077 1557 3220 1633 quod
3239 1557 3353 1629 iam
3380 1560 3625 1628 superius
3662 1556 3791 1621 satis

2196 1651 2404 1725 egimus
2431 1650 2648 1727 (Supra,
2678 1669 2793 1722 cap.
2829 1650 2980 1721 191).
3013 1650 3295 1725 Quomodo
3324 1651 3475 1713 enim
3496 1668 3586 1721 per
3631 1668 3793 1717 unum

2197 1743 2451 1803 hominem
2479 1755 2740 1815 peccatum
2754 1745 2960 1797 intravit
2985 1745 3037 1801 in
3060 1743 3322 1810 mundum,
3346 1751 3401 1809 et
3422 1760 3509 1814 per
3532 1754 3791 1814 peccatum

2197 1851 2375 1898 mors;
2415 1836 2460 1889 si
2500 1836 2551 1889 in
2581 1836 2788 1906 aliquos
2832 1835 2899 1889 ad
2928 1836 3028 1889 hoc
3063 1836 3219 1890 unius
3250 1834 3485 1890 hominis
3514 1846 3791 1909 peccatum

2196 1940 2302 1979 non
2330 1927 2661 1996 pertinentes
2697 1928 2939 1997 regnavit
2967 1935 3145 1995 tamen
3186 1926 3368 1989 mors?
3406 1926 3464 1993 In
3491 1942 3628 1998 quos
3645 1929 3788 1985 enim

2195 2033 2342 2074 mors
2390 2020 2671 2092 regnavit,
2704 2020 2972 2097 pertinent
3000 2019 3071 2081 ad
3114 2028 3393 2097 peccatum
3417 2036 3512 2091 per
3534 2023 3674 2093 quod
3709 2022 3788 2087 iu-

2198 2111 2354 2168 travit
2385 2130 2397 2165 :
2422 2113 2509 2183 qui
2532 2128 2658 2178 vero
2688 2112 2757 2174 ad
2786 2122 3068 2189 peceatum
3092 2153 3108 2180 ,
3139 2127 3234 2191 per
3271 2111 3414 2187 quod
3452 2127 3601 2179 mors
3624 2113 3791 2183 intru-

2195 2205 2310 2272 vit,
2341 2222 2447 2263 non
2494 2206 2802 2275 pertinent,
2843 2221 2950 2283 quo
3002 2205 3143 2276 iusto
3182 2204 3384 2276 iudicio
3437 2203 3509 2273 ad
3561 2213 3797 2269 mortem

2195 2296 2501 2368 pertinent?
2530 2296 2648 2353 Non
2677 2307 2858 2363 autem
2875 2298 3151 2373 pertinent
3178 2296 3246 2359 ad
3295 2306 3575 2367 peccatum
3595 2339 3613 2367 ,
3644 2297 3795 2371 quod

2194 2404 2291 2461 per
2320 2406 2480 2447 unum
2512 2389 2783 2449 hominem
2830 2390 3047 2455 intravit
3072 2390 3125 2455 in
3156 2389 3417 2457 mundum
3436 2432 3455 2459 ,
3497 2390 3591 2463 qui
3614 2392 3630 2423 ¹
3683 2406 3799 2455 nou,

2195 2482 2250 2538 in
2304 2484 2761 2555 praevaricationis
2807 2484 2955 2541 illius
2997 2483 3347 2553 similitudine
3394 2496 3797 2561 peccaverunt,

2195 2575 2337 2632 sicut
2378 2575 2493 2645 ipse
2519 2575 2699 2631 dixisti
2729 2594 2743 2632 :
2771 2592 2879 2647 non
2920 2576 3081 2647 igitur
3130 2575 3181 2643 in
3223 2590 3319 2639 eos
3346 2577 3591 2648 regnavit
3617 2593 3789 2639 mors.

2193 2667 2331 2741 Quid
2360 2676 2442 2731 est
2464 2683 2611 2749 ergo,
2644 2667 2891 2738 Regnavit
2912 2684 3046 2733 utors
3069 2667 3220 2723 etiam
3241 2668 3294 2722 in
3324 2683 3409 2723 eos
3434 2668 3531 2739 qui.
3548 2685 3653 2725 nou
3675 2686 3791 2745 pec-

2204 2769 2441 2813 cauerunt
2465 2760 2518 2813 in
2544 2760 2878 2823 similitudine
2902 2759 3330 2831 prwvaricationis
3356 2759 3521 2827 Adda;
3542 2761 3647 2825 nisi
3668 2765 3797 2832 quin

2194 2851 2435 2925 regnavit
2452 2866 2596 2905 mors
2621 2859 2675 2906 et
2699 2850 2753 2909 in
2780 2866 2873 2907 eos
2894 2852 2984 2922 qui
3006 2867 3114 2909 non
3136 2860 3517 2925 peccaverunt,
3532 2854 3795 2929 quoniam

2193 2944 2335 2999 nulla
2367 2953 2587 3016 peccata
2614 2944 2828 3015 propria
2859 2945 3281 3005 commiserunt?
3311 2945 3578 3018 Regnavit
3597 2956 3789 3015 autem

2194 3036 2248 3091 in
2275 3036 2625 3092 similitudine
2656 3036 3108 3108 przevaricationis
3135 3037 3295 3104 Adae;
3326 3039 3450 3113 quia
3482 3038 3609 3103 licet
3637 3040 3792 3106 nulla

2195 3129 2294 3200 ipsi
2349 3130 2562 3201 propria
2595 3139 2809 3205 peccata
2850 3132 3255 3199 commiserint,
3303 3132 3573 3205 pertinent
3602 3142 3793 3203 tamen

2192 3221 2261 3277 ad
2288 3231 2564 3293 peccatum
2600 3240 2696 3297 per
2725 3224 2869 3296 quod
2916 3239 3061 3281 mors
3116 3225 3335 3283 intravit
3377 3226 3429 3281 in
3477 3227 3747 3291 mundum
3775 3270 3793 3298 ,

2195 3314 2466 3373 trahentes
2495 3317 2897 3373 similitudinem
2920 3319 3405 3389 pnevaricatioms,
3434 3336 3540 3387 non
3570 3336 3796 3405 prteru-

2193 3407 2507 3464 rieationem
2534 3419 2754 3479 peccato
2782 3410 3000 3481 proprio
3026 3410 3407 3482 perpetrando,
3438 3412 3536 3479 sed
3561 3411 3628 3471 de
3646 3429 3795 3487 pne-

2193 3504 2515 3572 varicatore,
2558 3519 2653 3575 per
2677 3520 2840 3576 quem
2876 3513 3064 3567 natura
3102 3503 3335 3573 humana
3363 3513 3472 3577 tota
3500 3515 3584 3577 est
3627 3506 3798 3566 vitia-

2196 3605 2247 3651 ta
2268 3639 2282 3662 ,
2313 3593 2601 3653 nascendo.

2264 3683 2442 3747 CCIII.
2470 3686 2588 3743 Jun.
2622 3685 2755 3743 Vide
2779 3702 2915 3761 ergo
2936 3696 3115 3751 utrum
3140 3686 3315 3755 adhuc
3338 3687 3557 3759 dubium
3577 3690 3665 3751 vel
3696 3690 3802 3755 tibi

2193 3778 2389 3836 debeat
2413 3795 2534 3835 esse
2562 3779 2702 3852 quod
2733 3780 2960 3837 dicimus
2979 3823 2994 3849 ,
3026 3782 3338 3849 innocentes
3365 3782 3616 3849 videlicet
3661 3796 3801 3853 ante

2194 3871 2428 3953 propria:
2480 3871 2768 3927 voluntatis
2820 3888 3006 3943 usum,
3036 3872 3170 3947 rude
3216 3889 3349 3947 opus
3380 3874 3497 3947 Dei,
3524 3890 3635 3943 non
3665 3892 3802 3949 pee-

2194 3980 2346 4021 casse
2397 3966 2449 4021 in
2490 3966 2691 4034 Adam,
2739 3967 2990 4038 quando,
3037 3968 3296 4038 Apostolo
3331 3977 3484 4038 teste,
3514 3971 3681 4033 etiam
3727 3971 3803 4033 de

2195 4057 2412 4131 iniquis,
2445 4059 2535 4130 qui
2561 4060 2613 4113 in
2638 4058 2985 4133 similitudine
3007 4059 3477 4137 praevaricationis
3500 4060 3635 4131 Adae
3676 4079 3798 4133 non

2194 4150 2548 4222 deliquerint,
2578 4151 2790 4221 plurimi
2815 4165 2937 4207 esse
2965 4150 3278 4208 doceantur.

2266 4245 2403 4300 Ave.
2433 4243 2551 4300 Jam
2583 4258 2899 4314 responsum
2922 4250 3004 4298 est
3032 4260 3044 4296 :
3074 4258 3208 4323 opus
3232 4253 3316 4309 est
3341 4254 3397 4303 ut
3426 4254 3635 4317 taceas;
3662 4261 3800 4317 nam

2195 4353 2303 4393 non
2355 4346 2509 4408 potes
2548 4336 2652 4403 nisi
2695 4351 2949 4409 perversa
2987 4336 3207 4408 dicere,
3250 4339 3495 4413 conando
3541 4340 3807 4410 Apostoii

2194 4432 2357 4499 verba
2388 4440 2714 4504 pervertere.
2746 4430 2843 4491 Ille
2871 4432 3041 4505 enim,
3087 4440 3142 4489 et
3181 4431 3235 4490 in
3276 4449 3372 4507 eos
3399 4433 3490 4507 qui
3524 4450 3631 4499 non
3664 4449 3806 4507 pec-

2195 4532 2471 4593 caverunt,
2500 4523 2552 4580 id
2571 4532 2673 4593 est,
2698 4524 2951 4598 parvulos
2972 4533 3187 4596 peccata
3218 4526 3434 4601 propria
3455 4540 3561 4595 non
3583 4525 3810 4591 habem

2195 4627 2307 4687 tes,
2336 4617 2471 4673 dixit
2508 4627 2685 4672 tamen
2715 4632 2974 4689 regnasse
3013 4627 3243 4687 mortem
3272 4618 3328 4673 in
3375 4617 3811 4687 similitudinem

2196 4711 2653 4783 praevaricationis
2677 4709 2807 4771 Adae
2839 4752 2855 4779 ,
2887 4713 2977 4787 qui
3003 4720 3088 4775 est
3121 4709 3295 4785 forma
3319 4712 3485 4779 futuri
3513 4730 3527 4769 :
3556 4712 3687 4784 quia
3729 4714 3816 4777 ita

2194 4796 2442 4862 Christus
2470 4803 2668 4876 trajieit
2696 4803 2748 4858 in
2776 4818 2871 4867 eos
2902 4802 3187 4873 justitiam,
3228 4805 3367 4879 sicut
3391 4803 3566 4877 Adam
3588 4821 3795 4877 W

2196 4906 2343 4964 tum;
2372 4898 2443 4952 ita
2469 4897 2718 4952 Christus
2745 4894 2911 4950 vitam
2930 4937 2944 4960 ,
2977 4896 3116 4951 sicut
3149 4896 3325 4965 Adam
3354 4906 3604 4965 mortem.
3637 4899 3815 4965 Atio-

2196 4994 2327 5063 quin
2346 5006 2378 5043 a
2402 4989 2575 5044 forma
2628 4987 2829 5059 Christi
2875 4986 3035 5059 alieni
3082 4996 3263 5065 erunt,
3289 4998 3345 5051 et
3369 4988 3651 5061 christiani
3686 5004 3810 5051 non

2196 5094 2354 5151 erunt
2382 5100 2395 5137 :
2424 5079 2567 5154 quod
2610 5078 2829 5155 quidem
2867 5080 3111 5149 sentitis,
3142 5082 3241 5143 sed
3265 5091 3448 5157 aperte
3473 5083 3661 5149 dicere
3684 5084 3818 5153 ἕως

2195 5175 2431 5233 midatis.
3162 5236 3173 5244 ,

2266 5267 2442 5337 CCIV.
2473 5267 2588 5339 lue.
2624 5266 2731 5335 Sed
2758 5268 3033 5343 videamus
3060 5277 3115 5329 et
3138 5277 3356 5333 caetera.
3385 5270 3493 5337 Sed
3517 5288 3622 5337 una
3649 5272 3814 5337 dat:

2197 5361 2455 5429 delictum,
2480 5361 2551 5415 ita
2575 5361 2741 5433 gratia
2768 5376 2786 5414 :
2810 5361 2855 5417 si
2873 5361 3007 5416 enim
3026 5361 3080 5416 in
3101 5362 3249 5417 unius
3265 5362 3450 5417 delicto
3475 5365 3624 5431 multi
3650 5382 3821 5422 mor-

2199 5455 2274 5511 tui
2308 5462 2456 5527 sunt.
2486 5453 2645 5519 multo
2684 5453 2851 5533 magis
2889 5453 3058 5527 gratia
3084 5452 3185 5519 Dei
3222 5462 3271 5511 et
3300 5455 3513 5525 donum.
3534 5456 3597 5519 in.

2197 5548 2349 5607 unius
2367 5547 2581 5619 hominis
2604 5545 2638 5601 .1
2644 5564 2732 5621 esu
2752 5546 2959 5614 Christi.
2972 5547 3027 5615 ia
3046 5547 3214 5618 plum
3239 5548 3511 5617 «enodari!
3532 5548 3727 5621 (Rom.
3753 5570 3823 5625 ν,

2199 5640 2314 5715 15).
2353 5638 2601 5711 Superari
2644 5637 2774 5697 dicit
2817 5638 3018 5707 malum
3062 5638 3245 5711 delicti
3288 5640 3441 5711 copia
3474 5639 3667 5713 gratia
3690 5660 3715 5710 ;
3754 5656 3829 5711 ω

2197 5750 2384 5794 eorum
2409 5734 2499 5805 qui
2529 5734 2800 5791 salvantur
2827 5748 3111 5790 numerum
3143 5733 3270 5804 illis,
3300 5748 3434 5807 quos
3454 5736 3822 5809 prava-ica.

2266 5864 2604 5996 ἱξὶὐέιέίέῖα.
2626 5869 2796 5929 Itelius
2811 5875 2940 5937 Isso,
2966 5871 3068 5936 qui.
