3950 6508
91 354 97 379 ⁸
170 340 290 402 1;Ξ9

93 438 101 453 ’
162 470 291 524 tione
322 462 544 537 periisse
569 465 780 529 asserit,
803 463 1099 537 anteponit.

223 562 355 616 Aac.
398 558 515 615 Jam
564 574 707 630 saepe
744 557 981 614 diximus
1026 575 1039 611 :
1086 573 1190 614 non
1228 558 1329 627 ait,
1361 558 1575 637 Plures:
1609 562 1734 635 sed,

161 654 335 707 mullos
364 668 385 706 :
413 667 531 718 nec,
574 650 738 723 Magis
783 651 1007 719 multos,
1054 651 1169 718 sed,
1221 654 1383 722 magis
1424 654 1740 720 abundavit;

158 743 399 815 quoniam
443 743 496 797 in
535 751 795 797 aeternum
844 743 1034 799 victuri
1074 732 1230 810 ‘sunt,
1263 744 1318 798 in
1355 760 1490 815 quos
1536 736 1743 801 transiit

155 838 245 892 vita
270 834 512 902 Christi;
545 836 737 908 quibus
781 836 847 891 ad
887 843 1098 907 tempus
1139 836 1317 891 nocuit
1358 852 1503 893 mors
1543 837 1597 891 in
1646 853 1739 894 eos

159 928 419 984 transiens
459 943 555 999 per
580 927 751 983 Adam
783 945 795 982 :
827 942 955 983 ecce
988 926 1259 999 quomodo
1289 929 1456 985 multo
1486 928 1655 1000 magis
1684 929 1738 984 in

157 1038 236 1079 eos
260 1021 561 1077 abundavit
580 1022 769 1092 gratia,
800 1035 957 1093 quam
988 1028 1295 1091 peccaturo.

213 1112 367 1169 CCV.
403 1112 525 1169 Jun.
567 1111 620 1168 Si
656 1111 935 1167 veritatem
961 1110 1199 1181 Apostoti
1226 1110 1401 1167 verbis
1432 1110 1669 1167 vindicas
1694 1111 1737 1179 ί,

158 1200 241 1263 nec
279 1221 416 1261 eum
457 1206 801 1276 impudenter
850 1215 1002 1276 putas
1044 1184 1225 1260 fuisse,
1253 1205 1572 1270 mentitum;
1607 1204 1740 1262 doce

156 1299 593 1371 quemadmodum
622 1299 691 1354 de
722 1298 949 1354 naturali
980 1307 1206 1369 peccato
1237 1298 1433 1354 dicenti
1472 1298 1587 1354 hmo
1612 1313 1737 1354 sen-

160 1393 304 1449 tentia
349 1410 463 1449 non
496 1393 716 1448 incutiat
754 1392 979 1465 publicae
1026 1390 1268 1447 falsitatis
1300 1391 1575 1463 pudorem.
1604 1391 1737 1447 Nam

157 1490 194 1542 si
236 1496 384 1543 esset
433 1485 689 1557 originale
732 1494 1041 1559 peccatum,
1082 1483 1225 1555 quod
1271 1499 1484 1540 omnem
1524 1483 1740 1540 omnino

158 1590 387 1655 naturam
427 1579 701 1635 hominum
738 1578 805 1635 ad
841 1578 929 1651 jus
955 1577 1155 1633 diaboli
1204 1576 1405 1634 faceret
1446 1579 1736 1651 pertinere,

158 1674 234 1745 qui
257 1681 375 1728 erat
404 1672 556 1727 locus
593 1670 661 1726 ad
702 1669 1138 1742 aequiparandum
1169 1670 1396 1739 partium
1428 1685 1736 1735 numerum,

158 1780 328 1821 eorum
366 1763 619 1820 videlicet
648 1763 736 1834 qui
769 1762 1061 1827 salvantur,
1088 1768 1142 1816 et
1180 1760 1392 1817 illorum
1434 1761 1524 1833 qui
1566 1761 1734 1815 inter-

159 1858 316 1914 eunt?
358 1857 421 1912 in
472 1856 758 1926 Evangelio
798 1855 1055 1929 Dominus
1091 1870 1214 1911 cum
1241 1854 1517 1911 beatorum
1555 1864 1737 1910 ostena

155 1949 290 2021 deret
313 1951 592 2004 raritatem
618 1966 632 2004 :
659 1948 823 2016 Quam
838 1956 979 2001 arcta
998 1955 1043 2001 et
1064 1955 1298 2018 angusta,
1316 1945 1505 2017 inquit,
1526 1947 1604 2001 via
1627 1961 1739 2017 qua:

152 2041 276 2094 'ducit
298 2039 372 2093 ad
399 2041 573 2107 vitam,
606 2048 649 2093 et
681 2040 829 2110 pauci
851 2030 966 2093 sunt
996 2038 1083 2108 qui
1114 2038 1374 2111 inveniunt
1412 2038 1558 2092 eant!
1588 2054 1739 2108 quant

157 2133 244 2187 lata
267 2141 316 2186 et
340 2131 570 2202 spatiosa
597 2131 678 2186 via
710 2145 822 2201 qua:
856 2130 997 2184 ducit
1027 2130 1094 2183 ad
1119 2128 1483 2201 perditionem,
1515 2143 1564 2184 et
1588 2129 1735 2184 multi

155 2234 255 2280 sunt
280 2226 372 2295 qui
398 2225 591 2279 intrant
617 2240 705 2296 per
728 2239 837 2279 eam
861 2219 1071 2297 (Matth.
1101 2236 1194 2285 vn,
1230 2221 1297 2277 15
1315 2231 1362 2274 et
1394 2221 1484 2290 14)
1509 2223 1522 2275 l

213 2321 342 2374 Anc.
373 2317 492 2373 Hoc
519 2326 605 2373 est
629 2332 736 2387 quo
759 2329 950 2371 sensus
972 2314 1072 2370 iste
1096 2321 1276 2369 vester
1293 2316 1569 2379 evertitur,
1600 2328 1741 2382 quo—

152 2411 277 2468 niam
324 2411 483 2483 pauci
522 2409 762 2480 suntqui
808 2407 1096 2473 salvantur,
1143 2406 1195 2461 in
1225 2421 1413 2461 eorum
1451 2420 1733 2474 compara-

153 2507 282 2563 tione
327 2504 425 2587 qui
464 2511 733 2589 pereunt:
764 2516 886 2556 nam
927 2501 1041 2556 sine
1075 2498 1292 2554 illorum
1336 2497 1739 2568 comparatione

152 2612 236 2670 per
273 2612 336 2654 se
368 2596 520 2667 ipsos
562 2596 723 2651 etiam
761 2591 861 2663 ipsi
903 2590 1056 2647 multi
1095 2597 1221 2645 sunt
1252 2606 1267 2657 ;
1312 2604 1499 2644 eorum
1542 2588 1739 2660 quippe

158 2691 545 2747 multitudinem
595 2688 723 2745 dicit
758 2686 1104 2758 Apocalypsis
1139 2699 1421 2740 numerare
1462 2683 1733 2738 neminem

155 2800 303 2859 posse
333 2784 520 2858 (Apoc.
545 2799 640 2851 vn,
669 2780 749 2855 9).
777 2780 902 2837 ideo
931 2780 1127 2836 Paulus
1153 2779 1197 2835 si
1242 2794 1336 2836 eos
1374 2795 1480 2834 non
1512 2778 1732 2845 multos,

149 2876 240 2933 sed
260 2876 443 2949 plures
471 2874 710 2939 dixisset,
742 2888 846 2929 non
872 2887 1152 2943 possemus
1177 2885 1271 2926 eos
1306 2870 1485 2945 dicere
1508 2870 1728 2941 paucio-

149 2984 274 3034 res;
314 2968 532 3023 verbum
568 2966 712 3021 enim
757 2954 1170 3035 comparationis
1206 2970 1315 3039 est,
1345 2963 1523 3032 plures
1552 2979 1563 3015 :
1593 2962 1734 3033 quod

151 3061 373 3116 verbum
405 3074 494 3113 vos
520 3057 835 3131 supponitis,
859 3071 965 3111 non
995 3054 1282 3126 Apostolus
1304 3054 1470 3124 ponit.
1505 3052 1612 3108 Sed
1637 3068 1737 3109 nec

147 3152 227 3208 sic
255 3150 403 3208 vobis
425 3151 558 3206 ratio
577 3136 844 3206 constabit
873 3167 885 3202 :
910 3156 1086 3204 vestra
1107 3146 1303 3217 quippe
1325 3146 1415 3201 illa
1446 3145 1672 3201 imitatio
1687 3147 1733 3221 ',

149 3262 301 3317 quam
345 3245 499 3301 vobis
543 3243 795 3300 videmini
827 3242 974 3299 velut
1019 3249 1171 3297 acute
1211 3238 1515 3303 invenisse,
1549 3246 1737 3294 contra

149 3339 429 3395 verborum
474 3337 890 3408 apostolicorum
929 3333 1281 3390 clarissimam
1319 3332 1634 3396 veritatem,
1674 3340 1736 3388 ut

149 3446 246 3487 non
274 3446 372 3502 per
396 3420 821 3502 generationem,
851 3425 947 3482 sed
983 3440 1081 3497 per
1123 3423 1471 3479 imitationem
1496 3466 1510 3489 ,
1541 3437 1734 3494 pecca-

149 3525 325 3580 tores’
351 3538 546 3581 omnes
586 3522 654 3578 ad
679 3530 953 3593 peccatum
1002 3519 1157 3590 primi
1200 3517 1433 3574 hominis
1468 3517 1737 3589 pertinere

147 3616 450 3683 credantur,
482 3615 652 3670 multo
680 3614 862 3686 plures
901 3611 1059 3668 unius
1098 3610 1313 3677 delicto,
1362 3611 1445 3666 vel
1489 3611 1558 3666 ob
1579 3610 1736 3667 unius

149 3708 418 3776 delictum,
444 3709 624 3780 perire
649 3707 899 3772 afﬁrmat,
931 3720 1089 3777 quam
1123 3705 1289 3776 gratia
1319 3705 1475 3760 unius
1500 3703 1735 3760 hominis

146 3800 263 3857 Jesu
292 3800 499 3857 Christi
528 3798 763 3856 liberari.
786 3799 917 3867 Quis
939 3797 1083 3853 enim
1111 3812 1217 3851 non
1243 3794 1263 3828 "
1299 3795 1509 3861 videat,
1538 3809 1728 3867 pecca-

148 3902 287 3949 tores
318 3894 498 3984 plures
524 3906 662 3955 esse,
692 3902 849 3963 quam
870 3888 1087 3962 iustos?
1112 3903 1245 3959 quos
1266 3898 1596 3975 peccatores,
1624 3904 1735 3944 non

146 3980 367 4057 aliquos,
409 3986 506 4042 sed
535 3998 748 4051 omnes,
778 3998 886 4038 non
914 3981 1127 4054 quidem
1174 3996 1268 4053 per
1300 3980 1731 4053 generationem,

145 4077 234 4131 sed
264 4086 443 4133 tamen
475 4091 572 4147 per
594 4074 972 4140 imitationem,
1001 4074 1066 4129 ad
1095 4074 1252 4129 unius
1275 4072 1529 4129 delictum
1558 4072 1735 4129 dicitis

145 4172 439 4240 pertinere.
468 4168 575 4225 Sed
614 4167 717 4224 etsi
742 4183 849 4223 non
890 4182 1079 4223 omnes
1106 4175 1435 4238 peccatores,
1477 4164 1573 4221 sed
1615 4174 1735 4222 tan-

146 4275 257 4320 tum
287 4264 730 4337 pnevaricatores
759 4263 911 4335 legis,
948 4270 1167 4335 peccato
1192 4260 1351 4332 primi
1380 4258 1613 4316 hominis
1639 4273 1736 4331 per

143 4358 461 4413 imitationis
490 4356 761 4412 vinculum
792 4354 984 4411 dicatis
1020 4353 1299 4418 astrictos;
1326 4353 1485 4408 etiam
1518 4352 1628 4421 sic,
1670 4367 1736 4407 ex

144 4466 250 4522 quo
278 4452 369 4506 lex
396 4450 491 4506 Dei
520 4463 619 4521 per
638 4449 832 4503 multas
856 4455 1042 4519 gentes
1080 4444 1426 4519 praedicatur;
1457 4459 1610 4516 quam
1633 4444 1738 4497 lata

141 4555 189 4601 et
229 4544 576 4619 spatiosa‘via
605 4552 697 4611 est,
744 4556 856 4612 quia
891 4540 1028 4594 ducit
1069 4538 1138 4593 ad
1171 4538 1458 4604 interitum,
1505 4546 1551 4592 et
1592 4538 1738 4592 multi

143 4640 589 4710 przevaricatores
625 4635 980 4709 ingrediuntur
1016 4649 1105 4705 per
1136 4632 1319 4687 illam!
1352 4648 1500 4704 quam
1526 4641 1667 4686 arcta
1691 4640 1738 4686 et

139 4744 360 4805 angusta
398 4732 481 4787 via
509 4739 585 4786 est
612 4745 724 4801 qua:
751 4729 889 4783 ducit
926 4726 995 4781 ad
1036 4725 1211 4793 vitam,
1249 4733 1296 4781 et
1324 4725 1477 4796 pauci
1500 4731 1616 4777 sunt
1651 4722 1738 4793 qui

140 4824 403 4880 inveniunt
427 4823 579 4880 eam!
604 4822 659 4877 in
694 4818 1095 4891 comparatione
1127 4817 1309 4888 utique
1334 4815 1623 4871 multorum
1649 4814 1737 4883 qui

141 4927 404 4991 pereunt,
429 4917 640 4975 etiamsi
664 4914 848 4987 paucis
881 4912 969 4984 qui
998 4911 1317 4977 liberantur,
1339 4916 1394 4964 et
1418 4905 1622 4978 parvuli
1649 4904 1739 4976 qui

138 4996 403 5085 baptizati
422 5010 723 5066 moriuntur
742 5007 1025 5073 addantur.
1053 5002 1334 5072 Quomodo
1357 5016 1484 5072 ergo
1507 5001 1740 5071 Aposto-

136 5105 221 5161 lus
253 5106 501 5171 diceret,
528 5101 693 5167 Multo
723 5101 890 5172 magis
933 5098 1101 5171 gratia
1148 5096 1240 5151 Dei
1269 5096 1323 5150 in
1361 5094 1542 5166 plures
1568 5092 1741 5149 abun-

135 5197 334 5255 davit?
361 5196 509 5274 quod
537 5211 634 5254 vos
656 5195 862 5269 dicitis,
892 5193 983 5249 ille
1002 5207 1109 5248 non
1136 5190 1271 5247 dixit
1301 5207 1314 5244 ε
1346 5188 1442 5245 sed
1463 5187 1555 5243 ille
1583 5172 1738 5267 utin,

136 5291 323 5349 Nullo
338 5291 502 5365 magis
530 5286 803 5345 abundavit
825 5287 879 5342 in
900 5286 1122 5353 multos;
1147 5283 1270 5356 quia
1303 5284 1463 5337 etiam
1502 5278 1591 5355 qui
1627 5277 1739 5334 sal-

133 5395 366 5455 vantur,
395 5393 457 5441 ut
477 5384 590 5459 jam
628 5382 826 5439 dictum
860 5387 962 5447 est,
989 5378 1043 5434 in
1076 5375 1475 5448 comparatione
1497 5386 1733 5445 pereun-

134 5482 287 5539 tium
329 5478 521 5553 pauci;
550 5477 667 5553 sine
702 5471 1101 5549 comparatione
1139 5482 1319 5527 autem
1363 5469 1597 5533 illorum,
1632 5472 1743 5522 tam

130 5574 312 5634 mnln'
336 5581 483 5643 sunt,
513 5579 574 5635 ut
611 5585 705 5629 eos
742 5567 1022 5643 quisquam
1060 5577 1348 5620 numerare
1394 5575 1502 5618 non
1545 5558 1740 5641 possit.

206 5688 230 5721 ⁸
358 5692 469 5737 Uss
489 5690 549 5737 At
563 5683 830 5747 nmmos.
851 5683 995 5745 verba
1024 5674 1259 5747 nam.
1284 5675 1574 5749 νίειιίθνίυει
1598 5670 1745 5727 verba

200 5814 231 5883 Ῐ
256 5819 323 5883 89
835 5804 1093 5883 Ἦῗηάθδῗτ

202 5874 231 5906 -
354 5866 468 5940 uss;
492 5866 628 5934 uno.
646 5866 940 5940 βεξεριυνίες.

136 6000 171 6009 ᾔ
200 5943 233 5973 δ
255 5935 503 5992 Penicule
522 5932 804 6008 neganspic
824 5932 1044 5985 restituta
1064 5938 1129 5981 ex
1153 5932 1261 5980 Itis.
1326 5996 1329 5999 ν

863 6036 898 6057 η

1506 346 1706 404 LIBER
1743 347 2114 409 SECUNDUS.

3290 382 3428 437 L50

1846 470 2006 526 Mulio
2032 475 2197 543 magis
2223 478 2396 530 autem
2430 478 2480 532 in
2522 495 2615 536 eos
2641 484 2871 543 abundat
2908 490 3105 560 gratia;
3138 494 3260 563 quia
3294 506 3428 552 tem-

1845 563 2099 655 poralitcr
2121 579 2217 635 per
2246 567 2436 633 Adam,
2468 571 2658 628 misere
2685 587 2845 647 atque
2879 558 3173 655 inertaliter
3200 586 3385 642 vivunt

1846 668 1938 723 per
1984 654 2250 711 Christum
2293 675 2420 714 vero
2468 661 2792 736 beatissime,
2827 676 2882 724 et
2908 650 3038 757 sine
3084 674 3189 731 line
3229 650 3422 733 victuri

1844 757 1987 800 sunt.
2019 747 2248 804 Turbata
2290 761 2372 806 est
2401 762 2580 810 vestra
2617 755 2851 814 inventio
2897 747 3062 857 {iam
3092 766 3303 822 tandem
3340 768 3425 823 in-

1844 838 2010 892 tentio
2036 842 2351 913 corrigatur.
2832 838 2835 841 λ

1911 930 2083 987 CCVI.
2115 933 2231 990 JoL.
2266 935 2378 993 Hoc
2394 955 2587 1025 nempe
2611 942 2754 1015 quod
2781 945 2979 1013 dicitis,
3004 950 3198 1007 multos
3221 960 3276 1008 et
3297 969 3426 1025 pau-

1839 1036 1955 1092 cos,
1988 1025 2055 1081 ad
2102 1031 2450 1122 quantitatem
2480 1033 2739 1092 inﬁnitam
2771 1026 3040 1121 pertinet;
3078 1026 3333 1122 quoniam
3370 1048 3423 1101 in

1842 1118 2238 1185 comparatione
2284 1130 2493 1191 mutua,
2541 1134 2632 1183 aut
2666 1112 3428 1205 multitudo‘invenitur,"aut

1844 1209 2096 1304 paucitas.
2128 1212 2418 1272 Conferens
2455 1219 2634 1292 itaque
2664 1222 2803 1304 Deus
2840 1228 3163 1304 multitudini
3203 1210 3431 1304 percuti;

1844 1301 1972 1357 tium
2008 1317 2100 1359 eos
2139 1306 2228 1376 qui
2256 1308 2497 1366 salvandi
2526 1323 2671 1383 sunt,
2709 1298 2909 1388 paucos
2946 1298 3045 1379 eos
3073 1298 3284 1381 vocavit
3324 1300 3437 1385 :“et

1844 1394 1929 1487 hic
1972 1398 2257 1468 Apostolus
2298 1403 2580 1462 conferens
2627 1392 2841 1482 bisqui
2886 1412 2957 1487 ita
3005 1426 3320 1487 peccassent
3371 1398 3437 1474 uti

1840 1485 2033 1559 Adam,
2067 1489 2186 1545 illos
2221 1507 2357 1593 quos
2393 1497 2558 1574 salvat
2591 1498 2789 1559 Christi
2826 1485 3026 1578 gratia,
3056 1510 3223 1566 multo
3246 1511 3437 1603 plures

1841 1590 1962 1631 esse
1987 1583 2310 1648 pronuntiat.
3248 1580 3267 1603 τ
3356 1580 3359 1585 ’
3392 1582 3399 1589 “

1912 1669 2046 1725 Anc.
2088 1670 2201 1727 Non
2242 1679 2548 1745 pronuntiat
2590 1682 2788 1753 plures,
2838 1686 2933 1751 sed
2980 1689 3199 1747 multos.
3241 1692 3430 1753 Graece

1840 1758 2043 1863 locutus
2068 1769 2170 1863 est:
2194 1773 2388 1828 πολλοὺς
2415 1767 2566 1835 dixit,
2594 1787 2698 1839 non
2723 1762 2963 1842 πλὲιστους
2986 1798 2999 1834 :
3031 1780 3171 1853 lege,
3200 1756 3435 1863 et

1910 1847 2105 1907 CCVII.
2134 1851 2162 1908 J
2167 1869 2251 1909 UL.
2278 1856 2473 1923 Assere
2493 1877 2619 1933 ergo
2635 1863 2737 1925 hoc
2754 1879 2973 1945 peccato
2986 1847 3398 1945 Manichaeorum

1841 1942 1893 1998 id
1922 1951 2021 2011 est,
2056 1947 2289 2004 traducis
2310 1956 2620 2013 convenire,
2754 1919 2779 1938 τ
2910 1919 2935 1945 κη
2968 1940 2973 1949 ,
3198 1919 3425 1971 κίνει-..πη

1908 2035 2043 2092 Anc.
2086 2037 2340 2098 Doctores
2360 2044 2626 2113 catholici,
2660 2065 2765 2107 non
2790 2053 3066 2114 Maniclnei
3092 2060 3425 2147 deceptores,

1839 2127 2085 2234 dixerunt
2122 2145 2308 2199 omnes
2344 2137 2396 2190 iu
2427 2138 2595 2195 Adam
2628 2158 2875 2211 peccasse
2904 2166 2918 2203 :
2954 2149 3028 2205 illi
3057 2150 3159 2208 hoc
3176 2126 3429 2235 dixerim;

1840 2219 1926 2316 qui
1957 2221 2333 2316 intellexerunt
2359 2228 2692 2310 Apostolum,
2724 2237 2866 2309 quod
2893 2256 2987 2297 vos
3013 2246 3217 2316 negatis
3243 2219 3430 2316 contra

1838 2311 2335 2425 Apostpllum.lErgo
2354 2328 2408 2374 et
2433 2335 2528 2377 vos
2546 2323 2861 2419 deceptores
2888 2332 3016 2407 estis
3044 2353 3059 2390 :
3085 2311 3262 2407 et’vos
3281 2312 3431 2425 eniml

1840 2403 1979 2459 sicut
2002 2405 2297 2475 Manichaei,
2329 2411 2421 2466 sed
2448 2398 2661 2472 diverso
2686 2398 3179 2490 inorbo,insaniti's.

1910 2499 2129 2593 CCVlll.
2160 2501 2278 2567 JuL.
2317 2505 2451 2573 Nam
2485 2511 2527 2564 si
2550 2511 2975 2593 universitatem,
2997 2534 3157 2591 quam
3186 2522 3431 2593 fecundi-

1840 2598 1923 2647 tas
1952 2591 2180 2669 humana
2208 2598 2446 2666 protulit,
2471 2617 2634 2685 regno
2666 2606 2868 2675 diaboli
2891 2592 3163 2680 peccatum
3189 2591 3434 2685 natura-le

1845 2686 2456 2784 transcripsittetinde
2484 2679 2803 2771 in'extrema
2850 2710 3007 2778 uitato
3036 2706 3219 2763 mundi
3261 2679 3429 2784 aliqui

1841 2775 2049 2833 liberati
2078 2779 2465 2881 per-Christum
2503 2796 2787 2859 putantur;
2814 2775 2933 2867 quae
2959 2775 3159 2878 veritas
3186 2809 3303 2873 est,
3336 2775 3430 2881 aut

1840 2882 1960 2967 quae
1989 2872 2278 2967 auctoritas
2310 2875 2426 2946 ejus
2456 2878 2715 2951 magistri,
2747 2883 2839 2967 qui
2866 2874 3053 2944 contra
3084 2900 3191 2947 tam
3219 2872 3427 2967 clarum

1842 2960 2203 3065 testiinonium
2238 2966 2399 3022 totius
2431 2970 2632 3038 mundi,
2675 2954 2819 3030 dicit.
2849 2976 2906 3031 in
2949 2981 3127 3049 plures
3165 2954 3431 3065 justitiam

1840 3051 2149 3155 abundasse.
2183 3059 2624 3155 quameulpam?
2650 3061 2790 3141 Quid
2827 3046 2964 3155 ergo
3005 3072 3058 3135 ei
3098 3046 3335 3153 creditur

1840 3143 2094 3253 involutis
2117 3138 2452 3225 dogmatibus
2476 3138 2782 3222 disserenti,
2814 3138 2861 3213 si
2885 3138 2953 3215 de
2977 3163 3136 3219 rebus
3163 3142 3275 3241 tam!
3308 3138 3419 3261 per.

1838 3239 2038 3347 spicuis
2072 3242 2391 3347 mentiatur?
2411 3245 2564 3315 Quod
2594 3249 2717 3331 quia
2742 3252 2945 3321 sentire
2977 3236 3289 3330 sacrilegum
3316 3236 3422 3347 est,

1919 3340 2095 3431 “Nam
2122 3332 2227 3390 diei
2249 3335 2440 3411 dogma.
2462 3316 2925 3417 tlllllll‘comlllllil.
2959 3316 3418 3431 honorevAPtlﬁiiiE

1836 3422 2249 3482 Manichaeorum
2275 3428 2449 3486 vilitas
2470 3412 2798 3507 conteratur.
2826 3412 2831 3415 ’
2914 3412 2917 3413 ν
3232 3412 3250 3423 ’
3404 3412 3418 3431 ’
3453 3470 3457 3499 ι

1910 3518 2045 3617 Anc:
2100 3517 2209 3575 Vos
2245 3521 2746 3617 potiu‘shperspicua
2793 3529 3036 3605 nubilare
3077 3536 3425 3615 contenditis,

1837 3624 1942 3669 non
1966 3610 2138 3715 solum
2167 3608 2271 3667 non
2299 3608 2646 3715 intelligendo
2670 3619 2812 3701 quod
2840 3622 3131 3715 Apostolus
3156 3610 3308 3703 dixit,
3333 3646 3453 3715 ve-Q

1838 3715 1957 3756 rum
2008 3702 2173 3779 etiam
2226 3706 2480 3763 mutando
2523 3717 2577 3764 et
2619 3712 2973 3782 supponenda
3011 3716 3153 3793 quod
3193 3719 3284 3776 ille
3320 3702 3431 3793 non

1838 3794 1991 3850 dixit.
2020 3795 2206 3897 Plures
2230 3800 2373 3854 enim
2400 3817 2507 3871 non
2531 3801 2664 3867 dixit
2692 3802 2801 3873 ille,
2829 3804 2925 3862 sed
2950 3792 3150 3897 multos
3177 3830 3192 3866 :
3224 3814 3315 3897 qui
3346 3822 3429 3881 ta.

1838 3903 1965 3944 men
2006 3889 2189 3958 multi,
2232 3892 2383 3962 pauci
2429 3892 2793 3966 inveniuntur,
2833 3877 3045 3974 quando
3084 3877 3430 3974 perculitibus

1838 3989 2234 4079 comparantur.
2274 3984 2651 4079 Calumniose,
2700 3987 2973 4067 frontose,
3024 3997 3273 4079 verbose,
3326 3976 3429 4079 hoc

1837 4068 1972 4126 dixit
2004 4073 2309 4142 Apostolus,
2346 4076 2485 4148 quod
2525 4078 2784 4147 intellexit
2818 4083 3151 4155 Ambrosius,
3183 4074 3277 4162 qui
3314 4068 3425 4162 non

1838 4172 1953 4219 erat
1986 4163 2310 4222 Manichmus
2348 4186 2361 4223 :
2394 4166 2582 4225 Omnes
2619 4172 2845 4230 homines
2883 4176 2976 4231 sub
3015 4152 3218 4249 peccati;
3261 4152 3431 4241 nasci-1

1839 4272 1972 4323 mur,
1999 4273 2212 4329 quorum
2260 4260 2368 4332 ipse
2390 4274 2530 4329 ortus
2553 4264 2606 4319 in
2635 4266 2753 4321 vitio
2779 4279 2852 4323 est
2882 4267 3199 4343 (Ambrosius
3218 4317 3234 4342 ,
3275 4277 3363 4334 lib.
3387 4280 3415 4335 1

1840 4348 1903 4402 de
1924 4347 2246 4419 Ptenitentia,
2282 4344 2396 4429 cap.
2426 4353 2462 4408 2
2490 4355 2567 4425 νει
2604 4357 2679 4429 ὅ).
2715 4358 2852 4415 Audi
2882 4361 3049 4433 (sicut
3087 4380 3210 4425 eum
3238 4368 3422 4437 lauda-

1840 4441 1912 4496 vit
1943 4442 2193 4514 magister
2221 4444 2361 4515 tuus)
2393 4446 2578 4503 ﬂorem
2608 4450 2907 4519 speciosum
2932 4470 2948 4518 ;
2975 4464 3031 4521 et
3055 4455 3122 4512 de
3150 4465 3241 4514 tuo
3264 4460 3429 4519 corde

1840 4532 1995 4588 istam
2023 4534 2293 4604 spinarum
2335 4534 2746 4608 deformitatem,
2777 4540 2878 4598 hoc
2897 4552 2979 4601 est
3008 4543 3149 4602 fteda
3177 4552 3425 4619 acumina,

1840 4625 2097 4712 improbae
2123 4628 2502 4697 contentionis,
2533 4631 2725 4688 evelle.
3260 4612 3265 4619 τ
3362 4610 3367 4617 Α
3414 4610 3421 4627 ’

1911 4708 2088 4821 CClX.
2116 4718 2233 4821 «illi...
2276 4719 2399 4821 lion
2421 4708 2677 4821 mentitur
2699 4724 2983 4796 Apostolus
3013 4746 3030 4784 :
3057 4744 3185 4803 ergo
3214 4732 3270 4788 in
3313 4734 3432 4821 plu-

1841 4825 1929 4885 res
1961 4809 2247 4865 abundavit
2275 4808 2471 4867 Christi
2496 4812 2687 4883 gratia,
2720 4831 2879 4886 quam
2905 4818 3038 4881 Adae
3065 4822 3242 4894 culpa,
3272 4808 3428 4896 cujus

1841 4903 2136 4961 imitatione
2164 4902 2419 4960 dicuntur
2455 4919 2709 4983 peccasse
2743 4908 2834 4980 qui
2874 4909 2975 4966 sub
3015 4911 3133 4983 lege
3175 4930 3433 4985 peccave.

1842 5006 1965 5051 runt
1991 5013 2004 5049 :
2046 4994 2145 5050 sub
2171 4994 2288 5075 lege
2314 5005 2492 5052 autem
2522 5012 2687 5068 usque
2709 4996 2776 5054 ad
2804 4998 3075 5057 Christum
3101 5002 3273 5063 Judaei
3316 5021 3432 5064 tan-

1845 5086 2118 5145 tummodo
2157 5077 2518 5159 deliquerunt.
2557 5086 2755 5146 Confer
2778 5107 2908 5166 ergo
2933 5093 3211 5153 Iudaicam
3254 5101 3432 5156 natio-

1844 5197 1967 5238 nem
1982 5181 2170 5275 solam,
2190 5181 2437 5275 perfectae
2462 5182 2901 5275 duntaxataetatis
2919 5188 3019 5243 sub
3038 5188 3157 5262 lege
3180 5192 3432 5275 positam,

1843 5282 1900 5331 et
1927 5290 2022 5347 per
2048 5272 2150 5330 hoc
2173 5275 2226 5329 in
2257 5274 2659 5331 similitudinem
2686 5279 3136 5348 przevaricationis
3162 5283 3291 5339 Adae
3307 5272 3434 5359 pec;

1843 5374 2077 5431 cantem,
2106 5364 2198 5438 qui
2224 5375 2442 5438 accepta
2464 5366 2583 5438 lege
2605 5368 2868 5440 peccavit,
2897 5384 2963 5426 ac
2982 5371 3054 5428 de
3092 5373 3433 5433 multitudine

1844 5468 2153 5529 vocatarum
2193 5457 2432 5531 gentium
2487 5474 2583 5541 per
2627 5460 3064 5533 praedicationem
3103 5463 3380 5548 Evangelii
3408 5506 3427 5535 ,

1845 5566 2032 5629 eorum
2056 5549 2221 5625 millia
2241 5551 2330 5633 qui
2347 5552 2530 5624 gratiae
2554 5560 2680 5625 sunt
2698 5551 3016 5625 liberalitate
3034 5556 3219 5614 salvati
3244 5574 3258 5612 :
3281 5566 3438 5617 tune-

1846 5663 1953 5725 que
1990 5646 2252 5721 intelliges
2286 5648 2583 5739 apostolum
2611 5647 2831 5719 Paulum
2868 5665 2996 5707 vere
3038 5652 3435 5727 pronuntiasse,

1848 5738 1917 5817 ad
1944 5740 2125 5816 plures
2148 5738 2372 5815 gratiam
2402 5739 2497 5797 Dei
2525 5750 2582 5809 et
2604 5739 2803 5815 donum
2827 5743 2845 5776 ι
2875 5740 3005 5823 Iesu
3024 5741 3223 5817 Christi
3246 5761 3438 5837 perve-

1925 5925 1944 5958 ι
1962 5923 2098 5982 editi
2123 5920 2401 6007 et
2426 5929 2671 5999 corrupte.
