3950 6476
441 431 583 499 1231

446 554 613 618 niese,
638 558 798 620 quam
824 539 1135 596 societatem
1163 522 1614 603 praevaricationis
1639 518 1891 587 antiquae.

522 603 677 699 Atia:
695 636 831 693 Cum
853 628 1139 702 Apostolus
1166 620 1436 679 invenitur
1464 630 1573 671 non
1601 611 1782 685 plures
1807 603 2027 667 dixisse,

450 735 548 797 sed
568 694 783 797 inultos,
818 694 934 782 tui}
971 720 1132 791 hujus
1159 711 1455 788 argumenti
1485 704 1730 764 machina
1755 708 1866 756 tota
1901 694 2032 752 sub-

451 787 679 887 vertitur
710 839 723 875 :
752 787 996 891 quamvis
1030 787 1138 867 non
1168 787 1269 863 soli
1293 801 1496 866 Judaei,
1525 796 1664 852 sicut
1702 790 1797 847 tibi
1836 787 2032 859 placet,

451 917 553 978 sed
569 928 756 974 omnes
777 905 1212 983 praevaricatores
1230 911 1352 955 esse
1369 888 1726 963 reperiantur,
1753 880 1844 953 qui
1864 880 2039 983 legem

455 1023 583 1067 cum
623 1007 741 1079 ipso
778 967 1072 1069 Iivaugelio
1119 984 1467 1062 praedicatam'
1496 971 1895 1052 praevaricando
1947 967 2042 1024 da-

460 1059 810 1159 mnabiIiores
830 1059 965 1146 fiunt
987 1105 1002 1143 :
1024 1059 1269 1159 qua—libus
1309 1068 1802 1151 praevaricatoribus
1824 1107 1841 1133 ,
1869 1059 2044 1141 ,simul

459 1207 587 1249 cum
613 1186 828 1249 Ιιιάωἰε,
860 1183 933 1238 ita
974 1155 1164 1250 plenus
1203 1181 1287 1230 est
1315 1168 1580 1233 mundus,
1610 1170 1670 1217 ut
1710 1160 1764 1215 in
1808 1155 2044 1211 omnium

380 1300 403 1339 Α
461 1245 861 1353 comparatione
886 1245 994 1329 sini
1016 1268 1189 1341 pauci,
1211 1264 1301 1336 qui
1325 1257 1560 1332 parvulis
1579 1264 1789 1326 quoque
1813 1245 2049 1349 baptiza-

461 1377 534 1434 tis
567 1337 759 1429 additis
786 1337 1107 1429 liberantur;
1137 1358 1281 1431 quod
1308 1363 1362 1411 et
1391 1347 1743 1421 responsione
1777 1337 2051 1434 superiore

464 1460 867 1536 comprehendi.
908 1430 1196 1512 Evidenter
1243 1454 1431 1504 contra
1479 1454 1578 1497 vos
1619 1437 1816 1492 clamat
1856 1430 2052 1536 Doctor

466 1517 740 1620 Gentrium,
771 1549 918 1607 Sicut
934 1546 989 1601 in
1018 1543 1183 1598 Adam
1209 1553 1379 1595 omnes
1398 1532 1703 1595 moriuntur,
1734 1525 1806 1578 ita
1828 1523 1885 1576 in
1907 1517 2055 1574 Chri-

470 1657 547 1705 sto
586 1616 761 1700 omnes
797 1626 1183 1707 viviﬁcabuntur
1211 1630 1265 1703 (ι
1294 1628 1414 1685 Cor.
1440 1641 1532 1697 xv,
1554 1618 1648 1693 22)
1684 1637 1698 1674 :
1739 1616 1830 1687 qui
1869 1626 2055 1668 omnes

473 1754 585 1795 non
614 1733 803 1807 pauci,
830 1731 926 1787 sed
950 1727 1106 1785 multi
1139 1733 1284 1782 sunt.
1323 1722 1402 1777 Ac
1450 1732 1543 1788 per
1582 1714 1716 1779 hoc,
1748 1707 1901 1764 multi
1945 1718 2060 1759 mo-

469 1794 683 1889 riuntur
710 1829 762 1883 in
785 1794 976 1889 Iidem,
1002 1820 1158 1877 multi
1183 1812 1589 1873 vivificabuntur
1617 1806 1670 1860 in
1689 1801 1932 1859 Christo:
1964 1794 2061 1853 sed

471 1925 653 1996 plures
675 1918 974 1976 moriuntur
1000 1915 1056 1969 in
1083 1911 1276 1975 Adam,
1306 1919 1463 1977 quam
1490 1903 1546 1957 in
1571 1896 1787 1955 Christo
1814 1890 2055 1947 vivifica-

472 1984 709 2073 buntur:
740 2011 918 2082 plures
932 2008 1111 2074 itaque
1128 2001 1197 2059 ad
1221 2000 1360 2056 illius
1388 2002 1639 2059 mortem,
1665 1988 1735 2044 ad
1755 1984 1911 2055 hujus
1936 1996 2063 2082 vero

473 2107 661 2172 vitam,
686 2070 1088 2172 comparatione
1113 2094 1323 2149 illorum
1340 2085 1614 2159 pertinent
1641 2077 1952 2151 pauciores;
1971 2070 2067 2127 sed

474 2167 915 2265 etiam'ipsor-um
943 2204 1041 2261 per
1064 2200 1122 2241 se
1159 2184 1304 2254 ipsos
1332 2194 1396 2236 ea
1434 2184 1519 2233 est
1555 2167 1860 2234 multitudo,
1908 2176 2069 2233 quam

476 2258 761 2349 numerare
807 2258 966 2340 nemo
995 2277 1166 2351 possit
1191 2274 1390 2346 (Apoc.
1412 2284 1510 2335 vn,
1532 2265 1627 2336 9).
1650 2258 1789 2331 Quid
1811 2264 1895 2313 est
1918 2268 2067 2351 ergo,

482 2382 671 2439 Omnes
710 2379 767 2432 in
798 2374 1000 2432 Christo
1023 2343 1432 2437 viviﬁcabuntur,
1466 2357 1569 2414 nisi
1596 2354 1721 2425 quia
1749 2363 1907 2406 nemo
1933 2343 2072 2402 vivi-

482 2475 751 2538 ﬁcabitur,
769 2468 872 2524 nisi
893 2468 955 2523 in.
976 2462 1109 2519 illo?
1127 2457 1293 2529 Cujus
1327 2454 1408 2511 rei
1438 2446 1842 2508 similitudinem
1868 2438 1938 2496 de
1957 2452 2073 2493 ma-

479 2569 650 2640 gistro
678 2563 832 2635 posui
866 2560 1197 2619 litterarum;
1225 2550 1269 2606 si
1298 2561 1437 2604 unus
1464 2544 1536 2602 sit
1572 2544 1626 2597 in
1648 2538 1881 2602 civitate,
1906 2548 1938 2588 a
1970 2544 2076 2603 qus

481 2629 560 2715 ibi
589 2629 832 2713 dicantur
859 2662 1048 2706 omnes
1073 2646 1278 2701 litteras
1304 2639 1543 2702 discere,
1584 2648 1692 2689 non
1734 2629 1857 2701 quia
1888 2638 2078 2681 omnes

484 2749 733 2815 discunt,
763 2742 858 2800 sed
883 2741 1006 2813 quia
1031 2752 1188 2795 nemo
1212 2731 1318 2791 nisi
1366 2729 1436 2786 ab
1475 2728 1591 2798 ipso
1623 2722 1733 2797 (De
1762 2717 1990 2815 Nuptiis
2031 2723 2080 2769 et

488 2812 924 2910 Concupiscentia,
978 2831 1066 2888 lib.
1107 2829 1165 2894 2,
1185 2844 1240 2882 η.
1265 2822 1381 2895 45).
1413 2820 1583 2888 Quam
1611 2812 1939 2871 locutionem
1980 2818 2082 2863 nec

488 2905 709 2992 tentasti
754 2928 1022 2993 refellere,
1056 2921 1182 2994 quia
1222 2915 1402 2975 vidisti
1445 2926 1567 2970 esse
1608 2905 1963 2971 rectissimam
1982 2941 1997 2967 ,
2029 2905 2085 2954 et

492 3025 744 3083 omnibus
764 3028 968 3077 notam.

572 3115 730 3175 CCX.
749 3114 870 3171 Jun.
889 3107 1147 3182 Exposita
1163 3101 1482 3160 liberalitate
1505 3094 1713 3168 gratiae,
1731 3091 1786 3147 in
1807 3086 2085 3144 hominum

494 3212 819 3272 salvatorum
848 3204 1001 3278 copia
1022 3244 1039 3270 ,
1060 3205 1338 3270 comparat
1360 3193 1560 3278 donum
1581 3195 1743 3278 atque
1764 3187 2083 3278 peccatum:

496 3260 556 3357 ei
960 3260 1037 3344 ad.
1053 3260 1268 3340 laudem
1292 3277 1455 3344 doni,
1489 3272 1717 3346 applicat
1740 3264 1883 3337 quod
1906 3260 2089 3318 multis

498 3386 817 3448 vulneribus
854 3397 961 3439 una
1000 3378 1197 3434 virtute
1240 3370 1558 3431 medicetur,
1600 3362 1668 3418 Et
1709 3376 1813 3416 non
1841 3357 1969 3411 sicut
2003 3367 2093 3425 per

499 3498 684 3549 unum,
713 3476 904 3547 inquit,
937 3479 1215 3543 peccatum,
1245 3466 1320 3520 ita
1342 3470 1390 3518 et
1415 3460 1628 3515 donum.

574 3543 712 3628 Anc.
755 3543 859 3622 tier
891 3579 1050 3620 unum
1073 3566 1381 3634 peccantem,
1403 3550 1577 3615 dixit;
1604 3562 1744 3613 non,
1784 3543 1889 3600 Per
1928 3554 2095 3596 unum

503 3670 785 3738 peccatum
812 3675 828 3715 :
855 3664 916 3714 ut
937 3632 1083 3727 quod
1098 3649 1294 3708 deinde
1311 3645 1476 3709 dicit,
1503 3640 1537 3698 J
1543 3640 1769 3695 udicium
1793 3652 1858 3691 ea:
1881 3649 1983 3690 uno
2002 3632 2095 3686 de-

508 3757 629 3813 licto
656 3755 713 3809 in
740 3747 1210 3808 condemnationem
1225 3783 1242 3808 ,
1269 3737 1484 3796 nonnisi
1508 3734 1655 3792 illius
1679 3732 1836 3788 unius
1861 3741 2095 3799 peccan-

510 3849 583 3906 tis
631 3847 736 3904 hoc
777 3844 1029 3901 delictum
1073 3835 1243 3909 possit
1266 3830 1508 3902 intelligi.
1539 3823 1695 3895 Quod
1745 3820 1963 3894 quidem
2001 3833 2099 3875 vos

511 3954 624 3996 non
658 3935 822 3993 vultis
870 3950 885 3988 :
917 3929 1015 3988 sed
1057 3926 1184 4000 quid
1226 3921 1415 3979 facturi
1461 3919 1628 3984 estis;
1668 3910 2101 3987 quandoquidem

514 4032 622 4089 hoc
649 4028 784 4085 dixit
810 4022 1117 4096 Apostolus,
1147 4018 1308 4074 etiam
1328 4010 1634 4070 nolentibus
1653 4004 1836 4062 vobis?
1865 3999 2102 4071 Corrigi—

514 4120 652 4181 mini
676 4133 805 4191 ergo
831 4091 989 4173 z-non
1024 4112 1167 4168 enim
1198 4105 1404 4163 habetis
1429 4102 1518 4159 hic
1544 4096 1691 4155 aliud
1711 4138 1726 4165 ,
1758 4093 1902 4167 quod
1930 4091 2105 4148 facere

516 4212 777 4274 debeatis.

590 4301 771 4364 CCXI.
799 4300 921 4358 JUL.
954 4295 1094 4352 Nam
1109 4290 1363 4365 judicium
1403 4301 1467 4342 ea:
1506 4299 1607 4338 uno
1644 4280 1697 4336 in
1730 4273 2107 4333 condemnatio-

520 4414 676 4465 nem;
699 4396 864 4469 gratia
887 4399 1056 4446 autem
1093 4401 1156 4441 ea:
1190 4380 1360 4437 multis
1399 4376 1594 4432 delictis
1620 4374 1674 4428 in
1693 4367 2111 4444 justiﬁcationem

525 4455 794 4566 ᾇίοιίιίν,
818 4483 913 4555 16)
946 4500 960 4536 :
1003 4478 1057 4535 id
1094 4484 1197 4545 est,
1241 4477 1459 4543 peccata
1504 4463 1719 4537 quidem
1767 4474 1888 4530 qua:
1929 4455 2113 4527 gravia

524 4550 668 4649 sunt,
692 4550 853 4638 etiam
872 4550 1076 4644 singula
1101 4572 1325 4640 possunt
1353 4561 1602 4619 sufficere
1620 4555 1690 4611 ad
1718 4550 2115 4609 accusationem

528 4688 583 4737 et
602 4672 1003 4735 damnationem
1021 4668 1043 4699 ⁸
1066 4676 1305 4720 reorum.
1410 4688 1435 4705 .

601 4734 742 4829 Anc.
781 4766 959 4834 Quare
982 4757 1164 4816 dixisti
1187 4751 1391 4826 gravia,
1423 4745 1567 4819 quod
1592 4758 1699 4798 non
1725 4737 1860 4795 dixit
1884 4734 2118 4806 Aposto-

528 4868 635 4932 lus,
677 4859 780 4917 nisi
802 4855 927 4928 quia
962 4849 1142 4907 vidisti
1166 4890 1181 4914 ,
1209 4846 1254 4902 si
1281 4855 1447 4898 unum
1477 4836 1730 4894 delictum
1755 4829 1871 4885 leve
1894 4826 1981 4893 sit,
2009 4838 2120 4878 non

531 4916 783 5018 sil-dicere
808 4916 876 5006 ad
913 4944 1342 5004 damnationem,
1372 4934 1439 4991 de
1469 4947 1573 5004 qua
1615 4921 1965 5018 loquebatur?
2001 4916 2122 5018 Non

532 5063 664 5122 ergo
690 5062 759 5104 ex
786 5051 1122 5115 quocumque
1151 5048 1257 5088 uno
1284 5027 1669 5098 cujuscumque
1697 5014 1893 5071 delicto
1922 5009 2123 5066 esthoc

529 5108 824 5217 judicium;
852 5132 949 5190 sed
975 5146 1042 5187 ex
1069 5141 1174 5183 uno
1195 5123 1286 5179 illo
1306 5118 1524 5179 delicto,
1545 5108 1686 5181 quod
1708 5108 2002 5206 factumest
2028 5114 2125 5169 per

533 5194 702 5294 imum
740 5234 1071 5303 peccantem,
1101 5218 1155 5273 id
1178 5223 1281 5279 est,
1308 5210 1500 5276 Adam,
1523 5201 1782 5275 judicium
1815 5194 1964 5251 estin
1990 5206 2125 5248 con-

536 5286 957 5386 demnationem.
986 5286 1063 5369 Et
1074 5310 1251 5367 adhuc
1270 5307 1579 5375 pervertere
1604 5301 1747 5350 recta
1781 5289 1942 5345 verba
1977 5286 2125 5355 Apo-

533 5418 657 5476 stoli
688 5414 869 5477 vultis,
900 5422 969 5462 ne
999 5410 1174 5459 vestra
1194 5410 1312 5468 quae
1335 5402 1585 5463 perversa
1603 5393 1728 5441 sunt
1745 5375 2058 5450 corrigatis?

610 5469 815 5569 CCXII.
846 5469 967 5559 IUL.
999 5493 1181 5553 Gratia
1232 5499 1411 5544 autem
1464 5497 1573 5538 non
1615 5477 1805 5538 eodem
1856 5469 2130 5530 confertur

540 5564 725 5667 modo,
753 5605 812 5653 ut
844 5587 1076 5665 peccatis
1113 5595 1266 5653 aeque
1306 5576 1520 5634 admota
1563 5569 1784 5642 singulis
1825 5564 2016 5624 crebro
2043 5576 2131 5618 re—

541 5659 758 5765 petatur
778 5706 792 5742 :
816 5659 913 5742 sed
931 5677 1106 5737 infusa
1131 5671 1299 5731 semel
1328 5683 1435 5727 uno
1459 5662 1669 5723 virtutis
1691 5675 1804 5719 suae
1829 5659 2032 5730 impetu
2046 5663 2131 5710 at-

540 5751 649 5859 que
697 5774 1017 5852 compendio
1062 5770 1276 5829 diversa
1330 5772 1387 5823 et
1430 5760 1658 5835 plurima
1697 5757 1843 5819 delet
1884 5751 2128 5811 crimina.

607 5895 922 5955 tamtum-
945 5895 1075 5955 ψει,
1101 5882 1200 5955 τιάοῄ
1350 5946 1383 5955 ί,
1439 5943 1476 5955 ,.
1506 5933 1711 5955 “wn.

604 5962 631 5998 ι·
650 5937 1074 6015 votaea"
1087 5946 1407 6029 maereant.
1429 5943 1478 5998 et

1131 410 1376 473 OPERIS
1413 397 1825 465 IMPERFECTI
1861 390 2135 453 CONTRA
2170 382 2530 447 JULIANUM,
2572 379 2631 437 S.
2670 370 3040 434 AUGUSTINI

3576 350 3723 414 1232

2136 504 2261 562 Ideo
2280 503 2378 571 ait,
2401 516 2467 558 ea:
2493 498 2664 553 multis
2683 493 2878 552 delictis
2896 493 2951 546 in
2961 485 3378 564 justiﬁcationem
3404 498 3424 536 :
3450 479 3505 536 id
3524 486 3632 545 est,
3657 492 3727 534 ex

2135 595 2318 655 multis
2342 569 2552 650 delictis
2575 590 2831 646 liberatos
2870 582 3115 641 homines
3139 578 3205 635 ad
3228 574 3453 650 gloriam
3481 569 3731 644 perducit

2135 685 2527 762 justifieationis
2563 682 2806 739 indultae.
2834 677 2951 732 Non
2978 689 3105 747 ergo
3130 671 3217 727 hic
3245 685 3407 725 unum
3436 664 3571 721 Adae.
3597 676 3730 735 pec-

2140 757 2341 850 catum,
2363 788 2423 835 ut
2444 774 2754 848 suSpicaris,
2777 769 3051 839 intelligit;
3084 763 3184 820 sed
3208 761 3276 818 ad
3304 761 3407 815 hoc
3425 757 3605 814 solum
3629 769 3733 809 nu-

2144 890 2350 932 merum
2378 870 2613 928 admovit
2644 867 2802 923 unius
2826 874 2882 921 et
2908 862 3158 934 plurium,
3192 854 3335 912 utad
3366 851 3584 908 laudem
3608 864 3735 919 gra-

2144 969 2235 1025 tia:
2273 966 2596 1037 respiceret;
2625 961 2748 1032 quia
2788 953 3151 1025 non‘quoties
3191 957 3471 1021 peccatum
3498 943 3569 999 ab
3603 957 3738 997 uno-

2148 1075 2358 1132 quoque
2384 1054 2687 1112 mortalium
2714 1049 2905 1113 fuerat,
2938 1045 3094 1101 toties
3116 1042 3279 1098 etiam
3307 1042 3741 1109 frequentaretur

2149 1127 2339 1226 gratia,
2361 1148 2512 1221 quasi
2543 1144 2860 1217 baptismata
2898 1138 3103 1211 singula
3128 1135 3231 1193 nisi
3256 1132 3492 1206 peccatis
3516 1127 3745 1200 singulis

2153 1262 2261 1302 non
2292 1244 2495 1316 possint
2523 1237 2748 1295 mederi.

2226 1313 2365 1395 Anc.
2387 1335 2465 1390 Ita
2491 1333 2595 1388 hoc
2614 1330 2870 1401 loqueris,
2892 1325 3043 1397 quasi
3066 1321 3261 1379 dixerit
3278 1317 3591 1391 Apostolus,
3611 1313 3750 1371 Gra-

2156 1430 2231 1486 tia
2256 1436 2433 1484 autem
2465 1422 2635 1480 semel
2659 1437 2727 1477 ex
2752 1418 2934 1495 multis
2956 1415 3166 1472 delictis
3191 1414 3246 1469 in
3280 1408 3746 1482 justiﬁeationem.

2158 1521 2274 1578 Non
2304 1519 2409 1575 hoc
2431 1516 2566 1597 dixit
2588 1534 2602 1569 :
2625 1511 2844 1569 attende
2888 1509 3031 1581 quod
3073 1507 3233 1574 dixit,
3276 1513 3330 1561 et
3361 1501 3575 1572 corrige
3604 1496 3751 1569 quod

2159 1612 2361 1670 dixisti.
2395 1592 2591 1673 Gratia,
2618 1606 2809 1677 inquit,
2838 1619 2901 1657 ea:
2930 1600 3099 1655 multis
3125 1597 3321 1653 delictis
3339 1596 3392 1650 in
3416 1592 3754 1668 justi/icatio-

2162 1721 2299 1761 nem.
2326 1702 2463 1772 Quid
2492 1701 2597 1756 huc
2623 1697 2875 1769 pertinet,
2905 1693 3047 1764 quod
3077 1690 3242 1747 semel
3272 1699 3329 1745 et
3354 1685 3514 1744 simul
3544 1682 3761 1739 unicui-

2165 1812 2269 1868 que
2294 1795 2473 1851 omnia
2500 1791 2838 1848 dimittuntur
2881 1787 2935 1842 in
2979 1782 3292 1855 Baptismo?
3328 1780 3519 1836 Nonne
3562 1786 3624 1833 et
3670 1775 3763 1830 illa

2169 1885 2566 1950 condemnatio,
2597 1882 2664 1938 ad
2686 1896 2845 1953 quam
2868 1877 3131 1950 judicium
3157 1873 3403 1946 perducit
3430 1880 3762 1934 extremum,

2167 1978 2351 2052 procul
2370 1975 2534 2033 dubio
2553 1973 2721 2030 semel
2748 1972 2828 2040 fit,
2852 1968 3089 2025 omnium
3117 1981 3236 2037 quae
3261 1962 3489 2019 remissa
3514 1975 3626 2016 non
3647 1956 3767 2014 fue-

2170 2049 2278 2129 rint
2332 2066 2711 2142 peccatorum?
2757 2064 2826 2119 Et
2869 2062 3037 2132 magis
3084 2059 3201 2130 ipsa
3242 2054 3517 2111 damnatio
3569 2049 3766 2115 semel,

2170 2179 2331 2236 quam
2355 2160 2600 2219 remissio
2626 2166 2968 2230 peccatorum
2995 2168 3092 2225 per
3115 2150 3341 2223 gratiam
3362 2146 3565 2204 Christi
3596 2143 3770 2200 semel

2174 2256 2253 2312 fit.
2285 2253 2549 2324 Quoniam
2578 2250 2624 2307 si
2652 2258 2774 2323 post
2800 2248 3128 2318 Baptismum
3174 2242 3402 2314 quisque
3439 2236 3767 2309 peccaverit,

2175 2365 2285 2406 non
2312 2347 2500 2403 eadem
2546 2353 2672 2401 sunt
2708 2348 2961 2414 peccata;
2987 2337 3084 2394 sed
3121 2352 3217 2408 per
3261 2331 3507 2390 eamdem
3540 2331 3774 2401 gratiam

2176 2439 2521 2514 peccantibus
2541 2438 2920 2500 remittuntur;
2946 2446 3052 2486 non
3074 2427 3265 2496 semel,
3296 2440 3397 2481 nec
3424 2421 3652 2493 septies,
3681 2417 3777 2475 sed

2179 2511 2341 2591 etiam
2385 2530 2687 2602 septuagies
2729 2525 2926 2598 septies
2971 2522 3184 2591 (Matth.
3230 2533 3394 2588 xvm,
3422 2514 3541 2588 ἥ).
3567 2511 3777 2570 Eadem

2180 2625 2351 2699 gratia
2388 2621 2626 2695 quotidie
2665 2618 2888 2676 dimittit
2933 2614 3212 2671 orantibus
3250 2612 3412 2667 etiam
3459 2605 3777 2680 quotidiana

2182 2724 2421 2788 peccata,
2449 2729 2572 2769 cum
2609 2711 2795 2767 dicunt
2814 2751 2831 2777 ,
2862 2708 3073 2762 Dimitte
3097 2703 3238 2759 nobis
3262 2702 3427 2756 debita
3452 2708 3672 2763 nostra;
3694 2710 3780 2751 ve-

2185 2808 2381 2866 raciter
2405 2805 2681 2869 addentes,
2713 2803 2843 2858 sicut
2872 2809 2917 2855 et
2940 2815 3030 2853 nos
3047 2795 3345 2851 dimittimus
3361 2788 3674 2848 debitoribus
3692 2803 3783 2842 no-

2185 2904 2305 2959 stris
2334 2900 2445 2971 (Id.
2476 2915 2558 2965 v1,
2584 2896 2705 2967 12).
2737 2894 2919 2952 Gratia
2946 2907 3074 2964 ergo
3098 2905 3166 2946 ex
3204 2887 3387 2943 multis
3413 2884 3651 2949 delictis,
3672 2881 3784 2936 sive

2188 2997 2396 3068 singula
2430 2995 2484 3050 in
2524 2982 2769 3064 singiilis,
2798 2989 2911 3044 sive
2935 2987 2991 3042 in
3018 2983 3336 3057 quibusdam
3367 2993 3561 3052 pauca,
3588 2977 3650 3033 in
3669 2975 3785 3047 qui-

2188 3088 2414 3145 husdam
2434 3085 2663 3159 plurima
2684 3081 2971 3145 invenerit,
2998 3079 3112 3134 sive
3130 3092 3250 3148 qua:
3274 3084 3399 3129 ante
3422 3072 3784 3144 Baptismum,

2190 3182 2306 3238 sive
2324 3196 2443 3252 quae
2472 3187 2655 3249 postea
2674 3173 3103 3239 committuntur,
3126 3178 3181 3226 et
3202 3165 3536 3240 paenitendo,
3554 3161 3785 3228 orando,

2192 3276 2565 3346 eleemosynas
2588 3268 2766 3326 dando
2794 3275 3074 3330 sanantur,
3106 3263 3162 3318 in
3181 3258 3631 3333 justificationein
3662 3254 3788 3309 mit-

2197 3369 2280 3436 tit,
2319 3381 2455 3437 quos
2492 3380 2524 3420 a
2566 3361 2909 3419 damnatione
2952 3357 3143 3412 liberat
3183 3371 3197 3406 :
3239 3352 3357 3407 hzec
3398 3349 3544 3405 enim
3583 3346 3789 3411 omnia,

2196 3462 2311 3532 ipsa
2332 3467 2460 3515 sunt
2480 3457 2665 3523 multa,
2710 3469 2779 3510 ex
2817 3452 3013 3524 quibus
3069 3447 3252 3504 multis
3290 3445 3551 3517 justilicat
3596 3439 3790 3511 gratia.

2197 3553 2328 3624 Quze
2352 3552 2397 3606 si
2420 3566 2527 3606 non
2552 3546 2851 3613 subveniat,
2882 3543 3121 3614 profecto
3148 3539 3310 3596 etiam
3338 3552 3404 3593 ex
3431 3549 3542 3591 uno
3568 3533 3795 3599 delicto,

2199 3623 2310 3702 non
2335 3642 2478 3715 quod
2500 3640 2775 3712 proprium
2799 3636 3027 3709 quisque
3051 3629 3357 3695 committit,
3377 3627 3482 3684 hoc
3502 3624 3655 3682 enim
3677 3623 3800 3679 loco

2201 3751 2313 3793 non
2339 3733 2465 3790 inde
2492 3730 2811 3803 loquebatur
2837 3724 3147 3798 Apostolus,
3178 3721 3275 3776 sed
3306 3717 3450 3791 quod
3488 3731 3587 3788 per
3631 3727 3801 3770 unum

2203 3835 2516 3901 peccantem
2543 3822 2764 3879 intravit
2787 3819 2841 3875 in
2864 3816 3145 3884 mundum,
3167 3814 3274 3869 itur
3293 3813 3349 3868 in
3368 3807 3801 3871 damnationem;

2205 3900 2310 3978 hoc
2352 3920 2496 3976 enim
2529 3915 2821 3988 Apostolus
2861 3909 3262 3968 evidentissima
3291 3903 3579 3976 expressit.
3615 3900 3806 3970 Neque

2208 4013 2352 4069 enim
2391 4011 2466 4065 ait
2492 4009 2630 4066 sicut
2668 4016 2745 4072 tu,
2795 4003 2915 4060 Non
2953 4002 3090 4058 sicut
3131 4014 3229 4071 per
3272 4011 3438 4052 unum
3475 4000 3803 4065 peccatum;

2208 4114 2463 4175 tanquam
2489 4098 2755 4171 singulum
2782 4096 3041 4168 cujusque
3065 4092 3253 4148 volens
3284 4087 3510 4159 intelligi
3534 4104 3548 4139 :
3570 4083 3677 4141 sed
3707 4083 3807 4149 ait,

2214 4195 2336 4251 Non
2356 4195 2485 4249 sicut
2510 4208 2598 4264 per
2625 4206 2785 4245 unum
2807 4196 3115 4259 peccantem.
3143 4181 3306 4254 Aperi
3335 4181 3545 4246 oculos,
3570 4185 3629 4235 et
3653 4177 3811 4246 lege;

2215 4296 2271 4343 et
2288 4284 2398 4342 noli
2424 4294 2676 4353 tanquam
2703 4279 2859 4336 caecis
2882 4276 3025 4333 aliud
3055 4290 3152 4347 pro
3177 4273 3281 4329 alio
3311 4271 3451 4327 velle
3476 4281 3812 4340 supponere.

2286 4376 2510 4435 CCXIII.
2554 4375 2675 4432 Jun.
2715 4373 2821 4430 Sed
2866 4371 2969 4428 hoc
3014 4368 3223 4425 curavit
3274 4365 3580 4437 exprimere
3613 4362 3816 4426 :Cum,

2216 4474 2413 4547 inquit,
2438 4480 2659 4544 peccata
2686 4467 2894 4539 singula
2919 4479 3043 4521 reos
3069 4477 3197 4520 suos
3222 4460 3494 4518 lethaliter
3516 4455 3817 4513 vulneras-

2219 4577 2359 4629 sent.
2385 4560 2843 4621 innumerabiliter
2868 4557 3145 4615 confossos
3185 4553 3433 4610 homines
3479 4550 3600 4606 haec
3644 4548 3822 4619 gratia

2221 4658 2477 4732 singulari
2500 4666 2553 4714 et
2578 4655 2745 4712 semel
2774 4652 2967 4709 tradita
2991 4651 3191 4705 virtute
3214 4646 3464 4703 salvavit.

2292 4754 2426 4809 Auc.
2459 4750 2563 4806 Per
2585 4763 2743 4803 unum
2771 4753 3078 4818 peccantem,
3101 4740 3270 4806 dixit;
3295 4739 3385 4795 ubi
3414 4736 3587 4794 Adam
3618 4734 3826 4791 intelli-

2222 4847 2365 4918 gitur
2393 4863 2406 4898 :
2436 4856 2543 4897 non
2568 4855 2661 4910 per
2686 4853 2852 4893 unum
2877 4844 3176 4907 peccatum,
3204 4832 3294 4887 ubi
3317 4840 3374 4886 tu
3394 4831 3587 4885 ’verbo
3614 4836 3829 4883 mutato

2226 4946 2384 5008 atque
2412 4932 2707 5005 supposito,
2739 4932 2820 4985 vis
2844 4927 3064 4999 intelligi
3096 4926 3308 4997 singula
3341 4923 3710 4995 singulorum.

2298 5027 2524 5087 CCXIV.
2550 5025 2667 5082 Jun.
2700 5024 2759 5079 Si
2798 5023 2933 5078 enim
2954 5021 3015 5075 ob
3043 5020 3193 5074 unius
3213 5018 3454 5072 delictum
3479 5031 3619 5087 mors
3639 5030 3836 5084 regna-

2227 5126 2294 5180 uit
2319 5140 2407 5196 per
2432 5137 2623 5187 unum;
2654 5117 2814 5173 multo
2854 5115 3014 5186 magis
3051 5112 3138 5180 qui
3173 5108 3543 5165 abundantiam
3567 5106 3759 5178 gratia:
3790 5112 3838 5159 et

2231 5217 2420 5272 donum
2452 5212 2667 5283 justitiaz
2691 5207 2966 5278 accipiunt,
2993 5206 3045 5258 in
3074 5204 3174 5259 vita
3212 5200 3495 5272 regnabant
3533 5214 3627 5268 per
3668 5211 3840 5250 unum

2190 5322 2195 5325 ‘
2230 5310 2405 5365 locum
2429 5304 2684 5361 Christum
2708 5300 2885 5372 (Rom.
2903 5314 2960 5367 v,
2987 5298 3102 5369 17).
3128 5296 3536 5365 Consequentcr
3550 5288 3699 5361 quod
3722 5303 3842 5344 ca:-

2235 5403 2312 5473 pit
2331 5398 2561 5455 afﬁrmat
2582 5413 2595 5449 :
2618 5394 2752 5451 duas
2778 5392 2920 5449 enim
2941 5388 3120 5461 posuit
3147 5386 3467 5451 sententias,
3495 5382 3717 5452 utrique
3742 5394 3843 5435 vo-

2235 5494 2353 5551 lens
2379 5489 2666 5549 convenire
2685 5484 2825 5557 quod
2853 5485 2909 5541 in
2932 5484 3039 5540 line
3054 5480 3352 5552 subjunxit.
3367 5478 3476 5535 Per
3493 5491 3667 5533 unum
3685 5475 3843 5531 enim

2237 5586 2327 5660 qui
2353 5584 2454 5642 fuit
2488 5582 2660 5640 forma
2683 5577 2907 5652 peccati,
2939 5583 2995 5632 et
3022 5575 3080 5631 in
3104 5572 3261 5644 cujus
3301 5568 3663 5627 similitudine
3687 5581 3846 5637 pra:-

2237 5679 2541 5753 varicantur
2588 5673 2688 5730 sub
2733 5671 2851 5742 lege
2899 5674 3207 5740 peccantes,
3253 5660 3567 5735 pronuntiat
3600 5669 3849 5730 regnare

2301 5794 2322 5826 ι
2353 5800 2439 5842 mc
2464 5786 2704 5863 medius
2726 5783 2976 5838 exciderat
3009 5778 3241 5846 partiam
3282 5787 3490 5842 negans,
3522 5784 3640 5839 qu
3673 5778 3763 5825 est
3794 5771 3854 5826 il

2241 5857 2589 5915 manuscriptis.
3008 5896 3013 5901 ,

2307 5920 2329 5952 ι
2361 5923 2413 5970 In
2434 5922 2563 5981 uss,
2582 5920 2682 5969 tuo.

2240 6032 2283 6073 Γ..
