3950 6470
1373 351 1402 365 τε
1418 350 1456 367 1..
1612 356 1622 360 ,
1681 349 1729 359 ,μιν

176 443 327 503 1233

175 569 452 630 mortem;
490 568 546 616 et
591 573 688 632 per
722 571 887 614 unum
915 571 1138 630 regnare
1168 556 1221 612 in
1248 556 1356 612 vita
1384 555 1766 611 abundantiam

175 666 434 724 quosque
461 652 644 726 gratiae
679 659 1014 717 consecutos,
1039 665 1158 722 qua:
1187 648 1355 722 gratia
1378 649 1626 704 virtutem
1650 647 1769 702 imi-

175 744 430 802 tantibus
462 744 695 815 prodest.
724 742 840 800 Nou
862 742 1121 799 remansit
1147 756 1274 812 ergo
1301 740 1368 796 de
1390 754 1498 794 uno
1522 739 1766 811 quaestio,

175 839 300 913 quia
334 841 444 896 hoc
469 839 610 911 quod
636 837 902 894 subditum
937 847 1050 892 est:
1075 850 1170 891 eos
1197 834 1445 891 videlicet
1473 835 1529 890 in
1553 834 1659 888 vita
1683 848 1773 889 re-

175 947 370 1006 gnare,
407 933 502 1004 qui
552 929 931 986 abundantiam
977 928 1161 999 gratiae
1221 926 1576 998 perceperint,
1609 924 1770 981 etiam

174 1025 420 1102 primum
467 1025 597 1082 illud
636 1024 884 1091 absolvit,
914 1030 972 1078 ut
1005 1036 1165 1078 nemo
1192 1020 1441 1076 videlicet
1479 1028 1698 1091 cogatur
1718 1019 1771 1074 in

175 1127 444 1185 mortem,
477 1117 576 1171 nisi
604 1117 690 1187 qui
725 1115 1026 1184 exemplum
1053 1112 1325 1184 peccantis
1349 1111 1697 1166 adamaverit.

241 1212 395 1268 Anc.
427 1210 590 1280 Cujus
615 1209 917 1278 exemplum
940 1209 1210 1277 peccantis
1231 1205 1591 1261 adamaverit?
1613 1203 1773 1258 Nem-

176 1317 240 1374 pe
259 1303 435 1373 primi
467 1301 696 1356 hominis
728 1317 740 1352 :
774 1300 916 1354 hunc
941 1297 1333 1354 enim'formam
1352 1297 1485 1352 dicis
1505 1312 1623 1352 esse
1653 1311 1774 1366 pec-

177 1395 305 1460 cati,
339 1403 564 1465 propter
582 1391 958 1456 imitationem,
985 1405 1090 1445 non
1113 1399 1335 1460 propter
1352 1389 1768 1459 generationem;

177 1485 434 1557 proinde,
469 1485 635 1539 sicut‘
670 1483 823 1548 dicis,
863 1501 882 1533 ‹
911 1497 1068 1537 nemo
1098 1483 1150 1536 in
1176 1490 1402 1537 mortem
1422 1481 1648 1551 cogitur,
1671 1479 1773 1534 nisi

179 1577 266 1647 qui
315 1576 627 1647 exemplum
666 1574 940 1644 peccantis
986 1573 1143 1643 hujus
1193 1572 1560 1628 adamaverit:
1597 1589 1617 1624 ι
1665 1585 1772 1626 non

181 1683 311 1738 ergo
340 1675 612 1738 coguntur
648 1667 701 1720 in
748 1675 997 1731 mortem,
1043 1665 1136 1735 qui
1182 1678 1289 1720 non
1335 1664 1389 1718 in
1428 1661 1774 1718 similitudine

181 1759 645 1832 praevaricationis
693 1759 829 1827 ejus,
877 1758 1013 1812 sicut
1058 1756 1352 1823 existimas,
1393 1761 1769 1826 peccaverunt.

185 1854 474 1923 Quomodo
503 1869 632 1926 ergo
657 1854 813 1921 dicis,
842 1861 1071 1909 mortem
1107 1866 1362 1923 regnasse
1403 1859 1457 1905 et
1487 1852 1537 1903 in
1559 1864 1654 1905 eos
1682 1848 1773 1919 qui

179 1957 546 2020 peccaverunt
585 1947 800 2018 quidem
840 1963 936 2016 per
963 1946 1189 2002 liberum
1217 1945 1516 2011 arbitrium,
1542 1942 1637 1998 sed
1663 1956 1770 1996 non

180 2040 232 2096 in
275 2040 637 2095 similitudine
683 2038 1136 2110 praevaricationis
1177 2037 1329 2105 Adae,
1362 2037 1484 2107 quia
1510 2037 1625 2091 sine
1655 2035 1772 2105 lege

180 2132 576 2204 peccaverunt?
598 2131 714 2186 Non
747 2131 932 2200 itaque
962 2137 1318 2201 peccaverunt
1343 2128 1458 2199 ejus
1487 2126 1768 2197 exemplo:

179 2225 437 2294 quoniam
465 2238 572 2279 non
616 2232 896 2294 peccantes
924 2225 977 2277 in
1004 2222 1350 2278 similitudine
1373 2219 1770 2291 praevaricatio-

179 2315 259 2371 nis
304 2315 451 2385 ejus,
501 2329 608 2370 non
671 2315 970 2385 exemplum
1011 2315 1284 2385 peccantis
1325 2313 1707 2367 adamaverunt
1752 2325 1766 2362 :

180 2414 438 2476 quantum
469 2406 612 2460 enim
660 2406 728 2461 ab
765 2405 864 2461 hac
885 2405 1228 2461 similitudine
1258 2404 1560 2475 peccantis’
1589 2404 1766 2473 hujus,

179 2508 386 2555 tantum
409 2499 481 2555 ab
509 2499 807 2555 imitatione
830 2500 1058 2570 exempli
1091 2499 1250 2569 hujus
1280 2498 1438 2553 alieni
1466 2507 1610 2552 sunt.
1635 2495 1766 2552 Cum

181 2590 334 2662 igitur
362 2599 421 2646 et
449 2592 503 2646 in
533 2605 626 2646 eos
651 2592 956 2661 regnaverit
987 2605 1152 2657 mors,
1184 2590 1308 2661 quid
1337 2597 1420 2646 est
1445 2590 1585 2660 quod
1613 2589 1765 2654 dicis,

185 2701 206 2734 ι
238 2691 296 2737 ut
318 2698 488 2738 nemo
526 2691 746 2753 cogatur
789 2686 841 2737 in
890 2693 1138 2749 mortem,
1166 2683 1267 2737 nisi
1324 2681 1415 2752 qui
1464 2681 1765 2751 exemplum

182 2778 456 2846 peccantis
483 2777 834 2843 adamaverit,
866 2797 884 2830 ›
923 2777 1038 2846 ejus
1063 2776 1336 2841 videlicet,
1368 2790 1524 2844 quem
1555 2782 1769 2844 propter

183 2868 535 2923 imitationem
569 2868 795 2923 formam
826 2869 907 2922 vis
932 2868 1091 2922 fuisse
1110 2867 1352 2936 peccati?
1374 2865 1512 2920 Ecce
1548 2880 1654 2918 non
1676 2864 1770 2918 ad-

189 2969 504 3016 amaverunt
529 2961 797 3031 peccantis
825 2959 1148 3028 exemplum,
1176 2957 1263 3028 qui
1285 2973 1390 3011 non
1425 2958 1477 3010 in
1511 2955 1767 3026 prtevari-

191 3053 412 3107 tionis
467 3053 580 3122 ejus
628 3052 977 3107 similitudine
1026 3059 1417 3120 peccaverunt;
1473 3057 1526 3102 et
1586 3055 1763 3101 tamen

184 3145 339 3198 etiam
363 3144 614 3215 regnavit
638 3145 693 3198 in
716 3159 810 3200 eos
834 3158 1001 3198 mors.
1029 3144 1110 3197 An
1137 3143 1218 3197 vis
1241 3141 1418 3196 redire
1448 3140 1512 3194 ad
1538 3139 1763 3195 catholi-

185 3250 295 3290 cam
324 3237 628 3300 veritatem,
658 3244 718 3291 ut
755 3237 807 3290 in
857 3250 950 3290 eos
987 3249 1198 3304 quoque
1237 3241 1464 3287 mortem
1513 3245 1763 3301 regnasse

183 3330 416 3396 fatearis,
459 3331 550 3401 qui
591 3346 698 3385 non
741 3336 1118 3399 peccaverunt,
1148 3326 1360 3396 propria
1389 3339 1492 3378 non
1524 3323 1766 3378 faciendo

184 3432 418 3493 peccata,
450 3422 546 3477 sed
575 3437 796 3493 regnum
824 3420 1013 3475 mortis
1057 3419 1108 3472 in
1147 3417 1495 3472 similitudine
1517 3415 1768 3486 praevari-

183 3518 404 3572 cationis
431 3517 569 3586 ejus,
600 3516 666 3572 de
693 3515 846 3586 cujus
871 3515 1039 3584 stirpe
1067 3523 1190 3569 sunt
1218 3514 1350 3579 nati,
1377 3522 1622 3582 tanquam
1652 3509 1762 3564 ha:-

185 3610 438 3665 reditario
465 3609 697 3664 miseriae
732 3608 853 3679 jure
879 3605 1198 3662 subierunt?
1221 3605 1309 3660 Sic
1338 3605 1532 3676 quippe
1560 3603 1766 3658 intelle-

185 3713 376 3758 xerunt
421 3703 538 3756 haec
570 3701 861 3772 apostolica
902 3700 1065 3755 verba
1100 3699 1345 3754 doctores
1374 3698 1645 3764 Ecclesiae,
1677 3697 1767 3766 qui

185 3795 432 3849 viderunt
458 3809 521 3849 ea
544 3809 650 3849 non
680 3808 838 3864 posse
864 3801 1009 3848 recte
1036 3792 1283 3862 intelligi,
1312 3792 1412 3846 nisi
1433 3791 1486 3845 in
1509 3792 1586 3846 eis
1613 3792 1762 3845 intel-

187 3885 374 3955 ligatur
408 3885 656 3940 obnoxiae
687 3885 1044 3939 successionis
1080 3882 1232 3953 origo
1275 3883 1517 3953 peccati;
1551 3890 1768 3950 propter

189 3977 322 4046 quod
346 3977 629 4038 dixerunt,
659 3976 908 4046 parvulos
946 3975 1233 4030 secundum
1275 3973 1442 4027 Adam
1475 3973 1765 4028 carnaliter

187 4079 370 4135 natos,
416 4069 721 4138 contagium
772 4066 960 4122 mortis
1001 4066 1232 4135 antiqua:
1275 4064 1444 4135 prima
1494 4063 1769 4118 nativitate

187 4159 503 4215 contrahere
532 4158 820 4230 (Cyprium,
856 4157 1022 4227 Epist.
1045 4159 1134 4222 64,
1164 4158 1231 4210 ad
1258 4157 1470 4226 Fidum)
1501 4174 1512 4209 :
1543 4171 1642 4212 nec
1662 4156 1770 4211 Ma-

190 4253 637 4318 nichaeit‘uerunt,
668 4252 761 4307 sed
790 4267 884 4307 vos
913 4252 1224 4321 Pelagianos
1244 4291 1259 4317 ,
1300 4250 1395 4306 Dei
1425 4251 1610 4320 spiritu
1631 4291 1646 4317 ,
1679 4250 1769 4321 qui

188 4359 283 4416 per
307 4360 402 4399 eos
429 4345 638 4399 locutus
665 4353 767 4410 est,
795 4343 1202 4398 damnaverunt.

255 4436 459 4494 CCXV.
487 4439 606 4494 Jun.
636 4438 756 4494 Vita
787 4448 962 4494 autem
992 4439 1045 4492 in
1072 4453 1172 4508 qua
1200 4438 1469 4508 regnaturi
1495 4445 1618 4491 sunt
1644 4451 1770 4492 san-

188 4531 290 4599 cti,
318 4541 520 4585 acterna
547 4540 912 4585 monstratur:
945 4543 1072 4600 ergo
1111 4537 1165 4582 et
1202 4545 1346 4583 mors
1374 4543 1490 4598 quae
1521 4529 1770 4597 iniquita-

189 4633 290 4678 tem
319 4624 671 4678 voluntariam
712 4624 973 4693 Sequitur,
1013 4631 1209 4676 tetcrna
1238 4622 1505 4678 credatur.
1555 4620 1766 4691 Itaque,

191 4715 312 4767 sicut
333 4731 423 4783 per
443 4715 592 4768 unius
613 4714 846 4768 delictum
874 4715 924 4766 in
949 4731 1118 4768 omnes
1142 4714 1368 4766 homines
1388 4714 1439 4766 in
1462 4713 1771 4766 condemna-

191 4808 412 4873 tionem;
439 4807 514 4860 sic
540 4817 586 4860 et
616 4824 706 4876 per
735 4807 882 4859 unius
903 4807 1160 4876 justitiam
1187 4806 1239 4858 in
1269 4821 1438 4859 omnes
1467 4805 1692 4857 homines
1718 4805 1772 4857 in

190 4902 595 4973 iustiﬁcationem
621 4901 750 4953 vitae.
781 4900 926 4954 Sicut
957 4900 1087 4953 enim
1110 4915 1198 4969 per
1220 4899 1368 4951 unius
1390 4897 1772 4950 inobedientiam

190 5006 474 5064 peccatores
499 4994 754 5048 constituti
792 5003 906 5046 sunt
949 4993 1132 5057 multi;
1162 4994 1234 5046 ita
1260 5000 1306 5045 et
1346 5007 1433 5060 per
1475 4991 1624 5045 unius
1652 4990 1772 5044 obe—

189 5089 426 5141 dientiam
456 5089 588 5159 justi
620 5088 980 5141 constituentur
1007 5085 1154 5138 multi
1198 5085 1370 5156 (Rom.
1405 5101 1456 5151 v,
1493 5086 1558 5140 18
1581 5094 1626 5138 et
1659 5085 1771 5156 19).

189 5178 372 5234 Omnis
401 5187 485 5233 est
507 5178 680 5232 soluta
719 5179 1038 5247 perplexitas
1061 5219 1074 5243 ,
1104 5176 1442 5245 impudenter
1471 5176 1537 5230 de
1563 5177 1776 5231 univer-

187 5273 342 5327 sitate
356 5271 621 5326 calumnia
637 5271 957 5337 concitatur,
981 5269 1311 5339 ineptissime
1332 5270 1383 5322 in
1406 5269 1582 5339 scirpo
1603 5267 1775 5323 nodus

189 5363 463 5433 quaeritur.
493 5361 811 5418 Pronuntiat
839 5361 1143 5431 Apostolus,
1175 5374 1278 5414 non
1300 5374 1490 5414 omnes
1513 5373 1652 5425 esse,
1679 5358 1777 5415 sed

191 5457 386 5510 multos
414 5454 458 5521 ³,
485 5454 575 5524 qui
611 5469 709 5524 per
732 5453 1146 5509 inobedientiam
1180 5452 1336 5522 primi
1362 5451 1624 5518 hominis,
1653 5466 1777 5522 pec-

191 5556 305 5601 cata
335 5546 685 5611 didicissent;
718 5554 772 5601 et
798 5545 996 5602 multos
1023 5559 1162 5611 esse,
1195 5559 1299 5599 non
1330 5558 1538 5611 omnes,
1564 5545 1652 5615 qui
1683 5558 1780 5613 per

191 5640 412 5695 alterius
453 5638 808 5694 obedientiam
831 5681 844 5704 ,
885 5639 1144 5708 justitiam
1175 5646 1356 5693 essent
1389 5637 1587 5708 adepti.
1632 5636 1776 5694 Nihil

253 5756 270 5785 ί
307 5761 470 5812 Forte,
498 5752 559 5812 si,
577 5757 650 5802 ut.

252 5819 273 5880 ξ
305 5818 380 5864 sic
398 5824 502 5864 MSS.
529 5822 641 5864 Mar.
667 5822 718 5866 et
741 5821 864 5865 Port.
888 5815 1007 5880 miti
1029 5823 1211 5880 autem,
1238 5815 1449 5880 peccati.

255 5878 288 5942 '7
311 5888 449 5937 mss...
480 5889 576 5942 non
597 5890 758 5942 crimes
793 5890 894 5930 esse
925 5877 1010 5938 qui
1043 5877 1556 5942 perittoliedientiam,
1588 5878 1782 5931 omissis

196 5941 373 5994 verbis.
402 5941 488 5991 sed
511 5940 694 5990 "mltos.

1497 440 1702 498 LIBER
1735 439 2114 504 SECUNDUS.
2700 444 2706 449 ,
3066 438 3154 472 νὴ
3198 425 3204 431 ,

1877 555 1965 614 hic
1991 559 2057 616 de
2083 569 2271 620 exortu
2312 563 2656 627 humanitatis
2697 573 2890 645 agitur,
2934 589 3113 637 mores
3141 579 3198 637 in
3224 579 3453 638 diversis

1877 652 2066 710 studiis
2109 659 2482 727 publicentur:
2520 665 2879 723 inobedientia
2906 677 2962 725 et
3001 672 3302 729 obedientia
3333 685 3452 730 stu-

1875 745 2082 804 diorum
2127 766 2375 823 cperam,
2420 771 2526 813 non
2567 761 2944 830 generationis,
2995 763 3245 821 ostendit.
3299 767 3458 824 Certe

1876 839 1967 894 ubi
1995 846 2370 915 Opportunius,
2403 848 2449 903 si
2476 850 2603 920 quid
2645 853 2937 910 secundum
2968 864 3020 912 te
3057 867 3272 927 saperet
3308 858 3454 930 Apo-

1878 933 2077 1004 stolus,
2111 941 2479 1007 pronuntiaret
2521 959 2708 1001 omnes
2747 947 2812 1002 ad
2839 948 3339 1006 condemnationem
3376 952 3457 1008 ire

1878 1026 2164 1094 nascendo,
2193 1045 2388 1099 paucos
2417 1043 2591 1090 autem
2619 1035 2683 1090 ad
2710 1039 2871 1093 vitam
2896 1037 3186 1105 credendo,
3213 1056 3368 1111 quam
3402 1042 3457 1096 in

1881 1113 1982 1171 hoc
2011 1118 2151 1187 loco,
2193 1122 2283 1177 ubi
2308 1139 2512 1180 summa
2555 1128 2927 1198 disputationis
2953 1133 3266 1203 complenda
3307 1135 3458 1189 erat?

1879 1206 2070 1264 Debuit
2096 1213 2235 1266 enim
2277 1214 2488 1284 dicere,
2532 1218 2682 1274 Sicut
2709 1236 2804 1290 per
2844 1223 3260 1279 inobedientiam
3300 1226 3459 1280 unius

1881 1296 2109 1355 hominis
2140 1313 2447 1372 peccatores
2478 1311 2748 1366 constituti
2792 1323 2915 1368 sunt
2957 1329 3177 1381 omnes;
3213 1317 3320 1370 imo
3350 1333 3457 1371 non

1879 1406 1974 1461 per
1999 1393 2431 1465 inobedientiam,
2459 1402 2574 1466 sed,
2600 1405 2736 1458 sicut
2757 1421 2853 1476 per
2872 1407 3269 1475 generationem
3296 1408 3455 1477 primi

1879 1482 2109 1542 hominis
2137 1498 2443 1558 peccatores
2468 1495 2578 1548 nati
2603 1506 2725 1550 sunt
2750 1513 2970 1564 omnes;
2999 1499 3070 1554 ita
3100 1507 3155 1556 et
3182 1513 3278 1570 per
3300 1501 3461 1555 unius

1877 1578 2232 1636 obedientiam
2257 1585 2389 1654 justi
2419 1589 2811 1644 constituentur
2829 1591 3003 1646 multi.

1950 1672 2081 1729 Auo.
2117 1674 2229 1731 lmo
2258 1677 2438 1732 debuit
2480 1679 2694 1746 dicere,
2727 1680 2873 1737 Sicut
2912 1698 3008 1753 per
3046 1683 3458 1740 inobedientiam

1879 1775 2026 1816 suam
2056 1774 2364 1833 peccatores
2399 1771 2671 1826 constituti
2713 1781 2839 1827 sunt
2867 1775 3051 1841 multi;
3093 1775 3166 1830 ita
3206 1791 3303 1846 per
3331 1776 3460 1833 obe-

1879 1852 2129 1910 dientiam
2159 1871 2308 1912 suam
2331 1858 2460 1929 justi
2487 1865 2877 1919 constituentur
2902 1867 3053 1922 multi
3079 1884 3092 1922 :
3124 1877 3234 1934 aut,
3267 1869 3312 1923 si
3340 1868 3462 1923 imi-

1878 1948 2161 2017 tationem,
2190 1967 2348 2022 quam
2376 1969 2469 2009 vos
2499 1956 2552 2009 in
2577 1957 2782 2028 magnis
2807 1961 3063 2029 angustiis
3098 1962 3369 2016 constituti
3403 1975 3456 2018 et

1878 2054 2228 2113 persequente
2256 2047 2478 2102 veritate
2503 2051 2754 2104 coarctati
2775 2094 2790 2120 ,
2820 2052 3088 2109 invenisse
3112 2069 3208 2108 vos
3236 2055 3455 2124 putatis,

1877 2147 1979 2202 qua
2003 2136 2151 2190 exire
2179 2138 2556 2224 possetisthoc
2583 2141 2703 2196 loco
2737 2141 2828 2199 ille
2855 2143 3231 2200 commendare
3253 2145 3458 2200 voluis-

1876 2234 1987 2290 set,
2020 2226 2201 2283 debuit
2226 2229 2434 2298 dicere,
2465 2231 2612 2288 Sicut
2648 2250 2744 2304 per
2766 2235 3117 2292 imitationem
3149 2237 3459 2294 inobedien-

1876 2317 1966 2372 tia:
2003 2319 2160 2376 unius
2198 2320 2427 2378 hominis
2464 2334 2769 2395 peccatores
2809 2331 3082 2384 constituti
3117 2341 3242 2386 sunt
3268 2331 3456 2398 multi;

1875 2407 1947 2463 ita
1974 2417 2028 2465 et
2055 2427 2150 2481 per
2172 2412 2516 2472 imitationem
2547 2417 2861 2474 obedientiae
2884 2420 3041 2475 unius
3077 2421 3306 2476 hominis
3329 2422 3458 2492 justi

1875 2503 2265 2558 constituentur
2289 2507 2458 2562 multi.
2491 2507 2629 2563 Ecce
2649 2518 2702 2563 et
2721 2525 2819 2581 ego
2843 2509 2951 2564 dixi
2974 2511 3241 2581 quomodo
3261 2512 3459 2568 debue-

1873 2595 1944 2648 rit
1971 2595 2254 2664 Apostolus
2284 2597 2448 2668 loqui,
2480 2599 2522 2652 si
2552 2598 2653 2654 hoc
2677 2601 2837 2655 vellet
2864 2600 3062 2669 dicere,
3086 2601 3225 2672 quod
3254 2618 3351 2657 vos
3379 2604 3462 2660 di-

1876 2687 2031 2741 citis:
2063 2704 2128 2742 ne
2166 2696 2320 2758 putes
2361 2690 2556 2761 aliquid
2584 2707 2831 2762 magnum
2871 2707 3020 2757 esse,
3065 2708 3162 2763 pro
3187 2692 3459 2750 voluntate

1877 2787 2058 2832 nostra
2085 2781 2244 2834 verba
2272 2795 2594 2850 componere
2611 2823 2626 2849 ,
2653 2796 2760 2836 non
2790 2783 3022 2837 auctoris
3050 2783 3377 2838 voluntatem
3403 2785 3456 2838 in

1876 2871 2053 2924 verbis
2082 2871 2195 2941 ejus
2224 2885 2507 2942 exponere.
2551 2874 2690 2928 Dixit
2717 2889 2878 2944 ergo,
2921 2889 3018 2944 per
3044 2874 3454 2929 inobedientiam

1877 2964 2034 3017 unius
2059 2963 2310 3030 hominis,
2334 2981 2492 3036 quem
2518 2967 2874 3036 generationis
2898 2968 3190 3039 principem
3215 2976 3457 3036 noverat,

1875 3065 2182 3124 peccatores
2208 3058 2521 3111 constitutos
2551 3072 2668 3111 esse
2707 3059 2933 3124 multos;
2965 3061 3215 3128 quoniam
3244 3060 3333 3114 illa
3371 3059 3455 3114 in-

1875 3144 2179 3201 obedientia
2223 3157 2304 3202 est
2348 3157 2535 3204 natura
2583 3149 2814 3205 humana
2858 3151 3078 3206 vitiata:
3111 3160 3166 3207 et
3208 3167 3302 3221 per
3325 3152 3459 3208 obe-

1874 3239 2124 3294 dientiam
2155 3242 2310 3295 unius
2341 3241 2598 3306 hominis,
2625 3244 2712 3313 qui
2743 3244 3158 3314 regenerationis
3194 3253 3274 3298 est
3304 3243 3454 3314 prin-

1876 3347 2032 3400 ceps,
2073 3331 2246 3401 justos
2272 3334 2520 3387 constitui
2550 3335 2780 3399 multos;
2824 3336 2944 3405 quia
2986 3335 3125 3390 illius
3159 3335 3459 3392 obedientia

1876 3433 2062 3480 natura
2091 3425 2320 3478 humana
2344 3433 2579 3491 sanatur,
2603 3427 2691 3496 qui
2716 3425 2886 3481 factus
2907 3436 2988 3481 est
3008 3428 3262 3483 obediens
3290 3443 3458 3499 usque

1875 3517 1940 3572 ad
1966 3525 2190 3571 mortem
2221 3517 2394 3571 crucis
2420 3516 2678 3588 (Philipp.
2707 3533 2765 3583 ιι,
2796 3518 2876 3588 8),
2905 3523 2963 3571 ut
2978 3518 3105 3588 justi
3130 3520 3462 3574 constituan-

1875 3618 1961 3662 tur
1989 3623 2084 3678 per
2126 3608 2241 3677 ejus
2269 3607 2528 3678 gratiam,
2575 3609 2734 3664 etiam
2771 3610 2864 3680 qui
2909 3625 3012 3665 non
3043 3611 3130 3666 hic
3167 3626 3265 3682 per
3307 3627 3460 3668 suam

1874 3700 2330 3754 conversationem
2352 3698 2482 3769 justi
2504 3714 2623 3754 esse
2646 3708 2960 3770 potuerunt;
2987 3701 3123 3757 sicut
3145 3701 3197 3756 hi
3219 3703 3310 3773 qui
3332 3717 3464 3757 con-

1874 3790 2025 3843 tinuo
2067 3797 2186 3858 post
2212 3789 2476 3844 lavacrum
2524 3790 2942 3860 regenerationis
2987 3793 3294 3862 exspirant,
3344 3794 3458 3848 sive

1872 3882 2191 3952 grandioris,
2223 3883 2336 3938 sive
2354 3883 2610 3938 infantilis
2631 3886 2819 3939 aetatis.
2848 3884 3002 3941 Unde
3026 3887 3214 3942 maluit
3237 3887 3458 3944 verbum

1874 3973 2031 4028 futuri
2058 3973 2315 4043 temporis
2340 3989 2570 4044 ponere,
2602 3985 2656 4030 et
2682 3978 3047 4031 constituentur
3073 3977 3279 4046 dicere,
3315 3993 3422 4035 non
3439 4022 3456 4047 ,

1873 4065 2158 4120 Constituti
2186 4076 2336 4132 sunt,
2366 4068 2615 4137 quoniam
2648 4067 2776 4138 justi
2803 4068 2890 4123 illa
2915 4069 3116 4139 justitia
3136 4112 3150 4137 ,
3183 4086 3302 4142 qua:
3341 4072 3458 4128 sine

1874 4158 1985 4212 ullo
2013 4167 2232 4228 peccato
2272 4158 2404 4224 erit,
2439 4159 2491 4214 in
2521 4160 2681 4214 futuri
2727 4161 2909 4216 saeculi
2948 4162 3244 4219 aeternitate
3267 4163 3460 4220 victuri

1873 4259 2016 4304 sunt.
2046 4249 2176 4306 Cum
2208 4258 2385 4304 autem
2415 4249 2484 4305 de
2511 4251 2878 4320 peccatoribus
2909 4267 3015 4308 non
3045 4253 3210 4319 dixit,
3241 4253 3460 4311 Consti-

1873 4349 2108 4407 tuentur,
2137 4341 2251 4408 sed,
2284 4341 2540 4395 constituti
2567 4350 2710 4408 sunt,
2743 4343 2992 4398 saeculum
3021 4344 3122 4400 hoc
3147 4345 3289 4416 quod
3318 4362 3461 4417 pra:-

1874 4433 2026 4498 terit,
2065 4433 2154 4487 ubi
2173 4432 2285 4501 jam
2311 4432 2492 4487 vitiata
2519 4441 2601 4487 est
2625 4433 2854 4488 humana
2880 4445 3067 4490 natura
3087 4477 3100 4500 ,
3132 4435 3297 4491 verbo
3323 4445 3461 4492 tem-

1873 4526 2021 4596 poris
2048 4525 2300 4595 praeteriti
2320 4527 2604 4595 expressit.
2627 4526 2744 4582 Jam
2769 4542 2896 4582 vero
2920 4527 2989 4583 de
3010 4529 3186 4582 multis
3207 4529 3330 4600 quia
3358 4531 3458 4601 ipsi

1875 4626 1998 4670 sunt
2026 4631 2211 4671 omnes
2229 4658 2244 4684 ,
2278 4617 2406 4671 satis
2430 4617 2526 4672 tibi
2553 4632 2862 4687 responsum
2891 4629 2991 4674 est.
3020 4619 3099 4674 Ttt
3125 4629 3300 4676 autem
3327 4636 3463 4694 quos

1874 4707 2162 4778 Apostolus
2185 4707 2320 4761 dixit
2343 4723 2563 4774 omnes,
2602 4724 2708 4764 non
2749 4711 2965 4779 potuisti
2996 4711 3098 4767 nisi
3129 4713 3147 4743 ί
3186 4714 3464 4769 contradi-

1875 4800 2046 4856 cendo
2075 4815 2371 4869 exponere,
2418 4810 2472 4856 et
2515 4800 2774 4870 dicendo,
2818 4802 2935 4859 Non
2974 4814 3096 4860 sunt
3138 4821 3360 4871 omnes;
3394 4809 3462 4864 ad

1875 4891 2016 4961 quod
2049 4898 2098 4944 te
2127 4890 2269 4944 nulla
2298 4891 2588 4946 necessitas
2612 4901 2848 4963 cogeret,
2882 4893 2927 4949 si
2955 4895 3273 4953 catholicum
3302 4913 3464 4970 quam

1878 4982 2216 5051 l’elagianum
2255 4997 2472 5036 sensum
2519 4993 2699 5039 tenere
2745 4985 3042 5042 maluisses.
3075 4988 3276 5045 Omnes
3317 4991 3463 5046 enim

1877 5083 2160 5142 propterea
2183 5071 2433 5128 dicuntur
2472 5081 2527 5128 et
2549 5075 2736 5141 multi,
2764 5085 2826 5130 ut
2849 5077 3221 5135 discernantur
3249 5080 3318 5136 ab
3347 5083 3458 5148 eis,
3546 5129 3549 5132 .

1877 5163 1969 5232 qui
1999 5178 2118 5218 cum
2151 5165 2258 5218 sint
2285 5179 2494 5231 omnes,
2521 5175 2647 5221 sunt
2671 5176 2849 5223 tamen
2880 5172 3056 5239 pauci.
3534 5151 3546 5180 τ

1951 5255 2174 5312 CCXVI.
2203 5257 2319 5312 JUL.
2341 5258 2496 5325 Quod
2523 5260 2568 5314 si
2597 5264 2670 5315 ita
2695 5261 2996 5328 intulisset,
3025 5279 3131 5319 non
3161 5266 3335 5321 minus
3362 5266 3460 5322 do-

1878 5350 2098 5407 cebatur
2135 5351 2296 5422 impia
2324 5353 2490 5421 (esse,
2538 5367 2698 5424 quam
2735 5355 2914 5425 inepta
2946 5358 3207 5412 sententia
3233 5399 3249 5425 ,
3275 5372 3376 5428 qua
3413 5367 3469 5415 et

1879 5445 2207 5514 comparatio
2231 5444 2346 5515 ipsa
2376 5446 2428 5500 in
2449 5446 2663 5504 diverso
2682 5450 2958 5520 proposito
2981 5465 3330 5520 personarum
3355 5460 3470 5507 sto-
3541 5461 3554 5476 '

1882 5537 2140 5595 lidissima
2165 5538 2447 5596 doceretur
2468 5579 2485 5606 ,
2513 5554 2637 5597 cum
2660 5555 2752 5597 res
2780 5557 2888 5598 non
2909 5541 3111 5598 similes
3134 5542 3200 5598 ad
3229 5543 3471 5599 collatio-

1881 5649 2006 5690 nem
2048 5633 2331 5701 venirent,
2378 5641 2566 5690 natura
2603 5635 2851 5692 videlicet
2884 5645 2942 5693 et
2974 5636 3258 5705 voluntas;
3303 5645 3364 5694 ut
3415 5640 3472 5696 in

1883 5737 2034 5800 parte
2071 5729 2199 5786 mali
2232 5729 2494 5786 seminum
2535 5731 2825 5787 necessitas
2862 5740 3148 5801 poneretur
3169 5771 3186 5800 ,
3228 5731 3281 5788 in
3319 5739 3470 5804 parte

1885 5839 2013 5881 vero
2036 5824 2162 5881 boni
2190 5823 2352 5880 studii
2377 5824 2488 5881 sola
2514 5823 2764 5890 libertas;
2801 5825 2911 5882 imo
2929 5823 3041 5896 jam
3069 5838 3177 5883 non
3203 5823 3426 5882 libertas
3447 5863 3468 5890 ,

1954 5943 1971 5973 ι
1996 5946 2061 5988 Ex
2086 5921 2420 6000 manuscriptis
2434 5939 2756 5998 restituimus,
