  <div class='ocr_page' id='page_1' title='image "/cluster/home/n/w/nwhite01/storage/ocr_20150623/45/hvd.32044015471501/131.png"; bbox 0 0 3996 6484; ppageno 0'>
   <div class='ocr_carea' id='block_1_1' title="bbox 484 5731 496 5787">
    <p class='ocr_par' dir='ltr' id='par_1_1' title="bbox 484 5731 496 5787">
     <span class='ocr_line' id='line_1_1' title="bbox 484 5731 496 5787; baseline 0 -2"><span class='ocrx_word' id='word_1_1' title='bbox 484 5731 496 5787; x_wconf 71' lang='grc' dir='ltr'>Ξ</span> 
     </span>
    </p>
   </div>
   <div class='ocr_carea' id='block_1_2' title="bbox 2100 435 2173 445">
    <p class='ocr_par' dir='ltr' id='par_1_2' title="bbox 2100 435 2173 445">
     <span class='ocr_line' id='line_1_2' title="bbox 2100 435 2173 445; baseline 0.014 -1"><span class='ocrx_word' id='word_1_2' title='bbox 2100 435 2173 445; x_wconf 60' lang='grc' dir='ltr'><strong>-σ-ν.</strong></span> 
     </span>
    </p>
   </div>
   <div class='ocr_carea' id='block_1_3' title="bbox 1201 475 3130 577">
    <p class='ocr_par' dir='ltr' id='par_1_3' title="bbox 1201 475 3130 577">
     <span class='ocr_line' id='line_1_3' title="bbox 1201 475 3130 577; baseline -0.009 -10"><span class='ocrx_word' id='word_1_3' title='bbox 1201 509 1460 577; x_wconf 77' lang='lat' dir='ltr'><strong>orntus</strong></span> <span class='ocrx_word' id='word_1_4' title='bbox 1496 503 1905 563; x_wconf 79' lang='lat' dir='ltr'><strong>IMPERFECTI</strong></span> <span class='ocrx_word' id='word_1_5' title='bbox 1948 480 2221 557; x_wconf 57' lang='lat' dir='ltr'><strong>comta</strong></span> <span class='ocrx_word' id='word_1_6' title='bbox 2260 484 2619 565; x_wconf 66' lang='lat' dir='ltr'><strong>JULIANUM,</strong></span> <span class='ocrx_word' id='word_1_7' title='bbox 2660 475 2718 555; x_wconf 64' lang='grc' dir='ltr'><strong>ς.</strong></span> <span class='ocrx_word' id='word_1_8' title='bbox 2761 495 3130 555; x_wconf 75' lang='lat' dir='ltr'><strong>Ancus&#39;rttvt</strong></span> 
     </span>
    </p>
   </div>
   <div class='ocr_carea' id='block_1_4' title="bbox 538 501 1033 599">
    <p class='ocr_par' dir='ltr' id='par_1_4' title="bbox 538 501 1033 599">
     <span class='ocr_line' id='line_1_4' title="bbox 538 501 1033 599; baseline -0.008 -22"><span class='ocrx_word' id='word_1_9' title='bbox 538 501 674 578; x_wconf 51' lang='grc' dir='ltr'><strong>ἔξω</strong></span> <span class='ocrx_word' id='word_1_10' title='bbox 1026 594 1033 599; x_wconf 24' lang='grc'><strong><em>1</em></strong></span> 
     </span>
    </p>
   </div>
   <div class='ocr_carea' id='block_1_5' title="bbox 533 602 2126 713">
    <p class='ocr_par' dir='ltr' id='par_1_5' title="bbox 533 602 2126 713">
     <span class='ocr_line' id='line_1_5' title="bbox 533 602 2126 713; baseline -0.017 -20"><span class='ocrx_word' id='word_1_11' title='bbox 533 634 783 713; x_wconf 86' lang='lat' dir='ltr'><strong>quoniam</strong></span> <span class='ocrx_word' id='word_1_12' title='bbox 814 646 921 686; x_wconf 93' lang='lat' dir='ltr'><strong>non</strong></span> <span class='ocrx_word' id='word_1_13' title='bbox 951 602 1266 711; x_wconf 75' lang='lat' dir='ltr'><strong>suppetebat</strong></span> <span class='ocrx_word' id='word_1_14' title='bbox 1291 608 1517 680; x_wconf 81' lang='lat' dir='ltr'><strong>facultas</strong></span> <span class='ocrx_word' id='word_1_15' title='bbox 1545 619 1773 707; x_wconf 80' lang='lat' dir='ltr'><strong>eligendi</strong></span> <span class='ocrx_word' id='word_1_16' title='bbox 1804 617 1930 672; x_wconf 88' lang='lat' dir='ltr'><strong>boni</strong></span> <span class='ocrx_word' id='word_1_17' title='bbox 1960 627 2126 699; x_wconf 80' lang='lat' dir='ltr'><strong>etea-</strong></span> 
     </span>
    </p>
   </div>
   <div class='ocr_carea' id='block_1_6' title="bbox 534 710 2130 801">
    <p class='ocr_par' dir='ltr' id='par_1_6' title="bbox 534 710 2130 801">
     <span class='ocr_line' id='line_1_6' title="bbox 534 710 2130 801; baseline -0.013 -19"><span class='ocrx_word' id='word_1_18' title='bbox 534 710 691 787; x_wconf 76' lang='lat' dir='ltr'><strong>vcndi</strong></span> <span class='ocrx_word' id='word_1_19' title='bbox 735 725 901 791; x_wconf 86' lang='lat' dir='ltr'><strong>mali,</strong></span> <span class='ocrx_word' id='word_1_20' title='bbox 944 725 987 801; x_wconf 82' lang='lat' dir='ltr'><strong>si</strong></span> <span class='ocrx_word' id='word_1_21' title='bbox 1037 718 1292 776; x_wconf 76' lang='lat' dir='ltr'><strong>naturalis</strong></span> <span class='ocrx_word' id='word_1_22' title='bbox 1338 728 1515 772; x_wconf 91' lang='lat' dir='ltr'><strong>reatus</strong></span> <span class='ocrx_word' id='word_1_23' title='bbox 1567 713 1769 768; x_wconf 76' lang='lat' dir='ltr'><strong>fuisset.</strong></span> <span class='ocrx_word' id='word_1_24' title='bbox 1833 710 1966 765; x_wconf 87' lang='lat' dir='ltr'><strong>Dicit</strong></span> <span class='ocrx_word' id='word_1_25' title='bbox 2003 723 2130 778; x_wconf 86' lang='lat' dir='ltr'><strong>ergo</strong></span> 
     </span>
    </p>
   </div>
   <div class='ocr_carea' id='block_1_7' title="bbox 534 800 2132 895">
    <p class='ocr_par' dir='ltr' id='par_1_7' title="bbox 534 800 2132 895">
     <span class='ocr_line' id='line_1_7' title="bbox 534 800 2132 895; baseline -0.016 -16"><span class='ocrx_word' id='word_1_26' title='bbox 534 819 822 895; x_wconf 73' lang='lat' dir='ltr'><strong>Apostolus</strong></span> <span class='ocrx_word' id='word_1_27' title='bbox 850 804 1064 886; x_wconf 86' lang='lat' dir='ltr'><strong>sapiens</strong></span> <span class='ocrx_word' id='word_1_28' title='bbox 1106 822 1160 895; x_wconf 85' lang='lat' dir='ltr'><strong>et</strong></span> <span class='ocrx_word' id='word_1_29' title='bbox 1200 808 1442 866; x_wconf 87' lang='lat' dir='ltr'><strong>eruditus</strong></span> <span class='ocrx_word' id='word_1_30' title='bbox 1481 805 1738 861; x_wconf 67' lang='lat' dir='ltr'><strong>Ecclesize</strong></span> <span class='ocrx_word' id='word_1_31' title='bbox 1776 800 2001 887; x_wconf 86' lang='lat' dir='ltr'><strong>doctor,</strong></span> <span class='ocrx_word' id='word_1_32' title='bbox 2034 814 2132 869; x_wconf 88' lang='lat' dir='ltr'><strong>per</strong></span> 
     </span>
    </p>
   </div>
   <div class='ocr_carea' id='block_1_8' title="bbox 534 888 2129 971">
    <p class='ocr_par' dir='ltr' id='par_1_8' title="bbox 534 888 2129 971">
     <span class='ocr_line' id='line_1_8' title="bbox 534 888 2129 971; baseline -0.014 -1"><span class='ocrx_word' id='word_1_33' title='bbox 534 888 952 971; x_wconf 74' lang='lat' dir='ltr'><strong>iabbedientiam</strong></span> <span class='ocrx_word' id='word_1_34' title='bbox 1018 888 1287 963; x_wconf 83' lang='lat' dir='ltr'><strong>exstitisse</strong></span> <span class='ocrx_word' id='word_1_35' title='bbox 1349 900 1714 967; x_wconf 77' lang='lat' dir='ltr'><strong>tran‘sisseque</strong></span> <span class='ocrx_word' id='word_1_36' title='bbox 1786 905 2059 965; x_wconf 87' lang='lat' dir='ltr'><strong>peccatum</strong></span> <span class='ocrx_word' id='word_1_37' title='bbox 2089 895 2129 960; x_wconf 74' lang='grc' dir='ltr'><strong>ί,</strong></span> 
     </span>
    </p>
   </div>
   <div class='ocr_carea' id='block_1_9' title="bbox 533 982 1283 1074">
    <p class='ocr_par' dir='ltr' id='par_1_9' title="bbox 533 982 1283 1074">
     <span class='ocr_line' id='line_1_9' title="bbox 533 982 1283 1074; baseline -0.016 -15"><span class='ocrx_word' id='word_1_38' title='bbox 533 1021 540 1059; x_wconf 76' lang='lat'><strong>.</strong></span> <span class='ocrx_word' id='word_1_39' title='bbox 564 1001 979 1074; x_wconf 84' lang='lat' dir='ltr'><strong>nultiplicarique</strong></span> <span class='ocrx_word' id='word_1_40' title='bbox 1003 982 1283 1068; x_wconf 57' lang='lat' dir='ltr'><strong>iustitiam.</strong></span> 
     </span>
    </p>
   </div>
   <div class='ocr_carea' id='block_1_10' title="bbox 619 1089 2136 1163">
    <p class='ocr_par' dir='ltr' id='par_1_10' title="bbox 619 1089 2136 1163">
     <span class='ocr_line' id='line_1_10' title="bbox 619 1089 2136 1163; baseline -0.014 -10"><span class='ocrx_word' id='word_1_41' title='bbox 619 1100 756 1153; x_wconf 81' lang='lat' dir='ltr'><strong>Anc.</strong></span> <span class='ocrx_word' id='word_1_42' title='bbox 789 1094 889 1151; x_wconf 85' lang='lat' dir='ltr'><strong>Ubi</strong></span> <span class='ocrx_word' id='word_1_43' title='bbox 928 1103 1011 1150; x_wconf 91' lang='lat' dir='ltr'><strong>est</strong></span> <span class='ocrx_word' id='word_1_44' title='bbox 1037 1091 1179 1163; x_wconf 89' lang='lat' dir='ltr'><strong>quod</strong></span> <span class='ocrx_word' id='word_1_45' title='bbox 1214 1091 1447 1152; x_wconf 82' lang='lat' dir='ltr'><strong>dixeras,</strong></span> <span class='ocrx_word' id='word_1_46' title='bbox 1496 1103 1599 1141; x_wconf 87' lang='lat' dir='ltr'><strong>non</strong></span> <span class='ocrx_word' id='word_1_47' title='bbox 1648 1093 1923 1159; x_wconf 80' lang='lat' dir='ltr'><strong>peccatum</strong></span> <span class='ocrx_word' id='word_1_48' title='bbox 1962 1089 2136 1134; x_wconf 88' lang='lat' dir='ltr'><strong>trans-</strong></span> 
     </span>
    </p>
   </div>
   <div class='ocr_carea' id='block_1_11' title="bbox 560 1172 2137 1256">
    <p class='ocr_par' dir='ltr' id='par_1_11' title="bbox 560 1172 2137 1256">
     <span class='ocr_line' id='line_1_11' title="bbox 560 1172 2137 1256; baseline -0.011 -10"><span class='ocrx_word' id='word_1_49' title='bbox 560 1207 686 1256; x_wconf 88' lang='lat' dir='ltr'><strong>sse,</strong></span> <span class='ocrx_word' id='word_1_50' title='bbox 738 1187 833 1245; x_wconf 90' lang='lat' dir='ltr'><strong>sed</strong></span> <span class='ocrx_word' id='word_1_51' title='bbox 880 1195 1109 1241; x_wconf 90' lang='lat' dir='ltr'><strong>mortem</strong></span> <span class='ocrx_word' id='word_1_52' title='bbox 1157 1183 1415 1255; x_wconf 85' lang='lat' dir='ltr'><strong>(Supra,</strong></span> <span class='ocrx_word' id='word_1_53' title='bbox 1457 1196 1607 1250; x_wconf 85' lang='lat' dir='ltr'><strong>capp.</strong></span> <span class='ocrx_word' id='word_1_54' title='bbox 1669 1178 1777 1244; x_wconf 84' lang='grc'><strong>65,</strong></span> <span class='ocrx_word' id='word_1_55' title='bbox 1825 1172 2137 1246; x_wconf 66' lang='lat'><strong>64,196)?</strong></span> 
     </span>
    </p>
   </div>
   <div class='ocr_carea' id='block_1_12' title="bbox 540 1265 2137 1351">
    <p class='ocr_par' dir='ltr' id='par_1_12' title="bbox 540 1265 2137 1351">
     <span class='ocr_line' id='line_1_12' title="bbox 540 1265 2137 1351; baseline -0.011 -13"><span class='ocrx_word' id='word_1_56' title='bbox 540 1281 685 1351; x_wconf 61' lang='lat' dir='ltr'><strong>,Scce</strong></span> <span class='ocrx_word' id='word_1_57' title='bbox 733 1294 874 1334; x_wconf 91' lang='lat' dir='ltr'><strong>nunc</strong></span> <span class='ocrx_word' id='word_1_58' title='bbox 920 1277 1094 1343; x_wconf 90' lang='lat' dir='ltr'><strong>dicis,</strong></span> <span class='ocrx_word' id='word_1_59' title='bbox 1148 1290 1241 1343; x_wconf 90' lang='lat' dir='ltr'><strong>per</strong></span> <span class='ocrx_word' id='word_1_60' title='bbox 1288 1270 1703 1328; x_wconf 87' lang='lat' dir='ltr'><strong>inobedientiam</strong></span> <span class='ocrx_word' id='word_1_61' title='bbox 1730 1270 1774 1333; x_wconf 78' lang='lat'><strong>’,</strong></span> <span class='ocrx_word' id='word_1_62' title='bbox 1818 1283 1936 1337; x_wconf 72' lang='lat' dir='ltr'><strong>qua:</strong></span> <span class='ocrx_word' id='word_1_63' title='bbox 1981 1265 2137 1321; x_wconf 89' lang='lat' dir='ltr'><strong>unius</strong></span> 
     </span>
    </p>
   </div>
   <div class='ocr_carea' id='block_1_13' title="bbox 545 1357 2134 1431">
    <p class='ocr_par' dir='ltr' id='par_1_13' title="bbox 545 1357 2134 1431">
     <span class='ocr_line' id='line_1_13' title="bbox 545 1357 2134 1431; baseline -0.008 -5"><span class='ocrx_word' id='word_1_64' title='bbox 545 1372 776 1427; x_wconf 80' lang='lat' dir='ltr'><strong>hominis</strong></span> <span class='ocrx_word' id='word_1_65' title='bbox 827 1376 1243 1425; x_wconf 82' lang='lat' dir='ltr'><strong>commemorata</strong></span> <span class='ocrx_word' id='word_1_66' title='bbox 1288 1375 1411 1431; x_wconf 90' lang='lat' dir='ltr'><strong>est,</strong></span> <span class='ocrx_word' id='word_1_67' title='bbox 1458 1377 1562 1416; x_wconf 90' lang='lat' dir='ltr'><strong>non</strong></span> <span class='ocrx_word' id='word_1_68' title='bbox 1610 1360 1783 1415; x_wconf 89' lang='lat' dir='ltr'><strong>solum</strong></span> <span class='ocrx_word' id='word_1_69' title='bbox 1832 1357 2134 1423; x_wconf 87' lang='lat' dir='ltr'><strong>exstitisse,</strong></span> 
     </span>
    </p>
   </div>
   <div class='ocr_carea' id='block_1_14' title="bbox 542 1449 2139 1528">
    <p class='ocr_par' dir='ltr' id='par_1_14' title="bbox 542 1449 2139 1528">
     <span class='ocr_line' id='line_1_14' title="bbox 542 1449 2139 1528; baseline -0.008 -12"><span class='ocrx_word' id='word_1_70' title='bbox 542 1479 729 1519; x_wconf 85' lang='lat' dir='ltr'><strong>verum</strong></span> <span class='ocrx_word' id='word_1_71' title='bbox 756 1463 915 1517; x_wconf 90' lang='lat' dir='ltr'><strong>etiam</strong></span> <span class='ocrx_word' id='word_1_72' title='bbox 946 1460 1199 1515; x_wconf 92' lang='lat' dir='ltr'><strong>transisse</strong></span> <span class='ocrx_word' id='word_1_73' title='bbox 1226 1466 1525 1528; x_wconf 85' lang='lat' dir='ltr'><strong>peccatum.</strong></span> <span class='ocrx_word' id='word_1_74' title='bbox 1555 1454 1634 1506; x_wconf 82' lang='lat' dir='ltr'><strong>An</strong></span> <span class='ocrx_word' id='word_1_75' title='bbox 1664 1451 1787 1522; x_wconf 86' lang='lat' dir='ltr'><strong>quid</strong></span> <span class='ocrx_word' id='word_1_76' title='bbox 1810 1452 1957 1522; x_wconf 85' lang='lat' dir='ltr'><strong>prius</strong></span> <span class='ocrx_word' id='word_1_77' title='bbox 1986 1449 2139 1505; x_wconf 85' lang='lat' dir='ltr'><strong>dixe-</strong></span> 
     </span>
    </p>
   </div>
   <div class='ocr_carea' id='block_1_15' title="bbox 542 1530 2138 1610">
    <p class='ocr_par' dir='ltr' id='par_1_15' title="bbox 542 1530 2138 1610">
     <span class='ocr_line' id='line_1_15' title="bbox 542 1530 2138 1610; baseline -0.009 0"><span class='ocrx_word' id='word_1_78' title='bbox 542 1555 619 1610; x_wconf 89' lang='lat' dir='ltr'><strong>ris</strong></span> <span class='ocrx_word' id='word_1_79' title='bbox 665 1553 904 1609; x_wconf 75' lang='lat' dir='ltr'><strong>fortassis</strong></span> <span class='ocrx_word' id='word_1_80' title='bbox 947 1553 1144 1609; x_wconf 90' lang='lat' dir='ltr'><strong>oblitus</strong></span> <span class='ocrx_word' id='word_1_81' title='bbox 1187 1550 1282 1604; x_wconf 90' lang='lat' dir='ltr'><strong>es?</strong></span> <span class='ocrx_word' id='word_1_82' title='bbox 1327 1530 1712 1604; x_wconf 82' lang='lat' dir='ltr'><strong>Gratulandum</strong></span> <span class='ocrx_word' id='word_1_83' title='bbox 1760 1536 1844 1599; x_wconf 81' lang='lat' dir='ltr'><strong>es&#39;t</strong></span> <span class='ocrx_word' id='word_1_84' title='bbox 1885 1542 2138 1596; x_wconf 80' lang='lat' dir='ltr'><strong>oblivioni</strong></span> 
     </span>
    </p>
   </div>
   <div class='ocr_carea' id='block_1_16' title="bbox 542 1633 2140 1716">
    <p class='ocr_par' dir='ltr' id='par_1_16' title="bbox 542 1633 2140 1716">
     <span class='ocr_line' id='line_1_16' title="bbox 542 1633 2140 1716; baseline -0.009 -14"><span class='ocrx_word' id='word_1_85' title='bbox 542 1655 683 1714; x_wconf 69' lang='lat' dir='ltr'><strong>tuac,</strong></span> <span class='ocrx_word' id='word_1_86' title='bbox 723 1660 828 1716; x_wconf 85' lang='lat' dir='ltr'><strong>qua</strong></span> <span class='ocrx_word' id='word_1_87' title='bbox 874 1660 1057 1699; x_wconf 90' lang='lat' dir='ltr'><strong>verum</strong></span> <span class='ocrx_word' id='word_1_88' title='bbox 1098 1640 1436 1710; x_wconf 86' lang='lat' dir='ltr'><strong>compelleris</strong></span> <span class='ocrx_word' id='word_1_89' title='bbox 1475 1638 1675 1694; x_wconf 81' lang='lat' dir='ltr'><strong>dicere.</strong></span> <span class='ocrx_word' id='word_1_90' title='bbox 1713 1635 2014 1706; x_wconf 80' lang='lat' dir='ltr'><strong>Nam&#39;quod</strong></span> <span class='ocrx_word' id='word_1_91' title='bbox 2047 1633 2140 1689; x_wconf 89' lang='lat' dir='ltr'><strong>tibi</strong></span> 
     </span>
    </p>
   </div>
   <div class='ocr_carea' id='block_1_17' title="bbox 543 1727 2139 1805">
    <p class='ocr_par' dir='ltr' id='par_1_17' title="bbox 543 1727 2139 1805">
     <span class='ocr_line' id='line_1_17' title="bbox 543 1727 2139 1805; baseline -0.006 -12"><span class='ocrx_word' id='word_1_92' title='bbox 543 1739 756 1793; x_wconf 91' lang='lat' dir='ltr'><strong>videtur</strong></span> <span class='ocrx_word' id='word_1_93' title='bbox 780 1780 796 1805; x_wconf 94' lang='lat'><strong>,</strong></span> <span class='ocrx_word' id='word_1_94' title='bbox 837 1738 888 1791; x_wconf 91' lang='lat' dir='ltr'><strong>in</strong></span> <span class='ocrx_word' id='word_1_95' title='bbox 920 1735 1207 1791; x_wconf 78' lang='lat' dir='ltr'><strong>collatione</strong></span> <span class='ocrx_word' id='word_1_96' title='bbox 1233 1732 1625 1789; x_wconf 87' lang='lat' dir='ltr'><strong>contrariarum</strong></span> <span class='ocrx_word' id='word_1_97' title='bbox 1655 1730 1882 1799; x_wconf 90' lang='lat' dir='ltr'><strong>partium</strong></span> <span class='ocrx_word' id='word_1_98' title='bbox 1910 1744 2015 1783; x_wconf 89' lang='lat' dir='ltr'><strong>non</strong></span> <span class='ocrx_word' id='word_1_99' title='bbox 2041 1727 2139 1783; x_wconf 82' lang='lat' dir='ltr'><strong>de-</strong></span> 
     </span>
    </p>
   </div>
   <div class='ocr_carea' id='block_1_18' title="bbox 543 1821 2139 1898">
    <p class='ocr_par' dir='ltr' id='par_1_18' title="bbox 543 1821 2139 1898">
     <span class='ocr_line' id='line_1_18' title="bbox 543 1821 2139 1898; baseline -0.008 -11"><span class='ocrx_word' id='word_1_100' title='bbox 543 1831 673 1886; x_wconf 82' lang='lat' dir='ltr'><strong>bere</strong></span> <span class='ocrx_word' id='word_1_101' title='bbox 701 1845 770 1885; x_wconf 87' lang='lat' dir='ltr'><strong>ex</strong></span> <span class='ocrx_word' id='word_1_102' title='bbox 798 1843 899 1884; x_wconf 91' lang='lat' dir='ltr'><strong>una</strong></span> <span class='ocrx_word' id='word_1_103' title='bbox 933 1837 1083 1898; x_wconf 86' lang='lat' dir='ltr'><strong>parte</strong></span> <span class='ocrx_word' id='word_1_104' title='bbox 1113 1826 1237 1896; x_wconf 91' lang='lat' dir='ltr'><strong>poni</strong></span> <span class='ocrx_word' id='word_1_105' title='bbox 1286 1823 1659 1879; x_wconf 84' lang='lat' dir='ltr'><strong>necessitatem</strong></span> <span class='ocrx_word' id='word_1_106' title='bbox 1703 1821 1922 1875; x_wconf 87' lang='lat' dir='ltr'><strong>seminis</strong></span> <span class='ocrx_word' id='word_1_107' title='bbox 1946 1862 1960 1883; x_wconf 93' lang='lat'><strong>,</strong></span> <span class='ocrx_word' id='word_1_108' title='bbox 1990 1830 2043 1875; x_wconf 91' lang='lat' dir='ltr'><strong>et</strong></span> <span class='ocrx_word' id='word_1_109' title='bbox 2070 1836 2139 1876; x_wconf 86' lang='lat' dir='ltr'><strong>ex</strong></span> 
     </span>
    </p>
   </div>
   <div class='ocr_carea' id='block_1_19' title="bbox 545 1913 2137 1982">
    <p class='ocr_par' dir='ltr' id='par_1_19' title="bbox 545 1913 2137 1982">
     <span class='ocr_line' id='line_1_19' title="bbox 545 1913 2137 1982; baseline -0.005 -6"><span class='ocrx_word' id='word_1_110' title='bbox 545 1924 713 1979; x_wconf 88' lang='lat' dir='ltr'><strong>altera</strong></span> <span class='ocrx_word' id='word_1_111' title='bbox 742 1921 976 1977; x_wconf 89' lang='lat' dir='ltr'><strong>studium</strong></span> <span class='ocrx_word' id='word_1_112' title='bbox 1004 1918 1292 1975; x_wconf 85' lang='lat' dir='ltr'><strong>voluntatis</strong></span> <span class='ocrx_word' id='word_1_113' title='bbox 1315 1956 1331 1982; x_wconf 90' lang='lat'><strong>,</strong></span> <span class='ocrx_word' id='word_1_114' title='bbox 1378 1913 1627 1970; x_wconf 89' lang='lat' dir='ltr'><strong>stolidum</strong></span> <span class='ocrx_word' id='word_1_115' title='bbox 1674 1928 1795 1969; x_wconf 87' lang='lat' dir='ltr'><strong>esse</strong></span> <span class='ocrx_word' id='word_1_116' title='bbox 1835 1913 2137 1982; x_wconf 87' lang='lat' dir='ltr'><strong>reperires,</strong></span> 
     </span>
    </p>
   </div>
   <div class='ocr_carea' id='block_1_20' title="bbox 544 2002 2139 2079">
    <p class='ocr_par' dir='ltr' id='par_1_20' title="bbox 544 2002 2139 2079">
     <span class='ocr_line' id='line_1_20' title="bbox 544 2002 2139 2079; baseline -0.007 -12"><span class='ocrx_word' id='word_1_117' title='bbox 544 2013 589 2067; x_wconf 86' lang='lat' dir='ltr'><strong>si</strong></span> <span class='ocrx_word' id='word_1_118' title='bbox 618 2012 873 2079; x_wconf 85' lang='lat' dir='ltr'><strong>videres,</strong></span> <span class='ocrx_word' id='word_1_119' title='bbox 901 2012 1058 2067; x_wconf 92' lang='lat' dir='ltr'><strong>sicin</strong></span> <span class='ocrx_word' id='word_1_120' title='bbox 1103 2009 1238 2064; x_wconf 87' lang='lat' dir='ltr'><strong>mala</strong></span> <span class='ocrx_word' id='word_1_121' title='bbox 1279 2015 1434 2079; x_wconf 90' lang='lat' dir='ltr'><strong>parte</strong></span> <span class='ocrx_word' id='word_1_122' title='bbox 1476 2005 1596 2059; x_wconf 87' lang='lat' dir='ltr'><strong>illos</strong></span> <span class='ocrx_word' id='word_1_123' title='bbox 1634 2005 1719 2073; x_wconf 84' lang='lat' dir='ltr'><strong>qui</strong></span> <span class='ocrx_word' id='word_1_124' title='bbox 1771 2003 2035 2071; x_wconf 80' lang='lat' dir='ltr'><strong>pertinent</strong></span> <span class='ocrx_word' id='word_1_125' title='bbox 2073 2002 2139 2057; x_wconf 91' lang='lat' dir='ltr'><strong>ad</strong></span> 
     </span>
    </p>
   </div>
   <div class='ocr_carea' id='block_1_21' title="bbox 544 2093 2139 2174">
    <p class='ocr_par' dir='ltr' id='par_1_21' title="bbox 544 2093 2139 2174">
     <span class='ocr_line' id='line_1_21' title="bbox 544 2093 2139 2174; baseline -0.006 -14"><span class='ocrx_word' id='word_1_126' title='bbox 544 2104 814 2160; x_wconf 83' lang='lat' dir='ltr'><strong>hominem</strong></span> <span class='ocrx_word' id='word_1_127' title='bbox 868 2104 1135 2174; x_wconf 91' lang='lat' dir='ltr'><strong>primum,</strong></span> <span class='ocrx_word' id='word_1_128' title='bbox 1185 2099 1520 2156; x_wconf 85' lang='lat' dir='ltr'><strong>connexione</strong></span> <span class='ocrx_word' id='word_1_129' title='bbox 1570 2094 1971 2167; x_wconf 81' lang='lat' dir='ltr'><strong>generationis,</strong></span> <span class='ocrx_word' id='word_1_130' title='bbox 2022 2093 2139 2150; x_wconf 83' lang='lat' dir='ltr'><strong>sine</strong></span> 
     </span>
    </p>
   </div>
   <div class='ocr_carea' id='block_1_22' title="bbox 545 2186 2137 2264">
    <p class='ocr_par' dir='ltr' id='par_1_22' title="bbox 545 2186 2137 2264">
     <span class='ocr_line' id='line_1_22' title="bbox 545 2186 2137 2264; baseline -0.01 -9"><span class='ocrx_word' id='word_1_131' title='bbox 545 2199 725 2255; x_wconf 89' lang='lat' dir='ltr'><strong>studio</strong></span> <span class='ocrx_word' id='word_1_132' title='bbox 752 2212 863 2253; x_wconf 72' lang='lat' dir='ltr'><strong>sua:</strong></span> <span class='ocrx_word' id='word_1_133' title='bbox 904 2195 1231 2263; x_wconf 69' lang='lat' dir='ltr'><strong>voluntatis,</strong></span> <span class='ocrx_word' id='word_1_134' title='bbox 1274 2192 1477 2264; x_wconf 86' lang='lat' dir='ltr'><strong>peccati</strong></span> <span class='ocrx_word' id='word_1_135' title='bbox 1519 2191 1753 2247; x_wconf 85' lang='lat' dir='ltr'><strong>traxisse</strong></span> <span class='ocrx_word' id='word_1_136' title='bbox 1796 2186 2094 2258; x_wconf 81' lang='lat' dir='ltr'><strong>contagium</strong></span> <span class='ocrx_word' id='word_1_137' title='bbox 2121 2229 2137 2252; x_wconf 95' lang='lat'><strong>,</strong></span> 
     </span>
    </p>
   </div>
   <div class='ocr_carea' id='block_1_23' title="bbox 545 2281 2141 2366">
    <p class='ocr_par' dir='ltr' id='par_1_23' title="bbox 545 2281 2141 2366">
     <span class='ocr_line' id='line_1_23' title="bbox 545 2281 2141 2366; baseline -0.009 -17"><span class='ocrx_word' id='word_1_138' title='bbox 545 2291 995 2366; x_wconf 79' lang='lat' dir='ltr'><strong>quemadmodum</strong></span> <span class='ocrx_word' id='word_1_139' title='bbox 1027 2291 1105 2345; x_wconf 90' lang='lat' dir='ltr'><strong>illi</strong></span> <span class='ocrx_word' id='word_1_140' title='bbox 1134 2288 1379 2359; x_wconf 90' lang='lat' dir='ltr'><strong>parvuli,</strong></span> <span class='ocrx_word' id='word_1_141' title='bbox 1425 2286 1514 2356; x_wconf 88' lang='lat' dir='ltr'><strong>qui</strong></span> <span class='ocrx_word' id='word_1_142' title='bbox 1558 2285 1825 2354; x_wconf 85' lang='lat' dir='ltr'><strong>pertinent</strong></span> <span class='ocrx_word' id='word_1_143' title='bbox 1859 2281 1925 2337; x_wconf 91' lang='lat' dir='ltr'><strong>ad</strong></span> <span class='ocrx_word' id='word_1_144' title='bbox 1964 2281 2141 2336; x_wconf 88' lang='lat' dir='ltr'><strong>homi-</strong></span> 
     </span>
    </p>
   </div>
   <div class='ocr_carea' id='block_1_24' title="bbox 544 2374 2141 2449">
    <p class='ocr_par' dir='ltr' id='par_1_24' title="bbox 544 2374 2141 2449">
     <span class='ocr_line' id='line_1_24' title="bbox 544 2374 2141 2449; baseline -0.009 -7"><span class='ocrx_word' id='word_1_145' title='bbox 544 2401 671 2443; x_wconf 86' lang='lat' dir='ltr'><strong>nem</strong></span> <span class='ocrx_word' id='word_1_146' title='bbox 701 2385 994 2442; x_wconf 85' lang='lat' dir='ltr'><strong>secundum</strong></span> <span class='ocrx_word' id='word_1_147' title='bbox 1022 2426 1037 2449; x_wconf 93' lang='lat'><strong>,</strong></span> <span class='ocrx_word' id='word_1_148' title='bbox 1071 2384 1187 2437; x_wconf 88' lang='lat' dir='ltr'><strong>sine</strong></span> <span class='ocrx_word' id='word_1_149' title='bbox 1216 2379 1393 2435; x_wconf 89' lang='lat' dir='ltr'><strong>studio</strong></span> <span class='ocrx_word' id='word_1_150' title='bbox 1418 2378 1648 2449; x_wconf 76' lang='lat' dir='ltr'><strong>prepria:</strong></span> <span class='ocrx_word' id='word_1_151' title='bbox 1676 2374 1967 2431; x_wconf 82' lang='lat' dir='ltr'><strong>voluntatis</strong></span> <span class='ocrx_word' id='word_1_152' title='bbox 1993 2416 2009 2441; x_wconf 88' lang='lat'><strong>,</strong></span> <span class='ocrx_word' id='word_1_153' title='bbox 2045 2389 2141 2444; x_wconf 88' lang='lat' dir='ltr'><strong>per</strong></span> 
     </span>
    </p>
   </div>
   <div class='ocr_carea' id='block_1_25' title="bbox 544 2468 2141 2549">
    <p class='ocr_par' dir='ltr' id='par_1_25' title="bbox 544 2468 2141 2549">
     <span class='ocr_line' id='line_1_25' title="bbox 544 2468 2141 2549; baseline -0.008 -15"><span class='ocrx_word' id='word_1_154' title='bbox 544 2494 731 2549; x_wconf 85' lang='lat' dir='ltr'><strong>pacem</strong></span> <span class='ocrx_word' id='word_1_155' title='bbox 783 2475 1203 2547; x_wconf 77' lang='lat' dir='ltr'><strong>regenerationis</strong></span> <span class='ocrx_word' id='word_1_156' title='bbox 1261 2472 1479 2543; x_wconf 67' lang='lat' dir='ltr'><strong>iustitiae</strong></span> <span class='ocrx_word' id='word_1_157' title='bbox 1536 2470 1823 2541; x_wconf 87' lang='lat' dir='ltr'><strong>participes</strong></span> <span class='ocrx_word' id='word_1_158' title='bbox 1875 2468 2027 2522; x_wconf 83' lang='lat' dir='ltr'><strong>ﬁunt.</strong></span> <span class='ocrx_word' id='word_1_159' title='bbox 2082 2468 2141 2521; x_wconf 88' lang='lat' dir='ltr'><strong>Si</strong></span> 
     </span>
    </p>
   </div>
   <div class='ocr_carea' id='block_1_26' title="bbox 543 2561 2143 2638">
    <p class='ocr_par' dir='ltr' id='par_1_26' title="bbox 543 2561 2143 2638">
     <span class='ocr_line' id='line_1_26' title="bbox 543 2561 2143 2638; baseline -0.009 -11"><span class='ocrx_word' id='word_1_160' title='bbox 543 2581 721 2627; x_wconf 80' lang='lat' dir='ltr'><strong>autem</strong></span> <span class='ocrx_word' id='word_1_161' title='bbox 773 2586 955 2625; x_wconf 88' lang='lat' dir='ltr'><strong>semen</strong></span> <span class='ocrx_word' id='word_1_162' title='bbox 995 2584 1062 2624; x_wconf 90' lang='lat' dir='ltr'><strong>ex</strong></span> <span class='ocrx_word' id='word_1_163' title='bbox 1111 2576 1339 2638; x_wconf 86' lang='lat' dir='ltr'><strong>utraque</strong></span> <span class='ocrx_word' id='word_1_164' title='bbox 1378 2573 1526 2635; x_wconf 89' lang='lat' dir='ltr'><strong>parte</strong></span> <span class='ocrx_word' id='word_1_165' title='bbox 1563 2562 1850 2633; x_wconf 85' lang='lat' dir='ltr'><strong>deposcis:</strong></span> <span class='ocrx_word' id='word_1_166' title='bbox 1879 2561 2017 2616; x_wconf 89' lang='lat' dir='ltr'><strong>sicut</strong></span> <span class='ocrx_word' id='word_1_167' title='bbox 2046 2576 2143 2630; x_wconf 90' lang='lat' dir='ltr'><strong>per</strong></span> 
     </span>
    </p>
   </div>
   <div class='ocr_carea' id='block_1_27' title="bbox 544 2653 2142 2724">
    <p class='ocr_par' dir='ltr' id='par_1_27' title="bbox 544 2653 2142 2724">
     <span class='ocr_line' id='line_1_27' title="bbox 544 2653 2142 2724; baseline -0.007 -6"><span class='ocrx_word' id='word_1_168' title='bbox 544 2663 717 2718; x_wconf 82' lang='lat' dir='ltr'><strong>Adam</strong></span> <span class='ocrx_word' id='word_1_169' title='bbox 767 2678 947 2719; x_wconf 88' lang='lat' dir='ltr'><strong>semen</strong></span> <span class='ocrx_word' id='word_1_170' title='bbox 998 2661 1211 2717; x_wconf 86' lang='lat' dir='ltr'><strong>carnale</strong></span> <span class='ocrx_word' id='word_1_171' title='bbox 1257 2658 1503 2713; x_wconf 88' lang='lat' dir='ltr'><strong>vitiatum</strong></span> <span class='ocrx_word' id='word_1_172' title='bbox 1544 2664 1664 2724; x_wconf 90' lang='lat' dir='ltr'><strong>est,</strong></span> <span class='ocrx_word' id='word_1_173' title='bbox 1698 2655 1775 2709; x_wconf 92' lang='lat' dir='ltr'><strong>sic</strong></span> <span class='ocrx_word' id='word_1_174' title='bbox 1800 2655 1942 2724; x_wconf 81' lang='lat' dir='ltr'><strong>viget</strong></span> <span class='ocrx_word' id='word_1_175' title='bbox 1981 2653 2142 2723; x_wconf 90' lang='lat' dir='ltr'><strong>spiri-</strong></span> 
     </span>
    </p>
   </div>
   <div class='ocr_carea' id='block_1_28' title="bbox 545 2744 2137 2833">
    <p class='ocr_par' dir='ltr' id='par_1_28' title="bbox 545 2744 2137 2833">
     <span class='ocr_line' id='line_1_28' title="bbox 545 2744 2137 2833; baseline -0.008 -23"><span class='ocrx_word' id='word_1_176' title='bbox 545 2754 688 2811; x_wconf 85' lang='lat' dir='ltr'><strong>tuale</strong></span> <span class='ocrx_word' id='word_1_177' title='bbox 729 2770 824 2825; x_wconf 87' lang='lat' dir='ltr'><strong>per</strong></span> <span class='ocrx_word' id='word_1_178' title='bbox 871 2754 1165 2811; x_wconf 86' lang='lat' dir='ltr'><strong>Christum.</strong></span> <span class='ocrx_word' id='word_1_179' title='bbox 1213 2750 1365 2833; x_wconf 83' lang='lat' dir='ltr'><strong>Quod</strong></span> <span class='ocrx_word' id='word_1_180' title='bbox 1416 2764 1602 2806; x_wconf 91' lang='lat' dir='ltr'><strong>semen</strong></span> <span class='ocrx_word' id='word_1_181' title='bbox 1645 2746 1932 2802; x_wconf 90' lang='lat' dir='ltr'><strong>insinuavit</strong></span> <span class='ocrx_word' id='word_1_182' title='bbox 1982 2744 2137 2799; x_wconf 89' lang='lat' dir='ltr'><strong>nobis</strong></span> 
     </span>
    </p>
   </div>
   <div class='ocr_carea' id='block_1_29' title="bbox 543 2835 2137 2910">
    <p class='ocr_par' dir='ltr' id='par_1_29' title="bbox 543 2835 2137 2910">
     <span class='ocr_line' id='line_1_29' title="bbox 543 2835 2137 2910; baseline -0.009 -14"><span class='ocrx_word' id='word_1_183' title='bbox 543 2840 781 2896; x_wconf 84' lang='lat' dir='ltr'><strong>Joannes</strong></span> <span class='ocrx_word' id='word_1_184' title='bbox 819 2841 1089 2910; x_wconf 87' lang='lat' dir='ltr'><strong>apostolus</strong></span> <span class='ocrx_word' id='word_1_185' title='bbox 1114 2882 1128 2905; x_wconf 91' lang='lat'><strong>,</strong></span> <span class='ocrx_word' id='word_1_186' title='bbox 1175 2837 1393 2901; x_wconf 91' lang='lat' dir='ltr'><strong>dicens,</strong></span> <span class='ocrx_word' id='word_1_187' title='bbox 1434 2835 1496 2888; x_wconf 82' lang='lat' dir='ltr'><strong>Et</strong></span> <span class='ocrx_word' id='word_1_188' title='bbox 1544 2850 1645 2888; x_wconf 85' lang='lat' dir='ltr'><strong>non</strong></span> <span class='ocrx_word' id='word_1_189' title='bbox 1687 2840 1846 2904; x_wconf 79' lang='lat' dir='ltr'><strong>potest</strong></span> <span class='ocrx_word' id='word_1_190' title='bbox 1892 2845 2137 2899; x_wconf 85' lang='lat' dir='ltr'><strong>peccare,</strong></span> 
     </span>
    </p>
   </div>
   <div class='ocr_carea' id='block_1_30' title="bbox 543 2920 2140 3005">
    <p class='ocr_par' dir='ltr' id='par_1_30' title="bbox 543 2920 2140 3005">
     <span class='ocr_line' id='line_1_30' title="bbox 543 2920 2140 3005; baseline -0.008 -17"><span class='ocrx_word' id='word_1_191' title='bbox 543 2934 662 3005; x_wconf 79' lang='lat' dir='ltr'><strong>quia</strong></span> <span class='ocrx_word' id='word_1_192' title='bbox 689 2951 855 2988; x_wconf 80' lang='lat' dir='ltr'><strong>semen</strong></span> <span class='ocrx_word' id='word_1_193' title='bbox 880 2935 989 3005; x_wconf 79' lang='lat' dir='ltr'><strong>ejus</strong></span> <span class='ocrx_word' id='word_1_194' title='bbox 1016 2933 1069 2987; x_wconf 80' lang='lat' dir='ltr'><strong>in</strong></span> <span class='ocrx_word' id='word_1_195' title='bbox 1105 2933 1215 3001; x_wconf 83' lang='lat' dir='ltr'><strong>ipso</strong></span> <span class='ocrx_word' id='word_1_196' title='bbox 1243 2937 1408 2983; x_wconf 85' lang='lat' dir='ltr'><strong>manet</strong></span> <span class='ocrx_word' id='word_1_197' title='bbox 1451 2928 1468 2999; x_wconf 94' lang='lat'>(</span> <span class='ocrx_word' id='word_1_198' title='bbox 1491 2927 1512 2981; x_wconf 88' lang='grc' dir='ltr'>Ι</span> <span class='ocrx_word' id='word_1_199' title='bbox 1533 2925 1690 2980; x_wconf 78' lang='grc' dir='ltr'><strong>Ιοαη.</strong></span> <span class='ocrx_word' id='word_1_200' title='bbox 1721 2941 1778 2979; x_wconf 91' lang='grc' dir='ltr'><strong>ιιι</strong></span> <span class='ocrx_word' id='word_1_201' title='bbox 1806 2966 1820 2991; x_wconf 85' lang='grc'><em>,</em></span> <span class='ocrx_word' id='word_1_202' title='bbox 1847 2920 1943 2995; x_wconf 88' lang='lat'><strong>9</strong></span> <span class='ocrx_word' id='word_1_203' title='bbox 1985 2921 2140 2989; x_wconf 81' lang='lat' dir='ltr'><strong>Quod</strong></span> 
     </span>
    </p>
   </div>
   <div class='ocr_carea' id='block_1_31' title="bbox 546 3013 2139 3092">
    <p class='ocr_par' dir='ltr' id='par_1_31' title="bbox 546 3013 2139 3092">
     <span class='ocr_line' id='line_1_31' title="bbox 546 3013 2139 3092; baseline -0.009 -10"><span class='ocrx_word' id='word_1_204' title='bbox 546 3028 597 3082; x_wconf 91' lang='lat' dir='ltr'><strong>in</strong></span> <span class='ocrx_word' id='word_1_205' title='bbox 648 3028 825 3081; x_wconf 82' lang='lat' dir='ltr'><strong>futuro</strong></span> <span class='ocrx_word' id='word_1_206' title='bbox 875 3026 1072 3081; x_wconf 65' lang='grc' dir='ltr'>εωριιιο</span> <span class='ocrx_word' id='word_1_207' title='bbox 1120 3024 1262 3078; x_wconf 89' lang='lat' dir='ltr'><strong>bono</strong></span> <span class='ocrx_word' id='word_1_208' title='bbox 1312 3022 1486 3092; x_wconf 86' lang='lat' dir='ltr'><strong>potius</strong></span> <span class='ocrx_word' id='word_1_209' title='bbox 1535 3017 1849 3090; x_wconf 81' lang='lat' dir='ltr'><strong>apparebit,</strong></span> <span class='ocrx_word' id='word_1_210' title='bbox 1906 3015 1996 3069; x_wconf 88' lang='lat' dir='ltr'><strong>ubi</strong></span> <span class='ocrx_word' id='word_1_211' title='bbox 2048 3013 2139 3085; x_wconf 89' lang='lat' dir='ltr'><strong>qui</strong></span> 
     </span>
    </p>
   </div>
   <div class='ocr_carea' id='block_1_32' title="bbox 543 3110 2139 3192">
    <p class='ocr_par' dir='ltr' id='par_1_32' title="bbox 543 3110 2139 3192">
     <span class='ocr_line' id='line_1_32' title="bbox 543 3110 2139 3192; baseline -0.008 -17"><span class='ocrx_word' id='word_1_212' title='bbox 543 3130 741 3187; x_wconf 82' lang='lat' dir='ltr'><strong>erunt,</strong></span> <span class='ocrx_word' id='word_1_213' title='bbox 790 3136 1014 3192; x_wconf 86' lang='lat' dir='ltr'><strong>peccare</strong></span> <span class='ocrx_word' id='word_1_214' title='bbox 1060 3135 1165 3174; x_wconf 90' lang='lat' dir='ltr'><strong>non</strong></span> <span class='ocrx_word' id='word_1_215' title='bbox 1214 3124 1502 3189; x_wconf 89' lang='lat' dir='ltr'><strong>poterunt;</strong></span> <span class='ocrx_word' id='word_1_216' title='bbox 1548 3130 1651 3169; x_wconf 91' lang='lat' dir='ltr'><strong>non</strong></span> <span class='ocrx_word' id='word_1_217' title='bbox 1702 3114 1753 3167; x_wconf 91' lang='lat' dir='ltr'><strong>in</strong></span> <span class='ocrx_word' id='word_1_218' title='bbox 1799 3112 1897 3167; x_wconf 89' lang='lat' dir='ltr'><strong>hoc</strong></span> <span class='ocrx_word' id='word_1_219' title='bbox 1941 3110 2139 3165; x_wconf 72' lang='lat' dir='ltr'><strong>szcculo</strong></span> 
     </span>
    </p>
   </div>
   <div class='ocr_carea' id='block_1_33' title="bbox 544 3204 2137 3284">
    <p class='ocr_par' dir='ltr' id='par_1_33' title="bbox 544 3204 2137 3284">
     <span class='ocr_line' id='line_1_33' title="bbox 544 3204 2137 3284; baseline -0.008 -16"><span class='ocrx_word' id='word_1_220' title='bbox 544 3212 777 3284; x_wconf 90' lang='lat' dir='ltr'><strong>maligno</strong></span> <span class='ocrx_word' id='word_1_221' title='bbox 804 3254 819 3279; x_wconf 94' lang='lat'><strong>,</strong></span> <span class='ocrx_word' id='word_1_222' title='bbox 848 3212 933 3266; x_wconf 90' lang='lat' dir='ltr'><strong>ubi</strong></span> <span class='ocrx_word' id='word_1_223' title='bbox 965 3221 1021 3267; x_wconf 89' lang='lat' dir='ltr'><strong>et</strong></span> <span class='ocrx_word' id='word_1_224' title='bbox 1049 3210 1101 3267; x_wconf 91' lang='lat' dir='ltr'><strong>hi</strong></span> <span class='ocrx_word' id='word_1_225' title='bbox 1132 3210 1221 3282; x_wconf 91' lang='lat' dir='ltr'><strong>qui</strong></span> <span class='ocrx_word' id='word_1_226' title='bbox 1252 3209 1518 3278; x_wconf 86' lang='lat' dir='ltr'><strong>pertinent</strong></span> <span class='ocrx_word' id='word_1_227' title='bbox 1540 3205 1606 3261; x_wconf 90' lang='lat' dir='ltr'><strong>ad</strong></span> <span class='ocrx_word' id='word_1_228' title='bbox 1638 3204 1890 3258; x_wconf 67' lang='lat' dir='ltr'><strong>saeculum</strong></span> <span class='ocrx_word' id='word_1_229' title='bbox 1922 3211 2137 3271; x_wconf 90' lang='lat' dir='ltr'><strong>peccata</strong></span> 
     </span>
    </p>
   </div>
   <div class='ocr_carea' id='block_1_34' title="bbox 544 3294 2139 3372">
    <p class='ocr_par' dir='ltr' id='par_1_34' title="bbox 544 3294 2139 3372">
     <span class='ocr_line' id='line_1_34' title="bbox 544 3294 2139 3372; baseline -0.006 -13"><span class='ocrx_word' id='word_1_230' title='bbox 544 3321 650 3359; x_wconf 91' lang='lat' dir='ltr'><strong>non</strong></span> <span class='ocrx_word' id='word_1_231' title='bbox 682 3305 982 3360; x_wconf 89' lang='lat' dir='ltr'><strong>habiturum</strong></span> <span class='ocrx_word' id='word_1_232' title='bbox 1009 3348 1024 3372; x_wconf 93' lang='lat'><strong>,</strong></span> <span class='ocrx_word' id='word_1_233' title='bbox 1059 3304 1254 3359; x_wconf 86' lang='lat' dir='ltr'><strong>habent</strong></span> <span class='ocrx_word' id='word_1_234' title='bbox 1285 3299 1424 3356; x_wconf 90' lang='lat' dir='ltr'><strong>unde</strong></span> <span class='ocrx_word' id='word_1_235' title='bbox 1449 3297 1687 3370; x_wconf 87' lang='lat' dir='ltr'><strong>quotidie</strong></span> <span class='ocrx_word' id='word_1_236' title='bbox 1715 3306 1898 3367; x_wconf 88' lang='lat' dir='ltr'><strong>petant</strong></span> <span class='ocrx_word' id='word_1_237' title='bbox 1928 3310 1954 3347; x_wconf 76' lang='grc' dir='ltr'>τι</span> <span class='ocrx_word' id='word_1_238' title='bbox 1980 3294 2139 3350; x_wconf 80' lang='lat' dir='ltr'><strong>Patre</strong></span> 
     </span>
    </p>
   </div>
   <div class='ocr_carea' id='block_1_35' title="bbox 544 3398 1143 3467">
    <p class='ocr_par' dir='ltr' id='par_1_35' title="bbox 544 3398 1143 3467">
     <span class='ocr_line' id='line_1_35' title="bbox 544 3398 1143 3467; baseline -0.002 -17"><span class='ocrx_word' id='word_1_239' title='bbox 544 3398 751 3453; x_wconf 87' lang='lat' dir='ltr'><strong>veniam</strong></span> <span class='ocrx_word' id='word_1_240' title='bbox 783 3406 1143 3467; x_wconf 74' lang='lat' dir='ltr'><strong>peceatorum.</strong></span> 
     </span>
    </p>
   </div>
   <div class='ocr_carea' id='block_1_36' title="bbox 615 3480 2136 3557">
    <p class='ocr_par' dir='ltr' id='par_1_36' title="bbox 615 3480 2136 3557">
     <span class='ocr_line' id='line_1_36' title="bbox 615 3480 2136 3557; baseline -0.005 -14"><span class='ocrx_word' id='word_1_241' title='bbox 615 3488 864 3543; x_wconf 77' lang='lat' dir='ltr'><strong>CCXVII.</strong></span> <span class='ocrx_word' id='word_1_242' title='bbox 920 3489 1043 3544; x_wconf 71' lang='lat' dir='ltr'><strong>Jun.</strong></span> <span class='ocrx_word' id='word_1_243' title='bbox 1092 3489 1168 3540; x_wconf 75' lang='lat' dir='ltr'><strong>Ac</strong></span> <span class='ocrx_word' id='word_1_244' title='bbox 1216 3501 1310 3557; x_wconf 84' lang='lat' dir='ltr'><strong>per</strong></span> <span class='ocrx_word' id='word_1_245' title='bbox 1358 3485 1497 3550; x_wconf 88' lang='lat' dir='ltr'><strong>hoc,</strong></span> <span class='ocrx_word' id='word_1_246' title='bbox 1552 3482 1780 3537; x_wconf 80' lang='lat' dir='ltr'><strong>destruit</strong></span> <span class='ocrx_word' id='word_1_247' title='bbox 1829 3480 2136 3549; x_wconf 57' lang='lat' dir='ltr'><strong>Opinionem</strong></span> 
     </span>
    </p>
   </div>
   <div class='ocr_carea' id='block_1_37' title="bbox 542 3573 2135 3653">
    <p class='ocr_par' dir='ltr' id='par_1_37' title="bbox 542 3573 2135 3653">
     <span class='ocr_line' id='line_1_37' title="bbox 542 3573 2135 3653; baseline -0.007 -17"><span class='ocrx_word' id='word_1_248' title='bbox 542 3579 752 3653; x_wconf 84' lang='lat' dir='ltr'><strong>peccati</strong></span> <span class='ocrx_word' id='word_1_249' title='bbox 776 3578 1038 3635; x_wconf 85' lang='lat' dir='ltr'><strong>naturalis</strong></span> <span class='ocrx_word' id='word_1_250' title='bbox 1063 3621 1078 3645; x_wconf 94' lang='lat'><strong>,</strong></span> <span class='ocrx_word' id='word_1_251' title='bbox 1108 3587 1162 3632; x_wconf 91' lang='lat' dir='ltr'><strong>et</strong></span> <span class='ocrx_word' id='word_1_252' title='bbox 1190 3577 1345 3632; x_wconf 90' lang='lat' dir='ltr'><strong>docet</strong></span> <span class='ocrx_word' id='word_1_253' title='bbox 1371 3576 1501 3629; x_wconf 81' lang='lat' dir='ltr'><strong>alias</strong></span> <span class='ocrx_word' id='word_1_254' title='bbox 1526 3590 1644 3630; x_wconf 83' lang='lat' dir='ltr'><strong>esse</strong></span> <span class='ocrx_word' id='word_1_255' title='bbox 1671 3589 1860 3628; x_wconf 80' lang='lat' dir='ltr'><strong>causas</strong></span> <span class='ocrx_word' id='word_1_256' title='bbox 1886 3573 2135 3625; x_wconf 82' lang='lat' dir='ltr'><strong>substan-</strong></span> 
     </span>
    </p>
   </div>
   <div class='ocr_carea' id='block_1_38' title="bbox 543 3652 2137 3740">
    <p class='ocr_par' dir='ltr' id='par_1_38' title="bbox 543 3652 2137 3740">
     <span class='ocr_line' id='line_1_38' title="bbox 543 3652 2137 3740; baseline -0.007 -12"><span class='ocrx_word' id='word_1_257' title='bbox 543 3652 634 3728; x_wconf 73' lang='lat' dir='ltr'><strong>tia:</strong></span> <span class='ocrx_word' id='word_1_258' title='bbox 658 3714 674 3740; x_wconf 93' lang='lat'><strong>,</strong></span> <span class='ocrx_word' id='word_1_259' title='bbox 697 3673 829 3728; x_wconf 80' lang='lat' dir='ltr'><strong>alias</strong></span> <span class='ocrx_word' id='word_1_260' title='bbox 852 3671 1160 3726; x_wconf 84' lang='lat' dir='ltr'><strong>voluntatis.</strong></span> <span class='ocrx_word' id='word_1_261' title='bbox 1194 3671 1272 3725; x_wconf 77' lang='lat' dir='ltr'><strong>Ac</strong></span> <span class='ocrx_word' id='word_1_262' title='bbox 1312 3684 1379 3724; x_wconf 92' lang='lat' dir='ltr'><strong>nc</strong></span> <span class='ocrx_word' id='word_1_263' title='bbox 1413 3667 1760 3737; x_wconf 83' lang='lat' dir='ltr'><strong>intelligentia</strong></span> <span class='ocrx_word' id='word_1_264' title='bbox 1801 3652 1914 3719; x_wconf 73' lang='lat' dir='ltr'><strong>haec</strong></span> <span class='ocrx_word' id='word_1_265' title='bbox 1952 3672 2137 3718; x_wconf 84' lang='lat' dir='ltr'><strong>nostro</strong></span> 
     </span>
    </p>
   </div>
   <div class='ocr_carea' id='block_1_39' title="bbox 546 3755 2133 3837">
    <p class='ocr_par' dir='ltr' id='par_1_39' title="bbox 546 3755 2133 3837">
     <span class='ocr_line' id='line_1_39' title="bbox 546 3755 2133 3837; baseline -0.009 -15"><span class='ocrx_word' id='word_1_266' title='bbox 546 3766 717 3837; x_wconf 76' lang='lat' dir='ltr'><strong>magis</strong></span> <span class='ocrx_word' id='word_1_267' title='bbox 746 3765 1040 3834; x_wconf 88' lang='lat' dir='ltr'><strong>imputetur</strong></span> <span class='ocrx_word' id='word_1_268' title='bbox 1064 3764 1281 3835; x_wconf 84' lang='lat' dir='ltr'><strong>ingenio</strong></span> <span class='ocrx_word' id='word_1_269' title='bbox 1305 3803 1321 3829; x_wconf 95' lang='lat'><strong>,</strong></span> <span class='ocrx_word' id='word_1_270' title='bbox 1350 3776 1509 3833; x_wconf 84' lang='lat' dir='ltr'><strong>quam</strong></span> <span class='ocrx_word' id='word_1_271' title='bbox 1541 3757 1834 3827; x_wconf 86' lang='lat' dir='ltr'><strong>apostolico</strong></span> <span class='ocrx_word' id='word_1_272' title='bbox 1858 3755 2091 3825; x_wconf 80' lang='lat' dir='ltr'><strong>dogmati</strong></span> <span class='ocrx_word' id='word_1_273' title='bbox 2120 3797 2133 3821; x_wconf 93' lang='lat'><strong>,</strong></span> 
     </span>
    </p>
   </div>
   <div class='ocr_carea' id='block_1_40' title="bbox 544 3854 2137 3932">
    <p class='ocr_par' dir='ltr' id='par_1_40' title="bbox 544 3854 2137 3932">
     <span class='ocr_line' id='line_1_40' title="bbox 544 3854 2137 3932; baseline -0.006 -15"><span class='ocrx_word' id='word_1_274' title='bbox 544 3878 609 3917; x_wconf 85' lang='lat' dir='ltr'><strong>ea</strong></span> <span class='ocrx_word' id='word_1_275' title='bbox 632 3878 751 3932; x_wconf 74' lang='lat' dir='ltr'><strong>qua:</strong></span> <span class='ocrx_word' id='word_1_276' title='bbox 779 3861 899 3915; x_wconf 87' lang='lat' dir='ltr'><strong>huic</strong></span> <span class='ocrx_word' id='word_1_277' title='bbox 926 3861 1048 3916; x_wconf 90' lang='lat' dir='ltr'><strong>loco</strong></span> <span class='ocrx_word' id='word_1_278' title='bbox 1068 3858 1308 3922; x_wconf 86' lang='lat' dir='ltr'><strong>addidit,</strong></span> <span class='ocrx_word' id='word_1_279' title='bbox 1344 3857 1641 3912; x_wconf 85' lang='lat' dir='ltr'><strong>audiamus.</strong></span> <span class='ocrx_word' id='word_1_280' title='bbox 1672 3854 1776 3907; x_wconf 67' lang='lat' dir='ltr'><strong>Lex</strong></span> <span class='ocrx_word' id='word_1_281' title='bbox 1804 3864 1975 3907; x_wconf 70' lang='lat' dir='ltr'><strong>mitem</strong></span> <span class='ocrx_word' id='word_1_282' title='bbox 2013 3854 2137 3908; x_wconf 76' lang='lat' dir='ltr'><strong>sub-</strong></span> 
     </span>
    </p>
   </div>
   <div class='ocr_carea' id='block_1_41' title="bbox 544 3947 2135 4023">
    <p class='ocr_par' dir='ltr' id='par_1_41' title="bbox 544 3947 2135 4023">
     <span class='ocr_line' id='line_1_41' title="bbox 544 3947 2135 4023; baseline -0.004 -15"><span class='ocrx_word' id='word_1_283' title='bbox 544 3954 780 4019; x_wconf 80' lang='lat' dir='ltr'><strong>intravit,</strong></span> <span class='ocrx_word' id='word_1_284' title='bbox 834 3954 1038 4023; x_wconf 88' lang='lat' dir='ltr'><strong>inquit,</strong></span> <span class='ocrx_word' id='word_1_285' title='bbox 1094 3960 1150 4006; x_wconf 89' lang='lat' dir='ltr'><strong>ut</strong></span> <span class='ocrx_word' id='word_1_286' title='bbox 1193 3950 1471 4005; x_wconf 87' lang='lat' dir='ltr'><strong>abundaret</strong></span> <span class='ocrx_word' id='word_1_287' title='bbox 1515 3947 1792 4001; x_wconf 79' lang='lat' dir='ltr'><strong>delictum:</strong></span> <span class='ocrx_word' id='word_1_288' title='bbox 1836 3947 1920 4001; x_wconf 75' lang='lat' dir='ltr'><strong>ubi</strong></span> <span class='ocrx_word' id='word_1_289' title='bbox 1968 3956 2135 4001; x_wconf 78' lang='lat' dir='ltr'><strong>autem</strong></span> 
     </span>
    </p>
   </div>
   <div class='ocr_carea' id='block_1_42' title="bbox 543 4038 2137 4116">
    <p class='ocr_par' dir='ltr' id='par_1_42' title="bbox 543 4038 2137 4116">
     <span class='ocr_line' id='line_1_42' title="bbox 543 4038 2137 4116; baseline -0.006 -15"><span class='ocrx_word' id='word_1_290' title='bbox 543 4047 818 4101; x_wconf 77' lang='lat' dir='ltr'><strong>abundarit</strong></span> <span class='ocrx_word' id='word_1_291' title='bbox 856 4055 1153 4116; x_wconf 83' lang='lat' dir='ltr'><strong>peccatum,</strong></span> <span class='ocrx_word' id='word_1_292' title='bbox 1195 4041 1620 4112; x_wconf 74' lang='lat' dir='ltr'><strong>superabundavit</strong></span> <span class='ocrx_word' id='word_1_293' title='bbox 1658 4041 1859 4111; x_wconf 80' lang='lat' dir='ltr'><strong>gratia;</strong></span> <span class='ocrx_word' id='word_1_294' title='bbox 1906 4048 1961 4092; x_wconf 88' lang='lat' dir='ltr'><strong>ut</strong></span> <span class='ocrx_word' id='word_1_295' title='bbox 2006 4038 2137 4093; x_wconf 80' lang='lat' dir='ltr'><strong>sicut</strong></span> 
     </span>
    </p>
   </div>
   <div class='ocr_carea' id='block_1_43' title="bbox 538 4133 2137 4213">
    <p class='ocr_par' dir='ltr' id='par_1_43' title="bbox 538 4133 2137 4213">
     <span class='ocr_line' id='line_1_43' title="bbox 538 4133 2137 4213; baseline -0.006 -18"><span class='ocrx_word' id='word_1_296' title='bbox 538 4141 767 4213; x_wconf 63' lang='lat' dir='ltr'><strong>regnavit</strong></span> <span class='ocrx_word' id='word_1_297' title='bbox 796 4147 1055 4208; x_wconf 81' lang='lat' dir='ltr'><strong>peccatum</strong></span> <span class='ocrx_word' id='word_1_298' title='bbox 1083 4139 1136 4191; x_wconf 82' lang='lat' dir='ltr'><strong>in</strong></span> <span class='ocrx_word' id='word_1_299' title='bbox 1168 4147 1379 4189; x_wconf 79' lang='lat' dir='ltr'><strong>mortem</strong></span> <span class='ocrx_word' id='word_1_300' title='bbox 1404 4176 1420 4201; x_wconf 95' lang='lat'><strong>,</strong></span> <span class='ocrx_word' id='word_1_301' title='bbox 1451 4135 1520 4187; x_wconf 81' lang='lat' dir='ltr'><strong>ita</strong></span> <span class='ocrx_word' id='word_1_302' title='bbox 1552 4141 1598 4187; x_wconf 86' lang='lat' dir='ltr'><strong>et</strong></span> <span class='ocrx_word' id='word_1_303' title='bbox 1629 4133 1797 4203; x_wconf 83' lang='lat' dir='ltr'><strong>gratia</strong></span> <span class='ocrx_word' id='word_1_304' title='bbox 1836 4141 2006 4203; x_wconf 74' lang='lat' dir='ltr'><strong>regnet</strong></span> <span class='ocrx_word' id='word_1_305' title='bbox 2048 4148 2137 4202; x_wconf 82' lang='lat' dir='ltr'><strong>per</strong></span> 
     </span>
    </p>
   </div>
   <div class='ocr_carea' id='block_1_44' title="bbox 542 4223 2136 4310">
    <p class='ocr_par' dir='ltr' id='par_1_44' title="bbox 542 4223 2136 4310">
     <span class='ocr_line' id='line_1_44' title="bbox 542 4223 2136 4310; baseline -0.008 -23"><span class='ocrx_word' id='word_1_306' title='bbox 542 4233 823 4310; x_wconf 63' lang='lat' dir='ltr'><strong>justitiam,</strong></span> <span class='ocrx_word' id='word_1_307' title='bbox 883 4233 937 4285; x_wconf 81' lang='lat' dir='ltr'><strong>in</strong></span> <span class='ocrx_word' id='word_1_308' title='bbox 984 4232 1137 4284; x_wconf 77' lang='lat' dir='ltr'><strong>vitam</strong></span> <span class='ocrx_word' id='word_1_309' title='bbox 1182 4239 1459 4299; x_wconf 69' lang='lat' dir='ltr'><strong>retentam,</strong></span> <span class='ocrx_word' id='word_1_310' title='bbox 1518 4242 1605 4294; x_wconf 81' lang='lat' dir='ltr'><strong>per</strong></span> <span class='ocrx_word' id='word_1_311' title='bbox 1656 4223 1835 4278; x_wconf 73' lang='lat' dir='ltr'><strong>Iesum</strong></span> <span class='ocrx_word' id='word_1_312' title='bbox 1882 4223 2136 4277; x_wconf 66' lang='lat' dir='ltr'><strong>Christian</strong></span> 
     </span>
    </p>
   </div>
   <div class='ocr_carea' id='block_1_45' title="bbox 542 4315 2138 4393">
    <p class='ocr_par' dir='ltr' id='par_1_45' title="bbox 542 4315 2138 4393">
     <span class='ocr_line' id='line_1_45' title="bbox 542 4315 2138 4393; baseline -0.007 -11"><span class='ocrx_word' id='word_1_313' title='bbox 542 4325 821 4382; x_wconf 77' lang='lat' dir='ltr'><strong>Dominum</strong></span> <span class='ocrx_word' id='word_1_314' title='bbox 852 4334 1083 4379; x_wconf 69' lang='lat' dir='ltr'><strong>nostrum</strong></span> <span class='ocrx_word' id='word_1_315' title='bbox 1126 4322 1145 4393; x_wconf 89' lang='lat'>(</span> <span class='ocrx_word' id='word_1_316' title='bbox 1169 4320 1318 4376; x_wconf 86' lang='lat' dir='ltr'><strong>Rom.</strong></span> <span class='ocrx_word' id='word_1_317' title='bbox 1350 4337 1403 4388; x_wconf 92' lang='lat' dir='ltr'><strong>v,</strong></span> <span class='ocrx_word' id='word_1_318' title='bbox 1432 4317 1502 4374; x_wconf 68' lang='grc' dir='ltr'><strong>ΞΟ</strong></span> <span class='ocrx_word' id='word_1_319' title='bbox 1524 4327 1571 4372; x_wconf 85' lang='lat' dir='ltr'><strong>et</strong></span> <span class='ocrx_word' id='word_1_320' title='bbox 1595 4317 1657 4373; x_wconf 65' lang='grc' dir='ltr'><em>Ἦ</em></span> <span class='ocrx_word' id='word_1_321' title='bbox 1686 4315 1728 4391; x_wconf 88' lang='grc'><strong>).</strong></span> <span class='ocrx_word' id='word_1_322' title='bbox 1761 4317 1954 4370; x_wconf 78' lang='lat' dir='ltr'><strong>Assere</strong></span> <span class='ocrx_word' id='word_1_323' title='bbox 1981 4316 2138 4387; x_wconf 82' lang='lat' dir='ltr'><strong>igitur</strong></span> 
     </span>
    </p>
   </div>
   <div class='ocr_carea' id='block_1_46' title="bbox 541 4408 2133 4490">
    <p class='ocr_par' dir='ltr' id='par_1_46' title="bbox 541 4408 2133 4490">
     <span class='ocr_line' id='line_1_46' title="bbox 541 4408 2133 4490; baseline -0.008 -14"><span class='ocrx_word' id='word_1_324' title='bbox 541 4418 992 4490; x_wconf 71' lang='lat' dir='ltr'><strong>quemadmodum</strong></span> <span class='ocrx_word' id='word_1_325' title='bbox 1032 4421 1307 4486; x_wconf 87' lang='lat' dir='ltr'><strong>peceatum</strong></span> <span class='ocrx_word' id='word_1_326' title='bbox 1350 4422 1537 4480; x_wconf 78' lang='lat' dir='ltr'><strong>tuum,</strong></span> <span class='ocrx_word' id='word_1_327' title='bbox 1586 4410 1636 4466; x_wconf 91' lang='lat' dir='ltr'><strong>id</strong></span> <span class='ocrx_word' id='word_1_328' title='bbox 1682 4417 1763 4464; x_wconf 84' lang='lat' dir='ltr'><strong>est</strong></span> <span class='ocrx_word' id='word_1_329' title='bbox 1791 4450 1805 4474; x_wconf 94' lang='lat'><strong>,</strong></span> <span class='ocrx_word' id='word_1_330' title='bbox 1858 4408 2133 4477; x_wconf 82' lang='lat' dir='ltr'><strong>traducis,</strong></span> 
     </span>
    </p>
   </div>
   <div class='ocr_carea' id='block_1_47' title="bbox 540 4501 2135 4587">
    <p class='ocr_par' dir='ltr' id='par_1_47' title="bbox 540 4501 2135 4587">
     <span class='ocr_line' id='line_1_47' title="bbox 540 4501 2135 4587; baseline -0.009 -18"><span class='ocrx_word' id='word_1_331' title='bbox 540 4511 770 4587; x_wconf 65' lang='lat' dir='ltr'><strong>emperit</strong></span> <span class='ocrx_word' id='word_1_332' title='bbox 794 4510 1071 4567; x_wconf 82' lang='lat' dir='ltr'><strong>abundare</strong></span> <span class='ocrx_word' id='word_1_333' title='bbox 1098 4516 1219 4578; x_wconf 87' lang='lat' dir='ltr'><strong>post</strong></span> <span class='ocrx_word' id='word_1_334' title='bbox 1248 4506 1450 4577; x_wconf 88' lang='lat' dir='ltr'><strong>legem,</strong></span> <span class='ocrx_word' id='word_1_335' title='bbox 1489 4520 1607 4575; x_wconf 72' lang='lat' dir='ltr'><strong>quas</strong></span> <span class='ocrx_word' id='word_1_336' title='bbox 1638 4510 1757 4573; x_wconf 89' lang='lat' dir='ltr'><strong>post</strong></span> <span class='ocrx_word' id='word_1_337' title='bbox 1782 4501 2135 4557; x_wconf 83' lang='lat' dir='ltr'><strong>ministerium</strong></span> 
     </span>
    </p>
   </div>
   <div class='ocr_carea' id='block_1_48' title="bbox 544 4599 1465 4677">
    <p class='ocr_par' dir='ltr' id='par_1_48' title="bbox 544 4599 1465 4677">
     <span class='ocr_line' id='line_1_48' title="bbox 544 4599 1465 4677; baseline -0.011 -16"><span class='ocrx_word' id='word_1_338' title='bbox 544 4604 715 4677; x_wconf 72' lang='lat' dir='ltr'><strong>Moysi</strong></span> <span class='ocrx_word' id='word_1_339' title='bbox 737 4604 758 4635; x_wconf 87' lang='grc'>³</span> <span class='ocrx_word' id='word_1_340' title='bbox 790 4604 1119 4659; x_wconf 89' lang='lat' dir='ltr'><strong>incrementa</strong></span> <span class='ocrx_word' id='word_1_341' title='bbox 1148 4599 1465 4670; x_wconf 90' lang='lat' dir='ltr'><strong>susceperit.</strong></span> 
     </span>
    </p>
   </div>
   <div class='ocr_carea' id='block_1_49' title="bbox 618 4688 2138 4769">
    <p class='ocr_par' dir='ltr' id='par_1_49' title="bbox 618 4688 2138 4769">
     <span class='ocr_line' id='line_1_49' title="bbox 618 4688 2138 4769; baseline -0.006 -18"><span class='ocrx_word' id='word_1_342' title='bbox 618 4697 756 4753; x_wconf 77' lang='lat' dir='ltr'><strong>Anc.</strong></span> <span class='ocrx_word' id='word_1_343' title='bbox 807 4696 916 4749; x_wconf 84' lang='lat' dir='ltr'><strong>imo</strong></span> <span class='ocrx_word' id='word_1_344' title='bbox 962 4706 1015 4751; x_wconf 92' lang='lat' dir='ltr'><strong>tu</strong></span> <span class='ocrx_word' id='word_1_345' title='bbox 1078 4710 1301 4769; x_wconf 81' lang='lat' dir='ltr'><strong>assere,</strong></span> <span class='ocrx_word' id='word_1_346' title='bbox 1351 4689 1659 4763; x_wconf 75' lang='lat' dir='ltr'><strong>quomodo,</strong></span> <span class='ocrx_word' id='word_1_347' title='bbox 1702 4691 1837 4746; x_wconf 86' lang='lat' dir='ltr'><strong>sicut</strong></span> <span class='ocrx_word' id='word_1_348' title='bbox 1893 4688 2138 4758; x_wconf 87' lang='lat' dir='ltr'><strong>superius</strong></span> 
     </span>
    </p>
   </div>
   <div class='ocr_carea' id='block_1_50' title="bbox 545 4779 2139 4856">
    <p class='ocr_par' dir='ltr' id='par_1_50' title="bbox 545 4779 2139 4856">
     <span class='ocr_line' id='line_1_50' title="bbox 545 4779 2139 4856; baseline -0.006 -14"><span class='ocrx_word' id='word_1_349' title='bbox 545 4786 727 4842; x_wconf 78' lang='lat' dir='ltr'><strong>dixisti</strong></span> <span class='ocrx_word' id='word_1_350' title='bbox 759 4786 777 4855; x_wconf 85' lang='lat'><strong>(</strong></span> <span class='ocrx_word' id='word_1_351' title='bbox 804 4784 978 4854; x_wconf 85' lang='lat' dir='ltr'><strong>Supra</strong></span> <span class='ocrx_word' id='word_1_352' title='bbox 1006 4828 1019 4849; x_wconf 89' lang='lat'><strong>,</strong></span> <span class='ocrx_word' id='word_1_353' title='bbox 1046 4798 1162 4856; x_wconf 72' lang='lat' dir='ltr'><strong>cap.</strong></span> <span class='ocrx_word' id='word_1_354' title='bbox 1200 4785 1303 4839; x_wconf 70' lang='lat'><strong>198</strong></span> <span class='ocrx_word' id='word_1_355' title='bbox 1328 4785 1368 4855; x_wconf 93' lang='lat'><strong>),</strong></span> <span class='ocrx_word' id='word_1_356' title='bbox 1400 4798 1623 4854; x_wconf 87' lang='lat' dir='ltr'><strong>regnum</strong></span> <span class='ocrx_word' id='word_1_357' title='bbox 1652 4781 1854 4851; x_wconf 83' lang='lat' dir='ltr'><strong>peccati</strong></span> <span class='ocrx_word' id='word_1_358' title='bbox 1886 4780 1991 4834; x_wconf 88' lang='lat' dir='ltr'><strong>lata</strong></span> <span class='ocrx_word' id='word_1_359' title='bbox 2022 4779 2139 4848; x_wconf 87' lang='lat' dir='ltr'><strong>lege</strong></span> 
     </span>
    </p>
   </div>
   <div class='ocr_carea' id='block_1_51' title="bbox 540 4872 2137 4947">
    <p class='ocr_par' dir='ltr' id='par_1_51' title="bbox 540 4872 2137 4947">
     <span class='ocr_line' id='line_1_51' title="bbox 540 4872 2137 4947; baseline -0.005 -13"><span class='ocrx_word' id='word_1_360' title='bbox 540 4877 831 4943; x_wconf 81' lang='lat' dir='ltr'><strong>ceciderit;</strong></span> <span class='ocrx_word' id='word_1_361' title='bbox 875 4892 995 4931; x_wconf 86' lang='lat' dir='ltr'><strong>eum</strong></span> <span class='ocrx_word' id='word_1_362' title='bbox 1022 4878 1163 4932; x_wconf 85' lang='lat' dir='ltr'><strong>dicat</strong></span> <span class='ocrx_word' id='word_1_363' title='bbox 1191 4876 1479 4947; x_wconf 79' lang='lat' dir='ltr'><strong>Apostolus</strong></span> <span class='ocrx_word' id='word_1_364' title='bbox 1503 4917 1518 4940; x_wconf 88' lang='lat'><strong>,</strong></span> <span class='ocrx_word' id='word_1_365' title='bbox 1554 4876 1660 4929; x_wconf 88' lang='lat' dir='ltr'><strong>lata</strong></span> <span class='ocrx_word' id='word_1_366' title='bbox 1689 4874 1804 4943; x_wconf 84' lang='lat' dir='ltr'><strong>lege</strong></span> <span class='ocrx_word' id='word_1_367' title='bbox 1838 4872 2137 4928; x_wconf 88' lang='lat' dir='ltr'><strong>abundasse</strong></span> 
     </span>
    </p>
   </div>
   <div class='ocr_carea' id='block_1_52' title="bbox 544 4965 2134 5043">
    <p class='ocr_par' dir='ltr' id='par_1_52' title="bbox 544 4965 2134 5043">
     <span class='ocr_line' id='line_1_52' title="bbox 544 4965 2134 5043; baseline -0.003 -19"><span class='ocrx_word' id='word_1_368' title='bbox 544 4981 845 5043; x_wconf 83' lang='lat' dir='ltr'><strong>peccatum.</strong></span> <span class='ocrx_word' id='word_1_369' title='bbox 897 4970 1013 5041; x_wconf 87' lang='lat' dir='ltr'><strong>Ego</strong></span> <span class='ocrx_word' id='word_1_370' title='bbox 1057 4979 1232 5024; x_wconf 84' lang='lat' dir='ltr'><strong>autem</strong></span> <span class='ocrx_word' id='word_1_371' title='bbox 1272 4969 1412 5039; x_wconf 83' lang='lat' dir='ltr'><strong>quod</strong></span> <span class='ocrx_word' id='word_1_372' title='bbox 1460 4968 1567 5023; x_wconf 82' lang='lat' dir='ltr'><strong>dixi</strong></span> <span class='ocrx_word' id='word_1_373' title='bbox 1607 4982 1828 5021; x_wconf 83' lang='lat' dir='ltr'><strong>assero:</strong></span> <span class='ocrx_word' id='word_1_374' title='bbox 1868 4968 1996 5037; x_wconf 86' lang='lat' dir='ltr'><strong>quia</strong></span> <span class='ocrx_word' id='word_1_375' title='bbox 2035 4965 2134 5021; x_wconf 91' lang='lat' dir='ltr'><strong>etsi</strong></span> 
     </span>
    </p>
   </div>
   <div class='ocr_carea' id='block_1_53' title="bbox 544 5056 2139 5129">
    <p class='ocr_par' dir='ltr' id='par_1_53' title="bbox 544 5056 2139 5129">
     <span class='ocr_line' id='line_1_53' title="bbox 544 5056 2139 5129; baseline -0.004 -9"><span class='ocrx_word' id='word_1_376' title='bbox 544 5079 652 5120; x_wconf 87' lang='lat' dir='ltr'><strong>non</strong></span> <span class='ocrx_word' id='word_1_377' title='bbox 682 5077 918 5118; x_wconf 81' lang='lat' dir='ltr'><strong>asseram</strong></span> <span class='ocrx_word' id='word_1_378' title='bbox 937 5105 951 5127; x_wconf 89' lang='lat'><strong>,</strong></span> <span class='ocrx_word' id='word_1_379' title='bbox 985 5062 1186 5116; x_wconf 85' lang='lat' dir='ltr'><strong>clarum</strong></span> <span class='ocrx_word' id='word_1_380' title='bbox 1212 5070 1314 5116; x_wconf 87' lang='lat' dir='ltr'><strong>est.</strong></span> <span class='ocrx_word' id='word_1_381' title='bbox 1345 5061 1629 5115; x_wconf 86' lang='lat' dir='ltr'><strong>Peccatum</strong></span> <span class='ocrx_word' id='word_1_382' title='bbox 1659 5059 1853 5129; x_wconf 89' lang='lat' dir='ltr'><strong>quippe</strong></span> <span class='ocrx_word' id='word_1_383' title='bbox 1877 5056 2139 5128; x_wconf 77' lang='lat' dir='ltr'><strong>originale</strong></span> 
     </span>
    </p>
   </div>
   <div class='ocr_carea' id='block_1_54' title="bbox 540 5150 2136 5223">
    <p class='ocr_par' dir='ltr' id='par_1_54' title="bbox 540 5150 2136 5223">
     <span class='ocr_line' id='line_1_54' title="bbox 540 5150 2136 5223; baseline -0.004 -14"><span class='ocrx_word' id='word_1_384' title='bbox 540 5154 641 5210; x_wconf 76' lang='lat' dir='ltr'><strong>fuit</strong></span> <span class='ocrx_word' id='word_1_385' title='bbox 668 5163 723 5209; x_wconf 90' lang='lat' dir='ltr'><strong>et</strong></span> <span class='ocrx_word' id='word_1_386' title='bbox 752 5163 873 5209; x_wconf 89' lang='lat' dir='ltr'><strong>ante</strong></span> <span class='ocrx_word' id='word_1_387' title='bbox 902 5154 1074 5223; x_wconf 84' lang='lat' dir='ltr'><strong>legem</strong></span> <span class='ocrx_word' id='word_1_388' title='bbox 1101 5171 1113 5207; x_wconf 90' lang='lat'><strong>:</strong></span> <span class='ocrx_word' id='word_1_389' title='bbox 1141 5154 1260 5222; x_wconf 88' lang='lat' dir='ltr'><strong>quia</strong></span> <span class='ocrx_word' id='word_1_390' title='bbox 1293 5168 1390 5222; x_wconf 89' lang='lat' dir='ltr'><strong>per</strong></span> <span class='ocrx_word' id='word_1_391' title='bbox 1426 5167 1587 5206; x_wconf 89' lang='lat' dir='ltr'><strong>unum</strong></span> <span class='ocrx_word' id='word_1_392' title='bbox 1632 5150 1901 5205; x_wconf 83' lang='lat' dir='ltr'><strong>hominem</strong></span> <span class='ocrx_word' id='word_1_393' title='bbox 1946 5165 2136 5219; x_wconf 87' lang='lat' dir='ltr'><strong>pecca-</strong></span> 
     </span>
    </p>
   </div>
   <div class='ocr_carea' id='block_1_55' title="bbox 542 5246 2136 5313">
    <p class='ocr_par' dir='ltr' id='par_1_55' title="bbox 542 5246 2136 5313">
     <span class='ocr_line' id='line_1_55' title="bbox 542 5246 2136 5313; baseline -0.005 -8"><span class='ocrx_word' id='word_1_394' title='bbox 542 5257 653 5305; x_wconf 77' lang='lat' dir='ltr'><strong>tum</strong></span> <span class='ocrx_word' id='word_1_395' title='bbox 685 5247 902 5303; x_wconf 77' lang='lat' dir='ltr'><strong>intravit</strong></span> <span class='ocrx_word' id='word_1_396' title='bbox 932 5248 983 5302; x_wconf 92' lang='lat' dir='ltr'><strong>in</strong></span> <span class='ocrx_word' id='word_1_397' title='bbox 1015 5246 1271 5302; x_wconf 83' lang='lat' dir='ltr'><strong>mundum</strong></span> <span class='ocrx_word' id='word_1_398' title='bbox 1293 5289 1309 5313; x_wconf 95' lang='lat'><strong>,</strong></span> <span class='ocrx_word' id='word_1_399' title='bbox 1331 5254 1383 5299; x_wconf 87' lang='lat' dir='ltr'><strong>et</strong></span> <span class='ocrx_word' id='word_1_400' title='bbox 1400 5260 1522 5301; x_wconf 90' lang='lat' dir='ltr'><strong>cum</strong></span> <span class='ocrx_word' id='word_1_401' title='bbox 1545 5246 1637 5300; x_wconf 93' lang='lat' dir='ltr'><strong>illo</strong></span> <span class='ocrx_word' id='word_1_402' title='bbox 1667 5258 1811 5300; x_wconf 86' lang='lat' dir='ltr'><strong>mors</strong></span> <span class='ocrx_word' id='word_1_403' title='bbox 1834 5250 1927 5312; x_wconf 77' lang='lat' dir='ltr'><strong>per</strong></span> <span class='ocrx_word' id='word_1_404' title='bbox 1947 5255 2136 5298; x_wconf 90' lang='lat' dir='ltr'><strong>omnes</strong></span> 
     </span>
    </p>
   </div>
   <div class='ocr_carea' id='block_1_56' title="bbox 542 5336 2138 5412">
    <p class='ocr_par' dir='ltr' id='par_1_56' title="bbox 542 5336 2138 5412">
     <span class='ocr_line' id='line_1_56' title="bbox 542 5336 2138 5412; baseline -0.004 -17"><span class='ocrx_word' id='word_1_405' title='bbox 542 5340 788 5401; x_wconf 78' lang='lat' dir='ltr'><strong>homines</strong></span> <span class='ocrx_word' id='word_1_406' title='bbox 816 5338 1166 5412; x_wconf 52' lang='lat' dir='ltr'><strong>pertransiitt</strong></span> <span class='ocrx_word' id='word_1_407' title='bbox 1193 5339 1343 5394; x_wconf 84' lang='lat' dir='ltr'><strong>Rom.</strong></span> <span class='ocrx_word' id='word_1_408' title='bbox 1375 5355 1429 5405; x_wconf 79' lang='grc' dir='ltr'><strong>ν,</strong></span> <span class='ocrx_word' id='word_1_409' title='bbox 1460 5339 1527 5397; x_wconf 68' lang='grc'>12</span> <span class='ocrx_word' id='word_1_410' title='bbox 1547 5338 1587 5410; x_wconf 79' lang='grc'><strong>).</strong></span> <span class='ocrx_word' id='word_1_411' title='bbox 1620 5338 1748 5392; x_wconf 82' lang='lat' dir='ltr'><strong>Erat</strong></span> <span class='ocrx_word' id='word_1_412' title='bbox 1792 5344 1847 5392; x_wconf 86' lang='lat' dir='ltr'><strong>et</strong></span> <span class='ocrx_word' id='word_1_413' title='bbox 1892 5336 2138 5391; x_wconf 81' lang='lat' dir='ltr'><strong>volunta-</strong></span> 
     </span>
    </p>
   </div>
   <div class='ocr_carea' id='block_1_57' title="bbox 536 5430 2135 5503">
    <p class='ocr_par' dir='ltr' id='par_1_57' title="bbox 536 5430 2135 5503">
     <span class='ocr_line' id='line_1_57' title="bbox 536 5430 2135 5503; baseline -0.001 -16"><span class='ocrx_word' id='word_1_414' title='bbox 536 5434 678 5489; x_wconf 78' lang='lat' dir='ltr'><strong>rium</strong></span> <span class='ocrx_word' id='word_1_415' title='bbox 700 5451 720 5488; x_wconf 70' lang='grc' dir='ltr'>ς</span> <span class='ocrx_word' id='word_1_416' title='bbox 746 5433 999 5503; x_wconf 68' lang='lat' dir='ltr'><strong>quoniam</strong></span> <span class='ocrx_word' id='word_1_417' title='bbox 1026 5432 1117 5503; x_wconf 80' lang='lat' dir='ltr'><strong>qui</strong></span> <span class='ocrx_word' id='word_1_418' title='bbox 1149 5433 1266 5503; x_wconf 68' lang='lat' dir='ltr'><strong>sine</strong></span> <span class='ocrx_word' id='word_1_419' title='bbox 1291 5431 1406 5501; x_wconf 87' lang='lat' dir='ltr'><strong>lege</strong></span> <span class='ocrx_word' id='word_1_420' title='bbox 1430 5439 1787 5501; x_wconf 66' lang='lat' dir='ltr'><strong>paccavermu</strong></span> <span class='ocrx_word' id='word_1_421' title='bbox 1809 5472 1824 5497; x_wconf 97' lang='lat'><strong>,</strong></span> <span class='ocrx_word' id='word_1_422' title='bbox 1870 5431 1985 5486; x_wconf 87' lang='lat' dir='ltr'><strong>sine</strong></span> <span class='ocrx_word' id='word_1_423' title='bbox 2010 5430 2135 5500; x_wconf 78' lang='lat' dir='ltr'><strong>lege</strong></span> 
     </span>
    </p>
   </div>
   <div class='ocr_carea' id='block_1_58' title="bbox 544 5521 2136 5595">
    <p class='ocr_par' dir='ltr' id='par_1_58' title="bbox 544 5521 2136 5595">
     <span class='ocr_line' id='line_1_58' title="bbox 544 5521 2136 5595; baseline -0.002 -18"><span class='ocrx_word' id='word_1_424' title='bbox 544 5524 791 5593; x_wconf 59' lang='grc' dir='ltr'><strong>νίς-ἱὴυηι</strong></span> <span class='ocrx_word' id='word_1_425' title='bbox 839 5523 967 5595; x_wconf 87' lang='lat' dir='ltr'><strong>(Id.</strong></span> <span class='ocrx_word' id='word_1_426' title='bbox 1011 5536 1091 5589; x_wconf 88' lang='grc' dir='ltr'>ιι,</span> <span class='ocrx_word' id='word_1_427' title='bbox 1138 5524 1206 5580; x_wconf 71' lang='grc'><strong>12</strong></span> <span class='ocrx_word' id='word_1_428' title='bbox 1232 5522 1273 5593; x_wconf 85' lang='grc'><strong>).</strong></span> <span class='ocrx_word' id='word_1_429' title='bbox 1324 5521 1653 5578; x_wconf 76' lang='lat' dir='ltr'><strong>Subintravit</strong></span> <span class='ocrx_word' id='word_1_430' title='bbox 1692 5529 1873 5578; x_wconf 80' lang='lat' dir='ltr'><strong>autem</strong></span> <span class='ocrx_word' id='word_1_431' title='bbox 1922 5522 2042 5586; x_wconf 79' lang='lat' dir='ltr'><strong>lex,</strong></span> <span class='ocrx_word' id='word_1_432' title='bbox 2074 5530 2136 5575; x_wconf 88' lang='lat' dir='ltr'><strong>ut</strong></span> 
     </span>
    </p>
   </div>
   <div class='ocr_carea' id='block_1_59' title="bbox 539 5616 2130 5691">
    <p class='ocr_par' dir='ltr' id='par_1_59' title="bbox 539 5616 2130 5691">
     <span class='ocr_line' id='line_1_59' title="bbox 539 5616 2130 5691; baseline 0 -20"><span class='ocrx_word' id='word_1_433' title='bbox 539 5620 825 5674; x_wconf 71' lang='lat' dir='ltr'><strong>abundaret</strong></span> <span class='ocrx_word' id='word_1_434' title='bbox 854 5630 1133 5691; x_wconf 53' lang='lat' dir='ltr'><strong>promtum</strong></span> <span class='ocrx_word' id='word_1_435' title='bbox 1158 5619 1180 5690; x_wconf 90' lang='lat'>(</span> <span class='ocrx_word' id='word_1_436' title='bbox 1207 5618 1289 5672; x_wconf 70' lang='lat' dir='ltr'><strong>Id.</strong></span> <span class='ocrx_word' id='word_1_437' title='bbox 1318 5630 1374 5685; x_wconf 75' lang='grc' dir='ltr'><strong>ν,</strong></span> <span class='ocrx_word' id='word_1_438' title='bbox 1400 5618 1473 5673; x_wconf 74' lang='grc'><strong>20</strong></span> <span class='ocrx_word' id='word_1_439' title='bbox 1499 5618 1516 5689; x_wconf 83' lang='lat'><strong>)</strong></span> <span class='ocrx_word' id='word_1_440' title='bbox 1542 5638 1558 5674; x_wconf 80' lang='grc' dir='ltr'>ς</span> <span class='ocrx_word' id='word_1_441' title='bbox 1587 5619 1708 5689; x_wconf 79' lang='lat' dir='ltr'><strong>quia</strong></span> <span class='ocrx_word' id='word_1_442' title='bbox 1739 5619 1819 5672; x_wconf 78' lang='lat' dir='ltr'><strong>his</strong></span> <span class='ocrx_word' id='word_1_443' title='bbox 1838 5616 2130 5687; x_wconf 70' lang='lat' dir='ltr'><strong>generibus</strong></span> 
     </span>
    </p>
   </div>
   <div class='ocr_carea' id='block_1_60' title="bbox 605 5729 2133 5845">
    <p class='ocr_par' dir='ltr' id='par_1_60' title="bbox 605 5729 2133 5845">
     <span class='ocr_line' id='line_1_60' title="bbox 605 5729 2133 5845; baseline -0.001 -65"><span class='ocrx_word' id='word_1_444' title='bbox 605 5733 755 5845; x_wconf 52' lang='lat'><strong>2:13:</strong></span> <span class='ocrx_word' id='word_1_445' title='bbox 767 5735 881 5780; x_wconf 75' lang='lat' dir='ltr'><strong>item</strong></span> <span class='ocrx_word' id='word_1_446' title='bbox 914 5732 1018 5781; x_wconf 74' lang='lat' dir='ltr'><strong>loco</strong></span> <span class='ocrx_word' id='word_1_447' title='bbox 1057 5734 1109 5783; x_wconf 81' lang='lat' dir='ltr'><strong>in</strong></span> <span class='ocrx_word' id='word_1_448' title='bbox 1149 5733 1292 5782; x_wconf 71' lang='lat' dir='ltr'><strong>editis</strong></span> <span class='ocrx_word' id='word_1_449' title='bbox 1337 5734 1566 5784; x_wconf 76' lang='lat' dir='ltr'><strong>omissum</strong></span> <span class='ocrx_word' id='word_1_450' title='bbox 1583 5730 1776 5790; x_wconf 75' lang='lat' dir='ltr'><strong>fuerat,</strong></span> <span class='ocrx_word' id='word_1_451' title='bbox 1815 5729 2133 5791; x_wconf 61' lang='lat' dir='ltr'><strong>triumque</strong></span> 
     </span>
     <span class='ocr_line' id='line_1_61' title="bbox 657 5808 804 5845; baseline -0.014 -3"><span class='ocrx_word' id='word_1_452' title='bbox 657 5808 685 5845; x_wconf 87' lang='grc' dir='ltr'><em>α</em></span> <span class='ocrx_word' id='word_1_453' title='bbox 756 5808 804 5843; x_wconf 86' lang='lat' dir='ltr'><strong>n.</strong></span> 
     </span>
    </p>
   </div>
   <div class='ocr_carea' id='block_1_61' title="bbox 589 5806 804 5841">
    <p class='ocr_par' dir='ltr' id='par_1_61' title="bbox 589 5806 804 5841">
     <span class='ocr_line' id='line_1_62' title="bbox 589 5806 804 5841; baseline 0 0"><span class='ocrx_word' id='word_1_454' title='bbox 589 5806 783 5841; x_wconf 62' lang='lat' dir='ltr'><strong>L’CCGUDH</strong></span> <span class='ocrx_word' id='word_1_455' title='bbox 794 5831 804 5841; x_wconf 92' lang='lat'><strong>.</strong></span> 
     </span>
    </p>
   </div>
   <div class='ocr_carea' id='block_1_62' title="bbox 538 5804 2133 5966">
    <p class='ocr_par' dir='ltr' id='par_1_62' title="bbox 538 5804 2133 5966">
     <span class='ocr_line' id='line_1_63' title="bbox 589 5806 804 5841; baseline 0.005 -1"><span class='ocrx_word' id='word_1_456' title='bbox 589 5806 599 5824; x_wconf 83' lang='lat'><em>’</em></span> <span class='ocrx_word' id='word_1_457' title='bbox 774 5808 804 5841; x_wconf 81' lang='grc' dir='ltr'>Ι.</span> 
     </span>
     <span class='ocr_line' id='line_1_64' title="bbox 538 5804 2133 5966; baseline -0.002 -62"><span class='ocrx_word' id='word_1_458' title='bbox 538 5804 805 5966; x_wconf 57' lang='grc' dir='ltr'><strong>νίξδῖξξῖἶῖἒ,</strong></span> <span class='ocrx_word' id='word_1_459' title='bbox 840 5850 934 5903; x_wconf 74' lang='lat' dir='ltr'><strong>non</strong></span> <span class='ocrx_word' id='word_1_460' title='bbox 978 5868 1062 5918; x_wconf 82' lang='lat' dir='ltr'><strong>per</strong></span> <span class='ocrx_word' id='word_1_461' title='bbox 1104 5854 1487 5907; x_wconf 71' lang='lat' dir='ltr'><strong>inobedientiam.</strong></span> <span class='ocrx_word' id='word_1_462' title='bbox 1530 5852 1671 5907; x_wconf 74' lang='lat' dir='ltr'><strong>Abest</strong></span> <span class='ocrx_word' id='word_1_463' title='bbox 1694 5892 1707 5919; x_wconf 88' lang='lat'><strong>,</strong></span> <span class='ocrx_word' id='word_1_464' title='bbox 1745 5867 1854 5915; x_wconf 83' lang='lat' dir='ltr'><strong>non,</strong></span> <span class='ocrx_word' id='word_1_465' title='bbox 1894 5852 1922 5904; x_wconf 75' lang='grc' dir='ltr'>ἐι</span> <span class='ocrx_word' id='word_1_466' title='bbox 1964 5866 2133 5903; x_wconf 87' lang='lat' dir='ltr'><strong>manu-</strong></span> 
     </span>
     <span class='ocr_line' id='line_1_65' title="bbox 538 5931 1111 5966; baseline 0 0"><span class='ocrx_word' id='word_1_467' title='bbox 538 5931 667 5966; x_wconf 68' lang='grc' dir='ltr'><strong>Βοτιο</strong></span> <span class='ocrx_word' id='word_1_468' title='bbox 689 5933 743 5966; x_wconf 80' lang='lat' dir='ltr'><strong>is.</strong></span> <span class='ocrx_word' id='word_1_469' title='bbox 1108 5964 1111 5966; x_wconf 93' lang='lat'><em>_</em></span> 
     </span>
    </p>
   </div>
   <div class='ocr_carea' id='block_1_63' title="bbox 620 5933 743 5965">
    <p class='ocr_par' dir='ltr' id='par_1_63' title="bbox 620 5933 743 5965">
     <span class='ocr_line' id='line_1_66' title="bbox 620 5933 743 5965; baseline -0.008 0"><span class='ocrx_word' id='word_1_470' title='bbox 620 5933 743 5965; x_wconf 77' lang='lat' dir='ltr'><strong>lOUS.</strong></span> 
     </span>
    </p>
   </div>
   <div class='ocr_carea' id='block_1_64' title="bbox 536 5931 2133 6049">
    <p class='ocr_par' dir='ltr' id='par_1_64' title="bbox 536 5931 2133 6049">
     <span class='ocr_line' id='line_1_67' title="bbox 536 5931 743 5970; baseline -0.034 1"><span class='ocrx_word' id='word_1_471' title='bbox 536 5931 628 5970; x_wconf 66' lang='lat' dir='ltr'><strong>80ft</strong></span> <span class='ocrx_word' id='word_1_472' title='bbox 669 5931 743 5967; x_wconf 85' lang='lat' dir='ltr'><strong>tts.</strong></span> 
     </span>
     <span class='ocr_line' id='line_1_68' title="bbox 604 5933 2133 6049; baseline 0.005 -26"><span class='ocrx_word' id='word_1_473' title='bbox 604 5933 735 6049; x_wconf 41' lang='lat' dir='ltr'><strong>agis.</strong></span> <span class='ocrx_word' id='word_1_474' title='bbox 764 5987 905 6048; x_wconf 51' lang='lat' dir='ltr'><strong>nam,</strong></span> <span class='ocrx_word' id='word_1_475' title='bbox 928 5964 1122 6042; x_wconf 61' lang='lat' dir='ltr'><strong>ruperit</strong></span> <span class='ocrx_word' id='word_1_476' title='bbox 1145 5980 1391 6033; x_wconf 73' lang='lat' dir='ltr'><strong>abundare</strong></span> <span class='ocrx_word' id='word_1_477' title='bbox 1430 5996 1514 6046; x_wconf 69' lang='lat' dir='ltr'><strong>per</strong></span> <span class='ocrx_word' id='word_1_478' title='bbox 1550 5983 1697 6049; x_wconf 75' lang='lat' dir='ltr'><strong>legem</strong></span> <span class='ocrx_word' id='word_1_479' title='bbox 1720 6021 1733 6045; x_wconf 91' lang='lat'><strong>,</strong></span> <span class='ocrx_word' id='word_1_480' title='bbox 1761 5981 1831 6033; x_wconf 77' lang='lat' dir='ltr'><strong>t&#39;cl</strong></span> <span class='ocrx_word' id='word_1_481' title='bbox 1870 5994 1954 6044; x_wconf 81' lang='lat' dir='ltr'><strong>per</strong></span> <span class='ocrx_word' id='word_1_482' title='bbox 1988 5978 2133 6030; x_wconf 80' lang='lat' dir='ltr'><strong>mini-</strong></span> 
     </span>
    </p>
   </div>
   <div class='ocr_carea' id='block_1_65' title="bbox 535 6048 922 6104">
    <p class='ocr_par' dir='ltr' id='par_1_65' title="bbox 535 6048 922 6104">
     <span class='ocr_line' id='line_1_69' title="bbox 535 6048 922 6104; baseline -0.003 -15"><span class='ocrx_word' id='word_1_483' title='bbox 535 6048 737 6099; x_wconf 64' lang='lat' dir='ltr'><strong>sterium</strong></span> <span class='ocrx_word' id='word_1_484' title='bbox 757 6052 922 6104; x_wconf 71' lang='lat' dir='ltr'><strong>M0951.</strong></span> 
     </span>
    </p>
   </div>
   <div class='ocr_carea' id='block_1_66' title="bbox 3674 503 3816 561">
    <p class='ocr_par' dir='ltr' id='par_1_66' title="bbox 3674 503 3816 561">
     <span class='ocr_line' id='line_1_70' title="bbox 3674 503 3816 561; baseline 0.049 -7"><span class='ocrx_word' id='word_1_485' title='bbox 3674 503 3816 561; x_wconf 68' lang='grc'><strong>1256</strong></span> 
     </span>
    </p>
   </div>
   <div class='ocr_carea' id='block_1_67' title="bbox 2239 602 3831 684">
    <p class='ocr_par' dir='ltr' id='par_1_67' title="bbox 2239 602 3831 684">
     <span class='ocr_line' id='line_1_71' title="bbox 2239 602 3831 684; baseline 0.002 -16"><span class='ocrx_word' id='word_1_486' title='bbox 2239 622 2613 684; x_wconf 85' lang='lat' dir='ltr'><strong>peccatorum,</strong></span> <span class='ocrx_word' id='word_1_487' title='bbox 2657 626 2774 681; x_wconf 74' lang='lat' dir='ltr'><strong>qua:</strong></span> <span class='ocrx_word' id='word_1_488' title='bbox 2821 620 2944 667; x_wconf 85' lang='lat' dir='ltr'><strong>ante</strong></span> <span class='ocrx_word' id='word_1_489' title='bbox 2978 602 3151 682; x_wconf 82' lang='lat' dir='ltr'><strong>legem</strong></span> <span class='ocrx_word' id='word_1_490' title='bbox 3200 609 3445 677; x_wconf 79' lang='lat' dir='ltr'><strong>fuerunt,</strong></span> <span class='ocrx_word' id='word_1_491' title='bbox 3492 614 3653 668; x_wconf 89' lang='lat' dir='ltr'><strong>etiam</strong></span> <span class='ocrx_word' id='word_1_492' title='bbox 3694 602 3831 671; x_wconf 83' lang='lat' dir='ltr'><strong>illud</strong></span> 
     </span>
    </p>
   </div>
   <div class='ocr_carea' id='block_1_68' title="bbox 2236 704 3832 779">
    <p class='ocr_par' dir='ltr' id='par_1_68' title="bbox 2236 704 3832 779">
     <span class='ocr_line' id='line_1_72' title="bbox 2236 704 3832 779; baseline 0.001 -17"><span class='ocrx_word' id='word_1_493' title='bbox 2236 708 2498 779; x_wconf 85' lang='lat' dir='ltr'><strong>accessit,</strong></span> <span class='ocrx_word' id='word_1_494' title='bbox 2546 706 2689 779; x_wconf 91' lang='lat' dir='ltr'><strong>quod</strong></span> <span class='ocrx_word' id='word_1_495' title='bbox 2735 705 3097 776; x_wconf 60' lang='lat' dir='ltr'><strong>praevaricatio</strong></span> <span class='ocrx_word' id='word_1_496' title='bbox 3135 716 3488 777; x_wconf 87' lang='lat' dir='ltr'><strong>nuncupatur.</strong></span> <span class='ocrx_word' id='word_1_497' title='bbox 3532 707 3634 769; x_wconf 87' lang='lat' dir='ltr'><strong>Ubi</strong></span> <span class='ocrx_word' id='word_1_498' title='bbox 3681 704 3832 765; x_wconf 83' lang='lat' dir='ltr'><strong>enim</strong></span> 
     </span>
    </p>
   </div>
   <div class='ocr_carea' id='block_1_69' title="bbox 2234 784 3835 879">
    <p class='ocr_par' dir='ltr' id='par_1_69' title="bbox 2234 784 3835 879">
     <span class='ocr_line' id='line_1_73' title="bbox 2234 784 3835 879; baseline 0.001 -24"><span class='ocrx_word' id='word_1_499' title='bbox 2234 800 2320 856; x_wconf 92' lang='lat' dir='ltr'><strong>lex</strong></span> <span class='ocrx_word' id='word_1_500' title='bbox 2348 816 2455 855; x_wconf 89' lang='lat' dir='ltr'><strong>non</strong></span> <span class='ocrx_word' id='word_1_501' title='bbox 2482 810 2563 855; x_wconf 88' lang='lat' dir='ltr'><strong>est</strong></span> <span class='ocrx_word' id='word_1_502' title='bbox 2586 841 2600 864; x_wconf 94' lang='lat'><strong>,</strong></span> <span class='ocrx_word' id='word_1_503' title='bbox 2623 814 2723 855; x_wconf 88' lang='lat' dir='ltr'><strong>nec</strong></span> <span class='ocrx_word' id='word_1_504' title='bbox 2744 799 3138 879; x_wconf 71' lang='lat' dir='ltr'><strong>prazvaricatio(</strong></span> <span class='ocrx_word' id='word_1_505' title='bbox 3160 800 3307 855; x_wconf 86' lang='lat' dir='ltr'><strong>Rom.</strong></span> <span class='ocrx_word' id='word_1_506' title='bbox 3334 800 3496 865; x_wconf 71' lang='lat' dir='ltr'><strong>tv,15</strong></span> <span class='ocrx_word' id='word_1_507' title='bbox 3521 796 3561 865; x_wconf 83' lang='lat'><strong>).</strong></span> <span class='ocrx_word' id='word_1_508' title='bbox 3578 784 3686 857; x_wconf 76' lang='lat' dir='ltr'><strong>Ubi</strong></span> <span class='ocrx_word' id='word_1_509' title='bbox 3703 816 3835 873; x_wconf 85' lang='lat' dir='ltr'><strong>ergo</strong></span> 
     </span>
    </p>
   </div>
   <div class='ocr_carea' id='block_1_70' title="bbox 2238 894 3838 966">
    <p class='ocr_par' dir='ltr' id='par_1_70' title="bbox 2238 894 3838 966">
     <span class='ocr_line' id='line_1_74' title="bbox 2238 894 3838 966; baseline -0.001 -15"><span class='ocrx_word' id='word_1_510' title='bbox 2238 896 2322 952; x_wconf 90' lang='lat' dir='ltr'><strong>bis</strong></span> <span class='ocrx_word' id='word_1_511' title='bbox 2351 896 2597 952; x_wconf 90' lang='lat' dir='ltr'><strong>omnibus</strong></span> <span class='ocrx_word' id='word_1_512' title='bbox 2628 895 2911 965; x_wconf 78' lang='lat' dir='ltr'><strong>generibus</strong></span> <span class='ocrx_word' id='word_1_513' title='bbox 2939 903 3278 965; x_wconf 86' lang='lat' dir='ltr'><strong>peccatorum</strong></span> <span class='ocrx_word' id='word_1_514' title='bbox 3313 894 3603 950; x_wconf 89' lang='lat' dir='ltr'><strong>abundavit</strong></span> <span class='ocrx_word' id='word_1_515' title='bbox 3649 910 3838 966; x_wconf 87' lang='lat' dir='ltr'><strong>pecca-</strong></span> 
     </span>
    </p>
   </div>
   <div class='ocr_carea' id='block_1_71' title="bbox 2239 985 3838 1059">
    <p class='ocr_par' dir='ltr' id='par_1_71' title="bbox 2239 985 3838 1059">
     <span class='ocr_line' id='line_1_75' title="bbox 2239 985 3838 1059; baseline 0.001 -15"><span class='ocrx_word' id='word_1_516' title='bbox 2239 998 2351 1044; x_wconf 86' lang='lat' dir='ltr'><strong>tum</strong></span> <span class='ocrx_word' id='word_1_517' title='bbox 2375 1030 2394 1057; x_wconf 95' lang='lat'><strong>,</strong></span> <span class='ocrx_word' id='word_1_518' title='bbox 2425 987 2879 1058; x_wconf 88' lang='lat' dir='ltr'><strong>superabundavit</strong></span> <span class='ocrx_word' id='word_1_519' title='bbox 2906 987 3073 1059; x_wconf 84' lang='lat' dir='ltr'><strong>gratia</strong></span> <span class='ocrx_word' id='word_1_520' title='bbox 3103 986 3122 1058; x_wconf 90' lang='lat'>(</span> <span class='ocrx_word' id='word_1_521' title='bbox 3149 985 3233 1041; x_wconf 86' lang='lat' dir='ltr'><strong>Id.</strong></span> <span class='ocrx_word' id='word_1_522' title='bbox 3266 1003 3317 1053; x_wconf 85' lang='lat' dir='ltr'><strong>v,</strong></span> <span class='ocrx_word' id='word_1_523' title='bbox 3345 986 3415 1042; x_wconf 71' lang='lat'><strong>20</strong></span> <span class='ocrx_word' id='word_1_524' title='bbox 3442 988 3481 1058; x_wconf 92' lang='lat'><strong>):</strong></span> <span class='ocrx_word' id='word_1_525' title='bbox 3512 987 3632 1058; x_wconf 88' lang='lat' dir='ltr'><strong>quia</strong></span> <span class='ocrx_word' id='word_1_526' title='bbox 3667 988 3722 1042; x_wconf 90' lang='lat' dir='ltr'><strong>in</strong></span> <span class='ocrx_word' id='word_1_527' title='bbox 3756 987 3838 1045; x_wconf 77' lang='lat' dir='ltr'><strong>his</strong></span> 
     </span>
    </p>
   </div>
   <div class='ocr_carea' id='block_1_72' title="bbox 2238 1079 3840 1159">
    <p class='ocr_par' dir='ltr' id='par_1_72' title="bbox 2238 1079 3840 1159">
     <span class='ocr_line' id='line_1_76' title="bbox 2238 1079 3840 1159; baseline -0.002 -22"><span class='ocrx_word' id='word_1_528' title='bbox 2238 1083 2327 1151; x_wconf 90' lang='lat' dir='ltr'><strong>qui</strong></span> <span class='ocrx_word' id='word_1_529' title='bbox 2353 1080 2421 1137; x_wconf 89' lang='lat' dir='ltr'><strong>ad</strong></span> <span class='ocrx_word' id='word_1_530' title='bbox 2448 1096 2565 1137; x_wconf 80' lang='lat' dir='ltr'><strong>eam</strong></span> <span class='ocrx_word' id='word_1_531' title='bbox 2593 1081 2897 1150; x_wconf 89' lang='lat' dir='ltr'><strong>pertinent,</strong></span> <span class='ocrx_word' id='word_1_532' title='bbox 2924 1079 3161 1134; x_wconf 90' lang='lat' dir='ltr'><strong>omnium</strong></span> <span class='ocrx_word' id='word_1_533' title='bbox 3185 1079 3403 1159; x_wconf 86' lang='lat' dir='ltr'><strong>istorum</strong></span> <span class='ocrx_word' id='word_1_534' title='bbox 3431 1094 3688 1149; x_wconf 81' lang='lat' dir='ltr'><strong>generum</strong></span> <span class='ocrx_word' id='word_1_535' title='bbox 3714 1094 3840 1135; x_wconf 78' lang='lat' dir='ltr'><strong>rea-</strong></span> 
     </span>
    </p>
   </div>
   <div class='ocr_carea' id='block_1_73' title="bbox 2238 1172 3839 1243">
    <p class='ocr_par' dir='ltr' id='par_1_73' title="bbox 2238 1172 3839 1243">
     <span class='ocr_line' id='line_1_77' title="bbox 2238 1172 3839 1243; baseline -0.001 -14"><span class='ocrx_word' id='word_1_536' title='bbox 2238 1182 2350 1229; x_wconf 86' lang='lat' dir='ltr'><strong>tum</strong></span> <span class='ocrx_word' id='word_1_537' title='bbox 2378 1174 2559 1240; x_wconf 85' lang='lat' dir='ltr'><strong>delet,</strong></span> <span class='ocrx_word' id='word_1_538' title='bbox 2617 1182 2671 1228; x_wconf 89' lang='lat' dir='ltr'><strong>et</strong></span> <span class='ocrx_word' id='word_1_539' title='bbox 2725 1173 2943 1243; x_wconf 87' lang='lat' dir='ltr'><strong>insuper</strong></span> <span class='ocrx_word' id='word_1_540' title='bbox 2990 1172 3154 1227; x_wconf 90' lang='lat' dir='ltr'><strong>donat</strong></span> <span class='ocrx_word' id='word_1_541' title='bbox 3195 1182 3255 1227; x_wconf 91' lang='lat' dir='ltr'><strong>ut</strong></span> <span class='ocrx_word' id='word_1_542' title='bbox 3297 1172 3580 1227; x_wconf 86' lang='lat' dir='ltr'><strong>delectatio</strong></span> <span class='ocrx_word' id='word_1_543' title='bbox 3627 1176 3839 1243; x_wconf 69' lang='lat' dir='ltr'><strong>peceati</strong></span> 
     </span>
    </p>
   </div>
   <div class='ocr_carea' id='block_1_74' title="bbox 2235 1263 3839 1339">
    <p class='ocr_par' dir='ltr' id='par_1_74' title="bbox 2235 1263 3839 1339">
     <span class='ocr_line' id='line_1_78' title="bbox 2235 1263 3839 1339; baseline -0.002 -17"><span class='ocrx_word' id='word_1_544' title='bbox 2235 1268 2457 1339; x_wconf 73' lang='lat' dir='ltr'><strong>iustitia:</strong></span> <span class='ocrx_word' id='word_1_545' title='bbox 2482 1266 2833 1336; x_wconf 77' lang='lat' dir='ltr'><strong>delectatione</strong></span> <span class='ocrx_word' id='word_1_546' title='bbox 2869 1266 3145 1330; x_wconf 88' lang='lat' dir='ltr'><strong>vincatur;</strong></span> <span class='ocrx_word' id='word_1_547' title='bbox 3190 1273 3347 1335; x_wconf 87' lang='lat' dir='ltr'><strong>atque</strong></span> <span class='ocrx_word' id='word_1_548' title='bbox 3385 1263 3451 1319; x_wconf 87' lang='lat' dir='ltr'><strong>ad</strong></span> <span class='ocrx_word' id='word_1_549' title='bbox 3490 1279 3609 1319; x_wconf 88' lang='lat' dir='ltr'><strong>eam</strong></span> <span class='ocrx_word' id='word_1_550' title='bbox 3649 1274 3839 1334; x_wconf 71' lang='lat' dir='ltr'><strong>pestca</strong></span> 
     </span>
    </p>
   </div>
   <div class='ocr_carea' id='block_1_75' title="bbox 2242 1355 3838 1434">
    <p class='ocr_par' dir='ltr' id='par_1_75' title="bbox 2242 1355 3838 1434">
     <span class='ocr_line' id='line_1_79' title="bbox 2242 1355 3838 1434; baseline -0.004 -17"><span class='ocrx_word' id='word_1_551' title='bbox 2242 1362 2582 1434; x_wconf 88' lang='lat' dir='ltr'><strong>perveniatur</strong></span> <span class='ocrx_word' id='word_1_552' title='bbox 2603 1359 2768 1414; x_wconf 90' lang='lat' dir='ltr'><strong>vitam</strong></span> <span class='ocrx_word' id='word_1_553' title='bbox 2788 1398 2805 1425; x_wconf 91' lang='lat'><strong>,</strong></span> <span class='ocrx_word' id='word_1_554' title='bbox 2831 1357 2918 1413; x_wconf 90' lang='lat' dir='ltr'><strong>ubi</strong></span> <span class='ocrx_word' id='word_1_555' title='bbox 2946 1357 3151 1412; x_wconf 91' lang='lat' dir='ltr'><strong>nullum</strong></span> <span class='ocrx_word' id='word_1_556' title='bbox 3171 1358 3273 1412; x_wconf 84' lang='lat' dir='ltr'><strong>erit</strong></span> <span class='ocrx_word' id='word_1_557' title='bbox 3292 1355 3510 1411; x_wconf 91' lang='lat' dir='ltr'><strong>omnino</strong></span> <span class='ocrx_word' id='word_1_558' title='bbox 3537 1366 3838 1425; x_wconf 85' lang='lat' dir='ltr'><strong>peccatum.</strong></span> 
     </span>
    </p>
   </div>
   <div class='ocr_carea' id='block_1_76' title="bbox 2241 1447 3844 1523">
    <p class='ocr_par' dir='ltr' id='par_1_76' title="bbox 2241 1447 3844 1523">
     <span class='ocr_line' id='line_1_80' title="bbox 2241 1447 3844 1523; baseline -0.002 -15"><span class='ocrx_word' id='word_1_559' title='bbox 2241 1452 2521 1523; x_wconf 83' lang='lat' dir='ltr'><strong>Quomodo</strong></span> <span class='ocrx_word' id='word_1_560' title='bbox 2551 1466 2791 1523; x_wconf 73' lang='lat' dir='ltr'><strong>ergores</strong></span> <span class='ocrx_word' id='word_1_561' title='bbox 2818 1464 2923 1504; x_wconf 92' lang='lat' dir='ltr'><strong>non</strong></span> <span class='ocrx_word' id='word_1_562' title='bbox 2953 1448 3155 1504; x_wconf 87' lang='lat' dir='ltr'><strong>similes</strong></span> <span class='ocrx_word' id='word_1_563' title='bbox 3185 1448 3238 1502; x_wconf 91' lang='lat' dir='ltr'><strong>in</strong></span> <span class='ocrx_word' id='word_1_564' title='bbox 3273 1448 3609 1503; x_wconf 85' lang='lat' dir='ltr'><strong>collationem</strong></span> <span class='ocrx_word' id='word_1_565' title='bbox 3656 1447 3844 1504; x_wconf 80' lang='lat' dir='ltr'><strong>venire</strong></span> 
     </span>
    </p>
   </div>
   <div class='ocr_carea' id='block_1_77' title="bbox 2242 1538 3843 1612">
    <p class='ocr_par' dir='ltr' id='par_1_77' title="bbox 2242 1538 3843 1612">
     <span class='ocr_line' id='line_1_81' title="bbox 2242 1538 3843 1612; baseline -0.003 -12"><span class='ocrx_word' id='word_1_566' title='bbox 2242 1562 2349 1601; x_wconf 91' lang='lat' dir='ltr'><strong>non</strong></span> <span class='ocrx_word' id='word_1_567' title='bbox 2379 1544 2615 1611; x_wconf 84' lang='lat' dir='ltr'><strong>debent,</strong></span> <span class='ocrx_word' id='word_1_568' title='bbox 2640 1545 2778 1599; x_wconf 91' lang='lat' dir='ltr'><strong>sicut</strong></span> <span class='ocrx_word' id='word_1_569' title='bbox 2807 1543 2961 1612; x_wconf 88' lang='lat' dir='ltr'><strong>paulo</strong></span> <span class='ocrx_word' id='word_1_570' title='bbox 2987 1550 3110 1596; x_wconf 88' lang='lat' dir='ltr'><strong>ante</strong></span> <span class='ocrx_word' id='word_1_571' title='bbox 3135 1538 3350 1605; x_wconf 76' lang='lat' dir='ltr'><strong>dixisti;</strong></span> <span class='ocrx_word' id='word_1_572' title='bbox 3378 1555 3501 1597; x_wconf 91' lang='lat' dir='ltr'><strong>cum</strong></span> <span class='ocrx_word' id='word_1_573' title='bbox 3530 1556 3593 1595; x_wconf 83' lang='lat' dir='ltr'><strong>ex</strong></span> <span class='ocrx_word' id='word_1_574' title='bbox 3617 1548 3843 1596; x_wconf 83' lang='lat' dir='ltr'><strong>contra-</strong></span> 
     </span>
    </p>
   </div>
   <div class='ocr_carea' id='block_1_78' title="bbox 2242 1622 3845 1708">
    <p class='ocr_par' dir='ltr' id='par_1_78' title="bbox 2242 1622 3845 1708">
     <span class='ocr_line' id='line_1_82' title="bbox 2242 1622 3845 1708; baseline -0.001 -16"><span class='ocrx_word' id='word_1_575' title='bbox 2242 1639 2338 1693; x_wconf 84' lang='lat' dir='ltr'><strong>riis</strong></span> <span class='ocrx_word' id='word_1_576' title='bbox 2368 1640 2456 1694; x_wconf 79' lang='lat' dir='ltr'><strong>liat</strong></span> <span class='ocrx_word' id='word_1_577' title='bbox 2484 1640 2582 1692; x_wconf 91' lang='lat' dir='ltr'><strong>ista</strong></span> <span class='ocrx_word' id='word_1_578' title='bbox 2611 1637 2824 1692; x_wconf 88' lang='lat' dir='ltr'><strong>collatio</strong></span> <span class='ocrx_word' id='word_1_579' title='bbox 2844 1678 2865 1704; x_wconf 87' lang='lat'><strong>,</strong></span> <span class='ocrx_word' id='word_1_580' title='bbox 2892 1646 2946 1693; x_wconf 88' lang='lat' dir='ltr'><strong>et</strong></span> <span class='ocrx_word' id='word_1_581' title='bbox 2973 1652 3039 1693; x_wconf 85' lang='lat' dir='ltr'><strong>ex</strong></span> <span class='ocrx_word' id='word_1_582' title='bbox 3067 1651 3171 1690; x_wconf 90' lang='lat' dir='ltr'><strong>una</strong></span> <span class='ocrx_word' id='word_1_583' title='bbox 3200 1644 3347 1706; x_wconf 87' lang='lat' dir='ltr'><strong>parte</strong></span> <span class='ocrx_word' id='word_1_584' title='bbox 3368 1622 3648 1708; x_wconf 81' lang='lat' dir='ltr'><strong>generatio</strong></span> <span class='ocrx_word' id='word_1_585' title='bbox 3674 1652 3845 1706; x_wconf 83' lang='lat' dir='ltr'><strong>pona-</strong></span> 
     </span>
    </p>
   </div>
   <div class='ocr_carea' id='block_1_79' title="bbox 2243 1730 3842 1802">
    <p class='ocr_par' dir='ltr' id='par_1_79' title="bbox 2243 1730 3842 1802">
     <span class='ocr_line' id='line_1_83' title="bbox 2243 1730 3842 1802; baseline 0 -16"><span class='ocrx_word' id='word_1_586' title='bbox 2243 1741 2329 1786; x_wconf 88' lang='lat' dir='ltr'><strong>tur</strong></span> <span class='ocrx_word' id='word_1_587' title='bbox 2346 1772 2362 1798; x_wconf 92' lang='lat'><strong>,</strong></span> <span class='ocrx_word' id='word_1_588' title='bbox 2384 1741 2441 1787; x_wconf 87' lang='lat' dir='ltr'><strong>et</strong></span> <span class='ocrx_word' id='word_1_589' title='bbox 2459 1747 2525 1787; x_wconf 89' lang='lat' dir='ltr'><strong>ex</strong></span> <span class='ocrx_word' id='word_1_590' title='bbox 2548 1731 2714 1785; x_wconf 88' lang='lat' dir='ltr'><strong>altera</strong></span> <span class='ocrx_word' id='word_1_591' title='bbox 2739 1730 3072 1802; x_wconf 85' lang='lat' dir='ltr'><strong>regeneratio</strong></span> <span class='ocrx_word' id='word_1_592' title='bbox 3096 1748 3110 1794; x_wconf 89' lang='lat'><strong>;</strong></span> <span class='ocrx_word' id='word_1_593' title='bbox 3139 1746 3207 1785; x_wconf 88' lang='lat' dir='ltr'><strong>ex</strong></span> <span class='ocrx_word' id='word_1_594' title='bbox 3227 1745 3327 1786; x_wconf 87' lang='lat' dir='ltr'><strong>una</strong></span> <span class='ocrx_word' id='word_1_595' title='bbox 3355 1746 3577 1802; x_wconf 86' lang='lat' dir='ltr'><strong>regnum</strong></span> <span class='ocrx_word' id='word_1_596' title='bbox 3602 1732 3804 1787; x_wconf 90' lang='lat' dir='ltr'><strong>mortis</strong></span> <span class='ocrx_word' id='word_1_597' title='bbox 3826 1775 3842 1801; x_wconf 96' lang='lat'><strong>,</strong></span> 
     </span>
    </p>
   </div>
   <div class='ocr_carea' id='block_1_80' title="bbox 2243 1822 3844 1892">
    <p class='ocr_par' dir='ltr' id='par_1_80' title="bbox 2243 1822 3844 1892">
     <span class='ocr_line' id='line_1_84' title="bbox 2243 1822 3844 1892; baseline 0.001 -15"><span class='ocrx_word' id='word_1_598' title='bbox 2243 1838 2308 1877; x_wconf 82' lang='lat' dir='ltr'><strong>ex</strong></span> <span class='ocrx_word' id='word_1_599' title='bbox 2336 1824 2502 1878; x_wconf 84' lang='lat' dir='ltr'><strong>altera</strong></span> <span class='ocrx_word' id='word_1_600' title='bbox 2526 1838 2748 1892; x_wconf 81' lang='lat' dir='ltr'><strong>regnum</strong></span> <span class='ocrx_word' id='word_1_601' title='bbox 2779 1823 2904 1876; x_wconf 79' lang='lat' dir='ltr'><strong>vitae</strong></span> <span class='ocrx_word' id='word_1_602' title='bbox 2928 1840 2942 1885; x_wconf 87' lang='lat'><strong>;</strong></span> <span class='ocrx_word' id='word_1_603' title='bbox 2968 1837 3035 1878; x_wconf 86' lang='lat' dir='ltr'><strong>ex</strong></span> <span class='ocrx_word' id='word_1_604' title='bbox 3060 1837 3162 1876; x_wconf 90' lang='lat' dir='ltr'><strong>una</strong></span> <span class='ocrx_word' id='word_1_605' title='bbox 3190 1822 3511 1878; x_wconf 86' lang='lat' dir='ltr'><strong>abundantia</strong></span> <span class='ocrx_word' id='word_1_606' title='bbox 3536 1863 3552 1890; x_wconf 94' lang='lat'><strong>,</strong></span> <span class='ocrx_word' id='word_1_607' title='bbox 3578 1838 3651 1879; x_wconf 90' lang='lat' dir='ltr'><strong>ex</strong></span> <span class='ocrx_word' id='word_1_608' title='bbox 3672 1824 3844 1879; x_wconf 88' lang='lat' dir='ltr'><strong>altera</strong></span> 
     </span>
    </p>
   </div>
   <div class='ocr_carea' id='block_1_81' title="bbox 2244 1896 3846 1989">
    <p class='ocr_par' dir='ltr' id='par_1_81' title="bbox 2244 1896 3846 1989">
     <span class='ocr_line' id='line_1_85' title="bbox 2244 1896 3846 1989; baseline 0.002 -17"><span class='ocrx_word' id='word_1_609' title='bbox 2244 1917 2490 1972; x_wconf 86' lang='lat' dir='ltr'><strong>remissio</strong></span> <span class='ocrx_word' id='word_1_610' title='bbox 2518 1925 2899 1988; x_wconf 88' lang='lat' dir='ltr'><strong>peccatorum;</strong></span> <span class='ocrx_word' id='word_1_611' title='bbox 2930 1930 2995 1971; x_wconf 86' lang='lat' dir='ltr'><strong>ex</strong></span> <span class='ocrx_word' id='word_1_612' title='bbox 3027 1930 3130 1971; x_wconf 83' lang='lat' dir='ltr'><strong>una</strong></span> <span class='ocrx_word' id='word_1_613' title='bbox 3158 1896 3442 1972; x_wconf 78' lang='lat' dir='ltr'><strong>delectatio</strong></span> <span class='ocrx_word' id='word_1_614' title='bbox 3469 1919 3672 1988; x_wconf 87' lang='lat' dir='ltr'><strong>peccati</strong></span> <span class='ocrx_word' id='word_1_615' title='bbox 3695 1959 3712 1985; x_wconf 90' lang='lat'><strong>,</strong></span> <span class='ocrx_word' id='word_1_616' title='bbox 3745 1933 3846 1989; x_wconf 84' lang='lat' dir='ltr'><strong>per</strong></span> 
     </span>
    </p>
   </div>
   <div class='ocr_carea' id='block_1_82' title="bbox 2246 2008 3848 2078">
    <p class='ocr_par' dir='ltr' id='par_1_82' title="bbox 2246 2008 3848 2078">
     <span class='ocr_line' id='line_1_86' title="bbox 2246 2008 3848 2078; baseline 0.002 -15"><span class='ocrx_word' id='word_1_617' title='bbox 2246 2020 2448 2065; x_wconf 78' lang='lat' dir='ltr'><strong>naturae</strong></span> <span class='ocrx_word' id='word_1_618' title='bbox 2490 2009 2674 2063; x_wconf 86' lang='lat' dir='ltr'><strong>vitium</strong></span> <span class='ocrx_word' id='word_1_619' title='bbox 2715 2024 2882 2078; x_wconf 88' lang='lat' dir='ltr'><strong>usque</strong></span> <span class='ocrx_word' id='word_1_620' title='bbox 2921 2008 2989 2063; x_wconf 89' lang='lat' dir='ltr'><strong>ad</strong></span> <span class='ocrx_word' id='word_1_621' title='bbox 3026 2009 3428 2065; x_wconf 89' lang='lat' dir='ltr'><strong>consuetudinis</strong></span> <span class='ocrx_word' id='word_1_622' title='bbox 3462 2010 3660 2064; x_wconf 90' lang='lat' dir='ltr'><strong>malum</strong></span> <span class='ocrx_word' id='word_1_623' title='bbox 3690 2012 3728 2078; x_wconf 66' lang='grc' dir='ltr'><strong>ἓ,</strong></span> <span class='ocrx_word' id='word_1_624' title='bbox 3779 2027 3848 2066; x_wconf 90' lang='lat' dir='ltr'><strong>cx</strong></span> 
     </span>
    </p>
   </div>
   <div class='ocr_carea' id='block_1_83' title="bbox 2243 2101 3850 2174">
    <p class='ocr_par' dir='ltr' id='par_1_83' title="bbox 2243 2101 3850 2174">
     <span class='ocr_line' id='line_1_87' title="bbox 2243 2101 3850 2174; baseline 0.002 -19"><span class='ocrx_word' id='word_1_625' title='bbox 2243 2102 2411 2157; x_wconf 89' lang='lat' dir='ltr'><strong>altera</strong></span> <span class='ocrx_word' id='word_1_626' title='bbox 2456 2101 2695 2171; x_wconf 80' lang='lat' dir='ltr'><strong>praelium</strong></span> <span class='ocrx_word' id='word_1_627' title='bbox 2734 2110 2919 2156; x_wconf 89' lang='lat' dir='ltr'><strong>contra</strong></span> <span class='ocrx_word' id='word_1_628' title='bbox 2957 2101 3443 2172; x_wconf 87' lang='lat' dir='ltr'><strong>concupiscentiam</strong></span> <span class='ocrx_word' id='word_1_629' title='bbox 3486 2103 3663 2158; x_wconf 88' lang='lat' dir='ltr'><strong>carnis</strong></span> <span class='ocrx_word' id='word_1_630' title='bbox 3686 2144 3702 2169; x_wconf 89' lang='lat'><strong>,</strong></span> <span class='ocrx_word' id='word_1_631' title='bbox 3745 2118 3850 2174; x_wconf 86' lang='lat' dir='ltr'><strong>per</strong></span> 
     </span>
    </p>
   </div>
   <div class='ocr_carea' id='block_1_84' title="bbox 2244 2194 3847 2267">
    <p class='ocr_par' dir='ltr' id='par_1_84' title="bbox 2244 2194 3847 2267">
     <span class='ocr_line' id='line_1_88' title="bbox 2244 2194 3847 2267; baseline 0.002 -18"><span class='ocrx_word' id='word_1_632' title='bbox 2244 2197 2412 2250; x_wconf 89' lang='lat' dir='ltr'><strong>sancti</strong></span> <span class='ocrx_word' id='word_1_633' title='bbox 2437 2195 2665 2265; x_wconf 90' lang='lat' dir='ltr'><strong>Spiritus</strong></span> <span class='ocrx_word' id='word_1_634' title='bbox 2693 2194 3013 2266; x_wconf 74' lang='lat' dir='ltr'><strong>adiutorium</strong></span> <span class='ocrx_word' id='word_1_635' title='bbox 3034 2235 3049 2262; x_wconf 93' lang='lat'><strong>,</strong></span> <span class='ocrx_word' id='word_1_636' title='bbox 3075 2210 3243 2266; x_wconf 87' lang='lat' dir='ltr'><strong>usque</strong></span> <span class='ocrx_word' id='word_1_637' title='bbox 3266 2195 3334 2251; x_wconf 88' lang='lat' dir='ltr'><strong>ad</strong></span> <span class='ocrx_word' id='word_1_638' title='bbox 3358 2195 3597 2251; x_wconf 79' lang='lat' dir='ltr'><strong>victoria:</strong></span> <span class='ocrx_word' id='word_1_639' title='bbox 3614 2211 3811 2267; x_wconf 85' lang='lat' dir='ltr'><strong>pacem</strong></span> <span class='ocrx_word' id='word_1_640' title='bbox 3831 2239 3847 2263; x_wconf 93' lang='lat'><strong>,</strong></span> 
     </span>
    </p>
   </div>
   <div class='ocr_carea' id='block_1_85' title="bbox 2244 2287 3851 2361">
    <p class='ocr_par' dir='ltr' id='par_1_85' title="bbox 2244 2287 3851 2361">
     <span class='ocr_line' id='line_1_89' title="bbox 2244 2287 3851 2361; baseline 0 -16"><span class='ocrx_word' id='word_1_641' title='bbox 2244 2306 2364 2361; x_wconf 80' lang='lat' dir='ltr'><strong>quae</strong></span> <span class='ocrx_word' id='word_1_642' title='bbox 2394 2291 2596 2345; x_wconf 89' lang='lat' dir='ltr'><strong>nullum</strong></span> <span class='ocrx_word' id='word_1_643' title='bbox 2626 2289 2945 2344; x_wconf 87' lang='lat' dir='ltr'><strong>intrinsecus</strong></span> <span class='ocrx_word' id='word_1_644' title='bbox 2972 2331 2988 2356; x_wconf 89' lang='lat'><strong>,</strong></span> <span class='ocrx_word' id='word_1_645' title='bbox 3020 2288 3223 2344; x_wconf 88' lang='lat' dir='ltr'><strong>nullum</strong></span> <span class='ocrx_word' id='word_1_646' title='bbox 3250 2287 3585 2344; x_wconf 79' lang='lat' dir='ltr'><strong>extrinsecus</strong></span> <span class='ocrx_word' id='word_1_647' title='bbox 3609 2289 3851 2359; x_wconf 89' lang='lat' dir='ltr'><strong>patietur</strong></span> 
     </span>
    </p>
   </div>
   <div class='ocr_carea' id='block_1_86' title="bbox 2245 2379 3850 2446">
    <p class='ocr_par' dir='ltr' id='par_1_86' title="bbox 2245 2379 3850 2446">
     <span class='ocr_line' id='line_1_90' title="bbox 2245 2379 3850 2446; baseline 0.001 -11"><span class='ocrx_word' id='word_1_648' title='bbox 2245 2381 2560 2436; x_wconf 88' lang='lat' dir='ltr'><strong>inimicum?</strong></span> <span class='ocrx_word' id='word_1_649' title='bbox 2590 2381 2717 2436; x_wconf 73' lang='lat' dir='ltr'><strong>llzec</strong></span> <span class='ocrx_word' id='word_1_650' title='bbox 2743 2389 2863 2435; x_wconf 91' lang='lat' dir='ltr'><strong>tene</strong></span> <span class='ocrx_word' id='word_1_651' title='bbox 2885 2420 2901 2446; x_wconf 93' lang='lat'><strong>,</strong></span> <span class='ocrx_word' id='word_1_652' title='bbox 2933 2380 2978 2434; x_wconf 89' lang='lat' dir='ltr'><strong>si</strong></span> <span class='ocrx_word' id='word_1_653' title='bbox 3008 2379 3088 2434; x_wconf 90' lang='lat' dir='ltr'><strong>vis</strong></span> <span class='ocrx_word' id='word_1_654' title='bbox 3116 2395 3277 2435; x_wconf 88' lang='lat' dir='ltr'><strong>sanus</strong></span> <span class='ocrx_word' id='word_1_655' title='bbox 3302 2394 3423 2435; x_wconf 89' lang='lat' dir='ltr'><strong>esse</strong></span> <span class='ocrx_word' id='word_1_656' title='bbox 3445 2399 3461 2433; x_wconf 82' lang='lat'><strong>:</strong></span> <span class='ocrx_word' id='word_1_657' title='bbox 3486 2391 3540 2434; x_wconf 87' lang='lat' dir='ltr'><strong>et</strong></span> <span class='ocrx_word' id='word_1_658' title='bbox 3568 2381 3679 2435; x_wconf 90' lang='lat' dir='ltr'><strong>noli</strong></span> <span class='ocrx_word' id='word_1_659' title='bbox 3706 2396 3850 2436; x_wconf 87' lang='lat' dir='ltr'><strong>con-</strong></span> 
     </span>
    </p>
   </div>
   <div class='ocr_carea' id='block_1_87' title="bbox 2245 2472 3847 2544">
    <p class='ocr_par' dir='ltr' id='par_1_87' title="bbox 2245 2472 3847 2544">
     <span class='ocr_line' id='line_1_91' title="bbox 2245 2472 3847 2544; baseline 0.001 -17"><span class='ocrx_word' id='word_1_660' title='bbox 2245 2483 2324 2528; x_wconf 87' lang='lat' dir='ltr'><strong>tra</strong></span> <span class='ocrx_word' id='word_1_661' title='bbox 2346 2473 2463 2529; x_wconf 82' lang='lat' dir='ltr'><strong>haec</strong></span> <span class='ocrx_word' id='word_1_662' title='bbox 2486 2515 2501 2538; x_wconf 93' lang='lat'><strong>,</strong></span> <span class='ocrx_word' id='word_1_663' title='bbox 2527 2490 2645 2544; x_wconf 83' lang='lat' dir='ltr'><strong>quae</strong></span> <span class='ocrx_word' id='word_1_664' title='bbox 2665 2474 2733 2529; x_wconf 86' lang='lat' dir='ltr'><strong>ad</strong></span> <span class='ocrx_word' id='word_1_665' title='bbox 2750 2488 2935 2529; x_wconf 86' lang='lat' dir='ltr'><strong>sanam</strong></span> <span class='ocrx_word' id='word_1_666' title='bbox 2951 2472 3249 2529; x_wconf 88' lang='lat' dir='ltr'><strong>doctrinam</strong></span> <span class='ocrx_word' id='word_1_667' title='bbox 3266 2474 3560 2544; x_wconf 88' lang='lat' dir='ltr'><strong>pertinent,</strong></span> <span class='ocrx_word' id='word_1_668' title='bbox 3580 2474 3847 2530; x_wconf 84' lang='lat' dir='ltr'><strong>insanire.</strong></span> 
     </span>
    </p>
   </div>
   <div class='ocr_carea' id='block_1_88' title="bbox 2312 2563 3853 2635">
    <p class='ocr_par' dir='ltr' id='par_1_88' title="bbox 2312 2563 3853 2635">
     <span class='ocr_line' id='line_1_92' title="bbox 2312 2563 3853 2635; baseline 0.001 -16"><span class='ocrx_word' id='word_1_669' title='bbox 2312 2565 2587 2619; x_wconf 76' lang='lat' dir='ltr'><strong>CCXVIII.</strong></span> <span class='ocrx_word' id='word_1_670' title='bbox 2637 2564 2759 2620; x_wconf 71' lang='grc' dir='ltr'>ιω..</span> <span class='ocrx_word' id='word_1_671' title='bbox 2810 2563 2971 2620; x_wconf 86' lang='lat' dir='ltr'><strong>Certe</strong></span> <span class='ocrx_word' id='word_1_672' title='bbox 3013 2565 3065 2618; x_wconf 88' lang='lat' dir='ltr'><strong>in</strong></span> <span class='ocrx_word' id='word_1_673' title='bbox 3105 2563 3189 2619; x_wconf 89' lang='lat' dir='ltr'><strong>his</strong></span> <span class='ocrx_word' id='word_1_674' title='bbox 3232 2565 3366 2621; x_wconf 89' lang='lat' dir='ltr'><strong>locis</strong></span> <span class='ocrx_word' id='word_1_675' title='bbox 3406 2565 3724 2635; x_wconf 78' lang='lat' dir='ltr'><strong>Apostolttm</strong></span> <span class='ocrx_word' id='word_1_676' title='bbox 3781 2566 3853 2622; x_wconf 87' lang='lat' dir='ltr'><strong>de</strong></span> 
     </span>
    </p>
   </div>
   <div class='ocr_carea' id='block_1_89' title="bbox 2245 2644 3854 2731">
    <p class='ocr_par' dir='ltr' id='par_1_89' title="bbox 2245 2644 3854 2731">
     <span class='ocr_line' id='line_1_93' title="bbox 2245 2644 3854 2731; baseline 0.001 -16"><span class='ocrx_word' id='word_1_677' title='bbox 2245 2670 2464 2730; x_wconf 84' lang='lat' dir='ltr'><strong>peccato</strong></span> <span class='ocrx_word' id='word_1_678' title='bbox 2492 2660 2715 2714; x_wconf 90' lang='lat' dir='ltr'><strong>naturali</strong></span> <span class='ocrx_word' id='word_1_679' title='bbox 2743 2644 3061 2715; x_wconf 87' lang='lat' dir='ltr'><strong>disseruisse</strong></span> <span class='ocrx_word' id='word_1_680' title='bbox 3082 2658 3384 2715; x_wconf 88' lang='lat' dir='ltr'><strong>contendis.</strong></span> <span class='ocrx_word' id='word_1_681' title='bbox 3406 2658 3487 2714; x_wconf 83' lang='lat' dir='ltr'><strong>Ad</strong></span> <span class='ocrx_word' id='word_1_682' title='bbox 3511 2661 3530 2691; x_wconf 83' lang='grc'>²</span> <span class='ocrx_word' id='word_1_683' title='bbox 3554 2659 3655 2715; x_wconf 88' lang='lat' dir='ltr'><strong>hoc</strong></span> <span class='ocrx_word' id='word_1_684' title='bbox 3681 2676 3854 2731; x_wconf 77' lang='lat' dir='ltr'><strong>supra</strong></span> 
     </span>
    </p>
   </div>
   <div class='ocr_carea' id='block_1_90' title="bbox 2242 2748 3856 2823">
    <p class='ocr_par' dir='ltr' id='par_1_90' title="bbox 2242 2748 3856 2823">
     <span class='ocr_line' id='line_1_94' title="bbox 2242 2748 3856 2823; baseline 0.001 -16"><span class='ocrx_word' id='word_1_685' title='bbox 2242 2748 2488 2818; x_wconf 84' lang='lat' dir='ltr'><strong>dixerat,</strong></span> <span class='ocrx_word' id='word_1_686' title='bbox 2545 2767 2713 2823; x_wconf 87' lang='lat' dir='ltr'><strong>usque</strong></span> <span class='ocrx_word' id='word_1_687' title='bbox 2750 2752 2818 2807; x_wconf 88' lang='lat' dir='ltr'><strong>ad</strong></span> <span class='ocrx_word' id='word_1_688' title='bbox 2866 2753 3038 2823; x_wconf 87' lang='lat' dir='ltr'><strong>legem</strong></span> <span class='ocrx_word' id='word_1_689' title='bbox 3085 2751 3287 2819; x_wconf 78' lang='lat' dir='ltr'><strong>fuisse,</strong></span> <span class='ocrx_word' id='word_1_690' title='bbox 3344 2762 3402 2806; x_wconf 91' lang='lat' dir='ltr'><strong>ut</strong></span> <span class='ocrx_word' id='word_1_691' title='bbox 3451 2751 3856 2823; x_wconf 77' lang='lat' dir='ltr'><strong>intelligeretur</strong></span> 
     </span>
    </p>
   </div>
   <div class='ocr_carea' id='block_1_91' title="bbox 2244 2843 3844 2915">
    <p class='ocr_par' dir='ltr' id='par_1_91' title="bbox 2244 2843 3844 2915">
     <span class='ocr_line' id='line_1_95' title="bbox 2244 2843 3844 2915; baseline 0.001 -16"><span class='ocrx_word' id='word_1_692' title='bbox 2244 2854 2363 2913; x_wconf 86' lang='lat' dir='ltr'><strong>post</strong></span> <span class='ocrx_word' id='word_1_693' title='bbox 2389 2846 2560 2915; x_wconf 82' lang='lat' dir='ltr'><strong>legem</strong></span> <span class='ocrx_word' id='word_1_694' title='bbox 2580 2860 2700 2899; x_wconf 89' lang='lat' dir='ltr'><strong>esse</strong></span> <span class='ocrx_word' id='word_1_695' title='bbox 2717 2843 2943 2900; x_wconf 83' lang='lat' dir='ltr'><strong>desiisse</strong></span> <span class='ocrx_word' id='word_1_696' title='bbox 2968 2861 2982 2898; x_wconf 92' lang='lat'><strong>:</strong></span> <span class='ocrx_word' id='word_1_697' title='bbox 3007 2860 3148 2899; x_wconf 91' lang='lat' dir='ltr'><strong>nunc</strong></span> <span class='ocrx_word' id='word_1_698' title='bbox 3172 2853 3351 2900; x_wconf 86' lang='lat' dir='ltr'><strong>autem</strong></span> <span class='ocrx_word' id='word_1_699' title='bbox 3370 2844 3437 2899; x_wconf 86' lang='lat' dir='ltr'><strong>de</strong></span> <span class='ocrx_word' id='word_1_700' title='bbox 3454 2844 3648 2899; x_wconf 82' lang='lat' dir='ltr'><strong>eodem</strong></span> <span class='ocrx_word' id='word_1_701' title='bbox 3668 2845 3806 2901; x_wconf 88' lang='lat' dir='ltr'><strong>dicit</strong></span> <span class='ocrx_word' id='word_1_702' title='bbox 3826 2887 3844 2912; x_wconf 90' lang='lat'><strong>,</strong></span> 
     </span>
    </p>
   </div>
   <div class='ocr_carea' id='block_1_92' title="bbox 2241 2937 3856 3009">
    <p class='ocr_par' dir='ltr' id='par_1_92' title="bbox 2241 2937 3856 3009">
     <span class='ocr_line' id='line_1_96' title="bbox 2241 2937 3856 3009; baseline 0.002 -17"><span class='ocrx_word' id='word_1_703' title='bbox 2241 2937 2385 3008; x_wconf 79' lang='lat' dir='ltr'><strong>quod</strong></span> <span class='ocrx_word' id='word_1_704' title='bbox 2406 2938 2630 3009; x_wconf 72' lang='lat' dir='ltr'><strong>cmperit</strong></span> <span class='ocrx_word' id='word_1_705' title='bbox 2646 2953 2890 2995; x_wconf 89' lang='lat' dir='ltr'><strong>crescere</strong></span> <span class='ocrx_word' id='word_1_706' title='bbox 2907 2948 2965 2995; x_wconf 89' lang='lat' dir='ltr'><strong>et</strong></span> <span class='ocrx_word' id='word_1_707' title='bbox 2988 2938 3260 2994; x_wconf 84' lang='lat' dir='ltr'><strong>abundare</strong></span> <span class='ocrx_word' id='word_1_708' title='bbox 3281 2947 3403 3008; x_wconf 90' lang='lat' dir='ltr'><strong>post</strong></span> <span class='ocrx_word' id='word_1_709' title='bbox 3422 2939 3612 3009; x_wconf 82' lang='lat' dir='ltr'><strong>legem.</strong></span> <span class='ocrx_word' id='word_1_710' title='bbox 3641 2937 3856 2995; x_wconf 74' lang='lat' dir='ltr'><strong>Catho-</strong></span> 
     </span>
    </p>
   </div>
   <div class='ocr_carea' id='block_1_93' title="bbox 2247 3029 3853 3102">
    <p class='ocr_par' dir='ltr' id='par_1_93' title="bbox 2247 3029 3853 3102">
     <span class='ocr_line' id='line_1_97' title="bbox 2247 3029 3853 3102; baseline 0.003 -19"><span class='ocrx_word' id='word_1_711' title='bbox 2247 3031 2347 3085; x_wconf 91' lang='lat' dir='ltr'><strong>lieo</strong></span> <span class='ocrx_word' id='word_1_712' title='bbox 2376 3029 2673 3085; x_wconf 89' lang='lat' dir='ltr'><strong>intellectui</strong></span> <span class='ocrx_word' id='word_1_713' title='bbox 2698 3046 2856 3101; x_wconf 89' lang='lat' dir='ltr'><strong>quem</strong></span> <span class='ocrx_word' id='word_1_714' title='bbox 2883 3031 3156 3100; x_wconf 88' lang='lat' dir='ltr'><strong>sequimur</strong></span> <span class='ocrx_word' id='word_1_715' title='bbox 3177 3071 3195 3099; x_wconf 91' lang='lat'><strong>,</strong></span> <span class='ocrx_word' id='word_1_716' title='bbox 3239 3040 3525 3102; x_wconf 90' lang='lat' dir='ltr'><strong>utrumque</strong></span> <span class='ocrx_word' id='word_1_717' title='bbox 3569 3031 3676 3087; x_wconf 87' lang='lat' dir='ltr'><strong>hoc</strong></span> <span class='ocrx_word' id='word_1_718' title='bbox 3708 3048 3853 3089; x_wconf 89' lang='lat' dir='ltr'><strong>cou-</strong></span> 
     </span>
    </p>
   </div>
   <div class='ocr_carea' id='block_1_94' title="bbox 2243 3122 3855 3195">
    <p class='ocr_par' dir='ltr' id='par_1_94' title="bbox 2243 3122 3855 3195">
     <span class='ocr_line' id='line_1_98' title="bbox 2243 3122 3855 3195; baseline 0.004 -22"><span class='ocrx_word' id='word_1_719' title='bbox 2243 3122 2432 3179; x_wconf 78' lang='lat' dir='ltr'><strong>veniro</strong></span> <span class='ocrx_word' id='word_1_720' title='bbox 2474 3122 2927 3177; x_wconf 88' lang='lat' dir='ltr'><strong>monstravimus:</strong></span> <span class='ocrx_word' id='word_1_721' title='bbox 2972 3130 3063 3176; x_wconf 91' lang='lat' dir='ltr'><strong>tuo</strong></span> <span class='ocrx_word' id='word_1_722' title='bbox 3102 3138 3229 3178; x_wconf 89' lang='lat' dir='ltr'><strong>vero</strong></span> <span class='ocrx_word' id='word_1_723' title='bbox 3271 3122 3504 3193; x_wconf 82' lang='lat' dir='ltr'><strong>dogmati</strong></span> <span class='ocrx_word' id='word_1_724' title='bbox 3528 3140 3632 3193; x_wconf 84' lang='lat' dir='ltr'><strong>qua</strong></span> <span class='ocrx_word' id='word_1_725' title='bbox 3665 3124 3855 3195; x_wconf 83' lang='lat' dir='ltr'><strong>impu-</strong></span> 
     </span>
    </p>
   </div>
   <div class='ocr_carea' id='block_1_95' title="bbox 2242 3212 3858 3289">
    <p class='ocr_par' dir='ltr' id='par_1_95' title="bbox 2242 3212 3858 3289">
     <span class='ocr_line' id='line_1_99' title="bbox 2242 3212 3858 3289; baseline 0.004 -23"><span class='ocrx_word' id='word_1_726' title='bbox 2242 3212 2422 3267; x_wconf 85' lang='lat' dir='ltr'><strong>dentia</strong></span> <span class='ocrx_word' id='word_1_727' title='bbox 2457 3212 2787 3279; x_wconf 87' lang='lat' dir='ltr'><strong>vindicatur,</strong></span> <span class='ocrx_word' id='word_1_728' title='bbox 2819 3222 2876 3268; x_wconf 89' lang='lat' dir='ltr'><strong>ut</strong></span> <span class='ocrx_word' id='word_1_729' title='bbox 2914 3230 3075 3269; x_wconf 90' lang='lat' dir='ltr'><strong>unum</strong></span> <span class='ocrx_word' id='word_1_730' title='bbox 3115 3213 3361 3283; x_wconf 87' lang='lat' dir='ltr'><strong>idemque</strong></span> <span class='ocrx_word' id='word_1_731' title='bbox 3404 3224 3682 3285; x_wconf 87' lang='lat' dir='ltr'><strong>peccatum</strong></span> <span class='ocrx_word' id='word_1_732' title='bbox 3729 3216 3858 3289; x_wconf 82' lang='lat' dir='ltr'><strong>lege</strong></span> 
     </span>
    </p>
   </div>
   <div class='ocr_carea' id='block_1_96' title="bbox 2243 3303 3858 3376">
    <p class='ocr_par' dir='ltr' id='par_1_96' title="bbox 2243 3303 3858 3376">
     <span class='ocr_line' id='line_1_100' title="bbox 2243 3303 3858 3376; baseline 0.005 -18"><span class='ocrx_word' id='word_1_733' title='bbox 2243 3305 2346 3359; x_wconf 88' lang='lat' dir='ltr'><strong>lata</strong></span> <span class='ocrx_word' id='word_1_734' title='bbox 2365 3345 2379 3371; x_wconf 93' lang='lat'><strong>,</strong></span> <span class='ocrx_word' id='word_1_735' title='bbox 2414 3303 2660 3374; x_wconf 88' lang='lat' dir='ltr'><strong>superius</strong></span> <span class='ocrx_word' id='word_1_736' title='bbox 2678 3304 2893 3376; x_wconf 82' lang='lat' dir='ltr'><strong>quidem</strong></span> <span class='ocrx_word' id='word_1_737' title='bbox 2915 3303 3177 3361; x_wconf 80' lang='lat' dir='ltr'><strong>defecisse</strong></span> <span class='ocrx_word' id='word_1_738' title='bbox 3197 3347 3213 3372; x_wconf 90' lang='lat'><strong>,</strong></span> <span class='ocrx_word' id='word_1_739' title='bbox 3246 3322 3388 3362; x_wconf 92' lang='lat' dir='ltr'><strong>nunc</strong></span> <span class='ocrx_word' id='word_1_740' title='bbox 3407 3315 3584 3362; x_wconf 90' lang='lat' dir='ltr'><strong>autem</strong></span> <span class='ocrx_word' id='word_1_741' title='bbox 3605 3308 3858 3366; x_wconf 84' lang='lat' dir='ltr'><strong>crevisse</strong></span> 
     </span>
    </p>
   </div>
   <div class='ocr_carea' id='block_1_97' title="bbox 2240 3396 3858 3472">
    <p class='ocr_par' dir='ltr' id='par_1_97' title="bbox 2240 3396 3858 3472">
     <span class='ocr_line' id='line_1_101' title="bbox 2240 3396 3858 3472; baseline 0.004 -20"><span class='ocrx_word' id='word_1_742' title='bbox 2240 3396 2488 3452; x_wconf 87' lang='lat' dir='ltr'><strong>dicatur?</strong></span> <span class='ocrx_word' id='word_1_743' title='bbox 2517 3397 2799 3467; x_wconf 86' lang='lat' dir='ltr'><strong>Quomodo</strong></span> <span class='ocrx_word' id='word_1_744' title='bbox 2821 3413 2950 3469; x_wconf 85' lang='lat' dir='ltr'><strong>ergo</strong></span> <span class='ocrx_word' id='word_1_745' title='bbox 2978 3408 3098 3468; x_wconf 88' lang='lat' dir='ltr'><strong>post</strong></span> <span class='ocrx_word' id='word_1_746' title='bbox 3120 3399 3294 3472; x_wconf 83' lang='lat' dir='ltr'><strong>legem</strong></span> <span class='ocrx_word' id='word_1_747' title='bbox 3333 3401 3568 3455; x_wconf 87' lang='lat' dir='ltr'><strong>abundat</strong></span> <span class='ocrx_word' id='word_1_748' title='bbox 3599 3404 3858 3459; x_wconf 82' lang='lat' dir='ltr'><strong>naturale</strong></span> 
     </span>
    </p>
   </div>
   <div class='ocr_carea' id='block_1_98' title="bbox 2240 3492 3854 3564">
    <p class='ocr_par' dir='ltr' id='par_1_98' title="bbox 2240 3492 3854 3564">
     <span class='ocr_line' id='line_1_102' title="bbox 2240 3492 3854 3564; baseline 0.003 -17"><span class='ocrx_word' id='word_1_749' title='bbox 2240 3502 2516 3560; x_wconf 82' lang='lat' dir='ltr'><strong>peccatum</strong></span> <span class='ocrx_word' id='word_1_750' title='bbox 2538 3495 2562 3546; x_wconf 82' lang='lat'><strong>?</strong></span> <span class='ocrx_word' id='word_1_751' title='bbox 2588 3494 2850 3547; x_wconf 80' lang='lat' dir='ltr'><strong>Acriusne</strong></span> <span class='ocrx_word' id='word_1_752' title='bbox 2877 3501 3155 3562; x_wconf 57' lang='lat' dir='ltr'><strong>coeperunt</strong></span> <span class='ocrx_word' id='word_1_753' title='bbox 3187 3492 3440 3564; x_wconf 86' lang='lat' dir='ltr'><strong>genitalia</strong></span> <span class='ocrx_word' id='word_1_754' title='bbox 3471 3497 3812 3552; x_wconf 84' lang='lat' dir='ltr'><strong>commoveri</strong></span> <span class='ocrx_word' id='word_1_755' title='bbox 3838 3540 3854 3564; x_wconf 94' lang='lat'><strong>,</strong></span> 
     </span>
    </p>
   </div>
   <div class='ocr_carea' id='block_1_99' title="bbox 2241 3585 3857 3656">
    <p class='ocr_par' dir='ltr' id='par_1_99' title="bbox 2241 3585 3857 3656">
     <span class='ocr_line' id='line_1_103' title="bbox 2241 3585 3857 3656; baseline 0.003 -17"><span class='ocrx_word' id='word_1_756' title='bbox 2241 3596 2298 3640; x_wconf 90' lang='lat' dir='ltr'><strong>ut</strong></span> <span class='ocrx_word' id='word_1_757' title='bbox 2325 3585 2393 3640; x_wconf 92' lang='lat' dir='ltr'><strong>de</strong></span> <span class='ocrx_word' id='word_1_758' title='bbox 2423 3585 2724 3656; x_wconf 89' lang='lat' dir='ltr'><strong>augmentis</strong></span> <span class='ocrx_word' id='word_1_759' title='bbox 2750 3593 2805 3640; x_wconf 87' lang='lat' dir='ltr'><strong>et</strong></span> <span class='ocrx_word' id='word_1_760' title='bbox 2829 3585 3064 3640; x_wconf 92' lang='lat' dir='ltr'><strong>novitate</strong></span> <span class='ocrx_word' id='word_1_761' title='bbox 3096 3595 3334 3640; x_wconf 84' lang='lat' dir='ltr'><strong>motuum</strong></span> <span class='ocrx_word' id='word_1_762' title='bbox 3360 3594 3584 3653; x_wconf 86' lang='lat' dir='ltr'><strong>peccato</strong></span> <span class='ocrx_word' id='word_1_763' title='bbox 3610 3595 3706 3643; x_wconf 89' lang='lat' dir='ltr'><strong>tuo</strong></span> <span class='ocrx_word' id='word_1_764' title='bbox 3732 3590 3857 3644; x_wconf 74' lang='lat' dir='ltr'><strong>vir-</strong></span> 
     </span>
    </p>
   </div>
   <div class='ocr_carea' id='block_1_100' title="bbox 2242 3678 3857 3749">
    <p class='ocr_par' dir='ltr' id='par_1_100' title="bbox 2242 3678 3857 3749">
     <span class='ocr_line' id='line_1_104' title="bbox 2242 3678 3857 3749; baseline 0.003 -16"><span class='ocrx_word' id='word_1_765' title='bbox 2242 3688 2328 3733; x_wconf 91' lang='lat' dir='ltr'><strong>tus</strong></span> <span class='ocrx_word' id='word_1_766' title='bbox 2358 3678 2604 3734; x_wconf 83' lang='lat' dir='ltr'><strong>videatur</strong></span> <span class='ocrx_word' id='word_1_767' title='bbox 2629 3678 2919 3749; x_wconf 78' lang='lat' dir='ltr'><strong>adjuncta?</strong></span> <span class='ocrx_word' id='word_1_768' title='bbox 2950 3680 3034 3735; x_wconf 83' lang='lat' dir='ltr'><strong>An</strong></span> <span class='ocrx_word' id='word_1_769' title='bbox 3077 3679 3164 3736; x_wconf 84' lang='lat' dir='ltr'><strong>lex</strong></span> <span class='ocrx_word' id='word_1_770' title='bbox 3198 3679 3319 3734; x_wconf 82' lang='lat' dir='ltr'><strong>data</strong></span> <span class='ocrx_word' id='word_1_771' title='bbox 3358 3679 3705 3735; x_wconf 87' lang='lat' dir='ltr'><strong>nascentibus</strong></span> <span class='ocrx_word' id='word_1_772' title='bbox 3726 3692 3820 3738; x_wconf 86' lang='lat' dir='ltr'><strong>est</strong></span> <span class='ocrx_word' id='word_1_773' title='bbox 3840 3724 3857 3749; x_wconf 90' lang='lat'><strong>,</strong></span> 
     </span>
    </p>
   </div>
   <div class='ocr_carea' id='block_1_101' title="bbox 2240 3770 3862 3842">
    <p class='ocr_par' dir='ltr' id='par_1_101' title="bbox 2240 3770 3862 3842">
     <span class='ocr_line' id='line_1_105' title="bbox 2240 3770 3862 3842; baseline 0.004 -18"><span class='ocrx_word' id='word_1_774' title='bbox 2240 3779 2299 3825; x_wconf 92' lang='lat' dir='ltr'><strong>ut</strong></span> <span class='ocrx_word' id='word_1_775' title='bbox 2338 3770 2430 3841; x_wconf 88' lang='lat' dir='ltr'><strong>qui</strong></span> <span class='ocrx_word' id='word_1_776' title='bbox 2474 3770 2542 3827; x_wconf 91' lang='lat' dir='ltr'><strong>de</strong></span> <span class='ocrx_word' id='word_1_777' title='bbox 2582 3770 2833 3839; x_wconf 88' lang='lat' dir='ltr'><strong>libidine,</strong></span> <span class='ocrx_word' id='word_1_778' title='bbox 2885 3786 3045 3842; x_wconf 86' lang='lat' dir='ltr'><strong>quam</strong></span> <span class='ocrx_word' id='word_1_779' title='bbox 3078 3771 3214 3828; x_wconf 87' lang='lat' dir='ltr'><strong>dicis</strong></span> <span class='ocrx_word' id='word_1_780' title='bbox 3263 3772 3579 3829; x_wconf 87' lang='lat' dir='ltr'><strong>diabolicam</strong></span> <span class='ocrx_word' id='word_1_781' title='bbox 3624 3788 3752 3829; x_wconf 85' lang='lat' dir='ltr'><strong>esse</strong></span> <span class='ocrx_word' id='word_1_782' title='bbox 3800 3785 3862 3830; x_wconf 86' lang='lat' dir='ltr'><strong>et</strong></span> 
     </span>
    </p>
   </div>
   <div class='ocr_carea' id='block_1_102' title="bbox 2241 3853 3863 3934">
    <p class='ocr_par' dir='ltr' id='par_1_102' title="bbox 2241 3853 3863 3934">
     <span class='ocr_line' id='line_1_106' title="bbox 2241 3853 3863 3934; baseline 0.004 -18"><span class='ocrx_word' id='word_1_783' title='bbox 2241 3861 2473 3917; x_wconf 87' lang='lat' dir='ltr'><strong>radicem</strong></span> <span class='ocrx_word' id='word_1_784' title='bbox 2501 3860 2842 3934; x_wconf 83' lang='lat' dir='ltr'><strong>fructumque</strong></span> <span class='ocrx_word' id='word_1_785' title='bbox 2870 3863 3071 3933; x_wconf 87' lang='lat' dir='ltr'><strong>peccati</strong></span> <span class='ocrx_word' id='word_1_786' title='bbox 3099 3863 3142 3930; x_wconf 83' lang='grc'><strong>³,</strong></span> <span class='ocrx_word' id='word_1_787' title='bbox 3170 3863 3335 3934; x_wconf 88' lang='lat' dir='ltr'><strong>geniti</strong></span> <span class='ocrx_word' id='word_1_788' title='bbox 3361 3853 3515 3918; x_wconf 74' lang='lat' dir='ltr'><strong>erant</strong></span> <span class='ocrx_word' id='word_1_789' title='bbox 3535 3903 3553 3931; x_wconf 92' lang='lat'><strong>,</strong></span> <span class='ocrx_word' id='word_1_790' title='bbox 3582 3863 3863 3922; x_wconf 87' lang='lat' dir='ltr'><strong>admone-</strong></span> 
     </span>
    </p>
   </div>
   <div class='ocr_carea' id='block_1_103' title="bbox 2241 3954 3863 4027">
    <p class='ocr_par' dir='ltr' id='par_1_103' title="bbox 2241 3954 3863 4027">
     <span class='ocr_line' id='line_1_107' title="bbox 2241 3954 3863 4027; baseline 0.002 -18"><span class='ocrx_word' id='word_1_791' title='bbox 2241 3964 2424 4009; x_wconf 88' lang='lat' dir='ltr'><strong>rentur</strong></span> <span class='ocrx_word' id='word_1_792' title='bbox 2449 3954 2738 4011; x_wconf 90' lang='lat' dir='ltr'><strong>emendare</strong></span> <span class='ocrx_word' id='word_1_793' title='bbox 2763 3955 2907 4026; x_wconf 85' lang='lat' dir='ltr'><strong>quod</strong></span> <span class='ocrx_word' id='word_1_794' title='bbox 2932 3955 3056 4011; x_wconf 82' lang='lat' dir='ltr'><strong>facti</strong></span> <span class='ocrx_word' id='word_1_795' title='bbox 3086 3966 3239 4011; x_wconf 84' lang='lat' dir='ltr'><strong>erant</strong></span> <span class='ocrx_word' id='word_1_796' title='bbox 3262 3955 3306 4021; x_wconf 69' lang='grc'><strong>⁸,</strong></span> <span class='ocrx_word' id='word_1_797' title='bbox 3334 3967 3388 4012; x_wconf 91' lang='lat' dir='ltr'><strong>et</strong></span> <span class='ocrx_word' id='word_1_798' title='bbox 3425 3964 3633 4027; x_wconf 87' lang='lat' dir='ltr'><strong>gestum</strong></span> <span class='ocrx_word' id='word_1_799' title='bbox 3674 3973 3863 4015; x_wconf 84' lang='lat' dir='ltr'><strong>corn-</strong></span> 
     </span>
    </p>
   </div>
   <div class='ocr_carea' id='block_1_104' title="bbox 2239 4047 3862 4119">
    <p class='ocr_par' dir='ltr' id='par_1_104' title="bbox 2239 4047 3862 4119">
     <span class='ocr_line' id='line_1_108' title="bbox 2239 4047 3862 4119; baseline 0 -16"><span class='ocrx_word' id='word_1_800' title='bbox 2239 4063 2367 4118; x_wconf 88' lang='lat' dir='ltr'><strong>gcre</strong></span> <span class='ocrx_word' id='word_1_801' title='bbox 2398 4064 2556 4119; x_wconf 86' lang='lat' dir='ltr'><strong>quem</strong></span> <span class='ocrx_word' id='word_1_802' title='bbox 2585 4047 2921 4113; x_wconf 87' lang='lat' dir='ltr'><strong>habuerant,</strong></span> <span class='ocrx_word' id='word_1_803' title='bbox 2944 4064 3065 4106; x_wconf 92' lang='lat' dir='ltr'><strong>cum</strong></span> <span class='ocrx_word' id='word_1_804' title='bbox 3090 4063 3187 4104; x_wconf 90' lang='lat' dir='ltr'><strong>eos</strong></span> <span class='ocrx_word' id='word_1_805' title='bbox 3205 4057 3522 4119; x_wconf 88' lang='lat' dir='ltr'><strong>generarent</strong></span> <span class='ocrx_word' id='word_1_806' title='bbox 3548 4059 3814 4118; x_wconf 85' lang='lat' dir='ltr'><strong>parentes</strong></span> <span class='ocrx_word' id='word_1_807' title='bbox 3834 4049 3862 4103; x_wconf 70' lang='lat'>2</span> 
     </span>
    </p>
   </div>
   <div class='ocr_carea' id='block_1_105' title="bbox 2239 4139 3860 4213">
    <p class='ocr_par' dir='ltr' id='par_1_105' title="bbox 2239 4139 3860 4213">
     <span class='ocr_line' id='line_1_109' title="bbox 2239 4139 3860 4213; baseline 0.001 -15"><span class='ocrx_word' id='word_1_808' title='bbox 2239 4144 2503 4213; x_wconf 69' lang='lat' dir='ltr'><strong>(legerent</strong></span> <span class='ocrx_word' id='word_1_809' title='bbox 2544 4152 2813 4213; x_wconf 86' lang='lat' dir='ltr'><strong>postremo</strong></span> <span class='ocrx_word' id='word_1_810' title='bbox 2864 4158 2982 4213; x_wconf 86' lang='lat' dir='ltr'><strong>quae</strong></span> <span class='ocrx_word' id='word_1_811' title='bbox 3028 4140 3166 4197; x_wconf 83' lang='lat' dir='ltr'><strong>facta</strong></span> <span class='ocrx_word' id='word_1_812' title='bbox 3199 4152 3392 4210; x_wconf 88' lang='lat' dir='ltr'><strong>erant,</strong></span> <span class='ocrx_word' id='word_1_813' title='bbox 3438 4139 3630 4197; x_wconf 79' lang='lat' dir='ltr'><strong>infecta</strong></span> <span class='ocrx_word' id='word_1_814' title='bbox 3681 4157 3860 4210; x_wconf 81' lang='lat' dir='ltr'><strong>esse;</strong></span> 
     </span>
    </p>
   </div>
   <div class='ocr_carea' id='block_1_106' title="bbox 2240 4234 3862 4309">
    <p class='ocr_par' dir='ltr' id='par_1_106' title="bbox 2240 4234 3862 4309">
     <span class='ocr_line' id='line_1_110' title="bbox 2240 4234 3862 4309; baseline 0 -18"><span class='ocrx_word' id='word_1_815' title='bbox 2240 4236 2381 4309; x_wconf 88' lang='lat' dir='ltr'><strong>quod</strong></span> <span class='ocrx_word' id='word_1_816' title='bbox 2434 4236 2508 4292; x_wconf 93' lang='lat' dir='ltr'><strong>illi</strong></span> <span class='ocrx_word' id='word_1_817' title='bbox 2545 4236 2744 4293; x_wconf 82' lang='lat' dir='ltr'><strong>audire</strong></span> <span class='ocrx_word' id='word_1_818' title='bbox 2788 4234 3038 4291; x_wconf 90' lang='lat' dir='ltr'><strong>videlicet</strong></span> <span class='ocrx_word' id='word_1_819' title='bbox 3084 4244 3412 4301; x_wconf 87' lang='lat' dir='ltr'><strong>renuentes,</strong></span> <span class='ocrx_word' id='word_1_820' title='bbox 3462 4234 3862 4291; x_wconf 72' lang='lat' dir='ltr'><strong>inobedientia:</strong></span> 
     </span>
    </p>
   </div>
   <div class='ocr_carea' id='block_1_107' title="bbox 2241 4327 3864 4394">
    <p class='ocr_par' dir='ltr' id='par_1_107' title="bbox 2241 4327 3864 4394">
     <span class='ocr_line' id='line_1_111' title="bbox 2241 4327 3864 4394; baseline -0.002 -6"><span class='ocrx_word' id='word_1_821' title='bbox 2241 4333 2441 4389; x_wconf 90' lang='lat' dir='ltr'><strong>crimen</strong></span> <span class='ocrx_word' id='word_1_822' title='bbox 2473 4332 2842 4386; x_wconf 78' lang='lat' dir='ltr'><strong>incurrerent?</strong></span> <span class='ocrx_word' id='word_1_823' title='bbox 2861 4333 2928 4387; x_wconf 83' lang='lat' dir='ltr'><strong>At</strong></span> <span class='ocrx_word' id='word_1_824' title='bbox 2947 4330 3051 4386; x_wconf 86' lang='lat' dir='ltr'><strong>hoc</strong></span> <span class='ocrx_word' id='word_1_825' title='bbox 3075 4345 3107 4383; x_wconf 88' lang='lat' dir='ltr'><strong>a</strong></span> <span class='ocrx_word' id='word_1_826' title='bbox 3137 4329 3283 4384; x_wconf 84' lang='lat' dir='ltr'><strong>nullo</strong></span> <span class='ocrx_word' id='word_1_827' title='bbox 3298 4329 3583 4384; x_wconf 86' lang='lat' dir='ltr'><strong>stultorum</strong></span> <span class='ocrx_word' id='word_1_828' title='bbox 3600 4362 3616 4394; x_wconf 77' lang='lat'><strong>,</strong></span> <span class='ocrx_word' id='word_1_829' title='bbox 3640 4327 3864 4385; x_wconf 83' lang='lat' dir='ltr'><strong>nedum</strong></span> 
     </span>
    </p>
   </div>
   <div class='ocr_carea' id='block_1_108' title="bbox 2241 4421 3561 4497">
    <p class='ocr_par' dir='ltr' id='par_1_108' title="bbox 2241 4421 3561 4497">
     <span class='ocr_line' id='line_1_112' title="bbox 2241 4421 3561 4497; baseline -0.004 -17"><span class='ocrx_word' id='word_1_830' title='bbox 2241 4442 2272 4480; x_wconf 85' lang='lat' dir='ltr'><strong>a</strong></span> <span class='ocrx_word' id='word_1_831' title='bbox 2302 4427 2419 4497; x_wconf 86' lang='lat' dir='ltr'><strong>lege</strong></span> <span class='ocrx_word' id='word_1_832' title='bbox 2442 4440 2600 4496; x_wconf 84' lang='lat' dir='ltr'><strong>quam</strong></span> <span class='ocrx_word' id='word_1_833' title='bbox 2629 4425 2769 4479; x_wconf 88' lang='lat' dir='ltr'><strong>Deus</strong></span> <span class='ocrx_word' id='word_1_834' title='bbox 2794 4423 2939 4480; x_wconf 87' lang='lat' dir='ltr'><strong>dedit</strong></span> <span class='ocrx_word' id='word_1_835' title='bbox 2964 4464 2980 4492; x_wconf 90' lang='lat'><strong>,</strong></span> <span class='ocrx_word' id='word_1_836' title='bbox 3009 4431 3221 4494; x_wconf 87' lang='lat' dir='ltr'><strong>poterat</strong></span> <span class='ocrx_word' id='word_1_837' title='bbox 3246 4422 3497 4492; x_wconf 81' lang='lat' dir='ltr'><strong>imputari</strong></span> <span class='ocrx_word' id='word_1_838' title='bbox 3516 4421 3561 4475; x_wconf 80' lang='lat'><strong>“.</strong></span> 
     </span>
    </p>
   </div>
   <div class='ocr_carea' id='block_1_109' title="bbox 2312 4513 3868 4589">
    <p class='ocr_par' dir='ltr' id='par_1_109' title="bbox 2312 4513 3868 4589">
     <span class='ocr_line' id='line_1_113' title="bbox 2312 4513 3868 4589; baseline -0.003 -13"><span class='ocrx_word' id='word_1_839' title='bbox 2312 4527 2449 4576; x_wconf 80' lang='lat' dir='ltr'><strong>Anc.</strong></span> <span class='ocrx_word' id='word_1_840' title='bbox 2472 4516 2741 4589; x_wconf 86' lang='lat' dir='ltr'><strong>Numquid</strong></span> <span class='ocrx_word' id='word_1_841' title='bbox 2762 4516 2957 4572; x_wconf 86' lang='lat' dir='ltr'><strong>alicubi</strong></span> <span class='ocrx_word' id='word_1_842' title='bbox 2978 4516 3210 4571; x_wconf 87' lang='lat' dir='ltr'><strong>diximus</strong></span> <span class='ocrx_word' id='word_1_843' title='bbox 3232 4557 3249 4582; x_wconf 88' lang='lat'><strong>,</strong></span> <span class='ocrx_word' id='word_1_844' title='bbox 3274 4523 3547 4585; x_wconf 85' lang='lat' dir='ltr'><strong>peccatum</strong></span> <span class='ocrx_word' id='word_1_845' title='bbox 3574 4513 3868 4585; x_wconf 84' lang='lat' dir='ltr'><strong>originale</strong></span> 
     </span>
    </p>
   </div>
   <div class='ocr_carea' id='block_1_110' title="bbox 2241 4606 3870 4682">
    <p class='ocr_par' dir='ltr' id='par_1_110' title="bbox 2241 4606 3870 4682">
     <span class='ocr_line' id='line_1_114' title="bbox 2241 4606 3870 4682; baseline -0.004 -13"><span class='ocrx_word' id='word_1_846' title='bbox 2241 4613 2474 4669; x_wconf 86' lang='lat' dir='ltr'><strong>crevisse</strong></span> <span class='ocrx_word' id='word_1_847' title='bbox 2506 4619 2629 4682; x_wconf 90' lang='lat' dir='ltr'><strong>post</strong></span> <span class='ocrx_word' id='word_1_848' title='bbox 2654 4610 2865 4682; x_wconf 83' lang='lat' dir='ltr'><strong>legem?</strong></span> <span class='ocrx_word' id='word_1_849' title='bbox 2895 4609 3000 4665; x_wconf 84' lang='lat' dir='ltr'><strong>Aut</strong></span> <span class='ocrx_word' id='word_1_850' title='bbox 3029 4607 3134 4663; x_wconf 87' lang='lat' dir='ltr'><strong>hoc</strong></span> <span class='ocrx_word' id='word_1_851' title='bbox 3166 4606 3391 4678; x_wconf 88' lang='lat' dir='ltr'><strong>intelligi</strong></span> <span class='ocrx_word' id='word_1_852' title='bbox 3419 4606 3665 4663; x_wconf 87' lang='lat' dir='ltr'><strong>volumus</strong></span> <span class='ocrx_word' id='word_1_853' title='bbox 3697 4607 3758 4661; x_wconf 86' lang='lat' dir='ltr'><strong>in</strong></span> <span class='ocrx_word' id='word_1_854' title='bbox 3790 4624 3870 4663; x_wconf 85' lang='lat' dir='ltr'><strong>eo</strong></span> 
     </span>
    </p>
   </div>
   <div class='ocr_carea' id='block_1_111' title="bbox 2240 4697 3873 4778">
    <p class='ocr_par' dir='ltr' id='par_1_111' title="bbox 2240 4697 3873 4778">
     <span class='ocr_line' id='line_1_115' title="bbox 2240 4697 3873 4778; baseline -0.004 -17"><span class='ocrx_word' id='word_1_855' title='bbox 2240 4704 2383 4778; x_wconf 86' lang='lat' dir='ltr'><strong>quod</strong></span> <span class='ocrx_word' id='word_1_856' title='bbox 2426 4706 2501 4759; x_wconf 89' lang='lat' dir='ltr'><strong>ait</strong></span> <span class='ocrx_word' id='word_1_857' title='bbox 2542 4702 2832 4774; x_wconf 84' lang='lat' dir='ltr'><strong>Apostolus</strong></span> <span class='ocrx_word' id='word_1_858' title='bbox 2856 4742 2872 4767; x_wconf 91' lang='lat'><strong>,</strong></span> <span class='ocrx_word' id='word_1_859' title='bbox 2918 4700 3027 4756; x_wconf 80' lang='lat' dir='ltr'><strong>Lex</strong></span> <span class='ocrx_word' id='word_1_860' title='bbox 3069 4700 3403 4765; x_wconf 74' lang='lat' dir='ltr'><strong>aubintratn’t,</strong></span> <span class='ocrx_word' id='word_1_861' title='bbox 3452 4708 3509 4752; x_wconf 88' lang='lat' dir='ltr'><strong>ut</strong></span> <span class='ocrx_word' id='word_1_862' title='bbox 3560 4697 3873 4754; x_wconf 76' lang='lat' dir='ltr'><strong>abundaret</strong></span> 
     </span>
    </p>
   </div>
   <div class='ocr_carea' id='block_1_112' title="bbox 2240 4789 3871 4860">
    <p class='ocr_par' dir='ltr' id='par_1_112' title="bbox 2240 4789 3871 4860">
     <span class='ocr_line' id='line_1_116' title="bbox 2240 4789 3871 4860; baseline -0.003 -8"><span class='ocrx_word' id='word_1_863' title='bbox 2240 4797 2515 4852; x_wconf 77' lang='lat' dir='ltr'><strong>delictum?</strong></span> <span class='ocrx_word' id='word_1_864' title='bbox 2544 4793 2848 4850; x_wconf 77' lang='lat' dir='ltr'><strong>Abundavit</strong></span> <span class='ocrx_word' id='word_1_865' title='bbox 2874 4792 3017 4849; x_wconf 89' lang='lat' dir='ltr'><strong>enim</strong></span> <span class='ocrx_word' id='word_1_866' title='bbox 3041 4833 3055 4859; x_wconf 92' lang='lat'><strong>,</strong></span> <span class='ocrx_word' id='word_1_867' title='bbox 3089 4805 3193 4847; x_wconf 89' lang='lat' dir='ltr'><strong>non</strong></span> <span class='ocrx_word' id='word_1_868' title='bbox 3217 4793 3340 4860; x_wconf 90' lang='lat' dir='ltr'><strong>quia</strong></span> <span class='ocrx_word' id='word_1_869' title='bbox 3371 4789 3499 4844; x_wconf 86' lang='lat' dir='ltr'><strong>illud</strong></span> <span class='ocrx_word' id='word_1_870' title='bbox 3529 4804 3703 4860; x_wconf 85' lang='lat' dir='ltr'><strong>genus</strong></span> <span class='ocrx_word' id='word_1_871' title='bbox 3723 4805 3871 4847; x_wconf 58' lang='lat' dir='ltr'><strong>crcc</strong></span> 
     </span>
    </p>
   </div>
   <div class='ocr_carea' id='block_1_113' title="bbox 2239 4881 3873 4960">
    <p class='ocr_par' dir='ltr' id='par_1_113' title="bbox 2239 4881 3873 4960">
     <span class='ocr_line' id='line_1_117' title="bbox 2239 4881 3873 4960; baseline -0.002 -16"><span class='ocrx_word' id='word_1_872' title='bbox 2239 4891 2349 4957; x_wconf 88' lang='lat' dir='ltr'><strong>vit,</strong></span> <span class='ocrx_word' id='word_1_873' title='bbox 2379 4888 2520 4960; x_wconf 91' lang='lat' dir='ltr'><strong>quod</strong></span> <span class='ocrx_word' id='word_1_874' title='bbox 2549 4897 2674 4943; x_wconf 90' lang='lat' dir='ltr'><strong>ante</strong></span> <span class='ocrx_word' id='word_1_875' title='bbox 2696 4887 2806 4958; x_wconf 85' lang='lat' dir='ltr'><strong>jam</strong></span> <span class='ocrx_word' id='word_1_876' title='bbox 2835 4885 3007 4942; x_wconf 75' lang='lat' dir='ltr'><strong>fuerat</strong></span> <span class='ocrx_word' id='word_1_877' title='bbox 3030 4903 3045 4951; x_wconf 92' lang='lat'><strong>;</strong></span> <span class='ocrx_word' id='word_1_878' title='bbox 3068 4884 3163 4940; x_wconf 88' lang='lat' dir='ltr'><strong>sed</strong></span> <span class='ocrx_word' id='word_1_879' title='bbox 3193 4883 3315 4954; x_wconf 83' lang='lat' dir='ltr'><strong>quia</strong></span> <span class='ocrx_word' id='word_1_880' title='bbox 3342 4898 3515 4954; x_wconf 84' lang='lat' dir='ltr'><strong>genus</strong></span> <span class='ocrx_word' id='word_1_881' title='bbox 3541 4881 3684 4937; x_wconf 86' lang='lat' dir='ltr'><strong>aliud</strong></span> <span class='ocrx_word' id='word_1_882' title='bbox 3712 4899 3873 4953; x_wconf 78' lang='lat' dir='ltr'><strong>pec-</strong></span> 
     </span>
    </p>
   </div>
   <div class='ocr_carea' id='block_1_114' title="bbox 2239 4973 3874 5051">
    <p class='ocr_par' dir='ltr' id='par_1_114' title="bbox 2239 4973 3874 5051">
     <span class='ocr_line' id='line_1_118' title="bbox 2239 4973 3874 5051; baseline -0.004 -13"><span class='ocrx_word' id='word_1_883' title='bbox 2239 4982 2343 5038; x_wconf 86' lang='lat' dir='ltr'><strong>cati</strong></span> <span class='ocrx_word' id='word_1_884' title='bbox 2397 4981 2657 5046; x_wconf 88' lang='lat' dir='ltr'><strong>aceessit,</strong></span> <span class='ocrx_word' id='word_1_885' title='bbox 2728 4977 2871 5051; x_wconf 85' lang='lat' dir='ltr'><strong>quod</strong></span> <span class='ocrx_word' id='word_1_886' title='bbox 2939 4978 3054 5033; x_wconf 89' lang='lat' dir='ltr'><strong>sine</strong></span> <span class='ocrx_word' id='word_1_887' title='bbox 3093 4976 3211 5048; x_wconf 88' lang='lat' dir='ltr'><strong>lege</strong></span> <span class='ocrx_word' id='word_1_888' title='bbox 3256 4991 3362 5031; x_wconf 91' lang='lat' dir='ltr'><strong>non</strong></span> <span class='ocrx_word' id='word_1_889' title='bbox 3414 4987 3566 5041; x_wconf 85' lang='lat' dir='ltr'><strong>erat,</strong></span> <span class='ocrx_word' id='word_1_890' title='bbox 3614 4973 3671 5029; x_wconf 91' lang='lat' dir='ltr'><strong>id</strong></span> <span class='ocrx_word' id='word_1_891' title='bbox 3726 4986 3874 5045; x_wconf 84' lang='lat' dir='ltr'><strong>est,</strong></span> 
     </span>
    </p>
   </div>
   <div class='ocr_carea' id='block_1_115' title="bbox 2243 5066 3881 5147">
    <p class='ocr_par' dir='ltr' id='par_1_115' title="bbox 2243 5066 3881 5147">
     <span class='ocr_line' id='line_1_119' title="bbox 2243 5066 3881 5147; baseline -0.003 -18"><span class='ocrx_word' id='word_1_892' title='bbox 2243 5075 2610 5147; x_wconf 67' lang='lat' dir='ltr'><strong>pratvaricatio</strong></span> <span class='ocrx_word' id='word_1_893' title='bbox 2633 5116 2650 5141; x_wconf 95' lang='lat'><strong>,</strong></span> <span class='ocrx_word' id='word_1_894' title='bbox 2685 5074 2825 5130; x_wconf 90' lang='lat' dir='ltr'><strong>sicut</strong></span> <span class='ocrx_word' id='word_1_895' title='bbox 2862 5071 3025 5143; x_wconf 89' lang='lat' dir='ltr'><strong>paulo</strong></span> <span class='ocrx_word' id='word_1_896' title='bbox 3067 5079 3189 5125; x_wconf 86' lang='lat' dir='ltr'><strong>ante</strong></span> <span class='ocrx_word' id='word_1_897' title='bbox 3232 5068 3673 5125; x_wconf 79' lang='lat' dir='ltr'><strong>monstravimus.</strong></span> <span class='ocrx_word' id='word_1_898' title='bbox 3705 5066 3881 5124; x_wconf 76' lang='lat' dir='ltr'><strong>Cun-</strong></span> 
     </span>
    </p>
   </div>
   <div class='ocr_carea' id='block_1_116' title="bbox 2238 5158 3875 5238">
    <p class='ocr_par' dir='ltr' id='par_1_116' title="bbox 2238 5158 3875 5238">
     <span class='ocr_line' id='line_1_120' title="bbox 2238 5158 3875 5238; baseline -0.005 -15"><span class='ocrx_word' id='word_1_899' title='bbox 2238 5167 2567 5238; x_wconf 86' lang='lat' dir='ltr'><strong>cupisccntia</strong></span> <span class='ocrx_word' id='word_1_900' title='bbox 2596 5176 2679 5223; x_wconf 88' lang='lat' dir='ltr'><strong>est</strong></span> <span class='ocrx_word' id='word_1_901' title='bbox 2706 5176 2884 5220; x_wconf 88' lang='lat' dir='ltr'><strong>autem</strong></span> <span class='ocrx_word' id='word_1_902' title='bbox 2925 5161 3101 5219; x_wconf 84' lang='lat' dir='ltr'><strong>carnis</strong></span> <span class='ocrx_word' id='word_1_903' title='bbox 3124 5202 3141 5228; x_wconf 92' lang='lat'><strong>,</strong></span> <span class='ocrx_word' id='word_1_904' title='bbox 3183 5171 3240 5217; x_wconf 89' lang='lat' dir='ltr'><strong>et</strong></span> <span class='ocrx_word' id='word_1_905' title='bbox 3280 5159 3444 5216; x_wconf 90' lang='lat' dir='ltr'><strong>libido</strong></span> <span class='ocrx_word' id='word_1_906' title='bbox 3485 5158 3821 5230; x_wconf 86' lang='lat' dir='ltr'><strong>genitalium</strong></span> <span class='ocrx_word' id='word_1_907' title='bbox 3858 5205 3875 5225; x_wconf 87' lang='lat'><strong>,</strong></span> 
     </span>
    </p>
   </div>
   <div class='ocr_carea' id='block_1_117' title="bbox 2241 5253 3876 5333">
    <p class='ocr_par' dir='ltr' id='par_1_117' title="bbox 2241 5253 3876 5333">
     <span class='ocr_line' id='line_1_121' title="bbox 2241 5253 3876 5333; baseline -0.006 -15"><span class='ocrx_word' id='word_1_908' title='bbox 2241 5273 2426 5318; x_wconf 85' lang='lat' dir='ltr'><strong>contra</strong></span> <span class='ocrx_word' id='word_1_909' title='bbox 2474 5278 2633 5333; x_wconf 86' lang='lat' dir='ltr'><strong>quam</strong></span> <span class='ocrx_word' id='word_1_910' title='bbox 2683 5267 2993 5316; x_wconf 81' lang='lat' dir='ltr'><strong>sanctorum</strong></span> <span class='ocrx_word' id='word_1_911' title='bbox 3035 5256 3252 5313; x_wconf 86' lang='lat' dir='ltr'><strong>castitas</strong></span> <span class='ocrx_word' id='word_1_912' title='bbox 3286 5262 3504 5327; x_wconf 80' lang='lat' dir='ltr'><strong>pugnat.</strong></span> <span class='ocrx_word' id='word_1_913' title='bbox 3551 5253 3706 5309; x_wconf 80' lang='lat' dir='ltr'><strong>lianc</strong></span> <span class='ocrx_word' id='word_1_914' title='bbox 3754 5255 3876 5310; x_wconf 61' lang='lat' dir='ltr'><strong>tibi</strong></span> 
     </span>
    </p>
   </div>
   <div class='ocr_carea' id='block_1_118' title="bbox 2236 5349 3879 5426">
    <p class='ocr_par' dir='ltr' id='par_1_118' title="bbox 2236 5349 3879 5426">
     <span class='ocr_line' id='line_1_122' title="bbox 2236 5349 3879 5426; baseline -0.006 -14"><span class='ocrx_word' id='word_1_915' title='bbox 2236 5356 2463 5412; x_wconf 87' lang='lat' dir='ltr'><strong>multum</strong></span> <span class='ocrx_word' id='word_1_916' title='bbox 2494 5356 2821 5426; x_wconf 87' lang='lat' dir='ltr'><strong>placentem,</strong></span> <span class='ocrx_word' id='word_1_917' title='bbox 2861 5351 3113 5424; x_wconf 81' lang='lat' dir='ltr'><strong>quoniam</strong></span> <span class='ocrx_word' id='word_1_918' title='bbox 3150 5364 3270 5405; x_wconf 91' lang='lat' dir='ltr'><strong>cum</strong></span> <span class='ocrx_word' id='word_1_919' title='bbox 3320 5349 3432 5421; x_wconf 84' lang='lat' dir='ltr'><strong>ipsa</strong></span> <span class='ocrx_word' id='word_1_920' title='bbox 3480 5362 3577 5403; x_wconf 85' lang='lat' dir='ltr'><strong>sua</strong></span> <span class='ocrx_word' id='word_1_921' title='bbox 3618 5362 3822 5418; x_wconf 83' lang='lat' dir='ltr'><strong>pugna</strong></span> <span class='ocrx_word' id='word_1_922' title='bbox 3861 5393 3879 5413; x_wconf 86' lang='lat'><strong>,</strong></span> 
     </span>
    </p>
   </div>
   <div class='ocr_carea' id='block_1_119' title="bbox 2236 5441 3879 5523">
    <p class='ocr_par' dir='ltr' id='par_1_119' title="bbox 2236 5441 3879 5523">
     <span class='ocr_line' id='line_1_123' title="bbox 2236 5441 3879 5523; baseline -0.004 -16"><span class='ocrx_word' id='word_1_923' title='bbox 2236 5451 2327 5507; x_wconf 83' lang='lat' dir='ltr'><strong>cui</strong></span> <span class='ocrx_word' id='word_1_924' title='bbox 2364 5458 2623 5523; x_wconf 81' lang='lat' dir='ltr'><strong>repugnat</strong></span> <span class='ocrx_word' id='word_1_925' title='bbox 2658 5450 2819 5506; x_wconf 82' lang='lat' dir='ltr'><strong>etiam</strong></span> <span class='ocrx_word' id='word_1_926' title='bbox 2855 5447 3107 5519; x_wconf 86' lang='lat' dir='ltr'><strong>pudicitia</strong></span> <span class='ocrx_word' id='word_1_927' title='bbox 3146 5443 3474 5516; x_wconf 61' lang='lat' dir='ltr'><strong>coniugalis,</strong></span> <span class='ocrx_word' id='word_1_928' title='bbox 3518 5441 3742 5497; x_wconf 85' lang='lat' dir='ltr'><strong>nonnisi</strong></span> <span class='ocrx_word' id='word_1_929' title='bbox 3790 5445 3879 5500; x_wconf 80' lang='lat' dir='ltr'><strong>ad</strong></span> 
     </span>
    </p>
   </div>
   <div class='ocr_carea' id='block_1_120' title="bbox 2305 5574 3882 5661">
    <p class='ocr_par' dir='ltr' id='par_1_120' title="bbox 2305 5574 3882 5661">
     <span class='ocr_line' id='line_1_124' title="bbox 2305 5574 3882 5661; baseline -0.006 -13"><span class='ocrx_word' id='word_1_930' title='bbox 2305 5582 2480 5657; x_wconf 66' lang='lat' dir='ltr'><strong>‘rfditi,</strong></span> <span class='ocrx_word' id='word_1_931' title='bbox 2506 5609 2655 5661; x_wconf 65' lang='lat' dir='ltr'><strong>usque</strong></span> <span class='ocrx_word' id='word_1_932' title='bbox 2676 5595 2741 5661; x_wconf 77' lang='lat' dir='ltr'><strong>ad</strong></span> <span class='ocrx_word' id='word_1_933' title='bbox 2770 5590 3159 5645; x_wconf 80' lang='lat' dir='ltr'><strong>consuetudinem</strong></span> <span class='ocrx_word' id='word_1_934' title='bbox 3424 5574 3552 5648; x_wconf 55' lang='grc' dir='ltr'><strong>ᾖδε»,</strong></span> <span class='ocrx_word' id='word_1_935' title='bbox 3586 5584 3745 5649; x_wconf 74' lang='lat' dir='ltr'><strong>usque</strong></span> <span class='ocrx_word' id='word_1_936' title='bbox 3795 5589 3882 5639; x_wconf 72' lang='lat' dir='ltr'><strong>ad</strong></span> 
     </span>
    </p>
   </div>
   <div class='ocr_carea' id='block_1_121' title="bbox 2238 5655 2811 5772">
    <p class='ocr_par' dir='ltr' id='par_1_121' title="bbox 2238 5655 2811 5772">
     <span class='ocr_line' id='line_1_125' title="bbox 2238 5655 2811 5713; baseline -0.016 1"><span class='ocrx_word' id='word_1_937' title='bbox 2238 5655 2593 5713; x_wconf 71' lang='lat' dir='ltr'><strong>consuetudinis</strong></span> <span class='ocrx_word' id='word_1_938' title='bbox 2613 5655 2811 5709; x_wconf 77' lang='lat' dir='ltr'><strong>mutum.</strong></span> 
     </span>
     <span class='ocr_line' id='line_1_126' title="bbox 2302 5727 2599 5772; baseline -0.007 0"><span class='ocrx_word' id='word_1_939' title='bbox 2302 5728 2321 5758; x_wconf 80' lang='grc'>²</span> <span class='ocrx_word' id='word_1_940' title='bbox 2351 5732 2508 5772; x_wconf 82' lang='lat' dir='ltr'><strong>Forte.</strong></span> <span class='ocrx_word' id='word_1_941' title='bbox 2533 5727 2599 5772; x_wconf 87' lang='lat' dir='ltr'><strong>at.</strong></span> 
     </span>
    </p>
   </div>
   <div class='ocr_carea' id='block_1_122' title="bbox 2301 5732 3883 5859">
    <p class='ocr_par' dir='ltr' id='par_1_122' title="bbox 2301 5732 3883 5859">
     <span class='ocr_line' id='line_1_127' title="bbox 2301 5732 3883 5859; baseline -0.006 -23"><span class='ocrx_word' id='word_1_942' title='bbox 2301 5732 2508 5859; x_wconf 44' lang='grc' dir='ltr'><strong>ἓᾘὲ</strong></span> <span class='ocrx_word' id='word_1_943' title='bbox 2530 5732 2658 5844; x_wconf 58' lang='lat' dir='ltr'><strong>iiii},</strong></span> <span class='ocrx_word' id='word_1_944' title='bbox 2682 5779 2972 5833; x_wconf 71' lang='lat' dir='ltr'><strong>diabolicam</strong></span> <span class='ocrx_word' id='word_1_945' title='bbox 2991 5792 3093 5832; x_wconf 77' lang='lat' dir='ltr'><strong>esse</strong></span> <span class='ocrx_word' id='word_1_946' title='bbox 3115 5777 3369 5830; x_wconf 82' lang='lat' dir='ltr'><strong>traducem</strong></span> <span class='ocrx_word' id='word_1_947' title='bbox 3388 5774 3699 5840; x_wconf 64' lang='lat' dir='ltr'><strong>mammae</strong></span> <span class='ocrx_word' id='word_1_948' title='bbox 3732 5787 3883 5836; x_wconf 75' lang='lat' dir='ltr'><strong>pec-</strong></span> 
     </span>
    </p>
   </div>
   <div class='ocr_carea' id='block_1_123' title="bbox 2236 5857 3319 5967">
    <p class='ocr_par' dir='ltr' id='par_1_123' title="bbox 2236 5857 3319 5967">
     <span class='ocr_line' id='line_1_128' title="bbox 2236 5857 3319 5967; baseline -0.007 -6"><span class='ocrx_word' id='word_1_949' title='bbox 2236 5857 2417 5961; x_wconf 46' lang='lat' dir='ltr'><strong>cae&#39;sic</strong></span> <span class='ocrx_word' id='word_1_950' title='bbox 2440 5914 2545 5959; x_wconf 72' lang='lat' dir='ltr'><strong>.‘tss.</strong></span> <span class='ocrx_word' id='word_1_951' title='bbox 2574 5915 2628 5957; x_wconf 78' lang='grc' dir='ltr'>Λι</span> <span class='ocrx_word' id='word_1_952' title='bbox 2654 5902 2788 5967; x_wconf 83' lang='lat' dir='ltr'><strong>editi,</strong></span> <span class='ocrx_word' id='word_1_953' title='bbox 2814 5905 2942 5967; x_wconf 84' lang='lat' dir='ltr'><strong>quod</strong></span> <span class='ocrx_word' id='word_1_954' title='bbox 2966 5905 3141 5967; x_wconf 71' lang='lat' dir='ltr'><strong>facturi</strong></span> <span class='ocrx_word' id='word_1_955' title='bbox 3163 5909 3319 5955; x_wconf 81' lang='lat' dir='ltr'><strong>erant.</strong></span> 
     </span>
    </p>
   </div>
   <div class='ocr_carea' id='block_1_124' title="bbox 2298 5964 3887 6032">
    <p class='ocr_par' dir='ltr' id='par_1_124' title="bbox 2298 5964 3887 6032">
     <span class='ocr_line' id='line_1_129' title="bbox 2298 5964 3887 6032; baseline -0.003 -11"><span class='ocrx_word' id='word_1_956' title='bbox 2298 5978 2319 6007; x_wconf 75' lang='grc' dir='ltr'><strong>δ</strong></span> <span class='ocrx_word' id='word_1_957' title='bbox 2346 5974 2479 6032; x_wconf 72' lang='lat' dir='ltr'><strong>tiditi,</strong></span> <span class='ocrx_word' id='word_1_958' title='bbox 2505 5980 2549 6022; x_wconf 83' lang='lat' dir='ltr'><strong>et</strong></span> <span class='ocrx_word' id='word_1_959' title='bbox 2572 5970 2661 6021; x_wconf 86' lang='lat' dir='ltr'><strong>hoc</strong></span> <span class='ocrx_word' id='word_1_960' title='bbox 2685 5985 2716 6021; x_wconf 85' lang='grc' dir='ltr'><em>α</em></span> <span class='ocrx_word' id='word_1_961' title='bbox 2736 5964 2869 6021; x_wconf 80' lang='lat' dir='ltr'><strong>nullo</strong></span> <span class='ocrx_word' id='word_1_962' title='bbox 2890 5964 3158 6028; x_wconf 75' lang='lat' dir='ltr'><strong>stultorum,</strong></span> <span class='ocrx_word' id='word_1_963' title='bbox 3184 5967 3361 6018; x_wconf 82' lang='lat' dir='ltr'><strong>nedum</strong></span> <span class='ocrx_word' id='word_1_964' title='bbox 3396 5964 3498 6030; x_wconf 81' lang='lat' dir='ltr'><strong>lege</strong></span> <span class='ocrx_word' id='word_1_965' title='bbox 3519 5974 3668 6025; x_wconf 67' lang='lat' dir='ltr'><strong>uuam</strong></span> <span class='ocrx_word' id='word_1_966' title='bbox 3710 5968 3887 6032; x_wconf 67' lang='grc' dir='ltr'><strong>ρεαδ</strong></span> 
     </span>
    </p>
   </div>
   <div class='ocr_carea' id='block_1_125' title="bbox 2236 6031 3887 6105">
    <p class='ocr_par' dir='ltr' id='par_1_125' title="bbox 2236 6031 3887 6105">
     <span class='ocr_line' id='line_1_130' title="bbox 2236 6031 3887 6105; baseline -0.008 -16"><span class='ocrx_word' id='word_1_967' title='bbox 2236 6036 2370 6093; x_wconf 80' lang='lat' dir='ltr'><strong>dedit</strong></span> <span class='ocrx_word' id='word_1_968' title='bbox 2403 6031 2607 6105; x_wconf 68' lang='lat' dir='ltr'><strong>postera,</strong></span> <span class='ocrx_word' id='word_1_969' title='bbox 2640 6032 2891 6100; x_wconf 80' lang='lat' dir='ltr'><strong>imperari.</strong></span> <span class='ocrx_word' id='word_1_970' title='bbox 2931 6032 3232 6099; x_wconf 84' lang='lat' dir='ltr'><strong>Castigantur</strong></span> <span class='ocrx_word' id='word_1_971' title='bbox 3267 6042 3295 6079; x_wconf 71' lang='grc' dir='ltr'><strong>ι</strong></span> <span class='ocrx_word' id='word_1_972' title='bbox 3321 6037 3421 6079; x_wconf 71' lang='lat' dir='ltr'><strong>Mss.</strong></span> <span class='ocrx_word' id='word_1_973' title='bbox 3469 6035 3579 6077; x_wconf 59' lang='lat' dir='ltr'><strong>star.</strong></span> <span class='ocrx_word' id='word_1_974' title='bbox 3625 6032 3682 6078; x_wconf 84' lang='lat' dir='ltr'><strong>et</strong></span> <span class='ocrx_word' id='word_1_975' title='bbox 3712 6031 3887 6087; x_wconf 67' lang='lat' dir='ltr'><strong>Fort,</strong></span> 
     </span>
    </p>
   </div>
  </div>
