3950 6530
244 468 276 524 1
287 468 404 527 237

244 582 404 637 tilios
433 579 794 653 procreandos
821 596 886 637 ea
914 579 1050 636 bene
1075 587 1231 636 utens
1250 622 1264 646 ,
1289 577 1408 633 aliis
1429 585 1608 632 autem
1630 576 1863 630 motibus

247 673 377 744 ejus
405 674 709 740 obsistens;
742 672 880 728 hanc
920 688 1049 743 ergo
1083 688 1202 726 cum
1244 670 1342 726 ista
1390 685 1485 724 sua
1525 685 1698 740 pugna
1741 665 1864 737 quia

245 766 428 820 etiam
447 766 500 822 in
515 765 744 837 paradisi
758 780 942 835 pacem
953 763 1164 820 conaris
1174 763 1455 818 admittere
1475 762 1556 816 vel
1571 759 1646 834 (a)
1662 759 1863 840 immit—

251 867 382 912 tere
410 900 425 924 ,
461 857 576 929 ipse
602 858 654 913 in
684 853 990 930 paradisum
1023 873 1127 911 non
1160 855 1399 926 disponis
1428 855 1650 909 intrare.
1679 852 1863 920 Quan-

246 950 452 1007 talibet
479 954 655 1008 autem
681 950 778 1007 abs
805 960 856 1006 te
884 949 1194 1006 defensione
1216 949 1486 1003 muniatur
1504 990 1520 1016 ,
1544 958 1595 1002 et
1615 945 1864 1002 laudibus

242 1045 555 1102 adornetur
579 1088 591 1111 ,
624 1054 716 1101 aut
743 1046 925 1100 vitium
954 1053 1072 1109 est,
1117 1052 1209 1098 aut
1255 1044 1436 1098 vitiata
1475 1052 1555 1096 est
1586 1059 1598 1094 :
1632 1056 1732 1096 nec
1758 1041 1860 1095 im-

247 1138 458 1191 merito
479 1180 494 1204 ,
519 1135 777 1192 militibus
791 1125 995 1192 Cbrisli
1015 1179 1028 1202 ,
1053 1152 1081 1189 a
1105 1133 1296 1206 quibus
1320 1131 1621 1189 debellatur
1637 1177 1652 1200 ,
1679 1133 1860 1190 odiosa

243 1240 332 1282 «ξδι
364 1247 378 1295 ;
417 1245 540 1286 cum
566 1247 668 1302 qua
701 1231 813 1300 ipse
840 1230 1114 1285 concludis
1134 1272 1148 1295 ,
1179 1238 1234 1283 ut
1257 1244 1374 1283 eam
1401 1237 1455 1283 ct
1483 1243 1786 1299 expugnare
1811 1237 1861 1282 te

243 1319 405 1377 dicas
433 1365 449 1389 ,
494 1331 549 1378 et
583 1311 802 1377 laudare
853 1337 959 1376 non
997 1320 1302 1376 erubescas.
1332 1319 1435 1375 Per
1461 1316 1601 1374 lianc
1631 1319 1860 1374 humana

246 1431 378 1484 qure
432 1416 708 1480 nascitur,
757 1431 880 1470 caro
923 1414 1129 1484 peccati
1170 1423 1289 1468 est:
1337 1422 1552 1484 propter
1588 1410 1728 1482 quod
1769 1427 1863 1480 per

248 1511 401 1565 illam
435 1511 585 1566 nasci
620 1511 790 1566 noluit
828 1509 954 1576 ille,
993 1509 1082 1579 qui
1122 1517 1276 1562 natus
1301 1516 1381 1562 est
1421 1507 1473 1562 in
1515 1504 1861 1561 similitudine

247 1602 434 1657 carnis
465 1603 663 1672 peccati
696 1600 890 1675 (Rom.
922 1616 1014 1654 vtu
1040 1643 1054 1666 ,
1086 1599 1121 1655 ὅ
1147 1600 1187 1670 );
1217 1615 1280 1654 ac
1317 1615 1409 1669 per
1439 1598 1540 1654 hoc
1563 1641 1578 1666 ,
1619 1595 1861 1670 quamvis

248 1695 303 1750 iu
335 1711 502 1752 carne
528 1711 652 1751 vera
677 1738 692 1763 ,
724 1711 830 1749 non
872 1704 1048 1749 tamen
1109 1695 1160 1748 in
1203 1709 1362 1749 carne
1398 1691 1621 1764 peccati.
1649 1692 1727 1748 Ex
1763 1693 1861 1748 bac

253 1789 730 1860 concupiscentia,
763 1795 1009 1858 suscepta
1060 1797 1147 1842 tua
1175 1829 1189 1854 ,
1239 1785 1334 1841 tibi
1379 1786 1592 1857 quidem
1638 1785 1857 1856 pulchra

253 1881 414 1936 nimis
440 1923 456 1946 ,
490 1879 586 1935 sed
635 1879 774 1934 foeda
815 1880 1065 1933 omnibus
1104 1879 1335 1945 sanctis,
1376 1877 1718 1947 generatione
1753 1886 1858 1931 tra-

251 1971 399 2027 hitur
425 1973 702 2043 originalis
734 1972 936 2042 peccati
966 1971 1236 2026 vinculum
1263 2014 1278 2038 ,
1307 1971 1421 2025 sola
1451 1970 1857 2041 rcgeneratione

241 2065 572 2120 solvendum
603 2083 616 2120 :
651 2065 780 2119 illud
810 2065 1004 2119 factum
1035 2074 1116 2119 est
1141 2081 1236 2134 per
1272 2063 1439 2118 Adam
1466 2106 1480 2129 ,
1527 2064 1627 2118 hoc
1671 2062 1727 2116 fit
1765 2077 1860 2132 per

249 2156 533 2214 Cbristt’tm
561 2177 573 2225 ;
604 2153 732 2214 illud
761 2174 854 2228 per
879 2175 1035 2229 quem
1068 2168 1342 2228 peccatum
1378 2157 1596 2212 intravit
1624 2157 1674 2210 in
1699 2172 1853 2210 mun-

249 2250 420 2319 dum,
452 2249 557 2306 hoc
589 2267 686 2321 per
730 2267 851 2306 eum
893 2252 982 2322 qui
1031 2251 1166 2306 tollit
1213 2259 1490 2320 peccatum
1537 2243 1739 2304 mundi.
1771 2248 1859 2305 Sic

249 2345 498 2414 agnoscit
527 2345 694 2400 Adam
727 2354 782 2401 et
810 2344 1081 2401 Christum
1108 2387 1122 2411 ,
1150 2344 1238 2415 qui
1267 2361 1331 2399 cx
1359 2345 1527 2398 Adam
1559 2344 1768 2399 transiit
1791 2343 1858 2396 ad

245 2429 552 2492 Christum.
713 2477 723 2484 .

317 2529 557 2586 CCXIX.
590 2531 709 2587 JUL.
753 2531 891 2599 Quid
931 2547 1060 2604 ergo
1108 2532 1346 2586 additum
1392 2542 1512 2601 post
1561 2533 1727 2602 legem
1778 2541 1859 2586 cst

250 2635 476 2693 peccato
503 2625 770 2693 naturali,
820 2625 960 2695 quod
1005 2624 1218 2695 quidem
1263 2639 1368 2679 non
1413 2624 1587 2678 solum
1621 2624 1856 2693 prohibi-

254 2725 364 2770 tum
391 2717 407 2747 ‘
455 2727 550 2771 aut
593 2718 1005 2773 condemnatum
1033 2759 1046 2782 ,
1090 2732 1276 2771 verum
1329 2717 1487 2770 ctiam
1531 2731 1629 2771 nec
1670 2717 1860 2773 leviter

253 2809 613 2879 vituperatum
643 2821 734 2866 aut
767 2814 995 2866 tenuiter
1021 2819 1291 2865 ostensum
1326 2809 1580 2878 probatur
1609 2810 1662 2863 in
1697 2811 1858 2880 lege?

329 2903 464 2958 Anc.
493 2903 807 2959 Ostenditur
831 2913 884 2959 ct
913 2905 962 2958 in
996 2905 1112 2974 lege
1135 2945 1149 2969 ,
1182 2903 1274 2958 sed
1314 2903 1358 2958 si
1398 2903 1549 2957 vobis
1588 2903 1858 2958 auferatur

264 2994 507 3050 velamen
537 2995 621 3068 (ll
646 2995 762 3050 Cor.
793 3013 847 3051 nt
872 3036 888 3063 ,
915 2995 1045 3070 16).
1069 2996 1204 3064 Quid
1226 2995 1367 3050 enim
1394 2995 1534 3050 aliud
1563 2995 1860 3051 ostenditur

154 3091 172 3108 ’
263 3089 600 3144 damnatione
619 3090 813 3143 anima:
837 3089 978 3144 illius
1007 3090 1096 3159 qui
1118 3098 1309 3144 octavo
1334 3088 1422 3143 die
1445 3104 1547 3142 non
1574 3089 1857 3143 circumci-

255 3178 400 3232 ditur
427 3179 445 3249 (
469 3177 599 3232 Gen.
630 3195 742 3234 xvu
769 3222 782 3246 ,
814 3180 880 3234 Μ
902 3176 948 3252 )?
969 3179 1092 3250 quid
1119 3179 1261 3234 aliud
1289 3179 1618 3246 ostenditur,
1646 3179 1858 3249 quando

253 3270 460 3326 infante
485 3280 617 3326 nato
660 3271 980 3325 sacrificium
1023 3287 1119 3340 pro
1161 3280 1379 3340 peccato
1415 3269 1632 3339 jnbctur
1677 3270 1858 3328 offerri

239 3361 273 3432 Δ(
293 3361 458 3416 Lavit.
499 3379 576 3417 xu
602 3405 618 3429 ,
647 3362 747 3434 6)?
777 3363 915 3432 quod
935 3363 1043 3433 jam
1070 3378 1229 3432 supra
1261 3363 1570 3416 memoravi.

319 3458 538 3516 CCXX.
565 3461 681 3516 IUL.
715 3461 873 3517 Certe
900 3478 967 3517 ne
1012 3471 1066 3516 tu
1103 3463 1316 3534 quidem
1358 3464 1494 3520 adeo
1536 3464 1731 3534 desipis
1756 3507 1771 3533 ,
1799 3475 1860 3520 ut

251 3552 402 3608 dicas
438 3553 646 3623 peccati
686 3552 957 3610 traducem
1003 3562 1125 3623 post
1159 3555 1620 3610 circumcisionem
1667 3556 1857 3611 factam

249 3660 371 3701 esse
401 3646 666 3716 majorem
695 3663 708 3700 :
737 3645 1009 3717 quomodo
1036 3662 1163 3717 ergo
1185 3647 1475 3702 abundavit
1506 3657 1623 3717 post
1649 3649 1816 3719 legem
1839 3692 1854 3716 ,

251 3755 372 3809 qua:
398 3755 507 3794 nec
525 3740 765 3810 arguitur
781 3739 833 3794 in
858 3739 976 3810 lege
993 3780 1010 3806 ,
1036 3755 1134 3794 nec
1157 3741 1436 3811 proditur?
1457 3744 1528 3796 At
1548 3741 1653 3797 hoc
1672 3743 1792 3796 vide
1813 3745 1853 3806 ³,

252 3847 414 3902 quam
443 3847 594 3888 sana:
621 3832 987 3902 intelligentia:
1011 3833 1294 3901 concinat,
1334 3850 1452 3904 qua:
1489 3844 1762 3904 peccatum
1799 3836 1856 3888 in

251 3924 366 3979 sola
391 3923 764 3996 delinquentis
781 3925 1052 3982 voluntate
1073 3927 1366 3981 constituit.
1396 3927 1572 3998 Usque
1593 3929 1656 3981 ad
1686 3929 1854 3999 legem

253 4017 390 4073 dicit
434 4018 726 4088 Apostolus
770 4016 934 4074 fuisse
975 4027 1253 4088 peccatum
1308 4017 1326 4091 (
1351 4020 1499 4074 liam.
1530 4037 1583 4087 v,
1623 4021 1687 4076 15
1713 4023 1752 4090 ),
1801 4028 1860 4076 ιιι

249 4121 376 4180 post
402 4110 579 4181 legem
613 4110 942 4181 intelligatur
981 4110 1147 4166 fuisse
1186 4112 1586 4182 praevaricatio,
1616 4115 1858 4182 promul-

254 4213 373 4275 gata
415 4203 664 4259 videlicet
703 4212 967 4275 praecepta
1008 4205 1435 4275 transgrediens;
1465 4214 1624 4276 atque
1647 4208 1745 4263 hoc
1769 4224 1858 4280 ge-

254 4310 389 4352 nere
417 4295 710 4350 abundavit
751 4296 866 4367 lege
888 4295 909 4326 ³
949 4295 1358 4352 subintroeunte
1389 4306 1662 4367 peccatum
1684 4316 1699 4364 ;
1722 4315 1856 4368 quo-

255 4391 401 4446 niam
430 4390 606 4446 reatui
630 4390 746 4460 ejus
770 4390 836 4446 de
863 4389 1305 4460 przevaricatione
1338 4391 1504 4446 crevit
1543 4391 1738 4447 invidia
1763 4410 1778 4459 ;
1808 4402 1862 4448 ct

255 4496 393 4552 opus
435 4481 595 4540 mala:
640 4481 933 4536 voluntatis
951 4523 972 4549 .,
1009 4481 1150 4536 sicut
1187 4489 1310 4536 ante
1363 4481 1533 4553 lmen)
1583 4493 1858 4552 peccatum

257 4583 375 4629 erat
399 4614 415 4638 ,
446 4572 522 4628 ita
551 4582 672 4644 post
697 4573 870 4644 legem
899 4573 1064 4643 etrapit
1087 4589 1210 4628 esse
1240 4573 1595 4644 transgressio
1625 4594 1637 4629 :
1669 4590 1856 4645 quam-

255 4667 338 4722 vis
368 4681 478 4722 non
512 4681 578 4722 eo
609 4667 884 4737 proposito
899 4667 1080 4738 legem
1109 4667 1252 4723 Deus
1279 4667 1493 4734 tulerit,
1525 4677 1585 4722 ut
1609 4670 1860 4726 mortales

255 4761 455 4817 ﬁerent
480 4761 597 4832 ejus
625 4763 905 4818 sanctione
923 4762 1164 4833 pejores.
1190 4763 1374 4833 Neque
1397 4765 1538 4818 enim
1564 4764 1648 4818 lex
1675 4779 1860 4834 pecca-

257 4863 370 4908 tum
399 4862 497 4908 aut
523 4869 684 4909 causa
726 4855 967 4924 peccati;
1008 4854 1103 4910 sed
1147 4855 1457 4912 mandatum
1496 4865 1738 4911 sanctum
1764 4898 1780 4924 ,
1807 4866 1862 4911 et

254 4947 482 5017 justum,
510 4955 564 5003 et
591 4947 790 5003 bonum
816 4948 837 5020 (
861 4947 948 5004 Id.
973 4965 1042 5004 vn
1062 4990 1078 5014 ,
1103 4949 1135 5003 7
1156 4958 1200 5002 et
1225 4949 1292 5003 12
1312 4953 1354 5018 ).
1386 4949 1581 5004 Verum
1609 4949 1730 5020 quia
1757 4950 1856 5006 de-

257 5040 620 5111 linquentium
650 5043 882 5112 pravitas
902 5083 916 5109 ,
941 5058 1006 5098 eo
1030 5058 1090 5098 se
1114 5043 1260 5100 ferro
1278 5087 1292 5110 ,
1321 5061 1427 5115 quo
1449 5047 1622 5100 curari
1647 5046 1857 5113 debuit,

260 5132 601 5202 vulneravit,
628 5134 944 5205 obstititque
971 5136 1196 5190 consilio
1224 5137 1321 5191 Dei
1345 5179 1362 5204 ,
1389 5147 1449 5193 ut
1487 5138 1610 5194 inde
1648 5139 1858 5208 pericli-

261 5234 466 5280 taretur
509 5225 668 5292 unde~
697 5226 955 5282 debuerat
998 5228 1212 5296 sanari;
1260 5228 1390 5284 dicit
1431 5230 1753 5300 Apostolus,
1795 5231 1860 5288 de

261 5316 456 5372 effectu
488 5333 668 5374 rerum
693 5360 707 5384 ,
749 5319 1057 5390 opinionem
1103 5319 1268 5375 divini
1305 5323 1553 5390 consilii,
1593 5340 1698 5394 quo
1737 5325 1859 5379 data

262 5411 342 5466 lex
373 5410 590 5479 fuerat,
621 5411 870 5482 iniuriam
913 5412 1222 5484 pertulisse.
1270 5413 1338 5469 Et
1374 5415 1496 5486 quia
1533 5432 1639 5470 non
1678 5416 1778 5472 fuit
1816 5417 1861 5474 is

261 5515 559 5574 proventus
581 5505 973 5563 emendationis
995 5505 1242 5562 humante
1269 5549 1284 5573 ,
1312 5507 1364 5562 in
1387 5523 1549 5579 quem
1573 5508 1710 5564 lator
1732 5510 1860 5582 legis

261 5596 604 5666 intenderat,
652 5599 747 5656 sed
790 5600 847 5656 in
889 5599 1134 5670 plurimis
1173 5616 1406 5659 evenere
1443 5603 1708 5659 contraria
1741 5621 1754 5658 :
1797 5619 1862 5660 co

326 5749 344 5810 ξ
380 5749 540 5810 Forte,
566 5756 661 5810 non
683 5741 994 5810 prohibitum.

323 5809 349 5878 ᾖ
371 5806 697 5878 manuum
716 5806 928 5859 intende.
949 5815 1078 5871 Mss,
1094 5815 1144 5860 at
1166 5809 1254 5862 hoc
1275 5811 1400 5863 vide.
1421 5818 1559 5864 Forte
1575 5810 1859 5878 legendum,

260 5867 426 5924 adhuc
448 5867 575 5921 vide.
1065 5867 1073 5871 ’
1626 5867 1655 5878 ν
1680 5905 1690 5912 -

327 5933 349 5964 ³
369 5938 436 6000 lix
463 5938 564 5982 Mss.
592 5935 894 6000 restinximus
915 5934 1156 6000 hic,_lcge.
1240 5997 1249 6000 Α

327 5996 402 6060 (α)
434 6002 574 6047 Forte
591 5996 874 6062 delendum,
898 5996 1150 6052 admittere
1173 5997 1264 6050 vet.

1584 461 1788 518 LIBER
1823 457 2199 520 SECUNDUS.

3424 468 3563 532 1258

1979 589 2147 647 usque
2183 576 2255 632 ait
2288 577 2576 649 profecisse
2619 579 2792 637 studia
2839 583 3172 655 peccantium
3198 628 3213 654 ,
3245 595 3302 642 ut
3342 601 3450 644 non
3489 590 3560 645 ob

1972 671 2113 727 aliud
2143 667 2412 729 videretur
2437 673 2559 730 data
2584 671 2668 754 lex
2705 689 2858 743 esse,
2896 691 3056 748 quam
3097 689 3154 732 ut
3199 678 3425 751 improbi
3454 681 3562 736 im-

1973 763 2258 833 probiores
2283 765 2472 823 ﬁerent
2490 811 2506 837 ,
2534 776 2588 824 et
2613 761 2680 824 ad
2720 777 2993 841 peccatum
3034 774 3402 842 praevaricatio
3429 774 3562 846 jun-

1971 865 2204 926 geretur.

2044 950 2180 1006 Λυο.
2228 949 2307 1006 Tu
2348 949 2482 1009 dicis
2524 942 2622 1009 ista
2648 996 2663 1022 ,
2710 955 2800 1026 qui
2841 957 3119 1014 consilium
3155 951 3249 1016 Del
3294 960 3345 1015 in
3389 960 3560 1017 danda

1969 1040 2088 1114 lege
2118 1059 2222 1098 non
2251 1044 2420 1114 ipsum
2451 1049 2592 1118 sapis
2613 1088 2632 1118 ,
2660 1049 2799 1120 quod
2830 1053 3103 1122 apostolus
3141 1044 3336 1110 Paulus
3377 1065 3563 1110 osten-

1970 1135 2085 1202 dit;
2117 1144 2166 1192 et
2191 1138 2255 1193 ad
2283 1154 2373 1194 eas
2394 1137 2754 1214 blaspliemias
2775 1145 2887 1215 ipSe
2911 1155 2961 1202 te
2983 1145 3230 1218 impingis
3255 1192 3267 1214 ,
3295 1147 3350 1204 ut
3370 1149 3515 1205 dicas
3539 1194 3554 1216 ,

1978 1247 1996 1280 ι
2024 1227 2342 1300 Opinionem
2369 1232 2534 1289 divini
2565 1237 2808 1306 consilii,
2840 1256 2946 1310 quo
2971 1240 3089 1296 data
3119 1240 3200 1297 lex
3235 1241 3442 1311 fuerat,
3477 1245 3561 1299 in-

1964 1318 2159 1389 juriam
2191 1323 2512 1392 pertulisse:
2544 1347 2562 1382 ›
2598 1337 2844 1400 tanquam
2877 1329 3018 1388 aliud
3043 1332 3240 1390 factum
3269 1337 3369 1403 sit,
3400 1353 3560 1408 quam

1969 1413 2113 1470 Deus
2143 1413 2374 1472 futurum
2408 1419 2578 1476 fuerat
2607 1423 2888 1494 opinatus;
2926 1444 3098 1498 neque
3128 1430 3230 1484 hoc
3257 1435 3564 1501 provenerit

1970 1504 2074 1559 lata
2105 1506 2254 1578 lege,
2293 1511 2433 1580 quod
2476 1509 2612 1567 lator
2654 1513 2787 1586 legis
2827 1516 3145 1575 intenderat.
3189 1521 3354 1575 Deum
3402 1523 3562 1593 igitur

1968 1598 2206 1653 omnium
2227 1603 2508 1670 praescium
2534 1603 2825 1662 futurorum
2845 1651 2856 1672 ,
2875 1611 3165 1668 secundum
3186 1625 3325 1667 tuam
3350 1616 3562 1686 sapien-

1969 1688 2095 1744 tiam
2117 1732 2132 1757 ,
2165 1706 2260 1747 sua
2291 1693 2473 1777 fefellit
2503 1695 2766 1753 intentio?
2794 1700 2909 1755 Non
2933 1704 2950 1733 ¹
2996 1705 3226 1759 attendis
3253 1707 3392 1777 quod
3424 1709 3559 1762 scri-

1966 1787 2116 1849 ptum
2145 1791 2262 1849 est,
2291 1775 2471 1840 Multa:
2497 1788 2820 1858 cogitationes
2853 1791 2906 1845 in
2945 1795 3096 1847 corde
3131 1797 3227 1850 viri
3248 1775 3559 1862 ;_c'onsilium

1966 1866 2133 1929 autent
2162 1875 2369 1932 Domini
2398 1891 2564 1935 manet
2589 1883 2642 1936 in
2667 1894 2910 1940 wternunt
2937 1887 2953 1959 (
2981 1885 3137 1943 Prov.
3161 1907 3250 1945 XIX
3280 1935 3293 1953 ,
3319 1887 3379 1947 Ql
3414 1935 3428 1960 ,
3455 1912 3558 1949 sec.

1965 1957 2109 2021 LXX
2135 1967 2175 2040 ).
2209 1970 2264 2025 Si
2292 1987 2419 2041 ergo
2446 1973 2526 2028 vis
2557 1991 2716 2031 nosse
2740 2019 2753 2043 ,
2799 1957 3055 2048 quantum
3093 1981 3298 2037 homini
3332 1957 3422 2040 fasi
3440 1995 3553 2052 est,

1965 2074 2070 2129 quo
2109 2061 2336 2117 consilio
2376 2060 2472 2119 Dei
2513 2068 2893 2138 omnipotentis
2922 2079 2976 2126 et
3013 2075 3187 2127 omnia
3233 2078 3559 2146 praescientis

1963 2147 2049 2204 lex
2080 2151 2198 2205 data
2233 2153 2422 2222 fuerit,
2454 2151 2664 2213 intuere
2682 2160 2820 2229 quod
2841 2157 3308 2231 dicitApostolus:
3341 2167 3400 2219 Si
3425 2167 3560 2219 enim

1965 2243 2084 2297 data
2131 2257 2254 2299 esset
2303 2249 2385 2303 lea:
2410 2261 2524 2320 quae
2562 2261 2726 2322 posset
2768 2253 3050 2323 viri/icore,
3097 2260 3300 2312 omnino
3347 2273 3408 2313 ea:
3452 2257 3559 2331 lege

1963 2345 2088 2390 esset
2098 2339 2322 2407 justitia.
2365 2337 2434 2394 Et
2477 2350 2728 2413 tanquam
2771 2343 3072 2403 diceremus
3100 2392 3113 2414 ,
3147 2351 3251 2403 Cur
3281 2363 3408 2422 ergo
3437 2351 3557 2406 data

1963 2428 2084 2483 Bst?
2115 2427 2220 2484 Sed
2249 2425 2492 2487 conclusit
2517 2475 2530 2495 ,
2563 2435 2735 2504 inquit
2755 2478 2771 2502 ,
2806 2435 3079 2509 Scriptura
3104 2442 3272 2494 omnia
3309 2445 3400 2496 sub
3442 2457 3558 2512 pec-

1963 2530 2075 2574 cato
2099 2562 2113 2584 ,
2148 2531 2204 2574 ut
2230 2524 2495 2592 promissio
2535 2537 2596 2579 ex
2631 2527 2733 2595 ﬁde
2757 2528 2880 2581 JcSn
2907 2529 3091 2584 Christi
3116 2531 3320 2587 duretur
3350 2535 3558 2588 creden-

1965 2613 2095 2668 tibus
2125 2613 2338 2688 (Galat.
2367 2633 2420 2671 ιιι
2448 2661 2461 2681 ,
2490 2616 2551 2672 9.1
2586 2661 2599 2681 ,
2627 2613 2699 2674 22
2724 2619 2762 2693 ).
2795 2613 2935 2678 Ecce
2972 2623 3112 2694 quod
3157 2635 3238 2680 est
3275 2626 3556 2682 consilium

1962 2703 2100 2761 datae
2129 2707 2278 2778 legis.
2304 2707 2438 2776 Quis
2464 2721 2640 2767 autem
2676 2712 2845 2770 nescit
2872 2759 2885 2782 ,
2921 2727 3026 2771 non
3056 2720 3184 2787 legis
3205 2764 3218 2784 ,
3253 2721 3346 2776 sed
3379 2721 3553 2776 homi-

1963 2811 2090 2852 num
2141 2801 2270 2855 vitio
2327 2804 2442 2873 lege
2495 2804 2829 2862 Subintrante
2882 2809 3185 2866 abundasse
3240 2799 3556 2882 peccatum?

1963 2889 2066 2947 Sed
2093 2893 2197 2948 b'oc
2222 2896 2406 2950 vitium
2439 2940 2452 2962 ,
2482 2915 2587 2968 quo
2617 2898 2880 2969 prohibita
2913 2905 3029 2974 plus
3059 2903 3364 2975 delectant,
3407 2919 3461 2964 et
3502 2909 3558 2964 fit

1961 2984 2130 3040 virtus
2170 2989 2370 3056 peccati
2415 2983 2502 3044 lex
2543 2990 2605 3061 (l
2635 2991 2753 3047 Cor.
2789 3011 2859 3048 xv
2881 3037 2894 3061 ,
2928 2995 2997 3050 56
3027 2993 3075 3068 ),
3107 3015 3210 3052 non
3253 3007 3405 3053 sanat
3454 3003 3555 3054 nisi

1963 3075 2237 3132 viviticans
2266 3077 2483 3148 spiritus
2509 3125 2522 3146 ,
2551 3095 2656 3136 neu
2687 3081 2865 3140 littera
2894 3087 3143 3142 occidens
3172 3108 3184 3142 :
3217 3107 3334 3161 quae
3377 3104 3554 3145 tamen

1962 3165 2027 3222 ad
2059 3163 2160 3225 hoc
2184 3171 2326 3227 utilis
2352 3171 2452 3227 nm
2477 3217 2490 3239 ,
2525 3175 2645 3244 quia
2677 3180 2939 3249 cumesa
2971 3179 3272 3248 occideret,
3303 3199 3396 3253 per
3421 3199 3558 3254 prae-

1961 3262 2341 3319 varicatiOnem
2370 3306 2382 3329 ,
2413 3278 2690 3321 crescente
2717 3278 2810 3338 per
2834 3267 3244 3339 prohibitionem
3267 3273 3555 3343 cupiditate

1962 3351 2262 3424 peccandi,
2317 3355 2675 3415 vivificantem
2728 3361 2983 3430 Spiritum
3041 3364 3166 3418 fecit
3217 3367 3448 3438 inquiri,
3503 3380 3558 3424 et

1959 3447 2234 3505 hominem
2267 3445 2335 3506 de
2364 3463 2457 3506 Sua
2487 3453 2681 3508 virtute
2725 3448 2994 3512 lelhaliter
3037 3460 3393 3517 confidentem
3420 3504 3433 3527 ,
3465 3459 3558 3516 ad«

1959 3537 2216 3609 jutorium
2260 3545 2446 3612 gratite’
2497 3543 2588 3600 Dei
2633 3542 2888 3618 compulit
2944 3565 3199 3619 poscere,
3247 3554 3346 3606 sub
3399 3554 3555 3624 lege,

1963 3633 2203 3702 quamvis
2233 3637 2415 3690 sancta
2444 3645 2494 3690 et
2519 3637 2661 3708 ju‘sta
2689 3639 2742 3693 et
2769 3641 2904 3694 bona
2933 3684 2947 3708 ,
2974 3651 3147 3697 tamen
3177 3641 3512 3702 deiicientem
3541 3689 3555 3711 ,

1963 3721 2123 3795 alque
2173 3726 2239 3781 ad
2285 3725 2554 3798 operanda
2603 3741 2722 3801 quae
2771 3739 2991 3799 sancta,
3046 3745 3163 3805 qua:
3207 3737 3383 3806 justa,
3438 3755 3558 3810 qua:

1961 3814 2104 3873 bona
2159 3819 2318 3885 sunt,
2387 3813 2488 3876 sibi
2557 3823 2841 3880 subvenire
2908 3827 3137 3896 propriis
3193 3829 3394 3885 viribus
3451 3848 3558 3887 non

1961 3909 2248 3965 Valentem.

2031 3995 2262 4058 CCXXI.
2293 4003 2410 4059 IUL.
2440 4004 2566 4060 Jure
2601 4005 2759 4078 igitur
2786 4007 2888 4065 hoc
2925 4023 3120 4081 genere
3152 4003 3346 4068 dicitur
3383 4013 3558 4070 abun-

1962 4092 2120 4148 dasse
2146 4089 2430 4164 delictum,
2463 4093 2604 4169 quod
2635 4108 2688 4153 et
2725 4108 2846 4155 ante
2881 4101 3079 4172 legem,
3115 4111 3169 4158 et
3200 4109 3319 4174 post
3350 4099 3519 4177 legem
3539 4151 3555 4176 ,

1964 4185 2382 4259 uniuscujusque
2410 4187 2777 4247 coriimi'ltebat
2802 4190 3082 4261 vtiluntas;
3113 4196 3207 4250 sed
3237 4197 3362 4253 ante
3386 4199 3559 4269 legem

1961 4281 2253 4350 peccatrix,
2275 4287 2392 4352 post
2409 4280 2579 4353 legem
2601 4291 2776 4339 autem
2794 4286 2951 4341 etiam
2973 4289 3387 4358 przevaricatrix.
3411 4291 3562 4348 Tunc

1964 4390 2091 4446 ergo
2112 4377 2377 4431 crescitet
2402 4377 2637 4432 abundat
2656 4370 2870 4447 aliquid,
2897 4396 3016 4436 cum
3040 4383 3092 4437 in
3113 4395 3306 4452 genere
3332 4393 3429 4440 suo
3450 4389 3563 4441 col»

1961 4465 2080 4537 ligi't
2106 4467 2437 4522 incrementa
2464 4487 2477 4523 :
2506 4467 2645 4524 sicut
2676 4473 2892 4541 peccato
2917 4467 3100 4528 liberae
3126 4467 3412 4529 voluntatis
3439 4489 3563 4546 p05t

1962 4555 2180 4633 Moysen
2222 4561 2463 4617 cumiltlus
2506 4559 2946 4633 t‘ranSgressi‘onis
2974 4566 3200 4621 accessit
3234 4585 3246 4620 :
3276 4561 3343 4623 'd‘e
3369 4568 3559 4625 eodem

1964 4655 2106 4712 enim
2135 4656 2333 4728 genere
2359 4647 2479 4723 luit,
2508 4649 2631 4712 licet
2662 4657 2714 4712 in
2750 4661 2989 4729 tempore
3014 4654 3246 4727 diverso,
3279 4661 3331 4716 id
3361 4669 3464 4731 ρει,
3489 4657 3562 4720 de

1964 4747 2104 4804 mala
2132 4743 2434 4814 voluntate,
2467 4753 2584 4820 qum
2612 4759 2664 4805 et
2704 4760 2827 4807 ante
2858 4749 3027 4821 legem
3050 4795 3065 4820 ,
3097 4762 3152 4807 et
3191 4765 3310 4824 post
3354 4756 3558 4827 legem,

1965 4857 2076 4897 non
2100 4851 2287 4896 coactu
2318 4841 2700 4912 insuperabili,
2730 4840 2822 4898 sed
2854 4841 3030 4899 studio
3057 4845 3393 4917 vituperabili
3423 4848 3561 4904 deli-

1965 4933 2138 5004 quit’.
2168 4929 2298 5002 Quae
2325 4950 2443 4988 cum
2476 4933 2545 4988 ita
2575 4934 2700 4998 sint,
2730 4933 2821 4990 tibi
2851 4934 2977 4990 nihil
3012 4947 3185 5008 potest
3212 4940 3277 4993 de
3304 4943 3562 5010 apostoli-

1966 5027 2043 5082 cis
2077 5023 2363 5082 convenire
2400 5025 2598 5081 verbis.
2629 5027 2812 5098 Neque
2839 5030 2981 5085 enim
3014 5031 3419 5090 subintroeunte
3448 5035 3563 5105 lege

1965 5131 2242 5193 peccatum
2279 5115 2515 5177 traducis
2549 5131 2640 5178 aut
2676 5124 2946 5195 copiosius
2974 5125 3170 5182 factum
3201 5129 3444 5197 docetur,
3472 5142 3566 5189 aut

1965 5211 2259 5294 grandius:
2288 5229 2387 5269 nec
2416 5215 2648 5286 peccatis
2677 5217 2963 5275 voluntatis
2995 5219 3121 5276 illud
3149 5221 3419 5279 abundare
3443 5224 3565 5294 jure

1967 5310 2181 5378 dicitur,
2213 5307 2356 5382 quod
2387 5310 2452 5365 ad
2493 5313 2822 5368 nascentium
2859 5314 3183 5372 voluntatem
3227 5333 3563 5387 nequaquam

1967 5404 2196 5459 attinere
2223 5413 2571 5461 monstratur.
2599 5401 2715 5462 Non
2741 5423 2868 5480 ergo
2892 5409 3180 5466 abundavit
3213 5417 3332 5480 post
3358 5411 3529 5481 legem
3548 5455 3562 5477 ,

1967 5499 2109 5571 quod
2135 5500 2220 5555 lex
2247 5515 2348 5556 nec
2375 5499 2655 5572 prohibere
2679 5501 2870 5573 potuit,
2900 5518 3000 5558 nec
3024 5502 3231 5573 punire.
3268 5501 3365 5559 Ubi
3396 5513 3564 5559 autem

1968 5592 2241 5648 abundavit
2266 5603 2546 5666 peccatum,
2568 5595 2990 5667 superabundavit
3011 5595 3177 5667 gratia
3203 5612 3222 5650 :
3247 5605 3302 5650 ut
3329 5597 3458 5653 sicut
3482 5613 3566 5652 re-

1969 5687 2141 5759 gnavit
2165 5694 2424 5758 peccatum
2447 5688 2502 5742 in
2524 5698 2766 5755 mortem,
2795 5689 2868 5743 ita
2891 5689 3056 5759 gratia
3082 5699 3256 5761 regnet
3290 5699 3379 5763 per
3404 5692 3564 5762 justi-

1973 5781 2096 5836 tiam
2119 5781 2174 5836 in
2201 5781 2357 5835 vitam
2384 5789 2645 5836 (sternam.

2039 5942 2053 5971 ι
2080 5946 2186 5990 MSS.
2203 5974 2218 6000 ,
2242 5953 2410 5990 nonne.

2041 6005 2058 6034 ί
2083 6009 2188 6054 Mss.
2207 5999 2322 6053 Mar.
2353 6010 2405 6053 et
2425 6007 2570 6064 Port.,
2596 5999 2849 6066 delinquit.
