3996 6490
513 387 653 445 1259

581 507 719 561 Anc.
750 499 1020 574 Originale
1056 505 1332 572 peccatum
1368 514 1475 557 non
1510 498 1726 571 quidem
1767 504 1886 569 post
1925 496 2098 568 legem

507 595 677 654 crevit
699 613 714 650 :
736 591 832 650 sed
854 600 1032 648 tamen
1055 590 1143 648 lex
1162 591 1324 648 etiam
1350 590 1546 662 ipsum,
1572 589 1726 662 cujus
1751 587 2095 644 abolitionem

505 685 912 744 circumcisione
939 685 1157 741 infantis
1193 683 1546 756 signiﬁcaret,
1577 684 1820 740 invenit:
1853 683 1990 738 sicut
2015 682 2096 737 in-

501 780 652 838 venit
670 779 830 836 etiam
851 786 1067 850 peccata
1089 778 1420 850 ignorantiae,
1442 793 1562 850 quae
1582 793 1682 834 nec
1702 779 1815 848 ipsa
1835 776 1956 832 data
1977 777 2094 847 lege

497 882 819 938 creverunt;
849 871 1276 944 quandoquidem
1315 873 1492 944 potius
1528 873 1640 942 ipsa
1680 870 1975 942 ignorantia
2005 869 2090 924 di-

495 967 706 1024 minuta
726 973 828 1032 est,
851 966 972 1036 quia
998 965 1219 1021 scientia
1245 965 1376 1036 legis
1395 964 1636 1020 accessit.
1662 963 1767 1020 Sed
1790 973 2085 1033 peccatum,

496 1059 618 1116 sine
639 1074 744 1130 quo
764 1073 923 1115 nemo
945 1058 1198 1126 nascitur,
1220 1058 1388 1113 crevit
1409 1058 1694 1114 voluntatis
1715 1072 1952 1125 accessu,
1978 1057 2086 1112 ori-

495 1151 658 1222 ginali
690 1151 1119 1222 concupiscentia
1154 1150 1400 1206 trahente
1437 1151 1705 1220 peccantis
1743 1165 2017 1205 assensum
2043 1151 2082 1204 ⁸.

493 1242 802 1298 Abundavit
829 1251 1005 1298 autem
1031 1250 1332 1312 peccatum,
1355 1241 1406 1296 id
1425 1252 1526 1310 est,
1551 1243 1708 1296 nimis
1735 1242 1922 1308 crevit,
1939 1250 2086 1311 post-

493 1351 718 1407 eaquam
745 1351 844 1407 per
871 1337 1040 1407 legem
1067 1335 1199 1390 facta
1222 1343 1305 1390 est
1327 1335 1556 1406 cognitio
1578 1336 1778 1405 peccati
1803 1333 1977 1404 (Rom.
2004 1351 2077 1402 III,

491 1427 630 1501 20),
663 1438 716 1484 et
750 1429 912 1498 coepit
939 1430 1096 1483 etiam
1128 1426 1565 1498 praevaricatione
1597 1428 1824 1497 peccari.
1856 1427 2006 1494 Quod
2035 1428 2078 1482 si

488 1521 666 1576 velitis
691 1522 988 1586 advertere,
1019 1531 1076 1576 et
1096 1524 1436 1591 acquiescere
1461 1520 1698 1584 veritati;
1729 1519 1870 1574 nulla
1895 1534 2081 1575 neces-

486 1615 647 1672 sitate
701 1614 997 1684 cogemini,
1039 1621 1222 1683 aperte
1257 1612 1514 1683 Apostolo
1563 1613 1928 1669 contradicere
1967 1613 2079 1669 cla-

484 1708 652 1763 manti
672 1748 688 1774 ,
721 1706 825 1760 Per
852 1723 1006 1760 unum
1044 1706 1295 1760 hominem
1337 1716 1594 1775 peccatum
1623 1705 1822 1758 intravit
1848 1707 1901 1760 in
1930 1723 2078 1760 mun-

484 1801 640 1864 dum,
677 1809 725 1854 et
759 1816 846 1868 per
883 1807 1138 1867 peccatum
1176 1813 1348 1862 mors;
1377 1808 1421 1851 et
1455 1799 1525 1850 ita
1557 1801 1610 1850 in
1643 1814 1812 1852 omnes
1851 1798 2076 1852 homines

482 1892 773 1962 pertransiit
801 1890 926 1962 (Id.
955 1906 1008 1957 v,
1042 1888 1155 1959 I2).
1189 1889 1283 1944 Illo
1319 1888 1461 1944 enim
1500 1888 1742 1954 dicente,
1784 1891 2074 1958 pertransiit

479 2006 573 2060 per
603 2004 774 2044 omnes
793 2031 808 2055 ,
838 2003 959 2044 cum
987 2003 1082 2044 vos
1111 2004 1217 2043 non
1259 2003 1354 2058 per
1383 2003 1569 2044 omnes
1609 1990 1958 2058 pertransisse
1987 1990 2072 2045 di-

476 2081 632 2144 citis,
672 2080 798 2152 quid
839 2079 983 2135 aliud
1019 2095 1177 2151 quam
1216 2079 1474 2150 Apostolo
1511 2081 1910 2136 contradicitis?
1936 2091 1990 2136 et
2025 2084 2070 2138 si

475 2175 738 2246 Apostolo
757 2218 771 2243 ,
805 2176 987 2245 utique
1017 2175 1249 2230 Christo.
1277 2175 1412 2245 Quid
1441 2190 1568 2246 ergo
1596 2175 1899 2244 miramini,
1927 2176 2069 2246 quod

473 2267 815 2322 abominatur
842 2281 934 2322 vos
958 2267 1196 2322 Ecclesia
1225 2267 1446 2334 Christi,
1475 2267 1564 2337 qui
1590 2268 1871 2323 sententiis
1899 2267 2068 2322 letha-

470 2357 612 2414 libus
648 2358 840 2414 vestris
881 2359 1122 2414 inﬁrmos
1161 2359 1407 2428 parvulos
1447 2357 1764 2414 subtrahere
1799 2360 2065 2416 conamini

467 2451 878 2506 medicamentis
911 2449 1210 2505 salubribus
1237 2448 1476 2503 Christi?

543 2542 795 2598 CCXXII.
834 2543 955 2597 Jun.
1002 2543 1188 2613 Aperit
1227 2556 1286 2597 se
1325 2543 1614 2614 Apostolus
1633 2543 1828 2598 clarius
1861 2544 1915 2599 in
1940 2558 2064 2615 pro-

466 2647 648 2699 cessu,
674 2641 730 2687 et
755 2632 932 2697 docet,
961 2632 1016 2687 in
1042 2631 1339 2702 perditione
1367 2633 1554 2688 salutis
1591 2632 1860 2701 humanae,
1893 2635 2061 2691 Deum

466 2727 622 2796 cepia
647 2741 760 2781 sua;
787 2725 1146 2780 miserationis
1178 2726 1542 2794 admonitum,
1573 2728 1870 2799 desperatis
1900 2731 2060 2786 rebus

465 2817 823 2874 efﬁcaciorem
849 2817 1008 2872 solito
1035 2817 1351 2873 medicinam
1379 2819 1590 2884 tulisse;
1623 2829 1679 2877 ut
1699 2836 1833 2891 quos
1857 2837 2059 2893 praece-

462 2910 571 2982 ptis
595 2923 700 2964 non
727 2917 1057 2974 correxerat,
1088 2908 1364 2964 beneﬁciis
1391 2910 1684 2982 obligaret;
1713 2921 1768 2968 et
1795 2915 1867 2967 ita
1896 2913 2059 2969 devo-

462 3001 665 3057 tionem
685 3001 923 3072 exigeret
943 3001 996 3056 in
1019 3000 1273 3065 futurum,
1298 3009 1357 3056 ut
1376 3016 1483 3057 non
1505 3003 1790 3074 imputaret
1809 3015 2052 3076 peracta;

458 3095 842 3167 studerentque
879 3095 1134 3167 deinceps
1170 3095 1443 3152 cuStodire
1475 3097 1734 3168 justitiam
1773 3098 2052 3166 homines,

457 3204 622 3261 quam
649 3189 966 3259 compendio
992 3187 1322 3246 credulitatis
1352 3189 1562 3246 fuerant
1591 3193 1844 3247 assecuti.
1870 3194 2054 3250 Abun-

457 3282 638 3337 dantia
660 3296 786 3352 ergo
814 3281 1227 3352 praecedentium
1254 3291 1615 3353 peccatorum,
1646 3294 1749 3338 tam
1775 3285 2054 3342 abundan-

456 3374 528 3430 tis
555 3373 934 3430 misericordiae
960 3375 1136 3445 exegit
1163 3374 1419 3429 auxilium
1449 3390 1462 3428 :
1493 3376 1743 3445 quoniam
1776 3377 1876 3432 nisi
1909 3387 2052 3434 tanta

455 3465 610 3535 copia
633 3463 956 3534 indulgentis
974 3466 995 3496 ¹
1023 3466 1229 3533 fuisset,
1253 3466 1397 3522 nulla
1423 3465 1525 3520 alia
1545 3467 1825 3537 disciplina
1851 3471 2052 3526 morbis

455 3563 566 3609 tam
596 3554 845 3625 gravibus
879 3555 1206 3611 subveniret.
1241 3556 1436 3612 Verum
1473 3557 1526 3612 in
1562 3558 1662 3614 hac
1700 3559 1867 3615 divini
1903 3577 2053 3616 com-

453 3649 798 3706 mendatione
820 3647 1084 3714 beneﬁcii,
1108 3648 1243 3703 vidit
1262 3648 1550 3720 Apostolus
1568 3650 1852 3721 objectioni
1874 3653 2050 3708 locum

454 3749 640 3813 patere
666 3754 849 3795 eorum
877 3739 969 3811 qui
993 3739 1173 3796 dicere
1204 3750 1468 3811 poterant,
1498 3742 1552 3798 Si
1581 3743 1681 3798 rite
1709 3746 1895 3800 merita
1926 3761 2052 3802 cau-

454 3848 636 3891 sarum
659 3833 726 3887 de
752 3831 1030 3888 effectibus
1055 3833 1403 3899 aestimamus,
1427 3843 1482 3888 et
1509 3843 1846 3904 peccatorum
1873 3839 2044 3907 capia,

357 3980 364 3984 .
454 3937 512 3983 ut
537 3926 900 3983 misericordia
922 3927 1017 3980 Dei
1043 3927 1302 3993 afflueret,
1332 3928 1669 3996 impetravit;
1698 3929 2048 3986 insistendum

453 4019 690 4091 peccatis
715 4025 829 4082 est,
864 4026 920 4071 ut
955 4018 1138 4088 gratim
1167 4033 1272 4073 non
1307 4018 1446 4074 desit
1482 4020 1720 4075 ubertas.
1751 4021 2049 4079 Occurrens

455 4115 637 4182 itaque
663 4111 897 4180 opinioni
923 4110 1183 4180 ejusmodi
1215 4129 1228 4163 :
1259 4111 1398 4180 Quid
1423 4129 1540 4183 ergo
1566 4114 1808 4180 dicemus,
1840 4117 2049 4187 inquit?

454 4205 858 4282 permanebimus
883 4205 936 4257 in
962 4212 1183 4275 peccato,
1213 4214 1268 4257 ut
1291 4205 1457 4274 gratia
1479 4205 1740 4259 abundet?
1764 4207 1946 4262 Absit:
1963 4210 2050 4279 qui

454 4300 590 4356 enim
616 4297 803 4353 mortui
824 4311 997 4351 sumus
1024 4303 1246 4365 peccato,
1274 4297 1698 4366 quemadmodum
1728 4300 1894 4353 adhuc
1917 4302 2049 4356 vive-

454 4409 568 4446 mus
606 4393 658 4446 in
689 4390 789 4445 eo?
816 4390 894 4443 An
929 4389 1174 4459 ignoratis
1205 4389 1443 4458 quoniam
1479 4392 1774 4463 quicumque
1809 4393 2050 4464 baptismi

453 4499 629 4538 sumus
653 4483 706 4536 in
729 4480 929 4537 Christo
955 4478 1100 4546 Iesu,
1125 4480 1177 4534 in
1202 4480 1398 4534 mortea
1417 4481 1553 4536 illius
1573 4481 1817 4552 baptizati
1840 4489 2048 4542 sumus?

453 4575 745 4647 Consepulti
773 4590 890 4645 ergo
915 4589 1090 4628 sumus
1118 4574 1217 4642 illi,
1257 4591 1346 4646 per
1373 4573 1690 4646 Baptismum
1722 4579 1775 4630 in
1803 4586 2042 4646 mortem,

451 4680 511 4724 ut
540 4668 960 4738 quemadmodum
987 4669 1201 4722 surrexit
1229 4666 1458 4722 Christus
1485 4669 1537 4722 in
1564 4669 1728 4740 gloria
1757 4667 1953 4738 Patris,
1975 4671 2047 4725 ita

453 4771 503 4817 et
529 4777 619 4815 nos
643 4761 695 4814 in
727 4760 942 4813 novitate
966 4760 1081 4814 vita:
1106 4760 1436 4814 ambulemus.

524 4854 658 4908 Auc.
690 4849 954 4920 Numquid
995 4851 1114 4904 ideo
1153 4865 1258 4904 non
1295 4865 1392 4906 vos
1427 4852 1715 4921 apostolica
1751 4853 1851 4910 ista
1881 4855 2043 4913 verba

453 4943 739 5008 sttfl’ocant,
761 4943 880 5012 quia
907 4950 961 4996 et
985 4956 1080 4996 vos
1106 4955 1165 4996 ea
1193 4944 1645 5010 commemoratis,
1671 4961 1738 5000 ne
1765 4946 2044 5003 oblivisca-

453 5053 576 5092 mur
612 5050 767 5107 quam
819 5035 966 5089 ﬁrma
1011 5037 1275 5091 conemini
1318 5036 1508 5092 domus
1556 5037 1648 5094 Dei
1697 5039 2043 5097 fundamenta

453 5130 790 5186 convellere?
816 5129 1004 5184 Insane
1025 5171 1038 5192 ,
1070 5142 1189 5183 cum
1221 5128 1442 5184 dixisset
1469 5129 1784 5200 Apostolus,
1818 5130 1881 5186 Si
1906 5150 2044 5187 mor-

454 5225 526 5279 tui
552 5240 724 5280 sumus
755 5231 974 5292 peccato,
1010 5221 1257 5293 quomodo
1287 5222 1450 5276 adhuc
1477 5222 1690 5276 vivemus
1718 5223 1772 5277 in
1799 5239 1855 5277 eo
1872 5224 1898 5277 ?
1927 5225 2044 5281 ideo

451 5316 706 5386 subjecit,
738 5315 818 5370 An
846 5316 1086 5386 ignoratis
1111 5315 1346 5383 quoniam
1371 5317 1662 5385 quicumque
1687 5313 1926 5386 baptismi
1954 5334 2040 5371 su-

452 5427 565 5464 mus
587 5410 639 5463 in
662 5407 856 5465 Christo
882 5408 912 5462 J
920 5426 1025 5472 esu,
1052 5409 1103 5463 in
1130 5419 1286 5462 morte
1311 5408 1467 5475 ipsius
1492 5409 1728 5478 baptizati
1751 5412 1962 5466 sumus?
1988 5422 2045 5467 ut

451 5507 746 5577 baptizatos
775 5509 825 5563 in
862 5509 1072 5564 Christo
1108 5521 1345 5564 mortuos
1376 5511 1622 5581 probaret
1651 5529 1769 5568 esse
1801 5523 2041 5584 peccato.

517 5625 712 5686 'Fditi,
750 5633 997 5687 peccantes
1041 5639 1072 5675 a
1108 5639 1266 5677 sensu.
1313 5626 1633 5678 Emendantur
1671 5641 1734 5677 ex
1778 5632 2043 5680 marmscri-

447 5687 559 5751 ptis.

515 5752 536 5817 ξ
570 5756 726 5808 Forte,
750 5749 1075 5817 indulgentias.

514 5812 535 5843 ³
561 5820 709 5880 vetus
727 5812 1152 5866 codex’Portarum
1173 5815 1224 5865 in
1242 5826 1305 5866 eo
1326 5813 1433 5866 loco
1454 5818 1662 5878 Apostoli
1676 5824 1972 5880 constanter,
1992 5818 2042 5878 in

447 5879 666 5930 IR‘Wem.

1227 378 1473 440 OPERIS
1509 376 1926 438 [MPERFECTI
1964 374 2238 435 CONTRA
2275 374 2636 448 JULIANUM,
2681 379 2741 438 s.
2780 372 3156 446 AUGUSTINI

2273 276 2349 293 ""
3214 279 3388 343 At",
3449 283 3468 342 ξ
3493 284 3520 333 ..'

3409 334 3478 358 ἴξιν.

3647 393 3782 459 mo

2207 493 2389 567 Usque
2420 499 2620 557 adeone
2649 501 2840 560 surdus
2876 520 2969 571 es,
3000 514 3060 561 ut
3093 507 3194 564 ista
3228 522 3335 566 non
3370 509 3589 570 audias?
3620 531 3780 591 usque

2202 589 2337 647 adeo
2354 607 2548 664 caecus,
2573 606 2629 652 ut
2654 597 2750 654 ista
2776 615 2881 656 non
2902 601 3117 658 videas?
3133 602 3402 663 Conﬁtere
3419 623 3547 680 ergo
3567 589 3779 680 peccato

2199 694 2438 742 mortuos
2466 690 2715 760 parvulos
2742 690 3065 764 baptizatos,
3095 696 3352 755 conﬁtere
3381 701 3592 758 tandem
3619 705 3776 777 origi-

2198 779 2320 836 nale
2344 791 2650 850 peccatum;
2675 799 2781 840 non
2801 787 2942 841 enim
2967 788 3108 844 aliud
3129 791 3214 846 cui
3232 802 3568 850 morerentur
3585 794 3776 854 habue.

2196 880 2319 926 runt
2347 889 2360 924 :
2388 881 2480 926 aut
2503 874 2588 929 dic
2613 885 2816 945 aperte,
2848 878 3102 949 baptizari
3128 896 3220 937 eos
3247 899 3354 940 non
3385 896 3657 956 oportere;
3689 900 3775 946 aut

2193 974 2314 1015 cum
2356 961 2706 1033 baptizantur,
2741 982 2845 1022 non
2883 984 2978 1024 eos
3005 971 3057 1025 in
3086 971 3296 1028 Christo
3332 974 3459 1032 Jesu
3497 977 3773 1049 baptizari,

2192 1062 2284 1107 aut
2322 1070 2426 1109 non
2465 1056 2517 1110 in
2553 1067 2724 1114 morte
2762 1061 2927 1131 ipsius
2971 1063 3223 1135 baptizari
3256 1084 3270 1120 :
3300 1077 3354 1122 et
3389 1068 3508 1125 dele
3545 1072 3590 1126 si
3628 1081 3774 1142 potes

2191 1144 2432 1216 Apostoli
2465 1151 2619 1204 verba
2646 1151 2890 1221 dicentis,
2923 1155 3238 1230 Quicumque
3263 1160 3505 1231 baptizati
3528 1179 3702 1222 sumus
3724 1168 3774 1222 in

2190 1234 2391 1293 Christo
2415 1238 2563 1310 Jesu,
2592 1244 2644 1297 in
2675 1255 2833 1299 morte
2854 1247 3012 1319 ipsius
3038 1249 3276 1322 baptizati
3300 1270 3491 1310 sumus.
3520 1256 3707 1325 Porro,
3729 1261 3772 1316 si

2190 1325 2305 1383 hzec
2337 1333 2496 1388 verba
2535 1335 2712 1393 delere
2750 1355 2855 1394 non
2897 1351 3079 1410 potes,
3111 1345 3247 1400 sicut
3285 1362 3389 1402 non
3426 1357 3580 1420 potes
3611 1368 3625 1404 :
3655 1365 3772 1408 cum

2188 1437 2317 1494 ergo
2344 1428 2514 1493 audis,
2544 1431 2876 1503 quicumque;
2905 1437 3012 1490 noli
3037 1437 3172 1494 velle
3198 1439 3322 1496 inde
3347 1444 3594 1511 parvulos
3617 1459 3772 1516 sepa-

2186 1532 2306 1573 rare
2339 1537 2350 1572 :
2385 1521 2631 1589 permitte
2660 1524 2927 1582 Christum
2958 1527 3128 1584 etiam'
3147 1532 3379 1602 parvulis
3405 1549 3525 1591 esse
3551 1535 3768 1605 Iesum;

2183 1616 2434 1683 quoniam
2459 1632 2563 1671 non
2585 1621 2817 1689 exceptis
2838 1621 2986 1691 ipsis,
3009 1623 3103 1678 sed
3126 1639 3246 1680 cum
3270 1626 3396 1696 ipsis
3420 1629 3623 1685 salvum
3649 1630 3772 1687 facit

2181 1707 2435 1774 pupulum
2459 1723 2610 1764 suum
2633 1725 2661 1763 a
2685 1714 2916 1780 peccatis
2936 1729 3143 1781 eorum,
3168 1727 3384 1787 propter
3402 1719 3544 1790 quod
3569 1719 3766 1778 dictum

2181 1807 2262 1854 est
2282 1800 2349 1854 ab
2368 1803 2576 1872 angelo,
2609 1802 2821 1859 Vocabis
2841 1823 3020 1861 nomen
3041 1809 3151 1878 ejus
3165 1807 3340 1864 Jesum
3359 1810 3571 1881 (Matth.
3594 1817 3634 1879 ἱ,
3651 1813 3766 1886 2i).

2250 1888 2524 1947 CCXXIII.
2555 1893 2673 1950 ιω..
2711 1895 2846 1950 Dicit
2874 1913 2974 1953 nos
3002 1908 3242 1955 mortuos
3269 1916 3388 1958 esse
3422 1912 3641 1973 peccato
3660 1947 3678 1972 ,
3706 1921 3766 1963 eo

2173 1980 2287 2051 jam
2309 1992 2568 2054 tempore,
2592 2002 2697 2057 quo
2719 1997 2774 2042 ut
2797 1990 3159 2060 acciperemus
3184 1992 3521 2064 indulgentia:
3540 1995 3764 2065 donum,

2176 2077 2482 2132 renuntiare
2522 2093 2620 2132 nos
2663 2081 2864 2135 mundo
2897 2084 3245 2156 omnibusque
3281 2088 3512 2156 peccatis
3537 2089 3766 2161 professi

2173 2179 2360 2223 sumus
2392 2185 2405 2221 :
2436 2178 2593 2240 atque
2631 2171 2750 2228 ideo
2785 2175 3020 2229 muneris
3051 2192 3318 2234 memores
3344 2178 3543 2237 debere
3577 2182 3658 2237 sic
3687 2183 3765 2240 vi-

2172 2273 2320 2327 vere,
2352 2270 2411 2316 ut
2437 2261 2651 2319 Christo
2676 2267 2972 2336 consepulti
2999 2283 3120 2324 esse
3147 2269 3462 2339 doceamur;
3495 2281 3654 2344 atque
3684 2290 3766 2331 re-

2171 2354 2558 2410 surrectionem
2584 2357 2700 2428 ejus
2726 2360 3011 2429 conspicua
3045 2365 3324 2418 sanctitate
3359 2375 3632 2436 gestemus
3663 2384 3679 2422 :
3711 2376 3766 2426 et

2169 2443 2437 2513 quomodo
2468 2447 2584 2514 ille,
2617 2457 2897 2521 postquam
2933 2455 3224 2508 resurrexit
3249 2459 3290 2508 a‘
3306 2455 3558 2524 mortuis,
3587 2457 3762 2515 nullas

2167 2533 2503 2592 inﬁrmitates
2545 2542 2816 2611 corporis,
2866 2543 3009 2597 nulla
3056 2543 3262 2616 ﬂagella
3313 2548 3643 2618 perpetitur;
3693 2551 3762 2607 ita

2167 2626 2326 2682 etiam
2354 2637 2408 2684 et
2437 2644 2535 2684 nos
2568 2647 2687 2686 esse
2727 2633 3139 2690 invulnerabiles
3173 2639 3404 2708 peccatis
3431 2639 3684 2698 omnibus
3711 2652 3763 2699 et

2167 2720 2308 2774 vitiis
2335 2720 2651 2777 adnitamur.
2687 2724 2749 2779 Si
2777 2726 2907 2780 enim
2943 2728 3272 2799 complantati
3307 2747 3480 2788 sumus
3516 2733 3761 2790 similitu-

2164 2811 2274 2865 dini
2295 2813 2310 2842 ⁸
2343 2815 2516 2868 mortis
2549 2817 2690 2886 ejus,
2719 2818 2871 2872 simul
2895 2828 2942 2872 et
2970 2823 3342 2877 resurrectionis
3363 2826 3384 2856 ’
3410 2825 3631 2893 erimus;
3667 2828 3761 2884 hoc

2161 2903 2371 2959 scientes
2390 2946 2404 2969 ,
2441 2907 2680 2977 quoniam
2712 2918 2847 2964 vetus
2876 2910 3022 2965 homo
3053 2922 3220 2967 noster
3255 2915 3405 2970 simul
3429 2918 3668 2987 conﬁxus
3691 2924 3762 2974 est

2161 3001 2318 3061 cruci,
2347 3006 2400 3050 ut
2426 2999 2710 3054 destruatur
2736 3018 2919 3073 corpus
2949 3007 3160 3074 peccati,
3191 3015 3248 3060 ut
3276 3009 3411 3062 ultra
3438 3026 3538 3063 non
3566 3011 3762 3065 servia-

2161 3103 2274 3140 mus
2315 3098 2534 3157 peccato.
2569 3091 2667 3157 Qui
2701 3093 2834 3147 enim
2869 3105 3098 3150 mortuus
3136 3106 3239 3164 est,
3270 3099 3584 3168 justiﬁcatus
3617 3110 3700 3156 est
3728 3119 3761 3157 a

2162 3191 2363 3249 peccato
2388 3182 2563 3253 (Rom.
2596 3199 2668 3250 vi,
2695 3185 2830 3258 1-7).
2856 3185 3010 3242 Clara
3041 3189 3226 3246 ﬁdeles
3253 3193 3459 3248 ratione
3482 3197 3757 3252 constrin-

2159 3272 2235 3341 git
2269 3290 2282 3326 :
2314 3271 2369 3327 Si
2402 3274 2582 3344 vultis,
2614 3275 2802 3346 inquit,
2827 3282 3230 3336 resurrectionis
3257 3283 3371 3353 ejus
3397 3284 3511 3340 ﬁeri
3538 3288 3760 3356 partici-

2159 3378 2275 3434 pes,
2303 3364 2552 3420 virtutem
2583 3383 2794 3438 quoque
2823 3371 3009 3426 mortis
3037 3372 3337 3439 imitamini,
3367 3383 3423 3428 ut
3450 3377 3648 3432 mortui
3681 3377 3762 3432 vi-

2159 3453 2249 3510 tiis
2271 3455 2323 3509 in
2348 3455 2545 3512 virtute
2571 3457 2759 3515 vivatis
2785 3479 2797 3514 :
2822 3468 2948 3515 tunc
2968 3463 3110 3517 enim
3137 3464 3285 3518 eritis
3307 3467 3361 3519 in
3386 3465 3473 3520 illa
3497 3465 3759 3525 felicitate

2157 3555 2455 3616 consortes,
2481 3549 2526 3604 si
2553 3552 2738 3605 mortis
2758 3552 2874 3622 ejus
2895 3553 3177 3626 imaginem
3200 3557 3448 3626 tuleritis,
3474 3561 3758 3618 moriendo

2157 3641 2409 3709 peccatis.
2433 3641 2597 3697 Vetus
2622 3643 2764 3698 enim
2790 3643 2952 3700 homo
2978 3655 3159 3702 noster
3179 3647 3338 3705 debet
3363 3651 3507 3706 cruci
3533 3653 3654 3723 ejus
3681 3653 3760 3710 af-

2157 3733 2295 3788 ﬁxus
2315 3733 2514 3802 doceri,
2536 3746 2594 3790 ut
2612 3737 2851 3793 destruat
2874 3753 3070 3810 corpus
3095 3743 3318 3811 peccati,
3344 3743 3657 3802 fortitudine
3681 3749 3760 3802 vi-

2156 3823 2350 3880 delicet
2377 3813 2657 3896 passionis.
2679 3825 2884 3900 Corpus
2911 3840 3087 3886 autem
3113 3834 3339 3904 peccati,
3365 3838 3757 3894 consuetudine

2156 3932 2253 3973 sua
2295 3918 2524 3988 Paulus,
2564 3921 2720 3989 vitia,
2764 3937 2871 3978 non
2913 3924 3264 3982 substantiam
3293 3929 3468 3983 carnis
3497 3931 3753 4000 appellat.

2156 4008 2246 4064 Sic
2267 4011 2409 4065 enim
2439 4013 2696 4082 sequitur,
2729 4012 2797 4069 Ut
2825 4015 3109 4071 destruatur
3135 4033 3319 4090 corpus
3347 4022 3558 4090 peccati,
3586 4033 3643 4076 ut
3675 4026 3758 4078 ul-

2156 4113 2236 4155 tra
2261 4119 2361 4156 non
2387 4105 2660 4159 serviamus
2687 4118 2906 4177 peccato.
2942 4107 3045 4176 Qui
3073 4109 3207 4164 enim
3232 4121 3460 4166 mortuus
3488 4123 3580 4178 est,
3601 4116 3758 4186 justi-

2155 4197 2336 4266 ﬁcatus
2362 4208 2434 4251 est
2458 4215 2490 4250 a
2516 4209 2736 4270 peccato.

2226 4294 2361 4347 Anc.
2404 4291 2812 4359 Quomodolibet
2858 4295 3223 4367 interpreteris
3267 4313 3462 4370 corpus
3507 4304 3753 4372 peccati.

2154 4396 2261 4436 non
2288 4382 2505 4454 negabis
2537 4386 2782 4454 parvulos
2811 4386 2864 4440 in
2892 4387 3109 4444 Christo
3131 4388 3256 4445 Jesu
3289 4391 3582 4462 baptizatos
3614 4411 3755 4450 mor-

2153 4482 2275 4528 tuos
2295 4489 2412 4530 esse
2439 4485 2678 4546 peccato,
2704 4492 2771 4532 ne
2791 4478 3124 4548 apertissime
3146 4496 3307 4552 neges
3329 4496 3425 4538 eos
3450 4483 3758 4554 baptizatos

2153 4565 2207 4620 in
2235 4577 2405 4622 morte
2431 4567 2630 4624 Christi
2655 4569 2816 4637 Jesu;
2843 4586 2906 4626 ac
2931 4587 3027 4643 per
3053 4572 3156 4629 hoc
3185 4590 3348 4647 neges
3376 4576 3673 4648 baptizatos
3701 4580 3757 4634 in

2151 4657 2364 4715 Christo
2387 4658 2535 4716 Iesu.
2563 4661 2873 4734 Quicumque
2893 4665 3036 4730 enim
3063 4665 3304 4737 baptizati
3327 4684 3499 4724 sumus
3521 4670 3574 4723 in
3596 4671 3759 4725 Chri—

2149 4759 2227 4806 sto
2254 4750 2406 4816 Jesu,
2438 4753 2491 4806 in
2519 4763 2680 4807 morte
2706 4755 2865 4824 ipsius
2893 4755 3136 4826 baptizati
3161 4774 3354 4812 sumus.
3392 4759 3484 4815 Dic
3509 4775 3639 4832 ergo
3665 4767 3756 4819 cui

2152 4852 2369 4914 peccato
2388 4845 2708 4910 moriuntur,
2731 4861 2850 4901 cum
2875 4849 3078 4918 parvuli
3105 4849 3442 4919 baptizantur
3461 4852 3512 4906 in
3529 4851 3761 4909 Christo

2149 4937 2311 4993 Jesu?
2338 4938 2440 4994 Sed
2468 4940 2593 5009 quid
2619 4939 2766 4994 dicas
2786 4983 2800 5005 ,
2828 4942 3042 5011 penitus
3070 4957 3176 4996 non
3209 4942 3426 4997 habebis
3444 4983 3458 5007 .
3494 4944 3594 4999 nisi
3625 4961 3758 5000 cum

2150 5043 2259 5088 tota
2283 5033 2517 5088 Ecclesia
2540 5034 2736 5088 Christi
2763 5034 3049 5104 intelligas,
3079 5043 3239 5106 atque
3263 5035 3612 5106 respondeas,
3649 5037 3764 5091 Prr

2149 5145 2305 5184 unum
2329 5128 2575 5182 hominem
2597 5137 2856 5198 peccatum
2875 5130 3077 5184 intravit
3097 5130 3151 5184 in
3167 5131 3434 5195 mundum,
3459 5141 3503 5183 et
3523 5148 3613 5202 per
3637 5151 3765 5202 pec-

2151 5231 2319 5276 catum
2344 5236 2514 5286 mors;
2536 5230 2581 5274 et
2608 5223 2680 5275 ita
2703 5223 2758 5276 in
2783 5238 2955 5276 omnes
2980 5222 3206 5276 homines
3233 5225 3540 5295 pertransiit,
3567 5224 3620 5276 in
3654 5241 3762 5288 quo

2150 5331 2320 5370 omnes
2353 5322 2693 5384 peccaverunt.
2728 5313 2869 5369 Ecce
2895 5314 2983 5384 qui
3022 5323 3242 5385 peccato
3270 5316 3592 5381 moriuntur,
3622 5330 3758 5368 cum

2151 5409 2202 5462 in
2228 5415 2398 5461 morte
2417 5405 2611 5460 Christi
2632 5405 2756 5462 Jesu
2783 5406 2987 5476 parvuli
3009 5405 3363 5476 baptizantur.
3389 5407 3558 5477 Rogo,
3578 5407 3760 5461 nolite

2150 5515 2268 5555 esse
2305 5499 2438 5554 sicut
2475 5513 2643 5569 equus
2671 5509 2726 5553 et
2752 5498 2958 5563 mulus,
2992 5513 3096 5552 non
3130 5498 3388 5554 habentes
3417 5497 3758 5553 intellectum

2150 5590 2322 5662 (Psal.
2347 5606 2498 5655 XXXI,
2529 5591 2606 5660 9).
2633 5589 2824 5646 Audite
2849 5609 2861 5645 :
2891 5589 2953 5646 Si
2976 5591 3160 5644 mortui
3179 5606 3351 5645 sumus
3371 5598 3587 5662 peccato,
3609 5605 3757 5658 quc-

2149 5685 2299 5738 modo
2335 5685 2552 5738 vivemus
2589 5684 2643 5737 in
2676 5683 2770 5737 eo?
2797 5683 2878 5737 An
2905 5683 3150 5753 ignoratis
3177 5685 3413 5754 quoniam
3443 5685 3759 5753 quicumque

2216 5821 2235 5892 ξ
2251 5816 2387 5892 editi,
2412 5817 2464 5892 in
2484 5793 2843 5892 similitudinem
2861 5829 2880 5878 ,-
2897 5815 3000 5890 sed
3020 5818 3271 5892 contrariis
3291 5818 3641 5879 manuscriptis.
3661 5882 3697 5892 η

2216 5884 2236 5916 ί
2260 5882 2395 5941 ltditi,
2416 5888 2460 5932 et
2481 5880 2843 5933 resurrectionis
2860 5879 2980 5940 eius.
3008 5881 3172 5942 Abest,
3193 5880 3315 5945 ejus,
3334 5895 3363 5932 a
