3950 6470
152 405 296 466 ιειι

149 520 402 594 ὀαριίιαιὶ
431 535 605 580 unius
628 519 685 577 iu
709 518 905 579 Christo
934 519 1092 589 Iesu,
1121 517 1175 575 in
1202 525 1362 574 morte
1395 517 1554 589 ipsius
1581 515 1748 589 bapti-

148 617 259 672 uti
280 616 498 672 sumus?
520 615 852 687 Quicumque
874 613 1031 686 igitur
1054 610 1301 685 baptizati
1322 625 1504 667 sumus
1524 610 1577 665 in
1598 608 1752 666 Chri-

149 716 240 764 sto
262 708 418 775 Jesu,
444 716 664 780 peccato
686 707 884 764 mortui
907 718 1092 763 sumus
1113 721 1129 772 ;
1152 704 1277 776 quia
1307 702 1362 759 in
1386 710 1560 759 morte
1585 701 1750 773 ipsius

147 803 409 876 baptizati
437 818 643 861 sumus.
673 801 868 858 Audite
885 841 902 868 ,
932 800 1243 871 Quicumque
1268 796 1510 870 baptismi
1532 811 1703 853 sumus
1726 809 1749 852 :

148 914 331 971 neque
356 899 499 955 enim
522 897 727 969 parvuli
749 904 805 953 et
829 910 935 952 non
963 893 1215 965 majores,
1247 900 1339 948 aut
1361 903 1491 948 vero
1516 890 1747 962 majores

148 1000 201 1049 ct
226 1008 339 1047 non
367 991 608 1064 parvuli;
633 989 759 1057 sed,
784 990 1114 1062 quicumque,
1143 987 1197 1043 id
1220 994 1335 1052 est,
1364 984 1482 1042 sive
1507 981 1742 1055 parvuli,

145 1086 258 1140 sive
285 1084 544 1155 majores,
570 1082 812 1155 baptizati
838 1097 1010 1137 sumus
1032 1081 1085 1134 in
1111 1078 1310 1135 Christo
1334 1075 1481 1141 Jesu,
1504 1075 1559 1131 in
1586 1081 1745 1129 morte

145 1176 285 1230 illius
312 1175 557 1247 baptismi
582 1190 778 1242 sanius,
808 1188 872 1229 ac
899 1187 994 1243 per
1022 1172 1146 1239 hoc,
1176 1184 1361 1226 sumus
1388 1166 1584 1224 mortui
1613 1180 1739 1237 pec-

144 1274 283 1322 cato.
309 1267 423 1323 Aut
440 1280 567 1338 ergo
587 1274 771 1338 aperte
792 1265 954 1321 dicite
974 1279 1077 1320 non
1100 1276 1220 1321 esse
1240 1261 1565 1333 Baptismum
1585 1257 1740 1314 Chri-

143 1358 205 1413 sti
232 1357 479 1429 parvulis
500 1356 881 1424 necessarium,
904 1361 997 1411 aut
1020 1360 1293 1426 peccatum
1314 1351 1399 1408 cui
1420 1350 1735 1415 moriuntur,

143 1449 359 1522 quando
400 1450 455 1505 in
488 1448 702 1506 Christo
741 1449 1109 1519 baptizantur,
1144 1446 1304 1503 dicite
1343 1443 1685 1517 parvulorum
1720 1459 1735 1498 :

143 1550 227 1596 aut
256 1543 387 1613 quia
419 1542 622 1598 nullum
660 1542 883 1614 potestis
916 1540 1062 1598 aliud
1090 1539 1361 1608 invenire,
1394 1535 1609 1594 tandem
1639 1534 1738 1590 ali-

143 1636 354 1707 quando
381 1637 657 1707 agnoscite
683 1636 941 1709 originale
967 1644 1264 1707 peccatum.

205 1728 490 1784 CCXXIV.
527 1728 647 1786 Jun.
676 1728 878 1799 Nempe
906 1743 1028 1784 cum
1062 1724 1360 1783 viventibus
1396 1722 1729 1795 loquebatur,

144 1832 199 1878 et
224 1821 309 1877 his
334 1821 545 1878 dicebat
569 1821 825 1893 justitiam
858 1836 954 1892 per
980 1819 1235 1893 mysteria
1264 1818 1427 1874 fuisse
1454 1815 1729 1873 collatam.

142 1913 421 1982 Quomodo
448 1929 578 1986 ergo
603 1914 679 1969 ait
708 1930 830 1970 eum
855 1913 1201 1984 justiﬁeatum
1230 1925 1370 1977 esse,
1398 1924 1555 1981 quem
1587 1922 1731 1962 mor-

143 2016 315 2071 tuum;
345 2006 451 2061 nisi
472 2009 596 2076 quia
619 2005 735 2062 sine
758 2005 939 2076 aliquo
958 2005 1190 2061 ostendit
1212 2003 1478 2074 ambiguo,
1500 2008 1727 2055 mortem

144 2096 224 2153 hic
259 2097 782 2154 abrenuntiationem
828 2112 1062 2163 vocare;
1101 2106 1157 2152 et
1201 2095 1322 2151 ideo
1362 2109 1395 2150 a
1435 2108 1495 2150 se
1534 2105 1727 2147 nomen

142 2190 322 2245 mortis
345 2192 574 2259 assumi,
599 2201 656 2247 ut
679 2193 923 2249 ostendat
949 2192 1019 2247 ita
1049 2190 1232 2247 ﬁdeles
1256 2205 1288 2245 a
1316 2188 1565 2260 peccatis,
1591 2186 1729 2243 sicut

142 2291 379 2339 mortuos
410 2284 479 2339 ab
505 2284 711 2339 actibus
739 2284 935 2340 debere
959 2283 1210 2340 cessare?

203 2376 339 2433 Anc.
384 2376 560 2432 Homo
586 2378 939 2443 contentiose,
963 2377 1010 2432 si
1032 2376 1134 2433 hoc
1164 2376 1284 2431 loco
1310 2373 1722 2447 apostolicorum

141 2469 425 2525 verborum
447 2485 593 2525 mors
617 2470 1009 2525 abrenuntiatio
1036 2476 1273 2535 vocatur,
1291 2477 1350 2523 ut
1383 2467 1473 2539 qui
1504 2473 1725 2538 peccato

140 2564 497 2627 sbrenuntiat,
538 2573 758 2633 peccato
799 2564 1057 2620 moriatur
1101 2581 1115 2619 :
1161 2562 1339 2619 recole
1374 2558 1721 2635 quemadmo-

139 2654 257 2711 dum
301 2656 356 2710 in
396 2655 636 2713 Ecclesia
673 2655 895 2723 Christi,
929 2657 981 2712 in
1021 2671 1125 2727 qua
1160 2654 1457 2726 baptizatus
1498 2667 1587 2719 es,
1617 2650 1723 2707 Ba-

138 2749 400 2820 ptismatis
426 2751 680 2821 mysteria
706 2749 1077 2815 celebrentur;
1110 2758 1163 2805 et
1190 2748 1429 2805 invenies
1454 2744 1597 2819 quod
1620 2745 1722 2802 ab-

138 2841 442 2896 renuntient
457 2849 512 2897 et
529 2841 737 2912 parvuli
759 2856 856 2913 per
875 2856 967 2896 ora
987 2840 1324 2911 gestantium,
1342 2840 1478 2895 sicut
1497 2838 1725 2894 credunt

137 2945 237 3002 per
275 2946 371 2987 ora
409 2933 816 3003 gestantium‘“:
856 2930 1000 3003 quod
1039 2931 1179 3003 apud
1216 2946 1312 2987 vos
1346 2931 1456 3002 jam
1496 2929 1721 2986 forsitan

144 3037 254 3077 non
295 3023 371 3077 tit.
397 3024 479 3080 Sic
513 3025 656 3080 enim
696 3023 996 3095 profecistis
1033 3024 1086 3079 in
1125 3024 1297 3095 pejus,
1323 3022 1423 3093 ipsi
1452 3030 1718 3088 errantes,

138 3125 194 3170 et
227 3116 361 3172 alios
398 3118 449 3171 in
489 3133 729 3174 errorem
769 3119 1040 3174 mittentes
1078 3116 1160 3189 (ll
1189 3116 1319 3171 Tim.
1360 3132 1438 3182 ιιι,
1471 3116 1535 3171 l7
1555 3116 1598 3186 ),
1628 3115 1722 3185 qui

137 3207 283 3263 vobis
310 3210 704 3279 consenserint,
735 3224 843 3264 non
880 3208 1077 3264 debere
1106 3207 1479 3264 abrenuntiare
1523 3221 1719 3277 parvu-

139 3298 241 3355 lum
276 3299 691 3372 baptizandum,
731 3300 853 3372 quia
891 3315 999 3356 non
1039 3301 1197 3355 traxit
1234 3299 1494 3370 originale
1532 3312 1721 3369 pecca-

143 3400 246 3447 tum
276 3410 291 3449 :
330 3401 429 3448 aut
454 3394 500 3448 si
529 3392 689 3449 debet
727 3392 1104 3449 abrenuntiare
1131 3400 1363 3462 peccato,
1398 3390 1578 3458 dicite,
1595 3388 1715 3455 cui;

137 3492 186 3539 et
208 3499 448 3541 errorem
477 3493 716 3541 vestrum
754 3483 1042 3555 aliquando
1071 3484 1342 3554 corrigite.

196 3575 453 3633 CCXXV.
496 3577 620 3633 Jun.
660 3576 724 3632 Si
749 3577 882 3632 enim
912 3576 1098 3632 mortui
1125 3592 1299 3630 sumus
1338 3591 1454 3629 cum
1491 3572 1714 3642 Christo,

132 3668 375 3723 credimus
394 3669 518 3740 quia
543 3670 761 3722 vivemus
789 3684 904 3723 cum
930 3666 1165 3731 Christo;
1190 3667 1402 3722 scientes
1425 3668 1544 3735 quia
1569 3665 1718 3721 Chri-

133 3769 230 3813 stus
254 3760 533 3814 suscitatus
560 3776 593 3813 a
617 3758 830 3815 mortuis
847 3760 963 3832 jam
983 3775 1084 3814 non
1107 3759 1339 3824 moritur,
1366 3776 1500 3812 mors
1521 3759 1574 3812 in
1602 3776 1716 3814 eum

134 3851 226 3911 iam
262 3868 367 3905 non
394 3851 738 3907 dominabitur
754 3867 774 3907 :
793 3851 930 3924 quod
954 3852 1087 3905 enim
1116 3859 1344 3905 mortuus
1373 3860 1445 3905 est
1486 3859 1709 3921 peccato,

131 3954 346 4000 mortuus
372 3956 448 4001 est
486 3946 659 4012 semel,
704 3945 840 4019 quod
866 3948 1032 3999 autem
1069 3946 1207 4011 vivit,
1237 3945 1355 3999 vivit
1392 3943 1523 3998 Deo.
1556 3943 1639 3997 Ita
1665 3952 1712 3998 et

129 4055 205 4095 vos
226 4040 469 4111 deputata
495 4054 581 4093 vos
605 4039 863 4093 mortuos”
893 4054 1000 4093 esse
1033 4046 1259 4108 peccato,
1292 4037 1506 4091 viventes
1543 4045 1712 4090 autem

127 4132 249 4199 Deo,
270 4131 325 4185 in
351 4130 557 4186 Christo
576 4129 702 4186 Iesu
738 4128 911 4202 (Rom.
936 4144 1009 4194 vt,
1040 4128 1223 4199 8-H).
1253 4126 1532 4196 Quomodo
1557 4126 1716 4183 Chri-

127 4233 248 4287 stus,
291 4223 490 4294 inquit,
518 4222 607 4292 qui
648 4228 864 4292 peccato
903 4230 1145 4276 mortuus
1183 4228 1267 4275 est
1304 4219 1489 4283 semel,
1526 4218 1578 4274 id
1605 4230 1709 4287 est,

126 4324 340 4385 propter
378 4322 595 4384 peccata
624 4322 805 4368 nostra
835 4319 1079 4367 mortuus
1113 4319 1197 4366 est
1223 4310 1413 4377 semel,
1438 4311 1575 4365 ultra
1602 4326 1709 4365 non

124 4408 364 4475 moritur,
408 4405 503 4461 sed
540 4404 673 4460 vivit
721 4403 778 4459 in
826 4402 994 4475 gloria
1036 4402 1133 4458 Dei
1175 4420 1189 4457 :
1239 4402 1313 4458 ita
1351 4410 1406 4458 et
1443 4418 1570 4469 vos,
1610 4402 1711 4459 de.

123 4511 294 4571 putate
320 4515 424 4557 vos
463 4506 683 4571 peccato
718 4505 990 4566 mortuos,
1033 4496 1162 4553 solis
1200 4496 1381 4553 vivere
1416 4504 1472 4554 et
1508 4498 1710 4553 servire

122 4597 424 4653 virtutibus.

181 4693 322 4746 Asc.
364 4688 411 4744 0
435 4687 571 4742 mira
598 4684 898 4757 expositio!
939 4682 1229 4754 Apostolus
1265 4680 1396 4737 dicit
1433 4680 1705 4737 Christum
1750 4758 1755 4765 _

119 4792 339 4854 peccato
368 4787 642 4836 mortuum
667 4795 681 4832 :
713 4786 767 4833 et
791 4784 848 4832 tu
871 4774 1026 4842 dicis,
1050 4775 1103 4831 id
1129 4782 1231 4841 est,
1256 4783 1472 4846 propter
1492 4783 1706 4845 peccata

118 4885 321 4930 nostra.
343 4873 492 4943 Ergo
520 4870 662 4941 quod
688 4869 822 4925 dicit
847 4867 960 4935 ille,
992 4865 1083 4923 Sic
1109 4872 1156 4921 et
1180 4882 1268 4921 vos
1304 4866 1586 4921 existimate
1620 4883 1706 4922 vos

116 4976 341 5022 mortuos
366 4980 476 5020 esse
509 4969 709 5033 peccato
738 4976 758 5016 :
794 4959 899 5015 hoc
934 4957 1202 5030 putandus
1227 4966 1311 5014 est
1346 4955 1547 5023 dicere,
1580 4957 1707 5012 Exi-

113 5059 325 5114 stimatc
374 5070 472 5111 vos
518 5061 761 5109 mortuos
809 5064 928 5107 esse
974 5055 1193 5121 propter
1238 5056 1455 5120 peccata
1491 5048 1707 5103 vestra?

112 5150 224 5206 Non
267 5149 454 5220 utique
482 5146 587 5202 hoc
611 5144 738 5200 dicit
758 5144 861 5199 isto
881 5142 1045 5210 loco;
1086 5155 1189 5198 nec
1217 5147 1275 5197 tu
1313 5140 1391 5197 sic
1428 5140 1703 5213 intelligis,

114 5242 207 5299 sed
234 5248 464 5313 peccato
493 5246 759 5304 mortuos,
787 5250 854 5292 ne
878 5243 1097 5309 peccato
1121 5232 1384 5298 viverent,
1410 5231 1704 5289 conﬁteris.

107 5332 347 5390 Ostende
387 5346 516 5403 ergo
542 5339 597 5386 et
620 5327 894 5385 Christum
939 5334 1208 5382 mortuum
1257 5326 1420 5382 fuisse
1461 5334 1700 5398 peccato,

107 5442 175 5483 ne
200 5424 648 5483 inconvenienter
675 5421 964 5494 Apostolus
997 5419 1212 5486 dixerit,
1241 5419 1316 5474 sic
1345 5426 1391 5475 et
1428 5435 1535 5474 vos.
1571 5418 1707 5475 Pro-

108 5527 229 5589 pter
253 5515 551 5573 auferenda
580 5513 723 5571 enim
764 5520 949 5569 nostra
976 5520 1216 5585 peccata,
1247 5510 1343 5567 sed
1368 5519 1543 5567 tamen
1576 5525 1707 5582 pec-

112 5621 235 5668 cato
276 5618 527 5666 mortuus
549 5616 670 5665 est:
694 5606 878 5664 ethoc
912 5604 1201 5677 quomodo,
1232 5604 1323 5676 qui
1360 5604 1565 5659 nullum
1605 5603 1706 5659 ha-

57 5752 67 5771 ,
134 5763 147 5771 Δ
169 5707 189 5737 ι
216 5712 458 5771 veterum
481 5701 717 5753 librorum
752 5700 1043 5771 auctoritate
1069 5698 1370 5748 restituimus
1405 5696 1512 5747 haec
1534 5697 1705 5757 verba,

105 5763 231 5821 sicut
253 5768 462 5830 cresim
482 5778 572 5830 per
593 5777 683 5816 ora
702 5768 1004 5828 gestantwm.

168 5832 191 5864 ι
213 5830 357 5894 ειιιιι,
381 5823 607 5893 deputata
643 5823 973 5888 commas.
1001 5830 1204 5885 Atlss.,
1228 5823 1453 5899 deputate
1474 5834 1555 5878 vos
1575 5835 1707 5879 mor-

100 5898 226 5947 tuos.

725 6027 760 6035 ...-
798 6033 802 6037 .

1488 395 1689 458 LIBER
1724 395 2101 463 SECUNDUS.

2286 340 2329 350 ’4

2780 362 2807 370 ι..

2469 466 2575 512 τη,
2649 498 2653 502 _
3044 421 3244 509 Ani:
3295 422 3438 487 ωε

1862 518 1973 577 buit
1997 522 2216 581 omnino
2243 533 2540 600 peccatum,
2578 543 2678 589 nec
2706 513 3433 616 originaleInecaprOprium,

1857 613 1957 669 nisi
1982 616 2105 687 quia
2134 618 2445 690 similitudo,
2472 623 2624 696 cujus
2658 625 2737 682 rei
2763 627 3054 686 similitudo
3077 613 3211 699 erat,
3236 613 3435 695 nomen

1854 707 2100 778 accepit?
2142 709 2394 769 Novimus
2419 716 2560 772 enim
2580 715 2860 774 ,Christum
2891 720 2946 776 in
2972 721 3316 782 similitudine
3341 743 3434 783 ve-

1853 797 1997 856 nisse
2027 802 2204 858 carnis
2230 807 2430 874 peccati
2460 805 2632 879 (Rom.
2657 824 2773 877 vtu,
2803 811 2900 884 3);
2948 813 3195 884 quoniam
3224 816 3275 871 in
3307 833 3432 875 vera

1850 902 2010 948 carne
2036 895 2199 961 venit,
2224 897 2317 952 sed
2346 914 2451 954 non
2481 901 2622 957 sicut
2661 902 2752 957 alii
2781 903 3024 960 homines
3046 905 3098 961 in
3128 920 3288 964 carne
3307 922 3432 979 pec-

1849 982 1953 1037 cati
2002 999 2016 1036 :
2071 995 2308 1067 mortuus
2347 1000 2429 1045 est
2480 1007 2608 1065 ergo
2657 993 2748 1050 ille
2794 995 3157 1053 similitudini'
3203 1002 3428 1069 peccati,

1847 1090 2005 1146 quam
2050 1080 2268 1150 gerebat
2310 1083 2362 1136 in
2390 1098 2549 1139 carne
2584 1087 2829 1153 mortali;
2884 1103 2947 1144 ac
2991 1091 3069 1145 sic
3115 1090 3429 1162 mysterium

1846 1179 2045 1227 nostrae
2074 1173 2258 1230 salutis
2289 1176 2545 1248 implevit,
2576 1191 2633 1235 ut
2673 1194 2771 1236 nos
2811 1190 3032 1251 peccato
3072 1197 3427 1254 moreremur,

1843 1261 1996 1333 cujus
2025 1263 2115 1319 ille
2142 1266 2540 1325 similitudinem
2583 1272 2785 1342 gessit:
2820 1272 2942 1329 ideo
2967 1274 3020 1330 in
3053 1285 3225 1332 morte
3262 1276 3429 1347 ipsius

1842 1354 2209 1427 baptizamnr;
2240 1362 2362 1431 quia
2396 1364 2531 1419 sicut
2568 1366 2620 1421 in
2661 1365 2753 1422 illo
2783 1380 2908 1422 vera
2954 1382 3100 1423 mors
3142 1367 3278 1425 facta
3320 1378 3426 1436 est,

1841 1446 1912 1504 ita
1955 1450 2009 1505 in
2039 1451 2192 1509 nobis
2236 1470 2358 1510 vera
2393 1456 2452 1511 ﬁt
2480 1459 2723 1514 remissio
2766 1469 3131 1531 peccatorum.
3179 1462 3289 1520 Sed
3333 1462 3423 1522 hic

1838 1550 1964 1596 sunt
1988 1550 2042 1598 et
2066 1546 2314 1615 parvuli:
2356 1547 2665 1620 Quicumque
2692 1551 2837 1607 enim
2881 1552 3124 1624 baptizati
3168 1570 3341 1613 sumus
3367 1557 3424 1612 iu

1838 1631 2037 1690 Christo
2081 1635 2229 1705 Jesu,
2279 1640 2331 1694 in
2374 1650 2531 1697 morte
2570 1643 2729 1712 ipsius
2776 1644 3018 1717 baptizati
3063 1662 3259 1703 sumus.
3307 1648 3425 1708 Non

1835 1728 1977 1783 enim
2014 1729 2092 1785 sic
2127 1730 2370 1789 homines
2396 1733 2726 1804 baptizantur
2761 1737 2812 1791 in
2839 1736 3069 1805 Christo,
3101 1746 3159 1795 ut
3182 1740 3341 1812 aliqui
3367 1741 3424 1798 in

1834 1827 2008 1876 morte
2036 1820 2219 1891 ipsius,
2250 1823 2413 1894 aliqui
2451 1840 2560 1881 non
2590 1827 2641 1881 in
2668 1835 2839 1883 morte
2869 1829 3032 1899 ipsius
3055 1829 3420 1901 baptizentur;

1832 1910 1926 1965 sed
1957 1912 2093 1968 sicut
2133 1914 2226 1980 ait,
2269 1916 2324 1971 in
2353 1932 2458 1988 quo
2496 1919 2810 1990 loquebatur
2842 1921 2956 1992 ipse
2981 1921 3245 1992 Christus,
3286 1922 3423 1994 Qui-

1832 2015 2057 2075 cumque
2096 2005 2430 2079 baptizantur
2454 2011 2505 2065 in
2536 2010 2751 2069 Christo
2793 2012 2940 2081 Jesu,
2963 2015 3017 2070 in
3054 2025 3226 2072 morte
3254 2018 3421 2088 ipsius

1830 2092 2200 2166 baptizantur:
2233 2117 2295 2157 ac
2336 2118 2433 2174 per
2473 2103 2597 2173 hoc,
2627 2108 2948 2179 quicumque
2990 2109 3325 2181 baptizantur
3363 2111 3419 2168 in

1829 2185 2043 2245 Christo
2069 2190 2213 2259 Jesu,
2248 2205 2467 2265 peccato
2486 2198 2805 2255 moriuntur.
2837 2200 2928 2257 Si'
2955 2202 3287 2272 quicumque;
3314 2204 3421 2261 uti-

1828 2293 1933 2351 que
1957 2289 2013 2337 et
2042 2285 2281 2353 parvuli:
2322 2286 2415 2342 sed
2451 2289 2534 2343 cui
2576 2299 2798 2360 peccato
2834 2292 3040 2362 parvuli
3082 2293 3418 2351 moriuntur?

1828 2369 1944 2426 Jam
1977 2372 2191 2430 tandem
2230 2392 2414 2447 quzeso
2451 2380 2801 2436 confiteatur'
2827 2383 3120 2454 generatio,
3153 2401 3221 2441 ne
3259 2401 3413 2443 meu-

1828 2464 1991 2520 tiatur
2020 2469 2353 2538 regeneratio
2377 2487 2391 2537 ;
2439 2471 2758 2529 conﬁteatur
2782 2475 2835 2528 in
2864 2476 3098 2545 parvulis
3124 2490 3250 2532 caro
3287 2492 3417 2549 pec-

1827 2558 1954 2626 cati,
1984 2568 2175 2615 utnon
2205 2570 2430 2631 negetur
2454 2566 2612 2620 etiam
2639 2580 2736 2637 pro
2764 2565 3003 2637 parvulis
3026 2576 3235 2625 mortua
3270 2570 3420 2627 simi-

1827 2648 1996 2706 litudo
2021 2652 2443 2722 carnis‘peccati.

1896 2741 2174 2800 CCXXV].
2215 2745 2334 2802 Jun.
2366 2746 2468 2804 Ubi
2499 2748 2588 2804 hic
2612 2764 2740 2821 ergo
2768 2760 3048 2808 accusatur
3074 2754 3299 2810 natura?
3323 2755 3414 2812 ubi

1825 2832 2074 2891 humanae
2117 2837 2427 2894 substantiae
2468 2842 2751 2912 culpantur
2793 2845 3051 2901 exordia?
3098 2846 3190 2903 ubi
3237 2858 3416 2906 motus

1826 2927 2130 2996 generantis
2176 2930 2455 3002 arguitur?
2502 2932 2646 2989 Luce
2673 2935 2869 2993 clarius
2909 2946 3011 3005 est,
3051 2939 3192 3009 quod
3228 2939 3341 2996 sola
3382 2957 3415 2998 a

1825 3018 2075 3090 Magistro
2119 3019 2367 3078 Gentium
2418 3028 2763 3083 conveniatur
2805 3029 3070 3099 voluntas,
3103 3040 3161 3088 ut
3206 3033 3419 3091 abdicet

1825 3113 2032 3170 occulta
2061 3113 2338 3171 dedecoris
2370 3116 2445 3191 (Il
2475 3118 2592 3173 Cor.
2624 3136 2699 3186 tv,
2727 3120 2808 3191 2),
2838 3131 2892 3177 et
2920 3123 2975 3178 in
3014 3124 3286 3180 meliorem
3330 3127 3415 3182 vi-

1824 3212 1933 3260 tam
1960 3214 2171 3261 actuum
2198 3209 2528 3265 correctione
2578 3211 2840 3281 proficiat.
2879 3213 2984 3269 Sed
3026 3215 3136 3285 jam
3184 3218 3412 3288 accipiat

1823 3298 2083 3368 expositio
2104 3307 2285 3354 nostra
2315 3301 2711 3371 compendium,
2743 3319 2844 3359 nec
2868 3306 3204 3376 interpretari
3237 3308 3289 3364 in
3323 3309 3409 3364 his

1822 3387 1953 3445 locis
1978 3388 2119 3445 dicta
2144 3390 2384 3460 Apostoli
2423 3403 2766 3462 perseveret;
2812 3396 2984 3466 ipsum
3020 3398 3088 3454 de
3112 3398 3222 3455 suis
3245 3400 3416 3457 disse-

1822 3489 2033 3536 rentem
2062 3481 2310 3537 sensibus
2333 3482 2630 3539 audiamus.
2669 3484 2726 3539 In
2756 3486 2862 3542 line
2890 3486 3260 3558 disputationis
3298 3491 3414 3562 ejus

1820 3572 2135 3643 apparebit,
2178 3573 2332 3644 cujus
2375 3574 2608 3646 dogmati
2667 3577 2897 3650 ﬁdeique
2943 3583 3262 3639 consentiat.
3306 3583 3416 3641 Nos

1821 3678 2017 3734 nempe
2043 3662 2290 3732 dicimus,
2322 3665 2390 3721 de
2413 3675 2634 3737 peccato
2660 3668 2972 3739 Apostolum
3001 3672 3287 3730 voluntatis
3315 3673 3418 3730 hu-

1821 3772 2028 3824 manae,
2069 3773 2187 3828 quae
2238 3759 2291 3815 in
2343 3775 2663 3831 unoquoque
2711 3772 2965 3832 peccante
3002 3772 3120 3834 est,
3175 3766 3412 3823 locutum

1820 3847 2027 3904 fuisse:
2070 3859 2128 3905 tu
2167 3866 2318 3918 vero,
2345 3851 2413 3908 de
2453 3867 2519 3908 eo
2552 3855 2692 3925 quod
2735 3855 2931 3911 Fausto
2969 3859 3161 3928 credis,
3190 3875 3415 3931 genera-

1821 3941 1966 3996 tione
1997 3943 2392 4010 transmissum,
2422 3955 2476 4001 et
2503 3962 2532 4000 a
2559 3947 2764 4002 cunctis
2793 3948 2908 4004 sine
2932 3950 3203 4006 voluntate
3232 3968 3414 4009 susce-

1822 4041 1992 4102 ptum.
2020 4031 2461 4091 Concertationcs
2490 4038 2666 4108 itaque
2694 4047 2911 4105 nostrze,
2940 4040 2985 4095 si
3016 4041 3221 4111 placet,’
3239 4041 3413 4099 faces-

1819 4136 1970 4192 sant;
2011 4134 2064 4182 et
2092 4136 2149 4182 ut
2172 4127 2516 4186 mediocriter
2543 4146 2718 4202 agam,
2742 4124 3141 4190 dissimulemus
3169 4138 3413 4208 Apostoli

1818 4209 2149 4282 dignitatem,
2181 4227 2284 4282 qua
2328 4214 2601 4283 prazscribi
2645 4226 2855 4286 posset,
2895 4218 3102 4275 etiamsi
3129 4220 3280 4277 vobis
3315 4236 3414 4293 per

1818 4302 1994 4357 omnia
2024 4302 2140 4373 ejus
2164 4302 2327 4375 verba
2356 4305 2723 4376 concinerent,
2750 4316 2926 4365 tamen
2954 4310 3101 4367 illum
3130 4328 3229 4385 pro
3247 4313 3410 4370 officii

1816 4394 1898 4451 sui
1925 4395 2212 4466 splendore
2254 4396 2385 4452 nihil
2416 4405 2522 4453 tam
2563 4399 2804 4457 deforme
2830 4404 3097 4470 sensisse;
3147 4405 3411 4477 ambigui-

1816 4494 1981 4542 tatem
2026 4501 2149 4543 esse
2193 4488 2573 4557 elocutionum,
2606 4506 2712 4547 non
2758 4506 3012 4549 sensuum
3058 4497 3405 4566 pravitatem:

1816 4578 1921 4634 hoc
1948 4578 2120 4634 solum
2147 4579 2197 4635 ei
2239 4580 2293 4635 in
2322 4582 2575 4652 praesenti
2617 4585 2830 4655 negotio
2856 4584 3200 4655 concedatur,
3241 4597 3302 4645 ut
3327 4589 3410 4647 vir

1815 4689 1922 4729 non
1953 4675 2279 4744 perturbatae
2325 4676 2542 4742 mentis,
2590 4678 2760 4749 magis
2803 4678 3001 4751 scripta
3041 4695 3136 4737 sua
3165 4696 3323 4753 quam
3353 4691 3411 4741 tu

1813 4765 2143 4821 intellexisse
2184 4764 2450 4821 credatur.
2507 4765 2628 4823 Non
2674 4784 2793 4842 ergo
2820 4781 3028 4842 regnet,
3058 4773 3260 4844 inquit,
3294 4792 3411 4842 pec-

1814 4868 1983 4914 satum
2001 4860 2056 4914 in
2076 4868 2237 4915 vestro
2256 4860 2465 4915 mortali
2484 4877 2695 4933 corpore
2713 4864 2781 4916 ad
2804 4864 3141 4920 obedientium
3162 4867 3207 4920 ei
3230 4867 3407 4939 (Rom.

1812 4969 1889 5015 vn.
1934 4952 2044 5027 l2).
2082 4953 2302 5009 Possem
2327 4952 2439 5023 jam
2487 4951 2574 5009 hic
2613 4953 2814 5023 dicere,
2845 4955 3230 5012 exhortationis
3259 4961 3410 5015 testi-

1813 5044 1997 5099 monio
2024 5045 2307 5115 probatum
2340 5059 2482 5110 esse,
2508 5043 2576 5100 de
2615 5046 2848 5115 peccatis
2876 5062 3000 5102 eum
3029 5063 3190 5119 agere
3216 5050 3411 5107 volun-

1773 5137 1939 5191 'tatis
1970 5154 1983 5192 :
2015 5136 2137 5207 quia
2183 5136 2321 5191 mala
2371 5136 2416 5191 si
2463 5144 2643 5192 essent
2689 5138 2970 5203 naturalia,
3005 5153 3102 5209 per
3149 5139 3408 5210 justitiam

1815 5212 2028 5283 defendi
2057 5235 2292 5298 possent,
2314 5240 2410 5297 per
2429 5226 2852 5283 misericordiam
2884 5237 3159 5299 postremo
3183 5229 3405 5298 deﬂeri;

1814 5321 1964 5376 nullo
2012 5330 2190 5376 autem
2234 5328 2391 5391 pacto
2453 5320 2867 5378 admonerentur
2908 5322 3165 5380 cavenda.
3210 5321 3413 5390 Quovis

1816 5416 1958 5472 enim
1987 5414 2213 5471 naturali
2240 5413 2407 5484 malo,
2434 5415 2480 5472 si
2504 5416 2672 5472 ullum
2699 5431 2821 5473 esse
2845 5427 3047 5489 posset,
3072 5416 3175 5473 hoc
3202 5417 3404 5473 malum

1880 5575 1899 5650 Ξ
2092 5572 2623 5650 ἀπεπεμάδηεκνεῖτίυε
2634 5580 2761 5650 ’ἔδεεν
2783 5571 3151 5650 “multi;
3224 5648 3233 5650 _

1850 5638 1900 5709 _'
1933 5637 2078 5712 Editi,
2101 5643 2296 5701 peccato
2316 5635 2966 5712 incruentum-Quicumque.
2993 5635 3155 5700 utique
3172 5672 3186 5696 ι
3213 5638 3409 5698 omissos

1816 5699 2958 5833 ‘ffﬁﬁeﬁgﬁ‘ﬁggféﬁitmﬁiwiur,
2983 5759 3082 5833 illic
3104 5761 3296 5833 passive
3320 5774 3410 5825 po.

1815 5825 2011 5937 siam
2031 5824 2267 5936 imus,
2289 5822 2570 5888 conﬁteatur
2591 5822 2911 5886 generatione,
2935 5822 3194 5877 mentium
3216 5822 3408 5891 regene-

1815 5899 1845 5935 r
2025 5896 2042 5936 :
2200 5920 2211 5933 .
