3996 6490
574 578 692 626 erat
730 565 902 640 majus
927 544 1168 639 insaniae,
1195 584 1299 642 qua
1326 550 1627 639 tenebatur,
1654 567 1970 641 quicumque
1998 565 2156 622 devo~

576 663 773 722 tionem
801 662 857 720 in
884 650 1140 721 cavendis
1178 665 1338 722 rebus
1367 664 1694 721 naturalibus
1719 662 1981 735 exigebat.
2020 658 2162 733 Apo-

574 756 745 814 stolus
768 766 943 814 autem
970 757 1102 815 nihil
1123 759 1299 814 sanxit
1321 756 1463 830 quod
1489 758 1655 829 possit
1673 755 1793 827 jure
1819 751 2157 826 reprehendi.

573 845 857 907 Peccatum
902 850 1080 923 itaque
1121 850 1409 907 voluntatis
1451 848 1704 916 ostendit,
1747 846 1887 919 quod
1931 846 2161 902 inculcat

573 938 769 998 debere
797 942 976 998 vitari.

642 1033 778 1091 Anc.
820 1034 949 1102 Quis
986 1034 1195 1105 ignorat
1221 1051 1325 1091 non
1375 1034 1521 1106 loqui
1557 1033 1870 1105 Apostolum
1902 1031 2154 1103 parvulis,

571 1123 666 1180 sed
693 1125 773 1181 eis
798 1127 884 1195 qui
917 1136 1140 1197 possunt
1178 1128 1473 1198 intelligere
1511 1127 1669 1182 verba
1700 1125 1947 1194 dicentis,
1981 1134 2037 1181 et
2062 1126 2157 1180 ad-

569 1215 785 1287 juvante
829 1217 923 1274 Dei
971 1220 1137 1291 gratia
1190 1219 1408 1276 obedire
1454 1218 1772 1292 praeceptis?
1821 1217 1927 1275 Sed
1977 1218 2156 1290 utique

568 1320 731 1382 agunt
752 1312 912 1368 etiam
949 1329 1070 1368 cum
1098 1311 1221 1368 ﬁliis
1252 1313 1382 1381 suis,
1411 1322 1468 1368 ut
1492 1306 1938 1385 quemadmodum
1964 1312 2157 1367 crescit

566 1400 621 1458 in
641 1402 721 1459 eis
748 1404 971 1459 rationis
993 1419 1139 1470 usus,
1169 1403 1241 1459 ita
1268 1414 1549 1460 exseratur
1573 1404 1891 1460 obedientire
1919 1401 2149 1468 fructus;

566 1510 634 1551 ne
662 1494 713 1551 in
747 1511 967 1551 vacuum
990 1499 1214 1568 gratiam
1241 1497 1333 1552 Dei
1357 1499 1687 1567 susceperint
1720 1495 1794 1570 (ll
1823 1495 1941 1552 Cor.
1970 1512 2047 1563 vi,
2078 1492 2149 1568 I),

565 1589 776 1661 quando
816 1592 1114 1662 regenerati
1156 1599 1299 1659 sunt,
1333 1591 1650 1647 nescientes.
1684 1590 2059 1646 Verumtamen
2090 1588 2154 1645 il-

563 1684 671 1741 lam
723 1686 998 1758 pulchram
1048 1696 1350 1757 susceptam
1403 1696 1569 1753 tuam,
1607 1702 1727 1757 qua:
1772 1684 2029 1740 deformis
2071 1693 2154 1739 est

565 1779 818 1835 omnibus
843 1779 1260 1835 debellatoribus
1301 1779 1433 1845 suis,
1460 1778 1945 1849 concupiscentiam
1975 1777 2153 1833 carnis

563 1869 703 1940 dico,
737 1887 833 1943 per
861 1888 1022 1943 quam
1050 1872 1307 1938 nascitur,
1334 1881 1391 1928 et
1416 1887 1537 1926 cum
1568 1888 1669 1944 qua
1703 1871 1937 1925 nascitur
1957 1869 2148 1925 homo:

562 1961 701 2019 banc
727 1979 855 2036 ergo
876 1964 1359 2035 concupiscentiam
1384 1964 1581 2030 carnis,
1600 1961 1839 2018 cohiberi
1863 1961 2151 2033 Apostolus

559 2059 821 2132 praecipit,
846 2074 945 2114 nec
974 2073 1199 2130 regnare
1238 2058 1515 2128 permittit,
1557 2071 1783 2126 eamque
1823 2056 2024 2127 peccati
2056 2069 2152 2108 no-

536 2128 705 2206 .ininc
730 2128 1014 2222 appellat;
1043 2128 1172 2223 quia
1216 2159 1270 2207 et
1312 2151 1378 2207 de
1422 2151 1597 2221 primo
1642 2157 1863 2220 peccato
1893 2146 2150 2218 originem

555 2224 724 2310 ducit,
758 2251 813 2298 et
852 2243 1092 2315 quisquis
1119 2242 1235 2313 ejus
1277 2243 1510 2297 motibus
1547 2241 1613 2296 ad
1645 2240 1826 2295 illicita
1865 2255 2153 2295 consense-

562 2333 652 2399 rit,
680 2342 868 2405 peccat
895 2352 908 2389 :
938 2350 1057 2406 quae
1082 2343 1208 2391 tunc
1238 2335 1378 2388 nulla
1404 2335 1508 2389 erit
1535 2334 1587 2388 in
1612 2333 1788 2400 nobis,
1813 2331 2025 2403 quando
2054 2333 2151 2387 im-

559 2428 786 2483 mortale
810 2440 1007 2497 corpus
1049 2422 1365 2482 habebimus
1394 2442 1413 2481 :
1443 2425 1670 2497 ideoque
1707 2442 1826 2481 cum
1854 2435 2036 2499 posset
2066 2425 2149 2481 di-

558 2531 702 2581 cere,
733 2515 858 2571 Non
884 2526 1055 2587 regnet
1094 2528 1352 2587 peccatum
1385 2518 1438 2573 in
1464 2527 1626 2573 vestro
1670 2535 1898 2589 corpore,
1937 2534 2033 2573 cur
2056 2517 2151 2573 ad-

558 2607 694 2663 didit
727 2608 968 2675 verbum,
1000 2618 1055 2665 et
1079 2610 1173 2676 ait,
1202 2610 1257 2664 in
1294 2621 1456 2665 vestro
1483 2610 1685 2665 mortali
1708 2626 1938 2681 corpore,
1966 2610 2065 2666 nisi
2094 2621 2152 2665 ut

562 2708 689 2756 tunc
715 2716 1056 2772 speraremus
1095 2703 1276 2771 istam,
1304 2718 1461 2774 quam
1498 2712 1773 2774 peccatum
1816 2713 1991 2770 vocat,
2018 2718 2149 2757 con-

561 2792 943 2864 cupiscentiam
988 2810 1093 2849 non
1134 2792 1388 2860 futuram,
1418 2794 1631 2865 quando
1661 2795 1885 2849 mortale
1925 2811 2029 2848 non
2059 2794 2154 2848 ha-

557 2884 806 2941 bebimus
831 2888 1065 2956 corpus?
1092 2886 1222 2941 Nam
1251 2896 1307 2942 tu
1334 2887 1421 2943 dic
1449 2886 1621 2951 nobis,
1650 2901 1746 2940 cur
1768 2901 1874 2942 non
1903 2886 1996 2953 ait,
2028 2884 2152 2940 Non

555 2977 627 3034 sit
674 2987 935 3049 peccatum
970 2980 1025 3035 in
1052 2988 1212 3034 vestro
1238 2979 1441 3034 mortali
1482 2995 1723 3051 corpore;
1768 2978 1860 3033 sed
1891 2979 1983 3045 ait,
2027 2976 2151 3033 Non

554 3081 775 3144 regnet:
814 3072 913 3127 nisi
935 3073 1054 3143 quia
1086 3073 1187 3128 ista
1211 3073 1663 3143 concupiscentia,
1692 3088 1809 3144 quae
1844 3088 1948 3127 non
1976 3082 2151 3143 potest

552 3163 661 3219 nisi
685 3178 807 3220 esse
831 3165 883 3220 in
919 3179 1081 3222 carne
1119 3166 1353 3232 mortali,
1386 3166 1437 3220 in
1473 3165 1552 3220 eis
1580 3168 1786 3236 regnat,
1817 3166 1905 3237 qui
1935 3166 2150 3223 deside-

553 3255 651 3312 riis
688 3256 804 3326 ejus
833 3257 902 3313 ad
932 3258 1075 3312 mala
1119 3257 1471 3329 perpetranda
1500 3258 1873 3324 consentiunt;
1918 3266 1973 3313 et
1999 3258 2066 3313 ab
2086 3274 2148 3313 ea
2186 3288 2195 3297 ο

554 3365 893 3422 quocumque
932 3352 1182 3419 illexerit,
1209 3352 1334 3407 victi
1381 3352 1762 3423 pertrahuntur
1803 3351 2005 3423 majore
2044 3350 2145 3407 int-

555 3450 703 3512 petu,
730 3443 884 3512 quia’l
926 3442 1041 3513 lege
1071 3443 1439 3513 prohibentur,
1466 3443 1513 3498 si
1540 3442 1709 3514 gratia
1735 3458 1841 3498 non
1867 3443 2145 3514 juvantur:

555 3536 613 3589 in
654 3534 735 3590 eis
762 3544 963 3604 autem,
990 3536 1080 3606 qui
1125 3536 1238 3591 Deo
1263 3537 1497 3592 donante
1534 3537 1735 3592 iaciunt
1760 3537 1901 3608 quod
1945 3555 2148 3609 prame-

554 3635 706 3696 ptum
744 3635 849 3695 est,
878 3628 931 3683 id
961 3637 1061 3694 est,
1090 3640 1375 3686 commotas
1410 3637 1571 3701 atque
1614 3630 1828 3686 instanti
1868 3646 1977 3686 non
2019 3632 2149 3688 obe-

554 3720 733 3789 diunt,
769 3738 870 3778 nec
896 3723 945 3779 ei
975 3739 1124 3778 arma
1165 3722 1419 3780 exhibent
1448 3725 1709 3790 membra,
1743 3725 1881 3781 inest
1908 3725 2145 3797 quidem,

551 3813 654 3883 sed
681 3829 787 3869 non
815 3823 1023 3887 regnat.
1050 3814 1319 3872 Probatur
1342 3824 1521 3871 autem
1548 3816 1778 3883 inesse”,
1802 3817 1927 3873 dum
1953 3833 2150 3874 concu-

554 3905 833 3975 piscuntur
878 3906 1018 3961 mala
1049 3925 1064 3962 :
1094 3916 1148 3962 et
1191 3907 1445 3978 probatur
1482 3924 1587 3963 non
1616 3923 1862 3980 regnare,
1893 3909 2019 3965 dum
2058 3910 2147 3980 ju-

555 3996 716 4053 stitia:
735 3997 1090 4055 delectatione
1117 4000 1361 4055 vincente
1385 4015 1491 4056 non
1521 4000 1673 4055 ﬁunt.
1701 4002 1980 4070 Quomodo
2004 4004 2148 4059 enim

550 4088 892 4162 pratcipimur
914 4090 961 4146 ei
989 4107 1095 4146 non
1112 4092 1351 4161 obedire,
1374 4093 1475 4148 nisi
1490 4093 1719 4163 jubenti,
1737 4099 1851 4150 sive
1870 4094 2147 4151 suadenti?

555 4177 835 4246 Quomodo
860 4190 1037 4237 autem
1066 4181 1240 4240 facere
1269 4184 1374 4240 hoc
1402 4194 1599 4254 potest,
1629 4186 1676 4242 si
1700 4202 1804 4241 non
1836 4188 2022 4243 inest?

622 4268 926 4326 CCXXVII.
985 4272 1105 4329 ius.
1163 4272 1343 4345 Neque
1387 4275 1660 4332 cxhibeatis
1709 4278 1931 4332 membra
1985 4290 2147 4335 vestra

550 4376 698 4415 arma
715 4361 995 4433 iniquitatis
1021 4375 1224 4436 peccato
1245 4382 1265 4420 :
1292 4366 1381 4421 sed
1403 4368 1629 4423 exhibete
1651 4386 1738 4424 vos
1759 4369 1887 4438 Deo,
1906 4382 2147 4442 tanquam

550 4468 616 4509 ea:
650 4455 862 4509 mortuis
909 4456 1142 4525 viventes,
1185 4468 1235 4513 et
1273 4461 1495 4514 membra
1546 4470 1712 4515 vestra
1753 4478 1895 4516 arma
1932 4465 2149 4535 justitite

549 4543 683 4600 Deo.
746 4544 1021 4603 Peccatum
1070 4549 1203 4603 enim
1254 4552 1307 4604 in
1351 4550 1488 4606 vobis
1534 4568 1636 4607 non
1678 4553 2015 4609 dominatur:
2044 4573 2146 4612 non

548 4638 686 4693 enim
716 4640 810 4694 sub
837 4641 947 4713 tege
965 4643 1103 4709 estis,
1128 4643 1217 4698 sed
1236 4644 1333 4699 sub
1358 4645 1524 4716 gratia
1552 4645 1731 4716 (Rom.
1765 4663 1838 4716 vr,
1873 4651 1940 4706 15
1959 4661 2005 4704 et
2031 4651 2140 4721 14).

550 4726 653 4793 Eo,
676 4727 867 4800 inquit,
898 4731 1103 4787 debetis
1137 4735 1340 4791 servire
1366 4735 1476 4792 Deo
1505 4736 1733 4804 ﬁdelius,
1762 4755 1868 4810 quo
1891 4740 2053 4797 etiam
2084 4742 2147 4797 ii-

547 4819 805 4876 beralius.
846 4821 1131 4880 Peccatum
1171 4826 1367 4897 quippe
1404 4827 1777 4886 dominabatur
1819 4831 1989 4899 vobis,
2023 4849 2144 4889 cum

547 4921 793 4969 reatuum
818 4913 1162 4986 impendebat
1186 4920 1352 4987 ultio;
1380 4931 1562 4991 postea
1580 4931 1757 4978 autem
1785 4940 1944 4994 quam
1974 4927 2143 4996 gratia

1227 450 1472 509 OPERIS
1507 446 1923 509 IMPERFECTI
1955 446 2241 543 CONTRA
2275 445 2643 518 JULIANUM,
2684 450 2745 508 S.
2785 451 3157 511 AUGUSTINI
3723 468 3781 521 τίς
3802 470 3855 523 g1

2269 564 2527 632 Ecclesia,
2564 581 2682 638 quae
2726 565 2919 624 clamat
2966 576 3093 637 tota,
3125 571 3267 642 quod
3308 568 3492 630 didicit
3528 588 3558 632 a
3604 576 3867 650 Magistro

2269 657 2410 713 bono
2438 676 2450 712 :
2481 657 2565 712 Ne
2594 675 2684 714 nos
2714 659 2901 731 inferas
2941 664 2993 717 in
3024 665 3345 720 tentationem
3379 666 3590 737 (Matth.
3622 684 3699 735 γι,
3730 670 3861 741 15)τ

2269 767 2373 806 ιιοιι
2419 750 2520 807 hoc
2555 750 2701 820 dicit,
2728 753 2815 825 qui
2843 754 2989 823 di‘cit,
3023 748 3241 813 Oramus
3268 756 3437 814 autem
3474 758 3542 814 ad
3584 756 3776 829 Dem,
3800 778 3867 818 ne

2266 844 2389 915 quid
2414 846 2615 917 faciatis
2652 846 2777 901 mali
2804 842 2878 917 (II
2899 846 3017 904 Cor.
3046 864 3161 919 xm,
3198 852 3252 924 7)
3283 871 3296 908 :
3331 860 3436 909 ιιοη
3472 852 3575 912 hoc
3607 854 3745 912 dicit
3771 858 3866 928 qui

2264 935 2410 1003 dicit,
2443 934 2640 1009 Rogavi
2666 955 2757 1009 pro
2782 948 2849 1008 te,
2877 938 3048 1010 Petre,
3076 958 3139 998 ne
3169 945 3370 1016 deﬁciat
3414 948 3539 1019 ﬁdes
3580 958 3668 1003 tua
3705 948 3863 1021 (Luc.

2264 1042 2395 1094 χιιι,
2425 1026 2539 1101 52).
2573 1026 2678 1085 l'sto
2718 1030 2860 1086 enim
2907 1030 3065 1089 modo
3111 1037 3279 1107 gratia
3324 1047 3382 1093 ut
3418 1054 3524 1094 non
3571 1054 3869 1110 peccemus

2263 1117 2408 1187 facit,
2429 1132 2534 1175 non
2561 1136 2680 1191 qum
2707 1124 3043 1192 peccavimus
3063 1125 3233 1183 diluit.
3256 1127 3494 1202 Utroque
3519 1133 3665 1187 enim
3700 1133 3869 1190 modo

2262 1208 2477 1282 adjuvat
2514 1213 2700 1284 gratia,
2728 1220 2782 1269 et
2822 1214 3136 1275 dimittendo
3176 1228 3295 1292 qua:
3335 1221 3473 1279 male
3516 1223 3771 1291 fecimus,
3810 1237 3867 1283 et

2261 1303 2567 1376 opitulando
2606 1317 2661 1362 ut
2690 1308 3020 1368 declinemus
3050 1326 3079 1368 a
3113 1316 3265 1371 malis
3304 1326 3359 1373 et
3388 1319 3526 1374 bona
3570 1321 3863 1377 faciamus.

2330 1396 2655 1455 CCXXV’III.
2684 1400 2803 1459 Jun.
2838 1402 3035 1461 Verum
3065 1408 3187 1479 quia
3213 1409 3473 1480 ejusdem,
3500 1428 3662 1483 quam
3694 1420 3865 1485 supra

2259 1502 2595 1561 exposuerat,
2615 1496 2922 1566 quaestionis
2939 1498 3247 1556 incurrebat
3266 1502 3508 1569 occasio;
3537 1513 3595 1558 ut
3611 1520 3861 1575 oppone—

2258 1592 2407 1638 rctur
2431 1584 2694 1654 videlicet,
2728 1585 2980 1644 liberatas
3006 1605 3036 1645 a
3060 1590 3197 1662 lege,
3216 1608 3334 1663 qua:
3369 1592 3669 1649 intentabat
3698 1596 3857 1662 iram,

2257 1687 2475 1731 securos
2531 1691 2687 1746 posse
2730 1678 2829 1733 sub
2868 1680 3052 1751 gratice
3103 1680 3198 1738 Dei
3237 1681 3563 1756 benignitate
3604 1700 3857 1756 peccare,

2257 1764 2491 1822 subdidit
2537 1769 2775 1838 protinus
2808 1789 2819 1825 :
2857 1771 2992 1840 Quid
3019 1773 3182 1846 ergo?
3225 1776 3563 1846 peccabimus,
3609 1779 3862 1848 quoniam

2256 1876 2355 1915 non
2378 1878 2553 1916 sumus
2578 1862 2669 1917 sub
2700 1864 2826 1936 lege,
2849 1866 2937 1919 sed
2960 1864 3050 1921 sub
3076 1868 3283 1938 gratia?
3308 1866 3487 1924 Absit:
3509 1885 3578 1925 an
3605 1870 3864 1942 ignoratis

2255 1956 2494 2024 quoniam
2522 1956 2606 2010 cui
2646 1956 2887 2013 exhibctis
2930 1975 3014 2014 vos
3057 1972 3222 2016 sentos
3248 1962 3315 2016 ad
3342 1962 3699 2030 obediendnm,
3726 1966 3864 2019 servi

2254 2046 2373 2101 estis
2412 2049 2520 2120 ejus
2555 2048 2636 2102 cui
2666 2049 2921 2116 obedistis,
2944 2053 3047 2105 sive
3070 2054 3283 2123 peccati,
3312 2056 3413 2109 sive
3436 2055 3739 2112 obeditionis
3756 2057 3862 2127 ju-

2255 2138 2591 2213 stitiw(Rom.
2615 2156 2687 2205 vt,
2719 2142 2985 2214 15am)?
3010 2145 3196 2201 Jamnc
3219 2149 3265 2200 ei
3294 2146 3578 2213 credimus,
3603 2148 3674 2205 de
3698 2148 3867 2220 cujus

2256 2228 2569 2286 disseruerit
2597 2230 2854 2289 hactenus
2882 2236 3188 2292 conditione
3220 2240 3461 2308 peccati?
3505 2240 3617 2304 Cui,
3653 2240 3861 2312 inquit,

2256 2322 2499 2376 exhibetis
2526 2341 2611 2378 vos
2632 2340 2800 2382 servos
2827 2329 2895 2381 ad
2919 2326 3272 2398 obedientium,
3296 2333 3404 2401 ejus
3431 2333 3561 2386 servi
3586 2334 3726 2401 estis,
3750 2335 3865 2389 sive

2257 2415 2469 2481 peccati,
2510 2416 2612 2470 sive
2628 2416 2860 2489 justitiaz.
2887 2416 2990 2475 Ubi
3022 2420 3106 2474 hic
3136 2437 3263 2492 ergo
3295 2422 3557 2478 indicatur
3598 2423 3669 2478 ab
3706 2422 3864 2496 Apo-

2255 2506 2393 2563 stoio
2418 2520 2697 2579 peccatum
2737 2510 2888 2580 illud,
2921 2510 3063 2584 quod
3092 2524 3216 2570 ante
3260 2515 3549 2571 voluntatis
3580 2526 3861 2588 tempora,

2258 2611 2381 2658 ante
2429 2602 2789 2659 obedientium
2843 2605 3110 2674 studium,
3157 2617 3281 2664 ante
3331 2608 3571 2666 scientia:
3619 2618 3677 2666 et
3721 2626 3863 2668 con-

2256 2696 2495 2751 scientiae
2526 2697 2922 2767 :etalem,‘ipsis
2968 2696 3185 2770 ﬁngitur
3216 2700 3589 2771 supervolasse
3627 2704 3867 2759 semini-

2251 2782 2392 2842 bus?
2434 2786 2573 2858 quod
2597 2797 2742 2845 certe
2760 2789 2863 2845 nisi
2892 2791 2944 2846 in
2973 2791 3388 2848 Manichaeorum
3415 2792 3585 2861 libris,
3612 2794 3862 2854 inveniri

2256 2895 2361 2936 non
2388 2891 2583 2951 potest.

2326 2974 2458 3029 Auc.
2500 2972 2616 3029 Non
2671 2983 2794 3030 sunt
2845 2958 3254 3033 Manichazoritm
3306 2974 3448 3044 libri,
3489 2979 3579 3037 ubi
3624 2980 3860 3052 legitur,

2255 3058 2471 3119 Fuimus
2510 3066 2642 3118 enim
2684 3075 2731 3119 et
2766 3080 2857 3121 uos
2900 3076 3083 3122 natura
3128 3067 3226 3130 filii
3267 3070 3375 3137 ira,
3422 3071 3552 3125 sicut
3597 3081 3646 3127 et
3684 3075 3865 3128 austeri

2254 3154 2469 3226 (Ephes.
2502 3172 2559 3222 ιι,
2592 3157 2645 3227 5)
2670 3174 2681 3210 :
2710 3156 2882 3227 quodl
2915 3171 3009 3212 vos
3045 3173 3184 3214 novo
3214 3175 3385 3227 more,
3414 3161 3510 3216 sed
3558 3162 3861 3233 impuden—

2256 3246 2461 3302 tissimo
2504 3262 2617 3311 ore,
2663 3246 3088 3318 interpretamini
3118 3265 3185 3305 ex
3232 3265 3429 3322 graeco,
3456 3263 3515 3308 ut
3558 3254 3868 3324 Aposmlus

2255 3338 2454 3395 dixisse
2491 3339 2753 3405 videatur,
2790 3352 2893 3396 non
2941 3350 3162 3409 natura;
3195 3344 3291 3400 sed
3338 3360 3565 3416 prorsus,
3594 3348 3701 3404 hoc
3748 3360 3864 3417 est,

2254 3434 2445 3505 fuimus
2475 3450 2680 3505 prorsus
2712 3435 2808 3504 ﬁlii
2838 3440 2945 3490 ἔγω.
2978 3435 3043 3492 Εῑ
3069 3435 3207 3493 forte
3236 3437 3338 3495 hoc
3367 3438 3656 3496 emendare
3686 3441 3869 3499 aude-

2254 3527 2378 3582 bitis
2420 3528 2470 3582 in
2510 3528 2782 3584 codicibus
2821 3528 3053 3584 vestris:
3082 3546 3189 3586 non
3232 3530 3375 3587 enim
3413 3532 3573 3587 vultis
3614 3534 3861 3604 acquie-

2253 3635 2404 3675 st'crc
2424 3662 2439 3685 ,
2482 3621 2624 3691 quod
2653 3620 2752 3676 nisi
2779 3620 2915 3690 haec,
2944 3632 3145 3695 quanto
3169 3625 3369 3692 verior,
3400 3634 3551 3681 tanto
3575 3628 3871 3699 antiquior

2255 3712 2389 3767 ﬁdes
2420 3722 2580 3779 esset,
2612 3714 2714 3770 hoc
2752 3728 2940 3770 omnes
2968 3714 3120 3771 latini
3163 3715 3381 3793 codices
3423 3732 3526 3773 non
3559 3718 3869 3778 haberent.

2251 3800 2362 3861 Nec
2387 3806 2513 3861 ideo
2542 3815 2718 3862 tamen
2760 3808 3051 3879 Apostolus
3096 3820 3319 3866 monere
3346 3824 3451 3866 non
3480 3810 3685 3878 debuit,
3722 3813 3871 3870 obe-

2252 3901 2503 3956 diendum
2540 3900 2663 3958 esse
2686 3902 2931 3972 justitize,
2958 3917 3063 3958 non
3111 3911 3347 3975 peccato,
3376 3905 3497 3975 quia
3524 3920 3722 3962 omnes
3754 3906 3872 3966 ho-

2256 3994 2429 4048 mines
2472 3994 2571 4048 sub
2616 4002 2833 4064 peccato
2864 3996 3153 4058 nascimur,
3196 4008 3422 4066 quorum
3471 3997 3586 4066 ipse
3613 4006 3780 4054 ortus
3808 3999 3873 4054 in

2251 4087 2379 4141 vitio
2426 4084 2879 4159 est(Ambrosius,
2936 4087 3023 4142 lib.
3076 4076 3100 4143 1
3152 4086 3214 4143 de
3270 4087 3590 4155 Pwnitentia,
3646 4106 3777 4162 cap.
3830 4093 3877 4149 2

2252 4179 2328 4233 vel
2365 4175 2455 4252 5).
2498 4176 2630 4233 Cum
2657 4177 2799 4233 enim
2826 4178 3183 4249 generationis
3218 4188 3397 4235 reatus
3421 4183 3877 4251 regenerationis

2251 4271 2579 4344 indulgentia
2620 4268 2777 4325 fuerit
2807 4270 3101 4338 absolutus,
3130 4268 3486 4327 obedientium
3512 4281 3595 4328 est
3623 4272 3877 4343 iustitia:

2250 4364 2483 4437 spiritui,
2515 4360 2601 4421 cui
2644 4365 2970 4433 consentire,
3003 4381 3104 4421 nec
3141 4364 3495 4421 obediendum
3525 4372 3608 4420 est
3644 4381 3879 4425 concu-

2250 4458 2524 4531 piscentiae
2550 4446 2747 4525 carnis,
2778 4452 2964 4515 contra
2995 4468 3153 4529 quam
3191 4467 3398 4514 certare
3440 4458 3705 4515 debemus
3740 4480 3759 4517 :
3796 4463 3882 4520 ita

2250 4569 2381 4608 sane
2403 4563 2461 4607 ut
2486 4553 2656 4621 ipsam
2686 4568 2897 4623 quoque
2937 4540 3293 4608 obedientiam
3336 4550 3475 4622 piam
3516 4550 3727 4607 donum
3768 4553 3880 4611 Dei

2250 4660 2370 4701 esse
2416 4645 2836 4714 meminerimus,
2878 4644 3021 4715 quod
3069 4644 3313 4714 promisit
3359 4659 3455 4713 per
3500 4643 3880 4715 prophetam,

2248 4738 2453 4805 dicens,
2481 4738 2626 4793 Dabo
2654 4738 2725 4793 eis
2752 4757 2838 4793 τοι·
2860 4736 3195 4810 cognoscendi
3233 4748 3331 4803 rue,
3363 4748 3411 4793 et
3438 4755 3584 4794 aures
3625 4742 3843 4799 aadien
3860 4773 3881 4786 ι

2250 4841 2320 4887 tes
2362 4830 2580 4903 (Jerem.
2624 4848 2769 4898 xxw,
2810 4824 2916 4904 7):
2951 4828 3094 4904 quod
3141 4832 3267 4904 quid
3311 4842 3393 4889 est
3434 4831 3608 4901 aliud,
3661 4837 3879 4907 q'tnm,

2251 4924 2564 4979 obedientcs
2585 4924 2608 4977 ?

2320 5004 2597 5072 CCXXIX.
2629 5012 2747 5092 ius.
2783 5014 3044 5072 Cmterbm
3073 5006 3358 5089 Apostolus
3387 5016 3623 5073 ostendit
3655 5020 3731 5092 (si
3778 5033 3847 5080 ta
3870 5058 3888 5069 ο

2249 5126 2371 5166 men
2401 5111 2629 5181 aliquam
2656 5090 3049 5166 abkhomin’ibus
3078 5110 3177 5165 hac
3208 5119 3523 5179 tempestate
3549 5090 3723 5168 ﬁdem
3756 5117 3849 5174 im

2247 5206 2440 5279 petrat)
2465 5248 2482 5274 ,
2512 5220 2696 5264 servos
2736 5222 2795 5263 se
2826 5202 2931 5263 nun
2960 5188 3138 5261 dicere
3183 5205 3422 5277 peccati,
3455 5204 3557 5260 nisi
3584 5219 3686 5262 eos
3717 5223 3891 5280 quos

2247 5310 2457 5356 constat
2482 5298 2754 5356 voluntate
2774 5299 2990 5371 propria
3017 5297 3265 5354 obedisse
3291 5305 3529 5369 peccato,
3550 5298 3717 5368 cujus
3744 5318 3895 5361 mu-

2250 5393 2449 5449 talione
2469 5395 2490 5425 ⁸
2511 5435 2527 5460 ,
2560 5392 2612 5448 id
2638 5402 2753 5462 est,
2781 5388 3101 5461 voluntatis,
3133 5394 3411 5462 coeperunt
3441 5390 3650 5447 servire
3685 5392 3897 5464 justi-

2249 5487 2358 5543 tite.
2389 5470 2757 5565 Obedie‘ntiam
2776 5470 2916 5565 ergo
2944 5486 3009 5565 in.
3028 5478 3205 5541 medio
3230 5483 3546 5551 collocavit;
3575 5494 3634 5539 et
3662 5487 3724 5543 ei
3762 5490 3896 5547 im—

2249 5581 2454 5652 putavit
2474 5560 2614 5651 quod
2642 5578 2726 5635 vel
2747 5562 2889 5635 vitiis
2913 5560 3082 5650 prius,
3100 5578 3183 5634 vel
3207 5570 3389 5650 postea
3411 5576 3759 5637 studuerunt
3780 5597 3858 5655 pa
3882 5614 3899 5627 .

2248 5689 2370 5731 rere
2400 5671 2701 5728 virtutibus.
3110 5744 3113 5751 Α

2322 5769 2455 5823 Anc.
2502 5766 2601 5834 Qui
2640 5763 2912 5822 conﬁdunt
2952 5766 3006 5820 in
3042 5765 3238 5823 virtute
3274 5780 3369 5822 sua
3409 5760 3605 5838 (Psat.
3648 5782 3845 5829 ιινιιι
3874 5817 3904 5847 .

547 5002 646 5059 Dei
687 5004 981 5062 beneﬁcia’
1025 5010 1298 5066 consecuti
1342 5012 1490 5080 estis,
1520 5022 1575 5069 et
1600 5013 1857 5086 depositis
1901 5026 2142 5073 reatuum

545 5096 876 5170 ponderibus
921 5102 1253 5173 respirastis,
1301 5105 1531 5177 ingenuo
1582 5108 1784 5179 pudore
1830 5112 2142 5168 commoniti

546 5189 758 5248 debetis
780 5193 1008 5262 gratiam
1038 5196 1242 5253 referre
1266 5198 1573 5255 medicanti.

618 5284 757 5342 Avo.
799 5284 880 5341 Tu
909 5298 1090 5343 vestro
1132 5305 1305 5357 more,
1332 5292 1421 5361 qui
1449 5291 1518 5347 de
1550 5302 1729 5349 vestro
1756 5293 2032 5352 descendit
2057 5314 2142 5354 er-

542 5390 689 5444 rore,
714 5393 818 5433 non
844 5380 1351 5449 agnoscisgratiam
1378 5382 1481 5437 nisi
1520 5383 1574 5439 in
1610 5383 1923 5444 dimissionc
1952 5404 2142 5459 pecca-

543 5474 756 5535 torum;
791 5479 845 5524 ut
874 5470 985 5540 jam
1012 5471 1080 5528 de
1107 5480 1305 5529 caetero
1332 5488 1427 5544 per
1460 5474 1685 5532 liberum
1717 5479 1995 5537 arbitrium
2025 5483 2141 5552 ipse

544 5558 709 5616 homo
748 5576 807 5617 se
842 5563 1018 5635 ipsum
1064 5561 1286 5619 fabricet
1324 5566 1550 5637 justum.
1581 5567 1686 5625 Sed
1720 5583 1826 5627 non
1869 5571 1973 5630 hoc
2012 5575 2141 5632 dicit

546 5804 1386 5925 ﬂetsunt?t,tin,e‘tprabaturcrttte'rttessa;
1410 5804 1619 5873 etinfra,
1641 5804 1985 5869 simestﬁt't

606 5887 721 5979 f5sct’c
733 5887 990 5981 militiai
1013 5942 1034 5978 ι
1050 5941 1151 5993 aro,
1171 5931 1347 5996 gratia:
1369 5933 1626 6002 beneﬁcia;
1643 5941 1839 6004 onusso,
1868 5943 1973 5995 Dei.

2314 5887 2328 5914 ί
2354 5890 2401 5931 tn
2425 5889 2551 5941 Mss,
2578 5894 2708 5944 quos.

2314 5950 2332 5978 ²
2357 5950 2427 5994 Sic
2450 5947 2497 5995 in
2535 5952 2637 5995 MSS.
2664 5950 2708 5993 Et

2314 5950 2332 5978 τ
2357 5950 2427 5994 Sic
2450 5947 2497 5995 in
2535 5942 2637 5995 Mss.
2664 5942 2799 6003 editi,
2823 5942 3099 5997 imitatione.
