3950 6500
445 337 547 371 ως.

510 440 644 499 1247

452 562 459 569 '
511 551 745 610 nascitur
765 588 781 615 ,
809 561 917 605 non
941 545 1196 619 estquod
1219 546 1269 604 ei
1296 544 1633 618 praecipiatur
1652 584 1668 612 ,
1696 541 1798 599 nisi
1824 549 1882 599 ut
1919 554 2082 597 rena-

508 654 712 703 scatur.

575 733 902 793 CCXXX“.
933 733 1053 792 Jun.
1080 733 1283 792 Iustius
1310 734 1688 791 admoneretur
1709 730 1777 787 ab
1800 728 1885 786 his
1905 771 1922 797 ,
1951 741 2088 799 quos

507 827 794 885 emendare
834 826 1114 893 studebat,
1146 835 1204 882 ut
1228 833 1486 898 quantum
1516 825 1835 895 imperaret,
1880 835 2084 892 expen-

507 922 689 987 deret;
721 927 776 977 et
817 920 975 976 sciret
1001 919 1231 989 primum
1258 932 1379 975 esse
1403 916 1611 974 consilii
1638 915 1934 972 constantis
1961 928 2085 986 gra-

507 1011 655 1078 dum,
686 1010 897 1082 imperii
922 1009 1136 1066 modum
1164 1017 1364 1067 tenere.
1394 1010 1746 1064 Exauctorata
1769 1006 1966 1078 quippe
1991 1006 2086 1061 doc

498 1104 676 1157 'ctrina
699 1110 782 1159 est
798 1142 814 1169 ,
847 1117 1005 1173 quam
1030 1116 1136 1157 non
1159 1110 1337 1157 tuetur
1358 1100 1613 1172 aquilas;
1642 1108 1696 1155 et
1720 1099 1881 1171 plena
1904 1107 2087 1153 aucto-

507 1193 679 1249 ritatis
714 1194 774 1260 ¹,
805 1208 963 1264 quam
1005 1192 1225 1263 justitize
1270 1192 1405 1249 libra
1453 1189 1809 1247 commendat.
1857 1191 1935 1245 Ac
1988 1204 2087 1259 per

510 1285 646 1354 hoc,
682 1294 891 1342 constat
932 1286 1243 1357 Apostolum
1264 1326 1280 1353 ,
1331 1283 1685 1341 reverendam
1724 1282 2085 1339 Ecclesiarum

509 1375 910 1433 informatorem
931 1419 947 1443 ,
1004 1378 1264 1433 rationem
1320 1375 1610 1448 magisterii
1652 1374 1770 1441 sui,
1823 1373 2083 1440 consilio,

510 1473 789 1541 :equitate,
836 1470 1161 1528 humanitate
1204 1470 1545 1536 reddentem,
1576 1470 1705 1527 nihil
1743 1469 1812 1525 de
1855 1469 2081 1525 naturali

507 1562 742 1617 sensisse
762 1571 1011 1632 peccato;
1034 1563 1127 1619 sed
1145 1564 1458 1628 inculcasse,
1487 1570 1549 1616 ut
1578 1568 1818 1626 reserat,
1844 1568 1897 1617 et
1925 1560 2087 1615 vitio-

506 1665 624 1706 rum
653 1667 750 1707 nos
776 1668 959 1709 servos
984 1654 1192 1709 nonnisi
1226 1669 1321 1724 per
1343 1654 1667 1709 voluntatem
1695 1650 1892 1718 fuisse,
1922 1661 1976 1707 et
1994 1650 2086 1721 ju-

506 1743 662 1797 Stitia:
689 1758 784 1798 nos
808 1745 992 1799 eadem
1030 1759 1188 1815 posse
1208 1786 1223 1809 ,
1250 1744 1295 1798 si
1317 1743 1611 1814 corrigatur
1630 1783 1644 1808 ,
1670 1743 1944 1797 voluntate
1967 1757 2085 1797 ser-

504 1833 638 1889 vire.
665 1834 856 1889 Verum
879 1837 1127 1906 quoniam
1153 1837 1206 1891 in
1231 1836 1564 1904 expositione
1590 1835 1689 1890 loci
1712 1834 1872 1903 hujus
1897 1834 1971 1889 fui
1992 1833 2088 1888 ha-

506 1931 691 1978 ctenus
720 1938 1040 1996 occupatus,
1088 1936 1142 1980 ut
1187 1926 1521 1982 ostenderem
1568 1941 1662 1995 per
1686 1925 1910 1995 apostoli
1937 1925 2087 1980 Pauli

504 2015 665 2069 verba
694 2015 1010 2071 Manichzros
1036 2019 1163 2072 nihil
1193 2034 1350 2089 posse
1378 2017 1627 2085 defendi;
1654 2018 1928 2089 patuitque
1952 2031 2085 2073 con-

506 2117 651 2164 textu
695 2112 950 2165 orationis
976 2112 1090 2180 ejus
1118 2112 1313 2167 veritas
1332 2114 1355 2144 '
1372 2153 1387 2179 ,
1419 2128 1577 2183 quam
1606 2127 1701 2182 per
1724 2126 1884 2167 omne
1909 2110 2085 2168 dicto-

505 2214 624 2255 rum
652 2216 867 2257 suorum
894 2217 1087 2273 corpus
1115 2204 1422 2273 exsequitur
1454 2221 1466 2256 :
1499 2203 1588 2260 hic
1613 2205 1682 2258 sit
1722 2203 1939 2259 secundi
1968 2203 2088 2259 ﬁnis

506 2291 701 2359 libelli;
724 2309 828 2364 quo
855 2305 1029 2349 tamen
1050 2296 1351 2351 necessario
1368 2310 1789 2363 commonemus,
1810 2296 1940 2350 nihil
1955 2295 2089 2351 Tra-

506 2383 745 2438 ducianis
788 2396 979 2455 prmter
1007 2387 1385 2455 impudentiam
1416 2388 1772 2453 remansisse,
1801 2386 1925 2457 quia
1966 2402 2086 2442 cum

505 2490 566 2532 se
593 2479 971 2532 conﬁterentur
996 2479 1195 2534 nullum
1223 2480 1275 2534 in
1302 2478 1507 2535 ratione
1532 2478 1730 2534 habere
1757 2478 2085 2549 praesidium,

506 2565 576 2621 de
616 2566 857 2637 Apostoli
895 2554 1049 2621 dictis
1074 2609 1087 2632 ,
1128 2584 1244 2639 qua:
1289 2570 1530 2638 exposita
1574 2577 1734 2635 sunt,
1776 2576 1947 2623 totum
1986 2569 2086 2624 sibi

507 2658 752 2713 solatium
809 2659 1149 2714 vindicabant
1196 2677 1209 2713 :
1261 2670 1313 2715 et
1366 2662 1616 2731 quoniam
1668 2662 1896 2727 claruit,
1952 2660 2087 2716 nihil

507 2749 563 2805 in
603 2749 686 2805 his
728 2750 965 2806 deforme
990 2794 1004 2819 ,
1037 2752 1167 2807 nihil
1197 2768 1303 2808 non
1346 2755 1611 2809 sanctitati
1638 2764 1691 2810 et
1718 2754 1909 2808 rationi
1952 2767 2086 2808 con-

505 2843 743 2899 sentiens
771 2843 931 2899 fuisse
976 2847 1379 2917 praescriptum;
1412 2855 1631 2916 apparet
1673 2846 1932 2901 cecidisse
1960 2860 2087 2901 sen-

506 2938 769 3006 tentiam,
818 2953 976 3008 quam
1022 2947 1075 2993 et
1117 2940 1253 2993 ratio
1291 2955 1412 2993 cum
1457 2940 1636 2994 multis
1682 2938 2088 2994 auctoritatibus

508 3029 924 3099 Scripturarum,
966 3039 1020 3086 et
1046 3045 1164 3102 quae
1190 3030 1246 3085 in
1274 3030 1384 3086 Deo
1416 3029 1489 3103 (a)
1521 3038 1604 3086 est
1627 3072 1643 3097 ,
1683 3031 1869 3101 religio
1890 3030 2088 3086 Catho-

505 3118 729 3177 "eorum
778 3121 1022 3191 proruit,
1053 3128 1108 3177 et
1147 3121 1257 3193 jam
1291 3122 1393 3177 loci
1422 3122 1578 3178 istius
1605 3122 1786 3192 opinio
1816 3137 1921 3177 non
1970 3130 2085 3179 tue-

506 3219 594 3267 tur
631 3211 671 3266 ³.

575 3304 711 3361 Auc.
744 3305 979 3375 Apparet
1004 3304 1251 3360 omnibus
1278 3302 1368 3376 qui
1394 3319 1525 3361 sano
1547 3306 1719 3377 capite
1746 3314 1904 3378 atque
1930 3307 2087 3364 intel-

504 3396 730 3467 ligenter
770 3395 885 3453 hmc
926 3397 1139 3468 legunt,
1182 3412 1304 3453 cum
1332 3405 1519 3452 contra
1546 3398 1741 3465 verba,
1774 3414 1881 3453 non
1922 3399 2088 3470 magis

505 3503 657 3553 mea,
688 3504 845 3559 quam
885 3489 1025 3544 beati
1054 3491 1291 3559 Apostoli
1311 3532 1327 3558 ,
1357 3491 1525 3546 multa
1568 3499 1655 3546 tua
1685 3491 1892 3549 diceres
1912 3534 1927 3559 ,
1956 3494 2089 3549 nihil

505 3589 562 3635 te
603 3580 871 3637 invenisse
910 3582 1050 3652 quod
1082 3582 1325 3647 diceres;
1354 3594 1407 3639 et
1432 3591 1671 3640 tortuose
1713 3586 2088 3655 strepitu‘1o-

570 3746 597 3820 *_
612 3746 751 3807 Editi,
773 3750 820 3820 et
849 3746 991 3810 plena
1025 3746 1285 3799 auctoritas
1305 3752 1391 3799 est.
1417 3748 1734 3811 Manusa-ipti,
1760 3746 2092 3812 auctoritatis;

505 3814 946 3941 oq‘jstgmegﬁditi
966 3883 1099 3931 vero,
1123 3877 1326 3934 putaque
1347 3871 1474 3936 quod
1498 3876 1720 3923 contextu
1740 3871 1970 3923 orationis
1989 3873 2094 3935 ejus

504 3938 679 4060 mut;
698 3938 888 4060 iis?“
913 3994 1046 4051 editi,
1082 3994 1251 4059 religio
1271 3994 1621 4046 catholicorum
1659 3994 1889 4060 pervicit;
1911 4001 1957 4047 et
1982 3996 2095 4059 jam

507 4052 663 4103 locum
683 4053 840 4116 opinio
864 4067 957 4103 non
980 4061 1153 4104 tuetur.

568 4117 591 4182 ξ
626 4116 761 4182 editi,
786 4121 831 4164 et
852 4122 945 4182 toto
967 4129 1046 4166 vos
1067 4115 1286 4179 strepitu.
1313 4118 1632 4168 Emendantur
1654 4130 1683 4167 a
1704 4120 2056 4182 manuscriptis.

569 4177 641 4239 (a)
676 4184 830 4238 Forte,
851 4176 902 4226 in
925 4184 1095 4227 Deum.

520 4300 2036 4327 _—-—————-——-———.—d

1176 428 1422 487 OPERIS
1460 425 1869 490 IMPERFECTI
1905 424 2086 483 CONT

2215 420 2576 491 JULIANUM,
2612 420 2675 479 S.
2715 419 3079 483 Αυσιιετιιιι

3624 423 3772 488 ms

2190 538 2470 611 quacitatis
2507 538 2713 610 egisse,
2743 546 2800 594 ut
2839 538 2919 595 eis
2956 539 3046 612 qui
3071 550 3180 595 non
3203 536 3532 613 intell'gum,
3557 539 3769 602 dixisse

2190 632 2387 704 aliquid
2427 632 2703 689 videreris.
2732 631 2919 689 Velitis
2959 634 3138 690 nolitis
3155 675 3171 702 ,
3198 633 3302 691 Per
3324 652 3481 692 unum
3508 636 3768 694 hominem

2190 734 2449 797 peccatum
2470 725 2674 780 intravit
2696 726 2751 780 in
2774 725 3032 792 mundun,
3063 736 3111 781 et
3132 742 3221 799 per
3238 737 3497 800 peccatum
3524 744 3696 796 mors;
3718 740 3771 785 et

2188 817 2262 872 ita
2289 818 2343 872 in
2366 833 2537 873 omnes
2555 817 2780 873 homines
2798 818 3087 890 pertransiit
3110 817 3283 891 (Rom.
3308 835 3364 888 ν,
3385 820 3497 891 12).
3522 818 3663 889 Quid
3684 831 3771 877 est

2189 912 2281 979 ita,
2312 909 2415 966 nisi
2439 925 2535 982 per
2561 918 2855 982 peccatum,
2885 927 2992 968 non
3012 913 3129 968 sine
3149 913 3401 984 peccato?
3416 912 3604 985 Neque
3626 914 3770 971 enim

2190 1006 2541 1077 pertransiret
2571 1020 2717 1061 mors
2736 1048 2752 1073 ,
2783 1007 2886 1063 nisi
2910 1006 3136 1064 ducente
3159 1016 3376 1080 peccato
3406 1025 3420 1062 :
3452 1023 3606 1065 mors
3626 1010 3771 1065 enim

2191 1104 2468 1168 peccatum
2491 1097 2765 1170 sequitur,
2798 1113 2904 1154 non
2930 1098 3200 1169 praecedit.
3229 1100 3363 1157 Hinc
3386 1109 3509 1156 sunt
3530 1101 3551 1134 ⁸
3581 1115 3768 1159 omnes

2190 1188 2420 1243 miseriae
2447 1189 2749 1244 mortalium
2770 1207 2801 1243 a
2820 1190 2904 1244 die
2925 1191 3087 1245 eaitus
3113 1191 3177 1245 de
3194 1198 3360 1247 uentre
3376 1193 3553 1247 matris
3572 1208 3767 1261 eorum,

2191 1281 2329 1338 sicut
2355 1283 2611 1351 scriptum
2651 1291 2735 1338 est
2775 1283 2962 1355 (Eccli.
2991 1300 3090 1350 ιιι,
3125 1285 3198 1356 l).
3228 1285 3371 1352 Quas
3396 1287 3648 1344 miserias
3673 1302 3770 1343 vos

2190 1389 2313 1430 cum
2337 1375 2453 1430 sine
2480 1375 2590 1431 ullo
2625 1384 2842 1446 peccato
2868 1377 3111 1433 accidere
3131 1378 3305 1435 dicitis
3325 1381 3567 1451 parvulis
3586 1423 3602 1446 ,
3630 1382 3769 1453 inju-

2190 1476 2331 1523 stum
2358 1469 2526 1524 Deum
2552 1485 2675 1525 vere
2699 1485 2795 1525 vos
2814 1472 2835 1503 ³
2862 1470 3065 1537 facitis;
3095 1470 3412 1529 Manichaaos
3433 1483 3620 1530 autem
3646 1474 3769 1531 hor-

2190 1559 2418 1615 ribiliter
2433 1559 2709 1630 adjuvatis.
2727 1559 2809 1615 llli
2825 1562 2989 1629 enim,
3008 1576 3077 1617 ne
3090 1561 3287 1619 faciant
3301 1562 3558 1634 injustam
3577 1564 3762 1632 Deum,

2190 1649 2319 1705 istas
2348 1650 2590 1706 miserias
2616 1665 2646 1705 a
2678 1651 2953 1707 nativitate
2990 1652 3291 1708 mortalium
3315 1653 3640 1709 immutabili
3674 1670 3770 1711 na-

2191 1749 2325 1795 tura:
2354 1742 2479 1796 mali
2505 1750 2559 1797 et
2577 1741 2647 1797 ab
2672 1743 2777 1797 alio
2803 1743 3063 1814 principio
3085 1744 3317 1800 venienti
3345 1745 3662 1801 substantia
3681 1746 3773 1801 tri-

2189 1831 2361 1887 buunt
2403 1832 2740 1888 tenebrarum
2774 1851 2787 1888 :
2821 1850 2955 1906 quos
2998 1835 3190 1906 impios
3216 1835 3375 1891 simul
3412 1844 3468 1892 et
3491 1851 3593 1892 vos
3633 1836 3773 1908 ipsos

2190 1924 2355 1979 vincit
2376 1924 2636 1981 catholica
2656 1925 2811 1993 ﬁdes,
2828 1941 2947 1997 quae
2971 1926 3071 1981 ista
3094 1928 3271 1982 omnia
3293 1936 3511 1997 peccato
3530 1928 3555 1960 ³
3585 1927 3663 1983 illi
3681 1928 3773 1984 tri-

2190 2014 2324 2083 buit,
2341 2015 2481 2086 quod
2506 2032 2572 2071 ex
2588 2017 2744 2087 primi
2768 2017 3000 2073 hominis
3012 2019 3284 2074 voluntate
3302 2018 3520 2074 intravit
3542 2019 3599 2074 in
3619 2034 3773 2075 mun-

2190 2106 2317 2162 dum
2350 2125 2363 2160 :
2396 2108 2538 2179 quod
2578 2120 2759 2166 secuta
2788 2120 2872 2166 est
2897 2126 3041 2167 mors
3065 2112 3225 2167 etiam
3249 2111 3386 2179 ista,
3416 2127 3539 2184 qua:
3583 2112 3771 2184 fngaus

2190 2203 2440 2269 animam,
2470 2218 2664 2274 corpus
2687 2204 2981 2271 interimit;
3009 2219 3169 2277 quam
3195 2220 3293 2262 vos
3313 2204 3540 2274 homini,
3562 2206 3774 2263 etiamsi

2189 2307 2297 2348 non
2323 2302 2612 2363 peccasset,
2634 2293 2808 2351 dicitis
2835 2296 3146 2353 naturaliter
3164 2295 3330 2353 fuisse
3343 2306 3648 2353 venturam.
3663 2297 3774 2354 Un-

2190 2386 2258 2443 de
2274 2388 2531 2458 sequitur,
2551 2396 2610 2443 ut
2629 2403 2733 2444 non
2755 2389 2926 2445 solum
2943 2390 3086 2445 illam
3112 2391 3450 2461 imperiosam
3470 2391 3767 2459 libidinem,

2166 2497 2293 2552 .qua
2314 2482 2533 2536 nimium
2554 2482 2924 2549 delectamini;
2952 2499 3135 2539 verum
3156 2484 3316 2540 etiam
3338 2484 3772 2540 molestissimam

2191 2577 2393 2633 febrem
2414 2618 2430 2645 ,
2459 2585 2789 2648 caterosque
2831 2577 3249 2635 innumerabiles
3295 2577 3546 2644 morbos,
3579 2576 3773 2648 quibus

2191 2671 2431 2727 videmus
2453 2669 2680 2727 afﬂictos
2705 2672 2951 2741 parvulos
2979 2671 3182 2737 emori,
3207 2671 3266 2726 in
3293 2669 3542 2742 paradiso
3566 2668 3775 2724 futuros

2191 2761 2356 2818 fuisse
2397 2762 2618 2829 dicatis,
2666 2762 2873 2818 etiamsi
2920 2776 3078 2818 nemo
3107 2767 3415 2832 peccasset;
3462 2761 3585 2831 quia
3614 2758 3772 2815 siue‘

2192 2856 2350 2912 ullius
2376 2856 2577 2926 peccati
2597 2857 2790 2911 merito
2811 2855 2925 2911 haec
2952 2856 3154 2925 perpeti
3178 2856 3425 2925 parvulos
3448 2853 3650 2909 dicitis.
3675 2852 3777 2909 Co-

2192 2950 2370 3006 hibete
2395 2966 2489 3007 vos
2507 2991 2522 3017 ,
2550 2964 2732 3022 quaeso
2749 2990 2764 3015 ,
2792 2964 2915 3005 cum
2940 2948 3086 3005 falsis
3122 2957 3178 3004 et
3198 2948 3383 3019 jnoxiis
3420 2945 3668 3002 laudibus
3691 2960 3779 3001 ve-

2191 3044 2353 3108 stris;
2380 3042 2625 3098 cohibete
2648 3056 2745 3097 vos
2769 3042 2836 3096 ab
2863 3040 3152 3097 infantibus
3180 3049 3235 3096 et
3260 3040 3576 3119 lactentibus
3595 3081 3612 3106 ,
3644 3053 3778 3109 quos

2193 3144 2444 3205 tanquam
2488 3133 2621 3189 nihil
2647 3133 2774 3189 mali
2801 3133 3089 3201 habentes,
3116 3132 3322 3189 crudeli
3364 3146 3550 3187 errore
3593 3129 3778 3186 lauda-

2194 3227 2262 3282 tis
2293 3243 2307 3280 :
2339 3226 2405 3280 ad
2447 3224 2717 3280 Christum
2739 3222 3082 3279 liberatorem
3108 3224 3291 3278 venire
3318 3220 3626 3278 liberandos
3650 3236 3777 3291 par-

2194 3319 2345 3375 vulos
2371 3318 2562 3385 sinite;
2608 3318 2856 3374 miseram
2882 3324 3126 3372 naturam
3145 3356 3161 3384 ,
3188 3331 3348 3387 quam
3371 3314 3577 3370 vitiavit
3617 3314 3779 3369 homo

2195 3416 2432 3486 primus,
2479 3421 2539 3469 ut
2564 3422 2715 3468 sanet
2742 3411 2902 3469 homo
2943 3409 3243 3475 secundus,
3275 3408 3400 3465 victi
3440 3406 3777 3478 correctique

2195 3508 2484 3580 permittite
2513 3505 2556 3559 ⁸.

2259 3623 2277 3654 ³
2301 3620 2545 3683 Editi,Hic
2572 3619 2809 3671 nonum.
2834 3614 3174 3678 umquam
3193 3619 3337 3677 sinu;
3358 3612 3546 3676 absque
3565 3614 3782 3673 negante

2194 3682 2442 3749 particula.
2852 3744 2864 3756 .

2259 3747 2625 3812 {Mithram
2641 3755 2737 3812 vos.
2761 3748 2926 3805 Aptius
2941 3747 3071 3800 Mss,
3093 3751 3203 3812 uere
3225 3750 3323 3788 vos.
3354 3811 3359 3812 γ
3410 3798 3420 3810 ,

2261 3810 2282 3874 9
2304 3815 2353 3874 ιιι
2379 3801 2539 3867 editis,
2798 3801 2861 3855 Ex
2881 3802 3217 3874 manuscriptis
3230 3801 3550 3857 correximus,
3568 3801 3782 3861 pacato.

2258 3870 2282 3903 ⁸
2304 3873 2376 3920 Sic
2395 3876 2502 3919 Mss.
2528 3868 2584 3918 At
2606 3868 2739 3932 editi,
2764 3868 2902 3932 quasi
2918 3876 3023 3932 nec.

2260 3934 2283 3966 ⁵
2314 3935 2396 3982 Hic
2430 3929 2639 3980 Menardi
2664 3920 2932 4039 exemplar,
2966 3923 3273 3996 bibliotheca:
3309 3934 3441 3993 nupc
3474 3920 3783 3989 Comet-tinge,

2260 3996 2393 4039 sinit.
2418 3994 2550 4039 ﬁnito
2572 3992 2785 4039 secundo
2826 3993 2931 4039 ibro
2962 3988 3252 4039 subiremus:
3281 3994 3388 4039 L69:
3409 3994 3559 4032 nonas
3580 3988 3783 4031 mortem

2197 3996 2393 4052 desinit,
2418 3994 2550 4042 finito
2572 3992 2785 4055 secundo
2807 3988 2931 4055 libro
2962 3988 3252 4055 subjicieus:
3281 3988 3388 4055 (egi
3409 3994 3559 4055 nonus

2200 4039 2545 4123 metu
2559 4039 2807 4123 meum
2830 4039 3108 4123 ηφςςιεειεηι
3130 4039 3454 4123 ιτςςιεςίῄειίης
3482 4039 3789 4123 meas:

2202 4118 2285 4167 ber
2307 4117 2561 4167 secundus.
2584 4116 2741 4163 Verba
2762 4121 2875 4164 sunt
2897 4112 3026 4161 ibiss
3058 4106 3261 4157 forsitan
3280 4106 3461 4157 calamo
3481 4106 3682 4167 scripta,
3706 4106 3787 4166 qui

2201 4180 2452 4243 exemplar
2474 4178 2594 4228 illud
2615 4179 2774 4239 ipsum
2793 4174 3093 4237 recognovit.

2043 4289 3791 4325 __________________________..

1504 4385 1971 4493 LIBER
2054 4380 2761 4492 TERTIUS.

568 4549 812 4620 Excutitur
836 4550 1017 4620 tertius
1030 4548 1155 4599 liber
1176 4546 1353 4620 Juliaui
1362 4561 1374 4597 :
1393 4560 1448 4598 ac
1470 4550 1675 4620 primum
1698 4548 1969 4620 ostenditur
1992 4560 2120 4620 eum,
2145 4546 2816 4620 scriptumrmn‘testimoniis,
2850 4546 3209 4620 Deuteronomii
3232 4543 3419 4620 scilicet

3542 4538 3613 4589 ite
3649 4537 3793 4602 vige-

508 4611 627 4659 simo
649 4617 838 4672 quarto,
865 4610 973 4660 libri
999 4619 1177 4673 Regum
1201 4611 1357 4673 quarti
1381 4608 1539 4672 capite
1560 4610 1749 4673 decimo
1768 4618 1938 4673 quarto
1961 4617 2011 4659 et
2033 4608 2291 4673 Ezechielis
2306 4612 2461 4672 mpite
2480 4610 2668 4673 decimo
2690 4614 2859 4657 octavo
2891 4623 3126 4673 perverse
3146 4608 3620 4673 abuti,__utstladel‘_c
3640 4612 3794 4673 9909-

508 4678 623 4741 tu_r,i
638 4660 890 4741 parentum
914 4660 1240 4741 peceai'aiiliis
1261 4685 1356 4722 non
1378 4685 1405 4721 a
1428 4660 1527 4721 ﬁco
1547 4670 1644 4720 ulla
1663 4660 2095 4741 impu'tari.nlp511m
2115 4672 2294 4741 deinde
2318 4660 2553 4741 incassum
2594 4660 2913 4741 labprarehu‘t
2934 4672 2997 4741 ab
3020 4683 3081 4741 eo
3116 4683 3173 4721 se
3197 4660 3419 4741 explicet

506 4732 567 4782 ad
589 4724 834 4798 Belua-os,
858 4724 1016 4796 capite
1037 4734 1306 4794 undecimo,
1332 4748 1419 4797 per
1441 4747 1589 4796 quem
1612 4724 1881 4798 evertenda
1902 4724 2028 4783 foret
2048 4736 2314 4795 reSponsio,
2337 4748 2433 4798 qua
2458 4735 2503 4798 in
2526 4733 2779 4798 superiore
2820 4724 2947 4798 libro
2977 4739 3237 4796 tantOpere
3266 4724 3796 4798 inculcavitnideqnah

508 4792 732 4867 Apostolo
749 4792 1076 4867 dictumucsse
1097 4808 1262 4867 unum,
1281 4792 1373 4867 per
1396 4792 1541 4867 quem
1564 4796 1783 4867 transivit
1804 4803 2070 4857 peccatum,
2096 4792 2161 4844 ne

508 4854 795 4929 secundi‘dme
814 4858 993 4917 Nuptiis
1016 4862 1067 4904 et
1089 4854 1495 4929 concupiscentia,
1519 4857 1686 4920 inique
1706 4854 1857 4929 agej'e
1879 4870 1990 4906 cum
2015 4869 2174 4929 angus

2182 4784 2435 4905 generatio
2456 4784 2702 4845 sineretur
2724 4793 2948 4856 intelligi.
2975 4784 3140 4866 Postea
3172 4802 3428 4863 reversum
3442 4787 3508 4861 'ad
3532 4786 3661 4835 dicta
3684 4784 3795 4857 libri

2174 4864 2192 4905 t
2214 4871 2274 4905 no
2297 4858 2524 4905 eumdem
2546 4855 2800 4905 Julianum.
2829 4857 2911 4905 aui
2934 4858 2994 4904 ab
3015 4854 3101 4904 illo
3118 4862 3170 4905 et
3190 4855 3399 4902 hominis
3420 4851 3634 4898 liberum
3670 4849 3795 4897 arbi-

2214 4871 2274 4905 no
2297 4858 2524 4907 eumdem
2546 4855 2800 4913 Julianum,
2829 4848 2911 4917 qui
2934 4858 2994 4904 ab
3015 4854 3101 4904 illo
3118 4862 3170 4905 et
3190 4852 3399 4917 hominis
3420 4851 3634 4917 liberum
3670 4848 3797 4897 arbi-

508 4917 655 4982 trium
667 4923 730 4982 et
752 4910 904 4982 Deum
927 4919 1228 4966 nascentium
1248 4910 1547 4982 condimrem
1571 4910 1764 4980 negari:
1783 4919 1948 4982 denuo
1967 4910 2216 4982 queritur;
2243 4922 2423 4982 quique
2448 4919 2646 4981 insuper
2665 4933 2773 4968 cum
2792 4910 2931 4967 illius
2952 4918 3093 4982 dictis
3112 4915 3391 4982 haereticam
3412 4910 3680 4982 quamdam
3708 4916 3797 4958 lla-

508 4977 676 5053 nicbzei
703 4977 951 5053 epistolam
974 4991 1268 5053 comparans,
1292 4993 1385 5053 nor}
1403 4976 1494 5027 alia
1513 4976 1664 5053 quani
1678 4976 1790 5053 quas
1809 4980 1936 5053 apud
1956 4976 2529 5053 Mariiphajum'legimtur,
2549 4976 2943 5053 argumentorum
2961 4981 3070 5030 vice
3092 4977 3323 5041 objectari
3341 4989 3370 5025 a
3389 4979 3555 5037 sancto
3568 4979 3795 5030 Doctore,

508 5039 571 5087 ab
593 5051 753 5101 eoque
776 5040 978 5101 perinde
999 5039 1147 5103 atque
1163 5052 1193 5089 a
1212 5040 1467 5089 Manichmo
1484 5039 1709 5089 naturam
1721 5039 1966 5090 hominum
1988 5041 2160 5091 malam
2183 5039 2476 5104 pronuntiari
2497 5039 2830 5092 calumniatur.

590 5254 630 5307 Ι.
670 5249 945 5307 Ιιιιιιιιιυε.
993 5248 1313 5319 Oportuerat
1364 5248 1575 5318 quidem
1628 5248 1766 5319 apud
1807 5247 2096 5306 humanum

520 5360 688 5419 genus
717 5343 1076 5399 reverentiam
1108 5342 1344 5396 omnium
1372 5341 1549 5412 vigere
1592 5345 1843 5396 virtutum
1883 5359 1897 5396 :
1940 5354 2097 5408 opor-

513 5446 685 5494 tuerat
728 5436 905 5492 resisti
943 5435 1168 5507 sapienti
1217 5449 1431 5505 semper
1463 5436 1478 5466 ¹
1520 5442 1701 5489 mente
1743 5434 2093 5500 criminibus,

511 5526 843 5585 etdemereri
866 5526 1020 5582 bonis
1042 5525 1231 5581 studiis
1255 5524 1557 5580 Conditoris
1580 5526 1810 5580 favorem
1839 5544 1850 5580 :
1879 5526 2095 5596 dignum

512 5630 628 5676 erat
655 5627 947 5690 postremo,
977 5626 1037 5672 ut
1064 5618 1185 5689 quia
1214 5618 1301 5673 hic
1328 5618 1597 5673 continuae
1623 5617 1921 5673 devotionis
1950 5618 2097 5687 prior

512 5720 570 5768 et
592 5711 797 5766 {elicior
822 5711 1016 5783 gradus
1042 5727 1162 5767 cum
1188 5727 1360 5777 rarus,
1392 5722 1501 5767 tum
1527 5711 1726 5767 arduus
1746 5712 1905 5767 etiam
1937 5712 2095 5767 nimis

510 5804 723 5861 videtur
743 5845 761 5871 ,
788 5802 876 5860 vel
903 5802 994 5862 diu
1023 5803 1129 5861 fota
1152 5802 1281 5860 vitia
1309 5806 1508 5877 respui,
1540 5812 1594 5859 et
1617 5803 1683 5858 ad
1711 5802 2095 5865 emendationis

468 6003 474 6009 ~
576 5915 1781 5983 ινιεωαὶῃῆωνὶειιιὶηιεηιωοωίδεοηειηρετ.

2200 5262 2262 5302 ac
2304 5250 2628 5318 paenitentia:
2682 5250 2986 5320 prrrsidium
3035 5247 3218 5302 rediri.
3279 5244 3601 5313 Oportuerat
3652 5253 3799 5299 certe

2204 5343 2286 5398 vel
2317 5343 2368 5396 in
2399 5343 2499 5398 hoc
2526 5343 2881 5398 inviolabilem
2911 5342 3006 5397 Dei
3043 5353 3259 5395 manere
3291 5338 3650 5392 reverentiam
3676 5378 3690 5401 ,
3737 5345 3792 5389 ιιι

2205 5451 2310 5491 non
2337 5436 2490 5492 nobis
2519 5449 2661 5491 esset
2685 5451 2903 5492 necesse
2932 5435 3164 5490 divinam
3195 5436 3369 5506 legem
3414 5443 3566 5491 tanto
3617 5434 3794 5488 vindi-

2204 5544 2329 5585 care
2358 5530 2646 5585 certamine
2677 5530 2694 5561 ί
2726 5548 2739 5583 :
2771 5544 2957 5585 verum
2988 5529 3111 5599 quia
3141 5545 3206 5584 eo
3234 5545 3403 5599 usque
3455 5530 3793 5599 peccantium

2204 5621 2384 5676 furore
2440 5628 2747 5691 perventum
2807 5628 2909 5685 est,
2941 5629 3000 5674 nt
3050 5621 3271 5674 summis
3313 5621 3586 5675 laboribus
3628 5621 3794 5674 Deum

2198 5716 2401 5786 justum
2427 5729 2545 5770 esse
2569 5714 2873 5777 doceamus,
2901 5717 3069 5784 ipsius
3093 5715 3334 5784 justitim,
3369 5716 3523 5784 cujus
3545 5730 3707 5769 causa
3730 5729 3788 5768 a-

2202 5809 2342 5878 gitur
2384 5815 2765 5877 praesumentes
2788 5807 3039 5861 auxilium
3066 5848 3080 5870 ,
3124 5823 3241 5877 qua:
3267 5808 3404 5862 lihro
3449 5809 3794 5878 promisimus

2269 5915 2286 5945 ι
2306 5914 2595 5975 vign,erius,
2611 5912 3013 5965 dissentientibus
3033 5916 3386 5976 manuscriptis.
3425 5911 3657 5966 criniue.
