3950 6472
147 431 299 491 1249

145 545 497 622 prendente
523 540 826 599 reddamus.

222 642 583 697 Ancus'rums.
626 632 898 690 Auxilium
948 628 1043 685 Dei
1076 625 1276 700 quaeris
1314 632 1374 680 ut
1422 619 1742 694 impleantur

150 734 277 788 vani
305 731 428 788 libri
457 728 566 795 tui;
595 736 652 784 et
685 741 795 782 non
817 723 1034 795 quieris,
1064 729 1125 776 ut
1149 717 1483 789 corrigantur
1507 708 1748 784 perversi

148 839 352 883 sensus
375 821 471 878 tui.
510 818 716 876 Vellem
746 826 920 873 tamen
942 813 1173 879 diceres,
1192 816 1409 880 propter
1424 803 1549 876 quid
1568 802 1623 858 in
1647 800 1750 856 hoc

152 931 326 987 apere
361 912 620 970 auxilium
642 910 737 966 Dei
766 922 976 980 poscas,
1009 919 1130 961 cum
1169 901 1239 957 sit
1262 900 1318 955 in
1345 908 1435 954 tuo
1465 897 1635 952 libero
1661 908 1745 949 ar-

160 984 327 1069 bitrio
353 1009 472 1064 sive
501 1006 675 1062 facere
700 1004 821 1071 hoc,
851 1002 966 1061 sive
991 1013 1098 1055 nou
1125 996 1327 1054 facere.
1360 993 1442 1048 An
1470 998 1524 1046 ut
1550 1004 1614 1045 ca
1657 984 1752 1042 tibi

164 1111 372 1175 )rtesto
401 1100 530 1168 sint,
557 1115 676 1170 qua:
703 1097 758 1153 in
796 1102 1054 1167 potestate
1085 1102 1173 1149 tua
1212 1104 1320 1146 non
1358 1094 1502 1153 sunt,
1546 1093 1601 1140 et
1637 1081 1756 1137 sine

167 1196 360 1266 ruibus
391 1195 497 1250 hoc
522 1192 662 1249 effici
690 1205 797 1247 non
817 1195 1026 1261 potest;
1050 1185 1193 1242 sicut
1218 1190 1365 1249 sunt,
1391 1188 1450 1234 ut
1473 1177 1580 1233 alia
1604 1175 1753 1230 omit-

164 1297 293 1354 tam,
325 1287 447 1357 ipse
472 1285 641 1341 victus
669 1292 830 1354 atque
858 1280 1025 1336 otium
1051 1278 1075 1331 ?
1101 1276 1171 1332 At
1194 1274 1309 1330 inec
1351 1286 1490 1344 pene
1540 1281 1756 1337 semper

163 1379 310 1437 Deus
338 1395 444 1451 per
467 1379 769 1435 voluntates
797 1374 951 1432 nobis
976 1370 1344 1429 subministrat
1373 1367 1619 1423 aliorum.
1662 1362 1755 1418 Vi-

165 1473 261 1530 des
304 1488 440 1548 ergo
481 1473 535 1529 id
577 1479 631 1528 te
669 1484 893 1543 poscere
933 1467 1002 1523 ab
1045 1464 1410 1535 omnipotente
1456 1460 1588 1526 Deo,
1635 1472 1761 1513 cum

164 1575 391 1638 propter
418 1562 717 1636 immendos
762 1571 883 1618 tuos
919 1559 1086 1616 libros
1112 1555 1289 1628 poscis
1312 1552 1590 1617 auxilium,
1622 1548 1758 1604 utin

164 1659 534 1720 voluntatibus
551 1655 852 1722 hominum,
881 1651 1025 1725 quod
1056 1659 1108 1707 te
1147 1648 1381 1719 adjuvet,
1427 1651 1484 1701 et
1527 1641 1669 1715 quod
1707 1648 1763 1698 te

170 1771 280 1814 non
306 1752 585 1826 impediat,
616 1758 886 1822 operetur.
916 1746 1050 1802 Nam
1078 1743 1125 1799 si
1155 1742 1326 1798 nolint
1363 1739 1610 1795 homines
1662 1733 1758 1790 tibi

172 1847 370 1906 viuum
406 1843 812 1903 subministrare
844 1845 1191 1910 sumptusque
1205 1838 1576 1904 congruentes,
1603 1828 1647 1883 si
1668 1841 1765 1882 no-

172 1939 271 1995 lint
289 1947 565 2010 postremo
578 1952 607 1991 a
625 1943 682 1991 te
695 1929 1038 2005 inquietando
1055 1924 1495 1999 impediendoque
1515 1934 1727 1977 cessare
1745 1933 1761 1983 ;

172 2030 435 2097 scribere,
459 2028 546 2084 vel
563 2027 766 2083 dictare
788 2025 889 2080 ista
919 2037 1024 2079 non
1052 2018 1272 2091 poteris.
1297 2017 1494 2087 Speras
1518 2026 1647 2085 ergo
1671 2026 1766 2066 au-

172 2123 297 2179 xilio
321 2121 424 2178 Dei
453 2121 532 2177 sic
553 2119 637 2190 agi
666 2117 941 2174 hominum
956 2115 1256 2171 voluntates
1281 2108 1421 2165 inter
1445 2121 1579 2179 quos
1608 2104 1766 2174 vivis,

174 2224 233 2271 ut
263 2215 361 2271 tibi
404 2211 767 2270 necessarium
802 2208 935 2265 nihil
978 2205 1136 2263 desit.
1168 2204 1392 2260 Paratur
1417 2198 1561 2256 enim
1585 2194 1768 2271 (quod

177 2323 281 2363 non
313 2305 543 2362 creditis
577 2303 597 2374 )
630 2303 883 2359 voluntas
920 2314 954 2354 a
995 2296 1220 2353 Domino
1248 2291 1269 2365 (
1305 2291 1463 2347 Prov.
1508 2304 1622 2356 vni,
1664 2302 1766 2342 sec.

179 2397 321 2455 LXX
350 2396 401 2469 ).
434 2397 543 2451 Aut
569 2394 727 2467 igitur
751 2401 902 2448 tuum
928 2389 1123 2460 dogma
1157 2386 1270 2457 jam
1294 2383 1524 2454 corrige,
1569 2387 1665 2435 aut
1702 2376 1770 2434 ad

180 2490 281 2547 hoc
326 2486 731 2546 defendendum
766 2481 955 2540 desine
996 2478 1235 2535 divinum
1281 2473 1540 2531 auxilium
1580 2478 1769 2542 postu-

183 2581 313 2638 lare.

251 2673 319 2730 ll.
349 2673 474 2730 Jun.
517 2671 653 2727 Cum
681 2670 738 2725 in
760 2668 934 2740 primo
966 2661 1236 2721 volumine
1262 2657 1559 2732 perspicuis
1582 2654 1775 2713 defini-

186 2765 424 2822 tionibus
447 2762 797 2827 constitisset,
827 2760 996 2815 Deum
1018 2756 1305 2827 itajustum
1326 2767 1468 2818 esse,
1492 2758 1552 2806 ut
1575 2750 1620 2804 si
1662 2761 1776 2818 pro-

188 2858 308 2914 hari
330 2864 516 2930 posset
535 2854 711 2928 justus
739 2867 848 2909 non
876 2864 1016 2916 esse,
1044 2847 1455 2905 convinceretur
1482 2843 1624 2898 Deus
1660 2854 1771 2896 non

196 2964 357 3018 esse;
386 2963 604 3020 cumque
627 2962 789 3018 super
817 2944 918 3000 hoc
952 2940 1300 2999 remansisset
1322 2938 1466 2994 nulla
1494 2933 1775 3002 dubitatio,

203 3042 396 3099 claruit
413 3042 566 3097 etiam
582 3039 844 3111 justitiam
865 3035 995 3093 nihil
1022 3049 1143 3091 esse
1167 3031 1313 3088 aliud
1339 3045 1498 3102 quam
1518 3029 1776 3084 virtutem

192 3148 467 3205 nunquam
482 3131 773 3204 quidquam
800 3130 979 3200 inique
999 3126 1348 3198 judicantem,
1367 3121 1501 3178 nihil
1522 3120 1700 3191 inique
1710 3117 1780 3173 fa-

189 3228 443 3295 cientem,
486 3223 585 3281 sed
610 3222 920 3279 reddentem
956 3234 1052 3276 sua
1081 3216 1365 3286 unicuique
1414 3212 1531 3270 sine
1570 3208 1774 3275 fraude,

189 3319 304 3376 sine
336 3317 535 3391 gratia,
566 3315 620 3371 id
645 3323 748 3381 est,
777 3313 892 3369 sine
922 3323 1270 3384 personarum
1295 3305 1624 3376 acceptione.

256 3410 399 3465 Anc.
438 3427 459 3461 ι
510 3406 638 3464 Sine
667 3402 873 3472 fraude,
912 3421 931 3456 ι
980 3416 1166 3458 verum
1214 3398 1387 3462 dicis;
1420 3411 1489 3451 ne
1532 3393 1780 3466 puniatur

193 3500 501 3558 immeritus
537 3519 553 3555 :
595 3516 616 3552 ι
646 3498 763 3554 sine
783 3496 955 3569 gratia
990 3512 1012 3548 ι
1044 3508 1172 3548 vero
1196 3491 1240 3546 si
1265 3489 1466 3563 justitia
1498 3487 1592 3543 Dei
1615 3493 1779 3554 esset,

191 3607 468 3659 nunquam
498 3589 739 3648 Christus
768 3602 864 3658 pro
891 3584 1087 3656 impiis,
1120 3582 1174 3638 id
1221 3590 1324 3648 est,
1354 3594 1450 3652 pro
1486 3577 1619 3634 nihil
1655 3577 1781 3633 boui

192 3694 243 3741 et
278 3684 513 3740 multum
557 3679 686 3738 mali
728 3678 1055 3736 merentibus
1097 3684 1338 3731 mortuus
1385 3671 1611 3737 fuisset;
1649 3686 1785 3726 nun-

193 3792 345 3847 quam
398 3782 674 3845 postremo
721 3770 987 3842 parvulos,
1032 3781 1255 3839 quorum
1284 3764 1427 3821 nulla
1451 3763 1587 3818 bona
1616 3776 1777 3832 opera

193 3868 549 3937 voluntasque
592 3863 884 3936 praecessit,
911 3862 963 3916 in
993 3874 1146 3915 suum
1184 3872 1408 3926 regnum
1443 3854 1780 3924 adoptasset,

197 3975 291 4017 nec
310 3962 368 4015 in
392 3959 583 4016 eadem
604 3972 764 4014 causa
790 3955 925 4011 alios
954 3952 1203 4026 parvulos
1221 3949 1462 4022 ejusdem
1482 3947 1633 4018 regni
1663 3962 1784 4017 par-

197 4052 508 4123 ticipatione
539 4049 855 4115 fraudasset,
887 4044 976 4116 qui
1007 4063 1027 4096 ‹
1060 4056 1331 4113 nunquam
1362 4037 1782 4111 iniquejudicat,

196 4144 321 4200 nihil
339 4143 531 4214 inique
546 4141 690 4208 facit,
715 4148 769 4195 et
783 4152 877 4195 sua
898 4136 1181 4206 unicuique
1206 4133 1321 4188 sine
1350 4131 1532 4187 fraude
1553 4129 1780 4187 reddit.»

198 4237 449 4308 Agnosce
470 4249 599 4305 ergo
618 4231 868 4304 parvulos
892 4244 1016 4284 vasa
1042 4227 1096 4282 in
1122 4225 1381 4282 honorem
1411 4238 1507 4294 per
1531 4223 1752 4293 gratiam
1768 4260 1784 4287 ,

198 4331 283 4401 qui
310 4334 665 4391 assumuntur
684 4325 739 4380 in
759 4322 853 4379 Dei
876 4335 1135 4392 regnum;
1167 4326 1222 4374 et
1249 4317 1381 4373 alios
1407 4314 1676 4387 parvulos,
1699 4313 1789 4384 qui

198 4424 249 4479 in
278 4425 436 4479 illum
464 4424 725 4478 honorem
760 4433 867 4474 non
909 4422 1252 4472 assumuntur
1274 4455 1290 4479 ,
1331 4426 1454 4466 vasa
1498 4408 1551 4463 in
1599 4417 1789 4463 contu-

198 4514 417 4571 meliam
453 4529 553 4584 per
577 4511 834 4584 judicium
863 4526 876 4564 :
906 4516 961 4565 et
1000 4505 1212 4563 tandem
1255 4500 1538 4574 aliquando
1581 4516 1650 4556 ne
1685 4499 1789 4555 ini-

200 4623 361 4679 quum
390 4606 557 4662 facias
592 4596 777 4669 Deum,
806 4600 1061 4658 confitere
1084 4596 1340 4667 originale
1381 4600 1675 4663 peccatum.

265 4700 359 4755 IIl.
389 4697 513 4755 Jun.
539 4697 671 4767 Ejus
683 4703 860 4752 autem
873 4691 1084 4747 virtutis
1101 4699 1227 4746 tunc
1240 4696 1486 4743 constare
1500 4686 1784 4754 rationem,

199 4793 244 4848 si
268 4791 481 4847 nullum
524 4788 858 4844 subditorum
906 4785 1137 4856 puniret,
1165 4781 1265 4837 nisi
1294 4795 1391 4851 pro
1431 4777 1516 4835 his
1556 4776 1788 4845 delictis,

200 4901 320 4958 qua:
351 4883 633 4942 constabat
662 4881 830 4937 libera
857 4879 1128 4934 voluntate
1158 4872 1463 4930 commissa.

269 4981 412 5037 Anc.
439 4977 511 5033 Et
538 4976 666 5032 illud
690 4976 858 5031 libera
883 4973 1154 5030 voluntate
1178 4967 1521 5045 commissum
1548 4973 1629 5020 est
1648 4964 1785 5034 ejus,

202 5070 255 5127 in
284 5084 395 5141 quo
420 5076 611 5124 natura
640 5069 871 5129 humana
899 5062 1150 5120 damnata
1176 5067 1278 5125 est,
1306 5073 1375 5113 ex
1403 5071 1504 5127 qua
1543 5054 1789 5110 hemines

203 5161 577 5221 damnationi‘
607 5168 902 5216 nascuntur
933 5154 1170 5220 obnoxii,
1202 5151 1306 5207 nisi
1350 5156 1696 5205 renascantur
1739 5146 1795 5201 in

203 5272 292 5325 eo,
307 5257 400 5329 qui
420 5272 527 5312 non
544 5263 626 5310 est
642 5262 797 5308 natus
810 5249 1089 5306 obnoxius.
1114 5245 1226 5301 Hoc
1236 5243 1425 5314 dogma
1446 5238 1795 5296 christianum

206 5350 374 5407 vultis
402 5348 572 5405 everti
606 5365 619 5401 :
647 5345 742 5402 sed
769 5344 862 5400 illo
891 5349 1067 5398 stante
1090 5355 1185 5395 vos
1214 5334 1536 5393 evertimini.

278 5440 370 5498 Ν.
401 5440 523 5498 ιω..
555 5438 666 5495 Nec
707 5452 771 5495 ea
801 5433 1105 5492 hominibus
1150 5428 1493 5502 praeciperet,
1531 5440 1652 5496 quae
1702 5439 1799 5494 per

205 5546 457 5592 naturam
484 5548 669 5590 eorum
697 5529 861 5586 sciret
885 5542 993 5584 non
1021 5539 1179 5597 posse
1201 5518 1433 5587 servari;
1462 5532 1561 5575 nec
1591 5531 1687 5589 pro
1713 5530 1801 5571 re-

134 5634 138 5643 '
205 5626 310 5685 bus
334 5624 671 5683 naturalibus
698 5637 851 5681 reum
879 5619 1182 5694 quempiam
1204 5614 1482 5687 judicaret.

278 5721 414 5777 Anc.
444 5717 553 5776 Sed
578 5716 676 5773 fuit
701 5714 892 5781 Adam,
922 5721 977 5770 et
1005 5713 1058 5768 in
1082 5710 1175 5766 illo
1198 5708 1395 5765 fuimus
1422 5717 1608 5760 omnes
1639 5700 1798 5773 (Am-

202 5809 426 5877 brosius,
448 5808 537 5865 lib.
564 5808 597 5865 7
616 5809 672 5863 in
688 5805 817 5863 Luc.
837 5803 962 5877 xv);
991 5799 1201 5876 quando
1219 5799 1291 5855 ita
1314 5794 1571 5869 peccavit,
1600 5799 1659 5848 ut
1678 5807 1799 5863 per-

208 5927 423 6056 ώιιαλ
448 5932 562 5985 ttat.
589 5923 713 5982 ωε.
757 5928 813 6007 et
846 5923 1002 6003 prima
1035 5919 1182 5976 editio
1212 5913 1549 5982 Vigniet'iana,
1593 5908 1798 5963 danma-

268 6053 355 6068 ..ιβ
518 6064 555 6069 ,η
640 6058 647 6066 ο
772 6055 781 6065 ι
852 6054 907 6067 »τι
930 6053 995 6067 "se.
1012 6056 1027 6065 η.

1511 410 1712 468 LIBER
1747 407 2060 467 TERTIUS.

1851 522 2001 578 deret
2025 520 2077 575 in
2103 534 2162 575 se
2182 531 2403 585 omnes;
2429 516 2530 573 nisi
2552 529 2688 588 quos
2706 514 2868 572 vellet
2892 514 3018 573 inde
3045 513 3317 582 liberaret,
3343 511 3437 585 qui

1849 612 1996 671 venit
2014 625 2255 683 quzerere
2272 608 2416 682 quod
2430 608 2661 681 perierat
2680 606 2701 680 (
2722 606 2854 663 Luc.
2881 623 2995 677 xix,
3020 607 3090 664 10
3109 605 3152 680 ).

1923 703 1988 760 ν.
2014 704 2135 760 Jun.
2160 701 2272 760 Nec
2297 702 2468 761 aliena
2495 710 2710 773 peccata
2732 700 2854 757 aliis
2881 699 3202 771 imputaret;
3232 715 3297 755 ac
3336 714 3436 772 per

1853 796 1975 864 hoc,
2006 811 2107 851 nec
2130 804 2349 869 propter
2372 802 2651 866 parentum
2674 791 2981 865 iniquitates
3003 791 3317 849 innocentes
3329 806 3429 847 eo-

1853 906 1973 947 rum
1997 889 2156 958 filios,
2187 888 2277 960 qui
2306 903 2401 959 per
2426 903 2486 944 se
2510 887 2643 943 nihil
2664 886 2867 958 operati
2894 894 3077 943 essent
3098 886 3185 942 vel
3211 885 3336 941 boni
3351 885 3438 942 vel

1856 984 1999 1050 mali,
2029 998 2125 1055 per
2145 981 2286 1054 quod
2312 991 2592 1053 parentum
2621 995 2838 1036 suorum
2867 979 3092 1036 crimina
3118 977 3440 1037 docerentur

1858 1076 2066 1141 imitati,
2098 1074 2313 1130 :eternis
2338 1073 2665 1145 adjudicaret
2702 1071 2996 1143 suppliciis.
3023 1070 3228 1139 Quibus
3266 1068 3435 1125 colle-

1858 1167 1978 1234 ctis,
2009 1168 2175 1223 Deum
2203 1175 2408 1231 etesse,
2439 1164 2700 1236 ctjustum
2713 1170 3135 1230 esseconstaret,
3149 1176 3307 1233 quem
3328 1159 3440 1217 cla-

1860 1267 2059 1325 ruerat,
2080 1260 2124 1315 si
2138 1258 2334 1330 aliquid
2359 1251 2605 1327 operetur
2640 1256 2916 1327 injustam,
2944 1262 3149 1309 tantum
3182 1251 3362 1309 subire
3387 1249 3447 1307 in

1860 1350 2154 1418 divinitate,
2175 1358 2427 1422 quantum
2446 1348 2814 1420 pertulissetin
2827 1346 3073 1418 aequitate
3083 1343 3444 1415 dispendium.

1933 1448 2068 1502 Anc.
2094 1445 2291 1500 Verum
2320 1443 2453 1499 dicis
2477 1460 2489 1496 :
2518 1458 2580 1498 ac
2603 1458 2698 1514 per
2730 1440 2832 1497 hoc
2855 1482 2869 1507 ,
2902 1438 3035 1495 nihil
3072 1446 3321 1508 operatur
3362 1436 3450 1491 iu-

1859 1538 2083 1610 justum,
2106 1552 2227 1593 cum
2248 1537 2393 1608 gravi
2413 1537 2538 1606 jugo
2561 1534 2755 1604 premit
2774 1531 2911 1588 filios
2930 1530 3100 1586 Adam
3120 1544 3150 1584 a
3168 1527 3256 1585 die
3273 1527 3446 1583 exitus

1865 1633 1932 1690 de
1953 1642 2136 1689 ventre
2155 1630 2344 1687 matris
2363 1644 2569 1686 eorum.
2601 1626 2754 1696 Quod
2777 1626 2958 1697 utique
2978 1623 3235 1697 injustum
3259 1630 3440 1690 esset,

1866 1726 1911 1782 si
1936 1734 2213 1797 peccatum
2232 1721 2489 1793 originale
2509 1734 2616 1775 non
2637 1728 2805 1775 esset.

1940 1816 2026 1871 Vl.
2056 1815 2174 1871 Jun.
2202 1815 2536 1884 Quanquam,
2579 1827 2614 1867 o
2637 1810 2915 1867 infelicitas
2952 1810 3153 1865 erroris
3181 1808 3400 1865 humani
3431 1806 3450 1864 !

1868 1901 2032 1957 nimio
2053 1900 2266 1971 quippe,
2297 1895 2635 1970 perpendens
2664 1895 2835 1966 ipsam
2862 1893 3140 1950 conflictus
3168 1893 3335 1950 nostri
3364 1907 3455 1949 ra-

1869 1996 2089 2062 tionem,
2117 1993 2302 2049 dolore
2329 1991 2624 2057 concutior,
2653 1989 2958 2060 potuissene
2974 1990 3077 2044 hoc
3096 1988 3147 2043 in
3167 1986 3456 2044 dubitatio-

1870 2103 1993 2145 nem
2015 2088 2220 2155 venire,
2251 2096 2411 2157 atque
2436 2084 2733 2141 assertione
2771 2083 2911 2139 hanc
2932 2082 3149 2154 eguisse
3190 2095 3407 2137 causam
3433 2095 3455 2137 :

1871 2181 2127 2253 potuisse,
2151 2180 2387 2249 inquam,
2409 2178 2462 2232 in
2480 2175 2753 2243 Ecclesiis,
2778 2190 2897 2247 quae
2923 2174 3135 2232 Christo
3154 2188 3214 2232 se
3232 2173 3458 2232 credere

1870 2272 2183 2336 faterentur,
2208 2270 2457 2339 dubitari,
2475 2279 2652 2326 utrum
2675 2269 2817 2327 Deus
2839 2268 3004 2340 juste,
3025 2267 3078 2324 id
3100 2276 3203 2336 est,
3225 2269 3461 2326 rationao

1874 2365 2070 2429 biliter,
2099 2363 2362 2434 judicaret
2386 2362 2399 2416 ι

1942 2460 2078 2514 Anc.
2105 2456 2238 2525 Quia
2266 2455 2369 2510 hoc
2403 2470 2510 2510 non
2547 2453 2818 2510 dubitatur
2838 2454 2880 2521 ί,
2916 2452 3039 2510 ideo
3066 2453 3323 2525 scriptum
3345 2461 3457 2523 est,

1875 2548 2238 2622 gravejugum
2267 2562 2386 2603 esse
2409 2562 2571 2617 super
2610 2544 2751 2602 filios
2775 2545 2948 2602 Adam
2978 2560 3010 2599 a
3052 2544 3142 2602 die
3174 2546 3347 2605 exitus
3392 2545 3464 2604 de

1875 2649 2061 2697 ventre
2079 2643 2264 2694 matris
2287 2653 2474 2695 eorum
2501 2637 2520 2709 (
2545 2635 2710 2692 Eccli.
2737 2653 2827 2706 xc,
2861 2638 2887 2692 1
2914 2635 2956 2708 ).
2978 2636 3161 2708 Neque
3179 2639 3320 2695 enim
3345 2652 3462 2696 me-

1876 2735 1979 2791 lior
2007 2738 2089 2791 $t
2107 2734 2409 2804 Pelagiana,
2431 2746 2590 2803 quam
2612 2731 2977 2789 ecclesiastica
2995 2733 3276 2803 sapientia.

1947 2826 2060 2885 VII.
2086 2827 2203 2883 Jun.
2225 2825 2329 2883 Sed
2346 2826 2504 2881 nimis
2516 2841 2641 2882 sum
2667 2817 2782 2897 ipsa
2802 2840 2983 2882 rerum
3003 2826 3323 2892 reverentia,
3346 2825 3465 2897 ejus

1879 2937 1981 2994 qua
2002 2922 2070 2979 de
2094 2930 2268 2994 agitur
2287 2919 2645 2976 contentionis
2668 2919 2884 2976 oblitus.
2907 2919 3069 2975 Miror
3102 2920 3244 2975 enim
3269 2918 3466 2990 ambigi

1879 3015 1947 3072 de
1972 3016 2064 3071 Dei
2088 3014 2336 3085 mquitate
2355 3013 2625 3085 potuisse;
2652 3028 2775 3068 cum
2797 3021 3007 3069 constet
3027 3013 3079 3069 in
3104 3011 3467 3069 Tradueiano«

1881 3123 1999 3164 rum
2024 3108 2308 3180 synagogis
2326 3106 2459 3162 nihil
2478 3105 2546 3163 de
2572 3106 2688 3178 ejus
2714 3106 2993 3178 iniquitate
3017 3105 3267 3163 dubitari.

1953 3199 2089 3255 Anc.
2129 3198 2261 3265 Quia
2307 3197 2375 3253 de
2422 3198 2517 3254 Dei
2558 3197 2807 3268 aequitate
2849 3213 2959 3253 non
3001 3197 3305 3269 ambigitur,
3346 3195 3467 3253 ideo

1882 3307 2043 3363 grave
2059 3290 2244 3362 jugum
2264 3306 2424 3361 super
2465 3290 2763 3361 parvulum,
2798 3290 3001 3361 justum
3034 3305 3157 3347 esse
3189 3290 3421 3355 creditur
3448 3304 3465 3345 :

1883 3394 1938 3441 et
1957 3386 2076 3457 quia
2108 3385 2210 3441 hoc
2223 3385 2426 3456 justum
2459 3399 2580 3441 esse
2598 3384 2856 3453 creditur,
2900 3384 3022 3441 ideo
3060 3385 3311 3456 parvulus
3350 3383 3470 3441 sine

1883 3477 2125 3549 originali
2150 3487 2365 3548 peccato
2385 3492 2505 3533 esse
2527 3492 2629 3533 non
2661 3476 2918 3534 creditur.
2957 3477 3188 3534 Proinde
3207 3476 3471 3534 inEccle-

1885 3570 1960 3627 sia
1987 3570 2268 3638 catholica,
2297 3569 2439 3625 unde
2466 3569 2732 3641 Pelagiani
2759 3585 2827 3627 ex
2857 3568 3010 3626 nobis
3044 3568 3310 3638 exierunt,
3360 3582 3469 3626 non

1838 3683 1841 3691 ι
1885 3662 2020 3718 sicut
2044 3661 2198 3730 dicis,
2222 3662 2350 3717 nihil
2376 3661 2444 3717 de
2464 3662 2742 3733 iniquitate
2770 3662 2887 3728 Dei,
2918 3661 3014 3717 sed
3039 3661 3218 3732 potius
3237 3659 3370 3716 nihil
3398 3658 3469 3716 de

1886 3754 2004 3826 ejus
2018 3754 2266 3825 aequitate
2280 3753 2579 3821 dubitatur;
2608 3755 2699 3810 ubi
2719 3770 2821 3810 nec
2838 3753 3032 3821 infans,
3045 3753 3197 3826 cujus
3212 3762 3295 3809 est
3314 3753 3473 3810 unius

1886 3847 1993 3903 diei
2025 3848 2129 3903 vita
2149 3860 2312 3917 super
2337 3856 2535 3903 terram
2557 3848 2673 3904 sine
2696 3848 2854 3905 sorde
2887 3848 3088 3919 peccati
3108 3862 3229 3905 esse
3248 3848 3472 3905 docetur

1887 3950 1942 3997 et
1968 3941 2161 3998 dicitur
2183 3938 2324 4012 (Job
2344 3957 2452 4007 inv,
2478 3942 2533 3997 4.
2575 3958 2675 3997 sec.
2722 3938 2931 4013 LXX.)
2962 3958 2977 4007 ;
3003 3949 3057 3997 et
3081 3940 3202 3998 ideo
3231 3941 3284 3996 in
3314 3940 3472 3997 malis

1889 4052 2008 4107 quae
2028 4036 2246 4108 patitur,
2275 4050 2383 4092 non
2421 4035 2649 4107 iujustus
2677 4026 2842 4105 Deus,
2869 4034 2964 4093 sed
3007 4036 3185 4108 justus
3228 4034 3473 4107 agnosci-

1892 4138 1996 4183 llll‘.

1961 4220 2097 4277 Vlll.
2126 4220 2247 4277 Jun.
2278 4221 2430 4290 Quod
2468 4228 2615 4277 certe
2641 4230 2789 4277 tanto
2820 4220 2969 4292 pejus
2997 4233 3098 4290 est,
3127 4230 3326 4293 quanto
3351 4236 3476 4292 gra-

1891 4316 2006 4371 vius
2032 4325 2114 4371 est
2139 4315 2369 4370 studium
2397 4315 2659 4371 malorum
2688 4330 2845 4386 quam
2872 4315 3143 4387 neglectus
3191 4314 3475 4386 honorum,

1892 4418 2090 4481 quanto
2117 4409 2466 4480 perniciosior
2494 4410 2717 4465 intentio
2741 4408 3071 4479 profanitatis
3117 4424 3276 4479 quam
3318 4408 3476 4464 dubi-

1896 4501 2024 4557 tatio
2039 4502 2301 4569 veritatis,
2326 4511 2525 4573 quanto
2553 4513 2826 4573 prstremo
2853 4502 3129 4558 scelestius
3157 4510 3240 4558 est
3276 4501 3480 4558 audere

1895 4595 2165 4650 criminari
2196 4596 2361 4651 Deum
2389 4611 2546 4667 quam
2576 4594 2723 4650 nolle
2752 4594 3015 4650 venerari.

1967 4688 2099 4743 Anc.
2142 4687 2246 4744 Sed
2288 4702 2384 4743 vos
2424 4685 2778 4741 criminamini
2814 4686 2999 4753 Deum,
3037 4684 3162 4740 dum
3206 4683 3476 4755 parvulos,

1896 4796 2032 4852 quos
2067 4781 2267 4851 judicio
2304 4781 2421 4851 ejus
2456 4779 2602 4850 gravi
2628 4780 2757 4851 jugo
2800 4780 2972 4849 premi
3020 4779 3259 4847 cernitis,
3311 4778 3476 4836 ullum

1896 4881 2072 4928 tamen
2100 4873 2303 4943 negatis
2330 4871 2523 4928 habere
2552 4879 2846 4941 peccatum.

1967 4963 2060 5019 IX.
2086 4963 2205 5020 Jun.
2236 4963 2448 5019 Dixerat
2478 4963 2713 5034 quidem,
2745 4971 2804 5017 ut
2828 4961 2994 5017 David
3037 4960 3296 5034 prepheta
3327 4962 3483 5020 testis

1898 5059 2032 5124 est”,
2070 5057 2323 5128 insipiens
2362 5056 2413 5110 in
2461 5055 2624 5111 corde
2675 5070 2791 5121 suo,
2828 5055 2951 5125 quia
2996 5068 3101 5108 non
3148 5062 3290 5110 esset
3342 5054 3481 5109 Deus

1899 5151 2071 5221 (Psat.
2104 5146 2303 5223 xm,l)
2329 5167 2342 5202 :
2371 5164 2476 5204 non
2532 5158 2708 5202 tamen
2751 5146 2982 5211 dixerat,
3009 5145 3131 5217 quia
3176 5153 3319 5202 esset
3358 5143 3482 5215 qui-

1899 5244 2043 5309 dem,
2073 5245 2165 5300 scd
2199 5252 2374 5297 tamen
2402 5241 2628 5312 injustus
2662 5242 2819 5305 Deus;
2849 5241 2918 5294 ita
2943 5238 3284 5295 concinenter
3318 5236 3482 5292 totius

1898 5349 2104 5394 natura:
2129 5351 2262 5392 voce
2296 5336 2596 5402 resonabat,
2629 5333 3052 5405 inseparabiliter
3074 5332 3185 5387 Deo
3205 5329 3485 5386 adhaerere

1897 5433 2178 5505 justitiam,
2237 5440 2296 5486 ut
2342 5429 2549 5487 facilius
2602 5429 2934 5486 inveniretur
2975 5426 3065 5496 qui
3124 5421 3481 5480 substantiam

1903 5528 2039 5600 ejus,
2075 5542 2235 5599 quam
2277 5526 2368 5598 qui
2414 5524 2719 5597 aequitatem
2760 5529 2997 5594 negaret.
3023 5518 3202 5575 Potuit
3249 5515 3483 5572 existere

1903 5622 1995 5694 qui
2028 5628 2238 5691 putaret
2277 5635 2383 5675 non
2411 5632 2532 5675 esse
2572 5616 2714 5688 quod
2757 5630 2864 5671 non
2907 5611 3139 5676 videbat;
3170 5623 3277 5665 non
3306 5606 3482 5664 fuerat

1904 5724 2084 5772 tamen
2130 5714 2380 5771 inventus
2416 5712 2506 5784 qui
2541 5710 2743 5767 diceret
2780 5708 3018 5779 iniquum
3061 5702 3204 5777 quod
3242 5702 3482 5761 divinum

1902 5825 2020 5868 esse
2044 5810 2311 5868 credebat.

1968 5905 1986 5936 ι
2010 5905 2083 5953 sic
2102 5910 2209 5954 Mss.
2237 5909 2292 5954 At
2310 5904 2468 5965 Vign.,
2493 5894 2746 5965 dubitavit.
2852 5964 2857 5965 ί
2936 5964 2939 5965 ν
3132 5959 3144 5965 Α
3290 5952 3350 5965 υ,
3499 5910 3503 5916 ’

1968 5968 1990 6008 ι
2008 5950 2290 6027 venale
2544 5967 2633 6035 est.
2656 5958 2819 6058 codex
2839 5964 3107 6025 ranarum.
3126 5950 3257 6017 mit:
3276 5952 3367 6028 μιν
3390 6036 3398 6043 ,
