3950 6554
411 374 545 435 1251

485 492 618 547 Anc.
646 485 714 543 Et
739 484 852 555 ipse
889 481 1139 538 inventus
1166 493 1248 534 es.
1278 475 1410 532 Nam
1450 472 1537 529 cui
1567 471 1669 528 nisi
1713 469 1808 526 tali
1849 467 1998 534 dicit,

414 581 716 655 Suspicatus
740 591 791 633 cs
832 573 1165 645 inﬁnitatem,
1193 568 1327 639 quod
1366 583 1453 626 ere
1498 564 1587 624 tibi
1630 558 2002 633 ἠπύιὶεμδωι.

1084 360 1333 420 OPERIS
1368 350 1784 416 [MPERFECTI
1818 341 2094 412 CONTRA
2135 344 2495 415 JULIANUM,
2533 344 2605 403 S.
2646 336 3015 402 AUGUSTINI

3552 341 3573 396 i
3583 338 3703 397 259

2110 490 2194 548 dis
2222 497 2304 545 est
2334 486 2612 544 sententiis
2650 491 2960 556 occupatus,
2983 482 3144 553 hujus
3182 478 3471 537 voluminis
3510 479 3624 548 prta
3692 494 3707 522 θ

2110 581 2351 654 partibus
2393 579 2550 643 fidem
2576 575 2824 649 congruit
2865 574 3245 657 promissionis!
3278 570 3511 643 impleri.
3545 564 3709 637 Legi-

416 692 562 742 χιιι,
583 672 729 743 21)?
753 668 858 727 Sed
879 667 1137 740 quatiam
1175 660 1462 731 Christiani
1499 656 1749 725 catholici
1793 661 1850 723 et
1886 666 2013 745 esse

2163 689 2234 730 ms
2259 688 2388 745 ergo
2415 672 2472 727 in
2497 668 2933 736 Deuteronomlo,
2957 669 3010 723 in
3040 656 3281 738 catalogo
3307 671 3709 737 praceptorum

417 772 610 835 Deum,
637 774 695 827 et
714 765 917 837 justum
955 776 1079 818 esse
1098 759 1295 826 sciunt;
1323 754 1445 813 ideo
1472 760 1627 810 natos
1670 747 1938 813 homines,
1960 743 2008 801 si

2113 767 2307 840 quibus
2360 766 2469 821 vita
2513 772 2568 820 et
2610 762 2948 820 conversatio
2984 756 3171 832 populi
3219 757 3362 814 illius
3398 755 3687 814 ordinatur

418 878 528 920 ηοῑδ
569 859 742 918 rem“
786 856 842 913 ίη
887 854 1113 927 Ρπνυιη
1149 859 1309 908 “ima
1365 845 1689 913 ωθθῆυηιυῖτ
1730 855 1854 907 cum
1901 837 2011 901 Si”
2115 837 2275 918 etiam
2310 859 2415 915 hoc
2454 856 2790 928 apertissime
2819 870 2849 910 a
2874 855 2987 911 Deo
3021 852 3187 909 fuisse
3215 850 3545 908 mandatum.
3569 847 3712 904 Nam

421 953 681 1025 imagines
720 947 841 1015 Dei,
867 962 976 1004 non
1017 944 1217 1016 injuste
1245 950 1443 1005 tamen,
1475 934 1575 1003 sed
1844 929 2008 1025 origi-

423 1022 564 1104 nalis
611 1042 826 1108 merito,
858 1040 914 1096 in
960 1050 1187 1109 regnum
1233 1032 1332 1091 Dei
1371 1045 1481 1088 non
1522 1025 1740 1105 suscipi,
1770 1022 2013 1082 dubitare

425 1155 536 1198 non
559 1139 577 1172 ί
606 1142 848 1209 possunt.
966 1143 979 1151 ·

501 1230 571 1288 Χ.
604 1203 723 1285 ius.
765 1225 1027 1296 insipiens
1066 1236 1192 1294 ergo
1231 1218 1341 1281 ille,
1377 1212 1624 1289 negando
1669 1203 1859 1279 Deum,
1902 1217 2014 1264 ste-

429 1328 561 1383 tisse
604 1326 659 1403 in
693 1322 893 1379 extimo
937 1318 1220 1377 criminum
1256 1311 1538 1369 videbatur
1569 1325 1583 1363 :
1616 1314 1674 1364 at
1697 1305 1921 1388 inventa.
1936 1310 2021 1358 est

434 1419 583 1476 natio
606 1392 1025 1475 Manichaeorum
1062 1417 1118 1465 et
1143 1403 1618 1466 Traducianorum,
1648 1398 1802 1470 cujus
1839 1392 2021 1468 proia~

432 1509 690 1568 nitatibus
715 1504 1074 1562 vinceretur’.

508 1604 642 1659 Auc.
671 1599 863 1657 Sciens
888 1609 1047 1668 quam
1070 1592 1201 1649 clari
1229 1588 1546 1662 probatique
1563 1585 1812 1645 doctores
1834 1579 2024 1637 Eccle-

436 1697 533 1757 sia:
569 1692 785 1758 Christi,
812 1691 879 1751 de
916 1695 1134 1760 peccato
1155 1682 1438 1756 originali,
1466 1691 1522 1738 et
1544 1679 1613 1736 de
1654 1675 1857 1749 justitia
1887 1671 1984 1730 Dei
2007 1712 2025 1737 ,

438 1786 583 1860 quod
610 1784 771 1842 credo
810 1779 1154 1843 crediderint,
1174 1774 1317 1848 quod
1350 1773 1516 1830 doceo
1562 1767 1861 1831 docuerint,
1885 1762 2031 1836 quod

441 1856 672 1937 defendo
721 1871 1099 1937 defenderint;
1127 1869 1207 1925 sic
1248 1865 1436 1923 audire
1477 1862 1649 1923 debeo
1684 1856 2031 1916 contumelias

440 1983 579 2038 tuas,
601 1967 868 2042 quomodo
893 1964 1079 2022 laudes
1102 1977 1252 2020 meas
1268 1961 1313 2015 ³.

395 2129 399 2133 ε
514 2064 610 2119 XI.
631 2062 750 2118 Jun.
774 2059 879 2118 Sed
907 2067 967 2115 ut
1004 2064 1339 2114 revertamur
1362 2051 1507 2108 unde
1533 2048 1762 2122 digressi
1796 2057 1985 2102 sumus
2015 2059 2030 2098 :

446 2156 676 2228 liquerat
697 2153 767 2208 ab
789 2166 859 2208 eo
883 2165 1043 2223 quem
1070 2146 1358 2203 fateremur
1382 2156 1570 2198 verum
1610 2141 1798 2207 Deum,
1828 2134 1962 2192 nihil
1982 2133 2037 2190 in

446 2247 649 2321 judicio
692 2259 852 2317 posse
891 2241 1029 2310 ﬁeri,
1060 2238 1202 2312 quod
1227 2237 1450 2308 iustitiae
1484 2240 1823 2305 repugnaret;
1851 2244 1917 2285 ac
1941 2242 2039 2321 per

452 2318 577 2408 boc,
607 2350 715 2394 nec
733 2351 833 2407 pro
855 2332 1046 2391 alienis
1087 2329 1319 2402 peccatis
1343 2339 1639 2398 quosquam
1676 2336 1800 2379 reos
1826 2318 2037 2377 teneri:

450 2441 612 2503 atque
657 2428 779 2485 ideo
820 2433 1132 2483 nascentum
1172 2418 1533 2476 innocentiam
1578 2429 1915 2486 nequaquam
1943 2411 2040 2467 da-

457 2523 632 2587 mnari
654 2521 726 2578 ob
753 2518 1086 2589 iniquitatem
1126 2521 1406 2586 parentum
1429 2527 1444 2578 ;
1471 2510 1596 2583 quia
1617 2508 1876 2580 iniustum
1899 2513 2045 2563 esset

455 2622 518 2675 ut
537 2621 717 2672 reatus
738 2626 832 2682 per
852 2607 1057 2664 semina
1082 2603 1403 2661 traderetur.

536 2707 672 2762 Ana.
697 2702 806 2761 Cur
833 2714 962 2770 ergo
979 2698 1181 2761 dictum
1202 2704 1365 2761 esset,
1404 2692 1590 2751 Semen
1629 2706 1801 2748 eorum
1834 2688 2048 2745 maledi-

465 2809 603 2854 ctum
630 2795 692 2853 αι
719 2794 863 2852 initio
885 2793 910 2849 ?
935 2791 1054 2848 Non
1089 2790 1235 2847 enim
1277 2788 1356 2844 sic
1390 2786 1591 2844 dictum
1622 2793 1724 2850 est,
1756 2781 2045 2855 quomodo,

464 2891 653 2953 Semen
677 2887 925 2946 Chanaan
956 2894 1007 2942 st
1032 2900 1135 2941 non
1176 2882 1319 2943 Iuda
1343 2879 1503 2953 (Dan.
1530 2893 1647 2946 mn,
1671 2874 1794 2950 56);
1827 2875 1917 2932 ubi
1956 2874 2051 2931 de-

463 2990 822 3045 monstratum
842 2989 926 3035 est
950 2977 1143 3052 quibus
1162 2973 1366 3032 similes
1391 2971 1515 3028 facti
1533 2978 1706 3036 eram,
1729 2977 1786 3025 et
1807 2983 1838 3023 a
1859 2966 2053 3039 quibus

463 3078 923 3149 degeneraverant
950 3090 966 3129 :
994 3069 1091 3127 sed
1115 3083 1300 3125 eorum
1317 3066 1557 3139 ipsorum
1581 3078 1768 3120 semen
1790 3061 1924 3117 dixit
1943 3075 2055 3115 ma-

470 3170 747 3237 ledictum,
787 3182 922 3239 quos
969 3163 1284 3221 naturaliter
1329 3160 1503 3216 malos
1551 3158 1765 3215 volebat
1811 3154 2051 3226 intelligi,

467 3263 605 3321 sicut
651 3268 776 3318 sunt
808 3273 997 3321 omnes
1036 3256 1131 3312 ﬁlii
1156 3254 1349 3323 Adam,
1375 3268 1443 3309 ex
1483 3251 1676 3324 quibus
1713 3248 1883 3321 gratia
1926 3247 2058 3302 ﬁunt

472 3355 570 3415 ﬁlii
617 3353 732 3410 Dei.
762 3351 867 3410 Ubi
913 3350 1056 3407 enim
1092 3347 1310 3415 dicitur,
1357 3343 1480 3401 Non
1523 3344 1769 3416 ignorans
1820 3341 2059 3412 quoniam

475 3462 694 3519 nequam
726 3452 799 3501 est
827 3445 964 3503 natio
990 3440 1220 3507 illorum,
1244 3447 1295 3494 et
1317 3435 1566 3493 naturalis
1594 3435 1791 3489 malitia
1810 3433 2057 3505 ipsorum,

477 3538 780 3609 etquoniam
810 3550 913 3591 non
941 3541 1139 3604 poterat
1163 3530 1353 3588 mutari
1377 3529 1614 3602 cogitatio
1633 3527 1840 3582 illorum
1863 3526 1918 3580 in
1949 3541 2064 3593 pcr-

481 3640 895 3704 petuum;semstt
919 3626 1053 3682 enim
1075 3624 1282 3681 illorum
1309 3621 1633 3683 maledictum
1652 3618 1715 3681 ab
1737 3618 1883 3672 initio
1905 3616 2062 3691 (Sap.

480 3737 579 3789 xu,
608 3720 679 3781 i0
697 3728 743 3776 et
761 3717 851 3791 11)
877 3735 891 3774 :
916 3725 1044 3789 puto
1070 3714 1213 3787 quod
1236 3722 1449 3780 natura,
1476 3727 1583 3767 non
1597 3708 1856 3767 imitatio‘
1880 3708 2063 3764 redar-

478 3816 678 3889 guitur;
705 3821 761 3873 et
797 3808 1066 3887 quomodo
1104 3816 1293 3865 natura
1331 3805 1435 3862 nisi
1462 3805 1649 3861 vitiata
1692 3811 1933 3875 peccato;
1960 3816 2066 3858 non

486 3908 539 3969 in
571 3907 745 3979 primu
770 3904 991 3965 homine
1028 3902 1109 3961 sic
1140 3898 1357 3959 creata?
1404 3900 1446 3956 Α
1474 3913 1583 3970 quo
1615 3912 1747 3969 ergo
1772 3897 1924 3953 initio
1952 3912 2069 3952 ma-

480 3999 735 4065 ledictum
776 4012 982 4063 semen,
1022 3995 1127 4054 nisi
1176 4009 1242 4052 ex
1283 4008 1390 4064 quo
1437 4007 1534 4064 per
1583 4006 1749 4046 unum
1799 3988 2070 4045 hominem

482 4100 760 4166 peccatum
784 4088 1002 4149 intravit
1028 4088 1083 4145 in
1104 4084 1394 4147 mundum!
1423 4086 1468 4145 Δ
1493 4099 1553 4139 se
1580 4083 1715 4153 ipsis
1740 4091 1919 4145 autem
1951 4097 2074 4139 mu“

485 4182 589 4239 tari
648 4196 753 4237 non
804 4187 1071 4251 poterant,
1115 4193 1220 4233 non
1277 4176 1347 4232 ab
1390 4175 1755 4245 omnipotente
1810 4173 2074 4244 Deo:qui

484 4283 666 4334 tamen
696 4272 828 4333 eos'
853 4272 1037 4343 utique
1077 4268 1395 4341 iustissimo,
1424 4266 1669 4338 quamvis
1709 4264 2073 4322 occultissimo

487 4365 710 4449 judicio,
739 4379 846 4421 non
875 4362 1133 4421 mutabat.
1166 4360 1249 4419 Ab
1289 4359 1390 4419 hac
1413 4356 1557 4415 enim
1583 4354 1761 4415 massa
1787 4371 1894 4412 non
1937 4354 2077 4411 arbi~

491 4459 618 4528 trio,
641 4457 737 4516 sed
764 4456 860 4519 Dei
890 4455 1059 4527 gratia
1097 4468 1157 4510 se
1184 4462 1443 4511 ructatum
1473 4466 1596 4509 esse
1618 4449 1820 4507 sciebat
1845 4450 2077 4519 Aposto—

489 4551 596 4619 lus,
618 4549 832 4622 quando
879 4547 1127 4604 dicebat:
1152 4544 1371 4605 Fuimus
1401 4552 1563 4601 etuas
1591 4550 1779 4605 natura
1822 4540 1918 4611 ﬁlii
1964 4540 2074 4606 ira,

494 4649 624 4703 sicut
651 4654 701 4700 et
729 4644 895 4700 ceteri
926 4641 1141 4716 (Ephes.
1171 4640 1258 4707 ii,
1285 4638 1379 4712 ὅ).

568 4737 685 4795 XII.
736 4736 853 4795 ιω..
902 4734 1056 4804 Quod
1108 4733 1234 4793 licet
1257 4733 1313 4789 in
1359 4739 1513 4789 tanta
1553 4730 1672 4788 luce
1711 4728 1989 4795 consistat,
2026 4735 2083 4783 ut

499 4830 635 4899 nihil
687 4839 780 4885 aut
818 4828 1113 4887 absolutius
1157 4825 1475 4893 inveniatur,
1520 4832 1612 4881 aut
1657 4821 1876 4878 verius:
1905 4830 2083 4887 tamen

499 4922 769 4998 pollicitus
790 4934 939 4976 eram
971 4919 1072 4973 hoc
1097 4919 1270 4989 ipsum
1296 4916 1495 4975 divinae
1511 4931 1599 4972 me
1622 4914 1755 4985 legis
1779 4911 2086 4977 testimonio

502 5014 876 5085 comprobare,
897 5012 951 5071 id
994 5020 1096 5077 est,
1144 5009 1535 5081 iniquissimum
1566 5023 1705 5073 esse,
1737 5007 1782 5062 si
1822 5019 2086 5077 generan-

505 5111 641 5171 tium
680 5106 886 5167 scelera
927 5103 1269 5167 nascentibus
1309 5116 1495 5159 eorum
1524 5099 1707 5157 liberis
1738 5098 2088 5168 imputentur;

505 5202 693 5271 sicque
731 5196 1003 5257 adversari
1038 5196 1242 5261 Deum,
1282 5202 1342 5250 ut
1377 5193 1539 5249 etiam
1579 5192 1635 5249 in
1669 5206 1767 5255 sua
1789 5191 1910 5262 lege
1949 5194 2089 5261 prie-

509 5291 806 5365 scripserit,
837 5305 906 5347 ne
947 5288 1055 5349 tale
1090 5286 1378 5358 quidquam
1401 5284 1751 5357 iudicantium
1781 5280 2092 5339 deformitas

510 5393 863 5461 perpetraret.
889 5382 1005 5442 lloo
1035 5395 1125 5439 me
1146 5394 1279 5453 ergo
1299 5377 1692 5450 spoponderam
1717 5374 2088 5435 redditurum:

510 5481 607 5543 sed
642 5478 895 5553 quoniam
921 5474 1189 5537 sesuudus
1223 5471 1359 5531 liber
1385 5471 1614 5544 apostoli
1640 5470 1790 5531 Pauli
1821 5483 2094 5541 exponen-

582 5672 710 5744 fttic
1330 5662 1633 5719 rest-itum
1654 5672 1721 5714 ex
1739 5659 2093 5724 mpm.

580 5734 601 5766 ³
627 5733 912 5795 vignierius,
945 5733 1164 5781 vincitur.
1216 5756 1221 5763 -

584 5795 608 5828 ⁸
627 5795 916 5856 vignicrius,
938 5800 1061 5843 tuas.
1086 5799 1141 5856 ᾼι
1164 5799 1291 5850 5155.,
1322 5801 1470 5856 meas.

582 5856 604 5888 ι
631 5848 915 5917 ι’ίξηὶριηίιιδζ
938 5853 1150 5906 mutatio.
1173 5848 1459 5917 Emendatur
1479 5864 1542 5901 ex
1556 5850 1811 5917 veteribus
1821 5848 1971 5905 libri.

586 5919 607 5951 ³
634 5912 899 5980 νὶξςελιρνὶυδ
921 5917 1045 5977 loco,
1079 5928 1186 5979 eas;
1224 5914 1459 5979 ediderat,
1488 5912 1592 5971 Dei.

2118 959 2180 1008 ut
2205 952 2273 1009 de
2319 948 2767 1023 prtccedentibus,
2799 955 2852 1002 et
2888 928 2965 1002 Ide
3009 944 3376 1016 sequentibus,
3404 942 3549 998 inter
3587 955 3717 1013 quae

2120 1046 2189 1102 sit
2208 1044 2547 1111 collocatum,
2570 1041 2738 1112 possit
2757 1038 2985 1108 intelligi
3015 1055 3030 1091 :
3064 1036 3187 1091 Non
3207 1034 3490 1109 pandabit,
3510 1033 3713 1104 inquit,

2121 1140 2400 1196 mercedem
2440 1136 2679 1209 pauperis
2721 1143 2767 1190 et
2792 1133 2981 1205 egentis
3019 1148 3087 1187 ea:
3108 1130 3351 1204 fratribus
3384 1130 3508 1194 tuis,
3537 1137 3623 1180 aut
3647 1141 3720 1181 es

2125 1234 2392 1308 proselytis
2419 1232 2505 1302 qui
2525 1228 2720 1285 suntin
2745 1226 3028 1283 civitatibus
3058 1226 3157 1281 tuis
3178 1241 3197 1279 :
3218 1222 3573 1294 quotidianam
3598 1220 3721 1275 red—

2125 1328 2213 1383 des
2238 1324 2516 1382 mercedem
2549 1322 2691 1378 illius
2714 1323 2754 1387 ις
2783 1336 2886 1375 non
2915 1319 3111 1374 occidat
3141 1319 3223 1374 sai
3252 1332 3408 1388 super
3446 1330 3586 1381 eam;
3600 1314 3726 1385 quia

2128 1436 2324 1492 pauper
2365 1427 2459 1485 est,
2490 1426 2538 1471 et
2564 1416 2620 1470 in
2656 1431 2714 1469 ea
2763 1410 2912 1468 habet
2951 1428 3123 1482 spem;
3148 1419 3196 1466 et
3239 1425 3341 1465 non
3383 1403 3727 1481 proclamabit

2128 1522 2305 1570 contra
2343 1521 2391 1567 te
2414 1511 2482 1566 ad
2504 1508 2804 1575 Dominum,
2829 1516 2877 1563 et
2895 1507 2989 1561 erit
3008 1507 3130 1561 inte
3157 1512 3437 1575 peccatum.
3469 1499 3597 1556 κω
3622 1514 3727 1553 mo-

2129 1606 2322 1661 rientur
2350 1612 2518 1675 patres
2544 1617 2637 1673 pro
2658 1600 2798 1671 ﬁliis,
2823 1609 2871 1655 et
2896 1598 2991 1669 ﬁlii
3020 1613 3121 1653 non
3145 1597 3423 1652 morientur
3447 1609 3545 1675 pro
3574 1591 3727 1663 patri-

2145 1698 2241 1755 bus
2271 1714 2290 1752 :
2311 1674 2653 1767 tutusquisque
2675 1693 2731 1748 in
2756 1700 2962 1764 peccato
2980 1707 3076 1748 suo
3100 1688 3341 1744 morietur
3363 1674 3543 1759 (Deut.
3578 1697 3727 1752 xmv,

2136 1790 2303 1850 me
2319 1789 2363 1863 ).

2208 1885 2341 1941 Anc.
2374 1882 2451 1939 De
2492 1879 2616 1936 ﬁliis
2643 1877 2750 1936 hoc
2774 1877 2909 1935 dixit
2956 1876 3066 1947 jam
3118 1875 3279 1941 natis,
3307 1886 3416 1928 non
3451 1870 3508 1927 in
3554 1869 3732 1941 primo

2140 1985 2360 2052 parente
2394 1972 2683 2041 damnatis,
2710 1972 2767 2027 in
2803 1982 2911 2043 quo
2943 1981 3134 2024 omnes
3175 1971 3557 2038 peccaverunt,
3584 1969 3640 2018 et
3674 1959 3733 2015 in

2139 2085 2247 2142 quo
2272 2081 2460 2124 omnes
2484 2064 2801 2121 moriuntur.
2829 2062 2898 2118 Et
2928 2060 3031 2117 hoc
3050 2059 3265 2131 quidem
3289 2064 3615 2129 praeceptum
3630 2052 3732 2110 de-

2141 2161 2221 2218 dit
2265 2157 2575 2216 hominibus
2614 2153 2998 2227 iudicantibus,
3045 2166 3114 2208 ne
3154 2159 3308 2221 pater
3347 2162 3448 2219 pro
3483 2146 3611 2212 ﬁlio,
3644 2142 3736 2200 vel

2145 2253 2288 2310 illius
2329 2266 2428 2323 pro
2470 2259 2622 2323 patre
2658 2256 2977 2312 moreretur,
3020 2259 3144 2301 eum
3186 2257 3312 2299 reus
3362 2236 3736 2297 tantummodo

2144 2354 2300 2429 pater
2330 2351 2475 2400 esset
2519 2342 2787 2409 inventus,
2810 2348 2901 2395 aut
2927 2337 3089 2393 ﬁlius.
3109 2335 3376 2392 Caeterum
3409 2329 3615 2405 judicia
3640 2342 3740 2385 sua

2148 2420 2313 2505 beris,
2339 2436 2457 2493 sive
2495 2448 2617 2492 cum
2646 2447 2745 2505 per
2762 2446 2823 2499 se
2848 2431 3045 2511 ipsum,
3074 2429 3187 2485 sive
3210 2442 3333 2484 eum
3362 2440 3459 2495 per
3485 2420 3738 2479 homines

2144 2529 2351 2603 iudicat
2369 2570 2384 2597 ,
2407 2526 2601 2599 quibus
2639 2523 2732 2581 dat
2758 2521 3133 2594 propheticum
3165 2517 3432 2588 spiritum,
3466 2529 3578 2571 non
3619 2511 3743 2568 alii-

2149 2622 2294 2696 gavit
2319 2623 2419 2679 hac
2443 2621 2580 2692 lege.
2606 2616 2793 2689 Neque
2824 2615 2968 2672 enim
2992 2612 3210 2686 quando
3232 2619 3460 2682 excepto
3477 2608 3597 2665 Noe
3617 2621 3744 2662 cum

2152 2721 2283 2783 suis,
2306 2723 2532 2770 caeteros
2558 2725 2747 2768 omnes
2775 2706 2977 2765 diluvio
3003 2705 3255 2779 perdidit,
3278 2703 3548 2776 separavit
3573 2699 3748 2757 infan-

2153 2816 2236 2864 tes
2275 2807 2368 2878 qui
2406 2803 2643 2860 nondnm
2679 2800 2893 2857 fixerant
2930 2798 3122 2854 imitati
3166 2805 3412 2868 parentes
3464 2807 3614 2860 suos,
3657 2797 3751 2845 aut

2154 2901 2273 2958 sine
2291 2898 2403 2954 suis
2418 2895 2654 2969 parvulis
2672 2892 2978 2951 Sodomitas
2993 2891 3082 2947 ille
3105 2890 3244 2962 ignis
3268 2885 3565 2958 absumpsit
3590 2882 3749 2958 (Gen.

2156 3008 2249 3056 vn,
2271 2992 2415 3062 xix).
2438 2987 2591 3057 Quod
2621 2988 2665 3042 si
2686 2985 2965 3052 voluisset,
2994 2982 3177 3054 utique
3214 2979 3478 3052 potuisset
3500 2973 3753 3045 omnipo-

2158 3094 2300 3142 tens.
2331 3083 2398 3139 Et
2435 3081 2523 3137 ille
2562 3078 2776 3135 Acbar'
2803 3074 3053 3148 praecepti
3088 3081 3453 3144 transgressor
3486 3082 3630 3125 unus
3672 3065 3756 3122 in-

2159 3184 2373 3242 ventus,
2404 3182 2460 3230 et
2477 3183 2652 3228 tamen
2675 3184 2796 3226 cum
2824 3167 2938 3224 suis
2967 3166 3088 3223 ﬁliis
3107 3172 3163 3221 et
3181 3163 3393 3220 ﬁliabus
3416 3161 3629 3219 occism
3645 3164 3753 3214 est.

2161 3267 2303 3338 Quid
2349 3265 2417 3322 de
2459 3272 2539 3320 tot
2575 3261 2879 3318 civitatibus
2916 3257 3196 3315 debellatis
3236 3254 3425 3312 eodem
3465 3250 3759 3310 duaeduae

2162 3362 2309 3420 Nave
2337 3359 2554 3417 homine
2599 3356 2734 3413 Dei?
2757 3354 2944 3410 Nonne
2970 3352 3042 3408 ita
3080 3364 3269 3407 omnes
3305 3346 3574 3405 interfecti
3610 3352 3757 3409 sunt,

2166 3464 2223 3510 ut
2244 3452 2423 3509 nullus
2448 3450 2655 3521 spirans
2681 3447 3076 3516 relinqueretur
3096 3441 3277 3517 (Iosue
3300 3457 3392 3508 vn,
3416 3456 3491 3509 vi,
3509 3455 3567 3507 ι,
3585 3446 3683 3493 etc.
3699 3434 3761 3508 )‘i

2167 3546 2377 3605 Parvuli
2407 3545 2565 3617 igitur
2585 3541 2709 3613 quid
2754 3540 2881 3597 mali
2905 3537 3174 3596 fecerant?
3200 3536 3390 3593 Nonne
3414 3549 3513 3617 per
3536 3546 3761 3589 suorum

2166 3646 2449 3712 parentum
2476 3642 2712 3711 peccata,
2734 3646 2959 3704 quorum
2986 3645 3085 3687 nec
3112 3627 3332 3693 conscii,
3349 3640 3450 3684 nec
3465 3626 3765 3681 imitatores

2170 3746 2292 3789 esse
2334 3728 2509 3786 adhuc
2545 3734 2812 3801 poterant,
2848 3722 3030 3780 divino
3071 3721 3272 3794 judicio
3310 3734 3523 3791 pmnam
3550 3716 3767 3773 subiere

2172 3819 2549 3881 communem?
2577 3818 2745 3874 Aliter
2778 3830 2905 3887 ergo
2935 3814 3139 3886 indicat
3176 3812 3339 3879 Deus,
3361 3811 3520 3866 aliter
3560 3807 3767 3863 homini

2171 3916 2413 3991 prmcipit
2441 3922 2499 3969 ut
2519 3911 2723 3984 judicet
2750 3929 2766 3967 :
2793 3924 2914 3965 cum
2953 3907 3095 3964 Deus
3123 3905 3343 3963 homine
3367 3904 3484 3960 sine
3521 3902 3632 3958 ulla
3664 3900 3770 3956 du-

2176 4010 2435 4067 bitatione
2469 4007 2538 4062 sit
2574 4005 2785 4078 iustior.
2814 4002 2940 4058 Haec
2982 4000 3213 4057 debuisti
3256 4007 3381 4054 ante
3416 3997 3672 4068 cogitare,
3708 4006 3773 4049 ne

2178 4102 2245 4159 ad
2289 4116 2505 4159 causam
2534 4114 2639 4154 non
2668 4093 3056 4168 pertinentibus
3085 4086 3445 4148 immorareris
3484 4086 3772 4159 exemplis.

2250 4191 2388 4250 XIII.
2415 4190 2535 4248 Jun.
2571 4189 2691 4244 Non
2730 4185 3005 4243 declinabis
3024 4184 3279 4257 judicium
3318 4180 3576 4253 prosel‘yti,
3609 4187 3657 4232 et
3684 4193 3774 4234 or-

2184 4284 2360 4357 phani,
2385 4292 2430 4338 et
2469 4281 2657 4346 vidum;
2693 4295 2793 4335 non
2836 4277 3049 4348 accipies
3088 4276 3270 4348 pignus
3310 4266 3655 4328 uestimentum
3698 4267 3778 4323 ui-

2185 4374 2302 4431 duae
2325 4389 2346 4430 :
2372 4374 2491 4445 quia
2530 4371 2756 4445 famulus
2791 4367 2980 4424 erasin
3022 4357 3153 4421 terra
3184 4362 3423 4437 2Egypti,
3465 4371 3511 4417 et
3547 4359 3779 4416 liberavit

2185 4476 2233 4523 te
2260 4466 2508 4522 Dominus
2535 4462 2672 4518 Deus
2697 4473 2812 4515 tuus
2845 4459 3000 4524 inde;
3029 4467 3234 4530 propter
3268 4455 3362 4510 hoc
3389 4470 3480 4527 ego
3508 4452 3599 4507 tibi
3640 4466 3780 4524 prat-

2187 4559 2322 4630 cipio
2363 4560 2531 4630 facere
2573 4553 2773 4608 verbum
2818 4552 2913 4606 Iwc
2944 4550 3119 4624 (Deut.
3150 4563 3294 4616 xxw,
3326 4547 3392 4602 17
3420 4554 3465 4600 et
3495 4543 3610 4618 18).
3646 4544 3781 4600 Cum

2189 4650 2491 4710 institueret
2507 4649 2649 4704 Deus
2673 4644 2943 4719 judicandi
2970 4644 3217 4710 formam,
3242 4642 3344 4697 hoc
3365 4641 3542 4697 statim
3570 4638 3786 4695 sancire

2187 4745 2413 4811 curavit,
2439 4758 2507 4799 ne
2544 4749 2638 4798 aut
2684 4749 2931 4811 parentes
2972 4738 3027 4793 in
3072 4736 3323 4804 filiorum,
3345 4740 3440 4789 aut
3465 4731 3556 4787 ﬁlii
3585 4731 3645 4785 in
3686 4745 3786 4800 pa-

2188 4846 2400 4896 rentum
2423 4834 2624 4891 scelere
2652 4830 2957 4888 ferirentur.
2979 4826 3306 4899 Principium
3334 4839 3464 4909 ergo
3487 4831 3541 4879 et
3576 4822 3788 4892 ingres—

2190 4946 2311 4989 sum
2343 4929 2583 5001 iustitiae,
2611 4941 2770 4998 quam
2795 4922 2998 4980 servari
3030 4922 3080 4976 in
3108 4919 3433 4994 judicatione
3472 4914 3784 4977 mandabat.

2191 5010 2430 5081 ostendit
2454 5018 2598 5077 istud
2628 5032 2768 5084 esse,
2790 5030 2860 5072 ne
2892 5013 3121 5070 afﬁnitas
3159 5018 3407 5085 gravaret
3433 5008 3707 5077 innoxios,
3736 5014 3789 5063 et

2193 5115 2251 5173 in
2276 5115 2447 5186 ipsum
2467 5126 2635 5185 genus
2656 5116 2963 5183 excurreret
2992 5106 3194 5175 odium,
3225 5105 3368 5178 quod
3408 5117 3639 5177 persona
3675 5115 3789 5157 me-

2195 5209 2413 5267 ruisset.
2440 5205 2500 5262 In
2531 5221 2688 5262 causa
2715 5219 2846 5275 ergo
2873 5213 3083 5258 actuum
3113 5200 3368 5257 discernit
3394 5197 3621 5270 iustitia,
3654 5209 3787 5269 quos

2196 5300 2541 5361 necessitudo
2583 5298 2877 5371 coniungit.
2921 5296 3075 5368 Quod
3118 5295 3303 5368 utique
3328 5310 3436 5351 non
3482 5290 3714 5359 faceret,
3747 5287 3786 5345 si

2159 5444 2163 5448 .
2198 5412 2306 5454 una
2325 5405 2471 5454 esset
2495 5395 2632 5452 ratio
2655 5392 2939 5450 voluntatis
2963 5400 3019 5449 et
3036 5387 3279 5458 seminis,
3305 5395 3397 5443 aut
3414 5386 3461 5442 si
3485 5398 3622 5458 opus
3649 5380 3785 5439 arbi—

2198 5490 2290 5547 trii
2314 5489 2381 5545 ad
2409 5497 2649 5561 posteros
2688 5484 3013 5545 fecunditate
3055 5482 3325 5539 transiret.
3355 5479 3497 5537 Satis
3528 5468 3667 5548 ergo
3701 5490 3789 5532 su-

2184 5584 2403 5657 perque
2463 5580 2765 5649 docuimus,
2811 5577 2917 5635 boc
2971 5591 3077 5633 uno
3128 5572 3436 5631 testimonio
3463 5568 3788 5627 teterrimam

2202 5673 2360 5735 istam
2394 5670 2579 5744 iudicii
2619 5669 2933 5743 pravitatem
2954 5709 2968 5736 ,
3008 5680 3167 5738 quam
3196 5679 3366 5722 novus
3400 5674 3553 5720 error
3588 5658 3789 5729 ample-

2270 5784 2288 5817 ε
2312 5781 2450 5843 aditi,
2480 5778 2675 5843 aut.»
2702 5777 3199 5843 uss.,_utats._cmce
3214 5781 3309 5836 est.
3336 5769 3498 5843 auat.

2266 5816 2294 5880 ί
2314 5816 2598 5909 ’v’i'Eriie'Fi'u?
2608 5816 2688 5894 in}:
2703 5816 3198 5909 ἒῖἲὶίεἶιῗῗκῖὲιιῖἱῖιῖ

2208 5913 2286 5965 te:
2311 5904 2406 5970 est]
2439 5904 2616 5989 Acha,
2633 5912 2690 5975 ut
2712 5904 2837 5973 apud
2861 5909 2987 5959 LXX-
