3950 6470
114 362 264 421 1253

114 480 303 541 ctitur,
335 474 553 544 antiqua
593 469 714 527 latae
751 460 884 538 legis
920 454 1234 520 auctoritate
1257 458 1562 516 contritam.
1590 456 1722 526 Quae

114 580 270 629 certe
308 566 575 626 sententia
616 565 691 621 ita
736 561 898 623 estin
935 572 1153 615 causam
1179 555 1471 626 prolata,ut
1509 551 1715 611 nulum

118 667 305 721 locum
338 658 616 731 reliquerit
636 652 960 726 ambigendi.

188 758 332 813 Anc.
365 751 592 811 Resistit
619 749 714 806 tibi
738 749 900 813 Deus,
929 744 1021 817 qui
1046 742 1182 800 dixit
1208 740 1266 797 in
1294 738 1431 797 libro
1460 735 1721 804 Levitico,

118 847 185 903 Et
224 848 321 912 qui
364 843 696 913 rmameriqt
736 856 799 899 ex
824 838 1000 907 nobis,
1030 832 1343 907 dispa‘ibunt
1368 837 1573 903 praptar
1613 843 1728 897 pee-

120 949 233 994 cata
282 954 382 995 sua
408 979 426 1007 ,
455 946 503 994 et
552 944 758 1008 propter
797 939 1001 1003 peccata
1041 936 1242 1001 patrum
1279 940 1486 983 suorum
1526 920 1723 996 (Leuit.

120 1028 446 1104 κακῶ).
1444 1060 1449 1069 ι
1530 1042 1539 1051 ο
1655 1068 1668 1077 .

187 1123 340 1181 XIV.
369 1122 489 1181 Jun.
520 1119 809 1177 Instituens
845 1117 1041 1188 quippe
1078 1114 1221 1171 Deus
1261 1126 1382 1183 quae
1430 1109 1484 1166 in
1514 1105 1729 1165 exami-

130 1220 286 1277 nibus
312 1217 538 1275 deberet
566 1213 738 1271 forma
764 1210 985 1277 servari,
1011 1206 1334 1281 praescripsit
1367 1218 1436 1259 ne
1472 1203 1731 1258 innocen-

129 1312 196 1369 tia
222 1307 636 1366 necessitudinis
677 1320 790 1362 suae
818 1302 1066 1374 periculis
1090 1301 1440 1372 iungeretur;
1469 1303 1630 1364 atque
1670 1300 1732 1347 ut

128 1413 341 1475 patrem
369 1418 401 1457 a
431 1399 692 1474 supplicio
733 1395 1007 1469 peccantis
1042 1393 1159 1459 ﬁlii,
1192 1392 1265 1447 ita
1302 1388 1471 1446 tilium
1500 1403 1531 1442 a
1566 1385 1731 1456 patris

130 1495 583 1555 condemnatioue
624 1491 911 1564 separavit;
960 1482 1519 1557 nstendeusprofecto
1560 1479 1726 1535 simili

132 1590 275 1649 exitu
326 1588 607 1657 utriusque
645 1598 910 1656 personae,
941 1590 1049 1636 tam
1085 1594 1193 1636 non
1234 1590 1394 1648 posse
1446 1580 1730 1645 parentum

132 1682 197 1739 ad
226 1680 367 1737 ﬁlios
415 1688 636 1751 peccata
679 1675 929 1743 transire,
953 1688 1112 1745 quam
1148 1685 1249 1728 nec
1288 1669 1519 1725 ﬁliorum
1556 1673 1733 1721 trans-

141 1783 271 1830 eunt
291 1772 356 1828 ad
390 1781 658 1843 parentes.

203 1869 343 1925 Anc.
372 1862 650 1923 Suﬁ’ocant
682 1869 737 1919 te
776 1858 1003 1933 parvuli,
1025 1856 1117 1928 qui
1159 1869 1268 1913 non
1309 1852 1470 1911 etiam
1511 1858 1734 1923 propter

135 1972 259 2025 sua,
307 1956 411 2014 sed
453 1962 678 2028 propter
719 1953 834 2012 sola
879 1957 1161 2023 parentum
1194 1953 1412 2019 peccata
1450 1944 1607 2001 toties
1650 1942 1733 1998 le-

135 2059 329 2121 guntur
348 2048 540 2104 occisi.

198 2139 319 2201 XV.
369 2139 495 2198 Jun.
525 2138 629 2207 Qui
673 2151 802 2209 ergo
840 2141 1030 2193 contra
1065 2132 1205 2191 hanc
1246 2125 1566 2187 sententiam
1606 2124 1745 2182 dicit.

138 2233 414 2291 traducem
442 2246 567 2290 esse
608 2229 832 2303 peccati,
864 2227 1007 2284 dicat
1044 2237 1257 2297 quoque
1300 2234 1579 2278 recursum
1616 2233 1737 2276 esse

138 2328 335 2399 peccati
363 2345 382 2383 :
414 2336 476 2383 ut
503 2326 552 2383 si
578 2340 611 2383 a
642 2323 948 2396 parentibus
975 2320 1043 2376 ad
1072 2319 1213 2375 ﬁlios
1257 2326 1470 2388 peccata
1512 2315 1738 2371 descen~

139 2422 288 2489 dunt,
314 2418 615 2477 ascendant
641 2433 671 2472 a
693 2416 815 2472 ﬁliis
848 2415 917 2475 ad
941 2419 1212 2487 parentes.
1243 2409 1509 2479 Quoniam
1543 2406 1738 2463 divina

140 2514 269 2586 legis
296 2512 543 2575 ostendit
570 2508 882 2576 auctoritas,
904 2506 976 2565 ita
1022 2511 1305 2576 parentum
1346 2499 1570 2556 erimina
1614 2496 1739 2553 ﬁliis

142 2624 244 2665 non
270 2623 492 2672 nocere,
516 2605 654 2661 sicut
678 2617 779 2659 nec
805 2599 1115 2674 parentibus
1141 2596 1394 2652 ﬁliorum.

210 2710 344 2760 Anc.
377 2702 587 2757 Divinze
626 2698 762 2770 legis
803 2694 1095 2752 auctoritas
1134 2691 1190 2747 in
1228 2688 1445 2762 iudiciis
1490 2683 1738 2741 humanis

144 2798 310 2855 noluit
346 2796 492 2852 ﬁlios
538 2791 777 2865 pendere
814 2804 912 2862 pro
954 2784 1265 2859 parentibus
1308 2794 1518 2853 pinnas,
1544 2793 1653 2834 non
1684 2780 1740 2833 in

144 2891 361 2954 divinis,
383 2888 473 2944 ubi
495 2888 637 2943 Deus
662 2885 812 2953 dicit,
837 2880 1067 2945 Reddam
1088 2885 1292 2949 peccata
1315 2882 1517 2946 parum
1532 2872 1586 2926 in
1608 2870 1743 2941 [ilics

153 2982 333 3052 (Deut.
355 2997 409 3049 v,
430 2978 511 3052 9).
528 2978 620 3034 Sic
653 2975 822 3032 debes
866 2970 1077 3042 legere1
1104 2967 1243 3039 legis
1280 2964 1445 3031 verba
1483 2977 1605 3034 qua
1636 2961 1747 3029 vis,

152 3082 211 3127 ut
232 3073 432 3141 cogites
460 3079 513 3125 te
531 3067 840 3124 auditurum
858 3077 981 3119 esse
1006 3074 1127 3132 qua
1150 3072 1259 3123 non
1284 3056 1386 3112 vis.

218 3165 357 3220 XVI.
383 3164 507 3220 Jun.
537 3162 687 3233 Ergo
712 3166 899 3217 contra
919 3155 1057 3210 hanc
1081 3153 1259 3213 nitens
1285 3150 1364 3219 ire
1399 3145 1742 3214 sententiam,

148 3261 341 3328 pariter
365 3256 483 3312 ﬁeri
504 3261 731 3320 asserat,
762 3248 913 3323 quod
936 3246 1134 3318 pariter
1155 3259 1227 3300 ne
1254 3241 1407 3298 ﬁeret
1426 3240 1747 3309 imperatum

148 3367 244 3413 est.
266 3354 507 3410 Facilius
548 3350 747 3424 quippe
794 3348 880 3403 lex
914 3343 1011 3399 Dei
1049 3340 1250 3412 negari,
1276 3351 1436 3409 quam
1472 3331 1747 3391 emendari

151 3459 337 3521 potest;
374 3457 433 3502 ct
471 3445 597 3500 licet
641 3442 711 3499 sit
740 3439 958 3511 profana
1000 3433 1229 3505 negatio,
1249 3427 1520 3501 profanior
1566 3434 1747 3482 tamen

150 3517 539 3610 absurdius-que
582 3534 847 3593 correctio
880 3539 982 3588 est.
1014 3528 1072 3585 Si
1095 3527 1242 3583 enim
1278 3523 1346 3580 de
1382 3521 1590 3578 duobus
1632 3517 1747 3588 ejus

152 3636 379 3692 decretis
406 3647 574 3695 unum
595 3626 889 3693 venereris,
904 3624 1134 3685 alterum
1158 3615 1460 3677 exsecreris
1475 3613 1748 3685 ingratus'

154 3732 218 3783 ab
262 3727 381 3798 ejus
416 3732 572 3797 parte
604 3720 749 3794 quod
786 3718 1115 3787 suscipis,et
1159 3711 1239 3769 illi
1275 3708 1486 3780 cogeris
1529 3704 1751 3762 obedire

155 3822 290 3893 quod
320 3817 558 3889 respuis;
581 3813 837 3888 quoniam
869 3809 1028 3866 unius
1077 3802 1222 3878 quod
1265 3800 1362 3859 tibi
1404 3800 1628 3893 charum
1664 3805 1751 3853 est

160 3892 436 3985 dignitate,
461 3910 624 3967 etiam
671 3906 727 3965 id
770 3903 913 3977 quod
949 3897 1268 3958 aversabare
1310 3892 1644 3950 defenditur:
1668 3897 1748 3944 at-

157 4022 257 4078 que
280 4002 672 4065 absurdissimis
697 4014 763 4056 ea
787 4012 848 4054 se
868 3995 1151 4067 quisquam
1175 3987 1345 4045 credit
1372 3992 1635 4078 pracepta
1658 3995 1751 4039 ve-

157 4076 352 4164 nerari,
381 4109 612 4167 quorum
644 4100 850 4164 partem
870 4086 1033 4144 audet
1070 4085 1360 4140 incessere.
1389 4076 1543 4139 Unde
1563 4088 1753 4131 conse-

159 4191 405 4262 quentius
444 4194 626 4260 potest
647 4183 831 4255 negari
876 4183 961 4237 lex
1006 4177 1276 4243 universa,
1305 4188 1464 4245 quam
1507 4168 1701 4240 corrigi
1734 4186 1753 4223 ι

158 4299 315 4341 nemo
335 4291 521 4338 autem
546 4295 665 4335 eam
701 4276 989 4347 corrigere,
1019 4271 1120 4331 nisi
1150 4267 1344 4339 impius
1387 4263 1611 4335 quisque
1635 4268 1755 4317 ten-

159 4378 289 4433 tahit
311 4395 326 4431 :
348 4393 383 4432 a
430 4372 698 4445 religiosis
748 4383 876 4440 ergo
899 4376 954 4423 et
994 4360 1347 4437 prudentibus
1392 4364 1503 4412 tota
1532 4352 1755 4445 suscipi?

159 4471 299 4539 tu",
317 4479 429 4526 tota
451 4444 714 4523 laudatur.
733 4462 845 4519 Nec
867 4474 999 4518 sane
1014 4467 1341 4529 quemquam
1360 4456 1592 4515 moveat,
1609 4444 1754 4539 quod

156 4568 317 4623 ritum
350 4560 741 4619 sacriﬁciorum
779 4563 1024 4612 veterum
1056 4548 1191 4605 Novi
1220 4541 1548 4602 Testamenti
1575 4532 1756 4595 videat

157 4668 315 4717 atate
340 4670 608 4714 cessasse.
634 4651 754 4708 Non
774 4659 858 4707 est
884 4662 986 4703 una
1017 4643 1157 4702 ratio
1192 4641 1447 4697 virtutum
1477 4644 1530 4691 et
1556 4633 1756 4689 hostia-

158 4768 277 4813 rem
308 4750 454 4807 :atia
488 4754 576 4802 est
619 4749 1007 4816 praeceptorum
1051 4732 1381 4807 perennitas,
1415 4727 1518 4783 alia
1544 4723 1754 4781 sacriﬁ-

166 4849 375 4904 dorum
399 4838 785 4912 temporalitas.
805 4833 1065 4911 Veniente
1090 4841 1267 4885 tamen
1282 4822 1517 4887 Christo,
1543 4820 1635 4890 qui
1658 4817 1756 4873 ho-

157 4940 277 4997 stiis
311 4936 639 5009 ﬁgurabatur
652 4930 903 5002 antiquis,
918 4925 1134 4997 impleta
1149 4927 1290 4985 sunt,
1312 4932 1418 4974 non
1430 4913 1757 5009 condemna-

161 5041 209 5088 ta
229 5074 243 5100 ,
275 5005 401 5104 quae
426 5030 639 5087 fuerant
674 5023 935 5080 instituta.
962 5018 1147 5088 Neque
1183 5014 1326 5071 enim
1356 5009 1469 5066 suis
1504 5005 1758 5075 tempori-

158 5097 260 5181 bus
289 5097 695 5195 praedicuntur"
713 5115 947 5172 exercita
971 5130 989 5166 :i
1009 5109 1102 5166 sed
1127 5103 1446 5163 succedente
1474 5097 1759 5172 perfectio-

159 5235 251 5289 ne,
281 5234 406 5292 quae
429 5216 691 5290 promissa
705 5210 897 5267 ofﬁciis
910 5220 1097 5265 eorum
1114 5199 1381 5267 fuerant‘,
1417 5196 1756 5268 quieverunt.

230 5284 374 5370 is.
414 5284 532 5368 ἱιοο
559 5306 687 5381 quid
729 5304 797 5363 ad
825 5300 974 5360 rem?
1017 5299 1241 5355 Peocata
1285 5299 1496 5365 patrum
1539 5302 1599 5344 se
1625 5284 1761 5342 dixit

158 5407 311 5465 Deus
334 5406 391 5462 in
419 5402 561 5459 ﬁlios
584 5398 942 5462 redditurum,
962 5407 1069 5451 non
1099 5386 1395 5447 sacriﬁcia:
1420 5391 1620 5440 etcum
1636 5394 1763 5450 pos-

159 5501 273 5558 sint
297 5499 462 5556 etiam
483 5501 742 5569 parentes
766 5488 962 5547 imitari
992 5485 1166 5543 malos
1191 5480 1363 5548 ﬁlios,
1380 5488 1654 5547 nunquam
1674 5481 1760 5529 ta-

226 5704 247 5736 ⁸
276 5710 430 5753 vetns
449 5699 610 5766 codex
630 5702 782 5766 portu

224 5767 250 5829 ξ
273 5766 352 5829 sic
372 5770 483 5829 uss.
505 5758 1044 5829 Vignierius,

226 5827 255 5860 ³
273 5827 351 5877 Sic
369 5819 672 5889 “$0.153”
689 5819 968 5889 suspicitur.
1008 5884 1017 5889 _
1050 5819 1109 5862 Μ.
1204 5820 1207 5827 τ

226 5889 254 5923 ὀ
276 5889 356 5940 Sic
374 5878 483 5939 es.
510 5893 569 5938 At
590 5878 729 5945 editi,
749 5878 1099 5948 medicantur.

228 5951 261 5991 ⁸
294 5955 455 6015 roris,
474 5948 652 6010 frtem.

1476 338 1675 398 LIBER
1713 332 2022 397 TERTIUS.

3198 362 3209 365 -
3270 330 3408 391 125‘

1833 469 1954 510 men
1982 451 2116 508 dixit
2140 450 2299 518 Deus,
2332 449 2571 505 Reddam
2598 456 2813 520 peccata
2851 448 3080 506 ﬁliorum
3108 449 3164 506 in
3186 457 3405 521 patres:

1831 546 1928 602 sed
1954 543 2272 615 ubicumque
2292 541 2395 597 hoc
2412 541 2566 610 dixit,
2588 555 2712 597 cum
2731 553 2881 612 sape
2896 540 2997 597 hoc
3014 539 3208 597 dixerit
3229 539 3411 614 (Deut.

1831 655 1884 706 v,
1915 639 1983 706 9;
2013 637 2173 699 Num.
2204 652 2314 705 xiv,
2339 635 2435 703 18;
2464 632 2636 691 Exod.
2660 649 2757 702 xx,
2796 633 2852 703 li,
2880 648 3027 701 x—xtv,
3064 634 3117 699 ν,
3143 643 3191 689 et
3215 633 3407 690 larem.

1834 748 2007 800 xxxu,
2056 729 2172 802 18),
2228 739 2433 801 patrum
2473 728 2607 784 dixit
2642 727 2696 783 in
2739 725 2914 791 ﬁlios;
2961 725 3051 785 ubi
3095 726 3278 798 utique
3324 741 3413 799 ge-

1832 826 2145 894 nerationis,
2186 840 2290 881 non
2331 822 2642 880 imitationis
2679 836 2740 878 se
2780 819 3017 877 ostendit
3056 820 3181 878 vitia
3230 835 3413 893 persc-

1831 930 2081 993 quentem
2100 921 2140 974 ί.

1904 1015 2068 1072 XVII.
2108 1014 2226 1071 Jun.
2268 1013 2538 1084 Praecepta
2562 1020 2761 1080 autem,
2799 1009 2994 1083 quibus
3019 1007 3211 1080 pietas,
3256 1005 3410 1076 ﬁdes,

1829 1110 2056 1183 justitia,
2081 1108 2337 1166 sanctitas
2359 1109 2685 1177 continetur,
2710 1120 2817 1162 non
2842 1105 3013 1161 solum
3035 1119 3140 1159 non
3167 1116 3415 1160 cessave-

1833 1212 1975 1268 runt,
2003 1218 2186 1257 verum
2214 1203 2373 1258 etiam
2397 1200 2668 1257 cumulata
2692 1206 2834 1255 sunt.
2859 1196 2926 1253 Et
2950 1196 3069 1253 haec
3090 1196 3174 1251 lex
3196 1193 3417 1266 justitite

1833 1297 1889 1352 in
1910 1296 2122 1366 iudiciis
2150 1295 2532 1363 custodiendae,
2561 1308 2722 1365 quam
2744 1292 2812 1349 de
2841 1289 3257 1348 Denteronomio
3284 1303 3413 1360 pro-

1835 1387 2071 1455 tulimus,
2101 1404 2208 1442 non
2236 1387 2303 1442 ad
2348 1386 2774 1443 ceremoniarum
2800 1392 3035 1452 natalem,
3060 1382 3157 1439 sed
3176 1379 3245 1437 ad
3273 1395 3417 1453 prze-

1835 1491 2108 1553 ceplorum
2156 1482 2546 1553 perennitatem
2571 1479 2812 1551 respicit,
2843 1493 2941 1535 nec
2981 1493 3105 1534 cum
3134 1475 3416 1533 circumci-

1835 1575 1987 1631 sione
2015 1574 2280 1641 discessit,
2307 1574 2401 1630 scd
2427 1589 2547 1629 cum
2568 1572 2771 1644 justitia
2806 1579 3135 1644 perseverat.

1909 1671 2039 1724 Anc.
2081 1668 2196 1724 1am
2229 1666 2323 1723 tibi
2351 1667 2549 1723 dictum
2572 1673 2673 1730 est,
2705 1662 3010 1719 hominibus
3027 1662 3142 1719 haec
3162 1661 3421 1734 imperata

1836 1775 1957 1817 esse
1979 1760 2195 1832 judicia,
2233 1775 2336 1816 non
2370 1761 2479 1815 Deo
2507 1758 2678 1829 posita
2726 1755 3053 1827 praeiudicia.
3105 1754 3340 1826 Denique
3370 1755 3416 1812 si

1836 1853 1998 1909 homo
2017 1852 2262 1925 judicans
2300 1852 2458 1918 dicat,
2490 1850 2729 1907 Reddam
2760 1857 2974 1921 peccata
3006 1859 3215 1920 patrum
3258 1849 3312 1905 in
3357 1848 3422 1904 ﬁ-

1837 1948 1967 2026 lios;
1995 1947 2342 2020 iniustissime
2366 1946 2514 2014 dicit,
2540 1954 2595 2002 et
2614 1944 2791 2002 divino
2818 1944 3045 2016 imperio
3071 1942 3419 2017 contradicit:

1837 2057 1939 2098 nec
1976 2041 2094 2097 idco
2144 2053 2321 2097 tamen
2368 2041 2511 2097 Deus
2535 2048 2627 2095 aut
2654 2038 2906 2107 mendax,
2948 2046 3039 2093 aut
3067 2037 3295 2108 injustas
3318 2044 3421 2111 est,

1838 2150 1961 2192 cum
1981 2135 2083 2191 hoc
2102 2135 2250 2190 dicit.
3410 2114 3417 2121 ’

1914 2227 2096 2283 ΧἮΙΙ.
2136 2226 2256 2283 ιω..
2298 2225 2355 2280 1η
2382 2223 2626 2281 absoluto
2656 2232 2740 2280 est
2765 2222 2945 2295 igitur,
2972 2221 3019 2276 si
3044 2221 3213 2294 Moysi
3247 2219 3420 2289 credi-

1839 2328 1927 2377 tur
1951 2320 2139 2391 magis,
2167 2335 2262 2389 per
2289 2333 2448 2389 quem
2474 2316 2612 2371 Deus
2640 2315 2894 2385 loquitur,
2924 2328 3083 2385 quam
3104 2311 3423 2389 Augustino,

1840 2429 1938 2485 per
1967 2427 2124 2485 quem
2152 2409 2495 2475 Manichacus,
2520 2416 2798 2479 parentum
2821 2403 3053 2478 peccatis
3078 2418 3199 2461 reos
3220 2408 3425 2477 perna-

1842 2514 2014 2561 turam
2043 2504 2180 2558 ﬁlios
2202 2517 2306 2558 non
2341 2501 2511 2557 teucri
2529 2501 2572 2553 ’.
3232 2484 3237 2495 ’

1914 2599 2047 2654 Anc.
2090 2595 2224 2650 Eam
2252 2593 2413 2649 ﬁdem
2445 2608 2531 2647 me
2556 2589 2845 2647 defendere
2874 2586 3132 2644 adversus
3167 2595 3239 2655 te,
3269 2600 3426 2658 quam

1843 2692 2088 2749 catholici
2107 2691 2275 2746 sancti
2294 2690 2527 2761 clarique
2542 2688 2812 2756 doctores,
2837 2687 2924 2758 qui
2941 2684 3154 2741 fuerunt
3167 2693 3290 2740 ante
3309 2696 3428 2769 nos,

1844 2788 1899 2843 in
1944 2784 2181 2842 Ecclesia
2228 2784 2490 2840 catholica
2549 2781 2849 2837 didicerunt
2904 2788 3065 2851 atque
3111 2778 3430 2849 docuerunt,

1844 2879 2003 2935 etiam
2028 2877 2143 2948 ipse
2160 2877 2299 2932 nosti
2321 2895 2333 2931 :
2357 2875 2450 2931 sed
2474 2874 2725 2945 quoniam
2746 2873 2865 2928 illos
2885 2871 2927 2927 si
2950 2862 3189 2945 lacerare
3206 2869 3428 2949 audeas,

1846 2988 1947 3028 nec
1966 2971 2042 3027 tui
2075 2981 2125 3026 te
2154 2969 2362 3035 ferunt;
2395 2968 2513 3024 ideo
2541 2983 2701 3023 unum
2732 2981 2819 3021 me
2857 2965 3082 3036 elcgisti,
3111 2980 3270 3037 quem
3300 2977 3434 3023 con-

1845 3066 1983 3122 vicio
2011 3065 2132 3121 falsi
2158 3064 2394 3120 criminis
2422 3063 2737 3136 appetitum,
2771 3061 2922 3135 quasi
2963 3059 3271 3132 fugiendum
3311 3073 3436 3139 pere

1848 3160 2073 3216 suadeas
2088 3177 2102 3227 ;
2123 3167 2179 3214 ut
2197 3158 2329 3215 ﬁdes
2347 3159 2433 3213 illa
2452 3158 2699 3229 fugiatur,
2716 3172 2834 3228 quae
2849 3154 3068 3212 defensa
3085 3170 3180 3210 vos
3196 3153 3434 3227 damnat.

1848 3252 1964 3310 Jam
1993 3263 2046 3309 et
2075 3253 2320 3323 superius
2345 3251 2437 3307 tibi
2466 3250 2605 3315 dixi;
2636 3247 2848 3320 quando
2876 3263 2971 3319 pro
3003 3245 3318 3319 defensione
3341 3259 3435 3315 ca-

1852 3348 2061 3403 tholicae
2110 3346 2269 3402 ﬁdeia
2298 3344 2367 3400 ab
2406 3344 2672 3399 haereticis
2716 3340 3065 3403 contumelias
3110 3338 3289 3423 audio,
3338 3352 3438 3425 prq

1850 3439 2094 3496 laudibus
2125 3438 2314 3493 habeo.
2346 3436 2484 3506 Quid
2528 3435 2737 3491 laboras
2778 3434 2930 3489 nobis
2959 3432 3252 3505 prrcdicqre
3295 3428 3439 3503 quod

1852 3531 2082 3589 scimus?
2106 3530 2315 3603 Moyses
2341 3545 2524 3585 verum
2549 3526 2720 3583 dixit:
2743 3524 2836 3582 sed
2872 3533 2930 3581 tu
2958 3516 3091 3585 nihil
3120 3521 3273 3595 dicis.
3299 3520 3439 3593 Red:

1854 3625 1973 3679 dam
1997 3632 2200 3695 peccata
2230 3631 2433 3694 patrum
2462 3621 2517 3675 in
2547 3619 2700 3690 ﬁlios,
2724 3633 2830 3673 non
2863 3618 2937 3672 ait
2957 3614 3138 3689 homo,
3162 3613 3257 3686 sed
3278 3614 3441 3688 Deus;

1853 3732 2029 3788 neque
2071 3725 2129 3771 ut
2166 3714 2327 3772 homo
2353 3712 2405 3768 id
2435 3713 2612 3778 faciat,
2659 3711 2804 3766 Deus
2841 3709 3093 3785 praecepit
3140 3706 3242 3777 hoc
3288 3706 3443 3789 loco;

1855 3808 1949 3864 sed
1977 3807 2105 3879 quid
2135 3808 2250 3878 ipse
2276 3804 2454 3871 faciat,
2490 3801 2764 3860 indicavit.
3034 3794 3039 3797 ’

1926 3898 2071 3954 XIX.
2111 3897 2231 3954 ἔοι..
2274 3898 2449 3967 Atque
2474 3895 2546 3950 ita
2572 3910 2678 3949 non
2708 3890 2937 3955 transire
2979 3889 3047 3948 ad
3079 3897 3322 3967 posteros
3346 3903 3442 3965 ge—

1856 3990 2156 4047 nerantium
2184 3989 2427 4054 crimina,
2449 3985 2689 4060 quamvis
2712 4000 2778 4041 ex
2798 3983 2876 4040 eis
2897 3983 3008 4043 nati
3027 3983 3164 4065 sint;
3187 3980 3325 4053 sicut
3348 3995 3448 4053 nec

1856 4088 2085 4143 ﬁliorum
2136 4085 2202 4140 ad
2244 4092 2514 4157 parentes,
2547 4081 2638 4154 qui
2687 4079 2754 4139 de
2794 4078 2917 4135 ﬁliis
2963 4078 3075 4134 suis
3112 4090 3449 4159 nequaquam

1856 4190 2080 4253 potuere
2107 4177 2373 4255 generari.
2405 4176 2481 4231 lla
2521 4175 2681 4248 igitur
2722 4171 3046 4229 innocentiae
3076 4171 3323 4237 nativitas
3353 4184 3451 4239 sua

1857 4271 2074 4330 ofﬁcere
2098 4286 2202 4326 non
2228 4276 2422 4343 potest,
2452 4267 2590 4324 sicut
2615 4281 2725 4325 non
2751 4272 2926 4343 potest
2950 4264 3144 4335 obesse
3179 4278 3303 4335 cum
3340 4276 3452 4334 non

1857 4376 1941 4423 est
1962 4366 2004 4419 ‘.

1930 4462 2063 4516 Anc.
2104 4456 2311 4530 Negare
2337 4464 2513 4512 tamen
2540 4469 2646 4510 non
2667 4460 2840 4527 potes,
2864 4465 3024 4524 posse
3048 4455 3303 4525 parentes
3330 4442 3452 4507 imi"-

1861 4553 1961 4609 tari
1994 4552 2131 4607 ﬁlios
2164 4565 2311 4618 suos,
2356 4563 2458 4604 nec
2480 4548 2720 4618 unquam
2749 4544 2917 4599 Deum
2948 4540 3167 4607 dixisse,
3210 4535 3455 4611 Reddam

1859 4653 2085 4725 peccata
2104 4642 2333 4698 filiorum
2361 4640 2416 4699 iu
2444 4647 2645 4717 patres.
2674 4636 2810 4692 Cum
2836 4649 2965 4713 ergo
2989 4632 3143 4709 dicit,
3171 4640 3377 4711 patrum
3396 4630 3451 4686 in

1861 4744 2027 4815 ﬁlios,-
2056 4756 2163 4797 non
2190 4736 2565 4801 imitationem,
2596 4731 2692 4789 sed
2715 4730 3115 4805 generationem
3143 4725 3455 4811 redarguit;

1863 4851 1970 4891 non
1992 4830 2260 4907 quomodo
2278 4845 2344 4886 cx
2360 4828 2453 4884 illo
2470 4843 2600 4894 uno,
2620 4826 2674 4882 in
2686 4804 2792 4899 quo
2808 4824 2921 4897 ipsa
2940 4824 2991 4895 in
3008 4821 3246 4895 deterius
3262 4804 3454 4891 natura

1862 4935 2064 4984 mutata
2089 4932 2189 4993 est,
2213 4930 2273 4980 ut
2297 4929 2513 4994 propter
2538 4919 2639 4975 hoc
2659 4918 2818 4975 etiam
2846 4916 2982 4985 mori
3006 4930 3228 4987 necesse
3261 4912 3331 4977 sit
3358 4910 3459 4985 lgo-

1863 5023 2016 5092 mini,
2050 5020 2145 5078 sed
2168 5028 2346 5076 tamen
2363 5016 2541 5094 aliquo
2558 5012 2719 5069 modo
2737 5011 2990 5081 nonnulla
3006 5022 3338 5083 quorumque
3358 5021 3454 5087 pa-

1866 5126 2005 5173 trum
2022 5122 2237 5187 peccata
2256 5109 2549 5168 redduntur
2564 5106 2617 5162 in
2635 5104 2795 5177 ﬁlios,
2813 5119 2918 5159 non
2933 5101 3248 5173 imitatione,
3264 5097 3356 5173 sed
3373 5114 3459 5169 ge-

1867 5208 2144 5264 neratione
2168 5203 2386 5276 punita:
2411 5199 2532 5255 ideo
2555 5213 2661 5254 non
2690 5195 2839 5261 dicit,
2857 5194 2911 5249 in
2936 5193 3133 5249 tertiam
3152 5199 3197 5246 et
3225 5198 3458 5263 quartam

1867 5302 2239 5366 imitationem,
2274 5293 2372 5353 sed
2396 5291 2803 5367 generationem;
2831 5286 2983 5346 vobis
3013 5283 3225 5361 quidem
3268 5280 3458 5351 nolen—

1869 5397 2029 5466 tibus,
2052 5400 2413 5451 verumtamen
2430 5398 2485 5444 ct
2503 5385 2672 5454 vobis,
2692 5381 2868 5440 vebtis
2882 5378 3084 5447 nolitis,
3098 5372 3459 5432 audientibus.
3526 5394 3529 5397 ν

1935 5600 1953 5633 ί
1980 5594 2269 5662 Vignierius,
2294 5590 2667 5657 prosequentum.
2701 5589 2757 5633 At
2789 5580 2947 5634 codex
2990 5585 3124 5640 Itan,
3165 5584 3459 5640 persequat-

1870 5669 2273 5788 mrd’ignierius,
2297 5713 2504 5783 afﬁrmat
2535 5722 2630 5762 non
2661 5705 2828 5759 teneri.
2863 5704 3024 5769 Abest,
3060 5699 3291 5779 edim,
3318 5710 3349 5751 a
3376 5704 3459 5749 Ms.

1873 5794 2271 5911 Wﬁligierius,
2296 5852 2387 5907 pro

1944 5915 1964 5948 ι
1989 5887 2564 5973 immisisse
2598 5887 2778 5951 codicis
2809 5898 3077 5959 vortat-um,
3098 5889 3225 5958 quod
3254 5897 3348 5943 non
3369 5887 3465 5942 at.

1913 6016 1959 6032 ,ρ
