3950 6550
481 472 622 532 1955

552 587 671 645 XX.
710 586 830 645 Jun.
868 586 1000 646 Acta
1024 587 1240 660 quidem
1257 600 1347 643 res
1371 593 1486 642 est:
1508 581 1606 640 sed
1633 591 1810 637 tamen
1837 585 1897 633 ut
1917 575 1985 632 ad
2007 574 2059 632 id

481 681 624 756 quod
647 679 812 738 aﬁ‘ero
833 681 904 739 sit
931 681 1168 739 intentus
1186 681 1375 748 lector,
1405 679 1688 734 admoneo.
1716 673 1775 731 Si
1799 671 2062 744 quispiam

479 777 752 845 existeret,
793 775 884 848 qui
928 775 1031 833 hoc
1071 775 1410 848 proﬁteretur
1458 773 1702 828 libertate
1754 765 2060 832 verborum,

481 869 623 940 quod
657 869 1078 940 argumentando
1107 867 1467 924 Traducianus
1505 863 1771 921 conﬁcere
1817 868 2060 926 conatur,

482 961 534 1017 id
561 970 661 1028 est,
695 971 751 1018 ut
792 978 1020 1033 pugnam
1050 961 1306 1017 indiceret
1347 959 1450 1030 legi
1492 957 1605 1025 Dei,
1650 964 1705 1011 et
1745 951 2063 1011 sententiam

481 1068 640 1124 quam
667 1055 1004 1125 protulimus,
1027 1053 1142 1110 sine
1168 1053 1344 1123 aliquo
1366 1052 1556 1106 timore
1571 1048 1889 1119 despiceret,
1913 1058 2064 1100 asse-

483 1158 730 1218 reretque
752 1147 943 1217 quibus
985 1154 1164 1217 posset
1189 1145 1380 1210 modis,
1410 1143 1601 1198 falsum
1642 1140 1743 1195 hoc
1782 1149 2065 1206 utrumque

487 1251 610 1293 esse
638 1238 778 1308 quod
805 1238 952 1293 Deus
981 1236 1182 1294 servari
1213 1236 1400 1303 voluit,
1431 1242 1486 1290 et
1524 1230 1839 1290 sententiam
1870 1228 1937 1282 de
1961 1239 2064 1296 qua

484 1327 750 1400 loquimur
777 1344 840 1384 ex
870 1338 1110 1400 utraque,
1150 1335 1404 1398 quantum
1443 1325 1495 1380 in
1523 1339 1580 1380 se
1601 1331 1735 1390 erat,
1761 1329 1909 1392 parte
1935 1317 2064 1374 sub-

485 1430 686 1490 rueret,
723 1437 939 1493 prorsus
969 1429 1205 1493 putasset
1225 1428 1470 1492 parentes
1495 1425 1710 1488 propter
1737 1415 1987 1481 ﬁliorum,
2012 1419 2067 1467 et

484 1514 621 1571 ﬁlios
646 1525 862 1585 propter
888 1524 1165 1585 parentum
1197 1523 1413 1585 peccata
1451 1524 1557 1568 tam
1587 1511 1760 1566 solere
1786 1522 1944 1578 quam
1970 1504 2067 1560 de-

481 1603 611 1661 bere
635 1604 908 1661 damnari:
930 1621 1027 1661 nec
1055 1604 1142 1661 hic
1159 1606 1176 1638 ¹
1201 1613 1377 1660 tamen
1405 1603 1522 1658 talis
1551 1599 1752 1672 peccati
1775 1597 2063 1660 traducem,

483 1697 568 1752 vel
591 1697 919 1753 secundum’
947 1697 1224 1770 Opiniones
1253 1712 1396 1761 suas,
1429 1695 1606 1766 quiret
1633 1706 1895 1747 asserere.
1919 1686 2068 1743 Cur?

487 1787 744 1844 Videlicet
768 1788 890 1858 quia
918 1788 1020 1844 etsi
1046 1797 1316 1844 constaret
1341 1787 1525 1840 falsam
1552 1785 1682 1855 legis
1708 1797 1826 1838 esse
1852 1788 2068 1836 senten-

485 1880 635 1947 tiam,
673 1896 790 1952 quae
828 1881 1200 1938 testiﬁcaretur
1242 1877 1501 1949 ejusmodi
1527 1873 1948 1932 necessitudines
1978 1886 2068 1927 re-

486 1971 660 2042 Spergi
686 1973 884 2027 mutuis
905 1987 1011 2027 non
1039 1987 1196 2042 posse
1219 1969 1558 2034 criminibus;
1582 1975 1758 2022 tamen
1785 1966 2068 2020 inconcus-

484 2077 603 2118 sum
621 2061 641 2095 ³
668 2063 937 2130 manebat,
971 2063 1244 2118 traducem
1274 2077 1378 2117 non
1408 2076 1527 2116 esse
1553 2058 1773 2130 peccati.
1799 2057 1910 2112 Iloc
1928 2055 2073 2113 enim

485 2154 624 2226 ipso,
655 2171 763 2227 quo
792 2164 846 2212 et
872 2165 1146 2226 parentum
1172 2165 1350 2212 reatus
1379 2155 1445 2210 ad
1478 2154 1635 2219 ﬁlios,
1668 2160 1721 2208 et
1746 2151 1974 2206 ﬁliorum
2005 2149 2072 2205 ad

486 2255 735 2318 parentes
765 2247 1002 2313 redibat;
1030 2247 1308 2304 constabat
1343 2263 1448 2302 non
1479 2246 1643 2301 fuisse
1683 2243 2068 2315 generationis,

483 2337 628 2410 quod
647 2338 715 2395 ad
743 2340 880 2395 ﬁlios
915 2339 1241 2411 gignentium
1269 2347 1482 2410 peccata
1513 2345 1895 2409 pervenerant;
1941 2348 2073 2406 quo-

484 2429 630 2490 niam
653 2439 708 2487 et
726 2446 758 2486 a
785 2430 909 2486 ﬁliis
929 2431 997 2486 ad
1020 2441 1289 2502 parentes,
1316 2431 1402 2485 ubi
1429 2430 1700 2502 generatio
1734 2437 2076 2499 nonpoterat

484 2537 644 2580 causa
673 2537 813 2591 esse,
845 2534 1231 2580 remeaverant.
1280 2524 1416 2592 Quid
1444 2523 1602 2595 igitur
1627 2523 1714 2578 hic
1753 2522 2072 2578 confecerim

486 2625 762 2687 appareat,
789 2615 1147 2672 inviolabilem
1173 2614 1388 2687 quidem
1414 2629 1534 2671 esse
1553 2615 1923 2670 auctoritatem
1943 2613 2075 2683 legis

487 2705 702 2777 divinas,
734 2717 790 2765 et
816 2724 974 2780 quam
1002 2708 1150 2764 nulla
1175 2716 1375 2779 queant
1401 2708 1728 2778 impietatum
1767 2715 2076 2777 argumenta

487 2815 775 2872 proruere:
799 2801 917 2872 ejus
932 2810 1107 2857 autem
1131 2802 1407 2858 sanctione
1431 2801 1786 2871 signatissime
1809 2808 1968 2870 atque
1983 2800 2076 2855 ab-

488 2891 813 2954 solutissime
842 2892 1005 2949 fuisse
1034 2895 1427 2964 prtescriptum,
1469 2892 1664 2948 foedam
1702 2907 1823 2947 esse
1868 2889 2078 2961 opinio-

490 2998 617 3039 nem
644 2983 1149 3056 perversitatemque
1178 2984 1384 3056 judicii,
1428 2999 1588 3054 quam
1617 2981 1964 3037 mandaverat
1987 2996 2080 3038 ve-

492 3071 772 3134 hementer
801 3076 1110 3143 cavendam,
1155 3076 1201 3130 si
1242 3077 1317 3132 rei
1352 3075 1442 3129 ﬁlii
1471 3089 1567 3145 pro
1596 3082 1816 3145 peccato
1843 3087 2076 3144 pronun-

491 3167 753 3224 tiarentur
780 3177 1090 3240 parentum;
1116 3183 1224 3240 quo
1269 3166 1492 3222 fulmine
1537 3167 1769 3221 traducis
1811 3175 2078 3221 structura

490 3259 768 3317 dissilivit:
792 3271 1157 3318 verumtamen
1203 3260 1363 3316 tantis
1405 3275 1525 3316 esse
1553 3259 1789 3315 veritatis
1817 3257 2078 3329 prmsidiis

492 3352 770 3420 munitam,
797 3369 957 3424 quam
984 3362 1194 3409 tuemur
1224 3352 1403 3421 ﬁdem,
1432 3361 1489 3408 ut
1512 3368 1610 3408 nec
1649 3352 1715 3406 ab
1744 3366 1805 3408 ea
1847 3349 2082 3421 profani-

493 3448 625 3512 tate,
648 3458 768 3513 qua:
796 3451 975 3514 potest
1004 3443 1099 3501 Dei
1125 3444 1295 3515 legem
1327 3457 1546 3513 negare,
1578 3443 1864 3512 quatiatur.

563 3533 912 3601 Auc.Qu:eris
924 3533 1014 3589 ubi
1030 3535 1292 3604 spatieris,
1313 3535 1622 3604 vagabunda
1636 3535 1955 3606 loquacitate
1972 3551 2080 3592 non

493 3625 766 3697 copiosus,
786 3625 881 3682 sed
896 3625 1115 3682 odiosus
1135 3626 1212 3682 eis
1231 3627 1321 3697 qui
1341 3627 1502 3681 rebus
1523 3625 1864 3693 inhaerentes,
1890 3642 2078 3696 super-

494 3715 603 3773 ﬁua
626 3718 789 3775 verba
816 3725 1188 3775 contemnunt.
1234 3716 1476 3773 Vinceris
1504 3717 1700 3788 quippe
1727 3718 1794 3773 ab
1821 3717 2077 3772 adversa-

491 3809 589 3866 riis
615 3824 751 3881 quos
771 3809 956 3878 habes,
987 3819 1041 3866 et
1068 3809 1357 3865 vincendos
1384 3809 1637 3880 proponis
1687 3808 1778 3863 tibi
1819 3823 1952 3878 quos
1973 3823 2082 3864 non

492 3901 683 3960 babes.
727 3903 857 3972 Quis
885 3904 1027 3960 enim
1070 3903 1166 3958 tibi
1205 3901 1352 3969 dicit,
1382 3901 1572 3958 falsum
1598 3916 1718 3958 esse
1759 3900 1901 3972 quod
1940 3900 2081 3957 Deus

492 4011 714 4056 servare
737 3998 902 4053 voluit
922 3997 976 4052 in
1001 3995 1215 4068 judiciis
1246 3997 1511 4063 humanis,
1545 4011 1662 4052 cum
1697 3995 1808 4065 jam
1835 4003 2012 4066 patres
2028 4003 2083 4051 et

494 4089 590 4145 ﬁlii
627 4105 752 4146 suas
779 4092 1022 4162 proprias
1051 4106 1239 4147 causas
1287 4091 1485 4147 habent
1525 4090 1594 4145 ad
1642 4105 1793 4145 suam
1822 4089 2080 4161 cujusque

493 4183 679 4252 vitam,
711 4198 830 4254 quas
872 4184 1158 4254 separatim
1205 4183 1435 4251 ducitur,
1477 4183 1826 4253 pertinentes,
1877 4191 1937 4237 ut
1980 4196 2083 4238 nec

495 4275 590 4333 ﬁlii
619 4292 717 4349 pro
740 4277 997 4349 patribus,
1024 4291 1123 4333 nec
1149 4286 1325 4348 patres
1351 4292 1447 4347 pro
1473 4276 1592 4331 ﬁliis
1618 4276 1936 4347 puniantur?
1969 4274 2078 4331 Ne-

497 4383 588 4425 mo
613 4368 696 4425 vel
719 4369 848 4441 legi,
878 4369 960 4425 vel
993 4367 1088 4423 tibi
1117 4368 1233 4424 haec
1262 4367 1459 4423 dicenti
1508 4368 1853 4422 adversatur:
1889 4375 1944 4422 tu
1971 4367 2081 4422 noli

497 4461 882 4518 obsurdescere
909 4460 1163 4517 adversus
1192 4460 1360 4515 Deum
1387 4459 1674 4525 dicentem,
1705 4457 1940 4514 Reddam
1961 4474 2080 4530 pec-

495 4562 610 4609 cata
637 4564 838 4626 patrum
864 4554 918 4608 in
941 4552 1184 4624 ﬁtios:ct
1220 4567 1340 4607 cum
1381 4551 1482 4606 hoc
1519 4550 1732 4606 assidue
1769 4549 1930 4616 dicat,
1956 4563 2082 4605 nus-

497 4663 656 4720 quam
680 4647 944 4704 dicentem
973 4653 1191 4717 peccata
1222 4643 1448 4701 ﬁliorum
1470 4658 1529 4698 se
1553 4641 1775 4698 reddere
1800 4641 1854 4697 in
1881 4649 2078 4712 patres;

498 4749 559 4796 ut
579 4739 842 4811 intelligas
873 4756 977 4794 non
1005 4739 1094 4809 qui
1115 4753 1299 4794 eorum
1315 4751 1448 4807 quos
1466 4734 1758 4803 imitentur,
1787 4733 1884 4790 sed
1905 4732 1996 4805 qui
2014 4749 2080 4790 ex

497 4831 693 4902 quibus
719 4841 1040 4903 generentur
1066 4830 1288 4886 attendi.

573 4923 716 4987 XXI.
756 4923 874 4979 ιω..
914 4923 1065 4980 Nunc
1115 4924 1273 4995 igitur
1324 4922 1391 4979 ad
1430 4938 1550 4978 eum
1599 4922 1810 4993 quicum
1853 4921 2078 4992 agimus,

499 5030 678 5075 sermo
715 5015 983 5086 respiciat.
1012 5015 1320 5086 Aequiescis
1348 5014 1453 5086 legi
1482 5014 1572 5068 Dei
1615 5013 1968 5083 (professione
1996 5013 2081 5066 in-

499 5109 680 5175 terim,
709 5116 965 5165 caeterum
989 5107 1117 5179 quid
1144 5107 1308 5163 facias
1343 5105 1762 5178 argumentando
1791 5103 2078 5176 novimus),

499 5217 568 5262 an
597 5201 836 5258 resistis?
857 5200 912 5258 Si
938 5200 1253 5271 acquiescis,
1289 5199 1496 5255 sublata
1525 5198 1825 5262 contentio;
1859 5196 1904 5250 si
1943 5196 2079 5251 resi-

497 5299 616 5368 stis,
648 5296 855 5354 sublata
882 5292 1202 5351 consensio‘
1233 5303 1334 5350 est.
1367 5293 1423 5349 Si
1465 5292 1777 5362 acquiescis,
1819 5290 2080 5346 exstincta

497 5389 983 5456 Traducianorum;
1024 5387 1070 5444 si
1116 5385 1344 5451 resistis,
1389 5383 1802 5440 Manichceorum
1847 5381 2080 5438 revelata

561 5571 586 5666 ζ
604 5577 882 5696 1ir‘fizliiiiisi-tieth
889 5579 1156 5692 ῗξᾶειθιοῦῐ,
1168 5624 1252 5696 pet
1274 5623 1537 5696 secundum
1563 5634 1597 5696 :_
1608 5631 1671 5696 et
1683 5621 1940 5696 ex_verbo,
1976 5620 2080 5684 qui-

499 5698 602 5755 ret,
625 5683 758 5751 fecit,
781 5683 1034 5756 qumr'eret.
1059 5683 1326 5751 Castigatur
1345 5686 1405 5736 ad
1427 5694 1532 5737 uss.
1574 5693 1697 5737 Port.
1732 5692 1843 5736 Mar.
1877 5683 1999 5734 ctar.

565 5757 587 5788 ³
610 5762 688 5805 Ms.
715 5761 846 5805 Man.
871 5752 1213 5804 inconcessum.

562 5817 586 5848 ⁸
1235 5809 1431 5872 resistis,
1458 5810 1643 5863 sublata
1670 5809 1943 5872 consensio;
1966 5822 2081 5873 sup-

520 5879 603 5939 )le,
649 5891 758 5927 cum
793 5877 895 5948 tege
933 5871 1350 5948 pet-Quanquam
1380 5871 1429 5924 in
1452 5875 1694 5948 codicibus
1728 5881 1838 5948 Mar.
1889 5871 2078 5948 etnclar.

611 5976 634 6011 ,θ
649 5934 923 6015 consensio,
946 5934 1128 6002 legitur
1151 5934 1361 6013 iterum,
1387 5937 1632 6013 contentio.
1657 5943 1710 5990 ω
1730 5934 1898 5991 codice
1932 5942 2080 5999 Part,

1150 466 1399 530 OPERIS
1436 457 1856 525 mrsnrscrt
1891 439 2170 518 corvina
2206 449 2568 532 JULIANUM,
2608 461 2665 518 s.
2706 458 3076 520 AUGUSTINI

3609 453 3753 523 4256

2167 578 2389 650 perﬁdia
2409 589 2493 636 est
2513 599 2528 637 :
2550 580 2840 637 dummodo
2859 589 3090 650 constet,
3109 578 3346 650 opinioni
3369 585 3564 635 vestra:
3578 588 3636 634 et
3646 579 3753 652 legi

2167 671 2263 727 Dei
2294 674 2602 744 neutiquam
2623 675 2930 730 convenire.

2239 766 2374 822 Anc.
2416 765 2530 838 Ego
2557 768 2838 839 acquiesco
2876 767 2980 839 legi
3010 767 3137 823 Dei:
3166 766 3261 822 sed
3289 775 3346 822 tu
3383 781 3492 821 non
3535 767 3745 834 acquie-

2168 858 2293 914 scis.
2324 858 2437 930 Ego
2463 875 2566 915 non
2599 876 2733 932 nego
2762 876 2862 918 nec
2891 860 3054 916 ﬁlium
3087 875 3183 930 pro
3207 869 3378 931 patre,
3417 873 3521 914 nec
3548 868 3750 928 patrem

2169 965 2266 1022 pro
2291 951 2421 1020 ﬁlio,
2450 954 2662 1024 quando
2705 969 2830 1010 suas
2859 964 3131 1026 separatas
3173 969 3361 1009 causas
3405 952 3627 1017 habent,
3657 951 3753 1007 de-

2169 1047 2297 1106 bere
2318 1047 2590 1104 damnari:
2615 1049 2708 1104 sed
2738 1058 2790 1104 tu
2818 1048 3000 1104 audire
3021 1063 3126 1103 non
3154 1049 3233 1103 vis
3260 1047 3313 1102 in
3342 1047 3611 1112 Levitico,
3637 1043 3750 1099 Dis-

2171 1141 2402 1209 peribunt
2428 1150 2636 1212 propter
2661 1150 2865 1211 peccata
2892 1151 3093 1210 patrum
3133 1156 3340 1195 suorum
3371 1137 3560 1212 (Leuit.
3609 1147 3749 1204 nrt,

2170 1230 2292 1304 39);
2322 1242 2378 1288 et
2397 1232 2451 1287 in
2477 1233 2612 1288 libro
2636 1233 3012 1300 Numerorum,
3045 1232 3280 1287 Reddens
3312 1241 3520 1301 peccata
3553 1240 3751 1300 patrum

2168 1326 2223 1380 in
2249 1326 2382 1395 ﬁlios
2398 1342 2552 1398 usque
2571 1326 2624 1381 in
2639 1328 2836 1380 tertiam
2852 1335 2897 1380 et
2915 1333 3144 1396 quartam
3169 1328 3543 1396 generationem
3568 1323 3748 1393 (Nam.

2173 1433 2285 1484 xtv,
2314 1418 2436 1489 l8);
2464 1427 2520 1474 et
2546 1417 2687 1489 apud
2715 1417 3024 1483 Jeremiam,
3059 1415 3295 1470 Reddens
3321 1425 3527 1485 peccata
3557 1424 3753 1484 patrum

2169 1512 2223 1566 in
2268 1513 2382 1566 sinu
2410 1513 2635 1581 ﬁliorum
2677 1528 2851 1566 eorum
2895 1521 3007 1583 post
3050 1527 3132 1566 eos
3182 1509 3396 1582 (Jerem.
3429 1506 3749 1579 xxxrt,18).

2172 1607 2298 1662 Ilaec
2326 1616 2378 1662 et
2402 1608 2503 1662 alia
2533 1606 2726 1662 similia
2755 1617 2808 1662 tu
2836 1621 2941 1662 non
2972 1607 3154 1672 audis;
3202 1604 3285 1661 his
3315 1621 3378 1661 ac
3407 1603 3606 1659 talibus
3633 1602 3753 1670 legis

2173 1699 2491 1754 testimoniis
2520 1708 2576 1754 tu
2607 1715 2712 1754 non
2737 1699 3032 1770 acquiescis
3053 1716 3067 1752 :
3090 1707 3146 1753 et
3164 1705 3345 1753 tamen
3370 1696 3540 1767 loqui,
3570 1703 3626 1751 et
3648 1692 3753 1748 Ma-

2172 1791 2406 1846 nichzeos
2425 1791 2712 1848 Catholicis
2733 1792 2966 1860 objicere
2993 1807 3100 1846 non
3121 1790 3371 1862 quiescis.

2244 1882 2411 1938 XXII.
2451 1883 2573 1939 Jun.
2613 1883 2725 1938 Nisi
2753 1883 2889 1939 forte
2915 1883 3082 1950 dicas,
3114 1883 3280 1938 Deum
3307 1881 3525 1953 quidem
3542 1879 3754 1935 hocim-

2175 1990 2412 2045 perasse,
2445 1975 2538 2030 sed
2569 1991 2674 2030 non
2705 1975 2878 2031 facere
2901 1975 3042 2046 quod
3067 1974 3338 2045 praecepit,
3363 1973 3471 2028 imo
3491 1969 3755 2027 contraria

2173 2082 2332 2138 agere
2359 2067 2424 2123 iis
2449 2083 2568 2138 qum
2587 2067 2789 2139 agenda
2820 2067 3173 2123 mandaverit.

2245 2165 2380 2216 Anc.
2423 2160 2488 2214 Et
2518 2160 2619 2214 hoc
2647 2175 2804 2230 quam
2833 2159 3147 2230 insipienter
3175 2159 3396 2229 cogites,
3420 2173 3520 2212 cur
3555 2172 3654 2212 non
3672 2164 3757 2210 at-

2175 2251 2386 2308 tendis?
2414 2251 2565 2306 Facit
2589 2253 2730 2306 enim
2760 2251 2899 2306 Deus
2923 2250 3211 2322 aliquando
3239 2258 3424 2305 contra
3455 2262 3611 2318 quam
3630 2248 3645 2278 ‘
3675 2245 3758 2299 fa-

2173 2341 2362 2397 cienda
2406 2342 2694 2397 mandavit.
2740 2341 2849 2398 Nec
2891 2357 3026 2413 opus
3054 2350 3218 2397 estut
3245 2341 3406 2396 multa
3434 2351 3760 2395 commemo-

2175 2448 2309 2499 rem,
2341 2449 2410 2489 ne
2437 2435 2506 2488 sit
2547 2435 2794 2504 longum:
2823 2449 2949 2490 ecce
2994 2434 3137 2505 quod
3166 2442 3349 2488 notum
3377 2441 3463 2488 est
3485 2430 3753 2496 omnibus,

2176 2524 2317 2581 dico.
2345 2525 2614 2604 Mandavit
2641 2526 2841 2581 homini
2867 2525 3141 2596 Scriptura
3170 2525 3367 2589 divina,
3399 2524 3610 2590 dicens,
3642 2520 3760 2576 Non

2177 2627 2225 2674 te
2263 2617 2433 2673 laudet
2471 2635 2527 2673 os
2558 2627 2701 2672 tuum
2731 2616 2912 2691 (Prov.
2949 2633 3114 2685 xxvu,
3154 2615 3246 2689 2);
3278 2630 3377 2671 nec
3406 2625 3587 2670 tamen
3621 2612 3761 2667 Deus

2176 2712 2438 2768 dicendus
2461 2721 2545 2766 est
2568 2726 2822 2782 arrogans
2851 2720 2942 2766 aut
2966 2709 3248 2781 superbus,
3276 2723 3396 2764 cum
3418 2722 3478 2762 se
3503 2706 3761 2761 innume-

2177 2805 2416 2862 rabiliter
2457 2803 2675 2860 laudare
2716 2820 2824 2860 non
2873 2803 3088 2859 desinit.
3133 2803 3202 2857 Et
3247 2801 3387 2855 unde
3429 2799 3626 2869 agitur,
3656 2796 3764 2867 iam

2179 2900 2424 2970 superius
2447 2897 2827 2964 demonstravi,
2865 2893 3312 2968 quemadmodum
3339 2892 3480 2948 Deus
3509 2891 3640 2956 sine
3659 2888 3763 2943 ulla

2180 2994 2458 3064 iniquitate
2489 3007 2587 3063 pro
2609 2990 2840 3062 peccatis
2859 2997 3140 3061 parentum
3159 2986 3316 3042 simul
3341 3000 3462 3042 cum
3496 2984 3579 3040 eis
3603 2984 3767 3038 inter-

2179 3086 2370 3143 emerit
2382 3085 2628 3156 parvulos
2646 3101 2660 3138 :
2683 3083 2924 3154 quamvis
2941 3080 3274 3136 mandaverit
3289 3077 3511 3144 homini,
3537 3093 3606 3131 ne
3625 3074 3767 3129 ﬁlios

2181 3196 2278 3252 pro
2322 3180 2554 3250 peccatis
2596 3186 2827 3248 patrum,
2873 3190 2994 3231 cum
3033 3173 3255 3246 judicat,
3284 3172 3520 3228 damnet.
3551 3169 3681 3224 Haec
3721 3166 3769 3223 si

2181 3273 2507 3339 adverteres,
2538 3271 2637 3326 ista
2678 3285 2784 3326 non
2833 3268 3071 3324 diceres:
3101 3275 3193 3323 aut
3236 3267 3282 3321 si
3325 3273 3382 3320 et
3427 3263 3545 3318 hsce
3573 3262 3769 3317 adver-

2184 3370 2267 3435 tis,
2292 3375 2347 3423 ct
2373 3375 2549 3423 tamen
2579 3365 2679 3421 ista
2716 3363 2880 3430 dicis;
2912 3361 3130 3418 adverte
3155 3361 3316 3417 etiam
3339 3373 3478 3415 vana
3503 3371 3626 3413 esse
3647 3370 3771 3427 quze

2182 3459 2336 3516 dicis.

2252 3552 2440 3610 XXIII.
2480 3552 2598 3610 Jun.
2638 3551 2789 3620 Quod
2827 3551 2950 3606 licet
2977 3554 3188 3621 quantae
3210 3549 3278 3602 sit
3302 3542 3657 3617 profanitatis,
3684 3542 3773 3597 vix

2183 3638 2467 3703 indicatum
2482 3645 2593 3717 jam
2609 3645 2954 3702 vehementer
2967 3649 3237 3713 appareat,
3258 3649 3432 3695 tamen
3450 3652 3585 3708 pacm
3606 3635 3772 3708 ipsius

2183 3739 2491 3804 divinitatis,
2522 3738 2673 3808 cujus
2698 3737 3002 3807 aequitatem
3028 3743 3259 3800 tuemur,
3283 3730 3440 3801 quale
3469 3729 3537 3784 sit
3565 3727 3672 3782 hoc
3687 3726 3771 3782 vel

2183 3833 2287 3890 levi
2311 3833 2640 3908 discussione
2661 3829 2956 3886 videamus.
2980 3827 3178 3898 Utipse
3193 3826 3369 3896 itaque
3390 3825 3482 3878 ﬁat
3506 3822 3642 3893 legis
3655 3835 3770 3876 sua:

2184 3926 2574 3996 praevaricator,
2627 3938 2806 3978 rerum
2853 3920 3173 3976 necessitate
3198 3932 3316 3988 qure
3343 3930 3463 3972 eum
3490 3922 3768 3985 premunt,

2183 4032 2253 4074 an
2272 4033 2366 4073 sua
2392 4015 2751 4072 imbecillitate
2778 4012 3144 4083 compellitur?
3165 4012 3266 4076 An,
3287 4010 3408 4080 quia
3425 4007 3622 4062 horum
3639 4021 3773 4061 neu-

2183 4119 2325 4166 trum
2351 4117 2454 4178 est,
2485 4107 2599 4162 sola
2622 4105 2843 4163 libidine
2869 4103 3213 4175 delinquendi
3231 4101 3289 4155 "i
3314 4103 3382 4156 At
3405 4100 3510 4156 hoc
3533 4114 3637 4156 nec
3659 4099 3774 4154 Ma-

2184 4201 2422 4258 niehaaus
2465 4200 2644 4256 dicere
2685 4200 2875 4270 potuit,
2903 4207 2957 4253 et
2982 4196 3102 4252 ideo
3126 4203 3464 4252 commentus
3491 4200 3577 4248 est
3600 4191 3772 4248 Deum

2183 4303 2419 4349 vestrum
2439 4307 2601 4364 grave
2629 4290 2871 4362 praelium
2891 4288 3198 4360 pertulisse.

2256 4389 2390 4442 Auc.
2432 4383 2607 4441 Verba
2631 4384 2822 4455 jactas,
2855 4398 2975 4439 cum
3020 4382 3182 4439 rebus
3219 4380 3478 4452 urgearis.
3525 4379 3648 4435 Non
3687 4387 3774 4435 est

2184 4480 2314 4553 legis
2352 4495 2462 4535 suae
2488 4479 2884 4550 praevaricator,
2930 4476 3143 4548 quando
3181 4474 3326 4530 aliud
3368 4473 3493 4530 facit
3531 4474 3675 4529 Deus
3715 4480 3777 4529 ut

2186 4575 2346 4638 Deus,
2378 4572 2518 4628 aliud
2557 4572 2786 4642 imperat
2809 4570 3030 4637 homini,
3063 4578 3122 4624 ut
3146 4568 3370 4624 homini.

2255 4665 2445 4721 XXIV.
2486 4664 2601 4720 Jun.
2643 4663 2700 4720 Si
2720 4677 2847 4733 ergo
2862 4677 2961 4718 nec
2974 4661 3264 4726 calamitas,
3289 4675 3390 4715 nec
3406 4659 3772 4728 imbecillitas,

2187 4774 2285 4816 nec
2303 4759 2466 4815 libido
2480 4759 2528 4814 ei
2553 4757 3002 4830 praevaricationis
3013 4754 3296 4820 incumbit;
3319 4755 3406 4824 qui
3425 4754 3538 4809 ﬁeri
3567 4763 3770 4824 potest,

2185 4863 2245 4909 ut
2271 4869 2389 4910 eam
2413 4851 2631 4922 justitiae
2655 4850 2881 4905 fortnam
2909 4865 3067 4921 quam
3095 4846 3486 4903 commendavit
3503 4845 3770 4917 jubendo,

2185 4946 2424 5003 destruat
2447 4943 2767 5016 judicando?
2797 4943 2905 4997 imo
2943 4957 3047 4996 non
3090 4941 3143 4995 in
3172 4941 3327 4995 istam
3352 4939 3638 5010 justitiam,
3672 4938 3773 4994 sed

2186 5038 2238 5092 in
2265 5036 2615 5092 reverentiam
2655 5049 2806 5089 suam
2832 5032 3045 5088 saeviat?
3071 5031 3238 5086 Tanta
3267 5040 3348 5086 est
3371 5030 3568 5100 quippe
3599 5031 3773 5100 aequi-

2186 5127 2309 5182 tatis
2339 5127 2589 5198 potentia,
2618 5134 2675 5180 ut
2701 5135 2755 5181 et
2775 5117 3046 5179 deviantes
3069 5131 3274 5193 arguat,
3303 5130 3357 5176 et
3381 5121 3523 5175 nulla
3559 5120 3774 5190 fugien-

2188 5224 2316 5277 tium
2362 5236 2390 5274 a
2433 5235 2492 5276 se
2531 5219 2844 5275 auctoritate
2890 5217 3175 5273 minuatur.
3216 5215 3516 5277 Postremo,
3556 5213 3602 5268 si
3653 5229 3776 5282 quae

2187 5322 2310 5370 sunt
2347 5314 2488 5383 justa
2514 5327 2547 5366 a
2576 5311 2728 5368 nobis
2771 5310 2884 5366 ﬁeri
2926 5309 3073 5377 velit,
3103 5317 3157 5364 et
3182 5308 3298 5378 ipse
3326 5305 3485 5361 faciat
3509 5304 3654 5376 quod
3688 5304 3776 5358 in-

2180 5408 2382 5478 justum
2411 5417 2523 5470 est;
2552 5405 2802 5477 justiores
2829 5418 2924 5458 nos
2941 5417 3098 5472 quam
3126 5401 3238 5472 ipse
3261 5409 3364 5466 est,
3391 5398 3538 5468 cupit
3566 5397 3776 5464 videri;

2186 5501 2294 5556 imo
2315 5514 2418 5553 non
2444 5498 2718 5568 justiores,
2750 5494 2844 5550 sed
2874 5509 2972 5550 nos
2999 5508 3199 5564 aequos,
3223 5500 3278 5546 et
3305 5505 3364 5546 se
3393 5489 3658 5560 iniquum.

2258 5594 2390 5649 Anc.
2430 5590 2566 5660 Quid
2585 5598 2667 5645 est
2686 5587 2825 5660 quod
2845 5587 2997 5653 dicis,
3018 5586 3178 5642 homo
3198 5585 3287 5656 qui
3302 5583 3524 5638 multum
3541 5578 3777 5651 desipis?

2187 5687 2396 5756 Quanto
2415 5683 2701 5752 excelsior,
2733 5688 2878 5736 tanto
2899 5677 3288 5736 inscrutabilior
3302 5675 3478 5733 divina
3494 5688 3657 5747 quam
3673 5671 3780 5728 bu-

2253 5869 2270 5900 ¹
2295 5873 2376 5915 his.
2404 5872 2549 5922 Port.,
2574 5867 2740 5912 contra
2769 5870 2892 5924 qum.

2251 5932 2271 5962 ²
2297 5915 2568 5992 vignicrius
2598 5915 2800 5995 versum
2824 5921 3298 5995 huncloprzeteljmisll
3318 5928 3427 5995 {An
3450 5917 3566 5991 φήῃ
3599 5915 3780 5989 Im

2189 5983 2410 6052 neutrubi
2427 5995 2516 6058 est,
2537 5985 2640 6046 δοια
2659 5984 2858 6050 lividae
2879 5983 3206 6054 “timendi.
3326 5993 3343 5999 "
3381 5995 3384 5997 λ
3461 5983 3490 5991 ”
3525 5983 3566 6076 ’δ’
3741 5983 3805 6070 ηε
