  <div class='ocr_page' id='page_1' title='image "/cluster/home/n/w/nwhite01/storage/ocr_20150623/45/hvd.32044015471501/142.png"; bbox 0 0 3950 6536; ppageno 0'>
   <div class='ocr_carea' id='block_1_1' title="bbox 184 378 323 443">
    <p class='ocr_par' dir='ltr' id='par_1_1' title="bbox 184 378 323 443">
     <span class='ocr_line' id='line_1_1' title="bbox 184 378 323 443; baseline -0.058 1"><span class='ocrx_word' id='word_1_1' title='bbox 184 378 323 443; x_wconf 68' lang='grc'><strong>125⁸3</strong></span> 
     </span>
    </p>
   </div>
   <div class='ocr_carea' id='block_1_2' title="bbox 178 492 1773 575">
    <p class='ocr_par' dir='ltr' id='par_1_2' title="bbox 178 492 1773 575">
     <span class='ocr_line' id='line_1_2' title="bbox 178 492 1773 575; baseline -0.007 -16"><span class='ocrx_word' id='word_1_2' title='bbox 178 519 336 559; x_wconf 84' lang='lat' dir='ltr'><strong>mana</strong></span> <span class='ocrx_word' id='word_1_3' title='bbox 355 503 585 575; x_wconf 81' lang='lat' dir='ltr'><strong>justitia,</strong></span> <span class='ocrx_word' id='word_1_4' title='bbox 614 509 871 573; x_wconf 85' lang='lat' dir='ltr'><strong>tantoque</strong></span> <span class='ocrx_word' id='word_1_5' title='bbox 913 500 981 559; x_wconf 89' lang='lat' dir='ltr'><strong>ab</strong></span> <span class='ocrx_word' id='word_1_6' title='bbox 1027 498 1128 558; x_wconf 88' lang='lat' dir='ltr'><strong>hac</strong></span> <span class='ocrx_word' id='word_1_7' title='bbox 1170 498 1259 555; x_wconf 89' lang='lat' dir='ltr'><strong>illa</strong></span> <span class='ocrx_word' id='word_1_8' title='bbox 1307 496 1610 554; x_wconf 86' lang='lat' dir='ltr'><strong>distantior.</strong></span> <span class='ocrx_word' id='word_1_9' title='bbox 1642 492 1773 561; x_wconf 85' lang='lat' dir='ltr'><strong>Quis</strong></span> 
     </span>
    </p>
   </div>
   <div class='ocr_carea' id='block_1_3' title="bbox 175 589 1773 666">
    <p class='ocr_par' dir='ltr' id='par_1_3' title="bbox 175 589 1773 666">
     <span class='ocr_line' id='line_1_3' title="bbox 175 589 1773 666; baseline -0.005 -14"><span class='ocrx_word' id='word_1_10' title='bbox 175 597 321 652; x_wconf 89' lang='lat' dir='ltr'><strong>enim</strong></span> <span class='ocrx_word' id='word_1_11' title='bbox 353 596 518 653; x_wconf 90' lang='lat' dir='ltr'><strong>homo</strong></span> <span class='ocrx_word' id='word_1_12' title='bbox 540 597 715 666; x_wconf 88' lang='lat' dir='ltr'><strong>justus</strong></span> <span class='ocrx_word' id='word_1_13' title='bbox 738 593 864 651; x_wconf 98' lang='lat' dir='ltr'><strong>sinit</strong></span> <span class='ocrx_word' id='word_1_14' title='bbox 894 593 1188 665; x_wconf 86' lang='lat' dir='ltr'><strong>perpetrari</strong></span> <span class='ocrx_word' id='word_1_15' title='bbox 1217 593 1417 660; x_wconf 85' lang='lat' dir='ltr'><strong>scelus,</strong></span> <span class='ocrx_word' id='word_1_16' title='bbox 1447 589 1587 662; x_wconf 91' lang='lat' dir='ltr'><strong>quod</strong></span> <span class='ocrx_word' id='word_1_17' title='bbox 1610 589 1773 645; x_wconf 91' lang='lat' dir='ltr'><strong>habet</strong></span> 
     </span>
    </p>
   </div>
   <div class='ocr_carea' id='block_1_4' title="bbox 175 685 1771 759">
    <p class='ocr_par' dir='ltr' id='par_1_4' title="bbox 175 685 1771 759">
     <span class='ocr_line' id='line_1_4' title="bbox 175 685 1771 759; baseline -0.003 -16"><span class='ocrx_word' id='word_1_18' title='bbox 175 689 231 743; x_wconf 89' lang='lat' dir='ltr'><strong>in</strong></span> <span class='ocrx_word' id='word_1_19' title='bbox 260 697 531 759; x_wconf 63' lang='lat' dir='ltr'><strong>potestate</strong></span> <span class='ocrx_word' id='word_1_20' title='bbox 558 704 663 743; x_wconf 92' lang='lat' dir='ltr'><strong>non</strong></span> <span class='ocrx_word' id='word_1_21' title='bbox 688 686 942 745; x_wconf 80' lang='lat' dir='ltr'><strong>sinere“!</strong></span> <span class='ocrx_word' id='word_1_22' title='bbox 970 688 1035 743; x_wconf 87' lang='lat' dir='ltr'><strong>Et</strong></span> <span class='ocrx_word' id='word_1_23' title='bbox 1062 696 1242 744; x_wconf 88' lang='lat' dir='ltr'><strong>tamen</strong></span> <span class='ocrx_word' id='word_1_24' title='bbox 1278 686 1407 742; x_wconf 90' lang='lat' dir='ltr'><strong>sinit</strong></span> <span class='ocrx_word' id='word_1_25' title='bbox 1449 685 1564 740; x_wconf 71' lang='lat' dir='ltr'><strong>haec</strong></span> <span class='ocrx_word' id='word_1_26' title='bbox 1608 685 1771 750; x_wconf 89' lang='lat' dir='ltr'><strong>Deus,</strong></span> 
     </span>
    </p>
   </div>
   <div class='ocr_carea' id='block_1_5' title="bbox 174 776 1772 851">
    <p class='ocr_par' dir='ltr' id='par_1_5' title="bbox 174 776 1772 851">
     <span class='ocr_line' id='line_1_5' title="bbox 174 776 1772 851; baseline -0.003 -17"><span class='ocrx_word' id='word_1_27' title='bbox 174 780 673 851; x_wconf 73' lang='lat' dir='ltr'><strong>incomparabiliter</strong></span> <span class='ocrx_word' id='word_1_28' title='bbox 690 780 852 851; x_wconf 91' lang='lat' dir='ltr'><strong>justis</strong></span> <span class='ocrx_word' id='word_1_29' title='bbox 877 780 1129 836; x_wconf 91' lang='lat' dir='ltr'><strong>omnibus</strong></span> <span class='ocrx_word' id='word_1_30' title='bbox 1160 778 1376 849; x_wconf 89' lang='lat' dir='ltr'><strong>justior,</strong></span> <span class='ocrx_word' id='word_1_31' title='bbox 1406 785 1462 833; x_wconf 92' lang='lat' dir='ltr'><strong>et</strong></span> <span class='ocrx_word' id='word_1_32' title='bbox 1497 776 1650 847; x_wconf 87' lang='lat' dir='ltr'><strong>cujus</strong></span> <span class='ocrx_word' id='word_1_33' title='bbox 1676 789 1772 846; x_wconf 86' lang='lat' dir='ltr'><strong>po-</strong></span> 
     </span>
    </p>
   </div>
   <div class='ocr_carea' id='block_1_6' title="bbox 174 870 1769 944">
    <p class='ocr_par' dir='ltr' id='par_1_6' title="bbox 174 870 1769 944">
     <span class='ocr_line' id='line_1_6' title="bbox 174 870 1769 944; baseline -0.003 -17"><span class='ocrx_word' id='word_1_34' title='bbox 174 882 344 928; x_wconf 83' lang='lat' dir='ltr'><strong>testas</strong></span> <span class='ocrx_word' id='word_1_35' title='bbox 370 882 456 929; x_wconf 89' lang='lat' dir='ltr'><strong>est</strong></span> <span class='ocrx_word' id='word_1_36' title='bbox 483 873 966 944; x_wconf 73' lang='lat' dir='ltr'><strong>incomparabiliter</strong></span> <span class='ocrx_word' id='word_1_37' title='bbox 991 872 1238 930; x_wconf 90' lang='lat' dir='ltr'><strong>omnibus</strong></span> <span class='ocrx_word' id='word_1_38' title='bbox 1279 870 1629 943; x_wconf 88' lang='lat' dir='ltr'><strong>potestatibus</strong></span> <span class='ocrx_word' id='word_1_39' title='bbox 1651 884 1769 923; x_wconf 86' lang='lat' dir='ltr'><strong>ma-</strong></span> 
     </span>
    </p>
   </div>
   <div class='ocr_carea' id='block_1_7' title="bbox 169 961 1770 1036">
    <p class='ocr_par' dir='ltr' id='par_1_7' title="bbox 169 961 1770 1036">
     <span class='ocr_line' id='line_1_7' title="bbox 169 961 1770 1036; baseline 0.001 -19"><span class='ocrx_word' id='word_1_40' title='bbox 169 966 273 1034; x_wconf 87' lang='lat' dir='ltr'><strong>jor.</strong></span> <span class='ocrx_word' id='word_1_41' title='bbox 329 964 458 1021; x_wconf 75' lang='lat' dir='ltr'><strong>Hzec</strong></span> <span class='ocrx_word' id='word_1_42' title='bbox 502 965 694 1036; x_wconf 85' lang='lat' dir='ltr'><strong>cogita,</strong></span> <span class='ocrx_word' id='word_1_43' title='bbox 748 974 805 1022; x_wconf 91' lang='lat' dir='ltr'><strong>et</strong></span> <span class='ocrx_word' id='word_1_44' title='bbox 850 965 956 1021; x_wconf 90' lang='lat' dir='ltr'><strong>noli</strong></span> <span class='ocrx_word' id='word_1_45' title='bbox 997 964 1234 1036; x_wconf 89' lang='lat' dir='ltr'><strong>judicem</strong></span> <span class='ocrx_word' id='word_1_46' title='bbox 1287 964 1456 1020; x_wconf 89' lang='lat' dir='ltr'><strong>Deum</strong></span> <span class='ocrx_word' id='word_1_47' title='bbox 1500 961 1770 1035; x_wconf 89' lang='lat' dir='ltr'><strong>judicibus</strong></span> 
     </span>
    </p>
   </div>
   <div class='ocr_carea' id='block_1_8' title="bbox 173 1055 1772 1128">
    <p class='ocr_par' dir='ltr' id='par_1_8' title="bbox 173 1055 1772 1128">
     <span class='ocr_line' id='line_1_8' title="bbox 173 1055 1772 1128; baseline 0 -19"><span class='ocrx_word' id='word_1_48' title='bbox 173 1057 489 1112; x_wconf 84' lang='lat' dir='ltr'><strong>hominibus</strong></span> <span class='ocrx_word' id='word_1_49' title='bbox 503 1072 837 1127; x_wconf 89' lang='lat' dir='ltr'><strong>comparare,</strong></span> <span class='ocrx_word' id='word_1_50' title='bbox 858 1073 1017 1128; x_wconf 88' lang='lat' dir='ltr'><strong>quem</strong></span> <span class='ocrx_word' id='word_1_51' title='bbox 1035 1073 1142 1113; x_wconf 92' lang='lat' dir='ltr'><strong>non</strong></span> <span class='ocrx_word' id='word_1_52' title='bbox 1166 1055 1515 1113; x_wconf 89' lang='lat' dir='ltr'><strong>dubitandum</strong></span> <span class='ocrx_word' id='word_1_53' title='bbox 1541 1064 1625 1111; x_wconf 86' lang='lat' dir='ltr'><strong>est</strong></span> <span class='ocrx_word' id='word_1_54' title='bbox 1650 1069 1772 1111; x_wconf 89' lang='lat' dir='ltr'><strong>esse</strong></span> 
     </span>
    </p>
   </div>
   <div class='ocr_carea' id='block_1_9' title="bbox 170 1145 1785 1220">
    <p class='ocr_par' dir='ltr' id='par_1_9' title="bbox 170 1145 1785 1220">
     <span class='ocr_line' id='line_1_9' title="bbox 170 1145 1785 1220; baseline 0.001 -20"><span class='ocrx_word' id='word_1_55' title='bbox 170 1148 401 1219; x_wconf 83' lang='lat' dir='ltr'><strong>justum,</strong></span> <span class='ocrx_word' id='word_1_56' title='bbox 436 1149 593 1203; x_wconf 88' lang='lat' dir='ltr'><strong>etiam</strong></span> <span class='ocrx_word' id='word_1_57' title='bbox 625 1147 837 1220; x_wconf 82' lang='lat' dir='ltr'><strong>quando</strong></span> <span class='ocrx_word' id='word_1_58' title='bbox 874 1148 999 1203; x_wconf 88' lang='lat' dir='ltr'><strong>facit</strong></span> <span class='ocrx_word' id='word_1_59' title='bbox 1027 1146 1169 1219; x_wconf 90' lang='lat' dir='ltr'><strong>quod</strong></span> <span class='ocrx_word' id='word_1_60' title='bbox 1214 1147 1422 1202; x_wconf 89' lang='lat' dir='ltr'><strong>videtur</strong></span> <span class='ocrx_word' id='word_1_61' title='bbox 1470 1145 1785 1201; x_wconf 42' lang='lat' dir='ltr'><strong>hominibus»</strong></span> 
     </span>
    </p>
   </div>
   <div class='ocr_carea' id='block_1_10' title="bbox 64 1238 1699 1317">
    <p class='ocr_par' dir='ltr' id='par_1_10' title="bbox 64 1238 1699 1317">
     <span class='ocr_line' id='line_1_10' title="bbox 64 1238 1699 1317; baseline 0.001 -25"><span class='ocrx_word' id='word_1_62' title='bbox 64 1294 73 1317; x_wconf 39' lang='grc' dir='ltr'><strong>ι</strong></span> <span class='ocrx_word' id='word_1_63' title='bbox 173 1239 454 1307; x_wconf 59' lang='grc' dir='ltr'><strong>ἱιιῇιιδιυιη,</strong></span> <span class='ocrx_word' id='word_1_64' title='bbox 488 1250 543 1296; x_wconf 90' lang='lat' dir='ltr'><strong>et</strong></span> <span class='ocrx_word' id='word_1_65' title='bbox 570 1239 712 1311; x_wconf 90' lang='lat' dir='ltr'><strong>quod</strong></span> <span class='ocrx_word' id='word_1_66' title='bbox 735 1240 894 1295; x_wconf 89' lang='lat' dir='ltr'><strong>homo</strong></span> <span class='ocrx_word' id='word_1_67' title='bbox 921 1239 966 1295; x_wconf 88' lang='lat' dir='ltr'><strong>si</strong></span> <span class='ocrx_word' id='word_1_68' title='bbox 996 1239 1214 1306; x_wconf 76' lang='lat' dir='ltr'><strong>laceret,</strong></span> <span class='ocrx_word' id='word_1_69' title='bbox 1242 1246 1387 1295; x_wconf 87' lang='lat' dir='ltr'><strong>esset</strong></span> <span class='ocrx_word' id='word_1_70' title='bbox 1412 1238 1640 1309; x_wconf 90' lang='lat' dir='ltr'><strong>injustus</strong></span> <span class='ocrx_word' id='word_1_71' title='bbox 1655 1238 1699 1293; x_wconf 82' lang='lat'><strong>&#39;.</strong></span> 
     </span>
    </p>
   </div>
   <div class='ocr_carea' id='block_1_11' title="bbox 240 1327 1764 1402">
    <p class='ocr_par' dir='ltr' id='par_1_11' title="bbox 240 1327 1764 1402">
     <span class='ocr_line' id='line_1_11' title="bbox 240 1327 1764 1402; baseline -0.003 -15"><span class='ocrx_word' id='word_1_72' title='bbox 240 1331 417 1387; x_wconf 77' lang='lat' dir='ltr'><strong>XXV.</strong></span> <span class='ocrx_word' id='word_1_73' title='bbox 445 1331 564 1388; x_wconf 70' lang='lat' dir='ltr'><strong>Jun.</strong></span> <span class='ocrx_word' id='word_1_74' title='bbox 598 1334 680 1387; x_wconf 79' lang='lat' dir='ltr'><strong>An</strong></span> <span class='ocrx_word' id='word_1_75' title='bbox 710 1331 841 1387; x_wconf 91' lang='lat' dir='ltr'><strong>illud</strong></span> <span class='ocrx_word' id='word_1_76' title='bbox 866 1332 1078 1402; x_wconf 81' lang='lat' dir='ltr'><strong>quidem</strong></span> <span class='ocrx_word' id='word_1_77' title='bbox 1101 1331 1299 1399; x_wconf 91' lang='lat' dir='ltr'><strong>justum</strong></span> <span class='ocrx_word' id='word_1_78' title='bbox 1330 1338 1448 1395; x_wconf 91' lang='lat' dir='ltr'><strong>est,</strong></span> <span class='ocrx_word' id='word_1_79' title='bbox 1475 1328 1617 1401; x_wconf 91' lang='lat' dir='ltr'><strong>quod</strong></span> <span class='ocrx_word' id='word_1_80' title='bbox 1647 1327 1764 1398; x_wconf 87' lang='lat' dir='ltr'><strong>ipse</strong></span> 
     </span>
    </p>
   </div>
   <div class='ocr_carea' id='block_1_12' title="bbox 176 1418 1770 1493">
    <p class='ocr_par' dir='ltr' id='par_1_12' title="bbox 176 1418 1770 1493">
     <span class='ocr_line' id='line_1_12' title="bbox 176 1418 1770 1493; baseline -0.001 -17"><span class='ocrx_word' id='word_1_81' title='bbox 176 1422 320 1488; x_wconf 88' lang='lat' dir='ltr'><strong>facit,</strong></span> <span class='ocrx_word' id='word_1_82' title='bbox 356 1423 413 1477; x_wconf 91' lang='lat' dir='ltr'><strong>id</strong></span> <span class='ocrx_word' id='word_1_83' title='bbox 442 1432 543 1492; x_wconf 90' lang='lat' dir='ltr'><strong>est,</strong></span> <span class='ocrx_word' id='word_1_84' title='bbox 572 1422 744 1479; x_wconf 91' lang='lat' dir='ltr'><strong>aliena</strong></span> <span class='ocrx_word' id='word_1_85' title='bbox 772 1432 985 1493; x_wconf 87' lang='lat' dir='ltr'><strong>peccata</strong></span> <span class='ocrx_word' id='word_1_86' title='bbox 1012 1421 1131 1477; x_wconf 87' lang='lat' dir='ltr'><strong>aliis</strong></span> <span class='ocrx_word' id='word_1_87' title='bbox 1166 1421 1506 1491; x_wconf 89' lang='lat' dir='ltr'><strong>imputando;</strong></span> <span class='ocrx_word' id='word_1_88' title='bbox 1537 1428 1593 1476; x_wconf 90' lang='lat' dir='ltr'><strong>et</strong></span> <span class='ocrx_word' id='word_1_89' title='bbox 1617 1418 1770 1475; x_wconf 91' lang='lat' dir='ltr'><strong>nobis</strong></span> 
     </span>
    </p>
   </div>
   <div class='ocr_carea' id='block_1_13' title="bbox 178 1504 1775 1587">
    <p class='ocr_par' dir='ltr' id='par_1_13' title="bbox 178 1504 1775 1587">
     <span class='ocr_line' id='line_1_13' title="bbox 178 1504 1775 1587; baseline -0.001 -18"><span class='ocrx_word' id='word_1_90' title='bbox 178 1516 427 1587; x_wconf 82' lang='lat' dir='ltr'><strong>praecipit</strong></span> <span class='ocrx_word' id='word_1_91' title='bbox 450 1515 591 1586; x_wconf 91' lang='lat' dir='ltr'><strong>quod</strong></span> <span class='ocrx_word' id='word_1_92' title='bbox 616 1514 869 1586; x_wconf 85' lang='lat' dir='ltr'><strong>injustum</strong></span> <span class='ocrx_word' id='word_1_93' title='bbox 890 1524 992 1582; x_wconf 90' lang='lat' dir='ltr'><strong>est,</strong></span> <span class='ocrx_word' id='word_1_94' title='bbox 1016 1524 1074 1569; x_wconf 93' lang='lat' dir='ltr'><strong>ut</strong></span> <span class='ocrx_word' id='word_1_95' title='bbox 1104 1504 1532 1585; x_wconf 86' lang='lat' dir='ltr'><strong>unumquemque</strong></span> <span class='ocrx_word' id='word_1_96' title='bbox 1560 1528 1656 1584; x_wconf 89' lang='lat' dir='ltr'><strong>pro</strong></span> <span class='ocrx_word' id='word_1_97' title='bbox 1682 1526 1775 1567; x_wconf 86' lang='lat' dir='ltr'><strong>vo-</strong></span> 
     </span>
    </p>
   </div>
   <div class='ocr_carea' id='block_1_14' title="bbox 175 1605 1416 1677">
    <p class='ocr_par' dir='ltr' id='par_1_14' title="bbox 175 1605 1416 1677">
     <span class='ocr_line' id='line_1_14' title="bbox 175 1605 1416 1677; baseline -0.003 -14"><span class='ocrx_word' id='word_1_98' title='bbox 175 1608 396 1663; x_wconf 91' lang='lat' dir='ltr'><strong>Iuntatis</strong></span> <span class='ocrx_word' id='word_1_99' title='bbox 425 1624 536 1663; x_wconf 74' lang='lat' dir='ltr'><strong>sua:</strong></span> <span class='ocrx_word' id='word_1_100' title='bbox 562 1608 770 1663; x_wconf 86' lang='lat' dir='ltr'><strong>delictis</strong></span> <span class='ocrx_word' id='word_1_101' title='bbox 799 1623 949 1662; x_wconf 90' lang='lat' dir='ltr'><strong>reum</strong></span> <span class='ocrx_word' id='word_1_102' title='bbox 970 1605 1416 1677; x_wconf 73' lang='lat' dir='ltr'><strong>pronuntiemus?</strong></span> 
     </span>
    </p>
   </div>
   <div class='ocr_carea' id='block_1_15' title="bbox 243 1702 1775 1775">
    <p class='ocr_par' dir='ltr' id='par_1_15' title="bbox 243 1702 1775 1775">
     <span class='ocr_line' id='line_1_15' title="bbox 243 1702 1775 1775; baseline -0.005 -15"><span class='ocrx_word' id='word_1_103' title='bbox 243 1707 382 1761; x_wconf 80' lang='lat' dir='ltr'><strong>Anc.</strong></span> <span class='ocrx_word' id='word_1_104' title='bbox 431 1704 571 1775; x_wconf 86' lang='lat' dir='ltr'><strong>Lege</strong></span> <span class='ocrx_word' id='word_1_105' title='bbox 610 1703 751 1775; x_wconf 90' lang='lat' dir='ltr'><strong>quod</strong></span> <span class='ocrx_word' id='word_1_106' title='bbox 787 1702 877 1759; x_wconf 87' lang='lat' dir='ltr'><strong>tibi</strong></span> <span class='ocrx_word' id='word_1_107' title='bbox 918 1702 1163 1775; x_wconf 87' lang='lat' dir='ltr'><strong>superius</strong></span> <span class='ocrx_word' id='word_1_108' title='bbox 1205 1716 1519 1772; x_wconf 86' lang='lat' dir='ltr'><strong>responsum</strong></span> <span class='ocrx_word' id='word_1_109' title='bbox 1558 1706 1643 1755; x_wconf 89' lang='lat' dir='ltr'><strong>est</strong></span> <span class='ocrx_word' id='word_1_110' title='bbox 1672 1716 1687 1754; x_wconf 89' lang='lat'><strong>:</strong></span> <span class='ocrx_word' id='word_1_111' title='bbox 1718 1706 1775 1755; x_wconf 92' lang='lat' dir='ltr'><strong>et</strong></span> 
     </span>
    </p>
   </div>
   <div class='ocr_carea' id='block_1_16' title="bbox 180 1792 1772 1868">
    <p class='ocr_par' dir='ltr' id='par_1_16' title="bbox 180 1792 1772 1868">
     <span class='ocr_line' id='line_1_16' title="bbox 180 1792 1772 1868; baseline -0.006 -13"><span class='ocrx_word' id='word_1_112' title='bbox 180 1800 324 1855; x_wconf 81' lang='lat' dir='ltr'><strong>disce</strong></span> <span class='ocrx_word' id='word_1_113' title='bbox 347 1840 362 1863; x_wconf 90' lang='lat'><strong>,</strong></span> <span class='ocrx_word' id='word_1_114' title='bbox 401 1799 449 1853; x_wconf 91' lang='lat' dir='ltr'><strong>si</strong></span> <span class='ocrx_word' id='word_1_115' title='bbox 478 1806 631 1868; x_wconf 80' lang='lat' dir='ltr'><strong>potes</strong></span> <span class='ocrx_word' id='word_1_116' title='bbox 649 1838 666 1866; x_wconf 97' lang='lat'><strong>,</strong></span> <span class='ocrx_word' id='word_1_117' title='bbox 694 1795 1141 1868; x_wconf 90' lang='lat' dir='ltr'><strong>quemadmodum</strong></span> <span class='ocrx_word' id='word_1_118' title='bbox 1171 1804 1385 1866; x_wconf 88' lang='lat' dir='ltr'><strong>peccata</strong></span> <span class='ocrx_word' id='word_1_119' title='bbox 1415 1792 1691 1865; x_wconf 86' lang='lat' dir='ltr'><strong>originalia</strong></span> <span class='ocrx_word' id='word_1_120' title='bbox 1717 1798 1772 1847; x_wconf 91' lang='lat' dir='ltr'><strong>et</strong></span> 
     </span>
    </p>
   </div>
   <div class='ocr_carea' id='block_1_17' title="bbox 180 1885 1769 1962">
    <p class='ocr_par' dir='ltr' id='par_1_17' title="bbox 180 1885 1769 1962">
     <span class='ocr_line' id='line_1_17' title="bbox 180 1885 1769 1962; baseline -0.003 -16"><span class='ocrx_word' id='word_1_121' title='bbox 180 1892 348 1947; x_wconf 86' lang='lat' dir='ltr'><strong>aliena</strong></span> <span class='ocrx_word' id='word_1_122' title='bbox 370 1892 736 1962; x_wconf 81' lang='lat' dir='ltr'><strong>intelligantur</strong></span> <span class='ocrx_word' id='word_1_123' title='bbox 750 1901 802 1947; x_wconf 89' lang='lat' dir='ltr'><strong>et</strong></span> <span class='ocrx_word' id='word_1_124' title='bbox 824 1899 1037 1957; x_wconf 89' lang='lat' dir='ltr'><strong>nostra;</strong></span> <span class='ocrx_word' id='word_1_125' title='bbox 1061 1905 1166 1945; x_wconf 91' lang='lat' dir='ltr'><strong>non</strong></span> <span class='ocrx_word' id='word_1_126' title='bbox 1188 1889 1374 1947; x_wconf 84' lang='lat' dir='ltr'><strong>eadem</strong></span> <span class='ocrx_word' id='word_1_127' title='bbox 1394 1902 1551 1943; x_wconf 85' lang='lat' dir='ltr'><strong>causa</strong></span> <span class='ocrx_word' id='word_1_128' title='bbox 1572 1885 1769 1954; x_wconf 91' lang='lat' dir='ltr'><strong>aliena,</strong></span> 
     </span>
    </p>
   </div>
   <div class='ocr_carea' id='block_1_18' title="bbox 182 1979 1773 2056">
    <p class='ocr_par' dir='ltr' id='par_1_18' title="bbox 182 1979 1773 2056">
     <span class='ocr_line' id='line_1_18' title="bbox 182 1979 1773 2056; baseline -0.003 -18"><span class='ocrx_word' id='word_1_129' title='bbox 182 2001 280 2056; x_wconf 83' lang='lat' dir='ltr'><strong>qua</strong></span> <span class='ocrx_word' id='word_1_130' title='bbox 327 1994 513 2040; x_wconf 91' lang='lat' dir='ltr'><strong>nostra</strong></span> <span class='ocrx_word' id='word_1_131' title='bbox 548 1984 768 2040; x_wconf 89' lang='lat' dir='ltr'><strong>:aliena</strong></span> <span class='ocrx_word' id='word_1_132' title='bbox 795 1983 974 2051; x_wconf 92' lang='lat' dir='ltr'><strong>enim,</strong></span> <span class='ocrx_word' id='word_1_133' title='bbox 1014 1983 1137 2054; x_wconf 90' lang='lat' dir='ltr'><strong>quia</strong></span> <span class='ocrx_word' id='word_1_134' title='bbox 1179 1998 1283 2038; x_wconf 91' lang='lat' dir='ltr'><strong>non</strong></span> <span class='ocrx_word' id='word_1_135' title='bbox 1327 1998 1389 2038; x_wconf 91' lang='lat' dir='ltr'><strong>ea</strong></span> <span class='ocrx_word' id='word_1_136' title='bbox 1434 1981 1487 2036; x_wconf 92' lang='lat' dir='ltr'><strong>in</strong></span> <span class='ocrx_word' id='word_1_137' title='bbox 1530 1995 1622 2036; x_wconf 90' lang='lat' dir='ltr'><strong>sua</strong></span> <span class='ocrx_word' id='word_1_138' title='bbox 1664 1979 1773 2035; x_wconf 91' lang='lat' dir='ltr'><strong>vita</strong></span> 
     </span>
    </p>
   </div>
   <div class='ocr_carea' id='block_1_19' title="bbox 178 2072 1770 2147">
    <p class='ocr_par' dir='ltr' id='par_1_19' title="bbox 178 2072 1770 2147">
     <span class='ocr_line' id='line_1_19' title="bbox 178 2072 1770 2147; baseline -0.003 -15"><span class='ocrx_word' id='word_1_139' title='bbox 178 2078 403 2147; x_wconf 87' lang='lat' dir='ltr'><strong>quisque</strong></span> <span class='ocrx_word' id='word_1_140' title='bbox 432 2076 731 2142; x_wconf 88' lang='lat' dir='ltr'><strong>commisit;</strong></span> <span class='ocrx_word' id='word_1_141' title='bbox 761 2084 941 2132; x_wconf 88' lang='lat' dir='ltr'><strong>nostra</strong></span> <span class='ocrx_word' id='word_1_142' title='bbox 965 2091 1116 2143; x_wconf 89' lang='lat' dir='ltr'><strong>vero,</strong></span> <span class='ocrx_word' id='word_1_143' title='bbox 1145 2075 1264 2145; x_wconf 84' lang='lat' dir='ltr'><strong>quia</strong></span> <span class='ocrx_word' id='word_1_144' title='bbox 1295 2075 1389 2130; x_wconf 92' lang='lat' dir='ltr'><strong>fuit</strong></span> <span class='ocrx_word' id='word_1_145' title='bbox 1413 2074 1607 2141; x_wconf 84' lang='lat' dir='ltr'><strong>Adam,</strong></span> <span class='ocrx_word' id='word_1_146' title='bbox 1633 2080 1689 2130; x_wconf 91' lang='lat' dir='ltr'><strong>et</strong></span> <span class='ocrx_word' id='word_1_147' title='bbox 1718 2072 1770 2128; x_wconf 91' lang='lat' dir='ltr'><strong>in</strong></span> 
     </span>
    </p>
   </div>
   <div class='ocr_carea' id='block_1_20' title="bbox 180 2167 1569 2242">
    <p class='ocr_par' dir='ltr' id='par_1_20' title="bbox 180 2167 1569 2242">
     <span class='ocr_line' id='line_1_20' title="bbox 180 2167 1569 2242; baseline -0.004 -15"><span class='ocrx_word' id='word_1_148' title='bbox 180 2172 263 2227; x_wconf 90' lang='lat' dir='ltr'><strong>illo</strong></span> <span class='ocrx_word' id='word_1_149' title='bbox 289 2170 495 2226; x_wconf 86' lang='lat' dir='ltr'><strong>fuimus</strong></span> <span class='ocrx_word' id='word_1_150' title='bbox 520 2186 708 2226; x_wconf 89' lang='lat' dir='ltr'><strong>omnes</strong></span> <span class='ocrx_word' id='word_1_151' title='bbox 734 2169 1009 2242; x_wconf 77' lang='lat' dir='ltr'><strong>(Ambros.,</strong></span> <span class='ocrx_word' id='word_1_152' title='bbox 1041 2167 1127 2221; x_wconf 88' lang='lat' dir='ltr'><strong>lib.</strong></span> <span class='ocrx_word' id='word_1_153' title='bbox 1156 2169 1187 2223; x_wconf 88' lang='lat'><strong>7</strong></span> <span class='ocrx_word' id='word_1_154' title='bbox 1211 2168 1264 2222; x_wconf 88' lang='lat' dir='ltr'><strong>in</strong></span> <span class='ocrx_word' id='word_1_155' title='bbox 1291 2167 1417 2221; x_wconf 85' lang='lat' dir='ltr'><strong>Luc.</strong></span> <span class='ocrx_word' id='word_1_156' title='bbox 1451 2169 1569 2237; x_wconf 79' lang='lat' dir='ltr'><strong>xv).</strong></span> 
     </span>
    </p>
   </div>
   <div class='ocr_carea' id='block_1_21' title="bbox 243 2258 1772 2326">
    <p class='ocr_par' dir='ltr' id='par_1_21' title="bbox 243 2258 1772 2326">
     <span class='ocr_line' id='line_1_21' title="bbox 243 2258 1772 2326; baseline -0.004 -9"><span class='ocrx_word' id='word_1_157' title='bbox 243 2260 439 2317; x_wconf 83' lang='lat' dir='ltr'><strong>XXVI.</strong></span> <span class='ocrx_word' id='word_1_158' title='bbox 474 2261 595 2317; x_wconf 79' lang='lat' dir='ltr'><strong>JUL.</strong></span> <span class='ocrx_word' id='word_1_159' title='bbox 628 2262 694 2315; x_wconf 87' lang='lat' dir='ltr'><strong>Et</strong></span> <span class='ocrx_word' id='word_1_160' title='bbox 722 2260 864 2317; x_wconf 91' lang='lat' dir='ltr'><strong>unde</strong></span> <span class='ocrx_word' id='word_1_161' title='bbox 890 2260 938 2316; x_wconf 91' lang='lat' dir='ltr'><strong>ei</strong></span> <span class='ocrx_word' id='word_1_162' title='bbox 968 2268 1061 2315; x_wconf 91' lang='lat' dir='ltr'><strong>aut</strong></span> <span class='ocrx_word' id='word_1_163' title='bbox 1090 2267 1232 2313; x_wconf 90' lang='lat' dir='ltr'><strong>tanta</strong></span> <span class='ocrx_word' id='word_1_164' title='bbox 1264 2258 1479 2326; x_wconf 84' lang='lat' dir='ltr'><strong>invidia,</strong></span> <span class='ocrx_word' id='word_1_165' title='bbox 1509 2266 1600 2312; x_wconf 89' lang='lat' dir='ltr'><strong>aut</strong></span> <span class='ocrx_word' id='word_1_166' title='bbox 1626 2264 1772 2312; x_wconf 88' lang='lat' dir='ltr'><strong>tanta</strong></span> 
     </span>
    </p>
   </div>
   <div class='ocr_carea' id='block_1_22' title="bbox 178 2351 1773 2427">
    <p class='ocr_par' dir='ltr' id='par_1_22' title="bbox 178 2351 1773 2427">
     <span class='ocr_line' id='line_1_22' title="bbox 178 2351 1773 2427; baseline -0.004 -16"><span class='ocrx_word' id='word_1_167' title='bbox 178 2357 479 2427; x_wconf 84' lang='lat' dir='ltr'><strong>malignitas</strong></span> <span class='ocrx_word' id='word_1_168' title='bbox 503 2356 529 2409; x_wconf 65' lang='grc' dir='ltr'><em>ἲ</em></span> <span class='ocrx_word' id='word_1_169' title='bbox 558 2353 757 2410; x_wconf 92' lang='lat' dir='ltr'><strong>Invidia</strong></span> <span class='ocrx_word' id='word_1_170' title='bbox 780 2363 862 2410; x_wconf 91' lang='lat' dir='ltr'><strong>est</strong></span> <span class='ocrx_word' id='word_1_171' title='bbox 887 2354 1053 2420; x_wconf 91' lang='lat' dir='ltr'><strong>enim,</strong></span> <span class='ocrx_word' id='word_1_172' title='bbox 1084 2351 1128 2407; x_wconf 92' lang='lat' dir='ltr'><strong>si</strong></span> <span class='ocrx_word' id='word_1_173' title='bbox 1159 2351 1227 2407; x_wconf 92' lang='lat' dir='ltr'><strong>ad</strong></span> <span class='ocrx_word' id='word_1_174' title='bbox 1254 2351 1355 2407; x_wconf 91' lang='lat' dir='ltr'><strong>hoc</strong></span> <span class='ocrx_word' id='word_1_175' title='bbox 1383 2351 1595 2421; x_wconf 85' lang='lat' dir='ltr'><strong>decepit</strong></span> <span class='ocrx_word' id='word_1_176' title='bbox 1634 2366 1773 2420; x_wconf 67' lang='lat' dir='ltr'><strong>prae-</strong></span> 
     </span>
    </p>
   </div>
   <div class='ocr_carea' id='block_1_23' title="bbox 106 2442 1770 2519">
    <p class='ocr_par' dir='ltr' id='par_1_23' title="bbox 106 2442 1770 2519">
     <span class='ocr_line' id='line_1_23' title="bbox 106 2442 1770 2519; baseline -0.004 -16"><span class='ocrx_word' id='word_1_177' title='bbox 106 2448 109 2453; x_wconf 80' lang='grc'><em>’</em></span> <span class='ocrx_word' id='word_1_178' title='bbox 178 2446 424 2519; x_wconf 89' lang='lat' dir='ltr'><strong>cipiendo</strong></span> <span class='ocrx_word' id='word_1_179' title='bbox 451 2455 749 2502; x_wconf 85' lang='lat' dir='ltr'><strong>creaturam</strong></span> <span class='ocrx_word' id='word_1_180' title='bbox 779 2459 928 2501; x_wconf 87' lang='lat' dir='ltr'><strong>suam</strong></span> <span class='ocrx_word' id='word_1_181' title='bbox 950 2485 967 2511; x_wconf 97' lang='lat'><strong>,</strong></span> <span class='ocrx_word' id='word_1_182' title='bbox 998 2459 1065 2499; x_wconf 91' lang='lat' dir='ltr'><strong>ne</strong></span> <span class='ocrx_word' id='word_1_183' title='bbox 1094 2442 1315 2499; x_wconf 85' lang='lat' dir='ltr'><strong>virtutes</strong></span> <span class='ocrx_word' id='word_1_184' title='bbox 1339 2442 1455 2512; x_wconf 86' lang='lat' dir='ltr'><strong>ejus</strong></span> <span class='ocrx_word' id='word_1_185' title='bbox 1474 2484 1490 2509; x_wconf 93' lang='lat'><strong>,</strong></span> <span class='ocrx_word' id='word_1_186' title='bbox 1522 2442 1574 2497; x_wconf 89' lang='lat' dir='ltr'><strong>in</strong></span> <span class='ocrx_word' id='word_1_187' title='bbox 1599 2456 1770 2513; x_wconf 55' lang='lat' dir='ltr'><strong>quan.</strong></span> 
     </span>
    </p>
   </div>
   <div class='ocr_carea' id='block_1_24' title="bbox 182 2536 1770 2612">
    <p class='ocr_par' dir='ltr' id='par_1_24' title="bbox 182 2536 1770 2612">
     <span class='ocr_line' id='line_1_24' title="bbox 182 2536 1770 2612; baseline -0.004 -17"><span class='ocrx_word' id='word_1_188' title='bbox 182 2551 283 2595; x_wconf 92' lang='lat' dir='ltr'><strong>tum</strong></span> <span class='ocrx_word' id='word_1_189' title='bbox 324 2549 578 2612; x_wconf 84' lang='lat' dir='ltr'><strong>poterat,</strong></span> <span class='ocrx_word' id='word_1_190' title='bbox 620 2548 906 2596; x_wconf 89' lang='lat' dir='ltr'><strong>conaretur</strong></span> <span class='ocrx_word' id='word_1_191' title='bbox 946 2536 1139 2593; x_wconf 87' lang='lat' dir='ltr'><strong>imitari</strong></span> <span class='ocrx_word' id='word_1_192' title='bbox 1169 2555 1182 2590; x_wconf 89' lang='lat'><strong>:</strong></span> <span class='ocrx_word' id='word_1_193' title='bbox 1214 2536 1516 2607; x_wconf 79' lang='lat' dir='ltr'><strong>malignitas</strong></span> <span class='ocrx_word' id='word_1_194' title='bbox 1553 2544 1729 2591; x_wconf 91' lang='lat' dir='ltr'><strong>autem</strong></span> <span class='ocrx_word' id='word_1_195' title='bbox 1753 2575 1770 2603; x_wconf 97' lang='lat'><strong>,</strong></span> 
     </span>
    </p>
   </div>
   <div class='ocr_carea' id='block_1_25' title="bbox 182 2628 1772 2703">
    <p class='ocr_par' dir='ltr' id='par_1_25' title="bbox 182 2628 1772 2703">
     <span class='ocr_line' id='line_1_25' title="bbox 182 2628 1772 2703; baseline -0.004 -14"><span class='ocrx_word' id='word_1_196' title='bbox 182 2635 282 2689; x_wconf 90' lang='lat' dir='ltr'><strong>imo</strong></span> <span class='ocrx_word' id='word_1_197' title='bbox 310 2632 608 2689; x_wconf 87' lang='lat' dir='ltr'><strong>crudelitas</strong></span> <span class='ocrx_word' id='word_1_198' title='bbox 627 2674 642 2701; x_wconf 94' lang='lat'><strong>,</strong></span> <span class='ocrx_word' id='word_1_199' title='bbox 671 2631 718 2688; x_wconf 89' lang='lat' dir='ltr'><strong>si</strong></span> <span class='ocrx_word' id='word_1_200' title='bbox 757 2631 940 2703; x_wconf 91' lang='lat' dir='ltr'><strong>puniat</strong></span> <span class='ocrx_word' id='word_1_201' title='bbox 964 2638 1181 2701; x_wconf 88' lang='lat' dir='ltr'><strong>propter</strong></span> <span class='ocrx_word' id='word_1_202' title='bbox 1211 2628 1404 2699; x_wconf 91' lang='lat' dir='ltr'><strong>injusta</strong></span> <span class='ocrx_word' id='word_1_203' title='bbox 1432 2643 1595 2700; x_wconf 88' lang='lat' dir='ltr'><strong>opera</strong></span> <span class='ocrx_word' id='word_1_204' title='bbox 1625 2643 1772 2684; x_wconf 87' lang='lat' dir='ltr'><strong>mor-</strong></span> 
     </span>
    </p>
   </div>
   <div class='ocr_carea' id='block_1_26' title="bbox 184 2722 1636 2796">
    <p class='ocr_par' dir='ltr' id='par_1_26' title="bbox 184 2722 1636 2796">
     <span class='ocr_line' id='line_1_26' title="bbox 184 2722 1636 2796; baseline -0.003 -16"><span class='ocrx_word' id='word_1_205' title='bbox 184 2727 341 2791; x_wconf 80' lang='lat' dir='ltr'><strong>tales,</strong></span> <span class='ocrx_word' id='word_1_206' title='bbox 373 2741 498 2796; x_wconf 71' lang='lat' dir='ltr'><strong>qua:</strong></span> <span class='ocrx_word' id='word_1_207' title='bbox 524 2740 644 2780; x_wconf 91' lang='lat' dir='ltr'><strong>cum</strong></span> <span class='ocrx_word' id='word_1_208' title='bbox 676 2723 779 2795; x_wconf 90' lang='lat' dir='ltr'><strong>legi</strong></span> <span class='ocrx_word' id='word_1_209' title='bbox 806 2723 923 2795; x_wconf 87' lang='lat' dir='ltr'><strong>ejus</strong></span> <span class='ocrx_word' id='word_1_210' title='bbox 953 2722 1209 2779; x_wconf 90' lang='lat' dir='ltr'><strong>obediunt</strong></span> <span class='ocrx_word' id='word_1_211' title='bbox 1242 2730 1636 2793; x_wconf 89' lang='lat' dir='ltr'><strong>perpetrarunt.</strong></span> 
     </span>
    </p>
   </div>
   <div class='ocr_carea' id='block_1_27' title="bbox 252 2812 1772 2888">
    <p class='ocr_par' dir='ltr' id='par_1_27' title="bbox 252 2812 1772 2888">
     <span class='ocr_line' id='line_1_27' title="bbox 252 2812 1772 2888; baseline -0.004 -15"><span class='ocrx_word' id='word_1_212' title='bbox 252 2823 387 2875; x_wconf 78' lang='lat' dir='ltr'><strong>Anc.</strong></span> <span class='ocrx_word' id='word_1_213' title='bbox 431 2817 548 2873; x_wconf 83' lang='lat' dir='ltr'><strong>.lam</strong></span> <span class='ocrx_word' id='word_1_214' title='bbox 588 2817 833 2888; x_wconf 88' lang='lat' dir='ltr'><strong>superius</strong></span> <span class='ocrx_word' id='word_1_215' title='bbox 875 2814 1268 2883; x_wconf 87' lang='lat' dir='ltr'><strong>demonstravi,</strong></span> <span class='ocrx_word' id='word_1_216' title='bbox 1311 2813 1556 2885; x_wconf 62' lang='lat' dir='ltr'><strong>quiedam</strong></span> <span class='ocrx_word' id='word_1_217' title='bbox 1607 2812 1772 2868; x_wconf 92' lang='lat' dir='ltr'><strong>Deum</strong></span> 
     </span>
    </p>
   </div>
   <div class='ocr_carea' id='block_1_28' title="bbox 181 2905 1777 2983">
    <p class='ocr_par' dir='ltr' id='par_1_28' title="bbox 181 2905 1777 2983">
     <span class='ocr_line' id='line_1_28' title="bbox 181 2905 1777 2983; baseline -0.001 -20"><span class='ocrx_word' id='word_1_218' title='bbox 181 2911 321 2983; x_wconf 82' lang='lat' dir='ltr'><strong>juste</strong></span> <span class='ocrx_word' id='word_1_219' title='bbox 341 2910 538 2977; x_wconf 85' lang='lat' dir='ltr'><strong>facere,</strong></span> <span class='ocrx_word' id='word_1_220' title='bbox 563 2925 682 2981; x_wconf 63' lang='lat' dir='ltr'><strong>quae</strong></span> <span class='ocrx_word' id='word_1_221' title='bbox 710 2909 756 2965; x_wconf 94' lang='lat' dir='ltr'><strong>si</strong></span> <span class='ocrx_word' id='word_1_222' title='bbox 788 2908 949 2964; x_wconf 92' lang='lat' dir='ltr'><strong>homo</strong></span> <span class='ocrx_word' id='word_1_223' title='bbox 974 2908 1150 2976; x_wconf 90' lang='lat' dir='ltr'><strong>faciat,</strong></span> <span class='ocrx_word' id='word_1_224' title='bbox 1174 2907 1368 2978; x_wconf 86' lang='lat' dir='ltr'><strong>injuste</strong></span> <span class='ocrx_word' id='word_1_225' title='bbox 1395 2905 1538 2962; x_wconf 86' lang='lat' dir='ltr'><strong>facit.</strong></span> <span class='ocrx_word' id='word_1_226' title='bbox 1563 2905 1695 2962; x_wconf 87' lang='lat' dir='ltr'><strong>Nam</strong></span> <span class='ocrx_word' id='word_1_227' title='bbox 1720 2914 1777 2962; x_wconf 92' lang='lat' dir='ltr'><strong>et</strong></span> 
     </span>
    </p>
   </div>
   <div class='ocr_carea' id='block_1_29' title="bbox 189 3000 1773 3075">
    <p class='ocr_par' dir='ltr' id='par_1_29' title="bbox 189 3000 1773 3075">
     <span class='ocr_line' id='line_1_29' title="bbox 189 3000 1773 3075; baseline -0.002 -17"><span class='ocrx_word' id='word_1_228' title='bbox 189 3004 417 3075; x_wconf 85' lang='lat' dir='ltr'><strong>injurias</strong></span> <span class='ocrx_word' id='word_1_229' title='bbox 443 3018 560 3059; x_wconf 88' lang='lat' dir='ltr'><strong>suas</strong></span> <span class='ocrx_word' id='word_1_230' title='bbox 588 3004 730 3058; x_wconf 89' lang='lat' dir='ltr'><strong>Deus</strong></span> <span class='ocrx_word' id='word_1_231' title='bbox 761 3002 1036 3058; x_wconf 90' lang='lat' dir='ltr'><strong>ulciscitur</strong></span> <span class='ocrx_word' id='word_1_232' title='bbox 1058 3003 1205 3073; x_wconf 91' lang='lat' dir='ltr'><strong>juste</strong></span> <span class='ocrx_word' id='word_1_233' title='bbox 1231 3018 1244 3056; x_wconf 90' lang='lat'>:</span> <span class='ocrx_word' id='word_1_234' title='bbox 1271 3000 1576 3057; x_wconf 89' lang='lat' dir='ltr'><strong>hominibus</strong></span> <span class='ocrx_word' id='word_1_235' title='bbox 1596 3009 1773 3056; x_wconf 92' lang='lat' dir='ltr'><strong>autem</strong></span> 
     </span>
    </p>
   </div>
   <div class='ocr_carea' id='block_1_30' title="bbox 190 3092 1777 3166">
    <p class='ocr_par' dir='ltr' id='par_1_30' title="bbox 190 3092 1777 3166">
     <span class='ocr_line' id='line_1_30' title="bbox 190 3092 1777 3166; baseline -0.001 -17"><span class='ocrx_word' id='word_1_236' title='bbox 190 3095 417 3164; x_wconf 86' lang='lat' dir='ltr'><strong>dicitur,</strong></span> <span class='ocrx_word' id='word_1_237' title='bbox 452 3095 566 3150; x_wconf 79' lang='lat' dir='ltr'><strong>Non</strong></span> <span class='ocrx_word' id='word_1_238' title='bbox 591 3112 677 3150; x_wconf 79' lang='lat' dir='ltr'><strong>vos</strong></span> <span class='ocrx_word' id='word_1_239' title='bbox 704 3095 841 3166; x_wconf 86' lang='lat' dir='ltr'><strong>ipsos</strong></span> <span class='ocrx_word' id='word_1_240' title='bbox 860 3094 1189 3158; x_wconf 75' lang='lat' dir='ltr'><strong>vindicantes,</strong></span> <span class='ocrx_word' id='word_1_241' title='bbox 1216 3093 1520 3158; x_wconf 78' lang='lat' dir='ltr'><strong>charisst&#39;mi,</strong></span> <span class='ocrx_word' id='word_1_242' title='bbox 1549 3092 1638 3147; x_wconf 83' lang='lat' dir='ltr'><strong>sed</strong></span> <span class='ocrx_word' id='word_1_243' title='bbox 1661 3093 1777 3148; x_wconf 79' lang='lat' dir='ltr'><strong>date</strong></span> 
     </span>
    </p>
   </div>
   <div class='ocr_carea' id='block_1_31' title="bbox 183 3186 1775 3260">
    <p class='ocr_par' dir='ltr' id='par_1_31' title="bbox 183 3186 1775 3260">
     <span class='ocr_line' id='line_1_31' title="bbox 183 3186 1775 3260; baseline -0.002 -17"><span class='ocrx_word' id='word_1_244' title='bbox 183 3188 352 3243; x_wconf 74' lang='lat' dir='ltr'><strong>locum</strong></span> <span class='ocrx_word' id='word_1_245' title='bbox 382 3190 470 3244; x_wconf 71' lang='lat' dir='ltr'><strong>ira</strong></span> <span class='ocrx_word' id='word_1_246' title='bbox 496 3204 515 3243; x_wconf 94' lang='lat'><strong><em>:</em></strong></span> <span class='ocrx_word' id='word_1_247' title='bbox 540 3190 783 3260; x_wconf 83' lang='lat' dir='ltr'><strong>scriptum</strong></span> <span class='ocrx_word' id='word_1_248' title='bbox 807 3199 879 3244; x_wconf 86' lang='lat' dir='ltr'><strong>est</strong></span> <span class='ocrx_word' id='word_1_249' title='bbox 905 3188 1060 3255; x_wconf 87' lang='lat' dir='ltr'><strong>enim,</strong></span> <span class='ocrx_word' id='word_1_250' title='bbox 1086 3186 1219 3241; x_wconf 81' lang='lat' dir='ltr'><strong>Mihi</strong></span> <span class='ocrx_word' id='word_1_251' title='bbox 1240 3187 1548 3253; x_wconf 83' lang='lat' dir='ltr'><strong>vindictam;</strong></span> <span class='ocrx_word' id='word_1_252' title='bbox 1578 3202 1669 3258; x_wconf 85' lang='lat' dir='ltr'><strong>ego</strong></span> <span class='ocrx_word' id='word_1_253' title='bbox 1696 3202 1775 3240; x_wconf 86' lang='lat' dir='ltr'><strong>re-</strong></span> 
     </span>
    </p>
   </div>
   <div class='ocr_carea' id='block_1_32' title="bbox 180 3277 1347 3349">
    <p class='ocr_par' dir='ltr' id='par_1_32' title="bbox 180 3277 1347 3349">
     <span class='ocr_line' id='line_1_32' title="bbox 180 3277 1347 3349; baseline -0.002 -17"><span class='ocrx_word' id='word_1_254' title='bbox 180 3280 422 3346; x_wconf 81' lang='lat' dir='ltr'><strong>tribuam,</strong></span> <span class='ocrx_word' id='word_1_255' title='bbox 455 3280 577 3334; x_wconf 80' lang='lat' dir='ltr'><strong>dicit</strong></span> <span class='ocrx_word' id='word_1_256' title='bbox 607 3278 853 3335; x_wconf 79' lang='lat' dir='ltr'><strong>Dominus</strong></span> <span class='ocrx_word' id='word_1_257' title='bbox 883 3278 1058 3349; x_wconf 85' lang='lat' dir='ltr'><strong>(Rom.</strong></span> <span class='ocrx_word' id='word_1_258' title='bbox 1093 3294 1197 3345; x_wconf 78' lang='lat' dir='ltr'><strong>xu,</strong></span> <span class='ocrx_word' id='word_1_259' title='bbox 1233 3277 1347 3349; x_wconf 85' lang='lat' dir='ltr'><strong>l9).</strong></span> 
     </span>
    </p>
   </div>
   <div class='ocr_carea' id='block_1_33' title="bbox 250 3367 1773 3454">
    <p class='ocr_par' dir='ltr' id='par_1_33' title="bbox 250 3367 1773 3454">
     <span class='ocr_line' id='line_1_33' title="bbox 250 3367 1773 3454; baseline -0.001 -27"><span class='ocrx_word' id='word_1_260' title='bbox 250 3371 470 3428; x_wconf 86' lang='lat' dir='ltr'><strong>XXVII.</strong></span> <span class='ocrx_word' id='word_1_261' title='bbox 499 3373 620 3429; x_wconf 69' lang='lat' dir='ltr'><strong>Jun.</strong></span> <span class='ocrx_word' id='word_1_262' title='bbox 648 3371 894 3454; x_wconf 37' lang='lat' dir='ltr'><strong>An‘forte</strong></span> <span class='ocrx_word' id='word_1_263' title='bbox 924 3386 1029 3427; x_wconf 92' lang='lat' dir='ltr'><strong>non</strong></span> <span class='ocrx_word' id='word_1_264' title='bbox 1070 3371 1223 3442; x_wconf 89' lang='lat' dir='ltr'><strong>punit</strong></span> <span class='ocrx_word' id='word_1_265' title='bbox 1252 3368 1415 3443; x_wconf 89' lang='lat' dir='ltr'><strong>(quod</strong></span> <span class='ocrx_word' id='word_1_266' title='bbox 1446 3367 1658 3440; x_wconf 90' lang='lat' dir='ltr'><strong>quidem</strong></span> <span class='ocrx_word' id='word_1_267' title='bbox 1692 3368 1773 3425; x_wconf 84' lang='lat' dir='ltr'><strong>fa-</strong></span> 
     </span>
    </p>
   </div>
   <div class='ocr_carea' id='block_1_34' title="bbox 180 3463 1777 3538">
    <p class='ocr_par' dir='ltr' id='par_1_34' title="bbox 180 3463 1777 3538">
     <span class='ocr_line' id='line_1_34' title="bbox 180 3463 1777 3538; baseline -0.001 -17"><span class='ocrx_word' id='word_1_268' title='bbox 180 3466 253 3521; x_wconf 90' lang='lat' dir='ltr'><strong>cit</strong></span> <span class='ocrx_word' id='word_1_269' title='bbox 277 3464 619 3538; x_wconf 83' lang='lat' dir='ltr'><strong>prudenter),</strong></span> <span class='ocrx_word' id='word_1_270' title='bbox 649 3466 742 3521; x_wconf 91' lang='lat' dir='ltr'><strong>sed</strong></span> <span class='ocrx_word' id='word_1_271' title='bbox 771 3464 931 3521; x_wconf 92' lang='lat' dir='ltr'><strong>etiam</strong></span> <span class='ocrx_word' id='word_1_272' title='bbox 962 3472 1334 3520; x_wconf 90' lang='lat' dir='ltr'><strong>remuneratur</strong></span> <span class='ocrx_word' id='word_1_273' title='bbox 1364 3463 1609 3529; x_wconf 87' lang='lat' dir='ltr'><strong>famulos,</strong></span> <span class='ocrx_word' id='word_1_274' title='bbox 1638 3479 1777 3534; x_wconf 82' lang='lat' dir='ltr'><strong>prac-</strong></span> 
     </span>
    </p>
   </div>
   <div class='ocr_carea' id='block_1_35' title="bbox 181 3554 1777 3629">
    <p class='ocr_par' dir='ltr' id='par_1_35' title="bbox 181 3554 1777 3629">
     <span class='ocr_line' id='line_1_35' title="bbox 181 3554 1777 3629; baseline -0.003 -16"><span class='ocrx_word' id='word_1_275' title='bbox 181 3558 348 3629; x_wconf 86' lang='lat' dir='ltr'><strong>ceptis</strong></span> <span class='ocrx_word' id='word_1_276' title='bbox 401 3559 518 3613; x_wconf 89' lang='lat' dir='ltr'><strong>suis</strong></span> <span class='ocrx_word' id='word_1_277' title='bbox 566 3557 693 3612; x_wconf 89' lang='lat' dir='ltr'><strong>licet</strong></span> <span class='ocrx_word' id='word_1_278' title='bbox 736 3556 1049 3627; x_wconf 90' lang='lat' dir='ltr'><strong>injustitiam</strong></span> <span class='ocrx_word' id='word_1_279' title='bbox 1097 3555 1414 3611; x_wconf 89' lang='lat' dir='ltr'><strong>docentibus</strong></span> <span class='ocrx_word' id='word_1_280' title='bbox 1456 3554 1777 3611; x_wconf 73' lang='lat' dir='ltr'><strong>obsecutos?</strong></span> 
     </span>
    </p>
   </div>
   <div class='ocr_carea' id='block_1_36' title="bbox 180 3647 1777 3723">
    <p class='ocr_par' dir='ltr' id='par_1_36' title="bbox 180 3647 1777 3723">
     <span class='ocr_line' id='line_1_36' title="bbox 180 3647 1777 3723; baseline -0.001 -17"><span class='ocrx_word' id='word_1_281' title='bbox 180 3649 250 3706; x_wconf 83' lang='lat' dir='ltr'><strong>Et</strong></span> <span class='ocrx_word' id='word_1_282' title='bbox 268 3649 401 3723; x_wconf 84' lang='lat' dir='ltr'><strong>quid</strong></span> <span class='ocrx_word' id='word_1_283' title='bbox 436 3651 486 3707; x_wconf 93' lang='lat' dir='ltr'><strong>ei</strong></span> <span class='ocrx_word' id='word_1_284' title='bbox 518 3649 712 3720; x_wconf 87' lang='lat' dir='ltr'><strong>profuit</strong></span> <span class='ocrx_word' id='word_1_285' title='bbox 733 3648 992 3716; x_wconf 86' lang='lat' dir='ltr'><strong>invidere,</strong></span> <span class='ocrx_word' id='word_1_286' title='bbox 1019 3647 1066 3705; x_wconf 92' lang='lat' dir='ltr'><strong>si</strong></span> <span class='ocrx_word' id='word_1_287' title='bbox 1094 3657 1147 3705; x_wconf 90' lang='lat' dir='ltr'><strong>et</strong></span> <span class='ocrx_word' id='word_1_288' title='bbox 1174 3647 1397 3720; x_wconf 86' lang='lat' dir='ltr'><strong>injustas</strong></span> <span class='ocrx_word' id='word_1_289' title='bbox 1426 3663 1515 3704; x_wconf 90' lang='lat' dir='ltr'><strong>res</strong></span> <span class='ocrx_word' id='word_1_290' title='bbox 1534 3647 1777 3705; x_wconf 89' lang='lat' dir='ltr'><strong>faciendo</strong></span> 
     </span>
    </p>
   </div>
   <div class='ocr_carea' id='block_1_37' title="bbox 181 3740 1779 3813">
    <p class='ocr_par' dir='ltr' id='par_1_37' title="bbox 181 3740 1779 3813">
     <span class='ocr_line' id='line_1_37' title="bbox 181 3740 1779 3813; baseline -0.003 -13"><span class='ocrx_word' id='word_1_291' title='bbox 181 3760 245 3800; x_wconf 85' lang='lat' dir='ltr'><strong>eo</strong></span> <span class='ocrx_word' id='word_1_292' title='bbox 274 3754 644 3813; x_wconf 86' lang='lat' dir='ltr'><strong>pervenerunt</strong></span> <span class='ocrx_word' id='word_1_293' title='bbox 684 3743 973 3810; x_wconf 88' lang='lat' dir='ltr'><strong>mortales,</strong></span> <span class='ocrx_word' id='word_1_294' title='bbox 1019 3757 1125 3813; x_wconf 92' lang='lat' dir='ltr'><strong>quo</strong></span> <span class='ocrx_word' id='word_1_295' title='bbox 1163 3742 1322 3797; x_wconf 89' lang='lat' dir='ltr'><strong>etiam</strong></span> <span class='ocrx_word' id='word_1_296' title='bbox 1360 3740 1622 3811; x_wconf 91' lang='lat' dir='ltr'><strong>justitiam</strong></span> <span class='ocrx_word' id='word_1_297' title='bbox 1663 3756 1779 3797; x_wconf 89' lang='lat' dir='ltr'><strong>ser-</strong></span> 
     </span>
    </p>
   </div>
   <div class='ocr_carea' id='block_1_38' title="bbox 181 3831 1778 3904">
    <p class='ocr_par' dir='ltr' id='par_1_38' title="bbox 181 3831 1778 3904">
     <span class='ocr_line' id='line_1_38' title="bbox 181 3831 1778 3904; baseline -0.001 -14"><span class='ocrx_word' id='word_1_298' title='bbox 181 3834 357 3891; x_wconf 79' lang='lat' dir='ltr'><strong>vando</strong></span> <span class='ocrx_word' id='word_1_299' title='bbox 380 3834 698 3891; x_wconf 80' lang='lat' dir='ltr'><strong>venissent?</strong></span> <span class='ocrx_word' id='word_1_300' title='bbox 729 3835 969 3904; x_wconf 90' lang='lat' dir='ltr'><strong>Cumque</strong></span> <span class='ocrx_word' id='word_1_301' title='bbox 993 3832 1121 3899; x_wconf 88' lang='lat' dir='ltr'><strong>illis,</strong></span> <span class='ocrx_word' id='word_1_302' title='bbox 1152 3847 1286 3904; x_wconf 91' lang='lat' dir='ltr'><strong>quos</strong></span> <span class='ocrx_word' id='word_1_303' title='bbox 1309 3832 1678 3897; x_wconf 89' lang='lat' dir='ltr'><strong>circumvenit,</strong></span> <span class='ocrx_word' id='word_1_304' title='bbox 1710 3831 1778 3889; x_wconf 86' lang='lat' dir='ltr'><strong>de</strong></span> 
     </span>
    </p>
   </div>
   <div class='ocr_carea' id='block_1_39' title="bbox 182 3922 1779 3998">
    <p class='ocr_par' dir='ltr' id='par_1_39' title="bbox 182 3922 1779 3998">
     <span class='ocr_line' id='line_1_39' title="bbox 182 3922 1779 3998; baseline -0.004 -15"><span class='ocrx_word' id='word_1_305' title='bbox 182 3926 436 3984; x_wconf 74' lang='lat' dir='ltr'><strong>felicitate</strong></span> <span class='ocrx_word' id='word_1_306' title='bbox 466 3926 596 3981; x_wconf 89' lang='lat' dir='ltr'><strong>nihil</strong></span> <span class='ocrx_word' id='word_1_307' title='bbox 622 3937 824 3998; x_wconf 90' lang='lat' dir='ltr'><strong>pereat,</strong></span> <span class='ocrx_word' id='word_1_308' title='bbox 849 3924 936 3981; x_wconf 93' lang='lat' dir='ltr'><strong>hic</strong></span> <span class='ocrx_word' id='word_1_309' title='bbox 960 3934 1138 3981; x_wconf 90' lang='lat' dir='ltr'><strong>tamen</strong></span> <span class='ocrx_word' id='word_1_310' title='bbox 1168 3923 1509 3995; x_wconf 89' lang='lat' dir='ltr'><strong>benignitatis</strong></span> <span class='ocrx_word' id='word_1_311' title='bbox 1537 3939 1600 3979; x_wconf 90' lang='lat' dir='ltr'><strong>ac</strong></span> <span class='ocrx_word' id='word_1_312' title='bbox 1621 3922 1779 3993; x_wconf 85' lang='lat' dir='ltr'><strong>justi-</strong></span> 
     </span>
    </p>
   </div>
   <div class='ocr_carea' id='block_1_40' title="bbox 182 4015 1779 4088">
    <p class='ocr_par' dir='ltr' id='par_1_40' title="bbox 182 4015 1779 4088">
     <span class='ocr_line' id='line_1_40' title="bbox 182 4015 1779 4088; baseline -0.002 -14"><span class='ocrx_word' id='word_1_313' title='bbox 182 4021 268 4076; x_wconf 77' lang='lat' dir='ltr'><strong>tia:</strong></span> <span class='ocrx_word' id='word_1_314' title='bbox 294 4020 625 4077; x_wconf 87' lang='lat' dir='ltr'><strong>conscientia</strong></span> <span class='ocrx_word' id='word_1_315' title='bbox 652 4019 808 4075; x_wconf 90' lang='lat' dir='ltr'><strong>simul</strong></span> <span class='ocrx_word' id='word_1_316' title='bbox 835 4026 891 4074; x_wconf 94' lang='lat' dir='ltr'><strong>et</strong></span> <span class='ocrx_word' id='word_1_317' title='bbox 915 4018 1118 4072; x_wconf 91' lang='lat' dir='ltr'><strong>honore</strong></span> <span class='ocrx_word' id='word_1_318' title='bbox 1145 4017 1399 4088; x_wconf 89' lang='lat' dir='ltr'><strong>privatur.</strong></span> <span class='ocrx_word' id='word_1_319' title='bbox 1427 4015 1636 4084; x_wconf 86' lang='lat' dir='ltr'><strong>Quanto</strong></span> <span class='ocrx_word' id='word_1_320' title='bbox 1661 4023 1779 4071; x_wconf 89' lang='lat' dir='ltr'><strong>erat</strong></span> 
     </span>
    </p>
   </div>
   <div class='ocr_carea' id='block_1_41' title="bbox 181 4106 1774 4182">
    <p class='ocr_par' dir='ltr' id='par_1_41' title="bbox 181 4106 1774 4182">
     <span class='ocr_line' id='line_1_41' title="bbox 181 4106 1774 4182; baseline -0.003 -15"><span class='ocrx_word' id='word_1_321' title='bbox 181 4112 519 4168; x_wconf 87' lang='lat' dir='ltr'><strong>tolerabilius</strong></span> <span class='ocrx_word' id='word_1_322' title='bbox 558 4127 589 4166; x_wconf 91' lang='lat' dir='ltr'><strong>a</strong></span> <span class='ocrx_word' id='word_1_323' title='bbox 626 4110 896 4182; x_wconf 82' lang='lat' dir='ltr'><strong>religionis</strong></span> <span class='ocrx_word' id='word_1_324' title='bbox 922 4107 1255 4181; x_wconf 81' lang='lat' dir='ltr'><strong>professione</strong></span> <span class='ocrx_word' id='word_1_325' title='bbox 1282 4107 1417 4163; x_wconf 90' lang='lat' dir='ltr'><strong>colla</strong></span> <span class='ocrx_word' id='word_1_326' title='bbox 1448 4106 1774 4175; x_wconf 87' lang='lat' dir='ltr'><strong>subducere,</strong></span> 
     </span>
    </p>
   </div>
   <div class='ocr_carea' id='block_1_42' title="bbox 179 4198 1776 4279">
    <p class='ocr_par' dir='ltr' id='par_1_42' title="bbox 179 4198 1776 4279">
     <span class='ocr_line' id='line_1_42' title="bbox 179 4198 1776 4279; baseline -0.004 -17"><span class='ocrx_word' id='word_1_327' title='bbox 179 4222 345 4276; x_wconf 89' lang='lat' dir='ltr'><strong>quam</strong></span> <span class='ocrx_word' id='word_1_328' title='bbox 372 4222 471 4279; x_wconf 90' lang='lat' dir='ltr'><strong>per</strong></span> <span class='ocrx_word' id='word_1_329' title='bbox 507 4215 614 4261; x_wconf 87' lang='lat' dir='ltr'><strong>tam</strong></span> <span class='ocrx_word' id='word_1_330' title='bbox 643 4214 908 4277; x_wconf 59' lang='lat' dir='ltr'><strong>prarupta</strong></span> <span class='ocrx_word' id='word_1_331' title='bbox 927 4243 943 4272; x_wconf 95' lang='lat'><strong>,</strong></span> <span class='ocrx_word' id='word_1_332' title='bbox 973 4210 1082 4259; x_wconf 86' lang='lat' dir='ltr'><strong>tam</strong></span> <span class='ocrx_word' id='word_1_333' title='bbox 1120 4200 1359 4259; x_wconf 81' lang='lat' dir='ltr'><strong>exitialia</strong></span> <span class='ocrx_word' id='word_1_334' title='bbox 1397 4200 1599 4256; x_wconf 89' lang='lat' dir='ltr'><strong>orbitas</strong></span> <span class='ocrx_word' id='word_1_335' title='bbox 1626 4199 1648 4231; x_wconf 85' lang='grc'>⁸</span> <span class='ocrx_word' id='word_1_336' title='bbox 1675 4198 1776 4256; x_wconf 92' lang='lat' dir='ltr'><strong>du-</strong></span> 
     </span>
    </p>
   </div>
   <div class='ocr_carea' id='block_1_43' title="bbox 177 4298 347 4354">
    <p class='ocr_par' dir='ltr' id='par_1_43' title="bbox 177 4298 347 4354">
     <span class='ocr_line' id='line_1_43' title="bbox 177 4298 347 4354; baseline -0.012 0"><span class='ocrx_word' id='word_1_337' title='bbox 177 4298 347 4354; x_wconf 81' lang='lat' dir='ltr'><strong>cere?</strong></span> 
     </span>
    </p>
   </div>
   <div class='ocr_carea' id='block_1_44' title="bbox 251 4382 1778 4460">
    <p class='ocr_par' dir='ltr' id='par_1_44' title="bbox 251 4382 1778 4460">
     <span class='ocr_line' id='line_1_44' title="bbox 251 4382 1778 4460; baseline -0.005 -14"><span class='ocrx_word' id='word_1_338' title='bbox 251 4392 393 4446; x_wconf 81' lang='lat' dir='ltr'><strong>Anc.</strong></span> <span class='ocrx_word' id='word_1_339' title='bbox 422 4387 677 4460; x_wconf 89' lang='lat' dir='ltr'><strong>Sequeris</strong></span> <span class='ocrx_word' id='word_1_340' title='bbox 704 4395 755 4444; x_wconf 90' lang='lat' dir='ltr'><strong>te</strong></span> <span class='ocrx_word' id='word_1_341' title='bbox 779 4430 793 4454; x_wconf 90' lang='lat'><strong>,</strong></span> <span class='ocrx_word' id='word_1_342' title='bbox 821 4384 953 4442; x_wconf 87' lang='lat' dir='ltr'><strong>nihil</strong></span> <span class='ocrx_word' id='word_1_343' title='bbox 980 4384 1182 4443; x_wconf 90' lang='lat' dir='ltr'><strong>dicens.</strong></span> <span class='ocrx_word' id='word_1_344' title='bbox 1209 4384 1291 4440; x_wconf 82' lang='lat' dir='ltr'><strong>Ab</strong></span> <span class='ocrx_word' id='word_1_345' title='bbox 1316 4382 1545 4439; x_wconf 89' lang='lat' dir='ltr'><strong>humana</strong></span> <span class='ocrx_word' id='word_1_346' title='bbox 1572 4383 1778 4454; x_wconf 86' lang='lat' dir='ltr'><strong>justitia</strong></span> 
     </span>
    </p>
   </div>
   <div class='ocr_carea' id='block_1_45' title="bbox 176 4476 1776 4549">
    <p class='ocr_par' dir='ltr' id='par_1_45' title="bbox 176 4476 1776 4549">
     <span class='ocr_line' id='line_1_45' title="bbox 176 4476 1776 4549; baseline -0.003 -13"><span class='ocrx_word' id='word_1_347' title='bbox 176 4482 433 4538; x_wconf 87' lang='lat' dir='ltr'><strong>discerne</strong></span> <span class='ocrx_word' id='word_1_348' title='bbox 460 4481 729 4547; x_wconf 88' lang='lat' dir='ltr'><strong>divinam;</strong></span> <span class='ocrx_word' id='word_1_349' title='bbox 758 4488 813 4535; x_wconf 93' lang='lat' dir='ltr'><strong>et</strong></span> <span class='ocrx_word' id='word_1_350' title='bbox 837 4479 1043 4535; x_wconf 88' lang='lat' dir='ltr'><strong>videbis</strong></span> <span class='ocrx_word' id='word_1_351' title='bbox 1063 4478 1206 4549; x_wconf 83' lang='lat' dir='ltr'><strong>juste</strong></span> <span class='ocrx_word' id='word_1_352' title='bbox 1247 4476 1409 4532; x_wconf 91' lang='lat' dir='ltr'><strong>Deum</strong></span> <span class='ocrx_word' id='word_1_353' title='bbox 1438 4486 1650 4547; x_wconf 92' lang='lat' dir='ltr'><strong>peccata</strong></span> <span class='ocrx_word' id='word_1_354' title='bbox 1683 4492 1776 4547; x_wconf 92' lang='lat' dir='ltr'><strong>pa-</strong></span> 
     </span>
    </p>
   </div>
   <div class='ocr_carea' id='block_1_46' title="bbox 176 4567 1779 4642">
    <p class='ocr_par' dir='ltr' id='par_1_46' title="bbox 176 4567 1779 4642">
     <span class='ocr_line' id='line_1_46' title="bbox 176 4567 1779 4642; baseline -0.002 -15"><span class='ocrx_word' id='word_1_355' title='bbox 176 4585 327 4628; x_wconf 88' lang='lat' dir='ltr'><strong>trum</strong></span> <span class='ocrx_word' id='word_1_356' title='bbox 358 4572 590 4628; x_wconf 86' lang='lat' dir='ltr'><strong>reddere</strong></span> <span class='ocrx_word' id='word_1_357' title='bbox 625 4571 679 4626; x_wconf 91' lang='lat' dir='ltr'><strong>iu</strong></span> <span class='ocrx_word' id='word_1_358' title='bbox 720 4570 896 4638; x_wconf 92' lang='lat' dir='ltr'><strong>ﬁlios;</strong></span> <span class='ocrx_word' id='word_1_359' title='bbox 924 4570 1066 4642; x_wconf 91' lang='lat' dir='ltr'><strong>quod</strong></span> <span class='ocrx_word' id='word_1_360' title='bbox 1095 4580 1271 4625; x_wconf 92' lang='lat' dir='ltr'><strong>tamen</strong></span> <span class='ocrx_word' id='word_1_361' title='bbox 1304 4567 1358 4624; x_wconf 94' lang='lat' dir='ltr'><strong>in</strong></span> <span class='ocrx_word' id='word_1_362' title='bbox 1382 4568 1583 4638; x_wconf 89' lang='lat' dir='ltr'><strong>judicio</strong></span> <span class='ocrx_word' id='word_1_363' title='bbox 1608 4584 1705 4624; x_wconf 92' lang='lat' dir='ltr'><strong>suo</strong></span> <span class='ocrx_word' id='word_1_364' title='bbox 1733 4568 1779 4624; x_wconf 89' lang='lat' dir='ltr'><strong>si</strong></span> 
     </span>
    </p>
   </div>
   <div class='ocr_carea' id='block_1_47' title="bbox 175 4663 1778 4735">
    <p class='ocr_par' dir='ltr' id='par_1_47' title="bbox 175 4663 1778 4735">
     <span class='ocr_line' id='line_1_47' title="bbox 175 4663 1778 4735; baseline -0.002 -14"><span class='ocrx_word' id='word_1_365' title='bbox 175 4666 350 4721; x_wconf 86' lang='lat' dir='ltr'><strong>homo</strong></span> <span class='ocrx_word' id='word_1_366' title='bbox 374 4667 478 4721; x_wconf 92' lang='lat' dir='ltr'><strong>sibi</strong></span> <span class='ocrx_word' id='word_1_367' title='bbox 505 4674 745 4735; x_wconf 84' lang='lat' dir='ltr'><strong>usurpet,</strong></span> <span class='ocrx_word' id='word_1_368' title='bbox 778 4664 1003 4735; x_wconf 86' lang='lat' dir='ltr'><strong>injustus</strong></span> <span class='ocrx_word' id='word_1_369' title='bbox 1027 4673 1128 4720; x_wconf 88' lang='lat' dir='ltr'><strong>est.</strong></span> <span class='ocrx_word' id='word_1_370' title='bbox 1160 4663 1236 4719; x_wconf 89' lang='lat' dir='ltr'><strong>Ne</strong></span> <span class='ocrx_word' id='word_1_371' title='bbox 1269 4670 1323 4718; x_wconf 91' lang='lat' dir='ltr'><strong>tu</strong></span> <span class='ocrx_word' id='word_1_372' title='bbox 1348 4663 1614 4718; x_wconf 79' lang='lat' dir='ltr'><strong>exorbites</strong></span> <span class='ocrx_word' id='word_1_373' title='bbox 1639 4678 1669 4718; x_wconf 91' lang='lat' dir='ltr'><strong>a</strong></span> <span class='ocrx_word' id='word_1_374' title='bbox 1694 4663 1778 4718; x_wconf 90' lang='lat' dir='ltr'><strong>via</strong></span> 
     </span>
    </p>
   </div>
   <div class='ocr_carea' id='block_1_48' title="bbox 164 4758 1775 4835">
    <p class='ocr_par' dir='ltr' id='par_1_48' title="bbox 164 4758 1775 4835">
     <span class='ocr_line' id='line_1_48' title="bbox 164 4758 1775 4835; baseline -0.004 -16"><span class='ocrx_word' id='word_1_375' title='bbox 164 4764 346 4835; x_wconf 84' lang='lat' dir='ltr'><strong>justa,</strong></span> <span class='ocrx_word' id='word_1_376' title='bbox 376 4772 434 4818; x_wconf 92' lang='lat' dir='ltr'><strong>ut</strong></span> <span class='ocrx_word' id='word_1_377' title='bbox 463 4779 586 4818; x_wconf 90' lang='lat' dir='ltr'><strong>cum</strong></span> <span class='ocrx_word' id='word_1_378' title='bbox 611 4761 763 4816; x_wconf 90' lang='lat' dir='ltr'><strong>audis</strong></span> <span class='ocrx_word' id='word_1_379' title='bbox 792 4768 1002 4832; x_wconf 88' lang='lat' dir='ltr'><strong>peccata</strong></span> <span class='ocrx_word' id='word_1_380' title='bbox 1025 4768 1235 4830; x_wconf 87' lang='lat' dir='ltr'><strong>patrum</strong></span> <span class='ocrx_word' id='word_1_381' title='bbox 1257 4758 1310 4813; x_wconf 93' lang='lat' dir='ltr'><strong>in</strong></span> <span class='ocrx_word' id='word_1_382' title='bbox 1334 4758 1471 4815; x_wconf 89' lang='lat' dir='ltr'><strong>ﬁlios</strong></span> <span class='ocrx_word' id='word_1_383' title='bbox 1494 4758 1775 4823; x_wconf 88' lang='lat' dir='ltr'><strong>vindicari,</strong></span> 
     </span>
    </p>
   </div>
   <div class='ocr_carea' id='block_1_49' title="bbox 168 4850 1780 4918">
    <p class='ocr_par' dir='ltr' id='par_1_49' title="bbox 168 4850 1780 4918">
     <span class='ocr_line' id='line_1_49' title="bbox 168 4850 1780 4918; baseline -0.004 -7"><span class='ocrx_word' id='word_1_384' title='bbox 168 4870 264 4912; x_wconf 86' lang='lat' dir='ltr'><strong>aut</strong></span> <span class='ocrx_word' id='word_1_385' title='bbox 302 4857 475 4911; x_wconf 89' lang='lat' dir='ltr'><strong>Deum</strong></span> <span class='ocrx_word' id='word_1_386' title='bbox 521 4854 662 4910; x_wconf 92' lang='lat' dir='ltr'><strong>nolis</strong></span> <span class='ocrx_word' id='word_1_387' title='bbox 686 4853 708 4885; x_wconf 71' lang='grc'>⁸</span> <span class='ocrx_word' id='word_1_388' title='bbox 737 4853 790 4910; x_wconf 92' lang='lat' dir='ltr'><strong>id</strong></span> <span class='ocrx_word' id='word_1_389' title='bbox 818 4853 1023 4918; x_wconf 87' lang='lat' dir='ltr'><strong>facere,</strong></span> <span class='ocrx_word' id='word_1_390' title='bbox 1065 4861 1156 4907; x_wconf 87' lang='lat' dir='ltr'><strong>aut</strong></span> <span class='ocrx_word' id='word_1_391' title='bbox 1190 4850 1460 4905; x_wconf 88' lang='lat' dir='ltr'><strong>hominem</strong></span> <span class='ocrx_word' id='word_1_392' title='bbox 1489 4850 1622 4905; x_wconf 91' lang='lat' dir='ltr'><strong>velis</strong></span> <span class='ocrx_word' id='word_1_393' title='bbox 1647 4891 1662 4918; x_wconf 93' lang='lat'><strong>,</strong></span> <span class='ocrx_word' id='word_1_394' title='bbox 1694 4850 1780 4906; x_wconf 88' lang='lat' dir='ltr'><strong>vel</strong></span> 
     </span>
    </p>
   </div>
   <div class='ocr_carea' id='block_1_50' title="bbox 170 4942 1495 5006">
    <p class='ocr_par' dir='ltr' id='par_1_50' title="bbox 170 4942 1495 5006">
     <span class='ocr_line' id='line_1_50' title="bbox 170 4942 1495 5006; baseline -0.005 -2"><span class='ocrx_word' id='word_1_395' title='bbox 170 4948 508 5006; x_wconf 78' lang='lat' dir='ltr'><strong>testimoniis</strong></span> <span class='ocrx_word' id='word_1_396' title='bbox 547 4947 631 5003; x_wconf 91' lang='lat' dir='ltr'><strong>vel</strong></span> <span class='ocrx_word' id='word_1_397' title='bbox 659 4946 920 5002; x_wconf 89' lang='lat' dir='ltr'><strong>mandatis</strong></span> <span class='ocrx_word' id='word_1_398' title='bbox 947 4944 1247 5002; x_wconf 89' lang='lat' dir='ltr'><strong>resistendo</strong></span> <span class='ocrx_word' id='word_1_399' title='bbox 1277 4942 1495 4999; x_wconf 91' lang='lat' dir='ltr'><strong>divinis.</strong></span> 
     </span>
    </p>
   </div>
   <div class='ocr_carea' id='block_1_51' title="bbox 244 5035 1780 5112">
    <p class='ocr_par' dir='ltr' id='par_1_51' title="bbox 244 5035 1780 5112">
     <span class='ocr_line' id='line_1_51' title="bbox 244 5035 1780 5112; baseline -0.003 -14"><span class='ocrx_word' id='word_1_400' title='bbox 244 5041 499 5098; x_wconf 79' lang='lat' dir='ltr'><strong>XXVIII.</strong></span> <span class='ocrx_word' id='word_1_401' title='bbox 528 5040 842 5112; x_wconf 81' lang='lat' dir='ltr'><strong>Jm..lgitur</strong></span> <span class='ocrx_word' id='word_1_402' title='bbox 865 5039 1114 5111; x_wconf 89' lang='lat' dir='ltr'><strong>quoniam</strong></span> <span class='ocrx_word' id='word_1_403' title='bbox 1142 5038 1227 5095; x_wconf 87' lang='lat' dir='ltr'><strong>vel</strong></span> <span class='ocrx_word' id='word_1_404' title='bbox 1255 5054 1285 5094; x_wconf 87' lang='lat' dir='ltr'><strong>a</strong></span> <span class='ocrx_word' id='word_1_405' title='bbox 1313 5038 1482 5094; x_wconf 90' lang='lat' dir='ltr'><strong>servis</strong></span> <span class='ocrx_word' id='word_1_406' title='bbox 1510 5035 1621 5093; x_wconf 92' lang='lat' dir='ltr'><strong>suis</strong></span> <span class='ocrx_word' id='word_1_407' title='bbox 1648 5036 1780 5093; x_wconf 89' lang='lat' dir='ltr'><strong>nihil</strong></span> 
     </span>
    </p>
   </div>
   <div class='ocr_carea' id='block_1_52' title="bbox 166 5128 1781 5202">
    <p class='ocr_par' dir='ltr' id='par_1_52' title="bbox 166 5128 1781 5202">
     <span class='ocr_line' id='line_1_52' title="bbox 166 5128 1781 5202; baseline -0.006 -9"><span class='ocrx_word' id='word_1_408' title='bbox 166 5138 286 5193; x_wconf 83' lang='lat' dir='ltr'><strong>tale</strong></span> <span class='ocrx_word' id='word_1_409' title='bbox 336 5134 601 5190; x_wconf 89' lang='lat' dir='ltr'><strong>committi</strong></span> <span class='ocrx_word' id='word_1_410' title='bbox 634 5133 772 5189; x_wconf 90' lang='lat' dir='ltr'><strong>Deus</strong></span> <span class='ocrx_word' id='word_1_411' title='bbox 800 5132 965 5197; x_wconf 91' lang='lat' dir='ltr'><strong>sinlt,</strong></span> <span class='ocrx_word' id='word_1_412' title='bbox 1009 5130 1168 5202; x_wconf 87' lang='lat' dir='ltr'><strong>quale</strong></span> <span class='ocrx_word' id='word_1_413' title='bbox 1215 5140 1269 5185; x_wconf 91' lang='lat' dir='ltr'><strong>tu</strong></span> <span class='ocrx_word' id='word_1_414' title='bbox 1313 5129 1381 5185; x_wconf 89' lang='lat' dir='ltr'><strong>ab</strong></span> <span class='ocrx_word' id='word_1_415' title='bbox 1424 5129 1543 5200; x_wconf 91' lang='lat' dir='ltr'><strong>ipso</strong></span> <span class='ocrx_word' id='word_1_416' title='bbox 1584 5128 1781 5184; x_wconf 88' lang='lat' dir='ltr'><strong>asseris</strong></span> 
     </span>
    </p>
   </div>
   <div class='ocr_carea' id='block_1_53' title="bbox 165 5222 1782 5299">
    <p class='ocr_par' dir='ltr' id='par_1_53' title="bbox 165 5222 1782 5299">
     <span class='ocr_line' id='line_1_53' title="bbox 165 5222 1782 5299; baseline -0.003 -16"><span class='ocrx_word' id='word_1_417' title='bbox 165 5226 526 5299; x_wconf 85' lang='lat' dir='ltr'><strong>perpetrari;</strong></span> <span class='ocrx_word' id='word_1_418' title='bbox 560 5224 900 5282; x_wconf 87' lang='lat' dir='ltr'><strong>manifestum</strong></span> <span class='ocrx_word' id='word_1_419' title='bbox 926 5233 1030 5291; x_wconf 90' lang='lat' dir='ltr'><strong>est,</strong></span> <span class='ocrx_word' id='word_1_420' title='bbox 1063 5232 1116 5281; x_wconf 90' lang='lat' dir='ltr'><strong>te</strong></span> <span class='ocrx_word' id='word_1_421' title='bbox 1144 5238 1249 5279; x_wconf 92' lang='lat' dir='ltr'><strong>non</strong></span> <span class='ocrx_word' id='word_1_422' title='bbox 1278 5225 1452 5278; x_wconf 91' lang='lat' dir='ltr'><strong>minus</strong></span> <span class='ocrx_word' id='word_1_423' title='bbox 1479 5222 1546 5278; x_wconf 89' lang='lat' dir='ltr'><strong>ab</strong></span> <span class='ocrx_word' id='word_1_424' title='bbox 1575 5222 1782 5278; x_wconf 88' lang='lat' dir='ltr'><strong>honore</strong></span> 
     </span>
    </p>
   </div>
   <div class='ocr_carea' id='block_1_54' title="bbox 160 5313 1777 5390">
    <p class='ocr_par' dir='ltr' id='par_1_54' title="bbox 160 5313 1777 5390">
     <span class='ocr_line' id='line_1_54' title="bbox 160 5313 1777 5390; baseline -0.004 -15"><span class='ocrx_word' id='word_1_425' title='bbox 160 5322 294 5390; x_wconf 79' lang='lat' dir='ltr'><strong>ejus</strong></span> <span class='ocrx_word' id='word_1_426' title='bbox 313 5363 334 5387; x_wconf 90' lang='lat'><strong>,</strong></span> <span class='ocrx_word' id='word_1_427' title='bbox 368 5334 532 5390; x_wconf 89' lang='lat' dir='ltr'><strong>quam</strong></span> <span class='ocrx_word' id='word_1_428' title='bbox 559 5317 627 5374; x_wconf 89' lang='lat' dir='ltr'><strong>ab</strong></span> <span class='ocrx_word' id='word_1_429' title='bbox 653 5316 884 5372; x_wconf 88' lang='lat' dir='ltr'><strong>humana</strong></span> <span class='ocrx_word' id='word_1_430' title='bbox 924 5315 1132 5371; x_wconf 90' lang='lat' dir='ltr'><strong>ratione</strong></span> <span class='ocrx_word' id='word_1_431' title='bbox 1169 5314 1387 5386; x_wconf 86' lang='lat' dir='ltr'><strong>fugisse.</strong></span> <span class='ocrx_word' id='word_1_432' title='bbox 1414 5313 1492 5369; x_wconf 83' lang='lat' dir='ltr'><strong>Ac</strong></span> <span class='ocrx_word' id='word_1_433' title='bbox 1518 5329 1613 5384; x_wconf 89' lang='lat' dir='ltr'><strong>per</strong></span> <span class='ocrx_word' id='word_1_434' title='bbox 1641 5315 1743 5368; x_wconf 91' lang='lat' dir='ltr'><strong>hoc</strong></span> <span class='ocrx_word' id='word_1_435' title='bbox 1763 5354 1777 5378; x_wconf 91' lang='lat'><strong>,</strong></span> 
     </span>
    </p>
   </div>
   <div class='ocr_carea' id='block_1_55' title="bbox 159 5404 1781 5481">
    <p class='ocr_par' dir='ltr' id='par_1_55' title="bbox 159 5404 1781 5481">
     <span class='ocr_line' id='line_1_55' title="bbox 159 5404 1781 5481; baseline -0.004 -14"><span class='ocrx_word' id='word_1_436' title='bbox 159 5428 285 5468; x_wconf 86' lang='lat' dir='ltr'><strong>non</strong></span> <span class='ocrx_word' id='word_1_437' title='bbox 335 5410 625 5481; x_wconf 83' lang='lat' dir='ltr'><strong>Pelagiano</strong></span> <span class='ocrx_word' id='word_1_438' title='bbox 648 5452 663 5477; x_wconf 93' lang='lat'><strong>,</strong></span> <span class='ocrx_word' id='word_1_439' title='bbox 702 5410 840 5465; x_wconf 86' lang='lat' dir='ltr'><strong>sicut</strong></span> <span class='ocrx_word' id='word_1_440' title='bbox 883 5407 1015 5463; x_wconf 90' lang='lat' dir='ltr'><strong>dicis</strong></span> <span class='ocrx_word' id='word_1_441' title='bbox 1040 5449 1057 5475; x_wconf 97' lang='lat'><strong>,</strong></span> <span class='ocrx_word' id='word_1_442' title='bbox 1095 5420 1278 5462; x_wconf 89' lang='lat' dir='ltr'><strong>errore</strong></span> <span class='ocrx_word' id='word_1_443' title='bbox 1313 5404 1609 5475; x_wconf 87' lang='lat' dir='ltr'><strong>decipimur</strong></span> <span class='ocrx_word' id='word_1_444' title='bbox 1641 5423 1655 5460; x_wconf 88' lang='lat'>:</span> <span class='ocrx_word' id='word_1_445' title='bbox 1686 5404 1781 5462; x_wconf 89' lang='lat' dir='ltr'><strong>sed</strong></span> 
     </span>
    </p>
   </div>
   <div class='ocr_carea' id='block_1_56' title="bbox 156 5494 1784 5575">
    <p class='ocr_par' dir='ltr' id='par_1_56' title="bbox 156 5494 1784 5575">
     <span class='ocr_line' id='line_1_56' title="bbox 156 5494 1784 5575; baseline -0.005 -16"><span class='ocrx_word' id='word_1_446' title='bbox 156 5502 298 5575; x_wconf 82' lang='lat' dir='ltr'><strong>lege</strong></span> <span class='ocrx_word' id='word_1_447' title='bbox 330 5500 431 5557; x_wconf 90' lang='lat' dir='ltr'><strong>Dei</strong></span> <span class='ocrx_word' id='word_1_448' title='bbox 458 5499 741 5572; x_wconf 89' lang='lat' dir='ltr'><strong>dirigimur</strong></span> <span class='ocrx_word' id='word_1_449' title='bbox 761 5540 777 5567; x_wconf 94' lang='lat'><strong>,</strong></span> <span class='ocrx_word' id='word_1_450' title='bbox 812 5506 868 5553; x_wconf 93' lang='lat' dir='ltr'><strong>ut</strong></span> <span class='ocrx_word' id='word_1_451' title='bbox 894 5510 1196 5553; x_wconf 88' lang='lat' dir='ltr'><strong>asseramus</strong></span> <span class='ocrx_word' id='word_1_452' title='bbox 1226 5494 1465 5566; x_wconf 90' lang='lat' dir='ltr'><strong>iniquttm</strong></span> <span class='ocrx_word' id='word_1_453' title='bbox 1504 5509 1626 5552; x_wconf 89' lang='lat' dir='ltr'><strong>esse</strong></span> <span class='ocrx_word' id='word_1_454' title='bbox 1646 5536 1662 5565; x_wconf 95' lang='lat'><strong>,</strong></span> <span class='ocrx_word' id='word_1_455' title='bbox 1691 5510 1784 5566; x_wconf 89' lang='lat' dir='ltr'><strong>pa-</strong></span> 
     </span>
    </p>
   </div>
   <div class='ocr_carea' id='block_1_57' title="bbox 229 5693 1781 5767">
    <p class='ocr_par' dir='ltr' id='par_1_57' title="bbox 229 5693 1781 5767">
     <span class='ocr_line' id='line_1_57' title="bbox 229 5693 1781 5767; baseline -0.003 -15"><span class='ocrx_word' id='word_1_456' title='bbox 229 5705 254 5736; x_wconf 72' lang='grc' dir='ltr'><strong><em>ι</em></strong></span> <span class='ocrx_word' id='word_1_457' title='bbox 296 5702 381 5767; x_wconf 69' lang='lat' dir='ltr'><strong>sic</strong></span> <span class='ocrx_word' id='word_1_458' title='bbox 411 5707 520 5751; x_wconf 71' lang='lat' dir='ltr'><strong>uss.</strong></span> <span class='ocrx_word' id='word_1_459' title='bbox 542 5701 835 5767; x_wconf 80' lang='lat' dir='ltr'><strong>Vignterius,</strong></span> <span class='ocrx_word' id='word_1_460' title='bbox 872 5698 1000 5763; x_wconf 79' lang='lat' dir='ltr'><strong>quod</strong></span> <span class='ocrx_word' id='word_1_461' title='bbox 1023 5695 1161 5747; x_wconf 86' lang='lat' dir='ltr'><strong>habet</strong></span> <span class='ocrx_word' id='word_1_462' title='bbox 1196 5700 1470 5767; x_wconf 80' lang='lat' dir='ltr'><strong>potestatem</strong></span> <span class='ocrx_word' id='word_1_463' title='bbox 1492 5693 1781 5767; x_wconf 48' lang='lat' dir='ltr'><strong>uouemere.</strong></span> 
     </span>
    </p>
   </div>
   <div class='ocr_carea' id='block_1_58' title="bbox 226 5760 1779 5822">
    <p class='ocr_par' dir='ltr' id='par_1_58' title="bbox 226 5760 1779 5822">
     <span class='ocr_line' id='line_1_58' title="bbox 226 5760 1779 5822; baseline -0.006 -8"><span class='ocrx_word' id='word_1_464' title='bbox 226 5768 256 5799; x_wconf 77' lang='grc'><strong><em>⁸</em></strong></span> <span class='ocrx_word' id='word_1_465' title='bbox 282 5765 373 5814; x_wconf 87' lang='lat' dir='ltr'><strong>sic</strong></span> <span class='ocrx_word' id='word_1_466' title='bbox 393 5771 541 5813; x_wconf 88' lang='lat' dir='ltr'><strong>vetus</strong></span> <span class='ocrx_word' id='word_1_467' title='bbox 562 5760 719 5812; x_wconf 77' lang='lat' dir='ltr'><strong>codex</strong></span> <span class='ocrx_word' id='word_1_468' title='bbox 740 5768 864 5811; x_wconf 84' lang='lat' dir='ltr'><strong>Port.</strong></span> <span class='ocrx_word' id='word_1_469' title='bbox 886 5760 945 5822; x_wconf 39' lang='lat' dir='ltr'><strong>‘At</strong></span> <span class='ocrx_word' id='word_1_470' title='bbox 970 5769 1077 5810; x_wconf 80' lang='lat' dir='ltr'><strong>Mar.</strong></span> <span class='ocrx_word' id='word_1_471' title='bbox 1096 5760 1511 5822; x_wconf 82' lang='lat' dir='ltr'><strong>cumvign.,esset</strong></span> 
     </span>
    </p>
   </div>
   <div class='ocr_carea' id='block_1_59' title="bbox 228 5821 1070 5896">
    <p class='ocr_par' dir='ltr' id='par_1_59' title="bbox 228 5821 1070 5896">
     <span class='ocr_line' id='line_1_59' title="bbox 228 5821 1070 5896; baseline 0 0"><span class='ocrx_word' id='word_1_472' title='bbox 228 5829 258 5896; x_wconf 62' lang='grc' dir='ltr'>ξ</span> <span class='ocrx_word' id='word_1_473' title='bbox 284 5828 375 5896; x_wconf 60' lang='grc' dir='ltr'><strong>ξες</strong></span> <span class='ocrx_word' id='word_1_474' title='bbox 395 5832 501 5896; x_wconf 55' lang='lat' dir='ltr'><strong>ess:</strong></span> <span class='ocrx_word' id='word_1_475' title='bbox 518 5826 815 5896; x_wconf 60' lang='grc' dir='ltr'><strong>,νίειιίςιηίυεν</strong></span> 
     </span>
    </p>
   </div>
   <div class='ocr_carea' id='block_1_60' title="bbox 225 5883 1755 5950">
    <p class='ocr_par' dir='ltr' id='par_1_60' title="bbox 225 5883 1755 5950">
     <span class='ocr_line' id='line_1_60' title="bbox 225 5883 1755 5950; baseline -0.003 -11"><span class='ocrx_word' id='word_1_476' title='bbox 225 5891 257 5923; x_wconf 75' lang='grc' dir='ltr'>δ</span> <span class='ocrx_word' id='word_1_477' title='bbox 284 5889 459 5939; x_wconf 76' lang='lat' dir='ltr'><strong>Editio</strong></span> <span class='ocrx_word' id='word_1_478' title='bbox 480 5883 806 5950; x_wconf 70' lang='lat' dir='ltr'><strong>viguieriana,</strong></span> <span class='ocrx_word' id='word_1_479' title='bbox 827 5883 977 5936; x_wconf 56' lang='lat' dir='ltr'><strong>nobis.</strong></span> <span class='ocrx_word' id='word_1_480' title='bbox 1003 5885 1290 5936; x_wconf 66' lang='lat' dir='ltr'><strong>[intendatur</strong></span> <span class='ocrx_word' id='word_1_481' title='bbox 1315 5896 1378 5935; x_wconf 76' lang='lat' dir='ltr'><strong>ex</strong></span> <span class='ocrx_word' id='word_1_482' title='bbox 1403 5886 1755 5947; x_wconf 81' lang='lat' dir='ltr'><strong>manttsertptis.</strong></span> 
     </span>
    </p>
   </div>
   <div class='ocr_carea' id='block_1_61' title="bbox 402 5991 1046 6058">
    <p class='ocr_par' dir='ltr' id='par_1_61' title="bbox 402 5991 1046 6058">
     <span class='ocr_line' id='line_1_61' title="bbox 402 5991 1046 6058; baseline -0.008 0"><span class='ocrx_word' id='word_1_483' title='bbox 402 5994 628 6058; x_wconf 57' lang='lat' dir='ltr'><strong>Sutor.</strong></span> <span class='ocrx_word' id='word_1_484' title='bbox 666 5997 947 6055; x_wconf 78' lang='lat' dir='ltr'><strong>AUGUS&#39;I‘.</strong></span> <span class='ocrx_word' id='word_1_485' title='bbox 984 5991 1046 6053; x_wconf 74' lang='grc' dir='ltr'>Χ</span> 
     </span>
    </p>
   </div>
   <div class='ocr_carea' id='block_1_62' title="bbox 1543 367 2107 433">
    <p class='ocr_par' dir='ltr' id='par_1_62' title="bbox 1543 367 2107 433">
     <span class='ocr_line' id='line_1_62' title="bbox 1543 367 2107 433; baseline -0.004 -2"><span class='ocrx_word' id='word_1_486' title='bbox 1543 370 1749 431; x_wconf 78' lang='lat' dir='ltr'><strong>LIBER</strong></span> <span class='ocrx_word' id='word_1_487' title='bbox 1785 367 2107 433; x_wconf 84' lang='lat' dir='ltr'><strong>TERTIUS.</strong></span> 
     </span>
    </p>
   </div>
   <div class='ocr_carea' id='block_1_63' title="bbox 3324 373 3475 443">
    <p class='ocr_par' dir='ltr' id='par_1_63' title="bbox 3324 373 3475 443">
     <span class='ocr_line' id='line_1_63' title="bbox 3324 373 3475 443; baseline 0.013 -2"><span class='ocrx_word' id='word_1_488' title='bbox 3324 373 3475 443; x_wconf 70' lang='lat'><strong>1258</strong></span> 
     </span>
    </p>
   </div>
   <div class='ocr_carea' id='block_1_64' title="bbox 1885 494 2789 570">
    <p class='ocr_par' dir='ltr' id='par_1_64' title="bbox 1885 494 2789 570">
     <span class='ocr_line' id='line_1_64' title="bbox 1885 494 2789 570; baseline 0.006 -22"><span class='ocrx_word' id='word_1_489' title='bbox 1885 502 2093 549; x_wconf 88' lang='lat' dir='ltr'><strong>rentum</strong></span> <span class='ocrx_word' id='word_1_490' title='bbox 2120 494 2345 552; x_wconf 87' lang='lat' dir='ltr'><strong>crimina</strong></span> <span class='ocrx_word' id='word_1_491' title='bbox 2375 495 2495 553; x_wconf 90' lang='lat' dir='ltr'><strong>filiis</strong></span> <span class='ocrx_word' id='word_1_492' title='bbox 2521 497 2789 570; x_wconf 90' lang='lat' dir='ltr'><strong>imputari.</strong></span> 
     </span>
    </p>
   </div>
   <div class='ocr_carea' id='block_1_65' title="bbox 1951 586 3465 668">
    <p class='ocr_par' dir='ltr' id='par_1_65' title="bbox 1951 586 3465 668">
     <span class='ocr_line' id='line_1_65' title="bbox 1951 586 3465 668; baseline 0.011 -28"><span class='ocrx_word' id='word_1_493' title='bbox 1951 588 2085 643; x_wconf 79' lang='lat' dir='ltr'><strong>Anc.</strong></span> <span class='ocrx_word' id='word_1_494' title='bbox 2124 586 2241 642; x_wconf 76' lang='lat' dir='ltr'><strong>Non</strong></span> <span class='ocrx_word' id='word_1_495' title='bbox 2267 589 2469 655; x_wconf 87' lang='lat' dir='ltr'><strong>semel,</strong></span> <span class='ocrx_word' id='word_1_496' title='bbox 2506 590 2599 645; x_wconf 91' lang='lat' dir='ltr'><strong>sed</strong></span> <span class='ocrx_word' id='word_1_497' title='bbox 2635 592 2831 661; x_wconf 79' lang='lat' dir='ltr'><strong>saepius</strong></span> <span class='ocrx_word' id='word_1_498' title='bbox 2853 592 2987 649; x_wconf 84' lang='lat' dir='ltr'><strong>dixit</strong></span> <span class='ocrx_word' id='word_1_499' title='bbox 3032 594 3171 652; x_wconf 88' lang='lat' dir='ltr'><strong>Deus</strong></span> <span class='ocrx_word' id='word_1_500' title='bbox 3195 637 3213 665; x_wconf 95' lang='lat'><strong>,</strong></span> <span class='ocrx_word' id='word_1_501' title='bbox 3246 606 3465 668; x_wconf 76' lang='lat' dir='ltr'><strong>peccata</strong></span> 
     </span>
    </p>
   </div>
   <div class='ocr_carea' id='block_1_66' title="bbox 1880 679 3458 759">
    <p class='ocr_par' dir='ltr' id='par_1_66' title="bbox 1880 679 3458 759">
     <span class='ocr_line' id='line_1_66' title="bbox 1880 679 3458 759; baseline 0.01 -27"><span class='ocrx_word' id='word_1_502' title='bbox 1880 687 2087 747; x_wconf 88' lang='lat' dir='ltr'><strong>patrum</strong></span> <span class='ocrx_word' id='word_1_503' title='bbox 2116 694 2175 736; x_wconf 92' lang='lat' dir='ltr'><strong>se</strong></span> <span class='ocrx_word' id='word_1_504' title='bbox 2196 679 2425 738; x_wconf 92' lang='lat' dir='ltr'><strong>reddere</strong></span> <span class='ocrx_word' id='word_1_505' title='bbox 2450 683 2504 737; x_wconf 92' lang='lat' dir='ltr'><strong>in</strong></span> <span class='ocrx_word' id='word_1_506' title='bbox 2535 682 2692 740; x_wconf 90' lang='lat' dir='ltr'><strong>ﬁlios.</strong></span> <span class='ocrx_word' id='word_1_507' title='bbox 2718 683 2817 741; x_wconf 90' lang='lat' dir='ltr'><strong>Ubi</strong></span> <span class='ocrx_word' id='word_1_508' title='bbox 2846 686 3027 758; x_wconf 87' lang='lat' dir='ltr'><strong>utique</strong></span> <span class='ocrx_word' id='word_1_509' title='bbox 3056 706 3162 745; x_wconf 85' lang='lat' dir='ltr'><strong>non</strong></span> <span class='ocrx_word' id='word_1_510' title='bbox 3200 690 3373 759; x_wconf 77' lang='lat' dir='ltr'><strong>dixit,</strong></span> <span class='ocrx_word' id='word_1_511' title='bbox 3403 692 3458 749; x_wconf 88' lang='lat' dir='ltr'><strong>in</strong></span> 
     </span>
    </p>
   </div>
   <div class='ocr_carea' id='block_1_67' title="bbox 1880 773 3465 847">
    <p class='ocr_par' dir='ltr' id='par_1_67' title="bbox 1880 773 3465 847">
     <span class='ocr_line' id='line_1_67' title="bbox 1880 773 3465 847; baseline 0.009 -20"><span class='ocrx_word' id='word_1_512' title='bbox 1880 781 2056 841; x_wconf 88' lang='lat' dir='ltr'><strong>patres</strong></span> <span class='ocrx_word' id='word_1_513' title='bbox 2081 790 2140 829; x_wconf 89' lang='lat' dir='ltr'><strong>se</strong></span> <span class='ocrx_word' id='word_1_514' title='bbox 2162 773 2384 830; x_wconf 80' lang='lat' dir='ltr'><strong>reddere</strong></span> <span class='ocrx_word' id='word_1_515' title='bbox 2412 786 2626 847; x_wconf 89' lang='lat' dir='ltr'><strong>peccata</strong></span> <span class='ocrx_word' id='word_1_516' title='bbox 2653 778 2903 846; x_wconf 90' lang='lat' dir='ltr'><strong>ﬁliorum,</strong></span> <span class='ocrx_word' id='word_1_517' title='bbox 2935 789 3028 837; x_wconf 91' lang='lat' dir='ltr'><strong>aut</strong></span> <span class='ocrx_word' id='word_1_518' title='bbox 3051 782 3105 837; x_wconf 90' lang='lat' dir='ltr'><strong>in</strong></span> <span class='ocrx_word' id='word_1_519' title='bbox 3129 781 3323 841; x_wconf 87' lang='lat' dir='ltr'><strong>fratres</strong></span> <span class='ocrx_word' id='word_1_520' title='bbox 3350 784 3465 841; x_wconf 79' lang='lat' dir='ltr'><strong>fra—</strong></span> 
     </span>
    </p>
   </div>
   <div class='ocr_carea' id='block_1_68' title="bbox 1880 869 3460 948">
    <p class='ocr_par' dir='ltr' id='par_1_68' title="bbox 1880 869 3460 948">
     <span class='ocr_line' id='line_1_68' title="bbox 1880 869 3460 948; baseline 0.008 -27"><span class='ocrx_word' id='word_1_521' title='bbox 1880 874 2040 932; x_wconf 87' lang='lat' dir='ltr'><strong>trum,</strong></span> <span class='ocrx_word' id='word_1_522' title='bbox 2081 878 2174 924; x_wconf 88' lang='lat' dir='ltr'><strong>aut</strong></span> <span class='ocrx_word' id='word_1_523' title='bbox 2200 869 2253 924; x_wconf 92' lang='lat' dir='ltr'><strong>in</strong></span> <span class='ocrx_word' id='word_1_524' title='bbox 2282 870 2484 926; x_wconf 89' lang='lat' dir='ltr'><strong>amicos</strong></span> <span class='ocrx_word' id='word_1_525' title='bbox 2511 872 2825 940; x_wconf 88' lang='lat' dir='ltr'><strong>amicorum,</strong></span> <span class='ocrx_word' id='word_1_526' title='bbox 2858 882 2950 929; x_wconf 90' lang='lat' dir='ltr'><strong>aut</strong></span> <span class='ocrx_word' id='word_1_527' title='bbox 2976 875 3028 930; x_wconf 92' lang='lat' dir='ltr'><strong>in</strong></span> <span class='ocrx_word' id='word_1_528' title='bbox 3057 875 3203 932; x_wconf 88' lang='lat' dir='ltr'><strong>cives</strong></span> <span class='ocrx_word' id='word_1_529' title='bbox 3224 878 3419 933; x_wconf 86' lang='lat' dir='ltr'><strong>civium</strong></span> <span class='ocrx_word' id='word_1_530' title='bbox 3438 918 3460 948; x_wconf 90' lang='lat'><strong>,</strong></span> 
     </span>
    </p>
   </div>
   <div class='ocr_carea' id='block_1_69' title="bbox 1877 960 3464 1038">
    <p class='ocr_par' dir='ltr' id='par_1_69' title="bbox 1877 960 3464 1038">
     <span class='ocr_line' id='line_1_69' title="bbox 1877 960 3464 1038; baseline 0.009 -26"><span class='ocrx_word' id='word_1_531' title='bbox 1877 969 1969 1014; x_wconf 89' lang='lat' dir='ltr'><strong>aut</strong></span> <span class='ocrx_word' id='word_1_532' title='bbox 1993 960 2190 1030; x_wconf 88' lang='lat' dir='ltr'><strong>aliquid</strong></span> <span class='ocrx_word' id='word_1_533' title='bbox 2216 961 2477 1031; x_wconf 90' lang='lat' dir='ltr'><strong>ejusmodi</strong></span> <span class='ocrx_word' id='word_1_534' title='bbox 2502 979 2518 1029; x_wconf 95' lang='lat'><strong>;</strong></span> <span class='ocrx_word' id='word_1_535' title='bbox 2547 973 2604 1019; x_wconf 94' lang='lat' dir='ltr'><strong>ut</strong></span> <span class='ocrx_word' id='word_1_536' title='bbox 2623 965 2901 1031; x_wconf 89' lang='lat' dir='ltr'><strong>sciremus,</strong></span> <span class='ocrx_word' id='word_1_537' title='bbox 2933 966 3146 1038; x_wconf 88' lang='lat' dir='ltr'><strong>quando</strong></span> <span class='ocrx_word' id='word_1_538' title='bbox 3172 968 3301 1024; x_wconf 90' lang='lat' dir='ltr'><strong>illud</strong></span> <span class='ocrx_word' id='word_1_539' title='bbox 3321 968 3464 1026; x_wconf 79' lang='lat' dir='ltr'><strong>dici-</strong></span> 
     </span>
    </p>
   </div>
   <div class='ocr_carea' id='block_1_70' title="bbox 1880 1053 3464 1133">
    <p class='ocr_par' dir='ltr' id='par_1_70' title="bbox 1880 1053 3464 1133">
     <span class='ocr_line' id='line_1_70' title="bbox 1880 1053 3464 1133; baseline 0.009 -28"><span class='ocrx_word' id='word_1_540' title='bbox 1880 1058 1981 1117; x_wconf 92' lang='lat' dir='ltr'><strong>tur,</strong></span> <span class='ocrx_word' id='word_1_541' title='bbox 2010 1053 2408 1120; x_wconf 85' lang='lat' dir='ltr'><strong>generationem</strong></span> <span class='ocrx_word' id='word_1_542' title='bbox 2439 1056 2717 1127; x_wconf 89' lang='lat' dir='ltr'><strong>redargui,</strong></span> <span class='ocrx_word' id='word_1_543' title='bbox 2755 1074 2859 1112; x_wconf 92' lang='lat' dir='ltr'><strong>non</strong></span> <span class='ocrx_word' id='word_1_544' title='bbox 2889 1058 3244 1117; x_wconf 87' lang='lat' dir='ltr'><strong>imitationem</strong></span> <span class='ocrx_word' id='word_1_545' title='bbox 3275 1079 3290 1116; x_wconf 88' lang='lat'><strong>:</strong></span> <span class='ocrx_word' id='word_1_546' title='bbox 3316 1062 3464 1133; x_wconf 86' lang='lat' dir='ltr'><strong>quod</strong></span> 
     </span>
    </p>
   </div>
   <div class='ocr_carea' id='block_1_71' title="bbox 1876 1145 3465 1224">
    <p class='ocr_par' dir='ltr' id='par_1_71' title="bbox 1876 1145 3465 1224">
     <span class='ocr_line' id='line_1_71' title="bbox 1876 1145 3465 1224; baseline 0.009 -27"><span class='ocrx_word' id='word_1_547' title='bbox 1876 1153 1931 1198; x_wconf 92' lang='lat' dir='ltr'><strong>et</strong></span> <span class='ocrx_word' id='word_1_548' title='bbox 1957 1152 2014 1198; x_wconf 92' lang='lat' dir='ltr'><strong>tu</strong></span> <span class='ocrx_word' id='word_1_549' title='bbox 2044 1158 2226 1213; x_wconf 85' lang='lat' dir='ltr'><strong>posses</strong></span> <span class='ocrx_word' id='word_1_550' title='bbox 2256 1145 2307 1200; x_wconf 91' lang='lat' dir='ltr'><strong>in</strong></span> <span class='ocrx_word' id='word_1_551' title='bbox 2338 1147 2532 1203; x_wconf 82' lang='lat' dir='ltr'><strong>divinis</strong></span> <span class='ocrx_word' id='word_1_552' title='bbox 2558 1150 2781 1221; x_wconf 83' lang='lat' dir='ltr'><strong>eIOquiis</strong></span> <span class='ocrx_word' id='word_1_553' title='bbox 2807 1150 3126 1224; x_wconf 80' lang='lat' dir='ltr'><strong>intelligere,</strong></span> <span class='ocrx_word' id='word_1_554' title='bbox 3154 1152 3201 1208; x_wconf 95' lang='lat' dir='ltr'><strong>si</strong></span> <span class='ocrx_word' id='word_1_555' title='bbox 3225 1166 3336 1210; x_wconf 91' lang='lat' dir='ltr'><strong>non</strong></span> <span class='ocrx_word' id='word_1_556' title='bbox 3354 1153 3465 1212; x_wconf 85' lang='lat' dir='ltr'><strong>Pe-</strong></span> 
     </span>
    </p>
   </div>
   <div class='ocr_carea' id='block_1_72' title="bbox 1876 1234 2676 1306">
    <p class='ocr_par' dir='ltr' id='par_1_72' title="bbox 1876 1234 2676 1306">
     <span class='ocr_line' id='line_1_72' title="bbox 1876 1234 2676 1306; baseline 0.006 -16"><span class='ocrx_word' id='word_1_557' title='bbox 1876 1234 2086 1306; x_wconf 88' lang='lat' dir='ltr'><strong>lagiano</strong></span> <span class='ocrx_word' id='word_1_558' title='bbox 2112 1236 2447 1305; x_wconf 89' lang='lat' dir='ltr'><strong>impedireris</strong></span> <span class='ocrx_word' id='word_1_559' title='bbox 2471 1256 2676 1297; x_wconf 90' lang='lat' dir='ltr'><strong>errore.</strong></span> 
     </span>
    </p>
   </div>
   <div class='ocr_carea' id='block_1_73' title="bbox 1948 1326 3462 1405">
    <p class='ocr_par' dir='ltr' id='par_1_73' title="bbox 1948 1326 3462 1405">
     <span class='ocr_line' id='line_1_73' title="bbox 1948 1326 3462 1405; baseline 0.011 -23"><span class='ocrx_word' id='word_1_560' title='bbox 1948 1326 2139 1382; x_wconf 83' lang='lat' dir='ltr'><strong>XXIX.</strong></span> <span class='ocrx_word' id='word_1_561' title='bbox 2180 1327 2298 1384; x_wconf 72' lang='lat' dir='ltr'><strong>lue.</strong></span> <span class='ocrx_word' id='word_1_562' title='bbox 2339 1330 2491 1399; x_wconf 86' lang='lat' dir='ltr'><strong>Quod</strong></span> <span class='ocrx_word' id='word_1_563' title='bbox 2529 1333 2718 1390; x_wconf 70' lang='lat' dir='ltr'><strong>tradux</strong></span> <span class='ocrx_word' id='word_1_564' title='bbox 2757 1334 3001 1405; x_wconf 89' lang='lat' dir='ltr'><strong>peccati,</strong></span> <span class='ocrx_word' id='word_1_565' title='bbox 3043 1335 3462 1398; x_wconf 59' lang='lat' dir='ltr'><strong>Manichaoruas</strong></span> 
     </span>
    </p>
   </div>
   <div class='ocr_carea' id='block_1_74' title="bbox 1878 1416 3466 1504">
    <p class='ocr_par' dir='ltr' id='par_1_74' title="bbox 1878 1416 3466 1504">
     <span class='ocr_line' id='line_1_74' title="bbox 1878 1416 3466 1504; baseline 0.012 -35"><span class='ocrx_word' id='word_1_566' title='bbox 1878 1416 2007 1482; x_wconf 88' lang='lat' dir='ltr'><strong>lilia,</strong></span> <span class='ocrx_word' id='word_1_567' title='bbox 2035 1428 2212 1473; x_wconf 90' lang='lat' dir='ltr'><strong>vestra</strong></span> <span class='ocrx_word' id='word_1_568' title='bbox 2249 1430 2452 1491; x_wconf 89' lang='lat' dir='ltr'><strong>mater,</strong></span> <span class='ocrx_word' id='word_1_569' title='bbox 2494 1421 2592 1479; x_wconf 89' lang='lat' dir='ltr'><strong>hac</strong></span> <span class='ocrx_word' id='word_1_570' title='bbox 2626 1434 2940 1498; x_wconf 88' lang='lat' dir='ltr'><strong>tempestate</strong></span> <span class='ocrx_word' id='word_1_571' title='bbox 2971 1428 3332 1500; x_wconf 89' lang='lat' dir='ltr'><strong>prodigialiter</strong></span> <span class='ocrx_word' id='word_1_572' title='bbox 3368 1446 3466 1504; x_wconf 86' lang='lat' dir='ltr'><strong>pe-</strong></span> 
     </span>
    </p>
   </div>
   <div class='ocr_carea' id='block_1_75' title="bbox 1876 1510 2353 1581">
    <p class='ocr_par' dir='ltr' id='par_1_75' title="bbox 1876 1510 2353 1581">
     <span class='ocr_line' id='line_1_75' title="bbox 1876 1510 2353 1581; baseline 0.008 -17"><span class='ocrx_word' id='word_1_573' title='bbox 1876 1510 2080 1581; x_wconf 88' lang='lat' dir='ltr'><strong>perisse</strong></span> <span class='ocrx_word' id='word_1_574' title='bbox 2106 1511 2353 1568; x_wconf 84' lang='lat' dir='ltr'><strong>deﬂetur.</strong></span> 
     </span>
    </p>
   </div>
   <div class='ocr_carea' id='block_1_76' title="bbox 1950 1600 3463 1676">
    <p class='ocr_par' dir='ltr' id='par_1_76' title="bbox 1950 1600 3463 1676">
     <span class='ocr_line' id='line_1_76' title="bbox 1950 1600 3463 1676; baseline 0.012 -18"><span class='ocrx_word' id='word_1_575' title='bbox 1950 1600 2088 1659; x_wconf 78' lang='lat' dir='ltr'><strong>A‘bc.</strong></span> <span class='ocrx_word' id='word_1_576' title='bbox 2121 1604 2233 1659; x_wconf 88' lang='lat' dir='ltr'><strong>Non</strong></span> <span class='ocrx_word' id='word_1_577' title='bbox 2259 1607 2615 1676; x_wconf 87' lang='lat' dir='ltr'><strong>ratiocinaris,</strong></span> <span class='ocrx_word' id='word_1_578' title='bbox 2640 1610 2737 1667; x_wconf 90' lang='lat' dir='ltr'><strong>sed</strong></span> <span class='ocrx_word' id='word_1_579' title='bbox 2758 1613 3077 1672; x_wconf 87' lang='lat' dir='ltr'><strong>conviciaris</strong></span> <span class='ocrx_word' id='word_1_580' title='bbox 3097 1624 3155 1673; x_wconf 92' lang='lat' dir='ltr'><strong>et</strong></span> <span class='ocrx_word' id='word_1_581' title='bbox 3170 1616 3463 1676; x_wconf 86' lang='lat' dir='ltr'><strong>calumnia-</strong></span> 
     </span>
    </p>
   </div>
   <div class='ocr_carea' id='block_1_77' title="bbox 1874 1692 3465 1775">
    <p class='ocr_par' dir='ltr' id='par_1_77' title="bbox 1874 1692 3465 1775">
     <span class='ocr_line' id='line_1_77' title="bbox 1874 1692 3465 1775; baseline 0.012 -26"><span class='ocrx_word' id='word_1_582' title='bbox 1874 1692 1971 1750; x_wconf 90' lang='lat' dir='ltr'><strong>ris.</strong></span> <span class='ocrx_word' id='word_1_583' title='bbox 2000 1695 2196 1767; x_wconf 83' lang='lat' dir='ltr'><strong>Relege</strong></span> <span class='ocrx_word' id='word_1_584' title='bbox 2217 1700 2463 1769; x_wconf 90' lang='lat' dir='ltr'><strong>antiquos</strong></span> <span class='ocrx_word' id='word_1_585' title='bbox 2482 1700 2644 1756; x_wconf 91' lang='lat' dir='ltr'><strong>divini</strong></span> <span class='ocrx_word' id='word_1_586' title='bbox 2666 1704 2858 1774; x_wconf 91' lang='lat' dir='ltr'><strong>eloquii</strong></span> <span class='ocrx_word' id='word_1_587' title='bbox 2884 1714 3194 1765; x_wconf 84' lang='lat' dir='ltr'><strong>tractatores</strong></span> <span class='ocrx_word' id='word_1_588' title='bbox 3215 1725 3232 1775; x_wconf 93' lang='lat'><strong>;</strong></span> <span class='ocrx_word' id='word_1_589' title='bbox 3258 1719 3314 1767; x_wconf 89' lang='lat' dir='ltr'><strong>et</strong></span> <span class='ocrx_word' id='word_1_590' title='bbox 3342 1710 3465 1768; x_wconf 78' lang='lat' dir='ltr'><strong>vide</strong></span> 
     </span>
    </p>
   </div>
   <div class='ocr_carea' id='block_1_78' title="bbox 1875 1788 3465 1868">
    <p class='ocr_par' dir='ltr' id='par_1_78' title="bbox 1875 1788 3465 1868">
     <span class='ocr_line' id='line_1_78' title="bbox 1875 1788 3465 1868; baseline 0.011 -26"><span class='ocrx_word' id='word_1_591' title='bbox 1875 1802 1983 1843; x_wconf 92' lang='lat' dir='ltr'><strong>non</strong></span> <span class='ocrx_word' id='word_1_592' title='bbox 2026 1788 2127 1845; x_wconf 90' lang='lat' dir='ltr'><strong>hac</strong></span> <span class='ocrx_word' id='word_1_593' title='bbox 2173 1800 2519 1861; x_wconf 89' lang='lat' dir='ltr'><strong>tempestate,</strong></span> <span class='ocrx_word' id='word_1_594' title='bbox 2559 1794 2654 1850; x_wconf 90' lang='lat' dir='ltr'><strong>sed</strong></span> <span class='ocrx_word' id='word_1_595' title='bbox 2691 1796 2848 1868; x_wconf 91' lang='lat' dir='ltr'><strong>longe</strong></span> <span class='ocrx_word' id='word_1_596' title='bbox 2883 1807 3008 1854; x_wconf 88' lang='lat' dir='ltr'><strong>ante</strong></span> <span class='ocrx_word' id='word_1_597' title='bbox 3048 1816 3149 1857; x_wconf 89' lang='lat' dir='ltr'><strong>nos</strong></span> <span class='ocrx_word' id='word_1_598' title='bbox 3189 1801 3241 1857; x_wconf 93' lang='lat' dir='ltr'><strong>in</strong></span> <span class='ocrx_word' id='word_1_599' title='bbox 3284 1802 3465 1859; x_wconf 82' lang='lat' dir='ltr'><strong>verbis</strong></span> 
     </span>
    </p>
   </div>
   <div class='ocr_carea' id='block_1_79' title="bbox 1875 1881 3461 1964">
    <p class='ocr_par' dir='ltr' id='par_1_79' title="bbox 1875 1881 3461 1964">
     <span class='ocr_line' id='line_1_79' title="bbox 1875 1881 3461 1964; baseline 0.011 -30"><span class='ocrx_word' id='word_1_600' title='bbox 1875 1881 2114 1950; x_wconf 83' lang='lat' dir='ltr'><strong>Apostoli</strong></span> <span class='ocrx_word' id='word_1_601' title='bbox 2142 1883 2243 1938; x_wconf 87' lang='lat' dir='ltr'><strong>hoc</strong></span> <span class='ocrx_word' id='word_1_602' title='bbox 2267 1884 2595 1942; x_wconf 88' lang='lat' dir='ltr'><strong>intellectum</strong></span> <span class='ocrx_word' id='word_1_603' title='bbox 2616 1902 2756 1955; x_wconf 89' lang='lat' dir='ltr'><strong>esse,</strong></span> <span class='ocrx_word' id='word_1_604' title='bbox 2778 1890 2919 1961; x_wconf 91' lang='lat' dir='ltr'><strong>quod</strong></span> <span class='ocrx_word' id='word_1_605' title='bbox 2948 1893 3284 1962; x_wconf 89' lang='lat' dir='ltr'><strong>apertissime</strong></span> <span class='ocrx_word' id='word_1_606' title='bbox 3302 1894 3461 1964; x_wconf 78' lang='lat' dir='ltr'><strong>dixit,</strong></span> 
     </span>
    </p>
   </div>
   <div class='ocr_carea' id='block_1_80' title="bbox 1876 1970 3464 2055">
    <p class='ocr_par' dir='ltr' id='par_1_80' title="bbox 1876 1970 3464 2055">
     <span class='ocr_line' id='line_1_80' title="bbox 1876 1970 3464 2055; baseline 0.012 -29"><span class='ocrx_word' id='word_1_607' title='bbox 1876 1970 1930 2028; x_wconf 93' lang='lat' dir='ltr'><strong>id</strong></span> <span class='ocrx_word' id='word_1_608' title='bbox 1958 1982 2041 2028; x_wconf 89' lang='lat' dir='ltr'><strong>est</strong></span> <span class='ocrx_word' id='word_1_609' title='bbox 2059 2015 2074 2041; x_wconf 94' lang='lat'><strong>,</strong></span> <span class='ocrx_word' id='word_1_610' title='bbox 2116 1975 2258 2045; x_wconf 91' lang='lat' dir='ltr'><strong>quod</strong></span> <span class='ocrx_word' id='word_1_611' title='bbox 2289 1993 2379 2047; x_wconf 85' lang='lat' dir='ltr'><strong>per</strong></span> <span class='ocrx_word' id='word_1_612' title='bbox 2419 1994 2575 2033; x_wconf 85' lang='lat' dir='ltr'><strong>unum</strong></span> <span class='ocrx_word' id='word_1_613' title='bbox 2601 1979 2853 2037; x_wconf 79' lang='lat' dir='ltr'><strong>hominem</strong></span> <span class='ocrx_word' id='word_1_614' title='bbox 2878 1993 3135 2055; x_wconf 84' lang='lat' dir='ltr'><strong>peccatum</strong></span> <span class='ocrx_word' id='word_1_615' title='bbox 3166 1987 3370 2043; x_wconf 78' lang='lat' dir='ltr'><strong>intrauit</strong></span> <span class='ocrx_word' id='word_1_616' title='bbox 3406 1988 3464 2045; x_wconf 78' lang='lat' dir='ltr'><strong>in</strong></span> 
     </span>
    </p>
   </div>
   <div class='ocr_carea' id='block_1_81' title="bbox 1874 2065 3462 2141">
    <p class='ocr_par' dir='ltr' id='par_1_81' title="bbox 1874 2065 3462 2141">
     <span class='ocr_line' id='line_1_81' title="bbox 1874 2065 3462 2141; baseline 0.012 -23"><span class='ocrx_word' id='word_1_617' title='bbox 1874 2065 2119 2121; x_wconf 87' lang='lat' dir='ltr'><strong>mundum</strong></span> <span class='ocrx_word' id='word_1_618' title='bbox 2138 2108 2154 2135; x_wconf 95' lang='lat'><strong>,</strong></span> <span class='ocrx_word' id='word_1_619' title='bbox 2184 2077 2232 2122; x_wconf 90' lang='lat' dir='ltr'><strong>et</strong></span> <span class='ocrx_word' id='word_1_620' title='bbox 2258 2086 2349 2140; x_wconf 86' lang='lat' dir='ltr'><strong>per</strong></span> <span class='ocrx_word' id='word_1_621' title='bbox 2372 2080 2630 2140; x_wconf 85' lang='lat' dir='ltr'><strong>peccatum</strong></span> <span class='ocrx_word' id='word_1_622' title='bbox 2664 2090 2836 2141; x_wconf 86' lang='lat' dir='ltr'><strong>mors;</strong></span> <span class='ocrx_word' id='word_1_623' title='bbox 2858 2084 2905 2131; x_wconf 88' lang='lat' dir='ltr'><strong>et</strong></span> <span class='ocrx_word' id='word_1_624' title='bbox 2926 2077 2997 2131; x_wconf 87' lang='lat' dir='ltr'><strong>ita</strong></span> <span class='ocrx_word' id='word_1_625' title='bbox 3023 2077 3077 2132; x_wconf 88' lang='lat' dir='ltr'><strong>in</strong></span> <span class='ocrx_word' id='word_1_626' title='bbox 3098 2095 3268 2135; x_wconf 85' lang='lat' dir='ltr'><strong>omnes</strong></span> <span class='ocrx_word' id='word_1_627' title='bbox 3291 2079 3462 2136; x_wconf 84' lang='lat' dir='ltr'><strong>homi-</strong></span> 
     </span>
    </p>
   </div>
   <div class='ocr_carea' id='block_1_82' title="bbox 1874 2160 3461 2243">
    <p class='ocr_par' dir='ltr' id='par_1_82' title="bbox 1874 2160 3461 2243">
     <span class='ocr_line' id='line_1_82' title="bbox 1874 2160 3461 2243; baseline 0.012 -32"><span class='ocrx_word' id='word_1_628' title='bbox 1874 2173 1960 2213; x_wconf 80' lang='lat' dir='ltr'><strong>nes</strong></span> <span class='ocrx_word' id='word_1_629' title='bbox 1975 2162 2265 2230; x_wconf 81' lang='lat' dir='ltr'><strong>pertransiit</strong></span> <span class='ocrx_word' id='word_1_630' title='bbox 2280 2160 2452 2234; x_wconf 86' lang='lat' dir='ltr'><strong>(Rom.</strong></span> <span class='ocrx_word' id='word_1_631' title='bbox 2472 2180 2524 2232; x_wconf 92' lang='lat' dir='ltr'><strong>v,</strong></span> <span class='ocrx_word' id='word_1_632' title='bbox 2540 2165 2651 2237; x_wconf 72' lang='lat' dir='ltr'><strong>i2),</strong></span> <span class='ocrx_word' id='word_1_633' title='bbox 2672 2167 2737 2223; x_wconf 90' lang='lat' dir='ltr'><strong>ad</strong></span> <span class='ocrx_word' id='word_1_634' title='bbox 2749 2171 3147 2240; x_wconf 89' lang='lat' dir='ltr'><strong>generationem</strong></span> <span class='ocrx_word' id='word_1_635' title='bbox 3171 2172 3461 2243; x_wconf 84' lang='lat' dir='ltr'><strong>pertinere,</strong></span> 
     </span>
    </p>
   </div>
   <div class='ocr_carea' id='block_1_83' title="bbox 1873 2258 3463 2339">
    <p class='ocr_par' dir='ltr' id='par_1_83' title="bbox 1873 2258 3463 2339">
     <span class='ocr_line' id='line_1_83' title="bbox 1873 2258 3463 2339; baseline 0.012 -34"><span class='ocrx_word' id='word_1_636' title='bbox 1873 2266 2032 2322; x_wconf 92' lang='lat' dir='ltr'><strong>quam</strong></span> <span class='ocrx_word' id='word_1_637' title='bbox 2062 2258 2397 2326; x_wconf 90' lang='lat' dir='ltr'><strong>regeneratio</strong></span> <span class='ocrx_word' id='word_1_638' title='bbox 2434 2270 2615 2327; x_wconf 92' lang='lat' dir='ltr'><strong>sanat;</strong></span> <span class='ocrx_word' id='word_1_639' title='bbox 2649 2276 2757 2317; x_wconf 88' lang='lat' dir='ltr'><strong>non</strong></span> <span class='ocrx_word' id='word_1_640' title='bbox 2784 2262 2851 2318; x_wconf 91' lang='lat' dir='ltr'><strong>ad</strong></span> <span class='ocrx_word' id='word_1_641' title='bbox 2892 2264 3272 2335; x_wconf 84' lang='lat' dir='ltr'><strong>imitationem,</strong></span> <span class='ocrx_word' id='word_1_642' title='bbox 3298 2283 3463 2339; x_wconf 87' lang='lat' dir='ltr'><strong>quam</strong></span> 
     </span>
    </p>
   </div>
   <div class='ocr_carea' id='block_1_84' title="bbox 1874 2350 3462 2428">
    <p class='ocr_par' dir='ltr' id='par_1_84' title="bbox 1874 2350 3462 2428">
     <span class='ocr_line' id='line_1_84' title="bbox 1874 2350 3462 2428; baseline 0.01 -25"><span class='ocrx_word' id='word_1_643' title='bbox 1874 2363 1971 2404; x_wconf 87' lang='lat' dir='ltr'><strong>vos</strong></span> <span class='ocrx_word' id='word_1_644' title='bbox 1999 2352 2176 2420; x_wconf 90' lang='lat' dir='ltr'><strong>potius</strong></span> <span class='ocrx_word' id='word_1_645' title='bbox 2208 2350 2309 2407; x_wconf 92' lang='lat' dir='ltr'><strong>hac</strong></span> <span class='ocrx_word' id='word_1_646' title='bbox 2334 2361 2653 2424; x_wconf 86' lang='lat' dir='ltr'><strong>tempestate</strong></span> <span class='ocrx_word' id='word_1_647' title='bbox 2677 2358 2982 2428; x_wconf 85' lang='lat' dir='ltr'><strong>peperistis.</strong></span> <span class='ocrx_word' id='word_1_648' title='bbox 3013 2359 3163 2417; x_wconf 88' lang='lat' dir='ltr'><strong>Unde</strong></span> <span class='ocrx_word' id='word_1_649' title='bbox 3188 2377 3285 2417; x_wconf 86' lang='lat' dir='ltr'><strong>vos</strong></span> <span class='ocrx_word' id='word_1_650' title='bbox 3320 2371 3462 2419; x_wconf 88' lang='lat' dir='ltr'><strong>tem-</strong></span> 
     </span>
    </p>
   </div>
   <div class='ocr_carea' id='block_1_85' title="bbox 1877 2443 3463 2522">
    <p class='ocr_par' dir='ltr' id='par_1_85' title="bbox 1877 2443 3463 2522">
     <span class='ocr_line' id='line_1_85' title="bbox 1877 2443 3463 2522; baseline 0.008 -26"><span class='ocrx_word' id='word_1_651' title='bbox 1877 2451 2056 2511; x_wconf 90' lang='lat' dir='ltr'><strong>pestas</strong></span> <span class='ocrx_word' id='word_1_652' title='bbox 2086 2443 2271 2498; x_wconf 90' lang='lat' dir='ltr'><strong>novitii</strong></span> <span class='ocrx_word' id='word_1_653' title='bbox 2299 2444 2563 2516; x_wconf 88' lang='lat' dir='ltr'><strong>dogmatis</strong></span> <span class='ocrx_word' id='word_1_654' title='bbox 2591 2449 2754 2503; x_wconf 89' lang='lat' dir='ltr'><strong>vestri</strong></span> <span class='ocrx_word' id='word_1_655' title='bbox 2790 2463 2821 2502; x_wconf 90' lang='lat' dir='ltr'><strong>a</strong></span> <span class='ocrx_word' id='word_1_656' title='bbox 2862 2449 2996 2505; x_wconf 87' lang='lat' dir='ltr'><strong>facie</strong></span> <span class='ocrx_word' id='word_1_657' title='bbox 3026 2451 3251 2522; x_wconf 89' lang='lat' dir='ltr'><strong>projecit</strong></span> <span class='ocrx_word' id='word_1_658' title='bbox 3276 2452 3463 2510; x_wconf 83' lang='lat' dir='ltr'><strong>catho-</strong></span> 
     </span>
    </p>
   </div>
   <div class='ocr_carea' id='block_1_86' title="bbox 1875 2533 3465 2614">
    <p class='ocr_par' dir='ltr' id='par_1_86' title="bbox 1875 2533 3465 2614">
     <span class='ocr_line' id='line_1_86' title="bbox 1875 2533 3465 2614; baseline 0.008 -26"><span class='ocrx_word' id='word_1_659' title='bbox 1875 2533 1990 2589; x_wconf 83' lang='lat' dir='ltr'><strong>licae</strong></span> <span class='ocrx_word' id='word_1_660' title='bbox 2026 2534 2281 2590; x_wconf 84' lang='lat' dir='ltr'><strong>Ecclesiae</strong></span> <span class='ocrx_word' id='word_1_661' title='bbox 2300 2578 2315 2602; x_wconf 95' lang='lat'><strong>,</strong></span> <span class='ocrx_word' id='word_1_662' title='bbox 2350 2545 2600 2608; x_wconf 88' lang='lat' dir='ltr'><strong>tanquam</strong></span> <span class='ocrx_word' id='word_1_663' title='bbox 2622 2538 2897 2610; x_wconf 90' lang='lat' dir='ltr'><strong>pulverem</strong></span> <span class='ocrx_word' id='word_1_664' title='bbox 2921 2556 3079 2612; x_wconf 90' lang='lat' dir='ltr'><strong>quem</strong></span> <span class='ocrx_word' id='word_1_665' title='bbox 3106 2542 3318 2614; x_wconf 90' lang='lat' dir='ltr'><strong>projicit</strong></span> <span class='ocrx_word' id='word_1_666' title='bbox 3341 2559 3465 2601; x_wconf 89' lang='lat' dir='ltr'><strong>ven-</strong></span> 
     </span>
    </p>
   </div>
   <div class='ocr_carea' id='block_1_87' title="bbox 1878 2625 2400 2683">
    <p class='ocr_par' dir='ltr' id='par_1_87' title="bbox 1878 2625 2400 2683">
     <span class='ocr_line' id='line_1_87' title="bbox 1878 2625 2400 2683; baseline 0.01 -5"><span class='ocrx_word' id='word_1_667' title='bbox 1878 2634 1962 2680; x_wconf 93' lang='lat' dir='ltr'><strong>tus</strong></span> <span class='ocrx_word' id='word_1_668' title='bbox 1989 2640 2018 2678; x_wconf 87' lang='lat' dir='ltr'><strong>a</strong></span> <span class='ocrx_word' id='word_1_669' title='bbox 2060 2625 2196 2682; x_wconf 91' lang='lat' dir='ltr'><strong>facie</strong></span> <span class='ocrx_word' id='word_1_670' title='bbox 2223 2636 2400 2683; x_wconf 56' lang='lat' dir='ltr'><strong>terrai.</strong></span> 
     </span>
    </p>
   </div>
   <div class='ocr_carea' id='block_1_88' title="bbox 1950 2715 3465 2798">
    <p class='ocr_par' dir='ltr' id='par_1_88' title="bbox 1950 2715 3465 2798">
     <span class='ocr_line' id='line_1_88' title="bbox 1950 2715 3465 2798; baseline 0.009 -27"><span class='ocrx_word' id='word_1_671' title='bbox 1950 2715 2118 2772; x_wconf 84' lang='lat' dir='ltr'><strong>XXX.</strong></span> <span class='ocrx_word' id='word_1_672' title='bbox 2176 2717 2298 2774; x_wconf 66' lang='lat' dir='ltr'><strong>Jun.</strong></span> <span class='ocrx_word' id='word_1_673' title='bbox 2352 2719 2489 2776; x_wconf 88' lang='lat' dir='ltr'><strong>Esse</strong></span> <span class='ocrx_word' id='word_1_674' title='bbox 2541 2720 2701 2792; x_wconf 84' lang='lat' dir='ltr'><strong>igitur</strong></span> <span class='ocrx_word' id='word_1_675' title='bbox 2745 2721 2849 2781; x_wconf 87' lang='lat' dir='ltr'><strong>hoc</strong></span> <span class='ocrx_word' id='word_1_676' title='bbox 2901 2739 2933 2780; x_wconf 91' lang='lat' dir='ltr'><strong>a</strong></span> <span class='ocrx_word' id='word_1_677' title='bbox 2985 2725 3094 2781; x_wconf 92' lang='lat' dir='ltr'><strong>Deo</strong></span> <span class='ocrx_word' id='word_1_678' title='bbox 3141 2726 3465 2798; x_wconf 88' lang='lat' dir='ltr'><strong>imperatum</strong></span> 
     </span>
    </p>
   </div>
   <div class='ocr_carea' id='block_1_89' title="bbox 1876 2800 3466 2894">
    <p class='ocr_par' dir='ltr' id='par_1_89' title="bbox 1876 2800 3466 2894">
     <span class='ocr_line' id='line_1_89' title="bbox 1876 2800 3466 2894; baseline 0.01 -31"><span class='ocrx_word' id='word_1_679' title='bbox 1876 2810 2018 2879; x_wconf 90' lang='lat' dir='ltr'><strong>quod</strong></span> <span class='ocrx_word' id='word_1_680' title='bbox 2047 2812 2363 2881; x_wconf 89' lang='lat' dir='ltr'><strong>asserimus,</strong></span> <span class='ocrx_word' id='word_1_681' title='bbox 2394 2814 2606 2869; x_wconf 88' lang='lat' dir='ltr'><strong>claruit.</strong></span> <span class='ocrx_word' id='word_1_682' title='bbox 2636 2814 2703 2871; x_wconf 84' lang='lat' dir='ltr'><strong>Et</strong></span> <span class='ocrx_word' id='word_1_683' title='bbox 2721 2800 2966 2887; x_wconf 77' lang='lat' dir='ltr'><strong>quamvis</strong></span> <span class='ocrx_word' id='word_1_684' title='bbox 2990 2821 3271 2887; x_wconf 72' lang='lat' dir='ltr'><strong>sententia:</strong></span> <span class='ocrx_word' id='word_1_685' title='bbox 3296 2822 3466 2894; x_wconf 87' lang='lat' dir='ltr'><strong>ipsius</strong></span> 
     </span>
    </p>
   </div>
   <div class='ocr_carea' id='block_1_90' title="bbox 1877 2904 3466 2985">
    <p class='ocr_par' dir='ltr' id='par_1_90' title="bbox 1877 2904 3466 2985">
     <span class='ocr_line' id='line_1_90' title="bbox 1877 2904 3466 2985; baseline 0.012 -31"><span class='ocrx_word' id='word_1_686' title='bbox 1877 2911 2059 2971; x_wconf 87' lang='lat' dir='ltr'><strong>aperta</strong></span> <span class='ocrx_word' id='word_1_687' title='bbox 2106 2912 2161 2959; x_wconf 89' lang='lat' dir='ltr'><strong>et</strong></span> <span class='ocrx_word' id='word_1_688' title='bbox 2200 2904 2495 2961; x_wconf 88' lang='lat' dir='ltr'><strong>intellectui</strong></span> <span class='ocrx_word' id='word_1_689' title='bbox 2542 2909 2778 2964; x_wconf 89' lang='lat' dir='ltr'><strong>omnium</strong></span> <span class='ocrx_word' id='word_1_690' title='bbox 2823 2912 3101 2969; x_wconf 87' lang='lat' dir='ltr'><strong>conciliata</strong></span> <span class='ocrx_word' id='word_1_691' title='bbox 3139 2916 3466 2985; x_wconf 85' lang='lat' dir='ltr'><strong>germanitas</strong></span> 
     </span>
    </p>
   </div>
   <div class='ocr_carea' id='block_1_91' title="bbox 1878 2992 3468 3065">
    <p class='ocr_par' dir='ltr' id='par_1_91' title="bbox 1878 2992 3468 3065">
     <span class='ocr_line' id='line_1_91' title="bbox 1878 2992 3468 3065; baseline 0.011 -18"><span class='ocrx_word' id='word_1_692' title='bbox 1878 2992 2077 3049; x_wconf 91' lang='lat' dir='ltr'><strong>nullius</strong></span> <span class='ocrx_word' id='word_1_693' title='bbox 2122 2994 2174 3049; x_wconf 91' lang='lat' dir='ltr'><strong>in</strong></span> <span class='ocrx_word' id='word_1_694' title='bbox 2202 3009 2261 3050; x_wconf 88' lang='lat' dir='ltr'><strong>se</strong></span> <span class='ocrx_word' id='word_1_695' title='bbox 2300 3013 2508 3053; x_wconf 78' lang='lat' dir='ltr'><strong>ntevum</strong></span> <span class='ocrx_word' id='word_1_696' title='bbox 2539 2999 2881 3057; x_wconf 87' lang='lat' dir='ltr'><strong>obscuritatis</strong></span> <span class='ocrx_word' id='word_1_697' title='bbox 2918 3002 3196 3062; x_wconf 82' lang='lat' dir='ltr'><strong>admiserit</strong></span> <span class='ocrx_word' id='word_1_698' title='bbox 3231 3023 3248 3065; x_wconf 85' lang='lat'><strong>:</strong></span> <span class='ocrx_word' id='word_1_699' title='bbox 3287 3015 3468 3065; x_wconf 90' lang='lat' dir='ltr'><strong>tamen</strong></span> 
     </span>
    </p>
   </div>
   <div class='ocr_carea' id='block_1_92' title="bbox 1878 3087 3466 3166">
    <p class='ocr_par' dir='ltr' id='par_1_92' title="bbox 1878 3087 3466 3166">
     <span class='ocr_line' id='line_1_92' title="bbox 1878 3087 3466 3166; baseline 0.011 -25"><span class='ocrx_word' id='word_1_700' title='bbox 1878 3102 1947 3142; x_wconf 92' lang='lat' dir='ltr'><strong>ne</strong></span> <span class='ocrx_word' id='word_1_701' title='bbox 1973 3095 2026 3141; x_wconf 94' lang='lat' dir='ltr'><strong>tu</strong></span> <span class='ocrx_word' id='word_1_702' title='bbox 2053 3087 2118 3142; x_wconf 90' lang='lat' dir='ltr'><strong>ad</strong></span> <span class='ocrx_word' id='word_1_703' title='bbox 2145 3088 2340 3159; x_wconf 88' lang='lat' dir='ltr'><strong>ingenii</strong></span> <span class='ocrx_word' id='word_1_704' title='bbox 2379 3093 2545 3147; x_wconf 92' lang='lat' dir='ltr'><strong>nostri</strong></span> <span class='ocrx_word' id='word_1_705' title='bbox 2574 3094 2852 3166; x_wconf 89' lang='lat' dir='ltr'><strong>confugias</strong></span> <span class='ocrx_word' id='word_1_706' title='bbox 2878 3098 3213 3166; x_wconf 88' lang='lat' dir='ltr'><strong>tarditatem,</strong></span> <span class='ocrx_word' id='word_1_707' title='bbox 3239 3111 3294 3157; x_wconf 91' lang='lat' dir='ltr'><strong>et</strong></span> <span class='ocrx_word' id='word_1_708' title='bbox 3316 3101 3466 3159; x_wconf 87' lang='lat' dir='ltr'><strong>dicas</strong></span> 
     </span>
    </p>
   </div>
   <div class='ocr_carea' id='block_1_93' title="bbox 1878 3181 3469 3264">
    <p class='ocr_par' dir='ltr' id='par_1_93' title="bbox 1878 3181 3469 3264">
     <span class='ocr_line' id='line_1_93' title="bbox 1878 3181 3469 3264; baseline 0.009 -30"><span class='ocrx_word' id='word_1_709' title='bbox 1878 3195 1985 3235; x_wconf 91' lang='lat' dir='ltr'><strong>non</strong></span> <span class='ocrx_word' id='word_1_710' title='bbox 2008 3195 2108 3237; x_wconf 91' lang='lat' dir='ltr'><strong>nos</strong></span> <span class='ocrx_word' id='word_1_711' title='bbox 2136 3181 2435 3253; x_wconf 88' lang='lat' dir='ltr'><strong>intelligere</strong></span> <span class='ocrx_word' id='word_1_712' title='bbox 2456 3184 2596 3255; x_wconf 91' lang='lat' dir='ltr'><strong>quod</strong></span> <span class='ocrx_word' id='word_1_713' title='bbox 2622 3198 2948 3259; x_wconf 65' lang='lat' dir='ltr'><strong>praeceptum</strong></span> <span class='ocrx_word' id='word_1_714' title='bbox 2974 3200 3093 3256; x_wconf 85' lang='lat' dir='ltr'><strong>est;</strong></span> <span class='ocrx_word' id='word_1_715' title='bbox 3119 3190 3226 3247; x_wconf 90' lang='lat' dir='ltr'><strong>alio</strong></span> <span class='ocrx_word' id='word_1_716' title='bbox 3253 3207 3469 3264; x_wconf 88' lang='lat' dir='ltr'><strong>quoque</strong></span> 
     </span>
    </p>
   </div>
   <div class='ocr_carea' id='block_1_94' title="bbox 1881 3274 3467 3353">
    <p class='ocr_par' dir='ltr' id='par_1_94' title="bbox 1881 3274 3467 3353">
     <span class='ocr_line' id='line_1_94' title="bbox 1881 3274 3467 3353; baseline 0.01 -25"><span class='ocrx_word' id='word_1_717' title='bbox 1881 3274 2187 3331; x_wconf 91' lang='lat' dir='ltr'><strong>testimonio</strong></span> <span class='ocrx_word' id='word_1_718' title='bbox 2224 3291 2330 3330; x_wconf 93' lang='lat' dir='ltr'><strong>non</strong></span> <span class='ocrx_word' id='word_1_719' title='bbox 2354 3276 2465 3347; x_wconf 92' lang='lat' dir='ltr'><strong>jam</strong></span> <span class='ocrx_word' id='word_1_720' title='bbox 2496 3280 2745 3350; x_wconf 64' lang='lat' dir='ltr'><strong>pratcepti</strong></span> <span class='ocrx_word' id='word_1_721' title='bbox 2771 3322 2785 3345; x_wconf 94' lang='lat'><strong>,</strong></span> <span class='ocrx_word' id='word_1_722' title='bbox 2816 3281 2913 3338; x_wconf 85' lang='lat' dir='ltr'><strong>sed</strong></span> <span class='ocrx_word' id='word_1_723' title='bbox 2947 3284 3126 3353; x_wconf 90' lang='lat' dir='ltr'><strong>operis</strong></span> <span class='ocrx_word' id='word_1_724' title='bbox 3171 3286 3467 3343; x_wconf 84' lang='lat' dir='ltr'><strong>secundum</strong></span> 
     </span>
    </p>
   </div>
   <div class='ocr_carea' id='block_1_95' title="bbox 1879 3370 3467 3441">
    <p class='ocr_par' dir='ltr' id='par_1_95' title="bbox 1879 3370 3467 3441">
     <span class='ocr_line' id='line_1_95' title="bbox 1879 3370 3467 3441; baseline 0.01 -20"><span class='ocrx_word' id='word_1_725' title='bbox 1879 3377 2201 3439; x_wconf 67' lang='lat' dir='ltr'><strong>praeceptum</strong></span> <span class='ocrx_word' id='word_1_726' title='bbox 2231 3370 2471 3435; x_wconf 80' lang='lat' dir='ltr'><strong>exerciti,</strong></span> <span class='ocrx_word' id='word_1_727' title='bbox 2495 3371 2940 3441; x_wconf 91' lang='lat' dir='ltr'><strong>quemadmodum</strong></span> <span class='ocrx_word' id='word_1_728' title='bbox 2975 3376 3044 3430; x_wconf 91' lang='lat' dir='ltr'><strong>sit</strong></span> <span class='ocrx_word' id='word_1_729' title='bbox 3069 3376 3154 3432; x_wconf 80' lang='lat' dir='ltr'><strong>lex</strong></span> <span class='ocrx_word' id='word_1_730' title='bbox 3194 3377 3467 3437; x_wconf 81' lang='lat' dir='ltr'><strong>intellecta</strong></span> 
     </span>
    </p>
   </div>
   <div class='ocr_carea' id='block_1_96' title="bbox 1879 3459 3465 3540">
    <p class='ocr_par' dir='ltr' id='par_1_96' title="bbox 1879 3459 3465 3540">
     <span class='ocr_line' id='line_1_96' title="bbox 1879 3459 3465 3540; baseline 0.009 -25"><span class='ocrx_word' id='word_1_731' title='bbox 1879 3459 2188 3519; x_wconf 88' lang='lat' dir='ltr'><strong>doceamus.</strong></span> <span class='ocrx_word' id='word_1_732' title='bbox 2229 3459 2481 3532; x_wconf 88' lang='lat' dir='ltr'><strong>Legimus</strong></span> <span class='ocrx_word' id='word_1_733' title='bbox 2518 3462 2572 3518; x_wconf 93' lang='lat' dir='ltr'><strong>in</strong></span> <span class='ocrx_word' id='word_1_734' title='bbox 2618 3464 2757 3520; x_wconf 90' lang='lat' dir='ltr'><strong>libro</strong></span> <span class='ocrx_word' id='word_1_735' title='bbox 2791 3475 2979 3535; x_wconf 89' lang='lat' dir='ltr'><strong>quarto</strong></span> <span class='ocrx_word' id='word_1_736' title='bbox 3017 3467 3324 3540; x_wconf 81' lang='lat' dir='ltr'><strong>Regnorum</strong></span> <span class='ocrx_word' id='word_1_737' title='bbox 3350 3511 3367 3539; x_wconf 95' lang='lat'><strong>,</strong></span> <span class='ocrx_word' id='word_1_738' title='bbox 3394 3472 3465 3529; x_wconf 90' lang='lat' dir='ltr'><strong>de</strong></span> 
     </span>
    </p>
   </div>
   <div class='ocr_carea' id='block_1_97' title="bbox 1879 3551 3468 3632">
    <p class='ocr_par' dir='ltr' id='par_1_97' title="bbox 1879 3551 3468 3632">
     <span class='ocr_line' id='line_1_97' title="bbox 1879 3551 3468 3632; baseline 0.006 -26"><span class='ocrx_word' id='word_1_739' title='bbox 1879 3551 2122 3609; x_wconf 82' lang='lat' dir='ltr'><strong>Amessia</strong></span> <span class='ocrx_word' id='word_1_740' title='bbox 2146 3552 2254 3607; x_wconf 86' lang='lat' dir='ltr'><strong>ﬁlio</strong></span> <span class='ocrx_word' id='word_1_741' title='bbox 2269 3552 2395 3608; x_wconf 84' lang='lat' dir='ltr'><strong>Joas</strong></span> <span class='ocrx_word' id='word_1_742' title='bbox 2419 3553 2560 3624; x_wconf 86' lang='lat' dir='ltr'><strong>regis</strong></span> <span class='ocrx_word' id='word_1_743' title='bbox 2577 3553 2710 3610; x_wconf 82' lang='lat' dir='ltr'><strong>Juda</strong></span> <span class='ocrx_word' id='word_1_744' title='bbox 2730 3572 2743 3610; x_wconf 91' lang='lat'>:</span> <span class='ocrx_word' id='word_1_745' title='bbox 2760 3554 2978 3611; x_wconf 82' lang='lat' dir='ltr'><strong>Factum</strong></span> <span class='ocrx_word' id='word_1_746' title='bbox 3001 3568 3094 3627; x_wconf 87' lang='lat' dir='ltr'><strong>est,</strong></span> <span class='ocrx_word' id='word_1_747' title='bbox 3114 3559 3303 3631; x_wconf 91' lang='lat' dir='ltr'><strong>inquit,</strong></span> <span class='ocrx_word' id='word_1_748' title='bbox 3318 3572 3468 3632; x_wconf 82' lang='lat' dir='ltr'><strong>post-</strong></span> 
     </span>
    </p>
   </div>
   <div class='ocr_carea' id='block_1_98' title="bbox 1877 3647 3470 3724">
    <p class='ocr_par' dir='ltr' id='par_1_98' title="bbox 1877 3647 3470 3724">
     <span class='ocr_line' id='line_1_98' title="bbox 1877 3647 3470 3724; baseline 0.006 -25"><span class='ocrx_word' id='word_1_749' title='bbox 1877 3662 2028 3717; x_wconf 81' lang='lat' dir='ltr'><strong>quam</strong></span> <span class='ocrx_word' id='word_1_750' title='bbox 2062 3647 2337 3701; x_wconf 77' lang='lat' dir='ltr'><strong>stabilitum</strong></span> <span class='ocrx_word' id='word_1_751' title='bbox 2375 3659 2447 3703; x_wconf 79' lang='lat' dir='ltr'><strong>est</strong></span> <span class='ocrx_word' id='word_1_752' title='bbox 2492 3665 2704 3720; x_wconf 83' lang='lat' dir='ltr'><strong>regnum</strong></span> <span class='ocrx_word' id='word_1_753' title='bbox 2743 3650 2798 3704; x_wconf 86' lang='lat' dir='ltr'><strong>in</strong></span> <span class='ocrx_word' id='word_1_754' title='bbox 2827 3650 3059 3706; x_wconf 88' lang='lat' dir='ltr'><strong>manibus</strong></span> <span class='ocrx_word' id='word_1_755' title='bbox 3113 3652 3257 3724; x_wconf 85' lang='lat' dir='ltr'><strong>ejus,</strong></span> <span class='ocrx_word' id='word_1_756' title='bbox 3285 3655 3470 3709; x_wconf 86' lang='lat' dir='ltr'><strong>occidit</strong></span> 
     </span>
    </p>
   </div>
   <div class='ocr_carea' id='block_1_99' title="bbox 1879 3739 3471 3813">
    <p class='ocr_par' dir='ltr' id='par_1_99' title="bbox 1879 3739 3471 3813">
     <span class='ocr_line' id='line_1_99' title="bbox 1879 3739 3471 3813; baseline 0.006 -23"><span class='ocrx_word' id='word_1_757' title='bbox 1879 3753 2061 3810; x_wconf 84' lang='lat' dir='ltr'><strong>pueros</strong></span> <span class='ocrx_word' id='word_1_758' title='bbox 2088 3754 2205 3793; x_wconf 86' lang='lat' dir='ltr'><strong>suos</strong></span> <span class='ocrx_word' id='word_1_759' title='bbox 2229 3740 2315 3809; x_wconf 87' lang='lat' dir='ltr'><strong>qui</strong></span> <span class='ocrx_word' id='word_1_760' title='bbox 2327 3739 2611 3795; x_wconf 86' lang='lat' dir='ltr'><strong>occiderant</strong></span> <span class='ocrx_word' id='word_1_761' title='bbox 2628 3750 2823 3811; x_wconf 78' lang='lat' dir='ltr'><strong>patrem</strong></span> <span class='ocrx_word' id='word_1_762' title='bbox 2844 3757 3026 3808; x_wconf 88' lang='lat' dir='ltr'><strong>suum;</strong></span> <span class='ocrx_word' id='word_1_763' title='bbox 3043 3743 3131 3797; x_wconf 91' lang='lat' dir='ltr'><strong>sed</strong></span> <span class='ocrx_word' id='word_1_764' title='bbox 3146 3745 3280 3813; x_wconf 81' lang='lat' dir='ltr'><strong>ﬁlios</strong></span> <span class='ocrx_word' id='word_1_765' title='bbox 3295 3761 3471 3800; x_wconf 86' lang='lat' dir='ltr'><strong>eorum</strong></span> 
     </span>
    </p>
   </div>
   <div class='ocr_carea' id='block_1_100' title="bbox 1880 3829 3471 3908">
    <p class='ocr_par' dir='ltr' id='par_1_100' title="bbox 1880 3829 3471 3908">
     <span class='ocr_line' id='line_1_100' title="bbox 1880 3829 3471 3908; baseline 0.005 -25"><span class='ocrx_word' id='word_1_766' title='bbox 1880 3845 1983 3884; x_wconf 88' lang='lat' dir='ltr'><strong>non</strong></span> <span class='ocrx_word' id='word_1_767' title='bbox 2007 3829 2189 3884; x_wconf 83' lang='lat' dir='ltr'><strong>occidit</strong></span> <span class='ocrx_word' id='word_1_768' title='bbox 2210 3871 2226 3895; x_wconf 93' lang='lat'><strong>,</strong></span> <span class='ocrx_word' id='word_1_769' title='bbox 2250 3830 2527 3885; x_wconf 84' lang='lat' dir='ltr'><strong>secundum</strong></span> <span class='ocrx_word' id='word_1_770' title='bbox 2566 3839 2912 3885; x_wconf 83' lang='lat' dir='ltr'><strong>testamentum</strong></span> <span class='ocrx_word' id='word_1_771' title='bbox 2950 3833 3074 3905; x_wconf 81' lang='lat' dir='ltr'><strong>legis</strong></span> <span class='ocrx_word' id='word_1_772' title='bbox 3109 3833 3341 3902; x_wconf 79' lang='lat' dir='ltr'><strong>Domini,</strong></span> <span class='ocrx_word' id='word_1_773' title='bbox 3367 3852 3471 3908; x_wconf 83' lang='lat' dir='ltr'><strong>quo</strong></span> 
     </span>
    </p>
   </div>
   <div class='ocr_carea' id='block_1_101' title="bbox 1882 3922 3501 3999">
    <p class='ocr_par' dir='ltr' id='par_1_101' title="bbox 1882 3922 3501 3999">
     <span class='ocr_line' id='line_1_101' title="bbox 1882 3922 3501 3999; baseline 0.004 -21"><span class='ocrx_word' id='word_1_774' title='bbox 1882 3932 2188 3995; x_wconf 68' lang='lat' dir='ltr'><strong>praceptum</strong></span> <span class='ocrx_word' id='word_1_775' title='bbox 2218 3933 2320 3991; x_wconf 86' lang='lat' dir='ltr'><strong>est,</strong></span> <span class='ocrx_word' id='word_1_776' title='bbox 2350 3922 2472 3978; x_wconf 89' lang='lat' dir='ltr'><strong>Non</strong></span> <span class='ocrx_word' id='word_1_777' title='bbox 2501 3925 2777 3979; x_wconf 87' lang='lat' dir='ltr'><strong>morientur</strong></span> <span class='ocrx_word' id='word_1_778' title='bbox 2800 3935 2969 3996; x_wconf 79' lang='lat' dir='ltr'><strong>patres</strong></span> <span class='ocrx_word' id='word_1_779' title='bbox 2991 3943 3084 3997; x_wconf 84' lang='lat' dir='ltr'><strong>pro</strong></span> <span class='ocrx_word' id='word_1_780' title='bbox 3112 3928 3254 3997; x_wconf 77' lang='lat' dir='ltr'><strong>ﬁliis,</strong></span> <span class='ocrx_word' id='word_1_781' title='bbox 3282 3945 3371 3986; x_wconf 81' lang='lat' dir='ltr'><strong>nec</strong></span> <span class='ocrx_word' id='word_1_782' title='bbox 3398 3930 3469 3999; x_wconf 73' lang='grc' dir='ltr'><strong>β-</strong></span> <span class='ocrx_word' id='word_1_783' title='bbox 3498 3960 3501 3965; x_wconf 85' lang='grc'>·</span> 
     </span>
    </p>
   </div>
   <div class='ocr_carea' id='block_1_102' title="bbox 1882 4014 3473 4091">
    <p class='ocr_par' dir='ltr' id='par_1_102' title="bbox 1882 4014 3473 4091">
     <span class='ocr_line' id='line_1_102' title="bbox 1882 4014 3473 4091; baseline 0.005 -22"><span class='ocrx_word' id='word_1_784' title='bbox 1882 4014 1939 4070; x_wconf 82' lang='lat' dir='ltr'><strong>lii</strong></span> <span class='ocrx_word' id='word_1_785' title='bbox 1967 4032 2061 4086; x_wconf 86' lang='lat' dir='ltr'><strong>pro</strong></span> <span class='ocrx_word' id='word_1_786' title='bbox 2086 4017 2311 4087; x_wconf 83' lang='lat' dir='ltr'><strong>patribus</strong></span> <span class='ocrx_word' id='word_1_787' title='bbox 2338 4015 2429 4090; x_wconf 91' lang='lat' dir='ltr'><strong>(IV</strong></span> <span class='ocrx_word' id='word_1_788' title='bbox 2450 4015 2579 4089; x_wconf 86' lang='lat' dir='ltr'><strong>Reg.</strong></span> <span class='ocrx_word' id='word_1_789' title='bbox 2612 4032 2720 4084; x_wconf 82' lang='lat' dir='ltr'><strong>xiv,</strong></span> <span class='ocrx_word' id='word_1_790' title='bbox 2746 4018 2799 4083; x_wconf 83' lang='lat'><strong>5,</strong></span> <span class='ocrx_word' id='word_1_791' title='bbox 2828 4015 2907 4091; x_wconf 89' lang='lat'><strong>6).</strong></span> <span class='ocrx_word' id='word_1_792' title='bbox 2938 4017 3099 4074; x_wconf 86' lang='lat' dir='ltr'><strong>Vides</strong></span> <span class='ocrx_word' id='word_1_793' title='bbox 3124 4020 3473 4090; x_wconf 88' lang='lat' dir='ltr'><strong>quemadmo-</strong></span> 
     </span>
    </p>
   </div>
   <div class='ocr_carea' id='block_1_103' title="bbox 1882 4108 3473 4181">
    <p class='ocr_par' dir='ltr' id='par_1_103' title="bbox 1882 4108 3473 4181">
     <span class='ocr_line' id='line_1_103' title="bbox 1882 4108 3473 4181; baseline 0.003 -16"><span class='ocrx_word' id='word_1_794' title='bbox 1882 4108 2009 4165; x_wconf 91' lang='lat' dir='ltr'><strong>dum</strong></span> <span class='ocrx_word' id='word_1_795' title='bbox 2042 4108 2279 4165; x_wconf 74' lang='lat' dir='ltr'><strong>historize</strong></span> <span class='ocrx_word' id='word_1_796' title='bbox 2305 4109 2436 4165; x_wconf 89' lang='lat' dir='ltr'><strong>ﬁdes</strong></span> <span class='ocrx_word' id='word_1_797' title='bbox 2458 4109 2718 4180; x_wconf 91' lang='lat' dir='ltr'><strong>justitiam</strong></span> <span class='ocrx_word' id='word_1_798' title='bbox 2744 4110 2886 4180; x_wconf 85' lang='lat' dir='ltr'><strong>regis</strong></span> <span class='ocrx_word' id='word_1_799' title='bbox 2905 4110 3197 4181; x_wconf 87' lang='lat' dir='ltr'><strong>judicantis</strong></span> <span class='ocrx_word' id='word_1_800' title='bbox 3220 4113 3473 4170; x_wconf 86' lang='lat' dir='ltr'><strong>ostende-</strong></span> 
     </span>
    </p>
   </div>
   <div class='ocr_carea' id='block_1_104' title="bbox 1882 4200 3473 4274">
    <p class='ocr_par' dir='ltr' id='par_1_104' title="bbox 1882 4200 3473 4274">
     <span class='ocr_line' id='line_1_104' title="bbox 1882 4200 3473 4274; baseline 0.003 -18"><span class='ocrx_word' id='word_1_801' title='bbox 1882 4202 1954 4256; x_wconf 90' lang='lat' dir='ltr'><strong>rit</strong></span> <span class='ocrx_word' id='word_1_802' title='bbox 1985 4219 2000 4257; x_wconf 88' lang='lat'><strong>:</strong></span> <span class='ocrx_word' id='word_1_803' title='bbox 2028 4201 2117 4272; x_wconf 92' lang='lat' dir='ltr'><strong>qui</strong></span> <span class='ocrx_word' id='word_1_804' title='bbox 2167 4201 2410 4273; x_wconf 89' lang='lat' dir='ltr'><strong>quamvis</strong></span> <span class='ocrx_word' id='word_1_805' title='bbox 2457 4200 2641 4257; x_wconf 89' lang='lat' dir='ltr'><strong>fuisset</strong></span> <span class='ocrx_word' id='word_1_806' title='bbox 2688 4201 2953 4268; x_wconf 90' lang='lat' dir='ltr'><strong>devotus;</strong></span> <span class='ocrx_word' id='word_1_807' title='bbox 3001 4212 3178 4259; x_wconf 88' lang='lat' dir='ltr'><strong>tamen</strong></span> <span class='ocrx_word' id='word_1_808' title='bbox 3220 4205 3473 4274; x_wconf 86' lang='lat' dir='ltr'><strong>quoniam</strong></span> 
     </span>
    </p>
   </div>
   <div class='ocr_carea' id='block_1_105' title="bbox 1881 4292 3472 4365">
    <p class='ocr_par' dir='ltr' id='par_1_105' title="bbox 1881 4292 3472 4365">
     <span class='ocr_line' id='line_1_105' title="bbox 1881 4292 3472 4365; baseline 0.002 -16"><span class='ocrx_word' id='word_1_809' title='bbox 1881 4293 2208 4350; x_wconf 86' lang='lat' dir='ltr'><strong>elaudicasse</strong></span> <span class='ocrx_word' id='word_1_810' title='bbox 2244 4292 2424 4348; x_wconf 91' lang='lat' dir='ltr'><strong>animo</strong></span> <span class='ocrx_word' id='word_1_811' title='bbox 2450 4292 2504 4348; x_wconf 93' lang='lat' dir='ltr'><strong>in</strong></span> <span class='ocrx_word' id='word_1_812' title='bbox 2548 4292 2815 4348; x_wconf 91' lang='lat' dir='ltr'><strong>nonnullis</strong></span> <span class='ocrx_word' id='word_1_813' title='bbox 2861 4294 3125 4360; x_wconf 88' lang='lat' dir='ltr'><strong>refertur,</strong></span> <span class='ocrx_word' id='word_1_814' title='bbox 3170 4294 3238 4349; x_wconf 91' lang='lat' dir='ltr'><strong>ad</strong></span> <span class='ocrx_word' id='word_1_815' title='bbox 3282 4295 3472 4365; x_wconf 90' lang='lat' dir='ltr'><strong>judicii</strong></span> 
     </span>
    </p>
   </div>
   <div class='ocr_carea' id='block_1_106' title="bbox 1880 4386 3473 4459">
    <p class='ocr_par' dir='ltr' id='par_1_106' title="bbox 1880 4386 3473 4459">
     <span class='ocr_line' id='line_1_106' title="bbox 1880 4386 3473 4459; baseline 0.003 -18"><span class='ocrx_word' id='word_1_816' title='bbox 1880 4386 1997 4457; x_wconf 89' lang='lat' dir='ltr'><strong>ejus</strong></span> <span class='ocrx_word' id='word_1_817' title='bbox 2020 4387 2477 4443; x_wconf 81' lang='lat' dir='ltr'><strong>confirmationem</strong></span> <span class='ocrx_word' id='word_1_818' title='bbox 2496 4428 2513 4455; x_wconf 96' lang='lat'><strong>,</strong></span> <span class='ocrx_word' id='word_1_819' title='bbox 2539 4396 2972 4443; x_wconf 83' lang='lat' dir='ltr'><strong>commemoratae</strong></span> <span class='ocrx_word' id='word_1_820' title='bbox 3011 4387 3143 4459; x_wconf 90' lang='lat' dir='ltr'><strong>legis</strong></span> <span class='ocrx_word' id='word_1_821' title='bbox 3171 4387 3262 4443; x_wconf 91' lang='lat' dir='ltr'><strong>Dei</strong></span> <span class='ocrx_word' id='word_1_822' title='bbox 3289 4402 3473 4445; x_wconf 84' lang='lat' dir='ltr'><strong>acces-</strong></span> 
     </span>
    </p>
   </div>
   <div class='ocr_carea' id='block_1_107' title="bbox 1881 4478 3472 4552">
    <p class='ocr_par' dir='ltr' id='par_1_107' title="bbox 1881 4478 3472 4552">
     <span class='ocr_line' id='line_1_107' title="bbox 1881 4478 3472 4552; baseline 0.001 -17"><span class='ocrx_word' id='word_1_823' title='bbox 1881 4480 1953 4535; x_wconf 86' lang='lat' dir='ltr'><strong>sit</strong></span> <span class='ocrx_word' id='word_1_824' title='bbox 1979 4480 2289 4536; x_wconf 89' lang='lat' dir='ltr'><strong>auctoritas.</strong></span> <span class='ocrx_word' id='word_1_825' title='bbox 2332 4478 2414 4535; x_wconf 87' lang='lat' dir='ltr'><strong>Ne</strong></span> <span class='ocrx_word' id='word_1_826' title='bbox 2450 4480 2591 4535; x_wconf 91' lang='lat' dir='ltr'><strong>enim</strong></span> <span class='ocrx_word' id='word_1_827' title='bbox 2634 4495 2819 4551; x_wconf 90' lang='lat' dir='ltr'><strong>parum</strong></span> <span class='ocrx_word' id='word_1_828' title='bbox 2860 4479 3078 4536; x_wconf 87' lang='lat' dir='ltr'><strong>haberet</strong></span> <span class='ocrx_word' id='word_1_829' title='bbox 3106 4480 3359 4552; x_wconf 87' lang='lat' dir='ltr'><strong>ponderis</strong></span> <span class='ocrx_word' id='word_1_830' title='bbox 3386 4481 3472 4537; x_wconf 85' lang='lat' dir='ltr'><strong>fa-</strong></span> 
     </span>
    </p>
   </div>
   <div class='ocr_carea' id='block_1_108' title="bbox 1882 4572 3472 4647">
    <p class='ocr_par' dir='ltr' id='par_1_108' title="bbox 1882 4572 3472 4647">
     <span class='ocr_line' id='line_1_108' title="bbox 1882 4572 3472 4647; baseline 0.001 -18"><span class='ocrx_word' id='word_1_831' title='bbox 1882 4583 2025 4629; x_wconf 92' lang='lat' dir='ltr'><strong>ctum</strong></span> <span class='ocrx_word' id='word_1_832' title='bbox 2052 4574 2155 4629; x_wconf 91' lang='lat' dir='ltr'><strong>hoc</strong></span> <span class='ocrx_word' id='word_1_833' title='bbox 2182 4573 2609 4629; x_wconf 89' lang='lat' dir='ltr'><strong>consideratione</strong></span> <span class='ocrx_word' id='word_1_834' title='bbox 2648 4572 2923 4639; x_wconf 77' lang='lat' dir='ltr'><strong>facientis,</strong></span> <span class='ocrx_word' id='word_1_835' title='bbox 2968 4573 3264 4629; x_wconf 90' lang='lat' dir='ltr'><strong>secundum</strong></span> <span class='ocrx_word' id='word_1_836' title='bbox 3297 4574 3472 4647; x_wconf 84' lang='lat' dir='ltr'><strong>legem</strong></span> 
     </span>
    </p>
   </div>
   <div class='ocr_carea' id='block_1_109' title="bbox 1884 4664 3213 4737">
    <p class='ocr_par' dir='ltr' id='par_1_109' title="bbox 1884 4664 3213 4737">
     <span class='ocr_line' id='line_1_109' title="bbox 1884 4664 3213 4737; baseline 0 -16"><span class='ocrx_word' id='word_1_837' title='bbox 1884 4673 1939 4721; x_wconf 89' lang='lat' dir='ltr'><strong>et</strong></span> <span class='ocrx_word' id='word_1_838' title='bbox 1968 4674 2340 4720; x_wconf 87' lang='lat' dir='ltr'><strong>testamentum</strong></span> <span class='ocrx_word' id='word_1_839' title='bbox 2373 4664 2466 4720; x_wconf 90' lang='lat' dir='ltr'><strong>Dei</strong></span> <span class='ocrx_word' id='word_1_840' title='bbox 2487 4664 2892 4720; x_wconf 87' lang='lat' dir='ltr'><strong>commendatur</strong></span> <span class='ocrx_word' id='word_1_841' title='bbox 2912 4665 3213 4737; x_wconf 87' lang='lat' dir='ltr'><strong>impletum.</strong></span> 
     </span>
    </p>
   </div>
   <div class='ocr_carea' id='block_1_110' title="bbox 1954 4754 3472 4827">
    <p class='ocr_par' dir='ltr' id='par_1_110' title="bbox 1954 4754 3472 4827">
     <span class='ocr_line' id='line_1_110' title="bbox 1954 4754 3472 4827; baseline 0.003 -16"><span class='ocrx_word' id='word_1_842' title='bbox 1954 4758 2090 4813; x_wconf 80' lang='lat' dir='ltr'><strong>Anc.</strong></span> <span class='ocrx_word' id='word_1_843' title='bbox 2125 4755 2236 4811; x_wconf 38' lang='lat' dir='ltr'><strong>I&#39;Ioc</strong></span> <span class='ocrx_word' id='word_1_844' title='bbox 2257 4754 2514 4825; x_wconf 91' lang='lat' dir='ltr'><strong>judicium</strong></span> <span class='ocrx_word' id='word_1_845' title='bbox 2544 4756 2685 4809; x_wconf 89' lang='lat' dir='ltr'><strong>Deus</strong></span> <span class='ocrx_word' id='word_1_846' title='bbox 2712 4755 2986 4811; x_wconf 88' lang='lat' dir='ltr'><strong>hominum</strong></span> <span class='ocrx_word' id='word_1_847' title='bbox 3010 4756 3173 4812; x_wconf 92' lang='lat' dir='ltr'><strong>voluit</strong></span> <span class='ocrx_word' id='word_1_848' title='bbox 3197 4772 3337 4827; x_wconf 87' lang='lat' dir='ltr'><strong>esse,</strong></span> <span class='ocrx_word' id='word_1_849' title='bbox 3362 4775 3472 4817; x_wconf 89' lang='lat' dir='ltr'><strong>non</strong></span> 
     </span>
    </p>
   </div>
   <div class='ocr_carea' id='block_1_111' title="bbox 1883 4846 3473 4922">
    <p class='ocr_par' dir='ltr' id='par_1_111' title="bbox 1883 4846 3473 4922">
     <span class='ocr_line' id='line_1_111' title="bbox 1883 4846 3473 4922; baseline 0.004 -19"><span class='ocrx_word' id='word_1_850' title='bbox 1883 4864 2057 4915; x_wconf 89' lang='lat' dir='ltr'><strong>suum,</strong></span> <span class='ocrx_word' id='word_1_851' title='bbox 2109 4848 2200 4919; x_wconf 92' lang='lat' dir='ltr'><strong>qui</strong></span> <span class='ocrx_word' id='word_1_852' title='bbox 2245 4848 2399 4915; x_wconf 78' lang='lat' dir='ltr'><strong>dixit,</strong></span> <span class='ocrx_word' id='word_1_853' title='bbox 2457 4846 2693 4902; x_wconf 83' lang='lat' dir='ltr'><strong>Reddam</strong></span> <span class='ocrx_word' id='word_1_854' title='bbox 2736 4857 2940 4919; x_wconf 85' lang='lat' dir='ltr'><strong>peccata</strong></span> <span class='ocrx_word' id='word_1_855' title='bbox 2984 4860 3187 4921; x_wconf 84' lang='lat' dir='ltr'><strong>patrum</strong></span> <span class='ocrx_word' id='word_1_856' title='bbox 3235 4852 3289 4907; x_wconf 87' lang='lat' dir='ltr'><strong>in</strong></span> <span class='ocrx_word' id='word_1_857' title='bbox 3335 4852 3473 4922; x_wconf 79' lang='lat' dir='ltr'><strong>ﬁlios</strong></span> 
     </span>
    </p>
   </div>
   <div class='ocr_carea' id='block_1_112' title="bbox 1886 4941 3473 5017">
    <p class='ocr_par' dir='ltr' id='par_1_112' title="bbox 1886 4941 3473 5017">
     <span class='ocr_line' id='line_1_112' title="bbox 1886 4941 3473 5017; baseline 0.003 -19"><span class='ocrx_word' id='word_1_858' title='bbox 1886 4943 2063 5015; x_wconf 88' lang='lat' dir='ltr'><strong>(Deut.</strong></span> <span class='ocrx_word' id='word_1_859' title='bbox 2099 4958 2152 5008; x_wconf 92' lang='lat' dir='ltr'><strong>v,</strong></span> <span class='ocrx_word' id='word_1_860' title='bbox 2179 4942 2255 5014; x_wconf 89' lang='lat'><strong>9).</strong></span> <span class='ocrx_word' id='word_1_861' title='bbox 2289 4941 2441 5009; x_wconf 85' lang='lat' dir='ltr'><strong>Quod</strong></span> <span class='ocrx_word' id='word_1_862' title='bbox 2465 4943 2625 4997; x_wconf 89' lang='lat' dir='ltr'><strong>etiam</strong></span> <span class='ocrx_word' id='word_1_863' title='bbox 2659 4957 2756 5013; x_wconf 91' lang='lat' dir='ltr'><strong>per</strong></span> <span class='ocrx_word' id='word_1_864' title='bbox 2784 4942 3054 4999; x_wconf 90' lang='lat' dir='ltr'><strong>hominem</strong></span> <span class='ocrx_word' id='word_1_865' title='bbox 3082 4944 3226 5013; x_wconf 82' lang='lat' dir='ltr'><strong>fecit,</strong></span> <span class='ocrx_word' id='word_1_866' title='bbox 3257 4946 3473 5017; x_wconf 91' lang='lat' dir='ltr'><strong>quando</strong></span> 
     </span>
    </p>
   </div>
   <div class='ocr_carea' id='block_1_113' title="bbox 1891 5034 3475 5108">
    <p class='ocr_par' dir='ltr' id='par_1_113' title="bbox 1891 5034 3475 5108">
     <span class='ocr_line' id='line_1_113' title="bbox 1891 5034 3475 5108; baseline 0.002 -15"><span class='ocrx_word' id='word_1_867' title='bbox 1891 5053 1985 5108; x_wconf 90' lang='lat' dir='ltr'><strong>per</strong></span> <span class='ocrx_word' id='word_1_868' title='bbox 2011 5037 2192 5094; x_wconf 89' lang='lat' dir='ltr'><strong>.Iesum</strong></span> <span class='ocrx_word' id='word_1_869' title='bbox 2231 5034 2396 5101; x_wconf 84' lang='lat' dir='ltr'><strong>Nave,</strong></span> <span class='ocrx_word' id='word_1_870' title='bbox 2437 5051 2542 5090; x_wconf 92' lang='lat' dir='ltr'><strong>non</strong></span> <span class='ocrx_word' id='word_1_871' title='bbox 2568 5036 2743 5091; x_wconf 93' lang='lat' dir='ltr'><strong>solum</strong></span> <span class='ocrx_word' id='word_1_872' title='bbox 2771 5034 2975 5104; x_wconf 84' lang='lat' dir='ltr'><strong>Achar,</strong></span> <span class='ocrx_word' id='word_1_873' title='bbox 3016 5036 3111 5092; x_wconf 87' lang='lat' dir='ltr'><strong>sed</strong></span> <span class='ocrx_word' id='word_1_874' title='bbox 3141 5037 3301 5093; x_wconf 91' lang='lat' dir='ltr'><strong>etiam</strong></span> <span class='ocrx_word' id='word_1_875' title='bbox 3332 5039 3475 5096; x_wconf 89' lang='lat' dir='ltr'><strong>ﬁlios</strong></span> 
     </span>
    </p>
   </div>
   <div class='ocr_carea' id='block_1_114' title="bbox 1886 5125 3473 5203">
    <p class='ocr_par' dir='ltr' id='par_1_114' title="bbox 1886 5125 3473 5203">
     <span class='ocr_line' id='line_1_114' title="bbox 1886 5125 3473 5203; baseline 0.002 -20"><span class='ocrx_word' id='word_1_876' title='bbox 1886 5129 2000 5199; x_wconf 91' lang='lat' dir='ltr'><strong>ejus</strong></span> <span class='ocrx_word' id='word_1_877' title='bbox 2025 5127 2218 5183; x_wconf 91' lang='lat' dir='ltr'><strong>occidit</strong></span> <span class='ocrx_word' id='word_1_878' title='bbox 2245 5125 2423 5201; x_wconf 86' lang='lat' dir='ltr'><strong>(Josue</strong></span> <span class='ocrx_word' id='word_1_879' title='bbox 2446 5142 2538 5193; x_wconf 90' lang='lat' dir='ltr'><strong>vn,</strong></span> <span class='ocrx_word' id='word_1_880' title='bbox 2566 5126 2658 5195; x_wconf 67' lang='lat'><strong>24,</strong></span> <span class='ocrx_word' id='word_1_881' title='bbox 2680 5125 2773 5200; x_wconf 68' lang='lat'><strong>25)</strong></span> <span class='ocrx_word' id='word_1_882' title='bbox 2807 5146 2820 5182; x_wconf 90' lang='lat'><strong>:</strong></span> <span class='ocrx_word' id='word_1_883' title='bbox 2852 5128 2934 5183; x_wconf 91' lang='lat' dir='ltr'><strong>vel</strong></span> <span class='ocrx_word' id='word_1_884' title='bbox 2964 5144 3061 5201; x_wconf 83' lang='lat' dir='ltr'><strong>per</strong></span> <span class='ocrx_word' id='word_1_885' title='bbox 3092 5130 3341 5186; x_wconf 89' lang='lat' dir='ltr'><strong>eumdem</strong></span> <span class='ocrx_word' id='word_1_886' title='bbox 3370 5147 3473 5203; x_wconf 88' lang='lat' dir='ltr'><strong>po-</strong></span> 
     </span>
    </p>
   </div>
   <div class='ocr_carea' id='block_1_115' title="bbox 1887 5217 3472 5292">
    <p class='ocr_par' dir='ltr' id='par_1_115' title="bbox 1887 5217 3472 5292">
     <span class='ocr_line' id='line_1_115' title="bbox 1887 5217 3472 5292; baseline 0.002 -19"><span class='ocrx_word' id='word_1_887' title='bbox 1887 5219 1996 5291; x_wconf 88' lang='lat' dir='ltr'><strong>puli</strong></span> <span class='ocrx_word' id='word_1_888' title='bbox 2019 5220 2101 5275; x_wconf 89' lang='lat' dir='ltr'><strong>sui</strong></span> <span class='ocrx_word' id='word_1_889' title='bbox 2139 5218 2350 5283; x_wconf 90' lang='lat' dir='ltr'><strong>ducem,</strong></span> <span class='ocrx_word' id='word_1_890' title='bbox 2393 5218 2531 5275; x_wconf 91' lang='lat' dir='ltr'><strong>ﬁlios</strong></span> <span class='ocrx_word' id='word_1_891' title='bbox 2556 5217 2978 5275; x_wconf 62' lang='lat' dir='ltr'><strong>Chananaaorum</strong></span> <span class='ocrx_word' id='word_1_892' title='bbox 3002 5221 3162 5276; x_wconf 90' lang='lat' dir='ltr'><strong>etiam</strong></span> <span class='ocrx_word' id='word_1_893' title='bbox 3196 5222 3472 5292; x_wconf 86' lang='lat' dir='ltr'><strong>parvulos,</strong></span> 
     </span>
    </p>
   </div>
   <div class='ocr_carea' id='block_1_116' title="bbox 1888 5310 3474 5381">
    <p class='ocr_par' dir='ltr' id='par_1_116' title="bbox 1888 5310 3474 5381">
     <span class='ocr_line' id='line_1_116' title="bbox 1888 5310 3474 5381; baseline 0.002 -15"><span class='ocrx_word' id='word_1_894' title='bbox 1888 5310 2120 5367; x_wconf 88' lang='lat' dir='ltr'><strong>nondum</strong></span> <span class='ocrx_word' id='word_1_895' title='bbox 2144 5318 2356 5381; x_wconf 82' lang='lat' dir='ltr'><strong>peccata</strong></span> <span class='ocrx_word' id='word_1_896' title='bbox 2379 5318 2656 5381; x_wconf 86' lang='lat' dir='ltr'><strong>parentum</strong></span> <span class='ocrx_word' id='word_1_897' title='bbox 2678 5311 2790 5366; x_wconf 88' lang='lat' dir='ltr'><strong>suis</strong></span> <span class='ocrx_word' id='word_1_898' title='bbox 2816 5311 3051 5368; x_wconf 90' lang='lat' dir='ltr'><strong>moribus</strong></span> <span class='ocrx_word' id='word_1_899' title='bbox 3073 5312 3325 5379; x_wconf 90' lang='lat' dir='ltr'><strong>imitatos,</strong></span> <span class='ocrx_word' id='word_1_900' title='bbox 3349 5328 3474 5370; x_wconf 86' lang='lat' dir='ltr'><strong>cum</strong></span> 
     </span>
    </p>
   </div>
   <div class='ocr_carea' id='block_1_117' title="bbox 1888 5402 3475 5475">
    <p class='ocr_par' dir='ltr' id='par_1_117' title="bbox 1888 5402 3475 5475">
     <span class='ocr_line' id='line_1_117' title="bbox 1888 5402 3475 5475; baseline 0.001 -17"><span class='ocrx_word' id='word_1_901' title='bbox 1888 5402 2088 5459; x_wconf 88' lang='lat' dir='ltr'><strong>eisdem</strong></span> <span class='ocrx_word' id='word_1_902' title='bbox 2122 5412 2296 5456; x_wconf 82' lang='lat' dir='ltr'><strong>tamen</strong></span> <span class='ocrx_word' id='word_1_903' title='bbox 2326 5402 2633 5471; x_wconf 88' lang='lat' dir='ltr'><strong>parentibus</strong></span> <span class='ocrx_word' id='word_1_904' title='bbox 2662 5411 2721 5458; x_wconf 92' lang='lat' dir='ltr'><strong>ttt</strong></span> <span class='ocrx_word' id='word_1_905' title='bbox 2744 5404 3001 5473; x_wconf 91' lang='lat' dir='ltr'><strong>perirent,</strong></span> <span class='ocrx_word' id='word_1_906' title='bbox 3024 5420 3128 5461; x_wconf 92' lang='lat' dir='ltr'><strong>non</strong></span> <span class='ocrx_word' id='word_1_907' title='bbox 3156 5405 3349 5475; x_wconf 90' lang='lat' dir='ltr'><strong>injusta</strong></span> <span class='ocrx_word' id='word_1_908' title='bbox 3376 5405 3475 5460; x_wconf 84' lang='lat' dir='ltr'><strong>uti-</strong></span> 
     </span>
    </p>
   </div>
   <div class='ocr_carea' id='block_1_118' title="bbox 1888 5494 3475 5574">
    <p class='ocr_par' dir='ltr' id='par_1_118' title="bbox 1888 5494 3475 5574">
     <span class='ocr_line' id='line_1_118' title="bbox 1888 5494 3475 5574; baseline 0.003 -24"><span class='ocrx_word' id='word_1_909' title='bbox 1888 5510 1995 5568; x_wconf 91' lang='lat' dir='ltr'><strong>que</strong></span> <span class='ocrx_word' id='word_1_910' title='bbox 2028 5495 2310 5551; x_wconf 89' lang='lat' dir='ltr'><strong>severitate</strong></span> <span class='ocrx_word' id='word_1_911' title='bbox 2346 5494 2624 5574; x_wconf 78' lang='lat' dir='ltr'><strong>damnavit</strong></span> <span class='ocrx_word' id='word_1_912' title='bbox 2664 5497 2680 5528; x_wconf 80' lang='grc'>¹</span> <span class='ocrx_word' id='word_1_913' title='bbox 2714 5494 2822 5565; x_wconf 87' lang='lat' dir='ltr'><strong>(Id.</strong></span> <span class='ocrx_word' id='word_1_914' title='bbox 2852 5512 2903 5553; x_wconf 82' lang='lat' dir='ltr'><strong>vi</strong></span> <span class='ocrx_word' id='word_1_915' title='bbox 2924 5539 2939 5564; x_wconf 92' lang='lat'><strong>,</strong></span> <span class='ocrx_word' id='word_1_916' title='bbox 2965 5497 3068 5564; x_wconf 66' lang='lat'><strong>21;</strong></span> <span class='ocrx_word' id='word_1_917' title='bbox 3100 5514 3162 5565; x_wconf 81' lang='lat' dir='ltr'><strong>x,</strong></span> <span class='ocrx_word' id='word_1_918' title='bbox 3193 5496 3307 5570; x_wconf 72' lang='lat'><strong>40).</strong></span> <span class='ocrx_word' id='word_1_919' title='bbox 3354 5497 3475 5555; x_wconf 85' lang='lat' dir='ltr'><strong>Noli</strong></span> 
     </span>
    </p>
   </div>
   <div class='ocr_carea' id='block_1_119' title="bbox 1889 5588 3474 5660">
    <p class='ocr_par' dir='ltr' id='par_1_119' title="bbox 1889 5588 3474 5660">
     <span class='ocr_line' id='line_1_119' title="bbox 1889 5588 3474 5660; baseline 0.002 -17"><span class='ocrx_word' id='word_1_920' title='bbox 1889 5602 2019 5658; x_wconf 88' lang='lat' dir='ltr'><strong>ergo</strong></span> <span class='ocrx_word' id='word_1_921' title='bbox 2046 5588 2338 5657; x_wconf 91' lang='lat' dir='ltr'><strong>loquaciter</strong></span> <span class='ocrx_word' id='word_1_922' title='bbox 2370 5598 2528 5658; x_wconf 87' lang='lat' dir='ltr'><strong>atque</strong></span> <span class='ocrx_word' id='word_1_923' title='bbox 2554 5589 2784 5643; x_wconf 92' lang='lat' dir='ltr'><strong>inaniter</strong></span> <span class='ocrx_word' id='word_1_924' title='bbox 2813 5590 3169 5660; x_wconf 87' lang='lat' dir='ltr'><strong>multiplicare</strong></span> <span class='ocrx_word' id='word_1_925' title='bbox 3210 5600 3299 5645; x_wconf 89' lang='lat' dir='ltr'><strong>tua</strong></span> <span class='ocrx_word' id='word_1_926' title='bbox 3334 5592 3474 5646; x_wconf 84' lang='lat' dir='ltr'><strong>scri-</strong></span> 
     </span>
    </p>
   </div>
   <div class='ocr_carea' id='block_1_120' title="bbox 1890 5681 3469 5755">
    <p class='ocr_par' dir='ltr' id='par_1_120' title="bbox 1890 5681 3469 5755">
     <span class='ocr_line' id='line_1_120' title="bbox 1890 5681 3469 5755; baseline 0.002 -18"><span class='ocrx_word' id='word_1_927' title='bbox 1890 5694 2014 5752; x_wconf 87' lang='lat' dir='ltr'><strong>pta;</strong></span> <span class='ocrx_word' id='word_1_928' title='bbox 2046 5681 2139 5738; x_wconf 87' lang='lat' dir='ltr'><strong>sed</strong></span> <span class='ocrx_word' id='word_1_929' title='bbox 2164 5682 2480 5752; x_wconf 89' lang='lat' dir='ltr'><strong>scripturam</strong></span> <span class='ocrx_word' id='word_1_930' title='bbox 2513 5683 2605 5739; x_wconf 90' lang='lat' dir='ltr'><strong>Dei</strong></span> <span class='ocrx_word' id='word_1_931' title='bbox 2632 5682 2915 5754; x_wconf 88' lang='lat' dir='ltr'><strong>diligenter</strong></span> <span class='ocrx_word' id='word_1_932' title='bbox 2943 5682 3182 5751; x_wconf 85' lang='lat' dir='ltr'><strong>attende,</strong></span> <span class='ocrx_word' id='word_1_933' title='bbox 3227 5698 3294 5740; x_wconf 89' lang='lat' dir='ltr'><strong>ne</strong></span> <span class='ocrx_word' id='word_1_934' title='bbox 3322 5682 3469 5755; x_wconf 85' lang='lat' dir='ltr'><strong>quod</strong></span> 
     </span>
    </p>
   </div>
   <div class='ocr_carea' id='block_1_121' title="bbox 1956 5878 2608 5942">
    <p class='ocr_par' dir='ltr' id='par_1_121' title="bbox 1956 5878 2608 5942">
     <span class='ocr_line' id='line_1_121' title="bbox 1956 5878 2608 5942; baseline -0.005 -11"><span class='ocrx_word' id='word_1_935' title='bbox 1956 5884 1969 5914; x_wconf 78' lang='grc' dir='ltr'>ί</span> <span class='ocrx_word' id='word_1_936' title='bbox 1996 5880 2149 5931; x_wconf 70' lang='lat' dir='ltr'><strong>Codex</strong></span> <span class='ocrx_word' id='word_1_937' title='bbox 2183 5887 2329 5942; x_wconf 86' lang='lat' dir='ltr'><strong>Port.,</strong></span> <span class='ocrx_word' id='word_1_938' title='bbox 2351 5878 2608 5929; x_wconf 80' lang='lat' dir='ltr'><strong>mandavit.</strong></span> 
     </span>
    </p>
   </div>
   <div class='ocr_carea' id='block_1_122' title="bbox 2582 5981 2992 6065">
    <p class='ocr_par' dir='ltr' id='par_1_122' title="bbox 2582 5981 2992 6065">
     <span class='ocr_line' id='line_1_122' title="bbox 2582 5981 2992 6065; baseline 0 -18"><span class='ocrx_word' id='word_1_939' title='bbox 2582 5981 2992 6065; x_wconf 80' lang='lat' dir='ltr'><strong>(Quarante.)</strong></span> 
     </span>
    </p>
   </div>
   <div class='ocr_carea' id='block_1_123' title="bbox 3380 5931 3467 5961">
    <p class='ocr_par' dir='ltr' id='par_1_123' title="bbox 3380 5931 3467 5961">
     <span class='ocr_line' id='line_1_123' title="bbox 3380 5931 3467 5961; baseline 0 0"><span class='ocrx_word' id='word_1_940' title='bbox 3380 5936 3383 5937; x_wconf 65' lang='grc'><strong><em>⁷</em></strong></span> <span class='ocrx_word' id='word_1_941' title='bbox 3455 5931 3467 5961; x_wconf 75' lang='grc' dir='ltr'><em>τ</em></span> 
     </span>
    </p>
   </div>
  </div>
