3950 6486
194 333 329 392 ίὲδι

258 429 400 505 Aac.
435 445 702 514 Amessias
730 441 895 498 homo
924 438 1041 506 fuit,
1077 437 1161 494 cui
1189 415 1293 493 non
1330 416 1522 492 licebat
1544 415 1786 506 judicare

189 542 255 598 de
282 534 533 605 oecultis,
563 550 681 609 quae
705 542 864 591 nesse
887 549 994 589 non
1016 537 1226 603 paterat
1247 529 1415 584 :'ideo
1462 529 1786 598 praeceptum

189 634 331 705 quod
358 632 545 688 datum
581 639 664 687 est
692 628 893 684 hemini
937 626 991 682 in
1016 623 1216 696 judicio
1247 637 1348 688 suo
1375 621 1564 688 tenuit,
1588 629 1648 675 ut
1689 635 1786 691 pro

191 733 414 798 peccato
433 733 712 798 parentum
740 737 846 778 non
873 713 1140 776 occideret
1170 716 1325 772 ﬁlios.
1367 715 1655 772 Peccatum
1686 727 1789 768 au-

189 828 297 874 tem
311 825 426 873 tam
452 831 723 888 magnum,
767 821 826 870 ut
845 819 1078 869 verteret
1102 811 1120 852 ³
1142 811 1197 865 in
1231 816 1498 874 naturam,
1528 803 1668 877 quod
1694 819 1792 874 per

190 925 356 966 unum
388 904 658 964 hominem
686 906 901 961 intravit
923 905 978 959 in
1005 901 1284 966 mundum,
1306 901 1424 954 sine
1466 913 1572 969 quo
1611 896 1790 952 nullus

191 1002 358 1058 homo
385 1002 640 1064 nascitur,
672 997 938 1069 quomodo
978 1001 1158 1067 posset
1188 993 1258 1048 ab
1281 992 1586 1047 hominibus
1613 988 1793 1044 vindi-

191 1095 322 1161 cari,
346 1091 779 1166 quandoquidem
810 1083 880 1145 ita
903 1085 955 1143 i'n
983 1084 1174 1143 omnes
1193 1085 1437 1140 homines
1456 1098 1578 1138 cum
1610 1089 1784 1137 morte

193 1189 529 1262 pertransiit,
560 1186 866 1253 utei‘pmna
885 1196 982 1242 sua
1007 1181 1077 1234 sit
1095 1177 1278 1235 eomes
1301 1174 1479 1247 'usque
1523 1172 1591 1229 ad
1621 1174 1786 1229 inter-

1572 317 1776 375 LIBER
1813 315 2130 374 TERTIUS.

3340 312 3480 375 1262

1897 419 2022 490 cere
2050 452 2063 488 :
2095 432 2233 504 quod
2260 431 2382 488 licet
2401 419 2645 505 superius
2678 435 2963 506 egerimus,
2989 451 3132 493 nunc
3175 444 3353 494 tamen
3374 453 3443 495 ne
3462 468 3477 481 -

1897 527 2128 586 cessat-io
2154 526 2514 598 repetivimus.

1969 620 2102 676 Anc.
2132 617 2328 675 Odiose
2355 620 2574 690 repetis,
2614 619 2760 690 quod
2806 621 2978 679 otiose
3016 622 3249 693 loqueris
3280 640 3297 688 ς
3323 631 3480 692 vacat

1898 711 2040 779 enim
2089 711 2184 767 tibi
2237 713 2451 767 easdem
2501 727 2589 768 res
2628 711 2950 784 loquacitate
3001 715 3303 784 revolvere,
3344 721 3480 786 quas

1899 817 2005 856 non
2046 810 2202 872 potes
2244 817 2490 858 asserere
2535 802 2802 870 veritate;
2831 811 2888 859 et
2925 802 3106 860 dicere
3137 805 3254 861 sine
3295 805 3479 874 modo,

1900 909 2022 964 quae
2063 903 2306 952 astruere
2345 911 2449 958 non
2483 895 2630 953 vales
2653 897 2762 954 ullo
2789 897 2967 953 modo.
2991 897 3086 954 Yis
3125 900 3266 954 enim
3308 899 3482 966 videri

1901 987 2038 1044 inter
2066 1003 2125 1045 se
2144 1004 2263 1045 esse
2285 989 2393 1045 duo
2421 991 2522 1046 ista
2547 991 2833 1060 contraria,
2850 990 3001 1047 reddi
3026 991 3080 1047 ln
3110 991 3246 1048 ﬁlios
3263 993 3480 1064 peccata

1901 1077 2131 1150 patrum,
2164 1090 2325 1152 etpro
2339 1086 2568 1152 peccatis
2584 1079 2790 1153 patrum
2820 1084 2960 1142 ﬁlios
2985 1098 3092 1141 non
3108 1099 3231 1142 esse
3253 1074 3508 1156 punien-'

1901 1171 2000 1228 dos
2027 1191 2042 1228 :
2069 1175 2220 1245 quasi
2265 1191 2362 1245 ego
2401 1191 2563 1231 unum
2590 1174 2778 1238 horum
2818 1177 3011 1246 dicam,
3052 1177 3278 1234 alterum
3319 1175 3515 1254 Deu‘s.._‘:j

1902 1263 2096 1333 Surde,
2123 1265 2404 1338 utrumque
2433 1267 2576 1323 Deus
2620 1265 2782 1336 dixit;
2811 1283 2940 1340 ergo
2971 1278 3256 1340 utrumque
3277 1252 3522 1340 jastnm‘ﬁ

1903 1370 2004 1426 est,
2035 1360 2155 1431 quia
2175 1334 2348 1430 justus
2373 1361 2477 1418 hoc
2509 1361 2661 1416 dixit.
2689 1334 2796 1417 Sed
2821 1334 2962 1433 quod
2999 1362 3141 1418 inter
3169 1334 3242 1418 se
3267 1334 3527 1434 eontra-Ei

1903 1423 2152 1508 riaDeus
2175 1423 2284 1506 non
2323 1453 2393 1507 sit
2418 1450 2646 1520 locutus,
2683 1457 2740 1508 ut
2769 1423 3050 1525 intelligas,
3071 1453 3164 1510 Dei
3199 1453 3398 1524 iudicis
3419 1423 3528 1510 σιξ
3557 1510 3564 1514 .

195 1282 331 1336 itum
358 1280 765 1350 sempiternum,
788 1274 891 1330 nisi
915 1273 1002 1329 ubi
1019 1270 1193 1328 divina
1218 1268 1383 1342 gratia
1396 1266 1793 1339 generationem

195 1372 606 1443 regeneratione
625 1363 896 1424 sanaverit
920 1366 944 1420 ἲ
985 1360 1105 1419 Hoc
1143 1361 1273 1433 ergo
1301 1360 1366 1416 ad
1390 1360 1485 1416 Dei
1506 1357 1788 1429 judicium,

196 1481 305 1520 non
333 1464 405 1519 ad
449 1463 722 1518 hominum
756 1450 1005 1530 pertinet,
1057 1457 1195 1512 sicut
1234 1454 1336 1510 alia
1367 1453 1555 1520 multa,
1584 1453 1653 1508 de
1676 1451 1796 1523 qui-

197 1557 298 1614 bus
326 1551 581 1611 homines
602 1552 840 1624 judicare
883 1547 1100 1606 omnino
1148 1561 1252 1601 non
1275 1545 1519 1616 possunt;
1563 1545 1629 1602 Et
1673 1543 1795 1598 ideo

199 1649 355 1704 aliter
383 1645 661 1702 mandavit
702 1642 1178 1711 hominiparentes
1205 1647 1260 1694 et
1301 1637 1436 1692 ﬁlios
1474 1633 1794 1706 iudicandos

198 1741 305 1811 jam
331 1733 625 1810 separatim
667 1732 912 1808 proprias
935 1730 1082 1790 ~vitas
1115 1740 1334 1802 agentes
1360 1728 1573 1795 taliter
1619 1736 1798 1783 autem

200 1833 455 1905 judicavit
483 1832 619 1902 ipse,
648 1829 859 1901 quando
874 1825 1359 1898 praevaricatricem
1377 1831 1619 1878 naturam
1637 1835 1794 1890 quam

204 1930 432 1979 noverat
469 1912 526 1977 in
574 1921 781 1987 radice,
813 1914 1070 1990 quamvis
1112 1914 1347 1971 nondum
1399 1913 1712 1983 pullulassct
1744 1906 1798 1966 in

202 2015 486 2083 gemine,
540 2007 830 2069 secundum
890 2007 1286 2064 inscrutabilem
1335 2003 1596 2076 justitiam
1649 2017 1801 2058 suam

202 2097 318 2163 cum
345 2109 520 2178 stirpe
538 2105 827 2169 damnavit,
857 2097 1174 2159 liberaturus
1220 2100 1288 2154 ab
1314 2099 1413 2154 hac
1459 2096 1800 2152 damnatione

203 2216 332 2272 quos
359 2197 544 2263 vellet,
573 2215 671 2271 per
719 2197 944 2269 gratiam
983 2192 1329 2248 nihilominus
1353 2188 1750 2245 inscrutabilem
1781 2203 1798 2242 :

204 2281 449 2364 quamvis
470 2300 527 2347 et
544 2291 826 2361 separatim
848 2288 956 2358 jam
978 2285 1284 2346 viventibus
1328 2281 1448 2337 ﬁliis
1467 2290 1684 2352 peccata
1707 2294 1800 2335 se-

206 2367 432 2457 paratim
455 2384 746 2440 viventium
772 2375 1002 2439 reddidit
1039 2387 1280 2450 patrum:
1309 2374 1451 2446 quod
1467 2373 1634 2436 licere
1655 2370 1801 2442 judi-

204 2479 340 2534 canti
380 2477 589 2533 homini
643 2470 996 2542 noluit;quia
1053 2468 1200 2524 novit
1237 2468 1352 2538 ipse
1394 2482 1491 2522 cur
1531 2465 1646 2520 hmo
1689 2463 1804 2533 ipSa

206 2571 360 2628 faciat
388 2571 412 2605 ³
457 2569 674 2642 quando
722 2563 866 2633 facit,
919 2564 974 2619 id
1024 2571 1205 2644 autem
1244 2559 1476 2618 humana
1523 2555 1802 2612 inﬁrmitas

207 2651 395 2719 nescit.

272 2753 524 2811 XXXIV.
546 2752 663 2808 Jun.
693 2749 890 2806 Verum
905 2755 962 2806 ut
997 2759 1282 2815 urgeamus
1317 2741 1493 2796 locum
1526 2756 1539 2794 :
1565 2735 1807 2795 constitit

213 2863 404 2918 nempe
433 2841 751 2916 iniustitiam
784 2842 897 2896 Deo
939 2835 1214 2892 adhaerere
1239 2848 1345 2898 non
1400 2839 1576 2902 posse,
1605 2827 1806 2884 consli-

218 2943 279 2996 tit
303 2942 467 2996 etiam
488 2925 560 2993 'ab
615 2937 732 3007 ipso
757 2928 876 2990 esse
906 2929 1290 3003 praescriptum,
1339 2941 1408 2980 ne
1449 2924 1630 2978 obsint
1675 2920 1806 2998 filiis

224 3039 436 3104 peccata
484 3020 870 3101 generantium.
917 3019 1158 3078 Asseruit
1191 3017 1404 3090 quidem
1447 3015 1567 3084 ipsa
1614 3012 1804 3084 praeci-

215 3125 407 3198 pientis
419 3116 671 3194 dignitas,
692 3119 944 3189 injustum
963 3114 1016 3169 id
1029 3127 1148 3172 esse
1162 3110 1303 3182 quod
1321 3107 1585 3180 prohibet.
1608 3105 1820 3198 gerro;

212 3196 265 3274 ut
284 3231 516 3290 agamus
547 3205 718 3270 tecum
739 3209 1029 3274 liberalius,
1051 3201 1406 3275 respondendi
1441 3200 1615 3268 tribuo
1639 3196 1805 3260 iacula

211 3321 370 3368 tatem
402 3311 473 3367 de
495 3309 805 3367 his'duabus
825 3303 1180 3376 opinionibus,
1216 3316 1346 3372 quas
1371 3313 1534 3370 supra
1557 3295 1802 3354 cominus

210 3422 385 3478 posui,
420 3405 474 3459 id
503 3410 609 3467 est,
632 3411 690 3456 ut
721 3395 1049 3470 imputentur
1087 3402 1306 3467 peccata
1341 3398 1622 3460 parentum
1657 3386 1806 3478 filiis,

209 3475 290 3552 vel
336 3511 455 3551 non
498 3494 861 3563 imputentur;
899 3502 1057 3560 quam
1107 3493 1262 3556 putas
1303 3481 1446 3539 credi
1490 3475 1809 3551 justitiam?

211 3587 413 3644 debere
431 3587 458 3640 ἲ
482 3585 544 3642 Si
575 3582 775 3639 dixeris
800 3589 944 3636 tuam
997 3577 1238 3649 quamvis
1283 3575 1444 3630 etiam
1471 3571 1659 3628 ultimo
1679 3584 1810 3646 con-

211 3681 398 3735 venire
445 3675 654 3748 judicio
681 3673 739 3743 ⁹;
765 3672 963 3738 refero,
1011 3680 1191 3725 unum
1228 3666 1373 3722 illam
1398 3679 1516 3735 quae
1553 3660 1812 3724 remansit

213 3782 482 3838 nostram,
511 3771 709 3839 justam
737 3783 804 3823 an
848 3765 1095 3835 injustam
1137 3768 1308 3832 putes.
1362 3757 1488 3815 Sine
1516 3755 1677 3811 dubio
1702 3754 1809 3812 ini-

215 3856 370 3934 quam
402 3857 886 3931 pronuntiahis.At
907 3854 1022 3908 hmc
1069 3851 1199 3923 legis
1243 3848 1557 3904 auctoritate
1605 3851 1798 3922 custo-

216 3953 410 4009 dienda
438 3946 742 4005 mandatur.
777 3945 936 4001 Vides
961 3958 1087 4014 ergo
1113 3955 1274 4006 unum
1313 3935 1615 4004 necessario
1635 3948 1808 4012 rema-

217 4041 342 4100 nere
357 4043 434 4098 de
465 4041 640 4096 tribus
669 4057 684 4094 :
712 4044 884 4092 uLaut
920 4036 1092 4104 legem
1141 4031 1233 4086 Dei
1285 4027 1499 4086 fatearis
1536 4025 1806 4096 injustam,

219 4136 323 4191 imo
350 4149 453 4206 per
470 4133 649 4203 legem
679 4130 846 4186 Deum
871 4128 1044 4196 ipsum
1095 4120 1389 4192 iniquitatis
1433 4132 1690 4180 accuses;
1720 4124 1812 4180 aut

221 4237 364 4284 certe
407 4225 481 4280 ad
521 4238 710 4280 vocem
758 4218 1030 4290 confugias
1065 4215 1442 4286 magistrorum
1487 4219 1725 4276 tuorum,
1747 4217 1804 4273 et

221 4318 368 4374 dicas
402 4317 583 4388 legem
611 4304 730 4385 quae
755 4326 850 4382 per
874 4309 1092 4380 Moysen
1115 4306 1238 4364 data
1270 4312 1370 4370 est,
1403 4318 1433 4357 a
1449 4302 1566 4364 Deo
1593 4308 1685 4355 tuo
1707 4315 1812 4368 non

224 4409 387 4474 fuisse
419 4405 728 4462 mandatam
755 4418 772 4467 ;
797 4410 892 4455 aut
915 4400 960 4454 si
985 4397 1089 4454 hoc
1107 4407 1390 4464 utrumque
1436 4392 1677 4462 proferre
1706 4404 1814 4454 non

225 4499 414 4564 audes,
437 4497 718 4562 traducem
739 4492 940 4564 peccati
957 4490 1122 4546 asseri
1145 4497 1328 4544 contra
1338 4484 1474 4556 legis
1497 4483 1815 4548 documenta

225 4597 580 4664 etprzxacepta
624 4586 858 4655 fatearis.
892 4582 1074 4652 Neque
1123 4579 1264 4640 enim
1317 4576 1452 4634 adeo
1499 4585 1547 4631 te
1573 4574 1820 4644 desipere

228 4699 389 4755 posse
405 4678 738 4738 credendum
759 4686 859 4742 est,
887 4683 945 4730 ut
961 4673 1107 4750 dicas
1130 4672 1295 4727 Deum
1311 4669 1571 4740 justitiam
1600 4666 1816 4738 quidem

229 4775 282 4830 in
315 4772 627 4845 praeceptis,
655 4769 714 4824 in
731 4765 946 4838 iudiciis
965 4779 1092 4820 vero
1122 4762 1453 4833 iniquitatem
1476 4768 1660 4815 tenere
1683 4774 1699 4823 ;
1725 4765 1820 4824 aut

230 4876 378 4922 certe
395 4861 697 4926 secundum
726 4860 915 4930 dogma
956 4864 1214 4919 vestrum,
1243 4853 1299 4912 in
1343 4850 1557 4922 iudiciis
1603 4849 1820 4934 quidem

230 4973 455 5014 servare
475 4953 762 5026 justitiam,
808 4949 1090 5022 praeceptis
1132 4954 1312 5004 autem
1351 4943 1687 5014 iniquitatem
1723 4941 1821 5011 do-

301 5140 321 5169 ’
344 5135 527 5186 Codex-
551 5141 682 5194 ltar.,
713 5134 996 5194 verterant.
1017 5125 1123 5194 Alii
1142 5134 1268 5194 Mss_._,
1301 5108 1507 5194 acuere!
1531 5135 1556 5194 :A
1579 5121 1713 5194 ~qpod
1748 5121 1830 5194 hic

259 5183 436 5249 .assi'éé
458 5183 817 5258 uSurpatnr,ut
923 5183 1005 5240 illo
1029 5183 1261 5258 ambrosii"
1287 5198 1420 5258 saepe
1449 5183 1747 5258 citato—loco.
1763 5193 1827 5258 ex

259 5215 436 5249 'assn'e
460 5215 738 5258 usurpatur,
763 5215 817 5242 ιιι
853 5215 900 5240 ιιι
923 5215 1005 5240 ιιιυ
1029 5215 1258 5238 ῆωυιυδιι
1287 5215 1420 5249 exlio
1449 5215 1596 5236 ωιαιυ
1626 5215 1731 5234 ιυυυ
1763 5215 1827 5232 ω.

231 5215 326 5310 {1b.
352 5261 382 5308 7
405 5261 457 5308 in
476 5265 586 5306 Luc.
615 5269 712 5306 xn:
753 5271 775 5302 ι
797 5255 1005 5312 Quorum
1029 5251 1150 5302 licet
1163 5251 1400 5300 diséensio
1437 5261 1528 5310 per
1549 5247 1830 5310 praevarica-

235 5341 270 5368 -ι
291 5325 480 5372 tionem
503 5321 640 5382 trimi
655 5317 931 5375 hoministin
951 5321 1172 5382 naturam
1190 5313 1410 5381 verterit.
1427 5325 1454 5361 Ar

307 5368 630 5444 iiii—iiiiuerius
706 5386 773 5444 et
801 5385 914 5427 Mar.
963 5368 1124 5444 Clar._,
1179 5370 1375 5444 propria
1421 5369 1533 5444 vitia
1587 5368 1826 5444 habentes.

237 5421 646 5495 mriiﬁiiii's'ﬁic
661 5421 927 5504 ieéiidﬁéii.
950 5421 1136 5504 veteris
1151 5421 1330 5486 codicis
1347 5441 1611 5504 Portntum.
1630 5434 1832 5504 pta-lusio

233 5492 444 5558 adsim
465 5506 758 5566 anguillas
772 5503 921 5566 intra,
943 5514 1049 5563 cap.
1078 5497 1140 5548 58
1162 5511 1177 5548 :
1203 5494 1463 5566 separatim
1478 5492 1645 5560 procul
1667 5492 1832 5555 dubio,

243 5569 429 5630 inquit,
453 5564 566 5617 suas
588 5564 707 5616 ritas
731 5564 896 5630 ασαηι.
958 5623 968 5630 ,
1033 5627 1041 5630 Α
1101 5623 1119 5630 _
1176 5620 1188 5630 ,
1224 5624 1235 5630 ,
1611 5565 1615 5572 ’
1669 5567 1672 5570 ’

368 5623 532 5679 codex
554 5636 696 5686 P0rl..,
730 5623 817 5676 cur
839 5625 928 5676 hoc
949 5623 1069 5684 iuste
1089 5623 1252 5686 faciat.

315 5689 736 5752 ‘rortmjustam.
833 5711 836 5713 λ
957 5729 1185 5752 -,μ,,,
1489 5743 1562 5752 ..
1703 5726 1758 5749 α

319 5755 340 5786 ⁸
376 5743 711 5812 Morel,'t:lem.
736 5752 869 5810 Crit.,
886 5763 942 5812 γι).
957 5747 1071 5812 35$,
1086 5745 1210 5812 legit
1233 5759 1246 5798 :
1268 5743 1316 5795 Si
1339 5743 1524 5797 dixeris
1546 5749 1674 5795 tuam
1694 5743 1839 5812 quam

237 5809 680 5882 metim_m
699 5809 1164 5880 convenirejudicio.
1227 5815 1286 5882 tt.
1496 5819 1501 5824 ·
1610 5821 1616 5827 ι
1653 5813 1702 5829 ’κ
1747 5809 1764 5814 ’·

1774 5939 1858 5968 ..ιε

1905 1544 2134 1600 hominis
2181 1544 2373 1615 judicis
2420 1557 2518 1616 pro
2567 1531 2873 1601 diversitate
2913 1551 3193 1602 causarum
3235 1544 3486 1602 discerne

1905 1650 2200 1708 personas:
2233 1638 2305 1693 ita
2334 1647 2433 1693 nec
2473 1638 2643 1701 Deum
2687 1637 2930 1709 quamvis
2971 1640 3026 1698 in
3073 1639 3213 1696 ﬁlios
3266 1649 3483 1710 patrum

1908 1737 2123 1800 peccata
2174 1729 2506 1798 reddentem,
2539 1745 2690 1786 reum
2731 1729 2918 1799 facies,
2949 1745 3051 1787 nec
3088 1732 3361 1789 hominem
3407 1734 3490 1790 sic

1900 1821 2138 1892 judicare
2149 1822 2456 1892 compelles.
2475 1821 2581 1877 Sed
2606 1829 2663 1877 tu
2681 1821 2788 1877 duo
2807 1822 2906 1878 ista
2933 1823 3080 1878 velut
3100 1827 3242 1879 inter
3262 1827 3322 1879 se
3350 1821 3484 1880 con-

1905 1913 2087 1981 traria,
2113 1921 2254 1967 tanta
2300 1909 2598 1983 prolixitate
2639 1921 2695 1970 et
2734 1914 3084 1984 perplexitate
3114 1914 3491 1986 disputationis

1906 2024 2010 2062 non
2041 1999 2112 2064 ob
2130 2007 2271 2063 aliud
2288 2008 2418 2063 mihi
2446 2008 2653 2080 objieis,
2677 2009 2778 2064 nisi
2798 2010 2922 2081 quia
2963 2009 3190 2066 multum
3218 2002 3478 2082 loqueris,

1906 2108 1961 2154 et
1979 2114 2165 2169 parum
2193 2099 2357 2169 sapis.
3463 2119 3468 2124 ’

1976 2189 2195 2246 XXXV.
2227 2191 2344 2246 Jun.
2394 2191 2453 2248 Si
2499 2199 2677 2248 autem
2725 2191 2925 2249 dixeris
2967 2199 3252 2265 utrumque
3277 2192 3488 2265 justum

1907 2297 2047 2349 esse,
2091 2289 2147 2338 et
2168 2283 2309 2354 quod
2337 2297 2436 2340 nos
2490 2285 2736 2353 dicimus;
2788 2293 2844 2342 et
2879 2286 3021 2357 quod
3042 2301 3159 2353 vos,
3199 2287 3256 2343 id
3283 2297 3389 2356 est,
3425 2295 3488 2345 et

1907 2374 2049 2458 qitod
2070 2373 2153 2430 lex
2178 2375 2412 2443 sanxit‘,
2434 2375 2650 2446 etquod
2675 2377 2998 2434 Manichaéus
3015 2373 3488 2451 Traducianusque

1908 2469 2166 2554 conﬁnxit
2194 2487 2206 2522 :
2237 2461 2327 2525 hic
2363 2457 2492 2525 Sane
2515 2469 2732 2526 rationis
2761 2472 3053 2542 perspicuae
3087 2473 3488 2542 potentiamco-

1909 2559 2174 2630 bibentes,
2203 2562 2482 2644 benignius
2504 2568 2556 2620 te
2584 2564 2933 2619 convenimus
2958 2572 3012 2619 et
3039 2565 3239 2620 mitius.
3263 2565 3369 2622 Cur
3402 2581 3494 2623 er-

1834 2651 1847 2665 '
1908 2672 1974 2727 go
1997 2657 2041 2712 si
2062 2638 2278 2712 credi-tis
2307 2638 2482 2713 ethoc
2501 2655 2699 2712 bonum
2740 2672 2862 2714 esse
2901 2657 3041 2728 quod
3067 2655 3316 2725 dicimus,
3342 2651 3400 2714 et
3425 2659 3493 2714 il-

1909 2747 1998 2804 lud
2026 2749 2223 2804 bonum
2249 2765 2369 2824 esse
2423 2750 2564 2828 quod
2611 2750 2801 2815 dicitis,
2852 2751 3015 2806 tantis
3070 2758 3232 2806 totam
3284 2739 3493 2807 italiain

1910 2837 2226 2898 factionibus
2250 2830 2646 2898 commOvistis?
2680 2842 2786 2899 Cur
2808 2827 3099 2900 seditiones
3146 2829 3331 2899 Romae
3361 2837 3495 2900 θοὴ-

1910 2921 2082 2990 ductis
2131 2933 2343 3008 populis
2386 2933 2699 2990 exeitastis?
2725 2949 2820 2990 cur
2857 2935 2926 2991 de
2963 2923 3259 3006 sumptibus
3287 2923 3494 3007 paupe.

1909 3044 2026 3084 rum
2049 3030 2330 3099 saginastis
2358 3045 2453 3102 per
2469 3037 2632 3084 totam
2659 3043 2794 3099 pene
2821 3029 3054 3085 Africam
3095 3021 3351 3102 equorum
3373 3034 3496 3101 gre-

1909 3121 2023 3190 ges“,
2068 3115 2200 3191 quos
2222 3121 2579 3192 prosequente
2609 3121 2802 3193 Alypio
2830 3122 3056 3177 tribunis
3076 3120 3489 3178 et‘ecnturiOni-

1911 3211 2010 3300 bus
2055 3211 2364 3300 de_’stinastis
2388 3212 2531 3266 ?‘c.ur
2558 3210 2919 3266 matronarum
2945 3211 3134 3268 oblatis
3163 3207 3493 3268 hereditati-

1912 3281 2010 3378 bus
2037 3281 2322 3372 potist'ate's
2353 3300 2532 3358 saeculi
2573 3303 2906 3374 corrupistis,
2940 3303 3093 3357 utin
3133 3317 3232 3358 nos
3287 3301 3488 3374 stipula

1911 3389 2106 3478 ficiis
2143 3381 2339 3478 publici
2361 3389 2628 3472 arderet?
2664 3397 2762 3450 cur
2806 3379 3104 3476 dissipastis
3134 3380 3496 3450 ECclesiarum

1912 3468 2187 3559 quietem?
2217 3466 2315 3544 ’cu'r
2339 3467 2574 3557 religiosi
2602 3483 2856 3558 principis
2892 3472 3132 3556 tempera
3161 3487 3495 3556 persecutio—-

1913 3588 2040 3636 num
2067 3559 2336 3650 impietate
2365 3577 2710 3643 maculaStls;
2741 3577 2785 3633 sl
2810 3593 2839 3631 a
2865 3577 3019 3633 nobis
3056 3577 3232 3633 nihil’
3257 3570 3399 3632 aliud
3412 3571 3500 3632 di-

1914 3671 2070 3738 citur,
2095 3673 2255 3744 quam
2287 3655 2428 3743 quod
2455 3671 2614 3727 etiam
2635 3679 2694 3726 tu
2725 3669 2923 3726 bonum
2951 3671 3160 3742 cogeris
3195 3665 3440 3726 conﬁteri
3467 3670 3495 3726 ἰ

1974 3749 2449 3822 ’Ἀύαὶὸῐειιῑΐδιείι
2489 3766 2614 3819 ευηι
2654 3751 2878 3818 crimina
2907 3762 3040 3833 qua:
3084 3761 3272 3832 objicis
3319 3759 3497 3828 nobis,

1916 3860 1988 3915 ita
2024 3856 2156 3913 falsa
2180 3860 2308 3913 'sunt
2335 3843 2600 3928 dogmata
2628 3843 2748 3927 quae
2776 3854 2974 3926 ﬁngitis
3005 3854 3176 3911 vobis.
3205 3853 3310 3909 Sed
3338 3853 3502 3908 dicite

1917 3960 2169 4022 quantum
2199 3950 2421 4021 potestis
2449 3963 2608 4005 omne
2637 3938 2849 4004 malum
2876 3934 3134 4004 adversus
3178 3961 3298 4016 nos,
3345 3962 3506 4002 men-

1918 4027 2138 4098 tientes:
2166 4056 2263 4097 nos
2313 4040 2678 4096 tantummodo
2719 4040 2978 4096 adversus
3018 4029 3111 4095 vos
3153 4033 3500 4096 christianam

1920 4118 2081 4189 ﬁdem
2108 4141 2161 4188 et
2179 4132 2492 4188 catholicam
2517 4119 2884 4187 defendemus.
2917 4123 3126 4202 thu‘id
3145 4144 3282 4200 opus
3305 4125 3501 4186 estve-

1920 4225 2000 4281 bis
2025 4223 2250 4280 reddere
2269 4223 2478 4279 similia
2507 4223 2810 4292 maledicta,
2832 4232 2887 4278 et
2908 4237 3012 4277 non
3040 4223 3219 4293 potius
3261 4215 3506 4293 Evange-

1922 4303 1995 4370 lio
2021 4312 2259 4380 credere,
2287 4323 2446 4384 atque
2481 4303 2732 4384 gaudere,
2756 4312 2898 4384 quod
2926 4328 2991 4368 ex
3034 4311 3152 4367 istis
3199 4311 3502 4370 falsissimis

1922 4399 2217 4464 maledictis
2255 4407 2449 4462 vestris
2512 4406 2666 4461 nobis
2714 4419 2920 4461 merces
2967 4413 3222 4476 augeatur
3256 4405 3314 4458 in
3351 4402 3504 4460 caelis

1925 4498 2154 4570 (Matth.
2179 4515 2232 4567 v,
2248 4498 2334 4564 11,
2357 4485 2434 4552 ’12
2456 4495 2516 4568 )?
2541 4496 2818 4565 Quomodo
2836 4504 3015 4551 autem
3029 4495 3084 4549 in
3101 4495 3202 4548 hac
3227 4510 3290 4549 re
3315 4494 3381 4548 de
3400 4508 3504 4564 qua

1925 4605 2067 4646 nunc
2087 4590 2311 4659 agimus,
2340 4597 2396 4644 et
2407 4588 2540 4643 iilud
2561 4587 2706 4658 quod
2729 4578 2922 4651 dicitis,
2968 4595 3022 4640 et
3048 4585 3173 4640 illud
3195 4586 3336 4656 quod
3365 4585 3517 4642 dici-.

1926 4669 2066 4752 mus,
2089 4682 2286 4739 bonum
2334 4697 2455 4738 esse
2486 4668 2780 4751 possumus
2822 4671 3228 4745 credere;cum
3265 4678 3508 4737 dicamus

1929 4793 2028 4833 nos
2059 4777 2224 4832 Deum
2264 4761 2746 4838 dixisse,'Reddam
2772 4761 2978 4843 peccata
3000 4761 3210 4843 patrum
3235 4772 3288 4830 in
3313 4773 3450 4842 ﬁlios
3479 4787 3500 4826 :

1927 4886 2023 4927 vos
2052 4851 2228 4924 autem
2250 4867 2391 4940 quod
2416 4867 2671 4939 praecepit
2699 4866 2899 4922 homini
2922 4850 3200 4935 iudicanti,
3232 4881 3299 4921 ne
3315 4857 3509 4934 pecca-

1932 4960 1979 5020 ta
2003 4959 2213 5036 patrum
2252 4949 2442 5018 redda‘t
2469 4957 2522 5016 in
2565 4958 2723 5028 ﬁlios,
2754 4958 2827 5014 ita
2873 4958 3120 5024 laudetis,
3147 4947 3366 5030 utquod
3396 4947 3512 5029 ipse

1931 5045 2151 5132 seidixit
2176 5051 2418 5116 reddere,
2448 5037 2698 5123 taurinum
2741 5055 2982 5106 uestrum
3019 5038 3276 5120 arguatis,
3309 5057 3364 5106 et
3389 5038 3509 5104 tan-

1933 5125 2090 5218 quam
2139 5139 2327 5200 falsum
2371 5141 2732 5224 injustamque
2759 5141 2832 5198 sit
2854 5140 3167 5212 improbatis
3191 5157 3205 5207 ;
3233 5154 3334 5196 nec
3357 5139 3409 5193 in
3445 5154 3514 5194 eo

1933 5237 2048 5316 ves,
2080 5254 2185 5295 non
2216 5235 2388 5316 nobis,
2412 5221 2508 5292 sed
2535 5234 2647 5292 Deo
2670 5231 2932 5306 refragari
2963 5221 3380 5302 ealumiiiarique
3395 5245 3513 5286 sen-

1935 5327 2116 5388 tiatis?
2678 5394 2686 5401 ,
2805 5329 2824 5342 ’“
3291 5327 3293 5332 ’

2004 5421 2247 5479 XXXVI.
2270 5421 2388 5479 ιω..
2417 5419 2616 5502 Verum
2643 5417 2904 5476 hactenus
2946 5417 3159 5502 mitiore
3179 5417 3278 5472 sim
3302 5414 3518 5471 functus

1939 5511 2198 5588 eloquio:
2252 5523 2394 5589 nunc
2457 5499 2634 5570 autem
2689 5509 2943 5598 splendor
2983 5499 3243 5566 flammeae
3293 5509 3519 5565 rationis

1947 5719 1950 5722 ~
2000 5670 2707 5740 ίοοάεκιιτοα-,ειφιριέ-ιεε
3101 5723 3153 5740 .-
3432 5699 3501 5740 ;--

2003 5743 2024 5774 ²
2051 5739 2317 5808 \jigmerius
2334 5727 2414 5797 {si
2435 5751 2466 5786 a
2483 5727 2620 5808 nobis
2640 5731 2773 5783 aliud
2799 5727 2997 5792 dicitur;
3019 5730 3198 5781 omisso
3214 5765 3230 5793 ,
3266 5727 3406 5783 mw.
3429 5737 3522 5808 ita.

1944 5801 2155 5853 stituitur
2196 5816 2258 5852 ex
2298 5801 2647 5860 tnauuscriptis.
3011 5819 3014 5822 ~
3097 5835 3100 5838 .
3135 5807 3142 5838 -.
3278 5813 3301 5820 -ι
3451 5801 3460 5816 ~-
