3996 6480
447 387 585 456 1263

449 509 704 576 ostendit,
743 507 901 565 malis
932 515 987 564 et
1029 507 1208 579 bonis,
1261 507 1500 580 profanis
1539 517 1594 565 et
1625 507 1814 576 sacris,
1853 507 1960 578 piis
1977 515 2035 564 et

450 606 649 680 impiis,
672 604 833 676 justis
866 611 922 660 et
946 602 1160 674 iniquis,
1201 602 1403 658 nullum
1427 617 1547 658 esse
1571 601 1898 658 consortium
1921 608 2039 663 :at—

445 713 552 768 que
578 697 700 754 ideo
723 697 863 752 inter
892 704 1155 767 praecepta
1184 705 1240 751 et
1278 695 1483 766 judicia
1522 694 1614 750 Dei
1639 692 1773 749 nihil
1798 708 1919 749 esse
1939 707 2038 764 pu-

442 802 702 858 gnarum;
728 787 1055 844 contrarium
1079 793 1258 842 autem
1278 800 1421 854 esse,
1447 786 1621 840 aliena
1653 793 1866 855 peccata
1915 783 2036 839 aliis

450 881 732 953 imputare,
759 890 814 937 et
849 880 1038 938 eadem
1073 895 1142 936 ne
1168 879 1496 950 imputantur
1534 877 1744 949 jubere.
1769 876 2033 944 Quoniam

450 970 616 1030 dehis
632 971 839 1028 duobus
852 986 1070 1028 necesse
1095 980 1199 1038 est,
1221 984 1329 1025 uno
1349 982 1627 1032 concesso,
1650 967 1876 1022 alterum
1905 965 2035 1020 sub-

450 1065 670 1132 moveri,
698 1064 748 1118 id
766 1073 868 1131 est,
912 1078 1020 1119 uno
1060 1063 1228 1133 justo,
1281 1061 1505 1116 alterum
1541 1059 1780 1130 iniquum
1827 1055 2029 1112 doceri.

452 1153 647 1228 lnlege
671 1165 849 1211 autem
900 1155 995 1211 Dei
1036 1154 1403 1226 praascriptum
1445 1165 1587 1217 esse,
1627 1166 1696 1206 ne
1747 1157 2033 1222 parentum

449 1260 664 1324 peccata
706 1249 829 1305 ﬁliis
872 1249 1200 1319 imputantur
1229 1247 1420 1318 (Deut.
1449 1259 1596 1313 XXIV,
1645 1243 1776 1314 16).
1801 1244 1881 1298 Ac
1939 1256 2037 1312 per

446 1341 568 1410 hoc,
595 1341 785 1399 eadem
809 1342 1126 1398 auctoritate
1162 1339 1486 1395 contrarium
1510 1338 1645 1408 ejus,
1679 1335 1733 1391 id
1779 1343 1882 1402 est,
1905 1333 2034 1404 opi-

445 1436 660 1493 nionem
686 1435 941 1502 traducis,
963 1448 1087 1490 cum
1111 1432 1416 1488 Manichaeis
1445 1430 1682 1486 funditus
1717 1429 2006 1484 corruisse.

365 1577 383 1607 ε
493 1531 649 1586 αλσο.
681 1527 864 1584 Toties
887 1527 1068 1607 dicere
1089 1541 1219 1582 vera
1239 1540 1328 1581 me
1343 1525 1504 1596 piget,
1529 1537 1650 1579 cum
1675 1522 1832 1577 t0ties
1873 1529 1926 1575 te
1945 1519 2032 1577 di-

442 1636 570 1678 cere
610 1635 746 1676 vana
785 1635 893 1676 non
945 1604 1161 1689 pudeat.
1219 1617 1448 1672 Peccata
1474 1623 1690 1686 patrum
1719 1627 1779 1668 se
1805 1610 2034 1666 reddere

441 1711 502 1767 in
533 1711 674 1768 ﬁlios
725 1713 865 1767 Deus
919 1710 1084 1765 dicit:
1116 1716 1331 1780 peccata
1377 1715 1586 1777 patrum
1636 1719 1707 1760 ne
1751 1703 1940 1760 reddat
1982 1701 2038 1757 in

445 1801 624 1869 ﬁlios,
680 1802 821 1858 Deus
862 1800 1082 1873 quidem
1106 1841 1122 1867 ,
1163 1798 1258 1855 sed
1305 1796 1506 1853 homini
1559 1795 2037 1864 dicitzutrumque

441 1893 844 1965 approbandum
868 1900 972 1960 est,
1001 1895 1123 1962 quia
1153 1899 1436 1960 utrumque
1459 1888 1598 1942 Deus
1626 1886 1774 1941 dicit.

511 1983 777 2042 XXXVII.
807 1983 931 2040 ιω..
971 1981 1191 2040 Ostendi
1221 1991 1364 2037 certe
1389 1995 1498 2036 non
1527 1993 1625 2034 nos
1661 1976 1806 2034 aliud
1847 1975 2036 2034 delen-

441 2077 596 2144 dere,
628 2092 786 2148 quam
836 2075 978 2146 quod
1032 2075 1206 2145 primo
1248 2073 1384 2128 ratio
1423 2072 1598 2143 signat
1649 2069 2035 2140 aequissimum,

445 2180 554 2226 tum
581 2169 742 2224 etiam
764 2167 904 2223 Deus
940 2182 1034 2222 sua
1063 2166 1176 2237 lege
1203 2163 1503 2229 conﬁrmat,
1534 2161 1693 2217 tertio
1723 2175 1831 2215 non
1882 2159 2038 2213 aliter

441 2280 602 2337 quam
641 2263 931 2320 asserimus
967 2303 982 2326 ,
1021 2261 1072 2315 id
1115 2257 1257 2330 quod
1312 2257 1484 2312 fuerat
1537 2261 1880 2326 praeceptum,
1917 2265 2040 2307 cum

442 2356 622 2426 operis
649 2353 808 2410 laude
832 2351 1177 2422 completum.
1203 2347 1529 2403 Inculcatum
1543 2352 1625 2399 est
1650 2357 1862 2414 quoque
1887 2341 2027 2397 hanc

443 2463 629 2504 veram
652 2461 772 2502 esse
813 2443 1094 2514 justitiam,
1116 2454 1276 2510 quam
1307 2438 1521 2508 placere
1551 2434 1652 2490 sibi
1700 2434 1840 2488 Deus
1877 2432 2038 2487 etiam

443 2535 804 2610 praecipiendo
831 2533 1167 2589 monstravit.
1210 2531 1290 2584 Ac
1335 2543 1429 2599 per
1479 2525 1605 2593 hoc,
1633 2523 1874 2580 constitit
1902 2523 2036 2578 nihil

442 2628 754 2687 adminiculi
778 2625 1123 2682 Maniclneam
1155 2621 1430 2678 traducem
1464 2627 1557 2674 aut
1589 2617 1645 2673 in
1675 2617 1906 2685 ratione,
1943 2623 2039 2672 aut

444 2721 502 2777 in
527 2720 660 2790 legis
681 2717 999 2774 testimoniis
1020 2713 1280 2770 invenire.
1735 2747 1740 2750 ι

517 2806 951 2866 AchIanicbaei
979 2805 1164 2861 dicunt
1203 2811 1448 2857 naturam
1475 2799 1592 2856 sine
1635 2798 1787 2853 initio
1829 2811 2041 2867 semper

448 2901 688 2958 malam:
729 2899 870 2956 unde
916 2912 1078 2953 omne
1120 2896 1318 2951 malum
1373 2908 1493 2949 esse
1539 2890 1889 2947 contendunt.
1928 2890 2036 2946 Ca-

450 2994 635 3051 tholici
677 3001 880 3059 autem,
925 2989 1066 3061 quod
1096 3004 1217 3044 esse
1249 2986 1516 3050 noluistis,
1547 2984 1815 3040 conditam
1839 2984 2033 3039 bonam

451 3093 772 3158 peccatoque
808 3083 1070 3146 vitiatam,
1103 3079 1312 3136 medico
1340 3077 1556 3133 Christo
1595 3075 1835 3146 indigere
1859 3092 1887 3130 a
1913 3090 2040 3146 par-

449 3177 586 3234 vulis
613 3190 782 3246 usque
819 3173 887 3229 ad
936 3187 1094 3228 senes
1119 3189 1133 3225 :
1158 3169 1416 3241 quoniam
1455 3182 1551 3237 pro
1603 3167 1852 3221 omnibus
1898 3180 2042 3222 mor-

449 3277 574 3325 tuus
625 3277 746 3324 est:
774 3280 902 3336 ergo
933 3277 1120 3320 omnes
1172 3258 1369 3316 mortui
1416 3265 1539 3312 sunt
1564 3256 1584 3328 (
1608 3256 1650 3310 Il
1672 3255 1787 3311 Cor.
1821 3271 1875 3323 v,
1903 3255 1971 3311 14
1993 3255 2039 3328 ).

453 3362 605 3419 Unde
644 3359 921 3417 Manichzei
976 3355 1333 3428 separandum
1358 3369 1389 3408 a
1418 3353 1563 3409 bono
1597 3351 1796 3406 malum
1821 3351 1901 3406 sic
1927 3351 2042 3422 opi-

449 3464 664 3522 nantur,
690 3461 749 3508 ut
783 3460 935 3508 extra
961 3450 1031 3506 sit
1059 3467 1072 3504 :
1106 3463 1206 3505 nos
1242 3462 1371 3503 vero
1396 3445 1637 3517 quamvis
1657 3444 1855 3499 malum
1876 3459 1908 3499 a
1935 3444 2038 3500 bo-

450 3565 522 3604 no
543 3545 890 3617 intelligentia
926 3557 1256 3615 separemus,
1300 3539 1501 3596 nec‘id
1528 3536 1670 3608 quod
1711 3537 1912 3592 malum
1950 3536 2034 3592 di-

448 3641 622 3709 citur,
667 3639 898 3710 aliquam
948 3636 1301 3692 substantiam
1328 3649 1450 3690 esse
1502 3632 1827 3699 credamus;
1863 3642 2038 3688 tamen

448 3734 519 3790 ab
555 3735 621 3790 iis
645 3733 736 3804 qui
778 3731 1095 3798 liberantur,
1153 3745 1259 3784 non
1314 3729 1385 3783 ita
1447 3725 1802 3797 separandum
1843 3725 2043 3781 malum

448 3836 720 3900 putamus,
748 3833 806 3881 ut
827 3831 978 3881 extra
1029 3823 1097 3879 sit
1121 3838 1136 3889 ;
1167 3821 1264 3878 sed
1289 3822 1341 3877 in
1369 3821 1448 3877 eis
1477 3819 1771 3875 sanandum
1788 3834 1908 3875 esse
1934 3833 2042 3874 SCI-

450 3935 591 3985 mus,
621 3926 677 3973 ut
702 3932 807 3972 non
832 3916 922 3972 sit.
944 3915 1022 3970 Illi
1054 3915 1197 3970 enim
1215 3913 1414 3968 malum
1459 3910 1810 3966 substantiam
1842 3909 2037 3965 malam

449 4013 634 4069 dicunt
648 4012 670 4044 ¹¹
695 4028 711 4076 ;
737 4023 835 4064 nos
851 4009 1033 4063 vitium
1050 4007 1361 4062 substantiae
1389 4005 1564 4070 home,
1589 4003 1897 4074 nullamque
1913 4002 2044 4058 sub-

452 4104 724 4162 stantiam.
747 4102 1012 4169 Quantum
1047 4098 1490 4156 intersitattende
1521 4113 1536 4162 ;
1563 4108 1618 4152 et
1641 4096 1824 4152 desine
1869 4095 2042 4150 medi-

451 4211 570 4252 cum
598 4193 867 4250 Christum
886 4190 1138 4248 sanandis
1173 4189 1405 4261 parvulis
1430 4187 1700 4254 invidere,
1738 4201 1806 4242 ne
1843 4186 1918 4240 ira
1948 4186 2044 4242 Dei

451 4296 667 4344 maneat
692 4301 853 4357 super
882 4299 977 4340 eos
1005 4283 1247 4348 dicentis,
1278 4281 1509 4337 Reddam
1529 4289 1731 4351 peccata
1760 4289 1962 4350 patrum
1990 4279 2044 4333 in

453 4381 606 4447 ﬁlios.
639 4378 790 4438 Illum
815 4376 994 4447 aspice
1023 4374 1112 4446 qui
1153 4373 1256 4429 hoc
1275 4373 1409 4428 dixit
1441 4391 1454 4426 :
1489 4373 1632 4428 Deus
1656 4380 1760 4438 est,
1791 4385 1896 4426 non
1929 4371 2040 4427 Ma-

451 4470 710 4527 nichacus.
751 4468 904 4523 Illum
924 4466 1106 4537 aspice
1133 4463 1223 4535 qui
1273 4462 1428 4530 dixit,
1463 4461 1566 4516 Per
1604 4461 1857 4516 hominem
1883 4477 2039 4527 mors,

423 4630 431 4638 η
455 4573 503 4619 et
529 4580 618 4635 per
667 4562 919 4617 hominem
960 4557 1260 4614 resurrectio
1290 4563 1605 4611 mortuorum
1630 4570 1649 4608 :
1673 4555 1801 4608 sicut
1828 4554 1957 4608 enim
1981 4554 2034 4608 in

425 4639 622 4710 ’Adam
645 4669 815 4709 omnes
840 4652 1146 4713 moriuntur,
1195 4648 1268 4702 sic
1295 4656 1340 4702 et
1378 4647 1431 4701 in
1455 4645 1656 4702 Christo
1677 4661 1847 4700 omnes
1875 4645 2040 4714 viviﬁ-

452 4744 732 4816 cabuntur(
760 4744 780 4799 I
805 4742 922 4798 Cor.
957 4757 1050 4806 xv,
1090 4741 1183 4807 2I,
1212 4739 1324 4808 22)
1359 4757 1373 4793 :
1407 4737 1695 4809 Apostolus
1719 4736 1915 4793 Christi
1941 4745 2041 4802 est,

454 4853 563 4894 non
612 4833 905 4902 discipulus
941 4829 1240 4886 Manichaei.
1292 4829 1446 4884 Illum
1503 4828 1685 4898 aspice
1738 4827 1832 4898 qui
1884 4827 2040 4894 dixit,

459 4948 481 4981 s
517 4928 718 4983 Omnes
742 4922 985 4979 homines
1001 4923 1101 4977 sub
1128 4930 1344 4991 peccato
1366 4921 1635 4975 nascimur
1657 4937 1677 4971 ι
1702 4919 2042 4990 (Ambrosius,

454 5021 518 5074 tle
541 5015 864 5084 Plenitentia,
922 5014 1011 5069 lib.
1042 5015 1094 5082 1,
1142 5029 1257 5084 cap.
1288 5012 1326 5068 2
1354 5013 1430 5068 vel
1452 5012 1530 5085 5)
1567 5030 1580 5066 :
1631 5011 1912 5081 episc0pus
1962 5020 2046 5067 est

443 5110 772 5173 catholicus,
824 5122 929 5162 non
955 5105 1301 5170 Manichacus,
1332 5113 1427 5159 aut
1455 5103 1720 5174 Pelagius,
1755 5110 1846 5157 aut
1883 5101 2042 5156 Pela-

452 5203 645 5274 gianus
661 5199 960 5256 haereticus.
975 5199 1310 5268 Quapropter
1335 5195 1587 5265 quoniam
1620 5203 1895 5266 peccatum
1916 5209 2046 5264 ope-

452 5295 530 5351 ris
551 5294 701 5366 punit
744 5303 801 5351 et
837 5293 1017 5358 homo,
1050 5300 1326 5363 peccatum
1363 5297 1541 5345 autem
1585 5285 1804 5359 originis
1832 5287 2045 5343 nonnisi

451 5387 594 5443 Deus
626 5405 640 5442 :
673 5387 793 5443 ideo
815 5387 1115 5452 Deus,cum
1131 5399 1190 5440 se
1204 5383 1348 5439 dicat
1374 5390 1590 5452 peccata
1616 5390 1826 5452 patrum
1850 5379 2044 5435 redde-

448 5495 510 5538 re
525 5480 580 5536 in
619 5478 788 5547 ﬁlios,
828 5477 1066 5548 praecipit
1099 5484 1276 5531 tamen
1312 5471 1512 5528 homini
1559 5487 1628 5528 ne
1670 5487 1765 5542 pro
1809 5469 2044 5542 peccatis

450 5579 661 5641 patrum
687 5569 905 5624 damnet
933 5577 987 5622 et
1025 5565 1184 5621 ﬁlios.
1246 5563 1503 5619 Discerne
1529 5561 1709 5617 divina
1738 5571 1790 5617 et
1812 5561 2041 5616 humana

449 5663 666 5733 judicia,
685 5672 740 5717 et
754 5660 992 5717 invenies
1007 5644 1149 5715 inter
1166 5673 1224 5715 se
1236 5657 1344 5713 duo
1363 5657 1463 5712 ista
1490 5669 1592 5712 non
1610 5670 1730 5713 esse
1750 5655 2040 5711 contraria.

517 5777 534 5808 ι
559 5775 719 5825 Codex
744 5783 887 5837 Port.,
914 5788 990 5826 ne.

512 5839 534 5869 ⁸
564 5838 638 5903 sic
672 5844 778 5887 Mss.
815 5829 1120 5903 Vignierius:
1144 5832 1219 5886 Illi
1247 5833 1374 5886 enim
1412 5832 1589 5885 malum
1633 5829 1896 5884 substantia
1935 5843 2040 5882 ma-

451 5896 753 5956 unum

1081 5953 1226 5972 ’νει-,ν

1113 384 1359 452 OPERIS
1396 387 1808 450 IMPERFECTI
1845 389 2118 452 CONTRA
2152 390 2512 466 JULIANUM,
2551 393 2610 452 S.
2652 391 3020 454 AUGUSTINI

3583 396 3722 455 l26|

2211 508 2499 566 XXXVIII.
2525 509 2646 566 Jun.
2669 508 2776 568 Sed
2799 526 2868 568 ne
2887 510 3026 568 forte
3043 511 3238 568 existat
3254 509 3372 584 quis
3393 526 3562 584 usque
3584 512 3719 570 adeo

2139 600 2400 673 obstipus,
2432 613 2490 658 ut
2516 602 2810 674 perspicuis
2835 601 2936 658 sibi
2961 602 3090 658 velit
3111 603 3389 658 sententiis
3413 603 3722 673 approbari,

2140 691 2310 748 Deum
2345 690 2596 750 videlicet
2636 709 2742 751 non
2788 693 2946 750 aliter
2980 693 3252 764 judicare,
3295 709 3454 765 quam
3494 694 3723 763 judicart

2139 785 2450 858 imperavit;
2497 787 2642 859 quod
2678 787 2892 859 quidem
2931 795 3015 842 est
3051 787 3410 843 contentionis
3439 787 3720 846 "claudat:

2139 889 2320 937 tamen
2348 881 2602 952 quoniam
2626 879 2839 937 veritati
2865 895 3015 935 arma
3042 879 3386 950 suppeditant
3410 879 3476 935 ad
3507 895 3724 936 omnem

2138 969 2581 1028 documentorum
2624 971 2959 1038 satietatem,
3017 971 3068 1026 in
3117 969 3172 1026 id
3219 972 3392 1042 ipsum
3442 972 3726 1028 ostendere

2138 1070 2307 1119 testes
2333 1065 2626 1120 acerrimos
2650 1078 2757 1120 non
2785 1062 3005 1135 pigebit.
3034 1062 3288 1133 Impletus
3329 1062 3509 1134 itaque
3536 1072 3726 1118 sancto

2139 1153 2344 1224 Spiritu
2376 1155 2609 1226 loquitur
2635 1153 2888 1211 Ezechiel
2914 1153 3171 1226 propheta
3199 1172 3213 1208 :
3245 1153 3437 1209 Factus
3461 1164 3531 1209 est
3560 1171 3727 1209 sermo

2138 1247 2348 1304 Domini
2375 1249 2444 1303 ad
2471 1265 2571 1318 me,
2602 1249 2772 1303 dicens
2793 1264 2813 1304 :
2844 1246 2952 1302 Fili
2977 1247 3226 1314 hominis,
3257 1247 3380 1318 quid
3410 1249 3543 1302 vobis
3569 1265 3726 1318 para-

2141 1339 2312 1394 bolam
2334 1341 2484 1395 istam
2509 1341 2564 1394 in
2588 1349 2722 1395 terra
2748 1338 2936 1405 Israel,
2967 1339 3261 1407 dicentium,
3294 1337 3478 1393 Patres
3504 1339 3731 1393 mandu-

2139 1416 2375 1485 cauerunt
2390 1447 2540 1486 uuam
2557 1431 2809 1497 acerbam,
2832 1439 2880 1485 et
2897 1429 3067 1486 dentes
3086 1430 3310 1499 ﬁliorum
3331 1428 3732 1501 obstupuerunt!

2149 1520 2275 1577 Vivo
2295 1537 2408 1594 ego,
2436 1523 2560 1576 dicit
2588 1521 2792 1577 Adonei
2815 1521 3086 1588 Dominus,
3113 1522 3160 1577 si
3179 1522 3399 1594 amplius
3422 1522 3614 1578 dicetur
3633 1539 3731 1593 pa-

2097 1687 2100 1689 ,
2139 1614 2320 1670 rabula
2338 1617 2448 1670 haec
2466 1615 2520 1670 in
2541 1613 2708 1671 Israel
2733 1629 2754 1670 :
2781 1615 3019 1686 quoniam
3039 1631 3210 1670 omnes
3229 1615 3414 1670 animi:
3432 1630 3557 1669 mete
3574 1622 3732 1681 sunt;

2141 1707 2565 1778 quemadmodum
2592 1707 2766 1762 anima
2807 1707 2995 1778 patris,
3025 1708 3096 1762 ita
3126 1717 3174 1763 et
3201 1707 3374 1762 anima
3399 1708 3526 1777 ﬁlii,
3557 1723 3736 1762 omnes

2141 1797 2327 1852 anima:
2362 1813 2488 1853 mea:
2523 1807 2660 1853 sunt.
2707 1798 2891 1852 Anima
2936 1813 3050 1869 quae
3077 1809 3248 1870 peccat
3266 1839 3283 1866 ,
3327 1799 3442 1870 ipsa
3467 1798 3733 1853 morietur.

2145 1886 2314 1944 Homo
2337 1897 2503 1944 autem
2527 1891 2612 1960 qui
2639 1889 2793 1959 fuerit
2807 1890 2999 1962 justus,
3026 1890 3111 1961 qui
3135 1891 3288 1963 faciet
3302 1889 3559 1960 judicium
3577 1899 3624 1944 et
3638 1890 3736 1962 ju-

2141 1983 2350 2050 stitiam,
2377 1983 2430 2038 in
2455 1981 2707 2038 montibus
2732 1998 2835 2037 non
2857 1982 3198 2050 manducabit,
3224 1992 3272 2036 et
3291 1983 3466 2038 oculos
3487 1999 3607 2039 suos
3629 1999 3735 2038 non

2143 2075 2351 2130 extollet
2384 2073 2454 2128 ad
2477 2074 2728 2128 desideria
2756 2074 2936 2129 domus
2963 2072 3162 2141 Israel,
3192 2082 3241 2129 et
3271 2089 3482 2128 uxorem
3511 2073 3736 2144 proximi

2143 2169 2223 2222 sui
2250 2184 2351 2222 non
2377 2165 2756 2233 contaminabit,
2783 2177 2834 2222 et
2861 2167 2929 2221 ad
2953 2167 3216 2222 mulierem
3242 2176 3603 2222 menstruatam
3628 2183 3736 2222 non

2143 2260 2370 2328 accedet,
2412 2269 2459 2314 et
2501 2259 2753 2314 hominem
2778 2276 2880 2314 non
2915 2259 3190 2330 deprimet,
3221 2270 3270 2314 et
3308 2260 3492 2332 pignus
3519 2258 3737 2324 debitori

2142 2353 2337 2421 reddet,
2367 2361 2415 2406 et
2438 2351 2676 2422 rapinam
2699 2367 2801 2405 non
2829 2351 3088 2422 rapuerit,
3119 2367 3303 2423 panem
3326 2367 3471 2406 suum
3497 2349 3739 2406 esurienti

2144 2446 2313 2513 dabit,
2343 2455 2391 2500 et
2416 2445 2609 2499 nudum
2635 2444 2822 2515 aperiet
2847 2444 3158 2508 uestimento,
3202 2454 3251 2498 et
3280 2443 3547 2513 pecuniam
3584 2460 3736 2499 suam

2142 2540 2199 2595 in
2225 2554 2432 2594 usuram
2456 2553 2556 2592 non
2576 2535 2737 2602 dabit,
2765 2544 2812 2590 et
2831 2534 3344 2606 superabundantiam
3369 2551 3470 2590 non
3493 2534 3736 2605 accipiet,

2129 2633 2191 2688 'et
2213 2633 2276 2687 ab
2295 2631 2545 2703 injustitia
2564 2639 2749 2684 avertet
2771 2646 2977 2683 manum
2992 2645 3156 2697 suam,
3175 2638 3220 2682 et
3230 2627 3484 2699 judicium
3493 2629 3702 2700 justum
3718 2628 3737 2660 ι

2144 2724 2295 2795 faciet
2317 2724 2448 2778 inter
2465 2722 2628 2777 cirum
2647 2729 2692 2776 et
2715 2722 3000 2790 proximum
3020 2721 3162 2792 ejus;
3189 2731 3235 2776 et
3253 2721 3306 2774 in
3327 2720 3591 2790 praeceptis
3610 2719 3739 2776 meis

2095 2878 2097 2881 l
2143 2814 2452 2882 ambulavit,
2483 2823 2532 2867 et
2545 2812 2938 2884 justiﬁcationes
2971 2827 3106 2866 meas
3135 2811 3434 2876 custodiuit,
3465 2818 3518 2865 ut
3544 2811 3740 2882 faceret

2145 2922 2266 2963 eas:
2285 2908 2460 2980 justus
2485 2914 2557 2960 est
2581 2905 2706 2972 iste,
2748 2905 2851 2958 vita
2886 2904 3046 2970 vivet,
3087 2902 3207 2957 dicit
3230 2902 3432 2957 Adonai
3457 2901 3746 2964 Dominus.

2144 2999 2281 3055 Etsi
2307 3001 2533 3071 genuerit
2569 2998 2735 3068 ﬁlium
2761 2998 3072 3069 pestilentem
3090 3037 3107 3064 ,
3147 2994 3488 3064 effundentem
3522 2998 3740 3069 sangui-

2144 3110 2260 3170 nem
2278 3135 2294 3162 ,
2325 3102 2373 3148 et
2401 3092 2665 3166 facientem
2689 3098 2924 3163 peccata,
2965 3090 3020 3145 in
3057 3089 3139 3144 uia
3165 3089 3325 3160 patris
3351 3088 3430 3145 sui
3457 3090 3591 3159 justi
3633 3105 3742 3144 non

2143 3187 2414 3242 ambulavit
2431 3227 2449 3254 ,
2474 3185 2562 3242 sed
2586 3186 2675 3256 qui
2697 3185 2752 3239 in
2777 3183 3028 3240 montibus
3054 3183 3406 3251 manducauit,
3437 3192 3485 3238 et
3523 3199 3744 3238 uxorem

2146 3280 2365 3352 proximi
2394 3282 2474 3336 sui
2511 3269 2903 3348 contaminavit,
2952 3287 3000 3333 et
3041 3277 3328 3332 mendicum
3372 3287 3420 3332 et
3463 3293 3746 3349 pauperem

2145 3374 2388 3445 depressit
2405 3414 2422 3441 ,
2465 3383 2514 3427 et
2560 3375 2794 3443 rapinam
2838 3371 3040 3442 rapuit,
3088 3379 3136 3426 et
3185 3371 3366 3442 pignus
3416 3386 3518 3425 non
3567 3372 3746 3426 reddi-

2150 3465 2254 3532 dit,
2299 3475 2344 3520 et
2384 3465 2439 3520 in
2474 3464 2746 3520 simulacra
2783 3464 2949 3536 posuit
2981 3461 3154 3518 oculos
3197 3479 3316 3518 suos
3338 3504 3354 3530 ,
3397 3468 3444 3518 el
3490 3463 3744 3535 iniquita-

2147 3567 2244 3613 tem
2269 3558 2385 3629 fecit
2408 3597 2424 3623 ,
2452 3573 2564 3611 cum
2593 3572 2748 3611 usura
2771 3555 2942 3620 dedit,
2971 3563 3019 3609 el
3053 3553 3569 3625 superabundantiam
3593 3570 3746 3613 acce-

2146 3651 2221 3723 pit
2259 3666 2278 3706 :
2309 3651 2389 3704 hic
2421 3650 2524 3703 vita
2561 3665 2662 3703 non
2703 3648 2865 3713 uiuet;
2890 3662 3061 3701 omnes
3100 3647 3223 3701 istas
3263 3645 3552 3716 iniquitates
3594 3647 3743 3716 fecit,

2146 3750 2308 3796 morte
2336 3741 2596 3806 morietur,
2627 3739 2833 3811 sanguis
2859 3738 2968 3810 ejus
2993 3754 3147 3808 super
3184 3738 3350 3808 ipsum
3388 3737 3502 3791 erit.
3540 3736 3604 3793 Si
3648 3755 3745 3792 au-

2149 3845 2245 3891 tem
2267 3835 2493 3906 genuerit
2517 3833 2712 3903 ﬁlium,
2750 3842 2798 3888 et
2824 3831 3001 3886 uiderit
3039 3832 3211 3885 omnia
3239 3841 3443 3902 peccata
3471 3831 3637 3902 patris
3664 3831 3746 3887 sui

2146 3942 2259 3997 qua:
2282 3925 2422 3999 fecit,
2453 3933 2500 3979 et
2523 3924 2776 3992 timuerit,
2807 3931 2856 3978 et
2881 3939 2984 3978 non
3012 3921 3183 3992 fecerit
3206 3921 3483 3976 secundum
3517 3922 3617 3976 ista
3641 3963 3660 3990 ,
3689 3921 3746 3977 in

2146 4016 2398 4072 montibus
2422 4032 2524 4070 non
2559 4014 2914 4080 manducauit,
2944 4023 2991 4068 et
3029 4013 3198 4068 oculos
3227 4028 3345 4068 suos
3381 4028 3481 4067 non
3505 4013 3692 4067 levavit
3721 4014 3744 4045 ⁸

2148 4110 2216 4164 ad
2244 4109 2495 4165 desideria
2518 4108 2699 4164 domus
2729 4105 2925 4175 Israel,
2965 4117 3012 4161 et
3041 4123 3249 4161 uxorem
3287 4106 3507 4177 proximi
3529 4106 3611 4160 sui
3639 4123 3747 4162 non

2148 4201 2532 4268 contaminavit,
2560 4211 2608 4255 et
2632 4200 2885 4254 hominem
2919 4214 3020 4253 non
3044 4197 3319 4268 depressit,
3349 4207 3398 4252 et
3423 4198 3610 4268 pignus
3636 4213 3746 4253 non

2150 4296 2458 4369 pignerauit,
2487 4303 2534 4349 et
2561 4294 2794 4366 rapinam
2837 4308 2938 4347 non
2965 4291 3165 4363 rapuit,
3211 4307 3393 4360 panem
3427 4306 3580 4344 suum
3619 4307 3746 4346 esu-

2148 4389 2296 4443 rienti
2322 4386 2492 4452 dedit,
2521 4394 2568 4440 et
2594 4385 2788 4439 nudum
2814 4382 3010 4454 aperuit
3034 4383 3321 4438 uestimento
3341 4423 3357 4447 ,
3385 4392 3432 4436 et
3456 4380 3518 4436 ab
3544 4381 3744 4454 iniqui-

2149 4492 2249 4536 tate
2275 4481 2450 4536 avertit
2475 4495 2680 4534 manum
2707 4494 2854 4532 suam
2870 4518 2886 4544 ,
2918 4492 3124 4530 usuram
3149 4485 3196 4528 et
3219 4474 3747 4545 superabundantiaut

2147 4589 2249 4627 non
2277 4571 2488 4641 accepit,
2509 4570 2765 4642 justitiam
2789 4569 2936 4640 fecit,
2968 4577 3016 4622 et
3037 4567 3090 4620 in
3125 4566 3387 4637 praeceptis
3413 4565 3534 4620 meis
3555 4567 3746 4620 ambu-

2149 4664 2267 4718 lauit
2291 4679 2310 4717 :
2333 4664 2427 4717 iste
2454 4678 2554 4716 non
2581 4661 2821 4716 morietur
2845 4662 2900 4714 in
2926 4659 3084 4732 patris
3111 4659 3191 4713 sui
3223 4657 3605 4729 iniquitatibus,
3638 4659 3749 4713 vita

2147 4755 2291 4810 vivet.
2335 4753 2488 4808 Pater
2517 4762 2685 4808 autem
2721 4753 2831 4824 ejus
2864 4750 2982 4821 quia
3017 4749 3338 4804 tribulatione
3365 4747 3660 4816 tribulauit,
3699 4757 3750 4804 et

2148 4846 2382 4918 rapinam
2402 4847 2598 4917 rapuit,
2630 4843 2885 4898 contraria
2909 4842 3025 4913 fecit
3041 4842 3094 4896 in
3120 4839 3285 4894 medio
3311 4840 3500 4911 populo
3527 4854 3664 4917 meo,
3696 4849 3750 4893 et

2152 4950 2376 4995 mortuus
2402 4947 2473 4994 est
2498 4940 2551 4992 in
2575 4954 2668 4992 sua
2687 4937 2968 5006 iniquitate.
3000 4933 3064 4988 Et
3085 4933 3284 4988 dixistis
3305 4948 3324 4987 :
3354 4931 3490 5000 Quid
3505 4931 3752 5001 estquod

2151 5048 2250 5086 non
2278 5030 2471 5101 accepit
2498 5027 2810 5098 iniquitatem
2839 5026 2998 5098 patris
3023 5025 3103 5078 sui
3129 5023 3302 5092 ﬁlius?
3329 5022 3461 5088 Quia
3482 5021 3624 5092 ﬁlius
3646 5022 3746 5091 ju-

2148 5129 2337 5184 stitiam
2361 5137 2407 5182 et
2421 5126 2677 5198 judicium
2703 5133 2750 5178 et
2791 5121 3187 5178 misericordiam
3216 5119 3331 5192 fecit
3352 5159 3368 5186 ,
3409 5117 3580 5172 omnia
3610 5117 3749 5187 legi-

2150 5224 2274 5277 tima
2295 5237 2408 5274 mea
2430 5217 2754 5283 commouit,
2788 5225 2834 5271 et
2863 5216 2980 5285 fecit
3007 5230 3098 5281 ea;
3128 5212 3229 5268 uita
3251 5212 3394 5266 vivet.
3429 5211 3613 5264 Anima
3644 5225 3750 5263 au-

2150 5323 2248 5369 tem
2271 5327 2384 5382 quat
2420 5319 2618 5382 peccat,
2651 5309 2764 5379 ipsa
2792 5308 3050 5361 morietur.
3090 5303 3260 5359 Filius
3293 5319 3394 5357 non
3420 5301 3632 5371 accipiet
3662 5303 3749 5356 in-

2146 5406 2396 5478 justitiam
2419 5404 2579 5475 patris
2601 5401 2700 5467 sui,
2731 5416 2889 5470 neque
2913 5407 3056 5469 pater
3073 5397 3283 5467 accipiet
3307 5393 3608 5466 injustitiam
3639 5393 3748 5462 filii

2149 5500 2229 5556 sui
2256 5498 2278 5530 ³
2301 5515 2316 5553 :
2346 5495 2546 5568 justitia
2561 5495 2690 5566 justi
2716 5509 2868 5563 super
2893 5491 3060 5563 ipsum
3083 5489 3208 5556 erit,
3241 5496 3285 5544 et
3313 5487 3550 5558 iniquitas
3574 5483 3754 5555 iniqui

2215 5701 2231 5732 ι
2256 5699 2330 5748 sic
2352 5705 2457 5747 Mss.
2478 5697 2616 5759 juxta
2636 5698 2764 5759 Lxx.
2803 5696 2858 5740 At
2881 5689 3016 5749 editi,
3030 5685 3276 5751 judicium
3298 5697 3480 5737 verum.

2211 5765 2233 5796 ²
2255 5761 2416 5810 Codex
2440 5755 2585 5814 Port.,
2609 5755 2779 5820 posuit.

2143 5852 2145 5854 -
2213 5827 2234 5858 ³
2265 5831 2364 5874 Huc
2410 5811 2692 5872 revocamus
2736 5815 2992 5865 lectionem
3039 5821 3260 5864 veterum
3309 5811 3558 5874 librorum,
3602 5813 3746 5860 Fort.

2145 5872 2406 5956 MM.
2445 5913 2534 5956 nm
2567 5896 2665 5948 qua
2690 5880 2956 5944 Vignicrius
2992 5893 3099 5930 eam
3121 5879 3169 5927 in
3200 5875 3402 5928 reliquis
3436 5872 3576 5924 dictis
3614 5875 3748 5924 ne.
