3950 6490
202 449 335 507 1265

193 580 347 635 super
370 562 538 636 ipsum
570 559 682 615 erit.
712 556 782 614 Et
805 558 1008 630 iniquus
1033 556 1075 612 si
1103 563 1355 611 convertat
1380 570 1435 612 se
1460 554 1522 609 ab
1549 553 1777 609 omnibus

191 656 544 729 iniquitatibus
567 655 673 710 suis
691 670 817 723 quas
837 652 975 722 fecit,
999 659 1046 705 et
1070 649 1318 705 custodiat
1346 648 1518 703 omnia
1539 646 1780 701 mandata

191 768 306 806 mea
325 793 340 817 ,
386 757 436 804 et
472 748 627 821 faciat
642 746 894 820 judicium
920 752 967 799 et
984 743 1236 815 justitiam
1274 751 1321 797 et
1348 739 1781 803 misericordiam;

190 845 295 900 vita
322 842 474 908 vivet,
503 848 549 896 et
573 855 673 895 non
694 838 933 893 morietur
954 852 973 891 :
1001 836 1170 891 omnia
1190 835 1376 891 delicta
1398 836 1507 906 ejus
1534 848 1782 905 quacum-

192 953 291 1007 que
316 936 438 1007 fecit
456 978 473 1002 ,
513 950 614 989 non
643 941 789 988 erunt
813 932 867 985 in
905 930 1182 996 memoria;
1210 928 1263 982 in
1284 944 1380 983 sua
1404 926 1609 997 justitia
1631 941 1783 997 quam

194 1030 333 1101 fecit,
356 1029 461 1083 vita
484 1028 629 1083 vivet.
659 1023 921 1096 Numquid
941 1023 1193 1078 voluntate
1212 1021 1323 1076 volo
1343 1032 1552 1075 mortem
1572 1019 1753 1092 injusti
1767 1060 1782 1086 ,

192 1119 319 1173 dicit
354 1118 559 1174 Adonai
596 1116 846 1171 Dominus
867 1157 882 1183 ,
922 1131 1073 1187 quam
1096 1118 1112 1148 ¹
1144 1123 1199 1169 ut
1231 1121 1424 1168 avertat
1455 1129 1509 1166 se
1528 1129 1559 1165 a
1583 1113 1662 1166 via
1691 1127 1786 1165 sua

195 1212 332 1266 mala
350 1254 369 1279 ,
398 1220 447 1267 et
482 1210 654 1264 vivat?
679 1207 805 1264 Cum
842 1225 896 1263 se
932 1217 1100 1263 autem
1129 1207 1420 1262 converterit
1441 1207 1614 1278 justus
1638 1222 1670 1258 a
1692 1221 1786 1259 sua

189 1304 414 1375 justitia,
439 1312 488 1357 et
514 1302 685 1374 fecerit
708 1301 993 1372 iniquitates
1013 1300 1287 1356 secundum
1308 1316 1481 1356 omnes
1501 1299 1786 1370 iniquitates

192 1412 319 1459 quas
342 1395 463 1466 fecit
487 1395 715 1465 iniquus,
756 1395 801 1449 si
825 1393 1033 1467 fecerit,
1065 1409 1166 1448 non
1191 1392 1359 1447 vivet:
1388 1408 1560 1445 omnes
1572 1391 1788 1462 justitia:

194 1487 301 1555 ejus
329 1502 459 1555 quas
498 1486 645 1558 fecit,
687 1502 788 1540 non
818 1495 962 1539 erunt
987 1484 1040 1539 in
1070 1484 1349 1549 memoria;
1376 1484 1430 1538 in
1469 1483 1649 1537 delicto
1679 1483 1789 1553 ejus

193 1596 291 1649 quo
317 1579 537 1642 excidit,
567 1587 615 1634 et
643 1579 695 1633 in
733 1579 950 1650 peccatis
975 1579 1080 1633 suis
1103 1577 1282 1650 quibus
1308 1575 1528 1648 peccavit
1544 1618 1558 1641 ,
1587 1576 1638 1630 in
1664 1575 1789 1645 ipsis

196 1673 459 1726 morietur.
500 1670 569 1726 Et
607 1671 804 1727 dixistis
824 1687 845 1727 :
874 1670 997 1726 Non
1026 1670 1196 1740 dirigit
1232 1670 1313 1723 via
1342 1668 1566 1723 Domini.
1604 1667 1788 1722 Audite

196 1779 357 1829 nunc,
391 1763 578 1817 domus
620 1761 805 1819 Israel.
856 1761 1123 1832 Numquid
1160 1761 1242 1816 via
1280 1776 1390 1814 mea
1428 1776 1532 1815 non
1575 1758 1789 1831 dirigit?

196 1853 353 1909 Nunc
382 1855 466 1909 via
495 1864 659 1909 vestra
696 1870 798 1908 non
827 1861 899 1908 est
927 1869 1093 1925 wqua.
1125 1850 1253 1908 Cum
1286 1851 1522 1906 convertit
1546 1867 1599 1905 se
1619 1851 1790 1919 iustus

196 1964 229 2001 α
252 1964 347 2002 sua
362 1948 569 2021 justitia
587 1989 604 2015 ,
638 1957 685 2002 et
710 1947 835 2017 facit
863 1947 1140 2012 delictum;
1169 1947 1414 2000 morietur
1436 1946 1489 2000 in
1520 1962 1577 1999 eo
1606 1943 1788 1999 delicto

194 2040 329 2108 quod
359 2041 502 2115 fecit,
521 2039 574 2093 in
599 2040 710 2109 ipso
739 2038 1003 2094 morietur.
1028 2038 1093 2092 Et
1120 2050 1235 2091 cum
1259 2037 1489 2092 averterit
1508 2052 1563 2091 se
1587 2036 1789 2106 iniquus

195 2131 254 2188 ab
282 2133 553 2202 iniquitate
571 2149 665 2185 sua
684 2148 836 2203 quam
863 2131 1000 2203 fecit,
1030 2138 1078 2186 et
1100 2130 1271 2201 fecerit
1284 2128 1542 2200 judicium
1567 2138 1614 2183 et
1633 2128 1790 2199 justi-

196 2227 315 2280 tiam
336 2243 358 2281 :
389 2226 475 2280 hic
499 2226 723 2280 animam
741 2240 886 2280 suam
911 2223 1197 2291 custodiuit,
1229 2232 1277 2277 et
1300 2223 1437 2287 vivit,
1468 2231 1526 2275 ut
1551 2229 1790 2276 averteret

195 2336 246 2375 se
269 2320 335 2373 ab
361 2318 597 2373 omnibus
631 2316 976 2389 iniquitatibus
1004 2318 1110 2372 suis
1130 2358 1145 2384 ,
1175 2332 1299 2386 quas
1330 2315 1476 2387 fecit,
1503 2314 1605 2368 vita
1629 2314 1784 2381 vivet,

194 2423 240 2469 et
278 2430 385 2468 non
412 2413 675 2467 morietur.
723 2411 790 2465 Et
820 2410 943 2464 dicit
977 2410 1179 2475 do“
1197 2407 1363 2463 Israel
1386 2424 1405 2462 :
1436 2406 1558 2462 Non
1584 2407 1788 2478 corrigit

195 2506 273 2559 via
317 2503 552 2558 Domini.
602 2501 866 2573 Numquid
901 2502 984 2556 via
1022 2517 1134 2556 mea
1180 2517 1281 2555 non
1328 2500 1567 2571 corrigit,
1609 2498 1789 2553 domus

193 2594 408 2651 Israel?
452 2594 641 2650 Nonne
688 2595 850 2666 magis
890 2595 971 2647 via
1013 2603 1177 2648 vestra
1220 2609 1322 2647 non
1368 2592 1615 2663 corrigit?
1663 2590 1789 2646 Ideo
1829 2664 1839 2673 .

192 2703 599 2759 unumquemque
614 2694 827 2741 vestrum
839 2686 1117 2741 secundum
1135 2686 1242 2739 vias
1256 2684 1415 2755 ipsius
1418 2683 1662 2755 judicabo
1679 2698 1786 2753 vos,

195 2778 577 2865 domuﬂlsrael,
600 2776 722 2830 dicit
741 2776 942 2830 Adonai
964 2774 1206 2830 Dominus
1223 2773 1436 2847 (Ezech.
1450 2789 1600 2839 xvut,
1621 2772 1786 2844 4-50).

269 2873 407 2929 Auc.
447 2870 576 2926 Haec
620 2886 718 2941 per
764 2869 1103 2925 Ezechielem
1147 2866 1461 2939 prophetam
1508 2867 1791 2938 promissio

204 2973 291 3020 est
314 2964 437 3018 novi
468 2963 793 3020 Testamenti
814 3003 830 3029 ,
875 2976 1031 3033 quam
1062 2975 1168 3015 non
1198 2959 1480 3031 intelligis,
1528 2959 1619 3014 ubi
1651 2958 1791 3015 Deus

211 3066 540 3127 regeneratos
569 3072 599 3111 a
621 3054 920 3126 generatis,
952 3054 995 3109 si
1019 3053 1127 3124 jam
1154 3052 1207 3107 in
1234 3050 1524 3122 majoribus
1548 3049 1790 3105 aetatibus

203 3158 350 3214 sunt,
394 3148 684 3204 secundum
719 3149 931 3219 propria
972 3145 1110 3202 facta
1155 3144 1430 3201 discernit.
1482 3145 1558 3200 De
1600 3144 1790 3214 quibus

201 3241 339 3296 enim
366 3240 581 3307 dicitur,
614 3239 797 3293 Anima
831 3238 989 3309 patris
1012 3254 1122 3291 mea
1150 3246 1244 3304 est,
1273 3245 1320 3292 et
1350 3236 1522 3290 anima
1555 3236 1651 3305 ﬁlii
1680 3251 1790 3290 mea

199 3342 305 3401 est;
344 3333 634 3404 separatim
662 3331 843 3403 procul
886 3330 1047 3387 dubio
1076 3345 1199 3386 suas
1227 3330 1366 3384 vitas
1390 3337 1571 3399 agunt.
1603 3327 1660 3384 Si
1690 3344 1788 3383 au-

201 3435 303 3482 tem
333 3424 477 3481 filius
502 3423 675 3480 adhuc
702 3431 846 3479 esset
873 3423 926 3477 in
953 3422 1147 3477 lumbis
1171 3421 1340 3493 patris
1362 3420 1466 3487 sui,
1492 3420 1631 3475 sicut
1654 3420 1790 3476 scri-

199 3527 348 3589 ptum
397 3526 483 3573 est
532 3516 599 3571 de
646 3515 806 3583 Leﬁ,
852 3513 993 3585 quod
1041 3514 1095 3568 in
1144 3512 1336 3568 lumbis
1384 3510 1482 3566 fuit
1527 3510 1789 3578 Abrahae,

201 3610 417 3683 quando
438 3609 733 3665 decimatus
752 3617 834 3664 est
855 3622 886 3662 a
904 3604 1292 3662 Melchisedech
1313 3603 1584 3660 Abraham
1605 3602 1789 3674 (Hebr.

201 3720 294 3768 vu,
324 3704 384 3769 9,
410 3701 532 3774 10);
572 3717 679 3757 non
708 3710 890 3772 posset
918 3708 1046 3756 tunc
1081 3698 1223 3766 dici,
1266 3698 1450 3754 Anima
1486 3697 1646 3769 patris
1682 3713 1793 3751 mea

202 3804 308 3861 est,
340 3804 391 3849 et
416 3794 593 3849 anima
618 3794 715 3863 ﬁlii
736 3810 849 3848 mea
884 3801 985 3859 est,
1027 3790 1241 3862 quando
1277 3806 1379 3846 una
1411 3791 1590 3861 utique
1617 3790 1792 3845 anima

202 3897 331 3944 erat.
361 3888 563 3943 Velans
592 3897 767 3943 autem
794 3886 1061 3957 Propheta
1091 3884 1403 3957 mysterium
1430 3897 1529 3938 suo
1554 3891 1794 3953 tempore

204 3980 583 4047 revelandum,
632 3979 1093 4051 regenerationem
1147 3994 1254 4034 non
1311 3976 1643 4044 nominavit,
1701 3990 1796 4045 per

204 4090 359 4145 quam
385 4074 613 4144 quisque
640 4072 779 4126 ﬁlius
802 4072 1034 4126 hominis
1059 4086 1125 4126 ex
1154 4068 1323 4125 Adam
1345 4069 1536 4123 transit
1556 4068 1621 4122 ad
1642 4067 1796 4124 Chri-

206 4176 341 4223 stum
369 4186 384 4221 :
419 4166 519 4222 sed
548 4164 689 4236 quod
719 4180 825 4221 non
856 4165 990 4220 dixit
1029 4163 1122 4219 illo
1152 4171 1424 4233 tempore,
1458 4162 1677 4233 intelligi
1704 4176 1801 4217 vo-

209 4260 304 4315 luit
329 4260 437 4315 isto
464 4267 727 4328 tempore,
759 4272 862 4328 quo
889 4256 1060 4313 fuerat
1084 4256 1151 4311 ad
1173 4253 1442 4310 Christum
1473 4255 1797 4310 transeunti-

208 4351 305 4407 bus
329 4349 688 4407 auferendum
716 4350 979 4404 velamen.
1009 4346 1141 4402 Nam
1171 4347 1421 4417 quoniam
1450 4346 1716 4417 profiteris
1745 4353 1799 4402 te

206 4459 325 4500 esse
353 4443 732 4509 christianum,
763 4440 1004 4511 quamvis
1028 4438 1280 4495 ostendas
1304 4439 1675 4493 antichristum
1696 4479 1711 4503 ,
1745 4437 1798 4493 id

208 4536 424 4592 efﬁcere
449 4535 677 4589 moliens
694 4544 750 4588 ut
769 4532 1012 4587 Christus
1035 4532 1200 4602 gratis
1219 4539 1465 4585 mortuus
1484 4530 1588 4596 sit;
1616 4544 1799 4601 qumro

206 4644 235 4684 a
258 4638 334 4696 te,
364 4637 549 4684 utrum
576 4627 620 4682 si
648 4628 807 4682 homo
836 4625 994 4681 faciat
1019 4639 1181 4696 opera
1212 4624 1302 4678 illa
1331 4632 1519 4678 cuncta
1541 4622 1760 4693 justitiaz
1779 4665 1795 4691 ,

207 4737 323 4794 qua:
343 4721 609 4792 prepheta
630 4718 874 4774 Ezechiel
896 4717 1051 4772 toties
1072 4714 1368 4785 repetendo
1388 4722 1796 4781 commemorat,

206 4817 369 4872 etiam
408 4828 518 4868 non
548 4820 925 4881 regeneratus,
970 4808 1076 4862 vita
1104 4808 1266 4861 vivat.
1298 4805 1354 4861 Si
1383 4805 1517 4859 dicis
1544 4820 1666 4859 eum
1693 4805 1800 4861 vita

206 4905 412 4968 vivere,
442 4900 761 4957 contradicit
785 4899 1029 4955 Christus
1054 4898 1389 4962 antichristo,
1422 4905 1476 4951 et
1503 4897 1649 4962 dicit,
1683 4896 1803 4952 Nisi

207 4996 640 5052 manducaveritis
682 5010 884 5048 carnem
921 5009 1113 5058 meam,
1153 5001 1201 5047 et
1240 4991 1460 5046 biberitis
1506 4991 1804 5062 sanguinem

208 5106 411 5155 meum,
444 5103 547 5142 non
581 5086 823 5141 habebitis
858 5085 1013 5138 vitam
1042 5086 1092 5138 in
1134 5083 1271 5138 vobis
1312 5082 1502 5155 (Joan.
1542 5098 1626 5145 vi,
1658 5082 1801 5152 54):

208 5196 369 5251 quem
398 5179 578 5234 cibum
602 5188 655 5232 et
678 5186 858 5247 potum
887 5175 954 5229 ad
981 5183 1325 5245 regeneratos
1354 5174 1640 5244 pertinere,
1673 5174 1806 5228 velis

210 5273 371 5337 nolis,
401 5269 613 5339 cogeris
636 5265 901 5323 conliteri.
934 5265 990 5321 Si
1018 5275 1195 5320 autem
1228 5273 1373 5318 tanta
1401 5264 1543 5320 mole
1577 5265 1808 5319 auctori-

212 5364 337 5419 tatis
364 5362 599 5417 obtritus
622 5361 667 5427 ’,
698 5357 1042 5428 responderis
1066 5372 1187 5413 eum
1225 5356 1317 5427 qui
1342 5356 1521 5411 omnia
1552 5356 1638 5410 illa
1666 5356 1805 5410 bona

212 5455 438 5521 fecerit,
467 5453 516 5507 si
551 5468 659 5507 non
705 5450 863 5506 fuerit
891 5458 1269 5521 regeneratus,
1309 5448 1414 5502 vita
1446 5462 1551 5502 non
1584 5448 1803 5505 vivere:

214 5544 484 5618 responde
507 5559 629 5616 qua:
669 5557 829 5600 causa
854 5542 959 5610 sit;
989 5550 1044 5597 et
1068 5540 1191 5596 vide
1223 5539 1554 5611 generationi
1579 5554 1804 5609 regene-

212 5643 517 5707 rationem,
570 5653 678 5695 uon
719 5636 1002 5694 imitationi
1046 5629 1434 5701 imitationem,
1476 5632 1531 5687 in
1570 5647 1638 5688 eo
1666 5632 1807 5703 quod

215 5796 395 5849 dualis
422 5796 762 5853 substituent,
785 5806 895 5856 quae
919 5798 997 5856 est
1019 5788 1280 5856 subitorum
1309 5789 1548 5856 versionis
1574 5788 1812 5853 vulgatae,

214 5848 427 5917 scilicet,
449 5864 493 5907 et
521 5864 658 5922 pater
680 5848 773 5905 non
796 5848 1003 5916 portabit
1023 5851 1322 5916 iniquitatem
1342 5848 1450 5916 ﬁlii,
1467 5859 1563 5901 etc.

285 5924 303 5953 ⁸
332 5926 482 5969 vetus
497 5920 656 5969 codex
681 5924 827 5976 νοτ-ιη
857 5922 1102 5981 quantum.

285 5984 308 6017 ³
334 5982 612 6046 signia-ius
635 5974 943 6031 et
962 5977 1107 6039 Clar.,
1127 5974 1396 6029 obstrictus.
1428 5981 1574 6038 Port.,
1590 5974 1807 6029 obtritus.

1564 436 1763 496 LIBER
1802 434 2112 498 TERTIUS.

3326 440 3470 509 i266

1891 553 2181 624 Apostolus
2223 556 2393 615 Adam
2429 574 2497 617 ex
2536 568 2686 633 parte
2724 561 2960 635 peccati,
3002 570 3058 620 et
3096 561 3368 621 Christum
3403 580 3474 622 ex

1888 658 2039 719 parte
2059 649 2278 725 justitite
2298 656 2565 725 proponit,
2593 658 2808 728 opponi.
2840 656 3150 715 Evidentius
3172 669 3349 716 autem
3376 658 3475 716 tibi

1890 744 2164 801 ostendam
2191 746 2255 802 ad
2284 763 2480 804 novum
2510 750 2909 807 Testamentum
2950 753 3250 823 pertinere,
3283 754 3335 809 in
3365 766 3475 826 quo

1894 847 2325 908 regeneratorum
2356 842 2644 901 haereditas
2672 853 2788 911 est,
2818 844 2962 917 quod
2986 845 3319 903 Ezechielem
3345 861 3479 918 pro-

1892 929 2105 1000 phetam
2134 933 2333 990 dixisse
2352 950 2741 993 commemoras
2766 956 2781 993 :
2813 951 2919 993 non
2945 938 3160 1008 quidem
3186 954 3349 1006 nunc,
3377 937 3475 994 sed

1890 1036 2012 1077 cum
2048 1024 2247 1081 dixeris
2286 1028 2491 1094 omnia,
2525 1044 2644 1100 quae
2668 1030 2735 1085 de
2761 1030 2893 1101 ipsis
2920 1030 3096 1087 verbis
3124 1030 3240 1102 ejus
3265 1040 3371 1087 tuae
3393 1030 3479 1087 lo-

1890 1114 2170 1183 quacitatis
2193 1133 2344 1174 more
2371 1119 2606 1175 dicturus
2633 1135 2712 1176 es.

1963 1203 2206 1261 XXXIX.
2236 1207 2355 1264 Jun.
2398 1209 2689 1266 Videturne
2733 1220 2970 1268 assertor
3013 1211 3290 1282 locupnles
3335 1212 3482 1284 judi-

1891 1294 2092 1350 ciorum
2121 1298 2139 1330 ⁸
2169 1313 2386 1354 suorum
2422 1301 2560 1356 Deus
2580 1343 2595 1369 ,
2629 1302 2717 1373 qui
2744 1310 2854 1358 tam
2880 1303 3063 1360 multis
3103 1305 3367 1375 capitibus
3408 1304 3481 1362 de

1893 1388 1995 1445 hac
2023 1391 2320 1459 quaestione
2349 1409 2454 1448 non
2485 1396 2654 1450 solum
2677 1396 2956 1467 judicavit,
2984 1398 3078 1452 sed
3103 1399 3263 1454 etiam
3291 1398 3478 1469 dispu-

1894 1482 2062 1536 tavit?
2090 1482 2252 1539 Plane
2277 1485 2366 1555 qui
2394 1493 2688 1556 temporum
2712 1498 3016 1544 nostrorum
3039 1490 3358 1561 praevideret
3392 1506 3481 1546 er-

1892 1587 2044 1629 rores
2064 1617 2079 1643 ,
2111 1583 2255 1630 tanta
2290 1577 2570 1633 verborum
2613 1594 2829 1635 suorum
2859 1581 2944 1636 vel
2984 1582 3135 1648 luce,
3174 1582 3259 1637 vel
3288 1583 3477 1651 copia,

1893 1662 1999 1718 d’uo
2027 1674 2109 1719 est
2132 1665 2275 1735 juste
2314 1676 2568 1737 operatus
2598 1679 2652 1724 et
2688 1670 2907 1740 provide
2935 1673 2956 1705 ’
2981 1689 2995 1726 :
3027 1688 3189 1728 unum
3212 1714 3228 1741 ,
3261 1687 3330 1729 ne
3358 1672 3479 1744 quis

1892 1756 2001 1811 ulla
2046 1759 2397 1829 quaestionum
2441 1761 2786 1832 ambiguitate
2832 1772 3170 1831 moveretur;
3212 1763 3379 1831 aliud,
3409 1778 3481 1819 ne

1892 1848 2031 1919 apud
2061 1864 2156 1905 eos
2194 1851 2285 1920 qui
2316 1866 2375 1907 se
2406 1852 2795 1909 immersissent
2821 1862 3013 1925 sponte
3039 1856 3358 1928 naufragiis,
3385 1870 3483 1911 ex-

1891 1942 2182 1998 cusationis
2206 1944 2382 2000 tabula
2403 1946 2509 2000 ulla
2530 1956 2854 2003 remaneret.
2879 1949 3138 2019 Loquitur
3157 1949 3224 2004 ad
3243 1949 3479 2018 Judteos,

1892 2035 1980 2105 qui
2006 2036 2369 2105 captivitatem
2399 2040 2694 2096 sceleribus
2717 2042 2989 2112 exigentes
3007 2084 3023 2109 ,
3050 2042 3117 2097 ad
3139 2043 3483 2098 relevandam

1892 2126 2125 2197 propriae
2156 2130 2610 2199 praevaricationis
2651 2132 2903 2188 invidiam
2928 2174 2944 2200 ,
2988 2134 3329 2204 parentibus,
3374 2150 3485 2190 non

1894 2218 2133 2274 moribus
2162 2220 2301 2289 suis,
2334 2221 2567 2277 debitam
2594 2238 2713 2279 eam
2744 2222 2911 2279 fuisse
2934 2225 3243 2295 jactabant:
3274 2232 3330 2280 et
3357 2242 3487 2282 con-

1892 2309 2041 2365 venit
2058 2324 2154 2366 eos
2173 2314 2487 2368 auctoritate
2508 2316 2699 2384 patria.
2728 2314 2921 2385 thuid
2938 2316 3099 2383 vobis,
3123 2317 3309 2387 inquit,
3338 2318 3485 2372 istam

1894 2401 2221 2473 parabolam,
2260 2412 2318 2457 ut
2362 2404 2543 2459 dicatis
2563 2448 2579 2473 ,
2630 2405 2875 2461 Parentes
2903 2407 3333 2462 manducaverunt
3364 2423 3487 2463 uvas

1895 2493 2116 2561 acerbas,
2140 2505 2187 2551 et
2210 2496 2436 2566 ﬁliorum
2464 2498 2638 2553 dentes
2668 2497 3076 2569 obstupuerunt?
3114 2499 3237 2555 Vivo
3262 2517 3374 2572 ego,
3402 2501 3488 2555 di-

1895 2586 1962 2642 cit
1982 2587 2183 2642 Adonai
2204 2587 2474 2657 Dominus,
2503 2591 2549 2645 si
2573 2590 2770 2645 dicetur
2796 2592 3017 2659 amplius
3043 2592 3286 2662 parabola
3308 2593 3414 2647 lucc
3433 2593 3489 2647 in

1893 2677 2064 2735 Israel
2086 2695 2107 2736 :
2128 2682 2367 2752 quoniam
2393 2700 2567 2738 omnes
2607 2685 2793 2737 animte
2819 2701 2944 2739 mea:
2971 2697 3120 2750 sunt;
3158 2686 3489 2757 quemadmo-

1896 2772 2019 2827 dum
2044 2776 2217 2828 anima
2250 2776 2431 2846 patris,
2460 2780 2531 2830 ita
2560 2776 2733 2830 anima
2771 2777 2896 2846 ﬁlii,
2944 2794 3116 2833 omnes
3155 2779 3341 2833 animle
3364 2794 3490 2835 mea!

1896 2874 2032 2922 sunt.
2063 2866 2247 2921 Anima
2274 2884 2390 2937 qua?
2418 2878 2611 2939 peccat,
2643 2868 2757 2940 ipsa
2784 2870 3044 2926 morietur.

1966 2957 2105 3014 Aac.
2134 2958 2268 3013 Cum
2294 2959 2389 3027 ait,
2433 2958 2497 3015 Si
2527 2959 2727 3015 dicetur
2763 2960 2985 3032 amplius
3023 2960 3265 3032 parabola
3304 2963 3413 3016 ha’c
3436 2962 3492 3016 in

1896 3047 2096 3115 Israel;
2140 3049 2374 3105 ostendit
2418 3052 2595 3106 solere
2641 3051 2743 3106 dici
2769 3093 2783 3118 ,
2836 3052 3022 3107 Patres
3064 3053 3493 3109 manducaverunt

1896 3155 2044 3194 uvam
2069 3141 2337 3210 acerbam,
2381 3151 2430 3197 et
2457 3137 2631 3198 dente's
2678 3145 2903 3213 filiorum
2949 3144 3333 3215 obstupuerunt.
3381 3145 3493 3201 Nec

1897 3234 2069 3303 arguit
2104 3233 2227 3303 quia
2266 3234 2561 3302 dicebatur,
2604 3234 2699 3290 sed
2737 3236 3001 3306 promittit
3037 3237 3129 3291 ubi
3151 3236 3171 3268 ⁸
3198 3252 3305 3292 non
3335 3237 3491 3293 dica-

1898 3334 2003 3379 tur.
2048 3323 2202 3381 Unde
2242 3334 2422 3381 autem
2464 3325 2566 3382 hoc
2604 3326 2872 3395 dicebant,
2920 3328 3021 3383 nisi
3068 3328 3225 3399 quia,
3257 3329 3495 3385 Reddam

1897 3425 2107 3487 peccata
2142 3424 2348 3486 patrum
2387 3416 2443 3471 in
2484 3417 2619 3488 filios
2656 3416 2846 3489 (Deut.
2877 3434 2933 3484 v,
2970 3417 3060 3490 9),
3096 3420 3262 3475 Deum
3291 3419 3495 3476 dixisse

1896 3505 2175 3563 sciebant?

1969 3596 2084 3654 XL.
2118 3598 2233 3655 Jun.
2258 3598 2339 3654 Ad
2361 3600 2767 3671 exemplandam
2791 3608 2845 3657 et
2869 3600 3288 3656 conﬁrmandam
3308 3601 3497 3672 judicii

1898 3689 1982 3745 sui
2012 3691 2314 3761 aequitatem
2336 3690 2640 3761 juramento
2664 3692 2805 3747 Deus
2829 3692 3017 3759 utitur,
3043 3702 3098 3747 et
3122 3695 3494 3749 auctoritatem

1900 3783 2172 3839 constituti
2203 3782 2558 3838 obtestatione
2584 3784 2840 3840 cumulat.
2884 3784 3150 3840 lntellexit
3194 3784 3299 3841 hoc
3327 3801 3496 3856 genus

1902 3874 2153 3945 loquendi
2181 3875 2505 3946 Apostolus,
2546 3877 2637 3947 qui
2679 3875 2747 3930 ad
2794 3876 3048 3932 Hebrmos
3084 3877 3155 3931 ita
3192 3876 3446 3933 disseruit
3478 3896 3495 3934 :

1910 3966 2132 4035 Valens,
2184 3968 2388 4039 inquit,
2441 3968 2582 4023 Deus
2628 3970 2893 4024 ostendere
2942 3971 3289 4040 promissionis
3339 3971 3496 4026 lucre-

1903 4057 2051 4112 dibus
2076 4059 2477 4114 immobilitatem
2518 4060 2717 4114 consilii
2754 4061 2870 4127 sui,
2900 4061 3198 4130 interposuit
3226 4062 3501 4133 jusjuran-

1904 4149 2055 4215 dum,
2094 4159 2151 4205 ut
2176 4167 2267 4221 per
2290 4151 2419 4207 duas
2441 4167 2521 4206 res
2547 4151 2827 4206 immobiles
2843 4193 2857 4217 ,
2886 4152 3067 4222 quibus
3090 4154 3403 4226 impossibile
3428 4163 3501 4209 est

1905 4242 2107 4297 mentiri
2137 4241 2300 4297 Deum
2321 4282 2337 4309 ,
2381 4243 2711 4315 fortissimum
2735 4243 2972 4298 solatium
3003 4243 3277 4300 habeamus
3313 4244 3497 4318 (Hebr.

1904 4349 1977 4402 Vl,
2008 4335 2242 4406 17,18).

1978 4429 2114 4483 Avo.
2147 4427 2217 4482 Et
2240 4427 2310 4483 ibi
2342 4442 2537 4483 novum
2566 4428 2967 4486 Testamentum
2994 4431 3424 4500 promittebatur.

1977 4516 2112 4574 XLI.
2137 4518 2256 4575 Jun.
2293 4519 2508 4574 Duobus
2532 4535 2658 4590 ergo
2684 4520 2767 4575 his
2789 4521 2995 4576 ostendi
3021 4521 3169 4588 dicit,
3200 4523 3365 4578 Deum
3395 4538 3503 4579 non

1909 4625 2068 4681 posse
2097 4611 2349 4678 mentiri,
2379 4611 2482 4666 hoc
2512 4612 2626 4681 ipso
2651 4613 2770 4682 quia
2800 4614 3074 4682 promisit,
3101 4626 3260 4685 atque
3288 4615 3338 4670 id
3360 4617 3504 4687 quod

1908 4704 2155 4774 promisit
2181 4704 2303 4773 quia
2328 4719 2387 4759 se
2412 4713 2635 4758 testatur
2656 4705 2874 4773 implere
2903 4722 2916 4758 :
2939 4721 3044 4760 non
3068 4708 3208 4777 quod
3233 4709 3372 4763 Deus
3388 4710 3505 4765 sine

1909 4799 2251 4855 attestatione
2287 4798 2381 4852 tali
2421 4798 2747 4853 imbecillum
2776 4806 2932 4869 atque
2958 4799 3175 4855 dubium
3205 4802 3375 4857 soleat
3403 4803 3503 4859 ha-

1909 4891 2037 4947 bere
2075 4905 2417 4956 sermonem;
2463 4889 2556 4945 sed
2599 4899 2659 4945 ut
2689 4890 2965 4945 veritatem
2994 4906 3145 4946 suam
3172 4892 3506 4951 documentis

1909 4983 2200 5058 grandibus
2224 4992 2491 5050 oneraret,
2519 4999 2585 5040 eo
2607 4999 2803 5055 genere
2833 4983 3113 5040 locutionis
3138 4984 3161 5017 ⁸
3185 4987 3381 5042 abusus
3402 4996 3507 5057 est,

1911 5076 2051 5148 quod
2081 5077 2382 5131 hominibus
2410 5076 2571 5132 etiam
2602 5075 2789 5132 fallere
2814 5077 2989 5133 solitis
3017 5079 3161 5134 credi
3192 5079 3371 5135 faciat.
3396 5080 3510 5137 Hoc

1914 5183 2042 5239 ergo
2068 5168 2307 5239 pondere
2328 5169 2380 5223 in
2406 5170 2656 5238 praesenti
2684 5184 2893 5242 quoque
2913 5186 3072 5227 causa
3094 5172 3348 5228 admonet
3369 5174 3511 5230 Deus

1913 5271 2075 5331 atque
2122 5261 2416 5331 praescribit
2440 5304 2453 5327 ,
2501 5269 2556 5316 et
2592 5272 2649 5315 ut
2676 5262 2852 5319 nullus
2891 5263 2995 5320 hoc
3024 5266 3166 5335 quod
3191 5266 3511 5325 Traduciani

1914 5362 2195 5419 asserunt,
2237 5353 2305 5409 de
2350 5354 2544 5426 populo
2571 5355 2907 5425 suspicetur,
2940 5364 2993 5412 et
3021 5357 3186 5413 Deum
3214 5375 3320 5414 non
3351 5375 3513 5430 posse

1915 5459 1982 5501 eo
2018 5460 2176 5516 quem
2212 5445 2506 5502 detestatur
2540 5448 2700 5503 modo
2720 5447 2994 5518 judicare,
3022 5463 3307 5522 cognoscat
3336 5470 3349 5507 :
3386 5453 3513 5511 Vivo

1918 5551 2008 5607 ego
2023 5578 2038 5603 ,
2070 5538 2191 5591 dicit
2216 5538 2417 5593 Adonei
2439 5538 2718 5610 Dominus,
2740 5541 2784 5595 si
2809 5542 3029 5613 amplius
3052 5543 3245 5598 dicetur
3268 5546 3513 5618 parabola

1919 5630 2028 5684 haec
2052 5629 2106 5683 in
2131 5626 2320 5685 Israel.

1983 5792 2002 5856 ξ
2026 5793 2224 5856 neerat,
2245 5786 2550 5856 judzctorwn
2577 5799 2596 5837 :
2618 5788 2894 5856 restituitur
2915 5800 2981 5841 ex
2999 5792 3357 5856 manusa'iptb.

1984 5851 2229 5920 ﬁlatim.
2259 5850 2375 5920 Editi
2398 5859 2583 5920 autem,
2613 5848 2833 5914 providit.

1983 5914 2008 5946 ³
2027 5912 2166 5971 Editi,
2182 5917 2249 5961 ut.
2273 5918 2402 5971 Mss,
2422 5910 2519 5961 ubi.

1986 5974 2010 6007 δ
2042 5980 2092 6023 tn
2115 5980 2244 6033 uss,
2265 5973 2553 6027 elocutimtis.
