3996 6504
484 413 618 476 12⁵11

478 529 714 588 dendum
740 535 822 583 est
850 527 979 585 nihil
1012 528 1149 585 hanc
1176 542 1492 599 promovere
1521 526 1782 584 fraudem.
1813 527 2067 596 Quamvis

478 622 623 677 enim
650 620 893 674 absolute
919 620 1305 690 praescripserit
1332 620 1472 674 Deus
1496 636 1511 686 ;
1538 619 1789 691 quoniam
1821 620 2068 690 iniquitas

477 720 758 781 parentum
805 727 909 766 non
950 712 1161 767 addicat
1204 713 1342 767 filios
1386 712 1734 778 innocentes,
1762 712 1858 768 sed
1898 727 2065 767 unus-

476 803 702 874 quisque
739 804 966 874 propriis
995 804 1359 875 iniquitatibus
1398 814 1685 876 arguatur;
1720 820 1819 861 nec
1850 804 1972 860 hinc
2002 805 2066 859 ii-

476 896 614 952 delis
634 898 845 953 animus
866 899 1032 968 possit
1056 899 1327 969 ambigere
1352 917 1366 953 :
1392 908 1567 955 tamen
1594 909 1653 953 ut
1674 899 1938 969 opinionis
1960 906 2064 954 tua:

472 988 782 1046 confossum
812 996 889 1045 tot
927 990 1231 1046 fulminibus
1273 992 1405 1061 legis
1432 1000 1786 1047 retractemus
1812 991 2061 1057 cadaver,

472 1088 739 1149 quatenus
782 1081 1143 1151 accipiendam
1196 1082 1333 1138 hanc
1384 1083 1475 1137 Dei
1516 1082 1927 1152 disputationem
1958 1097 2059 1153 pu-

472 1170 615 1225 tabis
636 1212 652 1237 ,
681 1171 928 1228 videlicet
970 1183 1027 1227 ut
1072 1182 1347 1243 parentum
1373 1216 1388 1241 ,
1433 1175 1571 1229 sicut
1600 1189 1699 1229 nec
1728 1174 1922 1229 adultis
1944 1215 1961 1241 ,
1989 1175 2059 1229 ita

471 1275 577 1318 nec
613 1264 953 1320 nascentibus
986 1265 1105 1320 filiis
1143 1266 1317 1321 obsint
1345 1265 1582 1321 delicta?
1625 1268 1707 1322 An
1739 1275 1795 1321 ut
1831 1276 2062 1323 tantum-

470 1354 636 1410 modo
654 1355 765 1425 jam
793 1356 1089 1426 grandioris
1117 1357 1288 1412 aetatis
1324 1366 1380 1414 et
1416 1358 1674 1428 justitiam
1716 1360 2060 1428 operantibus

469 1461 581 1503 non
608 1448 849 1504 sinantur
873 1465 1099 1517 nocere;
1134 1452 1378 1521 parvulos
1403 1460 1583 1507 autem
1603 1494 1618 1519 ,
1647 1460 1930 1523 antequam
1965 1469 2059 1524 per

469 1540 743 1611 propriam
766 1542 1024 1612 justitiam
1056 1544 1293 1599 naturale
1318 1545 1462 1600 virus
1505 1546 1821 1600 exhauriant
1850 1548 1890 1611 ί,
1936 1559 2057 1600 sce-

468 1631 586 1690 lere
612 1636 979 1705 generantium
1005 1636 1215 1708 gravari
1239 1679 1254 1703 ,
1288 1638 1470 1708 sicque
1497 1636 1589 1693 fiat
1627 1636 1769 1709 quod
1800 1651 1896 1709 per
1920 1636 2057 1691 Pro-

464 1724 685 1795 pbetam
713 1728 851 1782 Deus
881 1727 1114 1783 futurum
1145 1729 1402 1799 negavit?

542 1822 679 1875 Anc.
722 1819 833 1875 lmo
861 1822 939 1876 sic
960 1821 1019 1875 fit
1043 1822 1183 1892 quod
1207 1822 1312 1877 alio
1337 1822 1455 1878 loco
1478 1821 1607 1878 dicit
1632 1820 1792 1889 Deus,
1824 1820 2056 1877 Reddam

468 1921 679 1983 peccata
696 1921 895 1980 patrum
911 1913 962 1966 in
979 1912 1116 1982 ﬁlios
1135 1915 1154 1983 (
1172 1912 1325 1968 Deut.
1354 1930 1410 1981 v,
1434 1913 1519 1985 9).
1540 1912 1670 1968 Cum
1687 1914 1827 1969 enim
1852 1920 2058 1968 utrum-

463 2016 571 2072 que
594 2002 706 2073 ipse
725 2002 885 2067 dicat,
912 2002 961 2057 id
982 2011 1087 2071 est,
1108 2016 1161 2059 et
1182 2012 1389 2075 patrum
1413 2003 1480 2059 ad
1502 2003 1641 2059 filios
1662 2020 1765 2059 non
1785 2004 2055 2074 pertinere

463 2104 680 2167 peccata
702 2137 717 2160 ,
742 2105 796 2151 et
822 2095 1046 2151 reddere
1074 2112 1134 2152 se
1170 2097 1221 2152 in
1265 2096 1401 2152 filios
1426 2105 1632 2168 patrum
1669 2105 1881 2166 peccata
1900 2136 1915 2161 ,
1948 2109 2053 2150 non

461 2194 642 2256 potest
664 2190 843 2259 utique
863 2188 964 2244 sibi
994 2203 1113 2244 esse
1139 2193 1455 2245 contrarius.
1487 2188 1553 2243 Et
1579 2188 1698 2243 ideo
1717 2196 1885 2254 recte,
1908 2201 2055 2256 quaa-

460 2280 703 2335 rentibus
726 2280 995 2351 quomodo
1021 2290 1305 2352 utrumque
1333 2281 1404 2335 sit
1432 2296 1637 2341 verum,
1667 2294 1831 2333 unum
1860 2278 2067 2343 horum

459 2373 789 2443 generationi
815 2414 830 2440 ,
864 2372 1091 2428 alterum
1123 2372 1511 2443 regenerationi
1562 2372 1870 2440 Intelligitur
1924 2385 2056 2425 con-

458 2465 666 2519 venire.
698 2464 775 2519 Tu
803 2465 892 2535 qui
940 2465 1197 2535 pervertis
1239 2478 1333 2519 cor
1360 2471 1507 2517 tuum
1539 2464 1593 2529 ’,
1620 2476 1749 2518 cave
1779 2461 1963 2528 illum;
1994 2470 2051 2517 et

470 2556 610 2627 quod
638 2571 819 2611 verum
845 2555 995 2611 audis
1018 2596 1034 2621 ,
1064 2572 1168 2611 non
1196 2556 1409 2611 vocabis
1436 2556 1703 2611 cavillum.

535 2645 619 2701 Ll.
660 2645 778 2701 Jun.
819 2646 921 2701 Sed
952 2646 1021 2701 ad
1059 2647 1161 2702 hoc
1189 2662 1287 2702 nos
1328 2647 1628 2702 referimus.
1662 2646 1728 2702 Et
1768 2644 1896 2701 illud
1921 2659 2052 2717 ergo

458 2740 636 2802 aliud,
667 2740 807 2811 quod
834 2739 1049 2810 paribus
1078 2742 1364 2796 momentis
1390 2739 1730 2811 appenditnr,
1774 2737 1887 2794 ﬁeri
1921 2753 2049 2809 pro-

457 2831 615 2887 ﬁtere
638 2872 653 2899 ,
684 2830 735 2887 id
757 2839 840 2888 cst
857 2873 871 2895 ,
898 2841 955 2887 ut
977 2831 1199 2902 justitiae
1237 2841 1516 2903 parentum
1540 2832 1660 2886 liliis
1684 2832 1797 2886 suis
1822 2833 2046 2901 prosint,

458 2938 661 2995 eosque
689 2924 1023 2980 sanctificent
1045 2965 1060 2986 .
1091 2934 1250 2996 atque
1290 2925 1395 2979 illis
1433 2923 1802 2979 tantummodo
1828 2937 1933 2978 non
1962 2922 2049 2979 di-

456 3024 652 3071 cantur
676 3017 961 3084 prodesse,
994 3015 1085 3088 qui
1112 3015 1412 3086 grandioris
1442 3016 1552 3085 jam
1578 3015 1697 3079 aevi,
1731 3015 1935 3071 natales
1954 3015 2049 3086 ju-

456 3108 630 3163 stltias
645 3108 877 3178 propriis
896 3108 1149 3164 attrivere
1167 3109 1478 3164 criminibus
1503 3127 1517 3165 :
1540 3117 1599 3163 ut
1617 3108 1739 3179 quia
1764 3117 2049 3179 utrumque

454 3215 487 3255 a
517 3200 627 3257 Deo
656 3209 904 3272 negatum
924 3242 940 3265 ,
971 3211 1026 3258 et
1054 3202 1279 3256 alterum
1308 3200 1527 3256 alterius
1564 3200 1813 3271 exemplo
1841 3198 2046 3257 disser—

455 3278 569 3349 tum
596 3292 619 3326 ⁸
645 3302 804 3365 atque
832 3294 1155 3349 inculcatum
1183 3303 1286 3360 est,
1316 3308 1473 3363 quam
1502 3302 1558 3348 tu
1590 3292 1924 3362 negationem
1954 3306 2046 3347 ra-

451 3385 689 3441 tionibus
744 3386 845 3441 tuis
889 3386 1078 3441 videns
1125 3400 1246 3442 esse
1298 3384 1616 3440 contrariam
1642 3424 1659 3451 ,
1704 3383 1757 3438 in
1810 3382 2046 3453 parvulis

453 3480 734 3536 mentitam
758 3494 877 3536 esse
900 3478 1179 3534 contendis
1201 3520 1218 3546 ,
1249 3478 1431 3532 ambas
1458 3477 1572 3546 ejus
1598 3485 1778 3546 partes
1817 3489 2046 3530 nascen-

453 3576 571 3624 tum
620 3568 926 3624 conditione
966 3568 1229 3623 confutes.
1276 3566 1428 3636 Quod
1481 3581 1605 3621 cum
1660 3565 1887 3629 feceris,
1938 3564 2045 3619 duo

449 3660 597 3717 mala
638 3659 840 3731 pariter
895 3658 1263 3730 perpetrabis,
1319 3672 1482 3712 unum
1534 3655 1675 3727 quod
1725 3653 2046 3727 oppugnat‘

452 3753 774 3807 sententiam
799 3751 912 3815 Dei,
945 3750 1088 3807 aliud
1119 3750 1370 3821 quoniam
1401 3748 1547 3803 nasci
1571 3746 1800 3817 dejusto
1814 3747 2041 3816 justum,

450 3854 511 3902 et
532 3844 601 3902 de
625 3846 915 3902 criminoso
943 3845 1142 3901 asseris
1177 3842 1545 3899 criminosum.

446 3996 449 3999 λ
523 3939 662 3996 Anc.
702 3939 1047 4009 Negationem
1095 3937 1379 4009 Propheta:
1426 3951 1529 3991 non
1575 3934 1696 3991 dico
1724 3933 1999 3990 mentitam
2025 3974 2041 3999 ,

448 4029 551 4088 sed
579 4044 609 4083 a
640 4037 693 4084 te
723 4044 828 4084 non
862 4030 1205 4084 intellectam.
1238 4027 1331 4083 Ille
1359 4027 1558 4098 quippe
1582 4025 2041 4096 regenerationem

447 4120 807 4195 prophetavit,
838 4137 956 4189 qum
980 4135 1010 4175 a
1040 4121 1273 4191 peccatis
1296 4128 1581 4189 parentum
1610 4118 1677 4172 ad
1703 4118 1817 4181 Dei,
1842 4133 1948 4173 non
1974 4117 2041 4173 ad

447 4212 729 4272 hominum
751 4211 1009 4280 judicium
1038 4211 1445 4281 pertinentibus,
1472 4209 1581 4263 sola
1610 4210 1747 4263 ﬁlios
1766 4224 1885 4264 esse
1907 4210 2045 4280 prae;

446 4304 810 4363 ﬂatalienos:
835 4311 889 4357 tu
910 4311 1088 4357 autem
1110 4301 1235 4356 dum
1257 4316 1419 4371 negas
1435 4299 1831 4371 generationem
1854 4308 2041 4355 conta-

444 4396 595 4468 gum
617 4396 804 4451 mortis
829 4395 1061 4465 antiquae
1084 4392 1153 4448 de
1172 4392 1410 4464 patribus
1433 4390 1646 4447 trahere
1661 4432 1676 4456 ,
1698 4390 1866 4461 ipsam
1886 4406 2043 4459 rege-

446 4486 743 4542 nerationis
759 4481 981 4541 causam
1007 4483 1221 4539 conaris
1245 4483 1601 4553 exstinguere.
1624 4480 1875 4550 Quamvis
1895 4483 2039 4536 enim

444 4576 719 4634 lavacrum
750 4574 1173 4648 regenerationis
1192 4615 1209 4640 ,
1239 4572 1494 4644 quidquid
1525 4580 1860 4641 peccatorum
1891 4573 2040 4627 inve-

445 4668 606 4735 nerit,
631 4668 826 4735 diluat;
854 4676 1030 4724 tamen
1055 4668 1160 4723 alia
1183 4676 1397 4737 peccata
1419 4674 1639 4737 possent
1654 4675 1708 4722 et
1733 4667 2039 4735 pmnitendo

443 4761 653 4825 sanari;
685 4761 1058 4830 sicutpossunt
1082 4761 1134 4814 in
1165 4759 1264 4825 eis,
1292 4773 1427 4830 quos
1459 4759 1654 4815 iterum
1681 4760 2039 4831 regenerare'

450 4853 529 4909 fas
541 4868 645 4908 non
659 4860 758 4907 est.
777 4851 908 4907 Illud
923 4868 1054 4908 vero
1066 4852 1208 4923 quod
1224 4852 1567 4923 generatione
1576 4853 2037 4917 contrahitur,nisi

446 4944 855 5016 regeneratione
870 4960 976 4999 non
994 4944 1235 4999 solvitur.
1254 4943 1440 4999 Justus
1456 4958 1586 5014 ergo
1605 4959 1669 4998 ex
1687 4944 1819 5008 Deo,
1844 4959 1948 4999 non
1970 4960 2038 5000 ex

445 5038 665 5094 homine
690 5038 959 5103 nascitur;
982 5038 1231 5107 quoniam
1266 5036 1617 5103 renascendo,
1639 5052 1746 5092 non
1769 5037 2037 5092 nascendo

444 5135 505 5187 tit
529 5132 703 5201 justus
733 5148 745 5184 :
779 5130 918 5186 unde
944 5132 1102 5186 etiam
1132 5130 1266 5185 tales
1293 5130 1386 5186 filii
1416 5131 1509 5186 Dei
1539 5131 1560 5162 ⁸
1589 5140 1862 5185 vocantur.
1895 5130 2037 5201 Lege

446 5222 793 5293 Evangelium
832 5238 847 5276 :
880 5220 1005 5276 Non
1029 5237 1093 5277 ea:
1119 5222 1449 5293 sanguinibus
1470 5264 1484 5287 ,
1509 5238 1670 5294 neque
1695 5238 1760 5277 ea:
1782 5222 2038 5278 uoluntate

440 5314 610 5369 carnis
631 5355 647 5382 ,
699 5328 857 5382 neque
907 5328 974 5369 ea:
1027 5311 1284 5368 volutata
1338 5312 1435 5367 viri
1455 5355 1471 5383 ,
1520 5314 1610 5372 sed
1659 5330 1723 5369 ea:
1770 5312 1882 5368 Deo
1928 5315 2035 5368 nati

507 5513 724 5578 ειωὶιί.
771 5518 1026 5578 mm
1065 5525 1315 5578 promam
1349 5511 1596 5577 iam
1647 5510 2035 5568 ηαιισαιϐυὲτω

439 5575 718 5640 eum.
739 5575 1039 5640 castigantur
1062 5575 1128 5626 ex
1150 5575 1256 5627 Mss.

505 5640 527 5671 θ
557 5637 717 5689 Codex
740 5637 907 5701 Part];
948 5647 1014 5689 Tu
1037 5652 1147 5701 vero
1168 5637 1399 5701 pervertis
1419 5650 1505 5689 cor
1526 5641 1678 5689 tuum.

503 5705 526 5738 ³
559 5701 637 5751 sic
658 5706 763 5749 Mss.
782 5699 899 5750 Editl
924 5713 1061 5761 vero,
1073 5699 1349 5752 dissectum.

504 5763 527 5826 θ
561 5768 719 5826 Forte.
740 5773 1006 5826 ορριισηαδ·

499 5825 527 5859 ι
559 5823 694 5882 mliti.
725 5822 973 5886 generare.
1000 5825 1171 5874 Verius
1192 5825 1418 5889 antiquus
1453 5822 1613 5875 codex
1658 5830 1790 5887 uae,
1834 5835 2034 5890 regene-

438 5898 644 6004 ny'ulc
666 5944 900 6010 addimns,
925 5954 1047 6006 Det;
1079 5950 1193 6004 cuia
1216 5947 1398 6007 lenitur
1415 5950 1590 6001 tum

1177 410 1420 469 OPERIS
1458 410 1865 468 IMPERFECTI
1902 364 2177 467 EONTRA
2214 410 2575 480 JULIANUM,
2616 412 2675 470 S.
2707 414 3073 474 AUGUSTI!"

3608 421 3751 481 1979

2179 537 2294 581 sunt
2323 527 2502 599 (Joan.
2532 530 2705 603 1,13).
2735 530 2871 596 Quid
2904 534 3100 603 quarris
3130 549 3513 607 rerumgenera
3530 541 3751 596 multum

2173 619 2381 674 diversa
2403 622 2765 691 conjungere?
2785 622 3035 679 Homines
3054 624 3324 680 hominum
3346 642 3506 683 carne
3526 644 3755 685 nascuno

2173 719 2260 766 tur
2281 754 2298 779 ,
2328 712 2420 767 Dei
2451 711 2650 783 Spiritu
2680 722 3053 769 renascuntur.
3092 715 3229 785 Quid
3277 731 3405 788 ergo
3450 719 3638 773 mirum
3662 763 3676 780 .
3708 724 3752 775 si

2169 802 2616 872 quemadmodum
2647 804 2715 860 de
2742 804 2939 875 Spiritu
2966 805 3185 876 justitim
3214 807 3377 862 sumit
3408 808 3565 862 ltomo
3590 810 3752 876 justi-

2171 895 2320 961 tiam,
2353 896 2423 950 ita
2449 896 2516 951 de
2544 911 2705 952 carne
2734 899 2934 968 peccati
2964 899 3124 954 trahit
3148 899 3406 970 originale
3436 904 3754 970 peccatum?

2167 988 2354 1060 Neque
2377 990 2523 1045 enim
2546 995 2777 1046 venisset
2803 991 2965 1048 homo
2988 1008 3125 1048 unus
3150 993 3215 1049 ad
3243 994 3546 1049 liberandos
3573 1012 3670 1051 nos
3698 996 3750 1051 in

2167 1079 2515 1137 similitudine
2558 1082 2736 1137 carnis
2784 1084 3021 1154 peccati,
3071 1085 3172 1139 nisi
3220 1086 3458 1140 omnium
3510 1096 3750 1142 nostrum

2168 1179 2311 1226 esset
2336 1186 2463 1227 caro
2491 1174 2714 1243 peccati.
2743 1173 2875 1228 Cum
2904 1174 3063 1244 igitur
3084 1173 3205 1230 huic
3232 1175 3416 1246 gratim
3446 1176 3752 1232 christiana:

2166 1264 2237 1318 sit
2266 1264 2476 1320 inimica
2506 1264 2729 1321 bmresis
2757 1274 2929 1322 vestra
2954 1310 2967 1331 ,
2999 1267 3173 1323 adhuc
3197 1267 3378 1323 mirari
3416 1277 3471 1323 et
3495 1270 3750 1339 conqueri

2164 1355 2407 1424 audetis,
2436 1357 2575 1427 quod
2604 1372 2699 1412 vos
2725 1357 2921 1413 Christi
2946 1359 3241 1416 detestetur
3270 1360 3543 1417 Ecclesia?

2237 1446 2346 1503 Lll.
2387 1448 2507 1504 Jun.
2548 1449 2603 1504 Si
2630 1460 2806 1504 autem
2829 1466 2936 1505 non
2957 1453 3226 1507 sustinens
3251 1454 3591 1508 reclamantis
3615 1462 3752 1509 stre-

2163 1540 2333 1610 pitum
2376 1540 2617 1595 veritatis
2645 1542 2695 1608 ’,
2726 1542 2833 1595 alio
2878 1544 3099 1597 tentaris
3150 1544 3422 1613 effugere,
3471 1545 3522 1599 in
3572 1546 3753 1615 plagas

2164 1633 2370 1689 incides
2422 1634 2686 1688 fortiores.
2740 1633 2871 1689 Nam
2920 1636 2964 1689 si
3017 1636 3199 1701 dicas,
3237 1636 3370 1691 Vera
3411 1637 3627 1707 quidem
3672 1646 3753 1691 est

2163 1724 2447 1795 Prophetas
2472 1725 2733 1781 sententia
2755 1769 2768 1790 ,
2803 1727 2896 1783 sed
2939 1728 2993 1783 in
3023 1730 3043 1760 ²
3073 1729 3312 1798 personis
3342 1729 3748 1799 grandioribus,

2162 1834 2282 1889 quae
2305 1818 2434 1874 dicit
2462 1818 2881 1875 necessitudines
2917 1820 3090 1891 culpis
3130 1821 3328 1875 mutuis
3357 1836 3461 1876 nou
3498 1822 3748 1892 gravari;

2161 1912 2216 1966 in
2247 1910 2483 1982 parvulis
2526 1920 2701 1965 autem
2744 1911 2813 1964 ab
2856 1926 2959 1965 una
3006 1911 3085 1966 sui
3130 1921 3281 1982 parte
3322 1912 3616 1980 mentitur,
3649 1927 3747 1982 qua

2161 2002 2291 2058 dicit
2319 2017 2413 2058 eos
2442 2017 2563 2058 reos
2592 2018 2698 2058 non
2737 2018 2859 2059 esse
2894 2003 2965 2059 ob
3008 2005 3209 2061 scelera
3258 2006 3665 2076 generantium;
3698 2005 3747 2059 in

2161 2095 2264 2149 alia
2292 2104 2469 2151 autem
2518 2112 2623 2150 non
2666 2097 2921 2152 mentitur
2946 2097 2989 2163 ³,
3022 2098 3073 2153 in
3104 2113 3203 2168 qua
3234 2099 3424 2154 asserit
3450 2113 3545 2155 eos
3586 2099 3749 2153 nullts

2159 2194 2442 2257 parentum
2470 2186 2754 2242 virtutibus
2794 2187 3065 2243 sublevari
3097 2206 3112 2243 :
3144 2195 3270 2243 tunc
3318 2189 3474 2259 plane
3509 2187 3748 2243 ftedisst-

2160 2292 2303 2333 mam
2323 2293 2432 2333 non
2453 2278 2775 2349 disputandi,
2801 2279 2893 2334 sed
2916 2280 3284 2351 confingendi;
3313 2295 3418 2335 non
3440 2280 3745 2351 eloquendi,

2158 2368 2254 2424 sed
2284 2368 2565 2439 loquendi;
2593 2384 2698 2423 non
2726 2377 3000 2439 postremo
3024 2370 3141 2425 sani
3177 2369 3408 2425 hominis
3429 2412 3445 2437 ,
3474 2370 3565 2425 sed
3596 2365 3747 2425 exci-

2158 2459 2339 2516 dentis
2362 2475 2524 2517 sensu
2554 2460 2576 2492 δ
2606 2460 2883 2517 Manichaei
2908 2461 3181 2517 libidinem
3208 2462 3500 2533 publicabis
3530 2478 3544 2515 :
3576 2461 3627 2517 si
3657 2461 3746 2517 tibi

2158 2561 2312 2624 putes
2336 2562 2521 2609 contra
2556 2554 2893 2625 perspicuam
2932 2554 3198 2610 rationem
3220 2596 3236 2620 ,
3262 2563 3447 2609 contra
3484 2551 3746 2608 honorem

2158 2645 2277 2705 Dei.
2298 2653 2484 2701 contra
2506 2646 2774 2715 exempla,
2797 2653 2983 2701 contra
3008 2646 3311 2702 testimonia
3333 2654 3744 2717 praeceptorum,

2157 2748 2345 2795 contra
2370 2740 2755 2810 expositionem
2781 2738 3106 2809 judiciorum
3128 2781 3144 2805 ,
3172 2739 3313 2811 quod
3340 2740 3552 2796 libuerit
3579 2738 3747 2795 licere

2158 2845 2438 2902 respuere,
2468 2830 2687 2902 etquod
2716 2830 2997 2887 delectarit
3022 2845 3315 2888 assumere.

2116 2939 2146 3021 ζ’
2229 2942 2367 3000 Anc.
2406 2941 2681 2999 Sententia
2712 2941 2991 3015 Prophetas
3019 2957 3085 2998 ex
3106 2951 3256 3014 parte
3279 2941 3419 2997 nulla
3450 2940 3743 2998 mentitur:

2156 3034 2253 3090 sed
2285 3043 2340 3089 tu
2371 3049 2476 3089 non
2521 3034 2824 3105 intelligens
2867 3033 3008 3105 quod
3052 3049 3148 3105 per
3182 3034 3326 3089 illam
3359 3033 3743 3105 prophetatur,

2156 3136 2215 3181 ut
2241 3141 2348 3180 non
2390 3125 2566 3180 dicam
2592 3126 2836 3181 mentiris
2860 3166 2876 3190 ,
2902 3135 3049 3181 certe
3077 3124 3248 3196 (quod
3294 3126 3412 3181 sine
3438 3126 3629 3197 injuria
3663 3136 3743 3182 tua

2110 3272 2117 3279 .
2155 3217 2421 3289 dixerim)
2453 3218 2629 3272 nescis
2650 3217 2775 3288 quid
2807 3218 3059 3289 loquaris.
3092 3217 3225 3272 Nam
3250 3226 3306 3272 et
3329 3217 3430 3273 hoc
3449 3217 3587 3288 quod
3606 3217 3743 3273 dicis

2100 3326 2109 3334 '
2154 3326 2399 3368 asserere
2420 3310 2764 3382 Prophetam.
2792 3329 2812 3362 ι
2842 3310 2998 3365 nullis
3017 3318 3290 3380 parentum
3309 3309 3589 3365 virtutibus
3605 3309 3743 3364 ﬁlios

2154 3401 2460 3468 sublevari;
2500 3419 2519 3454 ι
2551 3402 2819 3471 quomodo
2856 3410 2912 3457 et
2938 3410 3203 3471 quatenus
3238 3401 3544 3472 accipiatur,
3573 3402 3743 3457 inter-

2155 3504 2240 3549 est
2270 3494 2577 3565 plurimum.
2612 3493 2877 3564 Numquid
2917 3494 3058 3549 enim
3088 3507 3185 3548 vos
3228 3494 3469 3565 negatis,
3502 3492 3605 3549 ﬁde
3653 3510 3743 3566 pa-

2154 3593 2367 3640 rentum
2394 3586 2791 3656 regenerandos
2821 3584 2999 3640 offerri
3032 3583 3168 3639 ﬁlios
3196 3583 3451 3639 Ecclesiae
3482 3584 3665 3648 matri,
3692 3594 3743 3640 et

2151 3675 2499 3746 baptizandus
2530 3674 2786 3731 ministris
2816 3675 2949 3729 Dei?
2985 3674 3263 3742 Quomodo
3292 3689 3420 3746 ergo
3446 3675 3605 3730 nullis
3650 3690 3741 3745 pa-

2091 3824 2107 3859 ;
2152 3778 2366 3827 rentum
2392 3770 2678 3825 virtutibus
2720 3768 2811 3823 lilii
2859 3767 3244 3823 sublevantur?
3287 3768 3367 3822 An
3394 3768 3740 3822 christianum

2151 3861 2313 3918 ﬁdem
2342 3862 2522 3917 dicere
2558 3861 2781 3915 audebis
2827 3860 3025 3917 nullam
3069 3875 3190 3915 esse
3225 3859 3516 3914 virtutem?
3544 3862 3738 3915 Annon

2151 3953 2532 4019 sublevantur,
2565 3968 2685 4007 cum
2736 3952 2788 4006 in
2834 3951 2931 4007 Dei
2975 3952 3195 4023 regnum
3246 3966 3352 4007 non
3400 3952 3554 4007 aliter
3578 3969 3740 4023 quam

2150 4046 2343 4101 eadem
2370 4045 2770 4115 regeneratione
2813 4043 3126 4099 mittuntur?
3156 4045 3210 4098 In
3252 4044 3381 4115 ipsis
3404 4061 3613 4115 quoque
3647 4047 3739 4102 be-

2152 4137 2359 4193 neﬁciis
2396 4135 2780 4207 temporalibus
2806 4150 2971 4206 quare
2999 4135 3196 4190 dicitur
3231 4135 3297 4190 ad
3319 4135 3486 4204 Isaac,
3524 4135 3738 4191 Faciam

2150 4228 2241 4283 tibi
2267 4238 2473 4301 propter
2514 4228 2770 4282 Abraham
2814 4238 3008 4299 patrem
3036 4238 3178 4281 tuum
3203 4228 3223 4298 (
3244 4226 3372 4283 Cen.
3418 4245 3563 4296 xxw,
3592 4229 3739 4301 24)?

2150 4320 2327 4387 Quare
2356 4318 2514 4375 etiam
2554 4318 2688 4374 Loth
2741 4320 2880 4375 ﬁlius
2932 4318 3112 4375 fratris
3145 4320 3377 4376 Abrahae
3401 4364 3416 4389 ,
3448 4324 3625 4393 patrui
3657 4324 3736 4379 sui

2148 4413 2359 4469 meritis
2383 4411 2666 4482 adjuvatur
2688 4410 2707 4483 (
2728 4410 2812 4465 Id.
2844 4428 2937 4467 xw
2962 4421 3008 4467 et
3038 4428 3125 4466 xtx
3142 4411 3181 4486 ),
3207 4413 3250 4468 si
3275 4413 3434 4468 nullis
3455 4426 3733 4485 parentum

2147 4502 2431 4558 virtutibus
2458 4501 2553 4556 lilii
2598 4501 2978 4557 sublevantur?
3008 4501 3183 4570 Quare
3225 4512 3498 4575 postremo
3525 4513 3584 4560 et
3609 4520 3733 4577 pro-

2147 4605 2267 4665 pter
2293 4603 2505 4665 peccata
2546 4593 2849 4649 Salomonis
2889 4594 3000 4649 filio
3044 4594 3159 4665 ejus
3188 4610 3410 4666 regnum
3439 4598 3731 4663 minuitur,

2146 4696 2201 4740 et
2230 4694 2448 4756 propter
2478 4685 2613 4740 bona
2645 4686 2833 4740 merita
2866 4685 3027 4740 David
3060 4702 3165 4740 non
3196 4695 3363 4742 totum
3397 4688 3604 4743 tollitur
3631 4688 3731 4760 (ΙΙΙ

2146 4776 2275 4850 Reg.
2305 4794 2379 4843 xl,
2405 4778 2632 4848 11-15),
2661 4778 2703 4831 si
2729 4779 2890 4833 nullis
2914 4779 3147 4849 peccatis
3175 4789 3457 4850 parentum
3488 4780 3581 4836 filii
3609 4798 3733 4854 gra-

2145 4879 2369 4937 vantur,
2402 4878 2491 4924 aut
2519 4871 2679 4926 nullis
2698 4869 2982 4927 virtutibus
3008 4871 3358 4927 sublevantur
3376 4872 3402 4926 ?
3425 4872 3598 4929 llomo
3626 4875 3724 4929 lin-

2142 4970 2323 5032 guate,
2351 4977 2458 5018 non
2487 4963 2724 5025 cordate.
2750 4964 2849 5017 ista
2880 4964 3128 5019 discerne
3159 4982 3172 5019 :
3204 4964 3292 5020 hic
3320 4966 3461 5032 vide,
3485 4967 3527 5021 si
3556 4978 3729 5036 potes,

2143 5053 2269 5125 quid
2292 5069 2385 5125 per
2404 5053 2738 5110 Ezechielem
2760 5054 2919 5111 fuerit
2949 5056 3340 5128 prophetatum.
3370 5058 3424 5113 In
3446 5068 3631 5130 aperto
3650 5070 3732 5116 est

2143 5154 2285 5209 enim
2309 5196 2325 5222 ,
2352 5168 2453 5208 nec
2481 5163 2684 5224 patrem
2715 5169 2820 5208 non
2865 5164 3239 5224 regeneratum
3284 5155 3476 5211 obesse
3503 5156 3611 5210 filio
3637 5171 3727 5211 re-

2143 5255 2429 5315 generato,
2460 5244 2526 5300 ad
2556 5246 2937 5316 capessendam
2983 5245 3146 5300 vitam
3194 5256 3447 5302 mternam
3469 5290 3483 5313 ,
3516 5246 3585 5302 de
3623 5261 3726 5319 qua

2145 5339 2344 5393 dictum
2372 5347 2475 5402 est,
2504 5336 2608 5392 vita
2629 5337 2792 5403 vivet;
2818 5351 2917 5392 nec
2943 5346 3145 5407 patrem
3172 5347 3540 5405 regeneratum
3569 5340 3728 5408 prod-

2141 5442 2264 5485 esse
2286 5429 2351 5485 ad
2376 5428 2479 5485 hoc
2505 5429 2677 5498 ipsum
2706 5429 2815 5485 filio
2845 5444 2950 5484 non
2990 5438 3334 5499 regenerato;
3365 5447 3462 5486 nec
3489 5431 3721 5487 vicissim

2142 5520 2308 5576 tilium
2329 5521 2464 5592 patri
2483 5530 2574 5575 aut
2596 5520 2849 5591 prodesse
2867 5528 3240 5591 regeneratum
3260 5537 3366 5577 non
3384 5530 3720 5595 regenerato,

2202 5700 2221 5733 ί
2257 5699 2458 5749 sicitas.
2485 5696 3318 5760 Ateditl,reclmumttemsptritum

2202 5762 2224 5825 ξ
2258 5762 2553 5825 vignierius,
2582 5759 2706 5825 loco,
2730 5761 2815 5812 sed
2824 5761 2907 5825 in,
2931 5762 3265 5818 substituerat,

2203 5823 2226 5856 ³
2249 5820 2427 5873 vei-sus
2447 5822 2587 5887 isthic
2603 5820 2699 5872 duo
2713 5824 3035 5887 restituuntur
3051 5836 3115 5873 ex
3149 5831 3274 5885 Mss,
3298 5835 3476 5887 nempe
3498 5834 3529 5873 a
3546 5820 3716 5885 rabo.

2141 5899 2253 5952 qua,
2274 5899 2431 5950 usque
2448 5886 2506 5935 ad
2531 5888 2751 5944 verbum,
2771 5886 3012 5937 mentitur.

2206 5948 2229 5981 δ
2246 5948 2405 6001 Codex
2436 5956 2584 6005 Port..
2606 5949 2691 6001 sed
2712 5948 2988 6005 excedentis
3007 5973 3012 6002 ‹

2343 5962 2405 6001 ex
2436 5956 2584 6007 Port..
2606 5950 2691 6001 sed
2712 5950 2988 6005 excedentis
3007 5961 3212 6005 sensum.
3258 5978 3263 5985 ο
