3950 6486
154 418 304 477 127⁸5

152 543 249 590 aut
279 532 475 588 obesse
502 542 605 586 non
633 534 1000 599 regeneratum
1045 531 1360 595 regeneran
1382 564 1398 589 ,
1431 528 1489 576 ut
1518 519 1607 576 ille
1634 518 1741 573 vita

151 628 325 694 vivat,
348 626 430 682 vel
454 626 554 680 iste
574 631 746 678 morte
764 621 1039 677 moriatur.
1069 618 1126 675 Si
1146 626 1323 673 autem
1344 616 1444 672 ista
1464 629 1570 670 non
1592 623 1743 683 p0tes

152 720 345 774 videre
367 760 382 783 ,
412 734 509 772 cur
531 732 628 771 nec
657 725 833 771 tacere
849 715 875 768 ἲ

218 811 359 868 Llll.
400 810 517 866 Jun.
558 809 688 877 Quis
715 819 769 863 tu
793 823 874 874 es,
904 806 991 877 qui
1014 814 1180 861 oestro
1205 802 1485 858 Marcionis
1505 798 1742 856 concita-

147 914 237 960 tus
264 905 283 935 ⁸
318 905 371 958 in
402 902 666 959 excidium
708 900 973 970 atquitatis
1016 895 1319 968 irrumpas?
1356 894 1447 966 qui
1472 893 1570 948 sub
1611 906 1743 948 cen-

148 1012 338 1054 suram
392 996 585 1065 lingua:
634 1002 737 1047 tua:
784 991 1052 1063 mysteriis
1103 989 1278 1044 adhuc
1322 985 1737 1042 Manichzcorum

148 1089 370 1145 lubricae
394 1130 411 1154 ,
448 1087 536 1142 Dei
564 1094 672 1140 tam
701 1084 904 1139 Judicia
934 1096 1090 1154 quam
1120 1089 1385 1152 praecepta
1411 1075 1740 1147 compellas?

143 1179 319 1239 Nemo
343 1180 451 1235 hoc
475 1194 706 1248 unquam
739 1177 944 1242 facere,
978 1174 1078 1229 nisi
1109 1175 1198 1245 qui
1226 1173 1371 1244 prius
1399 1186 1460 1226 ea
1489 1169 1736 1240 negavit,

144 1286 434 1344 aggressus
445 1271 628 1327 est.'l‘u
650 1275 1022 1325 testamentum
1043 1264 1303 1337 Dei,quod
1321 1265 1477 1328 ratio,
1497 1261 1737 1332 aequitas,

143 1363 338 1435 pietas,
362 1362 582 1429 veritas,
611 1361 714 1416 fide
740 1358 1096 1415 scribentibus
1121 1355 1420 1426 Prophetis,
1442 1354 1593 1425 quasi
1622 1352 1740 1423 qui—

144 1456 264 1511 dam
283 1469 561 1511 sacrorum
582 1454 795 1510 testium
811 1452 944 1507 ordo
962 1449 1432 1523 signavit,audebis
1448 1445 1740 1502 Manichaee

148 1554 369 1601 auctore
401 1560 745 1616 perrumpere
773 1546 816 1598 '.
841 1543 979 1599 Olim
1006 1551 1060 1598 et
1087 1540 1449 1610 intelligentia:
1479 1538 1737 1594 sanctita-

145 1647 276 1704 tem,
303 1647 361 1694 et
387 1638 659 1709 religionis
679 1638 909 1708 speciem
938 1634 1236 1706 perdidisti,
1260 1635 1304 1689 si
1326 1633 1426 1688 hac
1451 1630 1733 1695 sententia,

146 1747 263 1801 qua
306 1731 450 1802 apud
490 1730 825 1787 Ezechielem
862 1739 982 1794 est,
1024 1727 1257 1784 traducis
1300 1735 1405 1781 tua:
1451 1732 1606 1796 putes
1647 1732 1736 1778 aut

150 1824 406 1880 auxilium
437 1822 681 1895 reperiri,
711 1832 802 1877 aut
831 1822 1050 1877 exitium
1082 1835 1187 1874 non
1220 1818 1411 1874 teneri.

214 1918 354 1973 Anc.
380 1916 653 1988 Spatiatur
670 1914 962 1985 loquacitas
986 1913 1179 1983 inopize
1204 1913 1420 1982 copiosa
1447 1911 1491 1979 ³,
1520 1909 1607 1967 ubi
1625 1924 1731 1965 non

149 2011 407 2074 mitur,
432 2009 516 2064 vel
541 2009 700 2064 etiam
731 2008 776 2063 si
803 2007 1058 2074 cernitur,
1091 2007 1363 2076 spernitur
1390 2004 1620 2068 veritas;
1645 2003 1733 2058 ubi

148 2113 226 2160 est
251 2119 362 2158 non
392 2103 678 2158 verborum
706 2100 995 2156 vanissima
1019 2141 1034 2164 ,
1083 2097 1176 2154 sed
1226 2112 1408 2154 rerum
1435 2096 1733 2153 certissima

149 2196 317 2267 copia.
350 2193 517 2251 Aliud
558 2202 641 2251 est
686 2194 921 2249 directus
966 2192 1264 2256 veridicus,
1310 2189 1454 2245 aliud
1502 2189 1733 2245 disertus

146 2286 441 2345 maledicus
465 2286 511 2340 ⁸.
542 2285 807 2356 Propheta
840 2284 963 2339 filiis
986 2293 1041 2339 et
1071 2284 1309 2355 patribus
1337 2297 1461 2339 suas
1485 2282 1621 2337 vitas
1641 2296 1732 2338 se-

145 2379 366 2451 paratim
394 2377 715 2434 ducentibus
734 2391 859 2432 vera
883 2376 1013 2432 dicit
1043 2393 1057 2430 :
1097 2384 1151 2430 tu
1183 2373 1595 2430 Manichaeorum
1630 2388 1730 2428 no-

144 2474 280 2529 mine
305 2470 604 2528 Catltolicis
635 2471 955 2541 Prophetam
985 2477 1135 2526 recte
1165 2468 1582 2540 intelligentibus
1624 2466 1731 2525 Pe-

145 2566 344 2638 lagiana
372 2565 525 2622 rabie
551 2564 846 2621 maledicis.

208 2656 342 2713 LIV.
372 2656 495 2713 10L.
526 2656 779 2728 Iniquitas
804 2656 982 2728 iniqui,
1015 2655 1204 2727 inquit,
1235 2671 1389 2725 super
1402 2663 1556 2727 caput
1577 2656 1687 2726 ejus
1709 2670 1729 2710 :

144 2766 545 2823 unumquemque
593 2760 813 2805 vestrum
855 2750 1132 2804 secundum
1164 2749 1270 2803 vias
1307 2764 1428 2803 suae
1461 2747 1723 2819 judicobo.

143 2842 268 2900 Non
294 2844 573 2898 morientur
600 2851 768 2914 patres
800 2858 892 2914 pro
921 2841 1043 2911 ﬁliis
1065 2882 1081 2907 ,
1118 2856 1279 2910 neque
1304 2839 1398 2909 ﬁlii
1424 2856 1518 2912 pro
1543 2856 1729 2910 paren-

144 2937 281 2992 tibus
308 2936 529 3002 :uuima,
561 2935 752 3006 inquit,
774 2950 887 3007 qua
911 2944 1116 3005 peccat,
1143 2934 1257 3005 ipsa
1280 2933 1523 2988 morietur
1554 2948 1573 2988 :
1600 2948 1729 3003 quo-

148 3029 292 3082 niam
320 3044 483 3082 omnes
507 3027 691 3081 animo:
732 3042 857 3081 mea:
888 3035 1002 3081 sunt
1026 3066 1043 3093 ,
1069 3040 1472 3097 unumquemque
1497 3042 1591 3096 pro
1620 3025 1727 3080 suis

142 3119 485 3189 ὸιίσιὶιοιῐιιη
503 3118 766 3188 judicabo.

208 3214 348 3268 Ave.
381 3212 521 3266 Deus
561 3211 651 3282 qui
681 3209 799 3265 haec
834 3208 984 3273 dicit,
1016 3209 1133 3281 ipse
1161 3218 1243 3263 est
1276 3208 1416 3265 Deus
1438 3210 1529 3280 qui
1555 3209 1722 3277 dicit,

141 3302 371 3359 Reddam
396 3311 602 3374 peccata
630 3310 830 3372 patrum
849 3301 903 3355 in
928 3301 1083 3371 ﬁlios.
1109 3300 1221 3355 Nisi
1249 3301 1577 3357 intellexeris
1596 3316 1727 3372 quo-

137 3392 295 3449 modo
320 3402 608 3463 utrumque
648 3396 719 3446 sit
753 3406 963 3459 verum,
1008 3390 1156 3445 nullo
1186 3390 1345 3446 modo
1373 3392 1561 3447 credas
1590 3392 1722 3447 Pro-

139 3484 347 3557 phetam
372 3493 426 3540 te
442 3484 770 3539 intellexisse
786 3482 1096 3548 veridicum,
1116 3482 1446 3553 quantalibet
1475 3491 1526 3539 te
1553 3485 1723 3554 patiar

139 3573 458 3646 loquacitate
486 3574 827 3630 maledicum.

201 3668 317 3724 LV.
348 3667 469 3724 ιω..
505 3668 583 3722 En
613 3668 697 3721 cui
735 3666 875 3732 luci,
916 3664 1003 3721 cui
1052 3664 1250 3736 populo
1293 3666 1675 3722 sententiarum
1703 3707 1721 3735 ,

140 3760 220 3815 eui
246 3758 499 3830 dignitati
540 3756 863 3827 iudiciorum
888 3755 1079 3812 tradux
1110 3764 1198 3810 tua
1226 3764 1284 3810 et
1312 3757 1613 3812 convicium
1643 3757 1723 3812 fa-

142 3867 259 3909 cere
282 3867 395 3908 non
424 3852 610 3915 timet,
642 3859 697 3906 et
720 3858 945 3906 conatur
970 3849 1166 3904 inferre
1195 3848 1585 3919 praeiudicium.
1625 3849 1723 3905 Hic

144 3947 356 4002 dubium
412 3960 523 4000 non
570 3954 688 4011 est,
732 3944 855 4015 quia
885 3958 992 3998 non
1032 3952 1084 3997 te
1110 3941 1305 4011 pudeat
1334 3941 1465 3996 illud
1496 3942 1675 3997 dicere
1701 3983 1716 4007 ,

139 4038 275 4109 quod
306 4036 519 4091 videtur
546 4035 843 4105 reliquum,
879 4032 931 4088 id
957 4041 1059 4099 est,
1086 4040 1146 4087 ut
1176 4032 1502 4102 respondeas
1540 4047 1723 4089 veram

138 4129 457 4201 PrOphetm,
500 4127 609 4182 imo
647 4125 739 4181 Dei
775 4140 871 4196 per
912 4124 1229 4195 Prophetam
1269 4124 1325 4189 ',
1354 4137 1476 4179 esse
1504 4131 1722 4178 senten-

136 4224 259 4278 tiam
287 4265 305 4291 ,
358 4218 774 4291 insuperabilem
813 4217 1133 4289 prudentum
1174 4217 1463 4281 rationem,
1490 4231 1595 4287 qua
1623 4216 1722 4273 do—

135 4326 287 4373 cetur
314 4314 728 4387 iniquissimum,
761 4321 822 4368 ut
848 4319 1063 4384 peccata
1094 4319 1381 4382 parentum
1402 4309 1526 4367 ﬁliis
1553 4311 1726 4382 impu-

138 4416 340 4463 tentur.

200 4500 341 4557 Anc.
374 4498 669 4562 Erubesce,
700 4503 755 4551 tu
784 4510 846 4551 es
871 4494 1267 4566 iniquissimus:
1291 4508 1413 4549 nam
1444 4493 1535 4564 qui
1559 4493 1717 4562 dixit,

136 4592 370 4649 Reddam
400 4601 608 4665 peccata
636 4599 838 4662 patrum
865 4590 919 4643 in
948 4589 1099 4659 ﬁlios,
1135 4603 1240 4643 non
1268 4596 1353 4643 est
1380 4587 1612 4658 iniquus.

198 4685 341 4742 LVI.
371 4685 491 4742 ιω..
520 4684 629 4740 Nec
654 4692 709 4739 te
738 4683 840 4739 hoc
871 4692 1079 4753 putare,
1106 4681 1228 4752 quia
1255 4690 1405 4737 reatu
1432 4679 1722 4737 voluntatis

131 4780 336 4835 semina
395 4777 636 4833 omnium
678 4775 952 4831 hominum
1006 4774 1373 4846 polluantur:
1412 4773 1507 4829 sed
1544 4781 1720 4829 tamen

130 4874 266 4931 hanc
292 4872 556 4943 justitiam
604 4871 658 4925 in
701 4868 833 4925 Adae
877 4868 1042 4924 solius
1088 4866 1312 4923 crimine
1361 4881 1466 4920 non
1504 4866 1718 4932 valere;

127 4968 298 5038 ipsius
328 4980 496 5020 unum
526 4977 645 5019 esse
674 4968 948 5032 peccatum
976 5001 992 5026 ,
1019 4958 1163 5030 quod
1200 4956 1451 5013 omnibus
1488 4957 1718 5027 impute-

128 5071 231 5116 tur.
268 5058 349 5114 Ad
377 5056 523 5129 quod
548 5072 668 5127 ego,
694 5054 821 5125 quid
852 5052 998 5124 prius
1026 5051 1204 5107 facere
1232 5050 1456 5107 debeam
1496 5049 1717 5104 nescio:

125 5152 431 5215 rideamne,
452 5147 595 5219 quod
624 5147 838 5217 ineptia:
862 5144 1081 5215 exigunt
1100 5142 1434 5214 singulares?
1459 5140 1553 5198 sed
1580 5142 1721 5197 mul-

125 5254 307 5299 torum
336 5241 571 5315 perditio
597 5254 734 5312 quos
769 5239 1015 5309 decipitis
1039 5278 1055 5303 ,
1106 5237 1503 5291 miserationem
1531 5250 1723 5307 exspe-

122 5348 237 5394 ctat
267 5348 326 5393 et
352 5337 640 5409 lacrymas.
666 5334 819 5391 Serio
839 5347 967 5405 ergo
990 5345 1224 5387 maerore
1252 5328 1505 5385 conficiar
1524 5328 1545 5362 ⁸
1575 5329 1599 5384 ?
1625 5329 1720 5386 sed

184 5474 204 5504 ι
241 5470 369 5522 editi
412 5478 465 5521 et
511 5469 607 5520 duo
644 5476 770 5527 ιιεε..
805 5465 949 5519 vestri
997 5462 1256 5519 aanimi:
1282 5470 1404 5517 testu
1440 5464 1720 5517 concitatus.

121 5538 278 5584 Vetus
302 5534 465 5583 codex
488 5536 651 5593 Fort;
662 5538 816 5591 caret,
838 5536 1044 5589 met
1062 5529 1185 5590 loco,
1204 5528 1537 5590 ventitabat,
1558 5534 1720 5582 tuto.

185 5599 208 5668 ξ
236 5598 317 5668 §ic
474 5596 714 5666 ΑιῇίίςιιἼ
736 5604 1069 5657 prorumpere.

182 5660 207 5692 ³
241 5666 396 5720 Port.,
419 5660 581 5720 inopia
603 5660 808 5720 copioso.

179 5721 207 5753 ι
423 5712 737 5784 ορίἰιειιιι-ἐὶε
766 5717 893 5784 forte
923 5714 1189 5784 legendum
1213 5729 1226 5766 ι
1252 5714 1385 5768 om
1411 5720 1484 5767 est
1515 5712 1724 5768 ἀίσσω

119 5778 393 5845 κηὶίὶἆιδ,
416 5778 543 5832 alius
565 5781 773 5832 disertus
1142 5786 1198 5828 Μ.

180 5839 312 5904 is”
334 5839 765 5957 “mimus,
798 5841 896 5896 iiuo
935 5842 1026 5896 Dei
1069 5839 1376 5907 Prophetam.

176 5917 204 5952 ι
232 5922 390 5957 Μ.-
582 5919 659 5957 αι’.

228 5922 390 5981 Ροηοο
423 5922 659 5979 Wa“

1503 401 1707 491 mean
1744 398 2057 458 manus.

3299 410 3433 468 i278

1854 527 2284 588 argumenton
2330 529 2538 578 tuorum
2584 522 2819 595 prodigia
2851 523 3147 595 incutiunt,
3191 526 3433 600 quamvis

1850 619 2042 667 mmsto
2068 613 2267 683 animo,
2294 614 2633 671 cachinnum.

1919 726 2053 783 Anc.
2082 727 2175 783 Dic
2200 729 2343 800 quod
2372 729 2610 788 dicturus
2629 747 2709 799 es,
2740 733 2951 804 egregie
2979 743 3281 801 corrector;
3327 751 3432 806 quo

1848 829 2065 876 auctore
2094 822 2348 894 deceptor
2376 835 2457 880 est
2485 826 2782 882 credendus
2826 828 3135 882 Ambrosius
3160 871 3175 895 ,
3220 829 3286 883 de
3327 844 3433 900 quo

1847 913 1921 969 ait
1947 914 2191 987 Pelagius
2215 918 2469 989 magister
2494 930 2635 985 tuus,
2667 919 2808 991 quod
2838 920 2951 990 ejus
2985 920 3237 988 fidem,et
3256 922 3429 991 puris-

1847 1006 2039 1062 simum
2095 1009 2146 1063 in
2202 1009 2491 1083 Scripturis
2541 1027 2755 1068 sensum
2810 1029 2879 1070 ne
2920 1013 3168 1069 inimicus
3215 1014 3429 1084 quidem

1846 1111 2008 1153 ausus
2037 1107 2119 1154 est
2158 1102 2558 1172 reprehendere
2602 1102 2701 1177 (ιι).
2746 1104 2824 1160 Tu
2876 1120 2998 1161 eum
3050 1104 3381 1176 reprehende
3413 1148 3428 1166 .

1845 1186 2036 1245 fortior
2085 1192 2227 1247 enim
2284 1208 2342 1249 es
2394 1203 2553 1265 atque
2610 1199 2881 1267 potentior
2941 1198 3187 1253 inimicus
3256 1199 3431 1253 crucis

1844 1279 2039 1337 Christi
2065 1324 2080 1349 ,
2113 1300 2273 1355 quam
2299 1286 2345 1340 si
2372 1302 2521 1342 esses
2557 1288 2805 1343 inimicus
2837 1289 3103 1344 Ambrosii
3129 1306 3144 1354 ;
3171 1289 3427 1346 audacius

1846 1372 2051 1429 invides
2078 1376 2260 1445 gratiae
2288 1377 2403 1443 Dei,
2435 1394 2591 1449 quam
2618 1382 2661 1435 si
2686 1382 2950 1437 invideres
2978 1383 3049 1437 illi
3078 1383 3278 1437 homini
3306 1383 3421 1438 Dei.

1844 1464 2199 1535 Reprehende
2218 1510 2234 1536 ,
2268 1470 2481 1541 inquam
2500 1514 2515 1538 ,
2545 1473 2706 1529 irride
2733 1475 2749 1506 ¹
2777 1474 3094 1545 exagitanda
3115 1515 3130 1540 ,
3159 1473 3297 1531 defle
3324 1474 3425 1530 do-

1842 1556 2002 1613 lendo
2030 1577 2043 1613 :
2068 1569 2217 1637 potes
2256 1563 2399 1617 enim
2424 1564 2476 1618 vi
2508 1580 2694 1636 magna
2724 1566 3043 1637 eloquentiae
3069 1568 3120 1621 in
3154 1567 3425 1622 urbanita-

1841 1658 1951 1706 tem
1998 1651 2194 1708 ducere
2240 1656 2531 1711 vanitatem
2584 1666 2766 1723 tuam,
2798 1668 2853 1715 et
2899 1660 2951 1715 in
3004 1660 3426 1717 misericordiam

1843 1743 2223 1816 transfigurare
2248 1749 2571 1804 vecordiam.
2593 1750 2687 1805 Dic
2707 1766 2834 1822 ergo
2856 1753 3002 1807 illum
3019 1754 3193 1809 virum
3221 1768 3429 1809 errasse

1840 1835 2183 1907 deformiter,
2216 1839 2514 1911 desipuisse
2544 1841 2849 1911 infeliciter,
2876 1844 3192 1901 affirmando
3219 1845 3427 1901 discor-

1839 1927 1980 1983 diam
2012 1931 2462 2002 eoncupiscentize
2487 1935 2665 1991 carnis
2689 1945 2744 1991 et
2772 1936 2987 2006 spiritus
3014 1936 3067 1992 in
3098 1945 3340 1992 naturam
3359 1952 3424 1992 ex

1839 2019 1996 2091 primi
2030 2020 2263 2077 hominis
2291 2026 2728 2094 prtevaricatione
2749 2028 2973 2083 vertisse
2999 2027 3138 2099 (Lib.
3163 2029 3194 2082 7
3222 2029 3276 2083 in
3296 2028 3423 2083 Luc.

1838 2128 1934 2195 xu,
1969 2115 2083 2186 52).
2114 2116 2243 2185 Quis
2273 2118 2415 2173 enim
2450 2120 2566 2176 sine
2608 2120 2697 2176 illa
2728 2122 2986 2187 nascitur,
3019 2138 3083 2179 ex
3114 2138 3219 2194 quo
3244 2138 3426 2194 cmpe-

1838 2216 1967 2263 runt
2010 2208 2251 2265 homines
2294 2213 2439 2268 nasci
2467 2254 2484 2281 ,
2528 2214 2798 2270 nascendo
2827 2217 3008 2287 utique
3034 2216 3085 2270 in
3112 2231 3273 2272 carne
3300 2231 3422 2287 pec-

1838 2298 1984 2353 cati?
2008 2298 2114 2355 Sed
2144 2308 2200 2356 tu
2234 2302 2397 2358 homo
2425 2305 2787 2373 acutissimus,
2819 2322 2923 2362 non
2955 2308 3182 2363 credens
3218 2308 3320 2363 tale
3361 2323 3425 2363 ac

1842 2397 2046 2446 tantum
2069 2392 2195 2449 illud
2218 2392 2385 2450 fuisse
2408 2402 2703 2464 peccatum,
2721 2407 2778 2451 ut
2805 2406 2986 2467 posset
3014 2397 3067 2453 in
3096 2401 3196 2453 hoc
3225 2399 3423 2453 malum

1838 2490 1965 2538 tunc
1986 2483 2153 2553 ipsam
2181 2494 2388 2542 mutare
2411 2497 2686 2556 naturam,
2726 2503 2953 2559 eamque
2986 2487 3269 2544 ineffabilia
3294 2504 3426 2559 apo-

1836 2575 2014 2631 stasia:
2056 2578 2249 2633 merito
2293 2579 2468 2635 facere
2509 2594 2629 2634 cum
2670 2581 2835 2651 stirpe
2887 2580 3273 2646 damnandam;
3325 2582 3425 2638 hoc

1835 2668 1977 2739 quod
2004 2684 2192 2726 omnes
2220 2671 2386 2728 sobrii
2418 2672 2615 2727 malum
2648 2673 2908 2740 sentiunt,
2938 2673 3135 2729 malum
3163 2673 3423 2745 iudicant,

1833 2759 2013 2816 ebrius
2066 2762 2352 2834 Pelagiano
2396 2762 2646 2835 dogmate
2690 2765 2888 2820 asseris
2931 2765 3151 2821 bonum.
3198 2765 3423 2821 Mirabili

1833 2851 1976 2908 enim
2006 2850 2248 2909 facundia
2280 2863 2430 2925 potes
2450 2896 2467 2923 ,
2494 2869 2613 2911 eam
2643 2871 2801 2927 quam
2839 2857 3009 2913 sancti
3032 2867 3301 2913 accusant
3327 2873 3423 2929 ge-

1832 2944 2071 3011 mitibus,
2099 2953 2154 3000 tu
2182 2946 2426 3002 laudibus
2453 2961 2646 3003 ornare
2670 2947 2963 3014 libidinem,
2997 2958 3051 3004 et
3077 2949 3236 3005 talem
3267 2966 3423 3022 prur-

1832 3052 1945 3105 sus,
1976 3038 2149 3110 qualis
2185 3048 2240 3095 et
2279 3055 2419 3096 nunc
2457 3050 2575 3110 est,
2617 3056 2677 3097 se
2706 3041 2910 3098 scilicet
2938 3042 3240 3098 nolentibus
3270 3042 3422 3115 inge-

1830 3138 2063 3197 rentem,
2085 3139 2141 3187 et
2157 3131 2225 3186 ad
2249 3141 2517 3189 certamen
2546 3143 2922 3204 provocantem
2949 3134 3109 3190 corda
3130 3143 3420 3200 castorum,

1833 3234 2080 3297 tanquam
2107 3225 2401 3282 formosum
2426 3232 2480 3282 et
2498 3241 2768 3282 amoenum
2792 3227 3013 3297 lignum,
3031 3228 3236 3283 etiamsi
3263 3242 3422 3283 nemo

1832 3318 1905 3374 ibi
1936 3328 2229 3389 peccasset,
2259 3320 2400 3375 inter
2425 3319 2659 3390 peradisi
2707 3335 2925 3375 nemora
2966 3321 3248 3377 collocare.
3276 3321 3417 3375 Eru-

1830 3409 1991 3466 besce
2013 3451 2027 3476 ,
2080 3411 2351 3467 beatitudo
2396 3412 2826 3482 Pelagianorum;
2854 3421 2909 3469 et
2937 3412 3061 3469 vide
3085 3429 3189 3485 quo
3214 3412 3419 3485 fugias,

1829 3504 1953 3574 quia
1982 3504 2115 3558 casti
2145 3512 2197 3559 te
2226 3502 2454 3574 fugiunt.

1901 3614 2058 3672 LVII.
2090 3616 2211 3673 Jun.
2239 3616 2373 3686 Quis
2400 3617 2542 3673 enim
2573 3617 2698 3683 hoc,
2729 3618 2773 3674 si
2800 3618 2927 3690 quid
2951 3620 3147 3676 saeculo
3176 3620 3299 3678 huic
3327 3638 3422 3679 su-

1831 3706 2088 3779 perfuerit
2116 3708 2311 3779 aetatis,
2344 3710 2707 3765 monumentis
2745 3711 2941 3780 poterit
2964 3711 3185 3769 credere
3214 3713 3421 3771 littera-

1831 3816 1971 3866 rum,
2003 3800 2277 3855 exstitisse
2295 3801 2545 3857 videlicet
2572 3802 2863 3869 hominem,
2887 3805 2976 3874 qui
2998 3805 3243 3862 crederet
3263 3816 3317 3863 et
3336 3808 3422 3878 jar

1831 3901 1995 3958 raret,
2028 3908 2134 3949 non
2164 3908 2285 3949 esse
2324 3894 2596 3961 naturale,
2626 3895 2768 3966 quod
2810 3905 2955 3952 esset
2995 3899 3264 3966 naturale;
3312 3915 3419 3956 non

1831 3998 1953 4039 esse
1981 3984 2369 4054 generationis,
2398 3985 2537 4055 quod
2568 3994 2713 4042 esset
2740 3988 3133 4057 generationis;
3162 4004 3268 4045 non
3297 4006 3423 4061 per-

1831 4076 2002 4132 tinere
2041 4075 2107 4131 ad
2152 4076 2513 4133 conditionem
2561 4087 2872 4149 parentum,
2923 4080 3063 4151 quod
3101 4081 3168 4136 ad
3216 4083 3423 4153 aliquos

1833 4182 1940 4223 non
1969 4168 2038 4224 ob
2066 4168 2211 4223 aliud
2241 4169 2555 4240 pertineret,
2599 4170 2701 4225 nisi
2731 4172 2851 4242 quia
2880 4171 3105 4228 fuissent
3131 4176 3422 4244 parentes?

1831 4260 1968 4318 Puto
1995 4260 2136 4332 quod
2160 4260 2386 4316 conficta
2416 4261 2551 4328 haec,
2582 4263 2752 4333 magis
2780 4280 2937 4334 quam
2966 4266 3034 4320 ab
3059 4266 3179 4321 ullis
3203 4265 3420 4322 defensa

1833 4353 2185 4423 mortalibus,
2215 4354 2502 4411 arbitretur
2538 4365 2785 4411 secutura
2814 4360 3108 4428 generatio.
3141 4359 3249 4414 Hos
3276 4361 3417 4415 enim

1832 4456 2065 4511 natatus,
2110 4456 2165 4502 et
2206 4447 2301 4502 has
2344 4463 2589 4513 nauseas,
2624 4456 2782 4519 atque
2821 4449 2920 4504 hos
2952 4451 3202 4518 vomitus,
3244 4459 3419 4505 vestra

1834 4541 1978 4596 natio
2021 4541 2259 4612 ﬁdesque
2304 4542 2615 4612 perpetitur,
2663 4542 2751 4612 qui
2799 4541 3004 4610 dicitis,
3052 4541 3170 4598 Non
3200 4551 3422 4614 possunt

1832 4645 2112 4705 parentum
2151 4647 2367 4707 peccata
2397 4635 2463 4690 ad
2496 4634 2632 4689 filios
2671 4635 2952 4691 decurrere
2994 4651 3091 4708 per
3132 4646 3376 4694 naturam
3402 4679 3419 4705 ,

1832 4730 1953 4800 quia
1980 4745 2067 4784 res
2091 4728 2293 4783 arbitrii
2326 4728 2617 4783 seminibus
2644 4744 2748 4783 non
2776 4728 3001 4799 ligatur;
3028 4729 3122 4785 sed
3145 4739 3419 4801 peccatum

1832 4821 1982 4886 Adae,
2012 4820 2151 4890 quod
2190 4819 2257 4874 de
2294 4820 2566 4875 voluntate
2602 4830 2921 4892 conceptum
2965 4831 3083 4888 est,
3133 4824 3323 4879 transit
3370 4825 3421 4881 in

1832 4929 2021 4970 omnes
2052 4914 2296 4968 homines
2324 4929 2419 4983 per
2445 4921 2710 4980 naturam,
2749 4915 2869 4985 quia
2916 4932 3003 4973 res
3027 4917 3232 4973 arbitrii
3258 4918 3421 4973 semi-

1833 5008 1990 5063 nibus
2022 5007 2219 5079 illigata
2248 5015 2331 5062 est
2361 5026 2374 5062 :
2407 5023 2512 5062 non
2539 5006 2754 5062 damnat
2780 5009 2941 5064 etiam
2983 5011 3123 5066 Deus
3158 5012 3295 5067 filios
3324 5029 3420 5082 pro

1833 5100 2065 5172 peccatis
2092 5109 2368 5170 parentum
2389 5140 2405 5164 ,
2445 5098 2567 5170 quia
2600 5114 2825 5154 summa:
2862 5101 3154 5171 iniquitatis
3194 5112 3296 5170 est,
3328 5104 3421 5159 sed

1830 5191 2050 5247 damnat
2077 5190 2207 5246 Adze
2233 5201 2479 5262 posteros
2522 5200 2740 5261 propter
2779 5202 3055 5263 peccatum
3098 5204 3418 5264 parentum,

1831 5287 1972 5360 quod
1998 5287 2142 5343 nulla
2169 5287 2561 5359 potestjustitia
2594 5286 2853 5341 vindicari
2887 5304 2900 5342 :
2930 5302 3035 5343 non
3071 5289 3293 5358 pertinet
3329 5305 3422 5358 po-

1831 5390 2034 5437 stremo
2083 5380 2149 5435 ad
2198 5379 2561 5437 conditionem
2606 5380 2987 5451 generationis,
3038 5382 3160 5450 quia
3220 5380 3274 5434 hi
3328 5382 3419 5452 qui

1831 5474 2085 5545 conjuges
2130 5482 2291 5539 sunt,
2342 5470 2477 5528 fiunt
2517 5481 2796 5544 parentes;
2843 5473 2984 5544 quod
3025 5488 3131 5528 non
3168 5472 3239 5528 ob
3277 5474 3419 5529 aliud

1832 5566 2087 5639 pertinuit
2110 5565 2174 5621 ad
2204 5565 2396 5631 Adam,
2426 5566 2531 5623 nisi
2551 5569 2673 5637 quia
2701 5564 2930 5637 coniugii
2970 5566 3086 5637 lege
3125 5568 3418 5637 generavit.

1832 5660 2065 5720 Hoccine
2107 5676 2321 5718 cursum
2359 5661 2660 5735 gubernare
2701 5670 2803 5730 est,
2835 5675 2904 5716 an
2942 5660 3168 5717 natare?
3197 5658 3422 5720 hoccine

1896 5846 1915 5879 ⁸
1953 5845 2027 5896 Sic
2047 5851 2154 5895 Mss.
2181 5848 2237 5894 At
2256 5840 2590 5903 Vign.,trade.

1748 5975 1752 5981 _
1776 5956 1818 5998 ὁ
1896 5907 1971 5973 (a)
2006 5907 2122 5959 Vide
2143 5900 2415 5970 supraﬂib.
2439 5905 2504 5956 de
2526 5904 2680 5956 Gratia
2695 5900 2887 5969 Christi,
2911 5916 2996 5957 nn.
3020 5902 3102 5966 46,
3117 5902 3201 5959 47,
