3996 6486
571 428 716 488 1279

571 546 804 620 antiquis
829 544 1140 603 criminibus
1177 543 1522 617 impleantur.

641 641 779 696 Avo.
829 637 1110 707 Quomodo
1156 636 1456 693 diceremus
1510 632 1682 706 gratia
1724 630 2004 704 justiiicari
2031 671 2048 697 ,
2109 630 2161 687 id

573 741 692 802 est,
731 733 908 804 justos
949 731 1104 799 fieri,
1135 730 1182 786 si
1224 744 1450 802 capaces
1476 727 1688 784 virtutis
1726 725 1971 783 homines
1995 739 2160 796 nega-

571 841 752 882 remus
771 825 796 880 ?

639 917 830 974 LXXI.
860 917 978 975 JUL.
1009 917 1248 986 Quorum
1273 923 1451 972 tamen
1478 913 1740 970 scelerum
1767 912 1875 968 vim
1900 953 1916 980 ,
1949 925 2054 968 non
2079 924 2162 966 so-

575 1010 684 1065 lum
705 1026 771 1065 ex
781 1011 1060 1081 pultricem
1084 1008 1403 1064 innocentiae
1424 1005 1708 1072 naturalis,
1737 1001 2118 1061 commentaris
2143 1018 2158 1067 ;

575 1117 756 1158 verum
783 1103 943 1158 etiam
975 1102 1229 1172 deinceps
1259 1116 1356 1173 per
1393 1108 1561 1156 totam
1599 1097 1762 1153 vitam
1790 1097 1842 1152 iu
1872 1097 2000 1152 vitia
2043 1094 2164 1150 uni-

571 1208 724 1247 versa
751 1194 1090 1249 coactriccm.

641 1287 775 1343 Atio.
802 1287 904 1343 Per
931 1287 1024 1343 Dei
1045 1286 1267 1359 gratiam
1306 1284 1582 1353 minuitur,
1607 1299 1705 1356 per
1728 1282 1823 1340 Dei
1843 1281 2067 1355 gratiam
2096 1281 2160 1337 ﬂ-

571 1379 715 1434 nitur
761 1381 1054 1436 necessitas
1095 1389 1275 1436 nostra
1310 1397 1323 1435 :
1353 1395 1459 1435 non
1490 1379 1507 1411 ¹
1536 1378 1623 1434 hic
1661 1375 1820 1434 habet
1858 1375 2000 1448 quod
2040 1384 2162 1447 agat

570 1467 864 1544 loquacitas
889 1484 1087 1530 vestra.

644 1566 854 1622 LXXII.
901 1567 1019 1623 Jun.
1051 1567 1221 1637 Quam
1251 1565 1438 1638 :legem
1477 1563 1638 1620 etiam
1682 1563 1887 1635 peccati
1931 1561 1986 1617 in
2030 1561 2162 1618 Pro-

575 1658 753 1728 phetis
796 1667 852 1714 et
895 1659 1166 1738 Apostolis
1203 1659 1312 1729 jam
1349 1673 1541 1728 magno
1569 1671 1778 1712 morum
1809 1663 1863 1710 et
1887 1655 2159 1726 signorum

573 1751 778 1823 fulgore
821 1753 1124 1824 conspicuis
1150 1754 1196 1819 ‘,
1229 1761 1284 1808 et
1310 1760 1430 1823 post
1459 1752 1600 1806 illam
1627 1750 1849 1821 gratiam
1878 1749 2159 1820 mysterio-

573 1848 692 1898 rum
750 1841 984 1908 Christi,
1031 1859 1189 1914 quam
1241 1851 1298 1897 tu
1341 1842 1426 1898 his
1478 1841 1726 1897 omnibus
1769 1839 2034 1911 dogmatis
2085 1839 2161 1895 tui

568 1932 781 2005 flagitiis
818 1932 1066 2005 opitulari
1108 1942 1301 2005 putas,
1351 1932 1614 1988 mansisse
1643 1938 1700 1988 et
1739 1930 1970 2003 viguisse
2010 1929 2160 2001 deju-

565 2039 657 2080 ras
686 2025 727 2079 ³.

641 2117 779 2173 Avo.
805 2115 1120 2189 Susceptam
1153 2127 1295 2172 tuam
1335 2116 1632 2184 libidinem,
1667 2114 1768 2171 hoc
1796 2122 1879 2174 est
1905 2111 2160 2184 concupi-

567 2210 827 2264 scentiam
869 2210 1046 2265 carnis
1093 2209 1542 2279 concupiscentiae
1586 2207 1804 2277 spiritus
1851 2219 2158 2275 repugnan-

566 2307 674 2355 tem
699 2342 714 2366 ,
753 2300 1035 2372 Propheta:
1079 2309 1134 2356 et
1175 2300 1415 2372 Apostoii
1471 2298 1701 2354 fideliter
1739 2297 2155 2368 expugnabant,

565 2393 689 2463 quia
717 2408 822 2447 non
849 2393 1154 2448 laudabant.

640 2483 877 2539 LXXIII.
921 2483 1039 2540 Jun.
1073 2483 1334 2553 Quoniam
1378 2491 1604 2538 conatus
1645 2480 1966 2538 omnimodre
1993 2481 2162 2538 hone-

567 2579 722 2631 statis
787 2576 1115 2648 exstinguit;
1164 2577 1414 2648 quoniam
1476 2591 1684 2632 morum
1735 2574 2156 2642 obseenitatem,

565 2680 789 2739 operum
830 2668 965 2736 Dei,
1015 2667 1068 2724 id
1108 2675 1191 2724 est
1232 2675 1434 2723 natura:
1461 2666 1708 2722 humana:
1732 2708 1748 2734 ,
1776 2666 2081 2722 consolatur
2105 2673 2161 2722 et

567 2770 726 2833 auget
753 2760 999 2828 infamia;
1029 2762 1282 2832 quoniam
1309 2762 1486 2816 omnia
1526 2760 1776 2816 mandata
1803 2759 1954 2830 legis,
1986 2761 2156 2816 reatui

567 2852 1030 2924 impossibilitatis,
1061 2853 1113 2909 id
1133 2864 1236 2920 est,
1265 2853 1556 2924 iniquitatis
1584 2853 1801 2908 addicit.

639 2947 777 3003 Anc.
809 2946 910 3016 Qui
937 2945 1084 3011 dicit,
1121 2945 1244 3000 Non
1271 2945 1406 3017 quod
1441 2946 1576 3012 volo,
1613 2961 1751 3016 ago;
1779 2944 1867 3000 sed
1885 2944 2022 3014 quod
2048 2945 2155 3014 odi,

566 3041 700 3096 illud
727 3041 861 3116 facio
889 3041 1069 3111 (Rom.
1096 3057 1191 3108 vn,
1224 3040 1332 3112 15),
1383 3039 1786 3111 possibilitatem
1819 3039 2158 3110 perfectionis

567 3149 679 3190 suae
718 3133 772 3189 in
802 3134 897 3190 Dei
923 3135 1088 3206 gratia
1116 3133 1300 3204 ponit,
1327 3141 1511 3189 contra
1538 3147 1668 3198 vos;
1702 3147 1804 3186 non
1834 3132 1888 3186 in
1917 3145 2010 3187 sua
2045 3131 2157 3186 vir-

566 3239 678 3287 tute
706 3229 946 3298 coniidit,
977 3245 1044 3286 ne
1074 3229 1142 3285 sit
1166 3243 1334 3284 vanus
1363 3237 1420 3284 ut
1448 3242 1564 3282 vos.

636 3323 873 3380 LXXIV.
907 3322 1028 3378 Jun.
1067 3322 1326 3390 Quoniam
1365 3335 1471 3376 non
1516 3319 1692 3375 minus
1731 3317 1890 3374 habet
1930 3317 2157 3388 turpitu-

565 3415 708 3472 dinis
751 3431 910 3487 quam
955 3415 1330 3487 profanitatis,
1375 3429 1496 3470 cum
1553 3426 1651 3484 pro
1702 3411 1924 3467 summis
1975 3426 2156 3466 asser-

561 3508 723 3564 tionis
763 3521 874 3563 sua:
919 3507 1241 3564 testimoniis
1283 3505 1597 3579 genitalium
1642 3503 1902 3575 pudorem
1945 3503 2155 3575 ample-

559 3606 720 3654 xatur
741 3616 776 3672 ε,

635 3693 771 3748 Anc.
813 3689 931 3746 Non
973 3689 1340 3763 amplexamur
1373 3686 1682 3760 genitalium
1725 3685 2025 3757 pudorem:
2060 3684 2154 3741 sed

561 3783 741 3856 potius
768 3781 942 3854 pudor
961 3781 1061 3836 iste
1085 3781 1226 3836 unde
1252 3780 1344 3848 sit,
1371 3778 1512 3850 quod
1533 3791 1628 3832 vos
1656 3791 1762 3833 non
1791 3776 1970 3842 vultis,
1994 3790 2157 3845 agno-

563 3875 784 3932 scimus.
827 3872 1092 3929 Audimus
1138 3874 1280 3929 enim
1334 3871 1621 3941 Scriptum
1663 3867 2154 3924 manifestissimum

561 3965 972 4023 testimonium:
1005 3974 1192 4021 contra
1241 3963 1383 4036 quod
1425 3978 1521 4018 vos
1566 3961 1984 4028 obsurdescitis,
2030 3976 2152 4017 cum

558 4057 933 4114 obmutescere
960 4054 1246 4112 deberetis.
1289 4054 1420 4123 Quis
1445 4055 1586 4109 enim
1631 4053 1851 4107 audiens
1894 4052 2035 4123 quod
2080 4052 2152 4107 illi

557 4148 717 4220 primi
744 4147 986 4202 homines
1011 4145 1135 4201 nudi
1173 4154 1358 4211 erant,
1389 4153 1442 4200 et
1469 4159 1575 4199 non
1605 4143 1835 4214 pudebat
1857 4157 1950 4198 eos
1976 4143 1996 4213 (
2021 4141 2150 4198 Gen.

557 4253 630 4302 11,.
648 4238 778 4310 25),
800 4252 907 4292 non
936 4235 1113 4292 videat
1142 4235 1282 4291 unde
1305 4236 1374 4290 sit
1399 4235 1617 4299 factum,
1650 4243 1705 4288 ut
1731 4242 1852 4306 post
1876 4243 2151 4304 peccatum

561 4330 790 4403 puderet
815 4343 910 4384 eos
954 4327 1125 4385 nudos
1165 4341 1303 4391 esse,
1335 4335 1389 4382 et
1416 4342 1479 4382 ea
1521 4325 1761 4382 membra
1790 4339 2016 4397 quorum
2055 4342 2154 4396 pu-

559 4423 732 4489 deret,
761 4421 1075 4477 festinarent
1098 4418 1462 4474 succinctoriis
1481 4416 1951 4488 qualibuscumque
1977 4416 2153 4473 velare

559 4513 683 4588 (Id.
710 4529 796 4578 iu,
829 4511 935 4586 7)?
960 4510 1065 4568 Sed
1122 4512 1365 4567 inventus
1401 4517 1486 4565 est
1521 4509 1702 4575 homo,
1729 4508 1819 4580 qui
1858 4508 2018 4563 etiam
2071 4516 2152 4564 ta-

562 4608 670 4664 lem
700 4605 970 4661 libidinem
992 4645 1008 4670 ,
1037 4604 1121 4659 cui
1169 4601 1567 4672 repugnandum
1599 4611 1682 4657 est
1710 4615 1777 4656 ne
1799 4607 2069 4673 peccetur,
2097 4608 2153 4656 et

561 4697 713 4768 Cujus
738 4698 898 4752 etiam
931 4695 1264 4765 impudentes
1291 4693 1476 4766 pudet,
1508 4693 1560 4748 in
1593 4692 1838 4764 paradiso
1862 4693 2152 4748 constitue-

558 4800 662 4857 ret,
694 4789 902 4845 etiamsi
933 4788 1003 4844 ibi
1039 4801 1200 4843 nemo
1229 4795 1535 4856 peccasset;
1569 4801 1667 4841 nec
1692 4801 1813 4840 eum
1844 4785 1940 4840 ista
1971 4785 2152 4840 dicen-

560 4890 666 4938 tem
691 4889 850 4936 tantze
866 4895 929 4934 ae
947 4889 1051 4934 tam
1073 4879 1344 4948 sacrilega:
1365 4877 1715 4934 deformitatis
1737 4877 1977 4948 puderet.
2000 4876 2151 4947 Rogo

558 4981 611 5027 te
638 5013 651 5038 ,
677 4970 723 5026 si
753 4970 918 5026 libido
948 4971 1070 5035 ista,
1098 4979 1156 5024 ut
1179 4969 1469 5033 credimus,
1492 4970 1661 5024 solam
1690 4969 1783 5024 tibi
1814 4969 2006 5038 ingerit
2033 4984 2153 5024 mo-

561 5062 771 5118 lestiam
799 5060 1113 5125 resistendi,
1155 5060 1352 5115 nullam
1384 5075 1512 5115 vero
1538 5059 1754 5116 exhibet
1781 5059 2146 5126 voluntatem;

558 5173 656 5214 cur
677 5159 748 5225 ei,
776 5156 1020 5228 quamvis
1047 5155 1212 5220 falsae,
1239 5166 1343 5211 tam
1374 5169 1619 5226 magnam
1651 5152 1823 5210 laudis
1843 5154 2152 5225 persolven-

555 5249 680 5307 dam
701 5257 856 5320 putas
884 5263 1004 5304 esse
1036 5247 1376 5304 mercedem?

627 5340 839 5398 LXXV.
879 5339 997 5396 Jun.
1042 5339 1106 5394 Et
1135 5355 1230 5409 pro
1258 5337 1665 5395 auctoritatibus
1693 5335 1880 5403 sacris,
1913 5333 2011 5392 Dei
2039 5335 2150 5392 cri-

559 5435 936 5493 minationibus
962 5432 1326 5490 intumescit‘.

628 5529 764 5584 Atio.
805 5525 953 5583 Itane
989 5542 1122 5582 vero
1159 5540 1309 5582 sacra
1355 5525 1644 5582 auctoritas
1677 5540 1782 5580 non
1818 5533 1921 5590 est,
1949 5522 2148 5596 Corpus

556 5631 812 5678 mortuum
836 5631 910 5677 est
938 5629 1144 5694 propter
1171 5620 1468 5692 peccatum!
1491 5627 1548 5675 et
1572 5618 1669 5675 Dei
1693 5619 2017 5685 criminatio,
2039 5632 2146 5674 non

623 5760 640 5792 ⁸
664 5757 824 5810 Codex
845 5765 992 5818 Port.,
1015 5770 1122 5809 nec.

620 5823 643 5886 ε
674 5823 809 5886 aliti,
829 5819 1119 5886 conspicitis,
1139 5818 1464 5886 mentiantur
1486 5830 1550 5869 ex
1573 5825 1682 5870 Itss.

622 5880 1020 5952 tum;
1042 5892 1104 5952 At
1127 5891 1254 5952 κεεεν
1288 5880 1508 5952 dum:
1631 5940 1643 5952 .
1683 5945 1693 5952 ,
1864 5939 1875 5950 .

621 5946 647 5982 δ
665 5947 958 6012 Vignierius,
979 5943 1270 6000 inhumanis.
1290 5946 1457 6010 Aptius
1471 5950 1600 6006 Iss.,

1262 423 1507 484 OPERIS
1543 419 1958 481 turearncrt
1995 373 2269 478 comm
2307 419 2670 487 JULIANUM.
2704 425 2760 484 s.
2804 427 3169 487 aucusrnu

3708 441 3832 500 1280

2270 539 2504 597 laudatio
2524 551 2625 609 est,
2653 542 2934 615 Viviﬁcabit
2947 557 2993 602 et
3007 550 3244 604 mortalia
3264 566 3478 625 corpora
3496 561 3656 610 vestra
3669 555 3840 629 (Rom.

2270 634 2383 699 vin,
2409 634 2496 700 lo,
2526 635 2649 708 ll)?
2671 637 2805 694 Puto
2827 640 2967 711 quod
2998 657 3103 697 non
3133 645 3460 714 criminator,
3482 647 3576 703 sed
3603 649 3713 720 ipso
3734 651 3826 706 De)

2270 725 2460 795 plenus
2484 727 2577 783 Dei
2614 729 2930 798 prmdicator
2959 732 3073 790 haec
3107 734 3257 791 dixit.
3287 736 3387 794 Ubi
3422 740 3653 796 ostendit
3677 743 3827 800 Adam

2269 831 2375 872 non
2419 816 2497 873 sic
2537 833 2659 876 esse
2700 821 2922 886 factum,
2956 827 3402 895 quemadmodum
3433 829 3627 898 dicitis,
3653 842 3710 887 ut
3733 834 3828 890 sive

2267 920 2534 981 peccaret,
2561 913 2673 969 sive
2699 929 2804 969 non
2836 927 3100 986 peccaret,
3123 920 3412 976 moriturus
3437 932 3598 978 esset.

2340 1001 2573 1058 LXXVI.
2614 1004 2734 1061 Jun.
2777 1006 2832 1061 In
2863 1008 3016 1079 cujus
3045 1012 3328 1082 praeceptis
3356 1013 3827 1072 immoderationem

2267 1095 2597 1168 tyrannieam
2624 1115 2638 1152 :

2337 1188 2475 1246 Auc.
2517 1189 2851 1260 Preceptum
2890 1192 2983 1248 Dei
3029 1195 3365 1266 tyrannicum
3396 1211 3501 1252 non
3528 1205 3642 1263 est;
3674 1199 3758 1254 sed
3783 1209 3827 1254 ut

2267 1279 2568 1352 impleatur,
2614 1282 2726 1352 ipse
2767 1284 3038 1355 rogandus
3081 1296 3206 1341 est:
3239 1287 3340 1343 hoc
3377 1304 3473 1344 vos
3515 1303 3620 1346 non
3671 1291 3825 1356 vultis,

2266 1372 2388 1444 quia
2418 1373 2470 1428 in
2495 1373 2688 1429 virtute
2713 1386 2890 1432 vestra
2919 1378 3208 1434 confiditis.

2336 1465 2594 1523 LXXVII.
2635 1468 2754 1525 ιω..
2797 1469 2852 1524 In
2879 1471 3095 1540 judiciis
3139 1472 3470 1544 iniquitatem
3520 1473 3825 1532 barbaram:

2337 1561 2473 1618 Auc.
2513 1561 2773 1632 Quoniam
2825 1565 2917 1620 Dei
2975 1581 3078 1620 non
3131 1577 3216 1622 est
3265 1568 3500 1639 iniquum
3547 1568 3826 1639 judicium,

2264 1651 2386 1708 ideo
2431 1654 2482 1708 in
2531 1655 2746 1710 miseria
2785 1657 2996 1728 generis
3040 1657 3280 1728 humani,
3326 1675 3445 1731 qua:
3489 1661 3828 1732 incipitalle-

2265 1745 2407 1800 tibus
2435 1747 2777 1816 parvulorum
2799 1789 2813 1816 ,
2859 1750 3254 1821 agnoscendum
3295 1759 3379 1808 est
3424 1753 3685 1824 originale
3720 1769 3827 1825 pec-

2263 1847 2460 1892 catum.

2335 1927 2617 1985 LXXVIII.
2656 1930 2774 1988 Jun.
2816 1931 2874 1989 In
2912 1931 3231 2004 iuramentis
3274 1932 3561 1992 falsitatem
3600 1935 3829 2008 punicam

2263 2018 2440 2075 inesse
2465 2021 2764 2079 continuat.

2336 2114 2472 2172 Anc.
2514 2116 2779 2189 Numquid
2807 2118 3020 2190 quando
3044 2119 3187 2175 Deus
3209 2118 3360 2188 dicit,
3387 2120 3621 2176 Reddam
3652 2132 3829 2193 peccata

2263 2215 2466 2278 patrum
2494 2207 2546 2262 in
2571 2209 2728 2278 ﬁlios,
2757 2209 2948 2280 punice
2974 2211 3246 2282 loquitur?

2333 2297 2571 2357 LXXIX.
2612 2301 2731 2358 ιω..
2771 2303 3033 2371 Quoniam
3065 2319 3163 2375 pro
3197 2303 3650 2376 disputationibus
3675 2316 3724 2362 et
3748 2321 3830 2378 pro

2263 2395 2512 2452 omnibus
2559 2397 2904 2470 syllogismis,
2941 2397 3219 2453 Manichtei
3257 2398 3501 2454 innititur
3537 2400 3757 2455 somniis
3787 2409 3830 2456 et

2263 2483 2451 2542 furori.

2334 2579 2468 2636 Avo.
2509 2579 2621 2635 Nec
2645 2580 2967 2636 Manichaaus
2993 2589 3130 2646 erat,
3167 2596 3267 2638 nec
3292 2582 3610 2648 somniabat,
3646 2599 3739 2640 nec
3765 2585 3829 2638 fn-

2262 2669 2435 2738 rebat,
2471 2671 2584 2726 sive
2626 2672 2715 2744 qui
2759 2672 2913 2739 dixit,
2948 2670 3162 2727 Fuimus
3196 2681 3245 2727 et
3279 2689 3372 2728 nos
3400 2685 3582 2729 natura
3609 2676 3711 2744 ﬁlii
3736 2677 3830 2740 ira,

2262 2763 2393 2817 sicut
2420 2773 2467 2817 et
2492 2765 2658 2818 caeteri
2687 2762 2922 2838 (Ephes.
2948 2779 3005 2830 tt,
3029 2764 3064 2820 3
3084 2764 3104 2836 )
3127 2781 3140 2817 :
3166 2765 3278 2819 sive
3305 2765 3394 2836 qui
3421 2765 3574 2831 dixit,
3604 2785 3628 2819 ι
3659 2765 3831 2822 Omnes

2264 2854 2510 2911 homines
2533 2856 2634 2911 sub
2662 2867 2879 2926 peccato
2906 2857 3193 2920 nascimur,
3221 2873 3448 2928 quorum
3481 2858 3593 2928 ipse
3627 2869 3768 2914 ortus
3791 2859 3831 2915 in

2260 2946 2392 3002 vitio
2419 2955 2502 3003 est
2533 2966 2553 3000 ι
2585 2947 2949 3022 (Ambrosius,
2997 2949 3086 3004 lib.
3127 2949 3155 3004 l
3186 2949 3249 3004 de
3288 2948 3632 3019 Parnitcntia,
3676 2968 3781 3024 cap.
3805 2951 3834 3004 2

2260 3039 2341 3094 uel
2362 3040 2396 3095 5
2419 3039 2460 3108 ).

2332 3130 2547 3186 LXXX.
2587 3131 2706 3188 Jun.
2747 3131 2868 3188 Istae
2915 3143 3039 3189 sunt
3081 3149 3209 3205 ergo
3250 3149 3448 3202 causai,
3489 3150 3612 3206 qua:
3663 3150 3755 3191 nos
3791 3135 3834 3191 ir.

2259 3223 2713 3295 impugnationem
2753 3227 2877 3280 mali
2919 3227 3173 3284 naturalis
3207 3226 3524 3292 accendunt,
3554 3243 3679 3298 qua:
3703 3227 3811 3282 dedi

2257 3317 2410 3388 gnari
2436 3326 2489 3371 et
2513 3315 2790 3388 despicere
2815 3317 3012 3373 faciunt
3035 3319 3302 3374 consortia
3325 3318 3682 3388 perditorum.

2331 3411 2466 3468 Avo.
2529 3409 2632 3466 Tot
2687 3418 3062 3483 tantorumque
3117 3412 3396 3468 doctorum
3458 3413 3831 3468 catholicorum

2258 3502 2404 3574 pium
2435 3518 2756 3559 consensum
2801 3504 2948 3558 nullo
2979 3503 3161 3572 modo,
3200 3504 3301 3560 nisi
3342 3504 3614 3575 perditus,
3643 3504 3833 3560 diceres

2257 3596 2582 3651 consortium
2610 3595 2958 3666 perditorum.

2337 3686 2571 3746 LXXXI.
2611 3689 2732 3745 Jun.
2773 3689 2901 3756 Qua:
2930 3698 3186 3771 praestant
3225 3690 3392 3746 nihilo
3422 3691 3595 3763 magis
3630 3707 3725 3748 nos
3762 3701 3836 3747 to-

2258 3781 2364 3836 tius
2393 3781 2573 3836 mundi
2612 3780 2821 3852 fragore
2849 3782 3055 3850 terreri,
3094 3797 3250 3854 quam
3289 3783 3335 3838 si
3365 3784 3383 3816 ¹
3413 3782 3721 3840 videremus
3749 3783 3836 3838 tri-

2256 3875 2356 3930 stis
2403 3875 2568 3946 lupini
2613 3877 2798 3931 silvam
2849 3885 3128 3932 sonantem
3159 3879 3180 3910 ¹
3211 3877 3292 3932 vel
3324 3876 3617 3933 immundis
3645 3877 3834 3942 suibus,

2259 3969 2340 4025 vel
2370 3970 2542 4024 ventis
2571 3969 2896 4025 irruentibus
2930 3971 3274 4025 commoveri.

2327 4062 2465 4119 Atio.
2495 4061 2690 4116 Diil‘usa
2718 4071 2830 4116 toto
2850 4062 2980 4117 orbe
3005 4061 3264 4117 catholica
3294 4061 3556 4130 Ecclesia,
3581 4079 3702 4135 qua:
3724 4078 3841 4136 pru-

2256 4155 2446 4212 denter
2474 4155 2750 4212 exborruit
2779 4171 2870 4210 ora
2901 4166 3097 4221 vestra,
3127 4171 3231 4210 non
3261 4165 3344 4212 est
3374 4157 3536 4228 lupini
3566 4159 3723 4225 silva,
3751 4156 3838 4214 sed

2256 4263 2376 4305 esse
2399 4248 2568 4304 voluit
2589 4263 2619 4302 a
2647 4249 2840 4319 lupinis
2864 4249 3129 4305 morsibus
3155 4259 3286 4304 tuta.

2328 4339 2588 4396 LXXXII.
2628 4339 2747 4396 ιω..
2789 4341 2928 4412 Ergo
2959 4341 3125 4397 Deum
3153 4351 3208 4398 et
3229 4343 3430 4412 justum
3465 4352 3518 4400 et
3557 4345 3707 4416 pium
3735 4358 3838 4400 oro-

2256 4429 2430 4486 dimus
2459 4442 2509 4486 et
2535 4445 2796 4498 veracem,
2826 4447 2889 4487 ac
2916 4447 3012 4502 per
3039 4431 3142 4488 hoc
3171 4432 3302 4488 nihil
3333 4434 3667 4504 impossibile
3694 4451 3841 4490 man-

2255 4523 2412 4579 dasse
2457 4523 2627 4594 legem
2674 4523 2787 4593 ejus
2832 4533 3094 4589 tenemus,
3124 4523 3253 4580 nihil
3297 4524 3485 4580 falsum
3523 4528 3842 4582 confirmare

2256 4615 2593 4681 testimonia,
2635 4614 2767 4670 nihil
2817 4614 3055 4686 iniquum
3097 4619 3438 4686 pronuntiare
3481 4619 3726 4688 judicia:
3753 4617 3843 4675 sed

2255 4706 2426 4776 ipsum
2449 4721 2568 4762 esse
2593 4706 2864 4762 hominum
2888 4709 3240 4773 conditorem,
3271 4725 3406 4780 quos
3433 4711 3562 4765 nulli
3589 4711 3612 4743 ³
3637 4713 3843 4768 crimini

2255 4800 2516 4855 obnoxios
2545 4809 2710 4866 creat,
2735 4816 2919 4855 verum
2950 4800 3137 4869 plenos
3166 4802 3380 4873 quidem
3416 4803 3726 4862 innocentia
3754 4820 3846 4861 na-

2255 4892 2436 4959 turali,
2463 4893 2876 4948 voiuntariarum
2903 4901 3079 4948 autem
3107 4894 3360 4950 virtutum
3385 4909 3631 4966 capaces.

2327 4987 2462 5040 Anc.
2504 4983 2656 5041 Unde
2684 4999 2812 5055 ergo
2837 4999 2942 5038 non
2972 4985 3328 5053 exsufﬂatam,
3353 5002 3456 5042 non
3487 4988 3846 5044 exorcizatam

2257 5077 2536 5148 imaginem
2567 5090 2718 5132 suam
2747 5091 2853 5130 non
2879 5076 3111 5132 admittit
3137 5076 3205 5133 ad
3233 5078 3394 5134 vitam
3419 5095 3569 5136 suam
3590 5081 3616 5135 ?
3639 5082 3850 5137 Siccine

2255 5185 2461 5226 merces
2501 5169 2817 5224 innocentiae
2862 5169 3142 5225 redditur?
3167 5172 3248 5226 An
3289 5172 3465 5244 potius
3500 5175 3852 5243 generatione

2255 5272 2434 5320 reatus
2477 5261 2500 5294 ⁸
2539 5271 2837 5328 attractus,
2885 5279 3057 5333 neque
3108 5266 3508 5336 regeneratione
3555 5267 3853 5334 dimissus,

2249 5358 2394 5430 juste
2423 5367 2610 5431 negata
2629 5358 2758 5426 vita,
2783 5367 2954 5413 morte
2978 5368 3338 5431 consequente
3359 5361 3573 5431 punitur
3589 5361 3616 5416 ?
3637 5361 3851 5418 Aliena-

2318 5515 2339 5589 ξ
2363 5514 2694 5589 ξίβῃηριιαεξ.
2719 5521 2847 5589 3155:,
2870 5512 3088 5589 opuntii.

2318 5580 2339 5610 ¹
2363 5575 2510 5636 Εᾱῖιὶέ
2525 5575 2779 5629 tetrantem.
2809 5575 2978 5628 Verius
3000 5584 3128 5638 Mss.,
3148 5582 3410 5628 sonantem.
3434 5575 3612 5629 alludit
3634 5577 3856 5630 ιωίωω

2253 5640 2311 5692 ad
2335 5640 2512 5705 Virgilii
2535 5648 2706 5704 Georg.
2732 5639 2817 5688 lib.
2854 5640 2898 5697 i,
2925 5652 3037 5690 vers
3067 5640 3145 5700 75,
3168 5639 3231 5688 76
3255 5653 3268 5689 :

2410 5733 2500 5776 aut
2519 5731 2702 5786 tenues,
2718 5724 2848 5774 fetus
2871 5723 3022 5786 viciae,
3049 5723 3298 5786 tristisque
3320 5720 3470 5786 lupini

2407 5786 2665 5839 Sustuleris
2685 5785 2883 5850 fragiles
2897 5784 3106 5836 calamos
3125 5784 3393 5850 silvamque
3415 5790 3699 5840 sonantem.

2319 5875 2341 5908 ³
2364 5873 2521 5934 vign.,
2545 5868 2691 5920 nullo.
2717 5877 2845 5930 Mss"
2873 5867 3012 5920 nulli.

2318 5937 2342 5969 δ
2375 5933 2472 5984 ttoc
2499 5933 2622 5995 loco,
2641 5939 2819 5985 reatus.
2841 5934 3114 5986 restituitur
3131 5943 3192 5984 ex
3209 5939 3318 5986 Ias.
