3950 6528
104 427 230 488 1281

103 552 178 596 tos
205 540 408 610 quippe
433 554 466 595 a
494 537 601 595 vita
622 537 716 594 Dei
741 536 1035 594 detestatus
1055 536 1341 607 Apostolus
1365 549 1472 592 non
1503 534 1697 592 fuisset

103 628 317 702 (Ephes.
343 645 424 696 tv,
449 631 560 700 I8),
584 631 629 686 si
656 645 813 701 pinna
842 629 984 686 nulla
1015 639 1179 686 esset.

165 723 460 781 LXXXIII.
499 723 619 780 ιω..
659 724 864 793 Quibus
903 723 1142 780 collectis
1181 723 1406 780 alterum
1453 729 1698 778 teneatur

100 831 321 874 necesse
350 828 437 873 est
461 834 527 874 ex
559 817 767 874 duobus
796 836 812 874 :
841 817 1121 886 videlicet,
1150 827 1208 873 ut
1236 827 1326 873 aut
1355 818 1477 872 talis
1515 815 1705 873 creda-

102 921 179 965 tur
216 910 383 976 Deus,
419 910 628 982 qualem
659 910 914 982 conﬁngit
945 910 1310 966 Traducianus
1340 909 1700 978 Manichmus;

101 1013 184 1057 aut
210 1002 342 1057 talis
371 1003 684 1074 intelligaris
707 1001 828 1058 cum
852 1003 1098 1059 omnibus
1119 1004 1208 1075 qui
1235 1005 1289 1059 in
1312 1003 1544 1060 traducis
1571 1003 1706 1059 scita

103 1093 435 1162 concedunt,
469 1095 675 1165 qualem
706 1094 1050 1166 depreeliatur
1078 1095 1367 1151 honoratus
1395 1097 1554 1150 Deus.
1584 1094 1704 1151 Non

103 1197 273 1241 autem
301 1196 480 1257 potest
501 1201 619 1242 esse
641 1187 780 1243 Deus
824 1187 966 1255 talis,
1011 1187 1224 1259 qualem
1252 1187 1572 1242 Manichatus
1612 1201 1702 1242 so-

105 1281 302 1346 mniat;
335 1279 436 1336 sed
482 1289 566 1335 est
609 1280 746 1350 pius,
788 1277 985 1350 justus,
1015 1288 1069 1335 et
1114 1295 1273 1335 verus
1303 1280 1467 1345 Deus,
1491 1280 1702 1349 qualem

104 1373 278 1426 omnis
303 1381 494 1427 sancta
521 1372 815 1442 Scriptura,
840 1372 1016 1427 omnis
1043 1371 1132 1428 lex
1157 1382 1211 1428 et
1242 1371 1372 1427 ﬁdes
1395 1381 1576 1428 nostra
1605 1387 1703 1428 ve-

107 1472 343 1519 neratur.
373 1465 453 1519 Ac
482 1479 578 1534 per
606 1463 728 1530 hoc,
759 1463 861 1518 hoc
896 1471 980 1520 est
1009 1474 1156 1519 tuum
1196 1463 1390 1535 dogma
1413 1464 1450 1530 ⁸,
1475 1462 1617 1534 quod
1647 1470 1706 1518 ut

107 1570 220 1610 eum
279 1555 378 1610 Dei
439 1555 627 1626 injuria
676 1555 998 1626 suscipitur,
1045 1557 1118 1613 ita
1164 1573 1287 1613 cum
1333 1557 1450 1629 ejus
1500 1557 1704 1613 honore

107 1649 423 1706 destruitur.

172 1743 312 1797 Anc.
353 1741 411 1797 Si
461 1742 604 1813 pium
643 1741 810 1798 Deum
857 1741 1096 1811 sentitis,
1141 1757 1308 1814 quare
1347 1743 1701 1810 Salvatorem,

111 1834 205 1889 hoc
233 1843 342 1901 est,
375 1834 562 1890 Jcsum
592 1851 622 1890 a
654 1835 889 1906 parvulis
929 1836 1090 1905 impie
1135 1836 1464 1906 prohibetis?
1509 1835 1566 1892 Si
1611 1837 1702 1906 ju-

110 1938 267 1994 stum,
300 1945 472 1999 quare
513 1945 671 1999 grave
709 1944 870 2000 super
909 1929 1156 2000 parvulos
1189 1930 1372 2000 jugum
1402 1930 1519 1985 sine
1547 1929 1704 1986 ullius

114 2019 310 2090 peccati
364 2021 575 2076 meritis
620 2020 876 2076 creditis?
917 2019 974 2077 Si
1020 2036 1228 2086 verum,
1261 2036 1424 2092 quare
1467 2020 1701 2090 dicenti,

114 2109 339 2164 Reddam
367 2111 426 2165 in
450 2111 587 2181 [ilics
616 2120 819 2182 patrum
849 2123 1074 2182 peccata,
1101 2128 1205 2167 non
1235 2111 1491 2167 creditis?

174 2202 468 2258 LXXXIV.
499 2203 618 2260 IUL.
644 2203 880 2275 Tempus
907 2213 990 2260 est
1014 2214 1075 2281 ut
1099 2203 1166 2259 ad
1196 2203 1297 2258 alia
1331 2213 1701 2261 transeamus:

115 2297 198 2353 sed
220 2298 465 2367 reposcit
486 2313 517 2350 a
540 2289 898 2352 nobis'causze
931 2296 1182 2366 dignitas,
1207 2305 1264 2350 ut
1298 2297 1458 2352 etiam
1493 2312 1554 2351 ea
1585 2312 1704 2366 qua:

113 2389 365 2458 superiori
388 2388 528 2443 libro
550 2397 798 2459 putamus
819 2387 1202 2458 praetermissa,
1226 2386 1528 2442 reddamus.
1548 2386 1704 2453 Quod

114 2481 320 2554 quidem
351 2482 594 2553 prudens
632 2482 799 2536 lector
827 2494 1281 2551 supervacaneum
1312 2479 1530 2536 forsitan
1557 2479 1702 2550 judi-

114 2574 282 2630 cabit:
313 2583 495 2629 tamen
524 2573 775 2644 quoniam
801 2580 1132 2643 compertmn
1159 2581 1264 2638 est,
1291 2587 1470 2626 rerum
1492 2571 1704 2641 pericu-

115 2664 172 2718 lis
193 2663 494 2735 depositam
525 2678 742 2719 causam
776 2664 938 2718 etiam
973 2663 1176 2718 levibus
1214 2661 1512 2728 inhzerere;
1539 2676 1702 2732 opera

113 2764 208 2822 est,
237 2755 437 2826 quibus
460 2755 710 2826 praesidia
737 2755 1038 2820 sustuleris,
1062 2752 1275 2808 auferre
1297 2753 1506 2809 solatia.

177 2848 313 2904 Ave.
351 2847 618 2916 Quoniam
661 2847 713 2901 in
754 2847 858 2901 alia
901 2846 1126 2900 transire
1169 2843 1400 2913 coepisti,
1425 2844 1533 2914 jam
1561 2843 1705 2914 quod

112 2939 363 3006 superius
382 2938 744 3007 promisimus,
763 2937 1021 2992 debemus
1040 2935 1344 3002 ostendere,
1369 2935 1702 3006 prophetiam

112 3031 329 3086 scilicet
358 3029 667 3096 Ezechielis,
695 3046 798 3101 qua
835 3029 1028 3085 dicitur
1065 3037 1274 3098 patrum
1318 3028 1372 3083 in
1410 3028 1548 3084 ﬁlios
1577 3043 1702 3099 pec-

112 3132 235 3178 cata
267 3137 371 3178 non
409 3123 577 3190 reddi,
605 3122 742 3177 sicut
771 3121 1002 3177 ﬁliorum
1038 3135 1146 3175 non
1182 3119 1480 3176 redduntur
1515 3120 1569 3174 in
1613 3134 1704 3190 pa-

116 3224 245 3281 tres,
266 3215 336 3269 ad
357 3214 854 3286 przenuntiationem
876 3212 1144 3283 pertinere
1166 3210 1501 3267 revelationis
1517 3210 1704 3266 Testa-

113 3305 276 3361 menti
323 3307 470 3362 novi.
505 3306 641 3361 Dicit
679 3306 822 3362 enim
873 3305 976 3360 tale
1016 3304 1213 3376 aliquid
1255 3305 1414 3360 etiam
1446 3303 1704 3374 propheta

113 3396 389 3464 leremias,
422 3407 480 3453 et
505 3397 578 3454 ibi
605 3397 747 3453 unde
773 3397 875 3453 hoc
902 3397 1108 3452 dicatur
1133 3397 1382 3452 illustrat.
1403 3397 1535 3452 Nam
1563 3399 1705 3454 inter

116 3501 296 3546 cetera
323 3509 337 3545 :
361 3488 698 3556 Convertere,
745 3490 936 3560 inquit,
979 3490 1119 3562 virgo
1157 3488 1341 3556 Israel,
1371 3500 1617 3544 revertere
1647 3491 1705 3546 in

118 3584 329 3637 ciuitates
369 3593 488 3637 tuas
527 3584 703 3654 lugens
726 3597 746 3636 :
763 3597 929 3652 usque
955 3597 1054 3652 quo
1082 3582 1317 3636 averteris
1346 3582 1456 3651 ﬁlia
1481 3581 1702 3637 inhono-

121 3676 258 3730 rata?
287 3674 547 3743 Quoniam
591 3675 775 3728 creavit
800 3673 1050 3729 Dominus
1092 3674 1306 3728 salutem
1341 3675 1395 3728 in
1429 3675 1705 3752 plantatio-

120 3784 220 3820 κω
243 3783 454 3831 novam,
476 3768 530 3821 in
560 3783 658 3836 qua
682 3767 844 3822 salute
868 3767 1149 3821 circuibunt
1176 3768 1422 3823 homines.
1454 3768 1544 3824 Sic
1572 3769 1705 3824 dixit

120 3857 361 3914 Dominus
381 3875 402 3913 :
424 3858 610 3913 Adhuc
639 3858 805 3914 dicent
831 3858 1035 3914 verbum
1062 3859 1158 3915 hoc
1201 3861 1254 3914 in
1293 3869 1427 3915 terra
1462 3860 1624 3925 Iuda,
1654 3869 1704 3916 et

122 3950 174 4004 in
193 3953 298 4021 ejus
325 3952 631 4018 civitatibus,
660 3967 774 4005 cum
804 3952 1045 4006 revocabo
1070 3953 1410 4023 captivitatem
1437 3953 1566 4024 ejus,
1598 3952 1700 4008 Be-

120 4044 339 4098 nedictus
360 4042 614 4099 Dominus
641 4060 794 4115 super
811 4045 1008 4115 justum
1031 4053 1248 4098 montem
1275 4053 1502 4098 sanctum
1531 4061 1698 4100 suum.

118 4133 181 4188 Et
202 4136 288 4205 qui
316 4135 606 4190 inhabitant
630 4135 686 4190 in
703 4135 891 4190 Judwa
916 4144 965 4190 et
994 4137 1048 4190 in
1086 4137 1222 4190 omni
1259 4136 1457 4191 civitate
1492 4137 1602 4208 ejus
1628 4137 1703 4192 si-

117 4226 216 4280 mul
239 4242 358 4281 cum
392 4224 646 4298 agricola,
684 4236 731 4280 et
777 4226 982 4280 tolletur
1022 4226 1076 4280 in
1116 4241 1300 4298 grege;
1333 4227 1569 4296 quoniam
1597 4228 1705 4282 ine-

116 4317 265 4372 briari
308 4334 511 4372 omnem
556 4317 780 4371 animam
825 4317 1099 4384 sitientem,
1145 4325 1190 4371 et
1238 4333 1436 4371 omnem
1481 4317 1705 4372 animum

115 4409 405 4465 esurientem
445 4409 648 4463 satiari.
689 4407 912 4477 Propter
954 4408 1050 4462 hoc
1097 4408 1375 4474 exsurrexi,
1411 4417 1459 4462 et
1503 4409 1624 4475 vidi,
1657 4419 1706 4462 et

114 4517 316 4556 mus
341 4516 487 4555 meus
510 4498 676 4554 dulcis
701 4499 826 4552 mihi
854 4499 1020 4568 [actus
1045 4507 1136 4553 est.
1161 4496 1446 4569 Pr0pterea
1469 4515 1579 4554 ecce
1597 4499 1704 4555 dies

116 4592 334 4658 veniunt,
357 4591 482 4645 dicit
510 4589 782 4656 Dominus,
810 4599 856 4644 et
885 4591 1139 4644 semiuabo
1168 4588 1333 4644 Israel
1357 4598 1406 4644 et
1431 4589 1462 4643 .l
1471 4592 1593 4658 uda,
1620 4607 1704 4646 se-

118 4700 226 4737 men
257 4683 481 4737 hominis
521 4693 572 4736 et
611 4699 783 4738 semen
821 4683 1035 4753 pecoris.
1063 4679 1132 4735 Iit
1159 4682 1255 4736 erit
1281 4686 1410 4735 sicut
1435 4683 1703 4754 vigilabant

115 4791 261 4844 super
300 4791 387 4829 eos
429 4775 680 4845 deponere
719 4782 767 4827 et
798 4774 1035 4845 aﬁligere,
1067 4773 1138 4826 ita
1171 4772 1386 4844 vigilabo
1428 4789 1579 4844 super
1621 4791 1705 4830 eos

113 4866 366 4934 ludiﬁcare
399 4875 450 4921 et
484 4867 852 4936 complautare,
876 4865 996 4919 dicit
1022 4864 1288 4920 Dominus.
1313 4864 1382 4920 In
1405 4865 1576 4921 diebus
1600 4865 1705 4921 illis

111 4975 218 5011 non
242 4958 437 5024 dicent,
468 4956 652 5013 Patres
694 4958 1123 5012 manducaverunt
1165 4973 1314 5011 uvam
1357 4960 1618 5026 acerbam,
1659 4965 1706 5012 et

112 5052 283 5106 dates
310 5050 541 5120 ﬁliorum
576 5051 1092 5120 obstupuerunt:sed
1132 5053 1473 5123 unusquisque
1516 5053 1569 5107 in
1611 5069 1705 5107 suo

111 5154 316 5212 peccato
344 5144 614 5211 morietur,
637 5152 683 5198 et
702 5145 723 5175 ²
746 5143 857 5215 ejus
879 5143 965 5211 qui
986 5143 1362 5198 manducaverit
1387 5160 1536 5198 uvam
1561 5160 1706 5199 acer-

107 5236 252 5300 bam,
271 5234 606 5305 obstupebunt
632 5234 808 5289 dentes
830 5234 1010 5305 ipsius.
1034 5233 1235 5305 Nempe
1263 5234 1602 5290 manifestum
1623 5244 1708 5292 est

110 5326 225 5383 hoc
263 5329 330 5382 ad
374 5327 493 5385 dies
537 5327 807 5398 pertinere
837 5328 1175 5399 plantationis
1203 5344 1375 5396 novae,
1403 5327 1472 5384 de
1497 5345 1620 5400 qua,
1648 5339 1709 5386 ut

105 5418 225 5474 hoc
261 5419 488 5486 diceret,
521 5419 840 5490 loquebatur
864 5438 879 5475 :
905 5417 997 5474 ubi
1021 5429 1077 5475 et
1103 5419 1232 5475 illud
1258 5435 1442 5476 semen
1477 5421 1707 5478 hominis

103 5522 164 5567 et
212 5528 395 5568 semen
445 5513 657 5584 pecoris
701 5513 844 5585 quod
884 5529 945 5569 se
980 5513 1119 5570 Deus
1155 5514 1540 5570 seminaturum
1586 5531 1707 5572 esse

100 5607 379 5676 promisit,
405 5606 753 5678 spiritualiter
777 5606 1130 5676 intellectum,
1155 5622 1252 5664 eos
1274 5607 1363 5677 qui
1394 5616 1630 5678 praesunt
1652 5616 1708 5664 et

174 5743 196 5774 ι
221 5745 514 5810 vignierius:
536 5754 605 5810 _.4c
629 5757 716 5805 per
732 5743 837 5807 hoc,
861 5747 934 5795 est
955 5748 1090 5795 tuum
1111 5743 1316 5810 dogma;
1337 5745 1514 5796 omisso
1529 5740 1704 5805 altero,

94 5805 221 5866 hoc,
243 5805 377 5868 quod
401 5814 510 5855 crat
531 5808 582 5856 in
603 5813 710 5858 Mss.

171 5870 197 5899 ι
222 5870 381 5917 verba
402 5869 510 5918 haec
526 5870 588 5936 in
601 5869 744 5918 editis
764 5870 958 5928 omissa,
983 5881 1304 5936 unusquisque
1321 5868 1376 5922 in
1405 5881 1492 5921 suo
1511 5873 1707 5934 peccato

96 5936 367 5994 War,
387 5936 454 5994 et,
472 5932 790 5984 restituuntur
813 5944 880 5984 ex
903 5939 1008 5985 Mss.

1450 417 1654 490 LIBER
1690 415 2008 476 TERTIUS.

3250 423 3391 483 1282

1808 547 1902 588 eos
1929 532 2020 604 qui
2047 543 2321 606 reguntur,
2348 534 2474 593 facit
2495 537 2733 608 agnosci.
2755 537 2860 595 Sed
2889 540 3012 611 quia
3039 539 3396 598 inveteratum

1807 634 1924 680 erat
1971 626 2025 682 in
2073 619 2322 684 cordibus
2366 629 2584 701 populi,
2629 631 2888 701 scriptum
2938 647 3058 689 esse
3107 633 3162 690 in
3211 644 3396 691 vetere

1807 719 2152 778 Testamento
2174 764 2191 792 ,
2235 723 2467 778 Reddam
2509 735 2716 796 peccata
2766 735 2970 798 patrum
3017 727 3074 781 in
3123 728 3257 797 ﬁlios
3282 743 3301 782 :
3329 742 3397 784 ne

1807 813 2084 884 quisquam
2108 813 2438 885 Scripturam
2460 817 2553 872 Dei
2580 832 2878 889 repugnare
2902 817 3002 874 sibi
3023 818 3394 888 arbitraretur,

1810 915 1868 960 ut
1908 907 2147 976 apertius
2189 907 2516 976 ostenderet,
2563 910 2693 965 illud
2738 910 2923 977 veteri,
2955 910 3058 966 hoc
3085 927 3224 966 novo
3263 928 3397 969 eon-

1807 1013 1999 1071 gruere
2023 1001 2383 1067 Testamento,
2407 1004 2662 1060 continuo
2689 1004 2965 1075 subiunxit
2988 1021 3001 1059 :
3028 995 3159 1060 Ecce
3184 1005 3290 1061 dies
3315 1023 3399 1062 ue-

1809 1091 1984 1157 niunt,
2028 1092 2148 1146 dicit
2181 1092 2450 1162 Dominus,
2480 1104 2525 1149 et
2554 1095 2912 1150 consummabo
2947 1095 3118 1150 domui
3152 1094 3318 1152 Israel
3353 1106 3401 1152 et

1810 1183 1984 1238 domui
1999 1183 2032 1238 .1
2041 1187 2143 1240 uda
2172 1184 2540 1242 Testamentum
2570 1203 2775 1256 novum,
2800 1205 2902 1243 non
2922 1188 3200 1243 secundum
3225 1187 3402 1243 Testa-

1809 1287 2027 1332 mentum
2050 1279 2186 1348 quod
2205 1279 2432 1350 disposui
2453 1281 2680 1352 patribus
2707 1297 2899 1346 eorum,
2920 1281 2975 1335 in
2995 1281 3078 1335 die
3094 1298 3194 1353 qua
3215 1298 3400 1352 appre-

1810 1371 1961 1425 hendi
1993 1387 2197 1425 manum
2216 1387 2410 1438 eorum,
2427 1382 2482 1425 ut
2511 1372 2771 1428 educerem
2797 1388 2880 1428 eos
2900 1372 2963 1427 de
2989 1382 3125 1427 terra
3152 1371 3396 1444 Aigyptt.

1809 1471 1915 1518 etc.
1944 1461 2155 1537 (Ierem.
2182 1479 2336 1532 χχχι,
2361 1463 2566 1531 21-52,
2595 1481 2694 1519 sec.
2719 1463 2884 1532 LXX,
2907 1481 3024 1535 cap.
3046 1464 3296 1536 XXXVIII).
3319 1463 3401 1519 Ad

1809 1554 1937 1610 illud
1976 1556 2134 1627 igitur
2159 1556 2560 1612 Testamentum
2599 1559 2873 1629 generatio
2914 1558 3174 1628 pertinet,
3201 1557 3268 1612 ad
3299 1558 3402 1613 hoc

1808 1656 1985 1703 autem
2012 1648 2350 1718 regeneratio
2377 1666 2390 1703 :
2421 1649 2561 1704 unde
2585 1649 2658 1704 ibi
2688 1657 2900 1720 peccata
2927 1658 3136 1721 patrum
3165 1648 3400 1705 reddun-

1810 1745 1897 1792 tur
1925 1738 1976 1793 in
2008 1737 2166 1804 ﬁlios,
2196 1739 2282 1794 hic
2311 1756 2442 1795 vero
2464 1740 2839 1818 generationis
2877 1741 3090 1796 vinculo
3119 1757 3216 1813 per
3242 1755 3398 1812 rege-

1808 1833 2140 1890 nerationem
2169 1835 2186 1865 ί
2214 1835 2413 1904 soluto,
2454 1851 2558 1890 non
2598 1834 2811 1903 dicitur,
2839 1833 3020 1890 Patres
3059 1835 3400 1890 manducaue-

1808 1934 1926 1980 runt
1954 1942 2098 1980 uvam
2128 1926 2390 1995 acerbam,
2430 1937 2478 1982 et
2520 1929 2692 1982 dentes
2737 1927 2964 1998 ﬁliorum
3003 1927 3402 1999 obstupuerunt;

1808 2018 1899 2073 sed
1923 2020 2030 2090 ejus
2067 2020 2153 2090 qui
2192 2020 2570 2075 manducauerit
2598 2035 2747 2074 uvam
2779 2018 3033 2088 acerbam,
3069 2019 3401 2092 obstupebunt

1810 2110 2024 2166 dentes:
2048 2112 2169 2180 quia
2219 2127 2327 2168 non
2371 2113 2425 2168 in
2471 2113 2660 2184 patris,
2690 2112 2786 2169 sed
2836 2112 2891 2167 in
2938 2128 3036 2168 suo
3083 2123 3322 2183 peccato,
3353 2112 3400 2169 si

1809 2197 2157 2270 commiserit,
2203 2205 2428 2275 quisque
2475 2205 2751 2260 morietur.
2782 2203 2862 2260 Tu
2889 2212 3067 2259 autem
3106 2220 3228 2260 cum
3273 2219 3400 2276 pro-

1813 2293 1987 2364 phetia
2019 2294 2108 2350 ubi
2135 2294 2349 2361 dicitur,
2380 2294 2503 2350 Non
2531 2296 2744 2367 accipiet
2779 2296 2920 2365 ﬁlius
2955 2306 3212 2367 peccatum
3239 2297 3400 2368 patris

1808 2388 1889 2440 sui
1914 2383 2298 2454 (Ezech.xvnt,
2321 2386 2438 2458 20),
2475 2401 2584 2442 non
2627 2386 2907 2442 ostendisti
2950 2385 3400 2457 quemadmodum

1807 2475 2081 2550 Scriptura
2115 2477 2404 2534 concordet
2440 2478 2529 2534 ubi
2564 2477 2780 2545 dicitur,
2806 2477 3040 2532 Reddam
3071 2489 3276 2544 peccata
3301 2496 3399 2550 pa-

1809 2576 1941 2623 trum
1965 2570 2019 2623 in
2048 2570 2184 2639 ﬁlios
2217 2568 2391 2642 (Deut.
2417 2585 2474 2639 v,
2497 2569 2574 2642 9).
2602 2571 2728 2626 Hmc
2753 2570 2949 2642 quippe
2986 2571 3128 2626 inter
3167 2585 3226 2628 se
3265 2587 3400 2627 con-

1809 2663 1971 2717 traria
2012 2664 2386 2732 remanebunt,
2423 2665 2524 2720 nisi
2563 2663 2755 2720 horum
2799 2665 3026 2720 duorum
3073 2665 3302 2736 singula,
3332 2665 3402 2722 ad

1807 2751 2148 2809 Testamenta
2195 2754 2404 2826 singula
2453 2753 2775 2822 referantur,
2820 2755 2965 2827 quod
3003 2755 3403 2815 evidentissima

1807 2843 2070 2901 Jeremias
2097 2845 2353 2917 propheta
2384 2847 2721 2904 monstravit.
3086 2879 3091 2884 -

1878 2935 2144 2992 LXXXV.
2184 2937 2302 2994 Jun.
2343 2938 2510 3010 Igitur
2535 2955 2655 2996 cum
2682 2939 3013 2997 venissemus
3038 2940 3177 3016 (Lib.
3196 2942 3254 3010 2,
3280 2959 3398 3017 cap.

1808 3026 1879 3084 56
1906 3028 2011 3100 sq.)
2041 3028 2107 3084 ad
2138 3029 2366 3102 apostoli
2397 3031 2542 3086 Pauli
2584 3033 2927 3101 sententiam,
2962 3049 3121 3105 quam
3156 3034 3401 3107 Scriptu-

1807 3137 1992 3177 rarum
2018 3123 2327 3193 expertibus
2351 3123 2722 3181 Traducianus
2748 3126 3026 3182 venditare
3051 3127 3239 3183 solitus
3258 3137 3396 3198 erat,

1809 3212 1862 3268 id
1891 3223 1990 3280 est,
2016 3212 2120 3269 Per
2144 3231 2302 3269 unum
2331 3216 2582 3270 hominem
2610 3227 2874 3287 peccatum
2915 3219 3119 3272 intravit
3157 3219 3211 3273 in
3247 3235 3398 3274 mun-

1807 3306 1930 3361 dum
1955 3306 2131 3380 (Rom.
2151 3306 2346 3378 v,12),
2375 3307 2587 3363 ostendi
2629 3310 2870 3376 primitus
2889 3311 2910 3341 ³
2928 3309 3095 3379 ipsius
3132 3310 3397 3367 sermonis

1810 3399 2137 3466 testimonio,
2184 3414 2216 3454 a
2267 3399 2368 3454 loci
2417 3399 2559 3455 illius
2609 3400 2784 3471 adytis
2827 3400 3187 3457 Traducianus
3231 3400 3400 3457 fuisse

1807 3490 2103 3557 submotos,
2139 3490 2353 3562 quando
2379 3489 2630 3546 Gentium
2657 3491 2904 3562 Magister
2931 3493 3136 3564 peccati
3161 3494 3396 3565 antiqui-

1808 3588 1974 3637 tatem
2017 3581 2318 3647 revolvens,
2361 3581 2428 3636 ad
2479 3583 2839 3652 generationis
2887 3584 3204 3651 custodiam,
3245 3585 3398 3655 quasi

1807 3670 2152 3728 fortissimum
2183 3673 2492 3742 stipatorem
2519 3673 2726 3728 ﬁnitum
2753 3689 3033 3729 numerum
3057 3676 3396 3745 collocasset,

1807 3772 1867 3819 ut
1896 3763 2080 3819 dicens
2119 3778 2213 3834 per
2251 3779 2414 3818 unum
2457 3762 2728 3819 hominem
2757 3775 3032 3834 peccatum
3076 3766 3305 3822 intrasse
3343 3766 3395 3821 in

1807 3856 2085 3924 mundum,
2115 3857 2488 3926 praescriberet
2529 3857 2660 3912 nihil
2697 3871 2756 3913 se
2789 3857 2857 3912 de
2894 3860 3239 3930 generatione
3272 3874 3388 3916 sem

1806 3951 1962 4014 sisse,
1988 3964 2106 4020 quae
2135 3949 2236 4004 nisi
2269 3963 2365 4020 per
2402 3948 2538 4004 duos
2575 3964 2684 4004 non
2723 3958 2909 4020 posset
2945 3951 3198 4007 existere.
3222 3953 3399 4022 Atque

1806 4041 2071 4112 assignavi
2099 4039 2404 4094 distinctum
2430 4054 2552 4096 esse
2577 4039 2716 4096 inter
2733 4040 3166 4096 commixtionem
3191 4050 3245 4096 et
3274 4056 3399 4112 pec-

1807 4141 1984 4188 catum
2028 4141 2330 4202 parentum,
2371 4146 2494 4186 cum
2541 4131 2810 4187 diceretur
2849 4132 3079 4187 intrasse
3121 4143 3399 4204 peccatum

1807 4225 2022 4295 quidem
2051 4225 2103 4279 in
2131 4223 2411 4292 mundum,
2435 4224 2531 4280 sed
2557 4240 2654 4295 per
2681 4241 2803 4281 eum
2830 4241 3115 4282 numerum
3151 4227 3241 4298 qui
3279 4226 3401 4282 feti-

1811 4319 1908 4373 bus
1938 4332 2041 4372 non
2071 4325 2281 4388 poterat
2307 4317 2616 4372 convenire.
2641 4319 2940 4388 Actumque
2965 4326 3050 4374 est
3071 4317 3401 4374 sulﬁcienter

1808 4424 1905 4480 per
1931 4418 2098 4466 totum
2126 4411 2384 4475 libellum,
2422 4410 2627 4482 peccati
2655 4410 2728 4466 ibi
2767 4426 2872 4466 non
2913 4421 3156 4466 naturam
3193 4411 3399 4467 indica-

1808 4513 1917 4559 tam
1947 4518 2089 4571 esse,
2117 4503 2212 4560 sed
2251 4502 2502 4569 formam,
2526 4503 2668 4574 quod
2694 4517 2726 4558 a
2757 4503 3251 4573 praevaricatoribus
3277 4511 3400 4573 post

1808 4597 2024 4663 secutis,
2062 4595 2358 4650 imitatione
2383 4603 2672 4658 constaret,
2704 4611 2808 4648 non
2835 4594 3179 4664 generatione
3217 4609 3400 4649 susce-

1809 4699 1978 4761 ptum.
2009 4688 2200 4744 Verum
2232 4687 2356 4758 quia
2399 4687 2655 4756 scriptum
2703 4685 2926 4755 legimus
2969 4685 3022 4739 in
3066 4684 3303 4756 Epistula
3331 4685 3398 4742 ad

1811 4781 2066 4838 Hebr-mos
2094 4781 2161 4836 de
2183 4779 2403 4846 Iudaeis,
2426 4777 2512 4833 Ea:
2539 4795 2638 4832 uno
2659 4777 2754 4832 orti
2781 4787 2922 4845 sunt,
2949 4787 2997 4832 et
3025 4778 3120 4833 hoc
3149 4791 3396 4846 emortuo,

1808 4876 1861 4932 id
1891 4885 1994 4940 est,
2030 4876 2099 4931 de
2125 4873 2432 4941 Abraham;
2461 4872 2704 4944 superius
2734 4886 2946 4942 quoque
2971 4871 3028 4926 in
3053 4871 3240 4928 eadem
3273 4871 3402 4943 Epi-

1807 4973 1942 5030 stola
1973 4971 2164 5043 legitur
2187 4969 2255 5026 de
2284 4967 2520 5034 Christo,
2548 4966 2649 5033 Qui
2674 4966 2977 5035 sanctiﬁcat,
2999 4974 3047 5021 et
3069 4967 3392 5036 sanctiﬁcan-

1810 5075 1912 5132 tur,
1953 5080 2015 5118 ea:
2049 5079 2152 5117 uno
2191 5077 2364 5117 omnes
2393 5059 2578 5134 (Hebr.
2607 5075 2666 5128 ιι,
2698 5059 2784 5129 ll)
2819 5076 2834 5113 :
2863 5073 2930 5114 ne
2959 5057 3150 5114 horum
3177 5059 3396 5131 aliquid,

1809 5158 1896 5214 vel
1912 5157 2191 5224 similium,
2215 5155 2262 5211 si
2288 5154 2512 5211 inveniri
2541 5152 2754 5223 poterit,
2774 5151 3140 5208 Traducianus
3159 5153 3395 5223 arripiat,

1809 5259 1967 5322 atque
2000 5257 2402 5321 argumentetur
2432 5247 2719 5319 quidquam
2748 5245 2818 5302 de
2844 5247 3192 5318 responsione
3221 5259 3396 5302 nostra

1810 5343 2062 5416 ponderis
2087 5343 2251 5398 fuisse
2279 5341 2602 5409 discussum,
2627 5355 2730 5412 qua
2756 5339 3139 5397 aﬁirmavimus
3165 5341 3285 5396 ideo
3314 5341 3398 5395 di-

1809 5447 1953 5494 ctum
1991 5452 2111 5493 esse
2142 5418 2326 5503 unum,
2364 5449 2463 5507 per
2500 5450 2659 5504 quem
2696 5434 2968 5490 transierit
3007 5440 3304 5505 peccatum,
3332 5447 3401 5488 ne

1809 5529 2082 5602 generatio
2131 5527 2397 5584 sineretur
2444 5526 2710 5598 intelligi;
2744 5542 2865 5582 cum
2911 5527 3180 5582 inventum
3227 5525 3299 5580 sit
3347 5531 3400 5580 in

1812 5624 1911 5679 hac
1931 5621 2168 5695 Epistola
2196 5620 2412 5678 nomine
2441 5620 2601 5676 unius
2627 5619 3028 5692 generationem
3067 5616 3354 5673 indicatam
3382 5643 3398 5675 ε

1877 5803 1892 5834 ί
1914 5802 2049 5874 aditi,
2073 5814 2161 5864 per
2183 5798 2554 5867 generationem.
2591 5800 2762 5861 Verius
2797 5797 2953 5849 code!
2987 5804 3121 5859 Man,
3151 5808 3239 5863 per
3259 5807 3396 5864 rege»

1809 5871 2120 5918 iterationem.

1874 5930 1897 5964 ²
1928 5934 1997 5979 tta
2017 5927 2172 5979 codex
2199 5933 2325 5979 rort.
2349 5925 2437 5977 alii
2461 5933 2568 5977 Mss.
2592 5937 2702 5976 cum
2725 5923 2896 5988 editis,
2916 5921 3079 5989 prims.
