3996 6542
487 441 626 503 ἱΞΒἹ

482 572 652 632 quens
689 553 901 627 propria
922 594 939 621 ,
973 550 1209 608 abusivis
1236 549 1410 605 verbis
1438 545 1671 602 condere
1700 540 2067 612 ambiguisque

481 660 700 708 conetur
729 666 742 703 :
776 659 885 703 tum
918 645 1057 703 istud
1098 644 1302 700 intinite
1340 640 1633 697 deformius
1666 649 1777 702 est,
1807 632 1952 706 quod
1980 646 2070 688 res

478 743 743 800 obscenas
766 750 820 796 et
848 738 943 794 Dei
979 737 1238 807 justitiam
1273 734 1619 790 criminantes
1638 772 1655 798 ,
1685 740 1792 785 tam
1820 722 2070 796 ancipiti-

479 835 579 892 bus
608 831 931 905 Augustinus
958 830 1145 885 nititur
1172 827 1490 883 confirmare
1530 821 1841 886 sententiis,
1884 826 1941 873 ut
1976 829 2071 872 eas

478 934 663 982 contra
699 939 758 979 se
792 922 1008 995 prOprie
1028 961 1042 985 ,
1069 934 1167 990 pro
1192 933 1252 974 se
1279 926 1457 972 autem
1486 913 1728 985 precario
1756 924 1950 966 sonare
1982 905 2069 962 fa-

480 1026 669 1073 teatur.
700 1015 1059 1084 Quisquamne
1089 1010 1417 1067 eruditorum
1457 1007 1531 1062 illi
1572 1011 1884 1076 argumento
1918 1000 2068 1069 fidat,

479 1110 619 1180 quod
654 1124 776 1165 cum
807 1108 860 1163 in
883 1107 971 1176 jus
996 1104 1239 1169 venerit,
1268 1103 1336 1158 ab
1364 1099 1585 1156 inimico
1622 1097 1740 1168 ejus
1768 1094 1918 1166 quasi
1945 1108 2069 1149 ver—

482 1203 759 1265 naculum.
790 1200 859 1257 ab
896 1201 989 1257 illo
1022 1213 1153 1255 vero
1191 1196 1342 1269 quasi
1372 1193 1649 1265 fugitivum
1678 1189 2072 1261 plagiatumque

482 1294 773 1367 pcnsetur?

554 1390 687 1445 Auc.
717 1387 794 1443 De
820 1385 997 1443 verbis
1028 1381 1261 1440 abusivis
1288 1390 1341 1437 et
1370 1378 1599 1451 prepriis
1624 1392 1687 1432 ea
1713 1373 1947 1444 loqueris
1968 1414 1982 1440 ,
2013 1379 2072 1428 ut

482 1481 756 1536 hominum
801 1478 1066 1550 paucitate
1102 1483 1407 1544 contempta
1446 1470 1534 1542 qui
1580 1478 1634 1525 te
1679 1466 1979 1537 intelligunt
2018 1470 2073 1519 et

482 1574 755 1630 inveniunt
778 1571 1116 1634 delirantem,
1143 1567 1310 1637 eligas
1336 1564 1515 1620 multis
1540 1560 1630 1633 qui
1666 1570 1718 1615 te
1741 1573 1845 1613 non
1874 1554 2072 1611 intelli-

478 1674 643 1738 gunt,
675 1664 839 1720 videri
878 1662 1055 1718 dicere
1082 1658 1317 1729 aliquid,
1345 1671 1465 1713 cum
1499 1654 1648 1710 dicas
1683 1651 1836 1707 nihil.
1882 1648 2072 1704 Melius

479 1774 608 1831 ergo
628 1757 810 1830 paucis
836 1756 1007 1812 doctis
1035 1763 1087 1809 te
1115 1752 1379 1822 relinquo,
1407 1749 1497 1820 qui
1527 1756 1582 1804 et
1605 1762 1693 1802 me
1719 1760 1826 1800 non
1852 1743 2074 1799 demon-

480 1862 707 1918 strante,
738 1847 990 1905 facillime
1024 1844 1327 1915 intelligunt
1353 1851 1405 1897 te
1435 1838 1565 1895 nihil
1595 1838 1804 1903 dicere,
1834 1848 1992 1905 quam
2021 1842 2075 1888 te

482 1942 809 2008 refellendo,
844 1938 1086 2012 quamvis
1122 1951 1249 1993 vera
1271 1934 1493 1998 dicam,
1522 1946 1584 1988 ea
1618 1944 1740 2002 quae
1778 1928 1933 1983 multi
1962 1940 2071 1981 non

480 2036 781 2106 intelligunt
825 2033 966 2087 dico.
1015 2030 1390 2086 Verumtamen
1435 2023 1527 2080 ubi
1574 2022 1776 2078 dictum
1819 2027 1937 2085 est,
1968 2015 2075 2073 Per

480 2145 638 2184 unum
667 2126 920 2181 hominem
950 2131 1208 2195 peccatum
1234 2118 1437 2173 intrauit
1465 2115 1519 2170 in
1546 2114 1789 2169 mundum
1808 2152 1823 2175 ,
1857 2117 2075 2181 propter

480 2216 838 2293 generationis
867 2222 1171 2279 auctorem,
1205 2210 1325 2267 ideo
1367 2209 1595 2263 formam
1630 2202 1824 2269 futuri,
1854 2208 2075 2293 propter

482 2289 902 2384 regenerationis
921 2316 1231 2371 auctorem;
1259 2317 1364 2358 non
1385 2298 1549 2356 verba
1572 2305 1695 2354 sunt
1715 2294 1955 2361 abusiva,
1978 2289 2075 2348 sed

481 2404 719 2478 propria.

553 2493 737 2551 XClll.
766 2492 886 2549 ιω..
913 2489 1067 2558 Quod
1090 2488 1249 2560 igitur
1266 2485 1334 2542 ad
1356 2483 1609 2541 Hebraeos
1631 2480 1859 2552 positum
1885 2486 1986 2544 est,
2013 2492 2077 2532 ex

482 2602 584 2641 uno
610 2601 801 2649 omnes,
837 2582 1000 2652 exigit
1026 2581 1142 2637 laus
1173 2580 1190 2611 ¹
1216 2578 1332 2644 Dei,
1364 2584 1485 2648 post
1511 2571 2076 2630 commemorationem

485 2687 662 2733 tamen
690 2684 969 2747 parentum
1000 2690 1014 2727 :
1041 2670 1185 2743 quod
1211 2680 1387 2726 autem
1413 2667 1606 2724 dicitur
1629 2665 1697 2721 de
1717 2663 1952 2729 Christo,
1977 2660 2078 2726 Qui

482 2768 800 2839 sanctiﬁcat,
828 2779 876 2823 et
903 2764 1316 2835 sanctiﬁcantur,
1344 2777 1407 2817 ea:
1434 2776 1534 2816 uno
1570 2774 1742 2814 omnes
1762 2798 1778 2826 ,
1809 2755 1875 2811 ad
1904 2754 2075 2811 Deum

485 2861 710 2918 relatum
742 2869 844 2916 est.

558 2954 693 3009 Auc.
712 2950 878 3021 Magis
897 2958 1019 3021 post
1036 2944 1601 3004 commemorationem
1625 2949 1905 3013 parentum
1924 2936 2081 3009 (prte-

486 3044 673 3100 sertim
702 3044 825 3114 quia
849 3042 961 3112 jam
1001 3039 1282 3095 transierat
1307 3053 1337 3092 a
1370 3044 1549 3107 patre,
1590 3042 1645 3091 et
1681 3034 1749 3089 de
1789 3040 1959 3087 matre
2000 3029 2081 3085 lo-

486 3134 770 3206 quebatur)
791 3176 807 3202 ,
836 3131 1098 3205 prmteriri
1126 3144 1232 3185 non
1259 3128 1443 3184 debuit
1474 3127 1590 3198 ipsa
1621 3133 1824 3190 mater;
1854 3122 1949 3179 sed
1976 3118 2081 3177 dici

486 3226 692 3293 debuit,
720 3225 801 3280 Ex
827 3224 1039 3280 duobus
1064 3219 1167 3277 orti
1196 3228 1354 3285 sunt;
1383 3218 1473 3289 qui
1503 3231 1609 3273 non
1638 3231 1708 3271 ex
1738 3229 1865 3279 uno,
1894 3211 1989 3267 sed
2015 3226 2081 3267 ex

487 3316 696 3373 duobus
723 3316 825 3372 orti
852 3322 1042 3381 erant;
1073 3321 1131 3368 ut
1158 3313 1272 3367 laus
1296 3309 1393 3365 Dei
1417 3318 1560 3364 esset
1584 3320 1709 3362 vera
1726 3347 1741 3373 ,
1764 3320 1871 3360 non
1909 3303 2037 3358 falsa
2064 3319 2079 3360 :

490 3412 591 3471 nisi
630 3410 753 3481 quia
797 3419 852 3465 et
896 3409 996 3464 hoc
1033 3421 1219 3463 verum
1249 3413 1365 3470 est,
1394 3401 1535 3474 quod
1565 3417 1631 3458 ex
1656 3414 1764 3455 uno
1786 3398 1893 3454 orti
1922 3405 2080 3465 sunt;

490 3519 591 3560 nec
628 3502 849 3557 abusive
887 3501 1088 3556 dictum
1128 3506 1245 3565 est,
1279 3496 1375 3552 sed
1407 3494 1619 3566 proprie
1648 3502 1864 3564 pr0pter
1892 3499 2082 3547 aucto-

490 3610 606 3651 rem
646 3591 868 3648 seminis
894 3603 1100 3662 patrem
1119 3630 1136 3657 ,
1165 3604 1270 3644 non
1301 3596 1517 3658 propter
1542 3584 1836 3655 augendam
1866 3581 2085 3638 menda-

492 3686 606 3753 cio,
637 3687 775 3742 sicut
814 3692 868 3739 tu
908 3684 1212 3749 existimas,
1246 3681 1339 3735 Dei
1370 3677 1599 3734 laudem.
1640 3677 1827 3733 Dicere
1866 3676 2082 3746 quippe,

494 3778 665 3834 llomo
694 3776 853 3843 fecit,
893 3774 1039 3847 quod
1088 3772 1331 3829 homines
1370 3770 1477 3827 duo
1524 3769 1770 3841 pluresve
1812 3767 2082 3832 fecerunt;

494 3879 671 3941 potest
697 3870 901 3937 tropica
926 3882 1045 3923 esse
1076 3865 1273 3921 locutio
1300 3880 1314 3917 :
1342 3863 1387 3918 si
1412 3861 1532 3933 quis
1557 3869 1734 3916 autem
1763 3860 1892 3915 dicit
1919 3873 2084 3913 unum

497 3962 769 4016 hominem
791 3959 1001 4024 fecisse,
1027 3958 1169 4028 quod
1196 3957 1304 4013 duo
1328 3954 1589 4020 fecerunt,
1617 3953 1718 4007 nisi
1743 3966 1926 4006 eorum
1953 3950 2088 4005 duo—

496 4070 614 4109 rum
644 4062 834 4108 auctor
862 4050 987 4106 facti
1016 4052 1085 4105 sit
1112 4064 1282 4114 unus;
1310 4056 1402 4102 aut
1426 4046 1702 4111 mentitur,
1730 4053 1821 4099 aut
1850 4042 2083 4098 fallitur:

497 4146 636 4202 sicut
662 4144 730 4199 de
756 4145 958 4198 locusta
986 4151 1041 4198 et
1064 4158 1191 4197 rana
1220 4141 1380 4212 paulo
1410 4150 1533 4195 ante
1555 4141 1666 4209 jam
1692 4138 1943 4194 diximus.

571 4232 752 4290 XCIV.
777 4234 895 4289 Jun.
922 4235 1011 4289 Sic
1034 4233 1177 4288 enim
1200 4232 1484 4301 Apostolus
1507 4230 1573 4285 ad
1593 4228 1918 4296 Corinthios,
1949 4226 2089 4283 Nam

498 4333 629 4385 sicut
656 4328 871 4393 mulier,
899 4327 1096 4397 inquit,
1128 4342 1191 4381 ea:
1216 4325 1323 4380 uiro
1341 4367 1357 4393 ,
1387 4325 1461 4379 ita
1488 4334 1535 4380 et
1560 4325 1635 4378 vir
1669 4341 1758 4395 per
1791 4324 2089 4390 mulierem;

502 4421 674 4477 omnia
699 4431 867 4475 autem
894 4434 957 4473 ea:
978 4418 1086 4473 Deo
1114 4418 1155 4489 (Ι
1181 4415 1300 4474 Cor.
1323 4433 1396 4483 xx,
1421 4415 1533 4488 l2).
1554 4416 1736 4472 Tertio
1760 4432 1887 4471 vero
1910 4426 2092 4472 osten-

501 4516 581 4572 dit
607 4514 760 4580 ratio,
786 4513 1037 4585 quoniam
1057 4513 1159 4568 etsi
1180 4521 1426 4567 neutrum
1450 4510 1636 4565 horum
1661 4508 1803 4580 quod
1826 4509 1979 4565 nobis
1996 4510 2091 4565 ad-

503 4610 862 4675 miniculatur,
893 4608 1110 4672 fuisset;
1139 4615 1314 4661 tamen
1343 4605 1485 4660 illam
1509 4603 1847 4671 sententiam,
1870 4620 1972 4675 qua
1997 4619 2092 4673 per

505 4718 669 4757 unum
699 4700 965 4755 hominem
997 4699 1226 4753 intrasse
1262 4706 1538 4768 peccatum
1575 4696 1629 4750 in
1671 4695 1811 4751 hunc
1838 4694 2091 4749 mundum

506 4793 697 4851 Paulus
714 4790 967 4861 disputat,
986 4790 1188 4844 nu!lum
1205 4804 1327 4845 eum
1346 4786 1650 4843 Manichzeis
1665 4786 1847 4843 iniisse
1866 4786 2035 4843 foedus
2046 4788 2088 4840 '.

575 4887 711 4941 Anc.
743 4882 821 4939 Tu
849 4885 1026 4954 potius
1050 4882 1148 4937 ista
1178 4880 1402 4937 dicendo
1424 4879 1721 4935 ostenderis
1744 4879 1937 4935 foedus.
1960 4879 2091 4934 Nam

502 4976 646 5048 quod
675 4975 851 5032 ftedus
879 4984 963 5031 est
990 4974 1245 5045 Apostolo
1278 4989 1399 5029 cum
1426 4970 1721 5028 Manichaeo
1753 4990 1766 5027 :
1797 4988 1916 5028 cum
1947 4973 2091 5043 Apo-

505 5069 677 5123 stolus
700 5067 876 5134 dicat,
906 5064 1103 5138 Corpus
1134 5064 1337 5137 quidem
1364 5074 1620 5120 mortuum
1648 5075 1719 5121 est
1748 5074 1952 5136 propter
1979 5080 2094 5136 pec-

504 5174 711 5229 catum;
756 5162 899 5234 quod
942 5162 1132 5219 evertit
1178 5162 1423 5217 haeresim
1468 5171 1741 5218 vestram:
1776 5162 2095 5219 Manichacus

506 5264 685 5311 autem
714 5256 888 5323 dicat,
919 5255 1128 5327 Corpus
1154 5255 1555 5311 immutabiliter
1580 5256 1775 5311 malum
1802 5265 1885 5311 est
1903 5256 1943 5323 ³,
1975 5272 2096 5327 pro-

510 5360 627 5421 pter
658 5359 977 5408 coaeternam
1016 5350 1157 5423 bono
1195 5350 1320 5406 mali
1357 5352 1640 5407 naturam?
1679 5336 1914 5423 itemque
1952 5353 2004 5408 in
2030 5368 2097 5409 eo

510 5448 629 5500 loco
655 5442 742 5499 ubi
767 5442 967 5500 dictum
994 5452 1098 5511 est,
1128 5442 1324 5515 Corpus
1349 5453 1599 5499 mortuum
1635 5454 1711 5501 est
1747 5455 1951 5517 propter
1977 5464 2095 5518 pec-

512 5546 715 5604 catum;
741 5539 1030 5610 Apostolus
1047 5538 1210 5607 dicat,
1235 5537 1337 5605 Qui
1354 5538 1612 5595 suscitavit
1633 5537 1889 5595 Christum
1911 5558 1944 5596 a
1964 5558 2098 5597 mor-

576 5712 593 5775 ξ
621 5719 699 5762 us.
720 5712 1064 5775 Port.,laudes.

518 5773 692 5897 rc'dii‘c
752 5773 860 5827 Mss;
925 5784 984 5830 At
1038 5776 1211 5840 Vign.,
1264 5773 1452 5829 nullum
1492 5790 1606 5829 cum
1648 5778 1909 5833 maricium
1951 5781 2097 5846 fuisse

581 5899 604 5932 ³
624 5904 723 5963 ωε,
747 5898 928 5954 malim:
945 5906 1034 5965 est,
1053 5914 1119 5953 ex
1141 5908 1387 5957 Portarum
1406 5904 1575 5961 codice
1595 5905 1877 5970 adjecimus.

1136 433 1381 493 OPERIS
1422 426 1828 488 lMPERFECTl
1865 422 2143 482 CONTRA
2181 415 2542 487 JULIANUM,
2582 419 2642 477 S.
2686 416 3053 478 AUGUSTINI

3611 409 3758 473 59.88

2176 535 2305 602 tuis,
2340 534 2604 606 viciﬁcabit
2643 543 2690 589 et
2727 532 2963 589 mortalia
2998 547 3209 603 corpora
3234 537 3398 586 vestra
3436 526 3613 604 (Rom.
3644 544 3766 597 vin,

2179 629 2265 696 l0,
2300 627 2388 701 11)
2420 646 2433 683 :
2465 627 2789 684 Manichacus
2811 638 2987 683 autem
3016 626 3176 692 dicat,
3203 626 3378 681 carnis
3404 639 3631 697 corpora
3656 638 3770 680 non

2178 720 2443 792 pertinere
2471 719 2537 775 ad
2567 720 2692 776 boni
2720 719 2815 776 Dei
2839 727 3168 785 creaturam,
3210 717 3306 774 sed
3346 717 3411 773 ad
3450 717 3574 771 mali
3602 725 3769 772 natu-

2176 827 2321 879 ram;
2347 827 2445 868 nec
2463 810 2733 867 Christum
2754 826 2785 866 a
2807 811 3028 867 mortuis
3048 809 3380 877 suscitatum,
3403 808 3497 865 sed
3518 823 3625 863 non
3644 820 3774 864 esse

2176 904 2485 961 mortuum?
2514 903 2618 960 Vos
2645 920 2771 976 ergo
2800 904 2887 975 qui
2915 902 3190 959 Manichaei
3219 918 3327 958 non
3353 901 3511 968 estis,
3550 900 3647 957 sed
3680 900 3771 957 di-

2178 1014 2333 1054 versa
2362 1008 2510 1069 peste
2536 1012 2634 1054 nec
2660 1012 2754 1052 vos
2776 997 2891 1053 sani
2916 996 3065 1061 estis,
3091 994 3250 1051 dicite
3268 993 3533 1066 quomodo
3554 993 3623 1050 sit
3646 1007 3773 1050 cor-

2177 1106 2278 1160 pus
2299 1100 2565 1145 mortuum
2594 1100 2810 1160 propter
2834 1096 3143 1159 peccatum;
3167 1087 3258 1158 qui
3277 1085 3517 1157 corporis
3537 1094 3773 1142 mortem

2178 1198 2285 1237 non
2316 1198 2409 1252 per
2436 1190 2711 1253 peccatum
2741 1181 2882 1236 illius
2907 1180 3160 1249 hominis,
3191 1178 3287 1236 sed
3311 1180 3427 1251 lege
3455 1189 3659 1235 natura:
3687 1178 3776 1235 in-

2178 1284 2349 1331 trasse
2376 1276 2692 1331 asseveratis
2723 1275 2775 1329 in
2806 1274 3083 1329 mundum.

2247 1365 2408 1422 XCV.
2446 1366 2565 1423 Jun.
2607 1368 2686 1423 Ac
2715 1383 2810 1436 per
2846 1365 2982 1433 hoc,
3022 1367 3334 1422 inconcussa
3370 1374 3549 1423 manet
3584 1373 3776 1423 nostra

2177 1460 2486 1531 responsio,
2528 1476 2646 1532 quae
2688 1460 2921 1517 ostendit
2964 1476 3060 1531 per
3101 1477 3265 1516 unum
3311 1460 3615 1529 hominem,
3660 1476 3775 1517 non

2177 1554 2520 1626 generatione
2562 1554 2795 1609 vitiatam
2841 1560 3000 1624 atque
3042 1564 3382 1624 corruptam,
3424 1552 3520 1609 sed
3565 1554 3777 1625 integra

2179 1655 2523 1717 permanente
2550 1656 2738 1702 natura
2760 1689 2775 1713 ,
2802 1646 3046 1701 vitiosam
3076 1644 3413 1701 solummodo
3448 1644 3665 1716 allegari
3704 1644 3778 1700 ab

2178 1738 2437 1809 Apostolo
2466 1738 2797 1809 peccantium
2828 1737 3175 1792 voluntatem.

2251 1833 2387 1888 Auc.
2424 1830 2690 1901 Numquid
2720 1846 2886 1901 usque
2913 1830 3048 1886 adeo
3073 1828 3200 1886 οςνοί
3226 1829 3385 1896 estis,
3412 1836 3506 1884 aut
3527 1827 3777 1886 homines

2178 1925 2460 1981 excaecatis
2479 1925 2781 1997 ealiginosis
2801 1924 3246 1995 disputationibus
3266 1923 3476 1990 vestris,
3499 1933 3557 1978 ut
3576 1937 3781 1995 negare

2179 2019 2420 2075 audeatis
2441 2018 2585 2073 nasci
2613 2031 2840 2088 corpora
2860 2017 3089 2073 vitiosa?
3116 2015 3380 2087 Numquid
3406 2015 3473 2070 ad
3496 2014 3780 2071 hominum

2181 2122 2423 2166 naturam
2454 2124 2559 2166 non
2590 2111 2860 2182 pertinent
2888 2109 3153 2181 corpora?
3182 2118 3293 2175 aut,
3323 2106 3466 2180 quod
3498 2106 3781 2162 Manichati

2180 2205 2364 2261 dicunt
2409 2204 2666 2276 (quorum
2705 2204 3028 2261 dementiam
3072 2204 3372 2260 nescientes
3400 2201 3647 2274 quidem,
3680 2200 3783 2257 sed

2181 2304 2435 2366 quantum
2465 2294 2728 2365 adjuvetis
2747 2338 2762 2364 ,
2791 2295 3069 2352 advertere
3093 2304 3148 2352 et
3170 2296 3406 2365 cogitare
3430 2309 3535 2349 non
3564 2293 3780 2364 vultis),

2181 2387 2355 2459 gentis
2405 2388 2741 2445 tenebrarum
2788 2388 3104 2460 corporibus
3150 2389 3323 2444 anima
3353 2388 3491 2446 bona
3521 2396 3735 2444 tenetur
3760 2389 3781 2421 ⁸

2181 2479 2458 2534 admixta?
2479 2479 2647 2536 Dicite
2668 2496 2795 2553 ergo
2817 2481 3129 2536 vitiosorum
3151 2496 3433 2551 corporum
3454 2481 3662 2547 merita,
3687 2481 3783 2553 qui

2182 2572 2387 2643 negatis
2415 2572 2667 2643 parvulos
2697 2588 2762 2628 ex
2797 2572 3105 2643 parentibus
3146 2574 3356 2629 trahere
3393 2572 3500 2628 ulla
3537 2584 3781 2645 peccata.

2184 2665 2324 2722 Ecce
2351 2665 2625 2722 Manichazi
2656 2665 2838 2721 dicunt
2862 2683 2875 2721 :
2898 2664 3081 2736 Usque
3104 2667 3239 2723 adeo
3261 2682 3388 2723 caro
3414 2666 3514 2722 ista
3536 2668 3786 2724 mortalis

2183 2774 2291 2813 non
2320 2757 2387 2813 ad
2416 2758 2687 2828 opificium
2715 2757 2829 2826 Dei,
2857 2757 2953 2815 sed
2979 2758 3045 2814 ad
3070 2759 3246 2830 gentis
3273 2760 3502 2830 pertinet
3530 2759 3786 2816 tenebra-

2184 2868 2303 2907 rum
2323 2892 2339 2919 ,
2375 2860 2433 2908 ut
2458 2851 2619 2908 etiam
2648 2851 2926 2908 hominum
2952 2868 3174 2923 corpora
3195 2895 3211 2921 ,
3238 2869 3375 2925 quos
3401 2854 3469 2910 ad
3494 2854 3785 2927 imaginem

2185 2943 2281 2999 Dei
2310 2942 2482 2999 factos
2508 2958 2630 3001 esse
2654 2943 2973 3015 perhibetis,
3003 2961 3110 3001 non
3139 2945 3310 3001 solum
3339 2946 3703 3018 corruptibilia
3729 2954 3787 3004 et

2185 3035 2475 3092 conditioni
2505 3035 2695 3091 mortis
2722 3034 2949 3092 obnoxia
2968 3078 2985 3105 ,
3012 3052 3197 3092 verum
3227 3037 3387 3093 etiam
3420 3038 3610 3094 vitiosa
3635 3054 3786 3109 saepe

2186 3137 2495 3185 nascantur.
2522 3128 2663 3199 Quid
2692 3130 2770 3186 eis
2804 3130 3149 3201 respondebit
3176 3131 3397 3189 hzeresis
3424 3142 3600 3190 vestra
3619 3175 3636 3202 ,
3676 3133 3788 3191 nisi

2186 3220 2497 3290 humanam,
2524 3222 2767 3294 quamvis
2789 3223 2890 3279 sub
2919 3222 3029 3280 Deo
3052 3235 3295 3281 creatore
3320 3234 3374 3282 et
3396 3228 3619 3293 artifice,
3642 3226 3787 3284 hanc

2188 3323 2365 3372 tamen
2390 3331 2511 3373 esse
2535 3327 2798 3384 naturam,
2827 3326 2886 3372 ut
2904 3318 3006 3374 etsi
3033 3333 3193 3375 nemo
3218 3330 3514 3391 peccasset,
3541 3321 3703 3378 etiam
3727 3323 3786 3381 in

2188 3407 2436 3479 paradiso
2476 3408 2601 3465 talia
2640 3409 2914 3465 hominum
2943 3425 3171 3482 corpora
3195 3394 3583 3470 nascerentur?
3608 3412 3653 3471 Ο
3680 3414 3787 3471 ab.

2186 3500 2530 3557 ominabilem
2572 3511 2627 3556 et
2663 3500 3020 3557 damnabilem
3043 3480 3272 3560 vocem!
3302 3503 3411 3560 Nos
3440 3514 3615 3561 autem
3644 3480 3809 3577 quo;

2187 3592 2332 3647 niam
2376 3591 2654 3646 hominum
2698 3606 2921 3662 corpora
2965 3607 3071 3648 non
3118 3593 3290 3649 solum
3333 3596 3693 3666 eorruptibilia
3728 3605 3789 3653 et

2189 3682 2499 3739 necessitati
2527 3684 2714 3738 mortis
2738 3683 3013 3751 obstricta,
3034 3700 3220 3741 verum
3246 3687 3406 3743 etiam
3431 3689 3595 3744 multa
3625 3688 3681 3745 in
3705 3689 3789 3746 eis

2191 3775 2564 3832 innumerabili
2604 3775 2893 3834 vitiositate
2920 3777 3193 3850 languida,
3221 3778 3466 3848 distorta,
3498 3780 3787 3852 deformia,

2191 3869 2339 3925 nullo
2366 3878 2645 3940 parentum
2681 3869 3018 3942 praecedente
3056 3880 3301 3942 peccato,
3334 3873 3387 3928 in
3413 3874 3659 3943 paradiso
3684 3890 3788 3930 ex-

2190 3969 2372 4016 ortura
2403 3960 2567 4017 fuisse
2594 3976 2700 4016 non
2726 3960 2972 4030 dicimus,
3000 3970 3058 4018 et.
3083 3977 3178 4019 eos
3201 3964 3293 4035 qui
3321 3963 3506 4021 dicunt
3532 3966 3789 4038 dignissi-

2193 4068 2311 4108 mos
2334 4052 2673 4109 anathemate
2696 4053 3031 4123 iudicamus;
3061 4070 3167 4112 non
3196 4056 3265 4113 ab
3295 4057 3445 4114 initio
3474 4058 3553 4114 sic
3575 4060 3596 4091 ³
3625 4060 3815 4116 ἱιιειὶέ

2192 4153 2321 4202 tutae
2346 4153 2569 4209 naturae,
2594 4144 2689 4201 sed
2714 4146 3006 4218 iniquitatis
3034 4148 3225 4204 merito
3252 4160 3433 4220 postea
3460 4152 3657 4208 vitiata:
3682 4151 3793 4210 ista

2194 4240 2494 4309 tribuimus,
2523 4249 2581 4295 ut
2602 4247 2658 4295 et
2683 4255 2778 4295 vos
2802 4250 2857 4297 et
2878 4240 3196 4298 Manichaeos
3224 4241 3537 4303 inconcussa
3565 4255 3620 4303 et
3646 4247 3792 4305 antis

2192 4346 2295 4411 qua
2326 4329 2451 4385 ﬁdei
2477 4329 2752 4386 catholicze
2772 4330 3064 4387 stabilitate
3091 4332 3451 4392 destruamus.
3811 4325 3820 4396 ξ

2263 4421 2445 4478 XCVI.
2472 4421 2592 4478 Jun.
2621 4421 2729 4478 Sed
2754 4432 3092 4479 revertamur
3115 4426 3180 4480 ad
3210 4425 3401 4483 librum
3428 4427 3597 4497 illum,
3625 4445 3795 4502 quem

2194 4516 2262 4573 ad
2292 4516 2563 4572 Valerium
2601 4514 2916 4584 destinavit,
2959 4518 3011 4572 in
3049 4534 3155 4589 quo
3191 4519 3526 4591 discerptas'
3555 4522 3625 4579 de
3650 4524 3797 4581 libro

2194 4622 2318 4664 meo
2345 4623 2450 4662 uno
2488 4607 2744 4663 duntaxat
2777 4609 3072 4664 sententias
3109 4609 3209 4666 sibi
3237 4610 3597 4670 discutiendas
3625 4616 3797 4673 refel-

2196 4698 2485 4769 lendasque
2512 4700 2809 4771 proposuit.
2836 4700 2904 4755 Et
2929 4699 3142 4772 quidem
3171 4703 3223 4758 in
3251 4704 3421 4774 primo
3450 4708 3628 4777 operis
3652 4724 3801 4780 pra:-

2197 4791 2363 4847 sentis
2389 4791 2566 4847 libello
2584 4806 2753 4862 usque
2776 4791 2841 4846 ad
2867 4807 2929 4847 ea
2950 4793 3226 4864 Augustini
3253 4796 3391 4851 dicta
3418 4813 3796 4869 pervenerant,

2195 4884 2389 4956 quibus
2414 4892 2613 4939 retecta
2641 4882 2988 4954 impudentia,
3021 4900 3122 4956 qua
3152 4887 3419 4956 opinionis
3449 4888 3589 4946 illius
3617 4891 3798 4962 fugie-

2198 4975 2289 5032 bat
2322 4974 2571 5031 invidiam
2591 5015 2608 5043 ,
2650 4990 2718 5029 ne
2743 4973 3010 5031 diabolum
3040 4976 3308 5033 videretur
3346 4994 3586 5037 asserere
3612 4980 3801 5036 homi—

2197 5083 2325 5123 num
2364 5066 2694 5122 conditorem
2715 5107 2731 5133 ,
2774 5068 3134 5137 pronuntiavit
3169 5068 3336 5125 Deum
3371 5085 3489 5127 esse
3515 5082 3801 5128 auctorem

2198 5161 2494 5227 malorum,
2524 5169 2684 5229 atque
2725 5158 2899 5230 ipsum
2943 5160 3064 5216 talis
3102 5162 3276 5218 meriti
3313 5178 3500 5219 creare
3539 5164 3801 5221 substan-

2200 5252 2351 5319 tiam,
2380 5266 2501 5322 qua:
2524 5260 2754 5318 reatum,
2779 5260 3063 5323 antequam
3098 5268 3252 5308 usum
3278 5254 3518 5322 rationis,
3544 5255 3799 5327 accipiat,

2200 5355 2254 5401 et
2277 5360 2395 5416 qua:
2423 5345 2479 5401 in
2504 5359 2668 5416 regno
2690 5343 2911 5413 diaboli,
2944 5344 3245 5403 Conditoris
3281 5347 3364 5403 sui
3393 5328 3639 5406 manibus
3677 5350 3801 5405 col-

2200 5440 2425 5497 locetur.

2273 5534 2408 5591 Auc.
2439 5532 2540 5603 Qui
2569 5541 2813 5589 naturam
2838 5530 3094 5588 discernit
3120 5548 3151 5590 a
3178 5534 3330 5603 vitio,
3363 5551 3468 5591 non
3495 5534 3621 5591 dicit
3649 5535 3801 5606 quod

2202 5626 2334 5684 dicis
2364 5646 2375 5683 :
2408 5626 2499 5699 qui
2529 5626 2884 5699 intelligenter
2912 5626 3038 5698 legit
3062 5627 3203 5699 quod
3226 5628 3367 5697 dico,
3399 5644 3506 5686 non
3530 5645 3619 5687 me
3646 5638 3807 5702 putat

2270 5786 2286 5817 ⁸
2311 5787 2382 5835 Sic
2402 5791 2509 5835 Mss.
2535 5782 2655 5833 Editi
2677 5796 2811 5842 vero,
2833 5782 3096 5836 tenebatur.

2268 5848 2290 5878 ¹
2311 5846 2561 5905 Particula,
2581 5844 2669 5906 sic,
2689 5846 2962 5896 restituitur
2985 5860 3048 5899 ex
3074 5857 3177 5901 Mss.

2274 5910 2294 5944 ³
2321 5911 2480 5963 Codex
2499 5917 2645 5972 Port.,
2668 5908 2935 5974 decerptus.
