3950 6480
174 438 324 496 i289

171 553 360 610 dicere
387 552 528 626 quod
558 566 662 610 non
688 553 828 611 dico.

245 668 456 726 XCVII.
486 669 606 726 101..
637 670 878 744 Eumque
913 684 1036 728 esse
1074 672 1291 746 ﬁgulum
1318 673 1411 732 ira:
1434 683 1488 732 et
1511 675 1768 746 perditio-

172 760 260 817 nis
287 776 415 817 vasa
443 761 763 833 ﬁngentem..

241 853 384 910 Anc.
417 853 820 923 Quantumlibet
857 873 966 913 non
1005 858 1302 931 intelligas,
1335 860 1601 931 quomodo
1631 862 1767 918 Deus

168 943 328 1001 faciat
357 962 426 1002 ex
455 947 641 1003 eadem
673 964 847 1004 massa
879 949 1020 1007 aliud
1059 967 1153 1008 vas
1193 953 1246 1008 in
1289 953 1575 1023 honorem,
1620 955 1765 1010 aliud

166 1039 219 1094 in
242 1041 625 1099 contumeliam
653 1041 828 1118 (Rom.
855 1061 928 1111 rx,
951 1046 1043 1116 21)
1069 1065 1084 1103 :
1105 1047 1178 1102 ita
1202 1047 1329 1104 facit
1356 1057 1555 1119 tamen,
1579 1059 1637 1106 ut
1658 1065 1764 1106 non

164 1129 327 1186 faciat
355 1135 566 1188 tertium
592 1150 760 1206 genus
787 1153 1057 1204 vasorum,
1082 1155 1182 1195 nec
1205 1140 1260 1195 in
1286 1141 1566 1209 honorem,
1590 1158 1690 1199 nec
1711 1144 1764 1199 in

161 1228 578 1296 contumeliam,
605 1230 788 1300 quales
821 1246 917 1288 vos
956 1248 1076 1289 esse
1117 1235 1370 1304 parvulos
1407 1235 1599 1304 vultis;
1631 1237 1764 1293 etin

161 1331 391 1386 regnum
435 1319 528 1374 Dei
566 1335 672 1376 non
713 1322 908 1380 intrare
942 1325 1226 1396 imaginem
1256 1327 1384 1394 Dei,
1416 1328 1612 1384 nullam
1643 1345 1764 1386 esse

158 1413 544 1469 contumeliam
574 1413 859 1486 deputatis.
889 1418 1066 1488 Ipsum
1094 1419 1236 1476 enim
1267 1437 1486 1491 regnum
1513 1426 1591 1480 sic
1617 1439 1763 1479 ama-

160 1501 228 1558 tis
250 1547 266 1569 ,
299 1513 358 1560 ut
387 1521 494 1562 non
533 1507 606 1562 ibi
643 1523 791 1578 esse,
821 1527 925 1565 non
957 1513 1144 1568 saltem
1174 1514 1348 1572 levem
1389 1531 1604 1587 ptrnam
1640 1532 1759 1574 cre-

158 1593 304 1650 datis
331 1595 566 1654 hominis
595 1616 736 1667 esse,
775 1603 868 1658 sed
896 1605 1115 1660 nullam.

228 1685 466 1744 XCVIII.
503 1690 623 1746 IUL.
663 1692 766 1748 Sed
809 1710 928 1765 quae
970 1697 1023 1751 in
1068 1697 1457 1768 perditionem,
1495 1717 1600 1758 non
1631 1719 1756 1775 pro—

157 1796 316 1837 cessu
349 1783 530 1841 liberae
560 1789 878 1860 voluntatis,
925 1807 1110 1848 verum
1152 1793 1517 1854 informatoris
1546 1799 1627 1854 sui
1660 1814 1756 1870 po-

159 1883 355 1932 testate
382 1888 658 1949 cogantur.

226 1971 351 2026 Auc
407 1971 564 2028 Potes
588 1973 782 2042 dicere,
810 1991 913 2030 non
939 1978 1208 2049 quoslibet
1233 1979 1500 2049 homines,
1529 1983 1621 2039 sed
1645 1983 1755 2054 jam

156 2073 505 2131 regeneratos
540 2065 680 2121 ﬁlios
714 2082 840 2123 suos
865 2068 1030 2124 Deum
1070 2069 1125 2126 in
1156 2072 1510 2142 perditionem
1538 2091 1752 2146 cogere,

156 2152 406 2211 faciendo
432 2173 525 2212 eos
551 2158 747 2224 vivere,
777 2177 910 2232 quos
937 2177 970 2218 a
998 2162 1102 2220 ﬁde
1138 2165 1393 2234 praevidet
1422 2181 1752 2238 recessuros,

155 2259 276 2300 cum
310 2259 494 2317 posset
516 2264 611 2306 eos
637 2251 760 2307 hinc
786 2267 1003 2324 rapere,
1030 2262 1318 2328 antequam
1349 2258 1550 2315 malitia
1577 2268 1756 2316 muta-

156 2351 366 2394 rentur.

228 2431 424 2488 XCIX.
460 2433 581 2490 Jun.
628 2435 964 2511 Tantumque
1012 2439 1115 2497 hoc
1157 2443 1465 2516 prodigialis
1491 2445 1756 2518 dogmatis

157 2527 309 2582 nefas
337 2531 568 2598 apostoli
611 2531 757 2588 Pauli
795 2537 1011 2591 molitus
1037 2548 1118 2594 est
1160 2541 1415 2597 roborare
1443 2543 1751 2610 sententiis,

157 2634 291 2689 quas
333 2633 591 2679 contextu
641 2627 802 2684 totius
849 2630 1092 2686 lectionis
1139 2635 1398 2704 eXposui,
1447 2645 1503 2691 et
1543 2637 1754 2692 ostendi

157 2714 481 2784 pr0phetam
509 2717 723 2788 Isaiam,
751 2720 820 2776 de
836 2736 944 2792 quo
969 2723 1108 2779 hanc
1131 2728 1586 2796 comparationem
1610 2728 1756 2799 ﬁguli

157 2808 441 2864 constabat
493 2821 818 2884 assumptam
844 2855 860 2882 ,
921 2813 1144 2887 justitite
1197 2817 1390 2874 divina:
1445 2819 1755 2890 plenissime

155 2904 376 2948 causam
403 2904 563 2950 tueri.

225 2986 368 3042 Anc.
398 2986 536 3054 Quid
556 2989 835 3047 ostendisti
863 2991 1162 3064 legentibus
1191 2996 1209 3028 ¹
1234 3005 1289 3052 et
1313 2996 1752 3070 intelligentibus,

156 3076 258 3132 nisi
291 3087 344 3133 te
374 3079 537 3136 verba
576 3083 866 3152 apostolica
902 3085 1069 3142 nimia
1114 3087 1434 3158 loquacitate
1475 3101 1752 3162 conatum,

156 3185 261 3226 non
285 3180 467 3229 tamen
499 3176 734 3246 potuisse
776 3182 1123 3249 pervertere?

223 3264 282 3320 C.
312 3266 436 3322 Ius.
471 3268 774 3327 Secundum
801 3282 980 3330 autem
1016 3274 1209 3332 librum
1245 3279 1576 3350 expositione
1609 3281 1753 3353 Apo-

156 3357 275 3413 stoli
323 3363 656 3432 argumentis
695 3365 976 3436 Augustini
1020 3383 1086 3424 ex
1122 3369 1347 3426 adverso
1384 3373 1608 3443 positis,
1657 3389 1755 3442 pro

155 3465 215 3508 ea
262 3469 428 3524 quam
477 3458 833 3529 suppeditavit
875 3463 1106 3531 veritas,
1156 3463 1406 3523 facultate
1447 3468 1752 3540 complevi:

156 3555 309 3617 atque
333 3547 459 3604 ideo
481 3565 622 3606 nunc
649 3552 716 3607 ad
744 3553 863 3609 libri
893 3554 1007 3626 ejus
1031 3557 1272 3612 ordinem
1299 3568 1654 3616 revertamur.

222 3640 363 3698 Anc.
406 3641 712 3699 Secundum
753 3646 944 3702 librum
987 3664 1092 3703 non
1133 3651 1464 3722 expositione
1489 3653 1748 3724 Apostoli,

156 3735 244 3790 sed
269 3736 377 3791 sub
405 3739 754 3808 expositionis
778 3740 1140 3812 professione,
1185 3744 1330 3800 inani
1360 3747 1753 3818 oppugnatione

155 3830 471 3900 complesti,
511 3832 744 3890 vanitate
786 3835 915 3903 tibi,
953 3851 1060 3892 non
1079 3837 1313 3895 xeritate
1335 3879 1350 3908 ,
1382 3840 1752 3912 suppeditante

156 3935 266 3990 qua:
285 3920 520 3978 diceres.

220 4012 305 4069 CI.
329 4013 458 4071 Jun.
489 4014 650 4086 Igitur
691 4029 968 4092 postquam
1008 4021 1107 4078 sibi
1151 4040 1314 4079 unum
1341 4025 1410 4082 de
1437 4024 1750 4098 praefatiun-

155 4106 264 4161 cula
287 4108 494 4180 prioris
517 4112 696 4192 operis
715 4113 819 4168 mei
849 4123 1008 4184 caput
1028 4157 1044 4184 ,
1074 4116 1214 4187 quod
1235 4118 1383 4188 quasi
1416 4119 1753 4192 impugnaret

157 4197 354 4267 obiecit
379 4242 394 4266 ,
441 4190 677 4274 illudque
716 4205 782 4261 de
809 4208 967 4278 figulo
995 4217 1333 4279 peccatorum
1363 4212 1473 4268 Deo
1497 4190 1594 4270 suo
1621 4216 1748 4271 sub-

154 4291 324 4360 didit;
377 4309 466 4350 me
508 4297 715 4368 arguit,
757 4315 915 4370 quam
963 4316 1093 4357 sene
1138 4313 1446 4361 constanter
1483 4317 1538 4362 et
1585 4325 1744 4379 pure,

153 4385 318 4456 ipsius
343 4387 573 4459 eloquiis
599 4391 915 4461 publicetur.
953 4413 973 4446 ι
1005 4394 1120 4450 Νοη
1148 4396 1344 4467 itaque,
1376 4418 1396 4452 ι
1427 4400 1564 4455 sicut
1593 4411 1644 4457 te
1668 4411 1750 4458 at‘

152 4494 252 4548 que
276 4480 414 4536 alios
445 4481 632 4538 fallens
663 4484 898 4556 loqueris
921 4529 936 4554 ,
969 4489 1013 4542 si
1044 4490 1163 4560 quis
1197 4499 1290 4546 aut
1315 4491 1539 4548 liberum
1566 4493 1618 4550 in
1646 4495 1747 4551 ho-

152 4571 384 4627 minibus
411 4573 690 4630 arbitrium
711 4618 726 4643 ,
773 4586 864 4632 aut
909 4579 1076 4634 Deum
1101 4595 1221 4636 esse
1247 4585 1580 4640 nascentium
1613 4602 1746 4642 con-

149 4664 379 4721 ditorem
404 4667 601 4724 dixerit
628 4713 641 4735 ,
685 4672 1042 4729 Calestianus
1066 4684 1120 4730 et
1147 4676 1460 4748 Pelagianus
1485 4690 1742 4737 vocatur:

148 4757 250 4812 ista
288 4761 488 4831 quippe
527 4771 583 4818 et
622 4763 883 4821 catholica
924 4765 1057 4824 ﬁdes
1091 4767 1237 4823 dicit.
1285 4769 1390 4825 Sed
1431 4772 1477 4825 si
1511 4772 1630 4842 quis
1677 4772 1746 4828 ad

145 4852 436 4908 colendum
466 4864 611 4912 recte
634 4859 820 4928 Deum,
849 4860 964 4916 sine
994 4862 1158 4932 ipsius
1180 4863 1444 4933 adjutorio
1472 4865 1600 4920 dicit
1625 4881 1746 4924 esse

147 4943 200 4998 in
233 4945 543 5004 hominibus
569 4949 792 5006 liberum
823 4953 1132 5019 arbitrium;
1172 4964 1227 5010 et
1248 4956 1488 5028 quisquis
1513 4958 1584 5013 ita
1617 4958 1745 5015 dicit

148 5038 320 5096 Deum
364 5046 699 5100 nascentium
727 5047 1058 5104 conditorem
1079 5092 1095 5117 ,
1139 5059 1198 5105 ut
1222 5052 1561 5120 parvulorum
1589 5063 1745 5123 neget

140 5149 174 5188 a
214 5145 483 5206 potestate
526 5139 723 5196 diaboli
768 5142 1192 5214 redemptorem,
1236 5145 1349 5214 ipse
1391 5146 1745 5202 Coelestianus

141 5237 198 5282 et
226 5229 546 5302 Pelagianos
573 5243 806 5290 vocatur.
831 5236 1080 5292 Liberum
1112 5239 1286 5308 itaque
1313 5239 1590 5295 arbitrium
1622 5255 1744 5297 esse

139 5321 200 5376 in
231 5321 575 5392 hominibus,
617 5337 670 5383 et
696 5327 860 5384 Deum
885 5345 1004 5386 esse
1028 5331 1357 5387 nascentium
1388 5332 1736 5398 conditorem,

137 5417 358 5488 utrique
397 5420 659 5488 dicimus;
707 5439 810 5478 non
849 5423 970 5480 hinc
998 5426 1125 5480 estis
1163 5424 1465 5481 leestiani
1503 5433 1558 5480 et
1585 5425 1738 5482 Pela-

133 5507 310 5579 giani.
362 5511 618 5569 Liberum
661 5524 838 5573 autem
875 5532 995 5572 esse
1033 5533 1354 5588 quemquam
1382 5517 1448 5572 ad
1476 5518 1740 5589 agendum

135 5600 347 5658 bonum
371 5606 488 5662 sine
513 5607 780 5679 adjutorio
811 5608 924 5675 Dei,
953 5618 1007 5665 et
1032 5624 1138 5665 non
1165 5612 1276 5665 erui
1307 5612 1555 5679 parvulos
1582 5628 1611 5667 a
1641 5627 1737 5684 po-

132 5703 338 5754 teatate
377 5702 716 5757 tenebrarum
742 5745 757 5772 ,
809 5713 862 5759 et
899 5704 978 5761 sic
1003 5704 1274 5761 transferri
1305 5706 1354 5760 in
1392 5722 1610 5777 regnum
1645 5706 1736 5761 Dei

132 5787 367 5865 (Colon.
399 5810 439 5862 ι,
473 5794 564 5866 15)
594 5812 608 5849 :
641 5794 742 5851 hoc
765 5811 862 5852 vos
887 5795 1062 5852 dicitis
1093 5816 1106 5853 :
1137 5797 1259 5854 hinc
1286 5798 1413 5854 estis
1434 5797 1735 5854 leestiani

201 5947 224 5984 ⁸
258 5949 402 6011 aditi,
422 5946 546 6010 Quid
568 5948 776 6002 ostendit
805 5949 1126 6016 diligentibus.
1152 5953 1451 6017 Castigantur
1475 5963 1540 6004 ex
1563 5956 1669 6003 Mss.

387 6033 614 6098 Sauc'r.
666 6037 945 6107 Aususr.
990 6035 1075 6097 Χ.

1622 6180 1646 6212 ὶ

1563 441 1767 500 LIBER
1805 441 2114 505 TERTIUS.

3322 467 3462 528 I290

1881 572 1935 619 et
1963 564 2228 638 Pelagiani
2261 587 2280 622 ι
2313 569 2416 641 (De
2440 570 2654 645 Nuptiis
2699 585 2750 632 et
2794 577 3242 654 Concupiscentia,
3287 587 3374 642 lib.
3403 589 3461 656 2,

1877 671 1930 709 η.
1982 657 2061 730 8).
2115 660 2308 718 Natare
2339 672 2390 719 te
2418 665 2632 736 quidem
2657 669 2708 724 in
2736 669 3025 742 impietatis
3047 682 3148 731 tua:
3189 686 3244 732 et
3271 677 3461 735 formi-

1875 748 2016 805 dinis
2045 752 2235 822 palude
2259 756 2564 828 frequenter
2589 763 2830 831 ostendi,
2868 780 2967 821 nec
2997 782 3158 839 super
3182 769 3283 828 hoc
3307 771 3461 830 dubi-

1876 849 2108 900 taturum
2140 848 2450 916 prudentem
2475 863 2686 909 constat
2713 871 2832 912 esse
2863 857 3137 916 lectorem.

1947 938 2081 994 Anc.
2109 939 2220 998 Nec
2243 953 2426 1000 natare
2447 953 2498 1000 te
2526 961 2704 1016 posse,
2732 949 2825 1004 sed
2854 953 3044 1023 mergi,
3069 953 3156 1009 alii
3177 969 3459 1026 noverunt,

1873 1028 1964 1100 qui
2011 1030 2317 1090 baereticum
2364 1045 2414 1093 te
2452 1053 2571 1094 esse
2611 1053 2938 1113 cognoscunt
2968 1063 2980 1100 :
3013 1062 3133 1102 nam
3176 1057 3234 1104 tu
3271 1049 3460 1107 eadem

1874 1123 2244 1184 submersione
2271 1145 2486 1186 sensum
2516 1134 2677 1189 etiam
2704 1137 3002 1206 perdidisti.

1943 1215 2048 1271 CII.
2079 1216 2196 1275 Jun.
2245 1221 2418 1294 Atque
2458 1223 2578 1281 ideo
2602 1225 2655 1282 in
2691 1228 2864 1298 primo
2890 1230 3028 1287 libro
3051 1247 3151 1288 nec
3174 1248 3263 1291 me
3294 1233 3460 1294 fuisse

1869 1312 2150 1367 mentitum
2174 1353 2192 1382 ,
2218 1316 2344 1386 quid
2374 1319 2715 1389 scripseram,
2747 1337 2935 1380 omnes
2961 1325 3050 1396 qui
3079 1325 3337 1398 fugissent
3354 1343 3456 1384 no-

1867 1411 1992 1458 8tra3
2020 1406 2290 1462 societatis
2326 1409 2613 1481 invidiam,
2655 1413 2710 1469 in
2750 1414 3163 1472 Manichaeorum
3190 1428 3458 1490 praerupta

1867 1510 2147 1567 corruere,
2180 1500 2402 1557 liberum
2446 1505 2724 1562 arbitrium
2757 1508 3130 1580 denegantium
3152 1553 3168 1580 ,
3213 1521 3266 1568 et
3288 1514 3459 1572 Deum

1865 1587 2141 1647 hominum
2171 1595 2537 1666 conditorem;
2580 1607 2738 1672 teque
2773 1602 2823 1658 id
2859 1604 3001 1674 quod
3031 1606 3209 1662 fueras
3233 1608 3456 1680 propul-

1865 1696 1986 1739 sare
2006 1695 2259 1754 conatus,
2290 1691 2470 1744 statim
2495 1692 2751 1750 absolutis
2787 1697 3079 1766 arripuisse
3097 1701 3455 1773 sermonibus,

1863 1776 2024 1832 etiam
2054 1777 2264 1834 illorum
2292 1780 2646 1852 scriptorum,
2685 1802 2803 1856 quae
2835 1788 2900 1842 ad
2931 1789 3260 1847 Bonifacium
3290 1793 3456 1852 mise-

1863 1883 1988 1935 ras,
2037 1870 2330 1928 insertione
2383 1874 2607 1944 patefeci
2659 1875 2896 1948 (Supra,
2941 1879 3028 1935 lib.
3076 1882 3130 1949 1,
3172 1899 3291 1955 cap.
3338 1885 3454 1957 14).

1867 1958 2248 2018 Verumtamen
2277 1965 2378 2020 hoc
2401 2007 2416 2034 ,
2459 1967 2618 2020 etiam
2649 1967 2764 2023 haec
2789 1986 2948 2039 quam
2979 1987 3118 2028 nunc
3142 1975 3331 2044 posui,
3364 1985 3457 2032 tua

1861 2055 2142 2123 responsio
2179 2047 2498 2114 conﬁtetur.
2530 2059 2719 2114 Dixisti
2745 2063 2886 2117 enim
2909 2105 2922 2129 ,
2955 2063 3112 2120 ﬁdem
3140 2067 3457 2128 catholicam

1861 2160 1981 2202 esse
2001 2149 2166 2218 ,‘quaa
2196 2156 2253 2205 et
2277 2150 2504 2206 liberum
2533 2153 2703 2210 credit
2728 2156 3002 2212 arbitrium
3025 2200 3040 2226 ,
3074 2168 3128 2214 et
3157 2159 3325 2217 Deum
3360 2177 3456 2218 na-

1862 2239 2125 2294 scentium
2170 2243 2523 2299 conditorem.
2573 2247 2736 2314 Quod-
2753 2257 3037 2321 utrumque
3074 2252 3308 2309 omnium
3339 2253 3454 2311 hae.

1860 2334 2147 2390 reticorum
2170 2377 2184 2402 ,
2229 2336 2549 2394 Manichaeos
2575 2351 2779 2396 certum
2820 2354 2901 2398 est
2933 2345 3207 2402 vobiscum
3236 2364 3452 2419 negare.

1931 2429 2067 2483 Anc.
2117 2426 2390 2484 Manichmi
2441 2430 2604 2503 (quod
2647 2433 2831 2490 videre
2876 2451 2979 2490 non
3023 2436 3205 2506 vultis)
3247 2455 3276 2496 a
3302 2441 3455 2498 vobis

1859 2520 2036 2588 potius
2061 2521 2397 2591 adjuvantur,
2429 2525 2516 2594 qui
2549 2532 2628 2579 tot
2653 2534 2708 2581 et
2726 2535 2870 2581 tanta
2892 2529 3027 2583 mala
3059 2546 3178 2602 quae
3204 2535 3310 2604 pati
3333 2549 3457 2604 par-

1860 2615 2016 2670 vulos
2043 2616 2338 2684 cernimus,
2370 2633 2474 2672 non
2505 2619 2710 2675 meritis
2745 2632 3082 2691 peccatorum
3108 2667 3122 2692 ,
3174 2626 3267 2681 sed
3303 2627 3454 2698 genti

1860 2705 2098 2761 tribuunt
2131 2709 2488 2764 tenebrarum.
2534 2711 2650 2766 Non
2679 2714 2821 2768 enim
2855 2715 3196 2790 habetis‘quo
3215 2717 3453 2791 fugiatis,

1859 2800 2072 2868 quando
2113 2817 2142 2855 a
2179 2801 2329 2858 vobis
2380 2805 2519 2859 mala
2555 2804 2654 2860 ista
2694 2807 2834 2863 unde
2871 2810 2978 2864 sint
3022 2822 3452 2881 percunctantur.

1858 2892 1965 2949 Sed
1990 2895 2146 2952 nobis
2169 2897 2235 2953 ad
2264 2898 2492 2954 liberum
2514 2900 2791 2956 arbitrium
2830 2902 3060 2960 hominis
3084 2949 3098 2973 ,
3135 2923 3240 2978 quo
3267 2918 3458 2964 natura

1860 2984 2091 3044 humana
2113 3032 2127 3055 ,
2176 3006 2296 3046 cum
2326 2991 2465 3047 bona
2507 2993 2662 3049 fuerit
2702 2995 2941 3050 instituta
2961 3039 2976 3063 ,
3005 2998 3188 3054 vitiata
3215 3009 3318 3068 est,
3341 2999 3457 3057 bzec

1859 3082 2037 3136 omnia
2066 3081 2423 3140 referentibus
2441 3126 2458 3153 ,
2486 3085 2752 3143 catholica
2783 3089 3057 3146 vobiscum
3082 3092 3307 3162 veritate
3332 3095 3454 3149 vin-

1858 3181 2069 3229 cuntur.

1930 3265 2060 3322 ClIl.
2093 3266 2213 3324 ἔω..
2241 3269 2438 3325 Verum
2467 3271 2590 3343 quia
2612 3271 2736 3330 ﬁdei
2762 3275 3040 3332 catholicae
3067 3318 3083 3346 ,
3113 3278 3264 3349 cujus
3283 3279 3453 3338 solido

1858 3358 2089 3415 nudatus
2113 3375 2172 3416 es
2194 3404 2210 3429 ,
2238 3364 2388 3432 quasi
2419 3366 2705 3422 amiculum
2738 3376 2918 3436 tenue,
2947 3371 3119 3427 solum
3142 3387 3337 3430 nomen
3361 3389 3452 3430 as-

1858 3452 2026 3507 sumis
2049 3494 2064 3520 ,
2098 3453 2179 3509 vis
2207 3469 2304 3510 nos
2343 3457 2594 3526 credere,
2637 3459 2797 3516 etiam
2836 3477 2868 3516 a
2898 3471 2951 3518 te
2977 3463 3079 3519 hoc
3114 3465 3283 3522 teneri
3308 3467 3452 3537 quod

1857 3544 2106 3600 catholici
2146 3546 2506 3618 conﬁtentur,
2552 3551 2605 3606 id
2651 3561 2766 3619 est,
2813 3564 2867 3609 et
2909 3555 3136 3612 liberum
3175 3559 3452 3616 arbitrium

1858 3651 1980 3694 esse
2005 3639 2058 3692 in
2081 3639 2384 3696 hominibus
2411 3685 2426 3710 ,
2465 3651 2521 3698 et
2548 3644 2710 3699 Deum
2740 3649 3070 3704 nascentium
3094 3651 3448 3708 conditorem.

1858 3730 1965 3787 Sed
1991 3733 2038 3786 si
2066 3733 2168 3789 hoc
2192 3750 2224 3790 a
2252 3743 2302 3789 te
2332 3736 2646 3806 simpliciter
2676 3737 3006 3810 fideliterque
3050 3743 3311 3812 prolatum
3346 3751 3448 3811 est,

1857 3826 2018 3880 linem
2053 3827 2332 3882 certamini
2360 3829 2572 3898 impone
2593 3830 2846 3898 silentio;
2873 3832 3010 3889 fama
3043 3835 3110 3890 ad
3144 3851 3242 3892 nos
3265 3838 3476 3895 crimi-.

1857 3920 2098 3975 nantium
2129 3932 2402 3988 recurrat,
2431 3923 2523 3994 qui
2562 3923 2613 3978 id
2643 3925 3000 3996 objecerimus
3035 3929 3159 3998 tibi,
3191 3931 3334 4002 quod
3359 3948 3450 3989 se-

1855 4027 1983 4068 cura
2025 4014 2043 4046 ¹
2082 4016 2363 4085 negatione
2416 4015 2699 4074 deleveris.
2752 4019 2866 4075 Hoc
2910 4021 3083 4076 solum
3137 4022 3262 4079 huic
3311 4023 3451 4081 adde

1855 4106 2133 4162 sententize
2152 4148 2167 4173 ,
2215 4107 2387 4178 siqua
2425 4109 2635 4164 inventa
2664 4110 2824 4166 fuerit
2847 4122 2991 4168 secta
3017 4156 3032 4182 ,
3060 4115 3102 4169 si
3129 4130 3231 4186 qua
3259 4115 3446 4188 dispu-

1857 4201 2008 4268 tatio,
2033 4217 2154 4272 quae
2182 4201 2320 4256 hanc
2348 4202 2613 4273 duplicem
2645 4203 3061 4274 confessionem,
3088 4224 3244 4278 quam
3273 4209 3450 4266 catho-

1855 4295 2010 4351 licam
2040 4309 2162 4351 esse
2204 4295 2566 4366 professus'es
2587 4340 2602 4364 ,
2647 4299 2822 4369 aliqua
2853 4311 3078 4356 conetur
3101 4314 3444 4373 argumenta-

1857 4389 2000 4445 tione
2033 4391 2371 4455 convellere,
2415 4404 2508 4447 aut
2537 4402 2681 4447 tuam
2717 4410 2822 4448 non
2850 4409 2968 4450 esse
2991 4436 3006 4459 ,
3043 4402 3135 4449 aut
3169 4411 3198 4448 ει
3229 4406 3279 4451 te
3313 4398 3447 4452 ulte-

1853 4483 1967 4538 rius
1994 4497 2102 4538 non
2143 4483 2379 4540 defendi.
2424 4485 2479 4540 Si
2509 4496 2687 4540 autem
2725 4485 2909 4554 juvat,
2941 4503 3004 4542 ea
3045 4503 3165 4556 qua:
3207 4487 3484 4562 dicturus,
3524 4489 3534 4499 ’

1853 4589 1912 4629 es
1949 4590 2208 4646 negasse,
2251 4576 2499 4646 locupleti
2522 4577 2683 4632 etiam
2721 4576 3079 4647 diSputatione
3123 4578 3440 4648 defendere;
3477 4627 3488 4664 μ

1852 4667 2060 4737 explica
2104 4667 2440 4723 deﬁnitiones
2484 4669 2637 4724 liberi
2663 4669 2902 4736 arbitrii,
2933 4678 2988 4724 et
3013 4669 3150 4726 ﬁnes
3187 4671 3303 4742 ejus
3331 4673 3446 4728 dis-

1857 4758 2205 4815 tinctionibus
2256 4761 2516 4815 absolutis
2569 4760 2717 4830 quasi
2775 4760 3090 4830 quibusdam
3145 4763 3299 4835 cinge
3373 4765 3441 4820 li-

1851 4851 2088 4907 mitibus.
2809 4926 2812 4928 γ

1921 4947 2058 5002 Anc.
2115 4943 2319 5000 Inimici
2373 4954 2428 5002 et
2477 4944 2828 5014 defensores,
2882 4947 3108 5002 liberum
3163 4949 3440 5006 arbitrium

1850 5039 2183 5096 defendendo
2229 5040 2500 5110 premitis,
2549 5040 2689 5111 quod
2719 5039 2786 5095 ad
2827 5057 2953 5096 suos
2978 5041 3176 5099 limites
3204 5046 3442 5100 revocari

1850 5134 2231 5204 omnipotentis
2259 5144 2314 5189 et
2355 5133 2467 5189 veri
2496 5133 2796 5191 defensoris
2832 5136 3070 5193 bonitate
3107 5153 3213 5194 non
3253 5140 3432 5196 vultis.
3479 5141 3481 5146 “

1918 5226 2054 5283 CIV.
2099 5227 2218 5284 IUL.
2268 5227 2434 5282 Deum
2481 5241 2693 5298 quoque
2733 5228 2916 5284 talium
2954 5229 3227 5287 hominum
3257 5247 3440 5290 assere

1849 5321 2218 5390 conditorem,
2263 5323 2446 5393 quales
2493 5322 2741 5379 manibus
2776 5323 2893 5395 ejus
2936 5325 3262 5398 justitiaaqne
3304 5341 3437 5382 con-

1849 5418 2089 5472 veniunt.

1919 5511 2054 5566 Auc.
2104 5509 2150 5564 Ο
2175 5509 2321 5564 stulti
2368 5509 2600 5566 haeretici
2642 5510 2802 5566 novil
2850 5509 2895 5564 si
2934 5510 3177 5565 manibus
3203 5510 3296 5566 Dei
3326 5526 3435 5568 non

1848 5603 2174 5659 conveniunt
2203 5619 2364 5673 opera
2397 5603 2608 5670 vitiosa,
2643 5602 2897 5673 numquid
2924 5604 3168 5658 manibus
3191 5603 3280 5659 Dei
3303 5606 3432 5660 sub-

1845 5695 2060 5752 trahere
2081 5695 2190 5750 ulla
2217 5695 2492 5751 hominum
2525 5711 2747 5766 corpora
2770 5695 3032 5752 audebitis
3051 5738 3066 5764 ,
3093 5713 3212 5768 quae
3239 5698 3432 5755 videtis

1845 5807 1986 5864 saepe
2013 5791 2161 5848 nasci
2201 5792 2455 5847 nonnulla
2489 5791 2719 5846 vitiosa?
2749 5789 2855 5847 Cur
2880 5807 2987 5848 non
3027 5806 3154 5863 ergo
3185 5802 3431 5850 naturam

1907 5942 1928 5984 ί
1961 5949 2034 6002 sic
2051 5954 2159 6002 Is.
2183 5947 2302 6001 Editi
2322 5962 2457 6012 vero,
2477 5955 2654 6000 secuta.

2578 6031 3142 6114 (Quartana-une.)
3423 6089 3485 6116 Α..
