3996 6528
546 455 679 514 1291

448 625 451 628 .
544 564 797 640 primario
836 562 1113 637 peccantis
1160 560 1395 617 hominis
1443 558 1664 615 arbitrio
1710 554 1947 611 vitiatam
1998 565 2121 607 cum

542 655 805 712 catholica
845 654 1071 710 veritate
1097 651 1372 714 fatemini,
1412 648 1484 705 de
1523 662 1625 717 qua
1658 646 1798 703 Deus
1830 643 1955 699 facit
1979 640 2123 713 quod

542 765 649 807 non
688 749 862 804 solum
903 744 1091 802 artifici
1135 744 1313 809 bono,
1364 740 1461 797 sed
1500 740 1662 795 etiam
1686 736 1849 808 iudici
1876 734 2125 791 convenit

540 842 718 914 justo;
764 856 831 896 ne
866 837 1141 895 Manichaei
1175 851 1274 892 vos
1299 841 1493 905 cogant
1522 831 1754 887 humana
1775 843 1997 898 corpora
2025 827 2124 882 tri-

548 932 711 988 buere
736 930 926 987 artiﬁci
956 929 1189 998 maligno
1212 936 1268 984 et
1293 923 1534 997 iniusto?

615 1022 723 1079 CV.
754 1021 873 1083 Jun.
914 1021 1152 1088 Quorum
1189 1026 1336 1085 certe
1366 1015 1497 1071 nihil
1524 1030 1557 1071 a
1584 1024 1635 1069 te
1660 1022 1838 1069 actum
1871 1020 1953 1069 est
1982 1029 1995 1063 :
2027 1008 2124 1067 sed

544 1124 827 1187 postquam
870 1111 1193 1183 respondisti
1239 1107 1545 1167 Catholicos
1587 1107 1814 1163 liberum
1842 1102 2123 1177 arbitrium

514 1206 818 1274 'conIiteri,
849 1204 917 1260 de
940 1218 1166 1275 quorum
1192 1211 1245 1259 te
1275 1215 1499 1277 nurnero
1531 1213 1652 1255 esse
1670 1194 1969 1271 contingis;
2010 1202 2122 1247 sta-

544 1301 638 1358 tim
685 1299 1049 1355 detinitionem
1095 1294 1419 1363 admovisti,
1464 1307 1585 1364 quae
1633 1290 1684 1346 id
1729 1286 1873 1361 quod
1913 1286 2124 1342 dedisse

544 1393 816 1451 videbaris
843 1393 1094 1462 eriperet.
1121 1389 1216 1447 Ais
1238 1388 1380 1444 enim
1411 1405 1428 1443 :
1463 1405 1485 1440 ι
1511 1384 1619 1442 Sed
1641 1385 1687 1440 si
1715 1382 1834 1454 quis
1850 1381 1919 1439 ad
1943 1380 2127 1437 colen-

540 1485 673 1557 dum
701 1493 847 1541 recte
876 1484 1043 1539 Deum
1066 1523 1080 1549 ,
1124 1482 1243 1538 sine
1269 1481 1434 1552 ipsius
1458 1478 1724 1550 adjutorio
1748 1475 1878 1531 dicit
1912 1489 2032 1531 esse
2069 1474 2124 1529 in

542 1575 848 1635 hominibus
881 1575 1107 1629 liberum
1150 1572 1462 1637 arbitrium,
1503 1570 1590 1624 hic
1627 1568 1943 1639 Pelagianus
1966 1580 2127 1621 voca-

542 1677 652 1724 tur.
685 1688 706 1722 ι
758 1668 828 1741 Et
855 1667 980 1724 item
1011 1685 1025 1719 :
1059 1685 1080 1720 ι
1116 1667 1365 1722 Liberum
1404 1664 1680 1720 arbitrium
1709 1678 1828 1719 esse
1864 1661 1917 1717 in
1946 1659 2122 1716 homi-

542 1746 699 1829 nibus
739 1760 985 1830 dicimus.
1028 1758 1283 1816 Liberum
1325 1766 1503 1813 autem
1542 1770 1864 1828 quemquam
1898 1766 2017 1809 esse
2056 1750 2123 1811 ad

540 1852 802 1926 agendum
822 1852 1042 1908 bonum.
1082 1870 1101 1903 ι

610 1945 745 2007 Anc.
776 1943 852 2000 lbi
877 1943 923 1999 si
950 1941 1306 2012 adjunxisses,
1344 1959 1362 1993 ι
1392 1938 1629 1995 haeretici
1654 1937 1874 2003 dicunt;
1899 1956 1919 1991 ι
1945 1950 2123 2007 quam-

539 2039 623 2107 vis
643 2053 744 2110 ego
770 2036 935 2092 verba
960 2035 1059 2107 ista
1089 2050 1193 2090 non
1221 2033 1468 2099 dixerim,
1498 2047 1530 2088 a
1558 2046 1677 2087 mea
1708 2040 1886 2089 tamen
1909 2039 2125 2086 senten-

538 2131 609 2188 tia
653 2145 760 2187 non
801 2129 1135 2185 recessisses.
1184 2126 1383 2183 Verum
1421 2132 1507 2182 est
1542 2126 1684 2181 enim
1726 2125 2005 2181 lueretices
2035 2123 2121 2178 di-

537 2239 698 2292 cere,
727 2222 780 2279 id
811 2230 925 2287 est,
960 2237 1052 2277 vos
1082 2221 1265 2290 ipsos,
1303 2219 1528 2275 liberum
1566 2233 1686 2274 esse
1709 2231 2027 2288 quemquam
2054 2214 2122 2271 ad

537 2314 804 2389 agendum
838 2314 1037 2371 bonum
1068 2312 1183 2367 sine
1211 2310 1477 2383 adjutorio
1504 2310 1618 2364 Dei.
1658 2308 1764 2365 Sed
1792 2323 1889 2363 cur
1916 2306 1986 2363 ibi
2015 2322 2121 2379 non

539 2406 759 2480 legerim
779 2444 794 2470 ,
832 2423 851 2457 α
882 2405 999 2464 sine
1028 2401 1293 2474 adiutorio
1321 2400 1448 2473 Dei,
1486 2418 1503 2452 ι
1539 2416 1657 2468 quae
1688 2398 1740 2453 in
1770 2398 1871 2453 hac
1901 2405 2120 2452 senten-

540 2499 612 2555 tia
637 2498 798 2554 verba
828 2511 946 2552 mea
972 2495 1131 2551 etiam
1160 2494 1277 2564 ipse
1303 2493 1458 2564 paulo
1494 2500 1618 2547 ante
1646 2490 1905 2563 posuisti;
1936 2505 2122 2560 quam-

538 2591 629 2647 diu
650 2604 889 2661 possum,
916 2585 1174 2643 mendoso
1194 2584 1369 2656 potius
1390 2583 1560 2640 codici
1591 2583 1790 2648 tribuo,
1812 2596 1970 2653 quam
1990 2580 2119 2639 tibi:

539 2681 629 2737 dic
656 2672 784 2752 ergo
809 2687 1021 2747 cetera.
1298 2742 1301 2749 ι

608 2760 739 2827 CV1.
768 2769 889 2844 Jun.
922 2767 1072 2837 Quod
1103 2765 1243 2823 enim
1265 2766 1364 2832 ais,
1396 2763 1759 2839 adcolendum
1783 2771 1927 2819 recte
1954 2762 2120 2818 Deum

534 2865 656 2931 sine
686 2862 851 2933 ipsius
875 2859 1158 2941 adjutorio,
1183 2858 1285 2931 dici
1307 2873 1334 2912 a
1366 2857 1538 2927 nobis,
1568 2854 1813 2911 sufﬁcere
1842 2854 2121 2926 unicuique

539 2955 842 3011 libertatem
867 2951 1102 3016 arbitrii,
1144 2950 1360 3005 omnino
1385 2948 1643 3002 mentiris.
1673 2945 1804 3002 Cum
1832 2948 1972 3002 enim
2003 2947 2121 3003 cul-

541 3030 625 3102 tus
654 3045 747 3101 Dei
773 3043 955 3099 multis
979 3032 1299 3112 intelligatur
1324 3038 1499 3095 modis
1520 3080 1536 3105 ,
1558 3037 1682 3094 etin
1707 3037 1943 3092 custodia
1969 3052 2117 3092 man.

539 3136 784 3192 datorum
806 3176 822 3201 ,
869 3143 922 3189 et
952 3133 1006 3188 in
1030 3131 1399 3188 exsecratione
1423 3129 1670 3184 vitiorum
1697 3170 1710 3194 ,
1758 3139 1811 3184 et
1839 3128 1891 3183 in
1922 3128 2124 3201 simpli—

539 3230 703 3287 citate
751 3227 1171 3295 conversationis
1195 3268 1211 3294 ,
1251 3232 1307 3279 et
1334 3224 1387 3279 in
1415 3224 1602 3297 ordine
1628 3222 1998 3297 mysteriorum
2020 3266 2035 3290 ,
2069 3216 2124 3281 et

532 3298 595 3378 in
635 3290 995 3393 profunditate
1035 3290 1338 3388 dogmatum
1364 3356 1379 3381 ,
1424 3330 1541 3386 qua:
1566 3290 1633 3369 de
1660 3290 1917 3370 Trinitate
1943 3306 2028 3371 vel
2055 3314 2124 3371 de

538 3402 967 3474 resurrectione,
1010 3402 1297 3478 multisque
1337 3405 1454 3461 aliis
1500 3398 1762 3461 similibus
1801 3405 1934 3462 ﬁdes
1974 3404 2121 3461 chri-

543 3501 716 3557 stiana
757 3492 1100 3570 consequitur
1130 3515 1144 3552 :
1176 3497 1264 3567 qui
1295 3495 1410 3551 ﬁeri
1453 3504 1657 3567 potest,
1704 3492 1762 3550 u't
1789 3498 1883 3550 nos
1910 3496 1960 3573 in
1989 3492 2121 3552 con-

538 3592 659 3648 fuso
683 3592 924 3648 dicamus
949 3633 964 3658 ,
1004 3590 1127 3665 _sine
1154 3590 1415 3659 adjutorio
1454 3586 1544 3644 Dei
1582 3586 1807 3644 liberum
1847 3572 2122 3644 arbitrium

540 3680 814 3742 sufﬁciens
861 3664 927 3738 ad
976 3676 1089 3754 ejus
1135 3696 1256 3737 esse
1304 3680 1604 3745 culturam,
1646 3696 1765 3733 cum
1793 3674 2029 3751 legamus
2068 3681 2121 3737 in

541 3774 834 3846 Evangelia
859 3773 1122 3830 dicentem
1151 3772 1429 3827 Dominum
1452 3813 1467 3838 ,
1494 3768 1749 3842 Conﬁteor
1774 3770 1863 3825 tibi
1885 3814 1900 3839 ,
1942 3766 2119 3841 Pater,

538 3866 758 3929 Domine
784 3866 894 3923 σαειὶ
920 3876 966 3922 et
1005 3875 1151 3921 terrm
1170 3907 1187 3934 ,
1222 3865 1309 3937 qui
1339 3862 1647 3919 abscondisti
1686 3858 1793 3919 haec
1822 3882 1852 3917 α
1877 3864 2121 3936 sapienti-

539 3958 634 4017 bus
662 3969 707 4015 et
736 3954 1057 4030 prudentibus
1077 4001 1089 4021 ,
1122 3967 1168 4012 et
1188 3942 1415 4012 reueiasti
1439 3974 1500 4011 ea
1528 3956 1785 4029 paruulis;
1812 3958 1882 4011 ita
1902 4000 1917 4024 ,
1942 3938 2119 4025 Pater,

540 4053 775 4124 quoniam
814 4053 885 4107 sic
915 4050 1011 4122 fuit
1060 4050 1441 4118 beneplacitum.
1455 4058 1572 4103 ante
1597 4048 1644 4104 te
1693 4047 1904 4118 (Matth.
1932 4066 1984 4104 ιι
2006 4092 2021 4118 ,
2052 4046 2122 4105 25

541 4154 589 4198 ει
608 4136 893 4216 26)?Cum
921 4140 1104 4210 utique
1133 4141 1231 4194 ista
1258 4140 1464 4205 omnia,
1489 4148 1594 4193 tam
1620 4153 1738 4209 quae
1767 4136 2118 4210 dogmatibus,

542 4249 700 4305 quam
744 4247 863 4304 quae
910 4230 1180 4304 mysteriis
1223 4229 1603 4296 continentur,
1650 4228 1869 4285 libertas
1918 4226 2122 4286 arbitrii

539 4340 640 4398 per
666 4322 725 4381 se
761 4341 867 4380 non
912 4323 1143 4394 potuerit
1183 4320 1424 4377 invenire
1454 4339 1469 4377 :
1498 4318 1736 4392 quamvis
1774 4330 1955 4377 utnec
1982 4318 2119 4378 idola

540 4416 875 4484 colerentur,
917 4428 1018 4470 nec
1042 4410 1188 4469 Deus
1223 4408 1313 4484 qui
1350 4412 1717 4468 innotescehat
1745 4412 1926 4468 mundi
1957 4414 2121 4485 ipsius

541 4504 783 4565 conditor
821 4500 1162 4578 sperneretur
1186 4547 1200 4571 ,
1248 4504 1499 4574 MagiSIro
1537 4502 1785 4561 Gentium
1822 4513 1955 4560 teste
1979 4547 1992 4572 ,
2027 4506 2120 4560 do-

541 4617 663 4658 cere
689 4602 920 4673 potuerit
957 4599 1092 4655 ratio
1118 4592 1377 4653 naturalis
1408 4596 1582 4668 (Rom.
1613 4612 1651 4663 ι,
1681 4597 1797 4671 20).
1850 4597 1965 4652 Non
1995 4608 2121 4669 ergo

538 4692 646 4747 hoc
669 4692 810 4763 quod
841 4691 994 4762 lingis
1013 4732 1027 4756 ,
1068 4698 1159 4745 aut
1186 4696 1283 4744 nos
1315 4696 1405 4744 aut
1434 4690 1708 4759 quisquam
1734 4688 1861 4744 dicit
1884 4689 2119 4760 pruden-

543 4778 677 4841 tium
715 4801 728 4839 :
772 4783 866 4839 Sed
911 4781 1239 4838 aiiirmamus
1278 4796 1309 4835 a
1338 4781 1447 4835 Deo
1496 4780 1608 4835 fieri
1646 4776 1917 4836 hominem
1967 4780 2118 4836 liberi

540 4874 780 4939 arbitrii,
816 4888 1046 4942 eumque
1070 4872 1360 4926 innumeris
1387 4870 1580 4925 divinae
1603 4872 1811 4941 gratite
1838 4866 2118 4942 speciebus

541 4966 737 5038 iuvari,
766 4967 849 5022 cui
879 4964 1132 5037 possibile
1160 4965 1230 5019 sit
1253 4965 1335 5019 vel
1363 4978 1575 5020 servare
1605 4964 1698 5019 Dei
1728 4964 1995 5031 mandata,
2032 4964 2119 5020 vel

543 5057 855 5130 transgredi.
906 5058 972 5113 Et
1014 5058 1116 5112 hoc
1162 5066 1243 5112 est
1272 5056 1358 5110 ubi
1406 5056 1630 5111 liberum
1680 5055 1959 5110 arbitrium
1999 5071 2118 5112 esse

541 5150 875 5207 defendimus
893 5191 910 5219 ,
940 5159 996 5203 ut
1022 5164 1141 5205 cum
1172 5149 1313 5205 Deus
1334 5150 1444 5202 iam
1468 5148 1648 5203 multis
1674 5146 1847 5203 modis
1873 5147 2116 5219 benigni.

528 5244 701 5297 tatem
743 5256 890 5296 suam
936 5246 1167 5305 asserat,
1217 5239 1269 5294 id
1316 5247 1427 5305 est,
1481 5239 1865 5309 principiendo,
1902 5241 2119 5297 benedi-

542 5336 735 5402 cendo,
757 5332 1155 5398 sanctiﬁcando,
1183 5333 1503 5397 coercendo,
1524 5332 1884 5402 provocando,
1918 5333 2117 5388 illumi-

541 5424 718 5481 nando
744 5468 757 5490 ,
805 5426 1163 5495 unusquisque
1208 5432 1390 5479 eorum
1431 5424 1522 5495 qui
1559 5424 1668 5494 jam
1699 5425 1903 5481 ratione
1931 5426 2136 5491 utitur,

532 5517 762 5573 liberum
809 5515 1034 5583 habeat,
1081 5512 1406 5571 voluntatem
1456 5515 1548 5570 Dei
1598 5515 1679 5570 vel
1732 5531 1945 5572 servare
1967 5558 1983 5583 ,
2035 5517 2116 5571 vel

532 5620 809 5678 spernere.

609 5699 743 5756 Auc.
773 5698 905 5753 Tam
935 5696 1100 5752 multa
1124 5695 1259 5752 dicis
1276 5694 1467 5766 quibus
1496 5709 1594 5749 nos
1623 5694 1837 5765 adjuvat
1863 5696 2032 5765 Deus,
2064 5696 2117 5754 id

536 5798 640 5857 est,
672 5808 693 5843 ι
721 5790 1095 5861 prmeipiendo,
1126 5786 1511 5850 benedicendo,
1542 5787 1942 5856 sanctiﬁcando,
1973 5804 2117 5845 coer-

538 5883 742 5953 cendo,
793 5881 1160 5954 provocando,
1209 5879 1597 5943 illuminanda:
1635 5900 1654 5934 ι
1706 5892 1761 5939 et
1806 5898 1914 5939 non
1952 5883 2107 5952 dicis,

1197 444 1441 504 OPERIS
1464 439 1884 521 lMPERFECTl
1916 435 2191 497 CONTRA
2227 434 2584 501 JUDIANUM,
2624 439 2685 495 S.
2726 435 3089 499 AUGUSTINI

3666 439 3801 499 im

2232 550 2553 607 Charitatem
2580 552 2784 618 dando;
2810 568 2929 609 cum
2945 553 3087 609 dicat
3103 553 3334 610 Joannes
3346 554 3641 624 apostolus,
3673 553 3804 611 Cha-

2230 640 2355 695 ritas
2373 658 2436 697 ea:
2455 641 2563 697 Deo
2583 652 2654 699 est
2684 642 2725 714 (I
2749 641 2906 698 Joan.
2938 660 3011 711 iv,
3029 641 3113 725 '7).
3147 643 3452 725 Unde-item
3480 644 3642 725 dicit,
3674 644 3801 701 Ecce

2231 735 2429 805 qualem
2466 736 2756 791 charitatem
2795 728 2932 791 dedit
2956 717 3096 792 nobis
3116 717 3270 791 Paler
3288 779 3303 805 ,
3332 748 3384 793 ut
3411 718 3506 809 [itii
3539 720 3633 793 Dei
3658 756 3799 794 uoce-

2231 844 2363 893 mur,
2394 836 2441 882 et
2466 829 2622 885 simus
2649 827 2759 903 (Id.
2790 845 2867 895 ut,
2897 828 2971 911 υτ
3002 829 3059 884 in
3083 818 3482 911 baccharitatc,
3515 847 3634 902 quae
3658 820 3800 887 cordi

2230 919 2499 988 humano,
2532 916 2758 993 spiritu,
2808 932 2913 979 non
2958 902 3128 981 littera
3163 910 3348 989 datur,
3383 904 3540 982 etiam
3575 936 3803 997 potestas

2230 1013 2315 1068 illa
2347 1014 2687 1093 intelligitur,
2733 1013 2800 1072 de
2822 1032 2923 1087 qua
2956 1016 3091 1072 idem
3127 1034 3239 1087 ipse
3281 1018 3335 1093 in
3363 1002 3649 1091 Evangciio
3687 1037 3798 1083 suo,

2230 1090 2383 1181 Dedit
2407 1105 2505 1173 eis,
2545 1103 2746 1177 inquit,
2792 1094 3084 1176 potestaiem
3123 1108 3257 1176 ﬁlios
3287 1090 3381 1163 Dei
3553 1107 3731 1181 (Joan.
3765 1127 3797 1177 ι,

2232 1172 2343 1258 49).
2388 1194 2535 1251 Hanc
2582 1172 2677 1252 vos
2713 1172 2801 1251 ab.
2828 1194 3041 1253 homine
3079 1172 3199 1255 esse
3245 1172 3423 1255 dicitis
3469 1172 3667 1255 homini
3712 1172 3801 1271 per

2230 1280 2453 1340 liberum
2498 1286 2771 1342 arbitrium
2796 1330 2812 1357 ,
2854 1289 3094 1360 spiritum
3127 1282 3378 1345 habentes
3406 1286 3559 1361 hujus
3596 1290 3797 1358 mundi,

2230 1391 2335 1453 non
2359 1393 2477 1432 eum
2517 1379 2606 1449 qui
2653 1396 2717 1434 ex
2749 1380 2857 1435 Deo
2880 1389 2994 1446 est;
3039 1376 3256 1453 propter
3280 1378 3419 1452 quod
3445 1382 3661 1438 nescitis
3684 1396 3801 1453 qua:

2227 1482 2259 1523 a
2291 1452 2399 1524 beo
2428 1466 2619 1525 donata
2647 1472 2759 1553 sint,
2779 1470 2929 1527 nobis
2952 1469 2995 1545 (ι
3024 1470 3140 1527 Cor.
3167 1470 3237 1538 ιι.
3269 1470 3376 1546 is).
3419 1472 3542 1529 ideo
3580 1490 3679 1530 nec
3706 1452 3801 1544 pa—

2229 1575 2346 1616 cem
2373 1560 2578 1618 habetis
2603 1578 2723 1618 cum
2752 1563 2987 1619 Ecclesia
3008 1608 3022 1631 ,
3051 1560 3117 1620 de
3154 1582 3257 1637 qua
3297 1566 3509 1634 existis;
3547 1583 3648 1622 nec
3672 1566 3802 1622 cha-

2228 1656 2438 1711 ritatem
2462 1698 2478 1723 ,
2519 1672 2674 1727 quam
2701 1658 2793 1714 Dei
2832 1673 2949 1714 esse
2977 1656 3175 1715 donum
3214 1659 3449 1731 negatis;
3495 1676 3593 1716 nec
3621 1646 3802 1727 Iidem,

2227 1748 2347 1819 quia
2371 1746 2604 1804 hmretici
2626 1750 2754 1827 estis
2786 1769 2798 1804 :
2830 1751 3082 1823 quoniam
3111 1768 3213 1822 ραι
3244 1752 3485 1823 fratribus
3509 1761 3553 1808 et
3582 1752 3802 1808 Charitas

2226 1855 2343 1893 cum
2365 1834 2486 1908 ﬁde,
2518 1856 2623 1896 non
2644 1841 2710 1897 ab
2732 1832 2966 1897 humano
2999 1843 3203 1899 libero‘
3235 1843 3452 1900 arbitrio
3472 1887 3487 1911 ,
3516 1844 3611 1901 sed
3638 1862 3669 1899 a
3698 1844 3803 1900 Deo

2227 1929 2385 1985 Patre
2428 1940 2475 1986 et
2512 1930 2732 1989 Domino
2772 1934 2899 1989 .Iesu
2942 1934 3141 1991 Christo
3186 1934 3403 2008 (Ep/tes.
3442 1951 3533 2003 vr,
3575 1935 3691 2009 25).
3753 1935 3804 1994 Si

2227 2022 2469 2092 agnoscis
2498 2024 2551 2079 in
2580 2022 2665 2079 his
2690 2024 2866 2082 verbis
2894 2024 3083 2096 dogma
3111 2028 3457 2098 apostolicum
3479 2069 3495 2095 ,
3527 2037 3581 2084 et
3605 2028 3659 2083 in
3685 2045 3806 2084 ver-

2227 2112 2308 2168 bis
2338 2115 2439 2193 tuis
2468 2130 2696 2186 agnosce
2724 2126 2775 2173 te
2797 2110 3123 2172 hmreticum.

2295 2196 2451 2260 CVII.
2482 2204 2604 2262 IUL.
2634 2203 2751 2262 Non
2774 2222 2901 2278 ergo
2929 2208 3043 2264 sine
3085 2206 3347 2278 adjutorio
3376 2208 3471 2266 Dei
3496 2206 3561 2264 ad
3604 2210 3806 2265 cultum

2225 2296 2377 2366 ejus,
2417 2299 2625 2369 qualem
2653 2298 2904 2355 eihibent
2928 2298 3115 2356 initiati
3145 2300 3438 2373 mysteriis,
3466 2302 3691 2358 liberum
3728 2321 3809 2358 ar-

2224 2388 2439 2444 bitrium
2480 2390 2725 2446 idoneum
2755 2391 3022 2448 credimus
3048 2409 3060 2446 :
3093 2393 3186 2449 sed
3215 2393 3407 2448 divina:
3439 2392 3705 2466 aequitatis
3735 2393 3811 2451 ιυξ

2226 2480 2490 2552 cupletem
2538 2472 2727 2539 iestem
2772 2476 3066 2540 libertatem
3104 2482 3308 2541 arbitrii
3351 2487 3714 2554 conlit'emur,
3753 2499 3810 2543 ut

2226 2582 2293 2629 eo
2322 2572 2557 2644 tempbre
2576 2592 2681 2647 quo
2721 2591 2818 2631 nos
2844 2572 3169 2633 manifestari
3198 2588 3404 2648 oportet
3423 2580 3547 2634 ante
3573 2579 3811 2636 tribunal

2225 2662 2450 2731 Christi,
2484 2678 2539 2724 et
2574 2670 2811 2740 recipere
2841 2682 3268 2744 unumquemque
3305 2673 3516 2744 propria
3542 2676 3809 2744 corporis,

2226 2756 2365 2814 sicut
2402 2760 2601 2831 gessit,
2647 2761 2759 2818 sive
2790 2762 3023 2831 bunum,
3064 2764 3178 2821 'sive
3224 2766 3455 2834 malum,
3494 2767 3624 2823 nihil
3666 2766 3815 2825 Deus

2226 2848 2421 2922 injuste
2456 2851 2694 2924 judicare
2717 2852 3004 2923 doceatur,
3035 2857 3124 2927 qui
3174 2858 3301 2912 nulli
3345 2850 3568 2929 imputat
3612 2876 3811 2931 pecca-

2226 2950 2339 2998 tum
2364 2985 2378 3010 ,
2407 2944 2506 2999 nisi
2534 2946 2675 3016 quod
2703 2946 2779 3013 is,
2819 2948 2908 3019 qui
2938 2957 3155 3021 propter
3180 2949 3307 3005 illud
3346 2951 3594 3022 punitur,
3640 2954 3815 3024 potuit

2227 3034 2283 3093 e't
2321 3036 2534 3093 cavere.

2296 3124 2432 3186 Atio.
2472 3128 2617 3186 Bene
2660 3146 2749 3186 me
2786 3140 3093 3189 eonimones
3132 3118 3255 3205 quid
3294 3144 3478 3191 contra
3516 3145 3567 3193 te
3610 3136 3812 3193 dicam.

2230 3218 2416 3275 Omnes
2457 3237 2547 3275 nos
2590 3231 2767 3290 certe,
2807 3224 2944 3279 sicut
2978 3216 3107 3279 dicit
3140 3222 3447 3296 Apostolus,
3491 3230 3819 3302 manifestari

2227 3306 2421 3384 oportet
2459 3309 2575 3369 ante
2600 3312 2818 3371 tribunal
2845 3314 3064 3383 Christi,
3107 3327 3163 3372 ut
3191 3316 3321 3389 ferai
3359 3321 3707 3392 unusquisque
3736 3340 3821 3379 se-

2227 3407 2444 3461 cundum
2468 3420 2526 3461 ea
2548 3420 2659 3478 qua
2682 3426 2771 3480 per
2798 3422 2979 3479 corpus
3002 3408 3152 3482 gessit
3170 3453 3185 3479 ,
3208 3411 3309 3466 sive
3333 3414 3534 3480 bonum,
3564 3414 3676 3468 'sive
3702 3432 3818 3469 ma-

2228 3489 2330 3553 lum
2378 3498 2443 3571 (Il
2486 3498 2699 3568 Conv,
2740 3494 2849 3571 10).
2895 3498 3162 3573 Nitmquid
3206 3505 3274 3559 ah
3314 3502 3413 3558 hac
3460 3505 3823 3563 universitate

2225 3588 2473 3662 parvulos
2510 3591 2816 3661 separabis’
2842 3590 2939 3649 Dic
2975 3607 3102 3664 ergo
3140 3594 3265 3664 quid
3312 3588 3437 3650 boni
3482 3608 3574 3665 per
3614 3610 3823 3668 corpus

2225 3681 2486 3753 gesserint
2516 3685 2729 3755 proprio
2756 3676 2923 3741 libero
2946 3686 3185 3753 arbitrio,
3214 3697 3270 3742 ut
3296 3686 3551 3757 recipiant
3580 3706 3823 3762 regnum

2225 3768 2321 3830 Dei
2347 3784 2452 3830 tam
2478 3776 2727 3848 'magnum
2752 3776 2946 3833 bonum
2974 3778 2988 3833 ὲ
3019 3780 3109 3834 aut
3138 3778 3263 3849 quid
3293 3780 3415 3834 mali
3441 3781 3653 3851 egerint
3686 3796 3826 3853 pro-

2228 3867 2339 3937 pria
2360 3867 2652 3935 voluntate,
2680 3865 2771 3940 qui
2796 3869 2995 3940 parvuli
3025 3870 3460 3927 abalienabantur
3481 3873 3548 3928 ab
3574 3873 3684 3930 hac
3714 3874 3828 3930 vita

2226 3958 2339 4016 Dei.
2368 3960 2520 4028 Quod
2544 3960 2607 4027 si,
2642 3970 2699 4015 ut
2726 3976 2945 4017 necesse
2972 3971 3073 4029 est,
3107 3961 3317 4018 fatearis
3342 3964 3458 4019 sine
3482 3963 3605 4019 ullis
3635 3965 3831 4035 Operi-

2224 4050 2326 4107 bus
2351 4051 2531 4107 libera:
2557 4048 2870 4118 voluntatis,
2901 4048 3017 4124 quae
3042 4052 3180 4124 gerit
3206 4055 3429 4125 quisque
3452 4068 3551 4124 per
3573 4070 3792 4127 corpus
3810 4100 3827 4125 ,

2222 4140 2345 4199 illos
2380 4142 2435 4198 in
2472 4141 2686 4198 Christo
2730 4141 3014 4209 viviﬁcari;
3066 4154 3164 4201 cur
3203 4150 3307 4200 non
3354 4144 3534 4202 fateris
3577 4147 3728 4204 istos
3774 4148 3833 4204 in

2227 4235 2394 4290 Adam
2422 4233 2580 4302 muri,
2609 4248 2729 4290 cum
2757 4235 2895 4290 scias
2918 4236 3085 4291 Adam
3103 4232 3319 4293 ChriSto
3344 4253 3375 4293 e
3393 4241 3674 4295 contrario
3704 4256 3836 4297 esse

2224 4325 2449 4382 formam
2472 4325 2675 4381 futuri?
2703 4329 2782 4381 An
2808 4327 3003 4383 clausis
3027 4329 3195 4383 oculis
3219 4344 3280 4384 os
3306 4328 3531 4399 apeiics,
3554 4341 3613 4385 et
3643 4330 3834 4400 dices,

2224 4418 2329 4475 illis
2348 4419 2404 4474 in
2432 4428 2538 4489 quo
2558 4418 2726 4474 renati
2752 4428 2875 4474 sunt
2894 4461 2907 4485 ,
2935 4420 3175 4489 spiritum
3207 4419 3466 4491 promisse
3484 4421 3751 4492 justitire,
3781 4434 3841 4479 et

2223 4512 2339 4567 istis
2366 4511 2419 4566 in
2456 4526 2559 4583 qua
2587 4511 2698 4567 nati
2721 4520 2879 4580 sunt,
2909 4527 3122 4568 carnem
3150 4520 3254 4569 non
3294 4513 3528 4571 bbi‘uisse
3554 4520 3791 4586 peccati
3820 4519 3847 4573 Y

2222 4604 2369 4672 Quis,
2395 4605 2495 4660 nisi
2521 4615 2634 4671 vas,
2662 4602 2766 4661 hoc
2784 4604 2961 4663 dicere
2984 4606 3195 4664 audebit
3210 4609 3234 4663 t
3252 4606 3464 4680 Maioris
3484 4626 3618 4666 vero
3644 4614 3844 4670 ξειςιιῑε

2224 4696 2466 4754 homines
2496 4699 2707 4769 quando
2738 4699 2957 4755 audiunt
3000 4699 3085 4755 vel
3124 4701 3336 4770 legunt,
3371 4718 3847 4780 unumquemque

2223 4796 2557 4862 recepturum
2579 4788 2867 4847 ‘secundum
2894 4807 2953 4847 ea
2984 4807 3101 4864 quae
3130 4804 3226 4863 per
3248 4806 3441 4864 corpus
3466 4797 3645 4866 gessit
3666 4841 3684 4863 ,
3722 4808 3844 4856 non

2221 4881 2417 4939 debent
2442 4883 2493 4937 in
2519 4898 2629 4938 suae
2660 4882 2944 4938 voluntatis
2968 4883 3159 4939 virtute
3184 4883 3488 4952 confidere;
3517 4888 3617 4943 sed
3664 4902 3852 4949 orare

2223 4976 2397 5047 potius
2421 4978 2582 5032 talem
2611 4977 2709 5031 sibi
2740 4991 2770 5031 a
2799 4978 3022 5032 Domino
3049 4980 3334 5050 pra-parari
3366 4978 3745 5053 voluntatem,
3784 4996 3851 5043 ut

2224 5084 2327 5124 non
2354 5070 2550 5132 intrent
2572 5069 2624 5123 in
2653 5070 3016 5124 tentationem.
3047 5067 3378 5139 Praeparatur
3400 5072 3539 5126 enim
3567 5077 3854 5136 uoluntas

2222 5174 2255 5214 a
2284 5160 2500 5214 Domino
2522 5157 2700 5233 (Prov.
2720 5177 2828 5226 VIII,
2852 5176 2950 5215 sec.
2976 5161 3176 5232 LXX);
3201 5172 3273 5228 et,
3300 5158 3473 5230 Orate,
3505 5165 3707 5236 inquit
3730 5171 3857 5227 Bo-

2222 5256 2396 5309 minus
2411 5254 2546 5325 ipse,
2566 5269 2629 5308 ne
2649 5255 2842 5309 intretis
2863 5256 2916 5309 in
2940 5256 3258 5310 munitionem
3280 5256 3490 5330 (Matth.
3515 5268 3686 5329 xxvi,
3721 5266 3855 5338 41);

2222 5356 2308 5415 et,
2342 5346 2558 5402 Oramus
2585 5347 2653 5401 ad
2684 5346 2848 5402 Deam
2867 5390 2882 5414 ,
2912 5349 2987 5403 ait
3012 5349 3330 5420 Apostolus,
3367 5367 3429 5406 ne
3454 5353 3577 5422 quid
3613 5359 3862 5425 faciatis

2221 5440 2345 5494 ntali
2374 5437 2441 5509 (ll
2468 5436 2586 5495 Cor.
2622 5454 2750 5507 xm,
2784 5440 2859 5512 7).
3349 5444 3360 5456 '

2292 5530 2467 5585 CVIII.
2505 5528 2623 5587 ιω..
2656 5531 2809 5586 Prior
2833 5546 2962 5602 ergo
2986 5534 3250 5588 sententia
3276 5542 3367 5589 tua
3397 5534 3527 5591 nihil
3553 5536 3865 5599 Obscuri-

2221 5633 2330 5682 tate
2350 5627 2714 5698 promovebit:
2744 5630 2978 5687 secunda
2997 5640 3145 5699 vero,
3168 5644 3269 5704 qua
3296 5632 3490 5702 repetis
3505 5673 3520 5699 ,
3546 5639 3868 5703 quoniam

2285 5830 2499 5902 I_7vign.,
2517 5843 2611 5883 non
2633 5831 2694 5882 ab
2712 5832 2918 5885 nmmo
2941 5833 3141 5887 arbitrio
3162 5847 3180 5886 :
3202 5834 3396 5899 animo,
3420 5832 3601 5900 εδενοὶ
3632 5841 3752 5894 εθά
3774 5852 3877 5902 Bst

2223 5894 2403 5944 ἱιιιιεε.
