3950 6550
171 449 311 505 i293
1347 441 1386 476 ‘

165 567 391 622 liberum
431 563 646 648 quidem
687 563 958 619 conﬁteris
997 561 1295 630 arbitrium,
1337 576 1441 616 non
1482 571 1659 620 tamen
1699 570 1756 617 ut

165 660 390 729 quisque
431 657 594 711 homo
641 657 775 711 liber
819 654 885 710 ad
927 651 1191 731 agendum
1231 651 1431 733 bonum
1478 652 1752 722 credatur,

167 753 373 807 viscera
402 759 490 805 tua
522 759 628 804 tota
659 748 902 804 nudavit.

236 847 380 900 Anc.
418 842 578 913 Cogis
603 855 688 898 me
707 843 816 911 jam
843 838 936 896 libi
964 839 1215 904 tribuere,
1243 835 1383 909 quod
1409 837 1576 894 codici
1605 837 1758 906 paulo

167 947 292 993 ante
346 935 664 992 tribuebant.
713 933 856 990 Ecce
899 935 1040 988 enim
1088 935 1163 988 sic
1207 933 1402 1002 repetis
1443 932 1758 988 sententiam

168 1041 342 1086 meam
365 1071 383 1094 ,
411 1037 468 1085 ut
503 1039 620 1083 eam
660 1039 764 1082 non
795 1025 1018 1096 impleas
1055 1025 1231 1081 verbis
1270 1012 1402 1079 meis
1421 1065 1435 1090 ,
1463 1040 1582 1094 qua:
1610 1023 1761 1078 valde

166 1129 292 1179 sunt
319 1124 622 1180 necessaria
647 1163 662 1190 ,
693 1117 948 1192 vobisme
977 1109 1261 1174 contraria.
1304 1118 1412 1188 Eg‘o
1443 1117 1584 1172 enim
1609 1115 1716 1170 dixi
1744 1159 1758 1184 ,

173 1235 192 1268 ι
220 1216 340 1271 Non
381 1231 502 1272 esse
545 1215 769 1270 liberum
811 1228 1130 1284 quemquam
1163 1211 1228 1266 ad
1259 1209 1520 1283 agendum
1564 1209 1760 1263 bonum

167 1308 287 1365 sine
311 1308 584 1380 adiutorio
614 1307 728 1362 Dei.
765 1311 786 1360 δ
820 1304 902 1361 Tu
931 1315 1107 1359 autem
1137 1304 1302 1369 dicis,
1329 1302 1482 1357 fateri
1525 1317 1610 1356 me
1649 1301 1764 1372 qui-

167 1401 290 1457 dem
337 1401 564 1458 liberum
612 1399 892 1455 arbitrium
940 1419 959 1452 ι
997 1413 1101 1453 ιιοη
1157 1408 1330 1452 tamen
1382 1403 1439 1452 ut
1484 1396 1764 1467 quiSquam

170 1493 333 1548 homo
361 1494 500 1550 liber
522 1493 588 1547 ad
613 1494 874 1563 agendum
899 1489 1097 1546 bonum
1125 1489 1408 1545 credatur:
1439 1506 1458 1541 ι
1490 1505 1588 1542 nec
1615 1485 1764 1542 addis

169 1586 310 1655 quod
337 1600 440 1656 ego
465 1584 676 1651 addidi,
719 1595 740 1636 ι
781 1585 898 1639 sine
925 1582 1187 1652 adjutorio
1215 1575 1329 1636 Dei.
1359 1597 1378 1633 ι
1419 1579 1533 1635 Non
1573 1592 1765 1634 accuso

169 1675 364 1742 iurem,
397 1676 572 1730 ablata
600 1675 829 1730 civiliter
864 1681 1051 1746 repeto
1080 1691 1096 1729 :
1129 1671 1290 1730 redde
1331 1673 1488 1727 verba
1520 1685 1637 1726 mea
1657 1713 1672 1737 ,
1713 1678 1767 1724 et

169 1769 302 1823 nihil
331 1769 586 1824 valebunt
617 1776 726 1823 tua.

239 1862 377 1919 CIX.
419 1863 536 1918 lus.
579 1863 717 1918 Ecce
751 1862 895 1917 enim
926 1875 1059 1926 nos,
1096 1861 1235 1915 sicut
1260 1859 1432 1930 primo
1461 1858 1596 1912 libro
1635 1855 1767 1911 feci-

170 1971 322 2020 mus,
354 1955 427 2010 ita
455 1971 596 2009 nunc
623 1969 806 2024 presse
843 1954 1080 2023 cogimus
1100 1995 1114 2019 ,
1145 1962 1202 2008 ut
1231 1951 1482 2006 ostendas
1510 1948 1765 2020 quemad~

170 2048 393 2103 modum
440 2048 666 2103 liberum
716 2047 996 2102 arbitrium
1053 2061 1158 2100 non
1214 2045 1426 2115 negaris
1478 2045 1518 2096 ¹.
1571 2043 1772 2098 insidat

171 2147 352 2196 autem
389 2143 490 2196 hoc
519 2142 703 2196 lectori
730 2152 933 2204 nostro,
965 2147 1016 2194 te
1043 2133 1289 2194 videlicet
1316 2138 1621 2193 confessum
1650 2151 1770 2191 esse

174 2231 403 2287 liberum
433 2215 706 2286 arbitrium
729 2274 743 2298 ,
772 2239 828 2286 et
856 2232 1025 2286 Deum
1066 2230 1397 2285 nascentium
1438 2229 1771 2284 conditorem

172 2323 468 2379 Catholicis
502 2323 826 2393 prtedicam;
858 2329 980 2394 Quae
1017 2321 1127 2377 duo
1158 2327 1427 2392 nunquam
1469 2322 1568 2375 niSi
1598 2319 1769 2375 Mani-

173 2415 356 2472 chacus
379 2415 595 2485 negavit
620 2432 634 2468 :
658 2413 756 2470 sed
781 2429 902 2469 cum
925 2415 1041 2468 hinc
1061 2413 1416 2469 emnmuni‘ter
1434 2413 1591 2467 ambo
1611 2411 1772 2466 dede-

174 2509 362 2575 timus,
389 2522 489 2564 nec
515 2508 607 2563 tibi
630 2517 826 2574 autem,
845 2523 947 2563 nec
969 2505 1200 2578 dogmati
1221 2505 1315 2561 tuo
1333 2507 1552 2561 libertas
1569 2513 1776 2561 constet

175 2602 422 2668 arbitrii;
458 2601 738 2657 conﬁcitur
759 2602 1000 2668 omnino,
1035 2609 1084 2655 te
1111 2609 1164 2654 et
1189 2597 1380 2670 dogma
1399 2601 1551 2652 tuum
1580 2597 1645 2652 de
1673 2595 1775 2652 title

175 2695 442 2752 catholica
479 2696 608 2752 nihil
653 2703 859 2751 tenere.
899 2693 1174 2763 interrogo
1201 2705 1327 2762 ergo
1365 2696 1484 2762 quae
1518 2691 1597 2745 vis
1622 2691 1642 2722 ²
1683 2690 1772 2755 sit,

178 2805 363 2861 qm
389 2790 631 2846 deﬁnitio
656 2790 808 2845 liberi
829 2788 1054 2843 arbitrii.
1085 2789 1240 2843 Certe
1269 2787 1322 2841 in
1349 2785 1465 2855 ejus
1489 2789 1772 2856 potestate,

178 2883 501 2939 nauli-alium
522 2883 671 2937 unita
696 2882 978 2938 conversio
1005 2891 1107 2936 est.
1131 2879 1302 2934 Nemo
1329 2881 1469 2933 enim
1491 2879 1544 2932 in
1572 2893 1629 2932 se
1651 2892 1778 2932 sen-

175 2988 334 3030 suum
366 2985 601 3043 unquam
629 2974 855 3028 mutavit
877 2972 1052 3027 ofﬁcia
1074 3015 1088 3038 ,
1121 2971 1266 3026 verbi
1298 2970 1466 3042 gratia
1491 3011 1505 3036 ,
1537 2978 1593 3024 ut
1618 2983 1778 3024 voces

181 3066 441 3133 naribus,
463 3069 560 3120 aut
584 3065 802 3121 auribus
830 3066 1125 3136 susciperet
1159 3063 1352 3118 odores
1383 3079 1396 3118 :
1431 3075 1585 3116 nemo
1621 3074 1779 3116 sexus

177 3160 263 3218 sui
286 3160 558 3215 convertit
584 3159 958 3229 proprietatem
987 3176 999 3212 :
1033 3165 1190 3214 nemo
1220 3157 1272 3213 in
1301 3156 1526 3212 formam
1555 3155 1781 3210 transire

183 3251 471 3306 animantis
493 3251 716 3306 alterius
740 3293 755 3318 ,
788 3257 945 3306 notho
971 3265 1069 3321 per
1094 3233 1318 3305 liberum
1346 3250 1623 3304 arbitrium
1647 3247 1781 3317 pilos

181 3344 428 3413 certioris
460 3345 550 3399 sui
575 3343 772 3399 innatis
813 3344 984 3414 potuit
1017 3350 1224 3398 minare
1262 3341 1584 3422 veileri‘bns:
1622 3355 1782 3395 nemo

184 3435 282 3491 ibi
312 3451 414 3506 pro
441 3435 652 3506 ingenio
679 3441 768 3490 ant
799 3434 1108 3506 qualitatem
1147 3442 1240 3488 aut
1267 3433 1613 3504 quantitatem
1649 3445 1780 3486 ‘cor-

184 3527 330 3598 poris
351 3526 656 3584 vindicavit.
678 3526 776 3582 His
794 3527 1052 3596 exemplis
1071 3526 1198 3581 licet
1213 3526 1391 3580 omnia
1416 3539 1534 3596 qua:
1554 3523 1621 3578 ad
1646 3522 1783 3577 hanc

187 3618 548 3676 conditionem
579 3618 873 3690 respiciunt
894 3618 1192 3689 pervagari.
1232 3605 1588 3672 Transeamus
1618 3615 1784 3686 igitur

187 3723 217 3762 a
243 3709 582 3766 naturalibus
604 3709 678 3765 ad
699 3718 1043 3764 externorum
1071 3708 1478 3764 discussiOnem.
1506 3705 1602 3761 Cui
1633 3719 1786 3777 agro-

189 3816 310 3858 rum
350 3801 671 3870 ﬁscunditas,
723 3803 810 3857 cui
853 3801 1178 3872 prosperitas
1226 3799 1646 3870 navigationum,
1699 3799 1782 3854 cui

191 3891 443 3950 nobilitas
466 3903 521 3949 et
555 3907 724 3963 opes,
747 3892 839 3948 cui
875 3892 1174 3948 constantia
1213 3891 1379 3961 ipsius
1407 3891 1702 3945 nobilitatis
1733 3891 1786 3945 in

191 3983 310 4054 iure
335 3983 575 4040 constitit
601 3984 908 4052 voluntatis,
941 3993 998 4040 ut
1023 3984 1105 4040 vei
1133 3984 1198 4039 ad
1225 3984 1415 4039 horum
1437 3983 1519 4037 vel
1546 3983 1610 4037 ad
1641 3983 1786 4037 simi-

194 4076 322 4132 lium
370 4077 476 4134 sibi
513 4077 954 4148 eonquisitionem
992 4077 1261 4132 voluntate
1301 4087 1358 4130 se
1404 4075 1566 4130 libera
1611 4078 1642 4128 a'
1675 4073 1788 4129 Deo

193 4169 443 4226 enectam
489 4185 612 4228 esse
648 4169 938 4226 fateretur?
979 4169 1248 4225 Naturalia
1285 4175 1418 4238 ergo
1457 4166 1788 4222 itt‘concussis

195 4263 503 4330 ordinibus;
524 4271 743 4321 externa
759 4278 884 4318 vero
899 4263 1108 4318 casibus
1123 4267 1336 4331 semiper
1353 4260 1597 4316 feruntur
1609 4259 1792 4315 incer-

196 4356 284 4416 IiS.
302 4356 361 4412 ln
373 4356 570 4426 quibus
585 4356 743 4426 igitur
756 4354 1238 4412 consistit‘liborum
1255 4353 1555 4419 arbitrium,
1577 4361 1791 4422 propter

196 4448 338 4519 quod
360 4448 607 4504 homines
628 4448 810 4504 bestiis
831 4447 1179 4511 antecellunt,
1201 4456 1421 4518 propter
1437 4445 1580 4517 quod
1605 4444 1671 4500 ad
1693 4443 1791 4500 Dei

197 4541 486 4613 imaginem
509 4541 628 4598 facti
641 4551 791 4609 sunt,
808 4549 861 4598 et
882 4557 989 4613 quo
1004 4541 1121 4596 seio
1133 4541 1298 4596 divini
1315 4540 1574 4596 examinis
1587 4538 1790 4610 justitia

198 4634 542 4690 continetur?
567 4635 620 4690 in
657 4649 764 4706 quo
789 4642 870 4690 est
895 4635 1028 4700 hoc,
1053 4633 1306 4704 inquam,
1338 4631 1615 4686 arbitrium
1654 4631 1790 4686 libe-

198 4743 353 4794 rum;
408 4727 552 4797 quod
591 4737 654 4781 ut
702 4725 1017 4781 Manicbteos
1064 4740 1258 4796 negare
1309 4732 1512 4779 certum
1563 4731 1666 4790 est,
1722 4722 1792 4775 ita

199 4817 508 4880 Catholicos
532 4833 774 4874 asserere
797 4817 956 4874 etiam
977 4828 1038 4872 tu
1061 4815 1434 4872 elaterisii‘Sine
1455 4814 1633 4878 dubio,
1657 4815 1708 4867 in
1730 4827 1796 4868 eo

201 4920 258 4966 ut
285 4911 545 4980 possibile
570 4910 641 4966 sit
657 4909 865 4976 homini
891 4909 1222 4965 voluntatem
1248 4922 1400 4962 suam
1423 4950 1436 4967 .
1475 4906 1590 4960 sine
1609 4905 1796 4976 aiiquo

202 5004 501 5060 inevitabili
524 5003 839 5058 naturalium
855 5002 1161 5068 coaetuﬂvei
1177 5000 1472 5056 immittere
1496 4999 1548 5053 in
1568 4998 1792 5065 etamen,

201 5097 285 5152 vel
310 5112 342 5152 a
367 5095 599 5150 crimine
621 5094 892 5150 cohibere.

272 5190 414 5248 Anc.
451 5188 718 5244 Cohibete
749 5203 780 5241 a
821 5185 1046 5242 crimine
1088 5185 1435 5250 voluntatem,
1471 5183 1582 5238 hoc
1625 5182 1799 5253 ipsum

205 5287 290 5336 est
306 5322 322 5346 ,
352 5296 457 5335 nec
477 5279 620 5334 aliud
643 5278 929 5349 quidquam
948 5319 962 5344 ,
989 5292 1096 5332 non
1121 5276 1327 5334 intrare
1343 5275 1796 5330 intentationem.

207 5370 315 5427 Sed
335 5372 381 5425 si
412 5371 513 5425 hoc
533 5369 852 5426 haberemus
878 5369 931 5423 in
943 5375 1214 5438 potestate
1231 5366 1466 5437 propriae
1491 5365 1797 5430 voluntatis,

206 5479 316 5520 non
347 5478 695 5518 moneremur
722 5471 778 5518 ut
799 5462 854 5517 id
882 5461 1086 5516 orando
1105 5476 1149 5515 'a
1190 5459 1412 5515 Domino
1437 5471 1800 5531 posceremus.

207 5554 306 5613 Cui
347 5572 480 5628 ergo
505 5556 700 5612 dicitur
722 5597 734 5620 ,
764 5555 976 5611 Declina
1006 5570 1041 5610 a
1071 5553 1209 5609 nicto
1235 5553 1404 5626 (Puri.
1432 5567 1636 5619 XXXVI,
1657 5550 1757 5623 ~27)
1787 5567 1802 5606 :

207 5646 313 5707 hoc
339 5651 524 5722 utique
548 5649 762 5714 dicitur,
793 5655 852 5705 ut
873 5664 906 5707 ιι
923 5648 1150 5705 crimine
1167 5663 1318 5704 suam
1337 5646 1588 5703 cohibeat
1611 5645 1803 5700 volun-

272 5812 294 5884 1
329 5809 626 5884 meum
647 5809 850 5876 ηεθαιίδο
942 5817 1035 5884 .M:

271 5876 296 5908 ³
329 5871 472 5934 aliti,
495 5871 621 5936 quis,
645 5871 748 5936 pro,
777 5884 886 5936 qua:
907 5871 994 5922 vis.
1022 5877 1075 5923 Et
1093 5871 1234 5936 paulo
1262 5879 1398 5934 post,
1431 5877 1670 5925 converso,
1696 5878 1800 5928 pro,

213 5937 474 5998 coutgjrsio.
511 5934 626 5986 nam
648 5934 709 5981 'et
736 5934 839 5986 alia
862 5936 909 5986 in
934 5936 1025 5987 isto
1057 5934 1267 5998 capitulo
1305 5941 1465 5984 errata
1506 5935 1803 5992 castigantur

223 6005 284 6048 ax
315 5995 429 6044 his.

1554 444 1754 508 LIBER
1791 445 2111 512 TERTIUS.

3306 453 3447 510 12υὸ

1860 567 2043 624 tatem,
2067 559 2136 620 Et
2155 568 2333 624 tamen
2353 561 2638 633 Apostolus
2657 577 2776 618 cum
2799 574 2979 635 posset
2999 566 3159 622 etiam
3180 565 3285 623 hoc
3303 577 3451 623 recte

1863 655 2063 722 dicere,
2094 655 2436 727 Prmcipimus
2463 656 2630 723 vobis,
2656 673 2723 714 ne
2745 658 2871 728 quid
2896 657 3096 715 faciatis
3118 660 3242 715 mali
3269 679 3280 714 :
3313 659 3449 714 Ora-

1863 767 2007 819 mus,
2049 751 2249 820 inquit,
2299 749 2366 812 ad
2400 748 2600 817 Deum.
2642 767 2704 806 ne
2730 751 2854 821 quid
2896 754 3095 824 faciatis
3136 755 3276 808 mali.
3313 753 3454 810 Ecce

1864 857 2030 912 quare
2055 841 2161 896 dixi
2194 841 2338 911 (non
2362 841 2498 896 sicut
2527 851 2581 898 tu
2610 841 2808 900 dixisse
2833 858 2920 898 me
2943 843 3075 898 dicis
3101 844 3139 912 ),
3172 844 3449 900 Neminem

1865 934 2089 989 liberum
2127 933 2192 989 ad
2227 934 2489 1005 agendum
2522 935 2721 991 bonum
2755 936 2870 991 sine
2895 935 3157 1006 adjutorio
3187 937 3303 992 Dei.
3343 937 3455 993 lioe

1866 1029 2060 1100 quippe
2087 1028 2405 1097 adiutorium
2433 1027 2674 1084 ﬁdelibus
2699 1029 2886 1084 orabat
2905 1029 3190 1098 Apostolus
3214 1047 3227 1082 :
3261 1043 3364 1084 non
3389 1045 3456 1085 ex

1869 1127 2053 1176 natura
2085 1118 2315 1174 hominis
2339 1119 2562 1178 liberum
2592 1119 2868 1176 auferebat
2900 1121 3170 1178 abitrium.
3203 1121 3458 1176 Homines

1868 1211 1993 1266 elati
2019 1219 2070 1265 et
2097 1210 2296 1276 inﬂati,
2325 1212 2487 1266 nolito
2512 1211 2564 1266 in
2594 1223 2766 1268 vestra
2796 1215 2986 1274 virtute
3010 1212 3316 1268 condidere:
3347 1213 3457 1268 Deo

1868 1318 1963 1360 vos
1983 1303 2210 1368 subdite,
2236 1315 2395 1375 atque
2419 1314 2475 1362 ut
2502 1307 2826 1364 voluntatem
2847 1307 3140 1363 cohibentis
3160 1325 3188 1362 a
3211 1308 3457 1374 crimine,

1871 1406 1922 1449 et
1951 1395 2002 1450 in
2036 1396 2377 1452 tentationem
2407 1412 2512 1451 non
2549 1398 2777 1466 intretis,
2812 1408 2978 1456 orate.
3002 1399 3109 1458 Nec
3144 1401 3462 1456 existimetis
3549 1383 3554 1388 ’

1871 1505 1976 1545 non
2007 1505 2102 1546 vos
2128 1491 2328 1546 intrare
2352 1490 2405 1546 in
2433 1492 2778 1558 tentationem
2795 1533 2808 1556 ,
2840 1493 3054 1563 quando
3077 1493 3145 1548 ab
3171 1508 3334 1562 opere
3358 1493 3457 1550 ali:

1870 1596 1976 1654 quo
2018 1582 2156 1638 malo
2198 1583 2680 1654 concupiscentiam
2728 1585 2904 1640 carnis
2947 1584 3071 1640 forti
3122 1586 3140 1618 ί
3193 1585 3461 1647 voluntate

1871 1674 2150 1730 cohibetis.
2188 1675 2445 1746 lgnoratis
2477 1676 2738 1731 versutias
2761 1678 3078 1732 tentatoris:
3110 1679 3162 1734 in
3202 1678 3463 1748 majorem

1874 1766 2220 1821 tentationem
2241 1807 2258 1831 ,
2287 1767 2501 1838 quando
2531 1767 2648 1823 haec
2672 1769 2925 1823 voluntati
2955 1778 3145 1826 vestra:
3170 1771 3286 1826 sine
3313 1771 3464 1838 adju—

1873 1858 2011 1912 torio
2041 1857 2134 1912 Dei
2172 1857 2467 1930 deputatis,
2495 1859 2724 1914 intratis.
2779 1859 2979 1915 Vellem
3020 1877 3148 1917 sane
3195 1863 3466 1932 quomodo

1873 1949 2092 2018 dixeris,
2118 1966 2216 2010 nos
2237 1951 2476 2020 docercs,
2499 1952 2642 2023 quod
2662 1969 2722 2008 ea
2744 1970 2861 2023 quae
2883 1955 2935 2012 in
2959 1955 3110 2012 bonis
3131 1957 3212 2011 vel
3237 1956 3290 2012 in
3315 1957 3467 2011 malis

1878 2043 2149 2104 hominum
2191 2045 2524 2120 appellantur
2566 2063 2586 2098 ‹
2621 2054 2878 2114 externa,
2915 2066 2933 2100 ι
2965 2047 3104 2104 sicut
3149 2048 3344 2104 divitia:
3384 2050 3468 2103 vel

1875 2144 2160 2205 paupertas
2202 2147 2254 2191 et
2295 2149 2522 2206 canora,
2558 2156 2578 2192 ι
2625 2139 2837 2194 casibus
2887 2138 3127 2195 ferantur
3170 2140 3406 2196 incertis.
3442 2159 3462 2193 ι

1877 2228 2047 2282 Etiam
2080 2228 2193 2283 haec
2217 2230 2359 2286 enim
2387 2230 2646 2285 catholica
2673 2229 2807 2285 iides
2833 2231 2900 2286 ita
2927 2231 3092 2286 demit
3115 2231 3384 2299 humanae,
3414 2239 3471 2286 ut

1877 2321 2068 2377 divina:
2095 2324 2289 2376 tribuat
2319 2325 2584 2393 potestati.
2621 2325 2732 2380 Hoc
2761 2334 2938 2380 autem
2968 2326 3120 2394 dico,
3151 2326 3272 2397 quia
3306 2329 3470 2380 timeo

1878 2414 2047 2478 vobis,
2080 2429 2146 2469 ne
2172 2413 2310 2468 forte
2331 2414 2383 2468 id
2408 2430 2618 2485 quoque
2647 2427 2824 2471 vestro
2852 2416 3159 2473 addideritis
3189 2421 3381 2486 errori,
3413 2427 3472 2472 ut

1879 2506 2132 2582 quidquid
2167 2506 2410 2564 homines
2441 2507 2715 2578 patiuntur
2745 2509 2827 2564 vel
2853 2509 3241 2578 adipiscuntur,
3277 2509 3389 2564 sive
3415 2511 3471 2565 in

1879 2598 2194 2668 corporibus
2225 2601 2370 2666 suis,
2407 2601 2520 2662 sive
2548 2601 2598 2656 in
2631 2601 2794 2657 rebus
2830 2604 3102 2671 externis,
3132 2603 3198 2657 ad
3237 2603 3472 2658 divinam

1880 2691 2083 2761 negetis
2122 2691 2506 2761 providentiam
2549 2693 2851 2762 pertinere:
2899 2711 2960 2749 ac
2996 2712 3092 2765 per
3139 2694 3274 2762 hoc,
3322 2696 3479 2766 quid-

1882 2784 2008 2854 quid
2055 2784 2318 2852 tnalorutn
2362 2785 2732 2855 perpetiuntur
2767 2795 2822 2842 et
2867 2788 3106 2858 parvuli,
3150 2789 3221 2843 ita
3259 2789 3476 2844 incertis

1881 2875 2093 2930 casibus
2121 2875 2386 2945 deputetis
2405 2917 2421 2944 ,
2455 2886 2510 2931 ut
2535 2892 2564 2930 a
2585 2876 2786 2948 judicio
2809 2878 2946 2948 ejus,
2971 2879 3088 2934 sine
3116 2878 3265 2949 cujus
3291 2880 3480 2934 volun-
3567 2945 3570 2948 ξ

1879 2965 2010 3030 'tate,
2042 2975 2096 3020 ut
2121 2965 2234 3036 ipse
2265 2967 2518 3045 Dominus
2546 2966 2694 3033 dicit,
2713 2983 2812 3022 nec
2835 2983 3019 3038 passer
3039 2970 3180 3024 cadit
3205 2970 3256 3024 in
3279 2979 3478 3026 terram

1884 3053 2099 3125 (Matth.
2157 3072 2189 3110 ι
2217 3099 2232 3126 ,
2259 3054 2388 3130 29),
2438 3057 2554 3112 haec
2592 3058 2832 3114 alienare
2886 3061 3173 3115 conemini.
3218 3061 3480 3129 Quoniam

1884 3149 2074 3204 videtis
2113 3149 2358 3206 haeresim
2393 3161 2624 3207 vestram
2665 3151 2718 3205 in
2759 3150 2858 3206 hac
2888 3153 3226 3224 parvulorum
3267 3152 3480 3208 miseria

1885 3240 2219 3311 naufragare,
2253 3256 2372 3312 quae
2412 3241 2513 3296 sub
2537 3240 2808 3311 Dcojusto
2855 3243 2996 3297 nulla
3023 3251 3184 3312 esset,
3217 3242 3320 3298 nisi
3360 3257 3482 3297 eam

1885 3337 2074 3386 natura
2115 3332 2346 3387 humana
2389 3333 2546 3402 primi
2590 3334 2793 3404 peccati
2822 3319 3183 3404 magnitudine
3223 3335 3403 3390 vitiata
3427 3343 3484 3391 et

1886 3419 2136 3478 damnata
2162 3425 2465 3479 meruisset.

1957 3514 2070 3570 CX.
2109 3513 2229 3572 Jun.
2273 3515 2340 3570 Et
2388 3524 2446 3570 ut
2493 3530 2582 3572 res
2626 3515 2868 3572 absoluta
2919 3517 3104 3588 paucis
3157 3518 3484 3576 illuminetur

1889 3607 2186 3678 exemplis;
2219 3615 2275 3661 ut
2305 3616 2409 3661 tam
2439 3606 2664 3664 liberum
2699 3608 2769 3662 sit
2795 3609 2994 3662 homini
3023 3609 3356 3680 sacrilegium
3403 3610 3485 3666 fa-

1889 3714 2011 3756 cere
2039 3700 2177 3755 velle
2200 3742 2215 3767 ,
2243 3715 2401 3769 quam
2431 3699 2606 3763 nolle;
2635 3709 2740 3752 tam
2773 3698 2997 3754 liberum
3037 3701 3106 3755 sit
3142 3701 3482 3770 parricidium

1889 3792 2025 3848 velle
2053 3801 2392 3861 perpetrare,
2422 3808 2579 3863 quam
2613 3792 2792 3855 nolle;
2823 3800 2930 3846 tam
2975 3793 3196 3848 liberum
3228 3796 3298 3849 sit
3330 3795 3484 3850 adul-

1890 3883 2082 3939 terium
2114 3884 2448 3938 committere
2484 3883 2644 3951 velle,
2674 3900 2831 3953 quam
2864 3885 3045 3974 nolle;
3081 3895 3186 3940 tam
3233 3887 3485 3956 possibile

1892 3976 1961 4030 sit
2001 3989 2185 4030 verum
2213 3974 2576 4030 testimonium
2605 3974 2912 4045 perhibere,
2944 3991 3101 4046 quam
3132 3976 3352 4045 falsum;
3379 3987 3485 4034 tam

1892 4067 2118 4122 liberum
2158 4067 2269 4122 Deo
2309 4066 2529 4123 obedire
2565 4067 2882 4137 imperanti,
2913 4082 3071 4138 quam
3115 4067 3329 4124 diabolo
3357 4085 3484 4142 per-

1893 4157 2155 4215 suadenti.
3357 4145 3360 4152 ’

1965 4253 2102 4309 Anc.
2138 4251 2332 4306 Verum
2359 4251 2492 4306 dicis
2517 4269 2530 4304 :
2561 4250 2662 4307 hoc
2687 4259 2770 4306 est
2792 4251 3020 4307 liberum
3047 4252 3348 4324 arbitrium,
3381 4254 3488 4310 talo

1896 4344 2113 4399 omnino
2153 4344 2360 4412 acceioiit
2384 4345 2551 4397 Adam
2579 4362 2591 4397 :
2624 4343 2719 4399 sed
2747 4345 2886 4414 quod
2913 4344 3095 4400 datum
3121 4353 3204 4400 est
3229 4361 3259 4400 a
3298 4345 3487 4402 condi-

1899 4446 2011 4492 tore
2031 4479 2044 4502 ,
2075 4445 2128 4492 et
2153 4451 2181 4491 a
2211 4437 2493 4506 deceptore
2533 4435 2804 4503 vitiatum;
2833 4437 3013 4507 utique
3045 4453 3077 4491 a
3109 4438 3372 4493 salvatore
3397 4453 3488 4493 sa-

1898 4531 2130 4584 nandum
2149 4539 2266 4584 test.
2295 4528 2408 4583 l‘loc
2431 4533 2532 4584 vos
2566 4544 2670 4582 non
2698 4529 2854 4583 vultis
2883 4544 3002 4582 cum
3044 4528 3279 4583 Ecclesia
3315 4530 3484 4584 conli-

1900 4623 1999 4678 teri
2029 4640 2040 4676 :
2075 4622 2196 4676 hinc
2238 4625 2365 4676 estis
2391 4620 2653 4676 haeretici.
2690 4621 2858 4675 Homo
2898 4620 2988 4690 qui
3016 4635 3121 4673 non
3164 4621 3367 4692 cogitas
3395 4620 3492 4680 ubi

1899 4715 1994 4781 sis,
2025 4723 2079 4769 et
2108 4714 2159 4767 in
2185 4712 2374 4767 diebus
2399 4712 2551 4766 malis
2579 4720 2827 4782 tanquam
2861 4711 2911 4765 in
2938 4711 3095 4766 bonis
3119 4727 3294 4767 caecus
3319 4714 3502 4770 extol-

1902 4811 2069 4865 leris:
2115 4806 2327 4878 quando
2369 4816 2484 4861 erat
2527 4805 2664 4871 tale,
2713 4805 2869 4876 quale
2913 4804 3205 4872 describis,
3261 4806 3496 4863 liberum

1902 4903 2198 4968 arbitrium,
2231 4900 2466 4956 nondum
2494 4900 2653 4954 homo
2679 4898 2896 4972 vanitati
2927 4899 3117 4954 similis
3146 4900 3313 4954 lactus
3343 4911 3489 4968 erat,

1904 5006 1962 5052 ut
1991 4996 2104 5052 dies
2128 4995 2242 5065 ejus
2272 4995 2410 5049 sicut
2431 4995 2616 5047 umbra
2642 4991 2974 5064 prmterirent
3001 4989 3172 5065 (Psal.
3205 5008 3386 5058 cxun,
3412 4993 3494 5066 4).

1904 5087 2020 5144 Non
2050 5087 2192 5143 enim
2218 5088 2422 5140 vanitas
2449 5087 2611 5152 Deus,
2635 5085 2699 5139 ad
2730 5084 2878 5154 cujus
2899 5084 3299 5140 similitudinem
3326 5086 3497 5141 factus

1906 5190 2043 5247 erat,
2072 5195 2192 5250 qua:
2221 5195 2314 5249 per
2339 5177 2452 5247 eius
2471 5176 2698 5248 gratiam
2731 5186 3017 5232 renovatur
3040 5177 3107 5232 de
3132 5178 3218 5233 die
3247 5179 3296 5232 in
3328 5179 3493 5234 diem.

1908 5273 2151 5329 Nondum
2178 5271 2472 5334 dicebatur,
2510 5267 2616 5340 Ego
2640 5268 2694 5322 in
2719 5268 3063 5340 iniquitatibus
3093 5279 3361 5340 CONCL’plus
3385 5286 3498 5322 sum

1915 5364 2083 5438 (Paul.
2118 5380 2150 5418 L
2169 5405 2181 5426 ,
2212 5363 2291 5426 7).
2322 5361 2566 5415 Nondum
2597 5361 2868 5415 dicebatur
2887 5401 2902 5426 ,
2935 5359 3060 5424 Quis
3085 5361 3219 5415 enim
3249 5371 3317 5413 est
3344 5377 3494 5412 mun-

1911 5457 2007 5510 dus
2044 5473 2075 5509 a
2098 5453 2287 5510 sorde?
2317 5452 2425 5506 Nec
2449 5453 2622 5524 infans
2649 5453 2793 5524 cujus
2824 5461 2893 5506 est
2921 5451 3019 5504 diei
3046 5452 3191 5505 unius
3222 5452 3318 5504 vita
3348 5468 3500 5521 super

1913 5560 2098 5605 terram
2131 5547 2249 5618 (.‘Idb
2278 5563 2365 5603 xw
2385 5589 2398 5612 ,
2427 5547 2461 5600 4
2480 5587 2494 5612 ,
2525 5561 2626 5600 sec.
2655 5534 2847 5613 LXX).
2881 5543 3159 5598 Postremo
3209 5558 3311 5596 non
3356 5543 3504 5598 dice-

1913 5646 2067 5702 batur
2089 5686 2104 5713 ,
2136 5641 2257 5699 Non
2281 5642 2415 5714 quod
2438 5640 2550 5696 volo
2573 5680 2590 5706 ,
2615 5638 2705 5694 sed
2727 5637 2862 5710 quod
2889 5637 3024 5703 odio,
3052 5635 3185 5696 illud
3208 5635 3384 5710 facio;
3407 5646 3485 5692 et.

1977 5804 1994 5836 ι
2030 5800 2208 5865 Vulgo,
2249 5800 2388 5865 forte.
2429 5805 2484 5849 At
2517 5810 2688 5848 omnes
2724 5803 2854 5865 Mss,
3063 5799 3143 5865 ttat.
3175 5801 3282 5865 Mss.
3332 5796 3506 5865 iisdem

1914 5867 2028 5930 duo,
2053 5855 2364 5930 scilicetiuar.
2393 5870 2446 5912 et
2468 5869 2591 5910 Port.
2619 5855 3005 5930 ροθιιιυοιιιήωζρξ
3020 5855 3274 5930 cohibetis;
3304 5863 3507 5930 egregia

1915 5920 2024 5978 hth
2038 5929 2184 5976 Verba
2222 5927 2518 5990 restituunt,
2563 5920 2792 5986 Igitoratt's
2822 5920 3055 5972 versutt'as
3103 5920 3356 5984 lcrtttloris,
3388 5920 3506 5990 etc,

1917 6001 2076 6043 usoue
2117 5989 2194 6042 ad.
2239 5986 2445 6038 intratis.
