3996 6482
559 425 695 481 1Ξ95

559 545 681 601 Scio
707 543 827 614 quia
852 557 953 597 non
981 541 1173 595 habitat
1197 541 1250 594 in
1273 556 1350 594 me
1370 583 1384 605 ,
1412 541 1506 594 hoc
1533 549 1604 596 est
1632 541 1686 594 in
1709 555 1861 593 carne
1887 554 2015 602 mea,
2048 535 2140 590 bo-

558 654 678 692 num
703 654 723 691 :
752 635 877 690 velle
905 635 1036 691 enim
1064 634 1448 708 adjacet’mihi;
1478 635 1717 706 perﬁcere
1741 642 1909 689 autem
1939 632 2144 696 bonum,

557 747 657 785 non
686 728 920 794 invenio;
953 735 1040 794 et,
1081 725 1236 781 Video
1264 725 1420 780 aliam
1458 725 1617 797 legem
1650 726 1705 780 in
1744 725 1977 780 membris
2023 723 2148 777 meis

555 832 918 896 repugnantem
945 821 1044 893 legi
1071 821 1250 876 mentis
1276 835 1401 876 mete
1428 818 1599 891 (Rom.
1634 835 1741 886 vn,
1773 819 1839 874 15
1863 861 1877 884 ,
1912 817 1998 885 18,
2031 817 2145 888 2'5).

558 917 670 972 lloc
697 915 894 971 malum
926 915 979 970 in
1003 917 1194 981 Adam,
1220 913 1434 985 quando
1463 923 1640 969 rectus
1663 921 1872 968 creatus
1904 921 2002 980 est,
2042 927 2147 966 non

553 1017 708 1075 erat;
741 1009 863 1079 quia
906 1016 1095 1064 natura
1131 1007 1359 1063 humana
1403 1006 1688 1078 depravata
1725 1006 1960 1061 nondum
2007 1013 2141 1061 erat.

553 1101 840 1156 Rectorem
867 1100 1114 1168 habebat,
1140 1115 1296 1171 quem
1320 1099 1491 1156 libero
1516 1098 1731 1170 reliquit
1753 1098 1973 1152 arbitrio
1997 1114 2010 1150 :
2038 1113 2145 1152 non

553 1191 896 1248 liberatorem
921 1191 1226 1263 qumrehat,
1260 1206 1354 1260 per
1379 1205 1538 1262 quem
1569 1189 1721 1244 ﬁeret
1745 1187 1883 1244 liber
1919 1203 1950 1243 a
1993 1187 2142 1243 vitio.

554 1285 688 1342 Nam
709 1295 775 1341 et
812 1288 856 1342 si
880 1287 1041 1342 verba
1075 1285 1160 1340 illa
1185 1326 1201 1350 ,
1235 1283 1357 1339 Non
1380 1283 1515 1356 quod
1541 1282 1684 1350 volo,
1713 1300 1838 1356 ago,
1867 1292 1923 1338 et
1950 1291 2146 1337 crctera

553 1381 712 1449 talia,
746 1379 976 1436 hominis
1012 1387 1166 1446 sunt,
1207 1388 1266 1432 ut
1292 1377 1502 1442 dicitis,
1533 1377 1766 1431 nondum
1798 1375 1898 1430 sub
1949 1375 2145 1431 Christi

551 1473 721 1544 gratia
749 1471 1054 1536 constituti;
1086 1486 1212 1542 ergo
1241 1471 1400 1525 etiam
1427 1469 1552 1524 hinc
1575 1467 1973 1535 convincimini,
2003 1465 2146 1536 quod

494 1589 503 1600 ν
555 1575 663 1620 tam
687 1565 914 1620 inﬁrmae
942 1564 1230 1620 voluntatis
1271 1563 1337 1618 ad
1364 1563 1628 1634 agendum
1670 1562 1866 1618 bonum
1901 1561 2144 1616 homines

552 1657 799 1713 Christus
837 1656 1076 1723 invenit,
1110 1664 1166 1712 et
1194 1655 1334 1726 quod
1364 1653 1568 1709 arbitrii
1596 1653 1748 1709 liberi
1781 1653 2143 1708 inﬁrmitatem

553 1750 621 1805 ad
643 1748 902 1820 agendum
927 1749 1125 1803 bonum
1147 1748 1360 1803 nonnisi
1383 1763 1476 1817 per
1496 1746 1694 1801 Christi
1715 1747 1941 1816 gratiam
1971 1752 2147 1816 potest

551 1842 781 1898 humana
807 1857 1056 1913 reparare
1084 1850 1290 1896 natura.
1317 1843 1395 1896 Ac
1423 1856 1519 1910 per
1547 1840 1649 1895 hoc
1675 1855 1863 1895 verum
1891 1847 1974 1895 est
2001 1839 2144 1910 quod

549 1935 696 2000 dixi,
725 1933 1002 1990 Neminem
1033 1947 1154 1988 esse
1176 1932 1403 1988 liberum
1427 1931 1492 1986 ad
1514 1931 1778 2002 agendum
1803 1932 2002 1987 bonum
2025 1932 2144 1988 sine

549 2025 816 2095 adjutorio
839 2024 950 2080 Dei.
977 2024 1044 2078 Et
1067 2031 1344 2094 propterea
1368 2031 1422 2077 tu
1447 2022 1774 2088 subtraxisti,
1806 2041 1826 2075 ι
1853 2023 1968 2078 sine
1993 2022 2144 2092 adju-

550 2119 686 2174 torio
711 2118 828 2183 Dei,
858 2136 877 2170 ι
909 2127 964 2172 ut
991 2118 1082 2172 tibi
1104 2132 1324 2188 campus
1345 2118 1662 2188 aperiretur,
1687 2118 1774 2172 ubi
1799 2126 1849 2172 te
1871 2118 2142 2187 loquacius

547 2225 705 2280 quam
732 2209 1069 2280 eloquentius
1094 2225 1188 2279 per
1217 2209 1379 2263 multa
1407 2209 1658 2279 jactares,
1687 2209 1880 2279 quibus
1909 2224 2015 2264 non
2045 2209 2141 2265 de-

546 2301 771 2356 lectares
801 2300 1086 2371 legentem,
1116 2300 1210 2355 sed
1238 2299 1535 2370 intelligere
1560 2299 1849 2365 volentem,
1882 2310 2139 2370 quantum

547 2408 756 2464 posses,
789 2394 962 2464 potius
990 2392 1296 2462 impedires.
1326 2391 1626 2447 Subdimini
1659 2393 1787 2457 Deo,
1823 2402 1878 2446 ut
1905 2395 2142 2464 corriga-

545 2487 696 2542 mini.
738 2486 908 2542 Nemo
937 2494 1019 2540 est
1047 2485 1181 2540 liber
1221 2485 1285 2539 ad
1313 2484 1574 2555 agendum
1606 2484 1803 2540 bonum
1839 2486 1957 2541 sine
1983 2487 2138 2556 adju-

497 2573 502 2578 ’
548 2583 686 2638 torio
711 2583 825 2638 Dei.
854 2581 991 2651 Quid
1016 2625 1031 2650 ,
1057 2592 1115 2636 ut
1145 2581 1520 2652 praecipitetis,
1552 2580 1838 2636 humanam
1883 2582 2140 2637 extollitis

544 2677 911 2733 voluntatem?
936 2676 1096 2731 Orate
1125 2675 1320 2746 potius,
1351 2691 1418 2730 ne
1448 2675 1657 2730 intretis
1682 2677 1734 2730 in
1764 2677 2138 2732 tentationetn.

613 2770 751 2827 CXI.
791 2770 910 2826 IUL.
954 2770 1242 2840 PrOpterea
1267 2778 1444 2823 autem
1473 2768 1524 2822 in
1555 2769 1918 2838 superioribus
1945 2769 2130 2824 volun-

545 2875 706 2922 tatem
740 2864 1026 2936 perfectam
1071 2865 1238 2935 magis
1263 2879 1421 2935 quam
1461 2879 1641 2918 rerutn
1673 2864 1894 2920 effectus
1925 2865 2136 2933 locavi,

545 2959 793 3029 quoniam
835 2967 889 3014 et
927 2958 1289 3029 parricidium,
1342 2966 1397 3013 et
1433 2958 1790 3029 sacrilegium,
1837 2967 1890 3015 et
1934 2959 2139 3015 adulte-

543 3052 683 3106 rium
708 3093 722 3119 ,
755 3051 840 3106 vel
888 3051 1075 3106 horum
1106 3050 1330 3115 similia,
1363 3049 1570 3104 facilius
1616 3058 1700 3105 est
1742 3065 1933 3107 cavere
1977 3068 2136 3123 quam

545 3145 742 3200 facere.
788 3144 969 3214 Neque
1001 3144 1143 3199 enim
1184 3159 1397 3214 semper
1441 3145 1702 3199 voluntati
1747 3145 1901 3199 malm
1948 3161 2140 3217 perpe-

546 3239 726 3293 trandi
743 3237 884 3308 quod
910 3239 1019 3292 vult
1041 3239 1192 3293 adest
1218 3237 1440 3294 facultas
1467 3240 1505 3292 ¹.
1537 3239 1607 3293 At
1629 3254 1660 3295 e
1679 3239 1920 3310 regione,
1946 3240 2139 3297 horum

543 3331 861 3388 abstinentia
889 3333 942 3387 in
982 3347 1189 3387 summa
1217 3333 1394 3403 quiete
1424 3333 1687 3388 consistit.
1730 3333 1841 3388 Nisi
1873 3334 2008 3392 forte
2037 3334 2141 3391 hoc

542 3425 716 3496 ipsum
741 3441 771 3480 a
791 3425 941 3480 vobis
966 3424 1118 3480 labor
1137 3425 1363 3490 dicatur,
1393 3426 1638 3482 laborare
1663 3426 1824 3482 nolle.
1853 3425 2054 3483 Omitto
2074 3443 2138 3484 ea

544 3533 664 3587 quae
709 3526 815 3572 tam
856 3517 1146 3587 Scripturae
1193 3528 1428 3586 sanctae,
1476 3535 1607 3588 quas
1648 3519 1965 3590 Prophette,
2006 3536 2140 3592 quas

545 3609 923 3680 Evangelistae,
957 3622 1088 3679 quas
1114 3610 1351 3679 Apostoli
1383 3610 1739 3679 protulerunt,
1768 3627 1930 3682 quam
1957 3611 2141 3682 dispu-

545 3714 745 3759 tatores
770 3703 1028 3759 catholica
1051 3703 1278 3758 sanitate
1300 3701 1584 3774 fulgentes,
1608 3705 1861 3770 Joannes,
1888 3705 2135 3775 Basilius,

543 3798 877 3865 Theodorus,
902 3807 957 3854 et
978 3799 1167 3853 horum
1191 3798 1392 3854 similes
1413 3800 1944 3869 commendaverunt,
1972 3802 2140 3858 multo

544 3908 666 3948 esse
712 3891 967 3963 majorem
1015 3892 1252 3947 laborem
1289 3893 1623 3948 committere
1665 3894 1925 3962 crimina,
1978 3911 2137 3967 quam

543 4000 755 4042 cavere.

619 4081 752 4135 Anc.
781 4075 996 4133 Utinam
1029 4079 1216 4132 horum
1250 4077 1406 4132 fidem
1438 4087 1652 4134 teneres
1681 4097 1694 4133 :
1727 4090 2000 4151 peccatum
2027 4081 2138 4136 ori-

547 4169 726 4241 ginale
752 4169 804 4224 in
830 4170 1062 4239 parvulis
1088 4186 1192 4224 non
1227 4185 1470 4239 negares.
1699 4230 1712 4239 ο

619 4261 778 4318 CXII.
810 4261 929 4317 JUL.
963 4262 1178 4316 Interim
1207 4262 1347 4331 quod
1374 4263 1439 4318 ad
1468 4279 1704 4334 praesens
1728 4267 1997 4337 negotium
2020 4283 2143 4336 spe-

546 4361 688 4419 ctat,
723 4353 931 4409 inculco
962 4354 1185 4408 liberum
1216 4355 1493 4409 arbitrium
1540 4371 1639 4412 nec
1678 4357 1746 4429 ob
1784 4359 1924 4413 aliud
1956 4361 2138 4414 datum

551 4467 692 4515 esse,
724 4461 824 4501 nec
850 4445 1070 4516 intelligi
1102 4446 1151 4499 in
1184 4447 1288 4501 alio
1319 4463 1507 4516 posse,
1542 4463 1698 4518 quam
1731 4457 1789 4503 ut
1819 4465 1917 4504 nec
1943 4451 2010 4504 ad
2044 4451 2134 4521 ju-

555 4543 771 4605 stitiam,
803 4554 899 4594 nec
928 4537 993 4592 ad
1026 4538 1380 4609 iniquitatem,
1410 4529 1616 4609 captiva
1644 4540 1835 4612 aliquis
1862 4543 2136 4598 voluntate

547 4633 806 4704 rapiatur.

622 4725 756 4778 Anc.
800 4722 898 4789 Qui
941 4739 1036 4793 per
1061 4723 1228 4793 legem
1252 4765 1266 4790 ,
1297 4737 1455 4793 quam
1489 4723 1632 4780 videt
1661 4725 1712 4780 in
1741 4728 1996 4785 membris
2024 4731 2138 4786 suis

548 4822 930 4884 repugnantem
969 4815 1070 4884 legi
1110 4815 1303 4868 mentis
1333 4830 1443 4870 sure
1473 4827 1526 4871 et
1565 4819 1920 4887 captivantem
1951 4837 2009 4876 se
2040 4823 2140 4878 sub

550 4905 666 4976 lege
693 4906 917 4975 peceati,
946 4906 1158 4970 clamat,
1185 4904 1308 4960 Non
1337 4907 1471 4979 quod
1492 4907 1624 4974 volo,
1649 4911 1781 4982 facio
1810 4911 2027 4978 bonum;
2050 4916 2139 4969 sed

551 4997 687 5068 quod
713 4998 828 5051 odio
854 4997 1066 5063 malum,
1100 4999 1195 5053 hoc
1223 5017 1352 5071 ago;
1377 5000 1543 5058 debes
1571 5004 1752 5073 utique
1781 5005 1981 5070 dicere.
2005 5023 2140 5078 quo-

552 5089 714 5144 modo
758 5105 865 5144 non
908 5091 1143 5160 rapiatur
1168 5092 1232 5146 atl
1274 5094 1470 5148 malum
1501 5095 1771 5152 voluntate
1811 5102 2035 5168 captiva.
2070 5101 2140 5158 Ut

551 5181 694 5237 enim
723 5181 1012 5236 secundum
1041 5197 1135 5237 vos
1174 5184 1384 5238 interim
1421 5185 1624 5256 loquar,
1656 5188 1701 5241 si
1741 5189 1841 5244 sub
1867 5193 2004 5246 mala
2037 5193 2139 5250 iste

550 5275 933 5331 consuetudine
952 5277 1134 5346 gemit,
1161 5277 1418 5346 nondum,
1441 5280 1579 5335 sicut
1597 5280 1796 5351 dicitis,
1821 5285 1920 5339 sub
1940 5284 2140 5343 Christi

547 5369 721 5438 gratia
751 5369 1105 5438 constitutus,
1137 5370 1296 5426 habet
1323 5371 1422 5426 iste
1441 5415 1457 5441 ,
1485 5389 1554 5428 an
1577 5389 1682 5429 non
1713 5375 1873 5433 habet
1912 5379 2136 5435 liberum

550 5460 836 5518 voluntatis
856 5462 1131 5518 arbitrium
1147 5463 1172 5504 ν
1192 5462 1247 5519 Si
1265 5462 1457 5532 habet;
1476 5481 1641 5537 quare
1658 5483 1764 5524 non
1785 5469 1909 5527 facit
1935 5473 2134 5530 bonum

613 5621 634 5652 ι
667 5626 798 5688 Hanc
827 5621 1122 5688 sententiam
1138 5655 1154 5681 ,
1179 5627 1338 5688 Neque
1351 5619 1488 5688 enim
1525 5636 1714 5688 semper
1745 5625 1974 5682 voluntati
1997 5633 2140 5688 malta

545 5680 1012 5754 perpetrandi‘quod
1029 5681 1128 5754 vult
1143 5680 1146 5681 ⁷
1160 5680 1296 5754 adest
1333 5683 1539 5754 facultas
1557 5722 1572 5747 ,
1600 5680 1665 5737 e'x
1688 5680 2137 5749 Pataram-codice

544 5743 828 5823 asseres;
852 5743 1411 5823 .599.,P?etsr¢s-9eeé§s
1444 5743 1653 5823 videtur.
1681 5760 1864 5823 ηρνηιη
1890 5743 2138 5823 maia:

547 5801 757 5876 pe'tratiq
774 5805 827 5858 in
849 5801 1011 5876 labore
1042 5813 1132 5876 est,
1170 5806 1254 5876 vel
1286 5809 1402 5872 quid
1440 5801 1732 5876 _sin_1ile;icui
1758 5801 2135 5876 ex’adv‘ershvid

544 5869 860 5946 respondeat,
883 5875 941 5920 Αι
956 5882 982 5922 e
1001 5868 1192 5935 regiOne
1207 5868 1380 5931 horam
1400 5868 1683 5926 abstinentia
1705 5875 1753 5928 in
1774 5868 2136 5946 stnnmavqttie'te

1229 420 1473 476 OPERIS
1510 419 1923 476 IMPERFECTI
1959 414 2231 474 CONTRA
2271 375 2628 482 JULtANUﬁ,
2672 413 2729 470 s.
2773 414 3144 473 AUGUSTINI

3707 421 3840 480 1296

2264 553 2406 625 quod
2435 555 2565 623 vult,
2596 554 2692 612 sed
2718 557 2917 612 malum
2947 557 3089 628 quod
3114 557 3227 612 odit
3254 558 3396 628 agit?
3426 557 3484 614 Si
3510 569 3690 615 autem
3720 546 3844 631 pro-

2256 658 2440 720 pterea
2469 665 2575 706 non
2600 649 2781 716 habet,
2805 652 2926 723 quia
2949 652 3047 708 sub
3065 652 3233 723 gratia
3253 651 3450 708 Christi
3471 654 3708 713 nondum
3728 664 3836 723 est;

2258 756 2386 798 ecce
2415 742 2555 814 quod
2577 743 2688 815 jam
2718 743 2849 809 dixi,
2875 744 3066 800 iterum
3092 745 3234 813 dico,
3261 755 3317 802 et
3342 746 3496 803 vobis
3520 747 3676 804 video
3702 763 3846 819 saepe

2255 831 2540 890 dicendum
2575 853 2590 890 :
2617 833 2786 891 Nemo
2814 835 2918 890 nisi
2949 851 3045 907 per
3072 839 3297 908 gratiam
3325 836 3524 894 Christi
3552 837 3617 893 ad
3647 839 3844 894 bonum

2255 925 2395 996 quod
2420 927 2532 982 vult
2551 926 2836 998 agendum,
2865 937 2919 984 et
2941 928 3008 983 ad
3034 929 3231 984 malum
3256 930 3398 1001 quod
3421 931 3534 985 odit
3555 947 3662 986 non
3683 947 3845 1003 agen-

2254 1017 2411 1085 dum,
2459 1027 2634 1090 potest
2681 1019 2878 1076 habere
2924 1019 3151 1076 liberum
3193 1021 3485 1078 voluntatis
3526 1023 3844 1079 arbitrium!

2255 1127 2362 1167 non
2390 1120 2449 1167 ut
2477 1113 2719 1170 voluntas
2748 1115 2865 1184 ejus
2904 1114 2970 1169 ad
3001 1115 3198 1170 bonum
3238 1117 3377 1172 sicut
3412 1117 3481 1173 ad
3519 1119 3720 1175 malum
3753 1134 3836 1174 ea-

2255 1206 2398 1276 ptiva
2422 1208 2690 1278 rapiatur;
2714 1209 2810 1265 sed
2833 1219 2892 1265 ut
2916 1225 2945 1264 a
2968 1211 3274 1282 captivitate
3298 1211 3517 1268 liberata
3548 1215 3591 1283 ³,
3619 1216 3686 1272 ad
3716 1215 3846 1272 Iibe-

2254 1308 2489 1354 ratorem
2531 1316 2684 1356 suum
2729 1302 2936 1356 liberali
2977 1304 3238 1360 suavitate
3263 1306 3497 1375 amoris,
3530 1323 3638 1365 non
3666 1311 3845 1366 servili

2256 1392 2614 1449 amaritudine
2645 1393 2854 1449 timoris
2883 1396 3200 1453 attrahatur.

2321 1485 2505 1544 CXIII.
2554 1487 2671 1544 Jun.
2715 1489 2851 1545 Sunt
2896 1491 3113 1562 quidem
3157 1491 3332 1564 dulcia
3375 1493 3724 1553 incitamenta
3765 1499 3843 1553 vi-

2250 1579 2447 1634 tiorum
2473 1622 2488 1646 ,
2523 1595 2704 1636 amara
2737 1582 2900 1638 etiam
2927 1582 3231 1655 frequenter
3259 1601 3378 1656 quae
3416 1602 3446 1642 a
3489 1591 3844 1658 persecutori-

2251 1673 2352 1729 bus
2378 1673 2677 1730 excitantur
2717 1683 2981 1730 tormcnta
3027 1692 3303 1747 poenarum
3331 1696 3345 1734 :
3369 1679 3462 1735 sed
3500 1689 3556 1735 et
3595 1681 3684 1735 illa
3724 1697 3846 1737 cen-

2252 1780 2377 1822 sura
2398 1765 2695 1823 honestatis
2715 1768 3016 1838 everberat,
3047 1779 3100 1825 et
3120 1769 3220 1826 ista
3243 1772 3511 1828 consumit
3536 1775 3844 1846 magnitudo

2248 1859 2542 1929 patientiae.
3202 1929 3210 1932 ,

2321 1952 2458 2008 Auo.
2490 1951 2634 2007 Inter
2659 1951 2779 2009 illos
2802 1952 3093 2019 declamas,
3122 1955 3214 2026 qui
3247 1957 3522 2013 conﬁdunt
3557 1959 3608 2015 in
3644 1960 3839 2018 virtute

2247 2056 2344 2098 sua
2372 2041 2546 2112 (Psal.
2579 2060 2772 2111 XLVIII,
2802 2045 2855 2116 7)
2882 2064 2896 2100 :
2919 2046 3134 2102 attende
3159 2047 3289 2115 tibi,
3322 2065 3390 2106 ne
3420 2049 3560 2107 inter
3584 2051 3707 2108 illos
3729 2054 3839 2110 cla-

2247 2150 2384 2200 mes,
2410 2136 2499 2205 qui
2525 2137 2916 2207 torquebuntur
2934 2138 3001 2193 de
3021 2140 3268 2210 superbia
3295 2157 3411 2197 sua.

2317 2225 2504 2282 CXIV.
2522 2227 2642 2284 Jun.
2660 2227 3043 2286 Verumtamen
3058 2246 3156 2287 nec
3170 2232 3424 2289 virtutum
3440 2245 3522 2291 est
3540 2251 3841 2294 aerumnosa

2247 2322 2540 2390 possessio,
2561 2337 2680 2393 quae
2700 2332 2849 2379 extra
2871 2340 3093 2395 regnum
3112 2327 3380 2397 quoddam
3401 2329 3554 2386 bona:
3571 2333 3844 2389 conscien-

2247 2412 2334 2466 tia:
2364 2413 2625 2482 promissa
2649 2424 2865 2470 aeterna:
2903 2417 3245 2474 beatitudinis
3271 2421 3595 2479 sublimitate
3625 2423 3840 2482 fruitur.

2245 2503 2456 2560 Adsunt
2483 2515 2661 2563 tamen
2691 2507 2955 2578 adjutoria
2982 2512 3168 2581 gratia:
3192 2513 3305 2578 Dei,
3335 2529 3454 2585 quae
3482 2516 3534 2571 in
3563 2527 3715 2588 parte
3740 2521 3843 2574 vir-

2247 2598 2375 2653 tutis
2404 2615 2672 2672 nunquam
2700 2600 2997 2658 destituunt
3028 2605 3356 2663 voluntatem
3383 2625 3396 2662 :
3427 2610 3580 2680 cujus
3609 2611 3684 2683 (a)
3718 2612 3841 2669 licet

2246 2691 2541 2749 innumeras
2562 2695 2790 2763 species,
2817 2695 2906 2750 tali
2933 2705 3112 2752 tamen
3133 2713 3348 2770 semper
3369 2701 3744 2760 moderatione
3762 2705 3845 2761 ad-

2246 2784 2516 2852 hibentur,
2545 2796 2601 2843 ut
2631 2804 2902 2860 nunquam
2926 2791 3150 2847 liberum
3171 2793 3451 2849 arbitrium
3473 2796 3705 2867 locopell
3729 2807 3840 2868 ant,

2245 2879 2338 2933 sed
2364 2879 2640 2948 praebeant
2661 2880 3004 2952 adminicula,
3028 2885 3280 2956 quamdiu
3307 2888 3384 2942 eis
3404 2889 3634 2944 voluerit
3653 2890 3841 2957 inniti;

2245 2986 2367 3026 cum
2391 2981 2566 3029 tamen
2594 2988 2699 3029 non
2721 2977 3028 3045 Opprimant
3051 2978 3402 3036 reluctantem
3428 2981 3684 3039 animum.
3714 2983 3845 3041 Inde

2244 3065 2440 3137 quippe
2465 3075 2568 3132 est,
2590 3067 2735 3139 quod
2759 3079 2814 3124 ut
2833 3070 2925 3124 alii
2951 3069 3018 3126 ad
3045 3071 3271 3128 virtutes
3295 3089 3325 3128 a
3353 3073 3498 3130 vitiis
3519 3077 3842 3148 ascendunt,

2243 3156 2317 3212 ita
2341 3157 2500 3213 etiam
2530 3158 2618 3213 alii
2642 3159 2709 3214 ad
2735 3160 2858 3215 vitia
2885 3177 2915 3214 a
2940 3161 3228 3220 virtutibus
3257 3157 3594 3223 relabuntur.

2316 3251 2454 3307 Anc.
2479 3248 2636 3307 Unde
2666 3252 2782 3307 fleri
2812 3263 3019 3324 potest,
3047 3264 3106 3311 ut
3131 3257 3395 3328 adjutoria
3425 3262 3608 3331 gratia:
3638 3261 3746 3320 Dei
3780 3264 3843 3320 li-

2243 3342 2433 3398 berum
2458 3343 2736 3399 arbitrium
2762 3346 2885 3403 loco
2910 3348 3142 3427 pellant;
3173 3349 3314 3420 quod
3344 3353 3524 3424 potius
3549 3355 3690 3412 vitiis
3728 3357 3844 3427 pul-

2244 3451 2362 3492 sum
2385 3445 2438 3490 et
2467 3436 2719 3507 nequitiae
2747 3438 3086 3511 subjugatum
3107 3485 3122 3510 ,
3155 3452 3214 3498 ut
3243 3443 3296 3498 in
3327 3445 3504 3502 locum
3530 3462 3685 3505 suum
3722 3451 3844 3507 red-

2245 3536 2352 3594 eat,
2374 3527 2636 3584 Iiberantt
2663 3528 2768 3585 Sed
2797 3546 2917 3586 cum
2939 3535 3197 3603 quaeritur
3216 3551 3247 3591 a
3275 3537 3450 3606 vobis,
3473 3555 3593 3610 qua:
3609 3542 3728 3598 sint
3749 3543 3845 3599 ista

2245 3618 2510 3690 adjutoria
2535 3621 2720 3691 gratim
2743 3622 2855 3689 Dei,
2887 3623 3096 3681 edicitis
3122 3643 3242 3698 qua:
3265 3644 3424 3699 supra
3446 3646 3844 3697 commemora-

2246 3714 2336 3781 sti,
2372 3733 2390 3766 ›
2421 3715 2588 3770 Deum
2614 3715 2869 3787 adjuvare
2898 3719 3274 3790 prazcipiendo,
3299 3723 3692 3791 benedicendo,
3719 3744 3844 3785 san-

2245 3805 2532 3862 ctillcando
2552 3849 2567 3874 ,
2609 3809 2909 3866 coercendo
2929 3853 2944 3876 ,
2985 3813 3358 3881 provocando,
3391 3817 3789 3876 illuminando:
3821 3841 3840 3874 ι

2245 3915 2364 3971 qute
2391 3900 2569 3954 omnia
2599 3901 2759 3956 etiam
2793 3917 2888 3973 per
2913 3903 3160 3960 homines
3181 3905 3333 3975 fiunt,
3364 3911 3664 3966 secundum
3695 3914 3845 3970 Scri-

2247 4002 2448 4063 pturas.
2486 3993 2618 4050 Nam
2647 4004 2702 4050 et
2730 3998 3045 4067 przecipiunt
3072 3999 3319 4058 homines
3341 4044 3356 4068 ,
3379 4013 3436 4060 et
3477 4005 3808 4063 benedicuu
3829 4051 3845 4076 ,

2245 4095 2301 4142 et
2330 4102 2426 4154 per
2452 4087 2629 4143 divina
2658 4086 3004 4146 Sacramenta
3032 4094 3386 4162 sanctiﬁcant,
3418 4105 3472 4152 et
3495 4099 3850 4171 corripiendo

2245 4190 2531 4247 coercent,
2559 4191 2612 4237 et
2649 4184 2986 4239 exhortando
3010 4198 3336 4255 provocant,
3365 4197 3418 4244 et
3436 4189 3689 4247 docendo
3721 4193 3850 4248 illu-

2244 4272 2488 4326 minant:
2516 4288 2621 4327 non
2654 4283 2829 4329 tamen
2853 4277 2942 4346 qui
2970 4276 3175 4347 plantat
3193 4288 3278 4334 est
3296 4280 3518 4352 aliquid,
3548 4299 3734 4355 neque
3759 4287 3851 4357 qui

2247 4364 2412 4434 rigat,
2444 4364 2538 4419 sed
2575 4366 2665 4436 qui
2706 4367 3096 4424 incrementum
3124 4370 3216 4426 dat
3245 4372 3386 4441 Deus
3413 4373 3465 4447 (Ι
3492 4373 3611 4430 Cor.
3646 4394 3738 4443 III,
3769 4377 3848 4452 Ἰ).

2245 4455 2359 4510 Hoc
2387 4465 2471 4512 est
2497 4467 2674 4529 autem
2708 4460 3118 4530 incrementum,
3148 4473 3204 4519 ut
3234 4467 3596 4537 unusquisque
3627 4469 3852 4526 obediat

2247 4554 2528 4624 prteceptis
2557 4555 2689 4610 Dei:
2718 4558 2861 4628 quod
2907 4575 3013 4613 non
3056 4557 3148 4625 fit,
3175 4561 3388 4631 quando
3426 4578 3555 4620 vere
3598 4564 3660 4620 ﬁt
3684 4609 3702 4634 ,
3749 4567 3850 4622 nist

2245 4644 2527 4702 charitate.
2558 4647 2712 4704 Unde
2742 4649 2982 4710 Ecclesia
3008 4653 3398 4709 incrementum
3425 4658 3672 4726 corporis
3697 4657 3852 4728 facit,

2246 4736 2299 4790 in
2344 4737 2749 4798 aediﬁcationem
2791 4743 2910 4812 s‘ui,
2954 4743 3008 4799 in
3055 4745 3319 4803 charitate
3358 4747 3579 4819 (Ephes.
3611 4764 3696 4818 Iv,
3732 4753 3853 4825 16).

2248 4831 2405 4887 Istam
2431 4833 2743 4891 charitatem
2766 4852 2874 4892 non
2898 4836 2993 4893 dat
3011 4839 3114 4894 nisi
3141 4841 3282 4898 Deus
3308 4861 3321 4897 :
3345 4841 3581 4900 charitas
3603 4847 3762 4902 enim
3791 4863 3859 4902 ex

2247 4923 2360 4979 Deo
2383 4934 2466 4981 est
2487 4925 2540 5000 (I
2562 4925 2721 4982 Joan.
2745 4945 2818 4996 IV,
2847 4930 2926 5002 7).
2959 4930 3110 4988 Hanc
3137 4948 3232 4989 vos
3258 4934 3399 4990 inter
3421 4934 3697 5007 adjutoria
3726 4955 3854 5009 gra-

2249 5016 2333 5070 tize
2357 5033 2475 5087 quae
2499 5021 2959 5088 commemoratis,
2991 5025 3270 5082 nominare
3299 5041 3404 5082 non
3427 5028 3609 5097 vultis,
3646 5046 3723 5084 ne
3753 5032 3860 5087 hoc

2251 5105 2422 5176 ipsum
2447 5109 2588 5179 quod
2614 5110 2895 5168 obedimus
2922 5113 3052 5182 Deo,
3079 5117 3196 5186 ejus
3224 5133 3347 5174 esse
3369 5121 3555 5188 gratiae
3576 5124 3860 5179 conceda-

2248 5200 2335 5253 tis.
2382 5200 2584 5257 Putatis
2611 5205 2806 5277 quippe
2835 5207 2939 5262 isto
2965 5209 3126 5264 modo
3152 5211 3349 5267 auferri
3372 5213 3666 5271 voluntatis
3699 5217 3857 5273 arbi-

2249 5291 2406 5345 trium
2433 5310 2444 5345 :
2469 5307 2589 5348 cum
2637 5293 2739 5350 hoc
2775 5297 3057 5369 quisquam
3086 5300 3264 5358 facere
3294 5303 3393 5358 nisi
3424 5305 3709 5364 voluntate
3742 5325 3855 5364 non

2247 5383 2442 5453 possit;
2474 5386 2567 5442 sed
2600 5388 2739 5458 quod
2764 5404 2861 5445 vos
2885 5406 2994 5446 non
3025 5394 3205 5461 vultis,
3240 5394 3575 5467 Praeparatur
3602 5399 3862 5458 voluntas

2245 5491 2277 5528 a
2297 5473 2518 5531 Domino
2540 5476 2955 5550 (Prov.vnt,sec.
2973 5483 3171 5555 LXX);
3195 5501 3301 5543 non
3324 5490 3618 5547 forinsecus
3640 5507 3861 5550 sonan-

2247 5567 2386 5623 tibus
2428 5570 2639 5637 verbis,
2688 5572 2782 5628 sed
2823 5575 2973 5631 sicut
3014 5588 3203 5635 orante
3254 5582 3607 5655 exauditaque
3656 5590 3861 5659 regina

2244 5661 2508 5716 convertit
2558 5663 2700 5718 Deus
2744 5674 2798 5721 et
2837 5669 3112 5725 transtulit
3145 5672 3562 5746 indignationem
3601 5682 3763 5751 regis
3802 5684 3861 5738 in

2243 5750 2516 5809 lenitatem
2565 5753 2776 5826 (Esther
2795 5774 2883 5828 xv,
2919 5761 3028 5830 11).
3059 5763 3209 5820 Sicut
3244 5767 3386 5822 cnim
3429 5768 3530 5825 hoc
3557 5750 3759 5830 divino
3803 5782 3861 5832 et

2307 5894 2331 5964 ξ
2358 5891 2493 5964 deli,
2526 5889 2928 5964 liberagtametsi
2966 5910 3136 5952 omnes
3165 5905 3295 5964 Mss,
3319 5901 3535 5956 liberata.

2313 5953 2378 6012 (ι)
2408 5955 2614 6005 subaudi
2656 5955 2730 6007 rei
