3950 6476
149 392 295 452 1297

148 517 368 575 occulto
398 512 559 572 modo
585 511 696 586 egit
720 511 773 566 in
800 508 1032 566 hominis
1061 504 1256 573 corde;
1283 505 1362 561 sic
1396 509 1649 576 operatur
1687 501 1741 557 in

150 612 315 668 nobis
335 619 389 668 et
415 609 554 664 velle
573 615 628 664 et
648 604 876 676 operari,
902 617 1000 674 pro
1019 601 1157 656 bona
1183 597 1456 656 voluntate
1480 594 1738 671 (Philipp.

151 723 218 772 ιι,
245 704 362 772 15).

220 797 387 854 CXV.
434 795 552 853 Jun.
593 794 674 850 Tu
717 807 846 865 ergo
880 787 1150 862 quomodo
1190 787 1417 844 liberum
1459 783 1739 840 arbitrium

152 891 452 955 confiteris,
477 889 561 944 cui
585 901 748 942 unum
779 881 1148 939 tantummodo
1167 879 1304 935 dicis
1324 893 1441 934 esse
1465 875 1742 949 possibile,

149 983 201 1038 id
223 993 331 1048 est,
361 982 536 1038 facere
556 980 754 1035 malum
776 1019 791 1044 ,
820 991 926 1032 non
953 983 1132 1030 autem
1159 987 1281 1028 esse
1310 969 1562 1042 possibile
1582 965 1748 1022 defle-

149 1090 296 1134 ctere
325 1095 354 1132 a
391 1077 531 1132 malo
552 1087 604 1131 et
632 1075 807 1129 facere
831 1074 1032 1128 bonum
1064 1068 1242 1142 (Psal.
1267 1083 1469 1131 χχχιιι,
1497 1064 1608 1138 15).

219 1173 359 1227 Avo.
403 1169 529 1224 Dico
567 1182 686 1223 esse
730 1164 983 1236 possibile
1014 1162 1272 1217 voluntati
1317 1159 1550 1214 hominis
1582 1156 1747 1212 delle-

149 1271 298 1318 ctere
323 1277 353 1316 a
383 1261 523 1316 malo
547 1269 601 1315 et
631 1259 805 1313 facere
835 1257 1066 1321 bonum;
1095 1253 1189 1309 sed
1217 1253 1267 1308 ei
1292 1250 1557 1307 voluntati
1588 1263 1746 1320 quam

150 1359 296 1413 Dens
339 1356 555 1426 adjuvat
593 1353 790 1425 gratis,
838 1367 944 1406 non
984 1364 1143 1422 quam
1185 1347 1432 1404 Julianus
1468 1344 1615 1400 inﬂat
1656 1343 1745 1398 in-

147 1463 353 1524 gratus.

217 1541 412 1598 CXVI.
435 1541 552 1596 Jun.
573 1539 752 1595 Taceo
775 1537 988 1593 interim
1009 1550 1114 1608 qua
1136 1533 1285 1590 rabie
1305 1532 1359 1588 in
1382 1538 1547 1587 totam
1572 1531 1747 1602 legem

152 1635 351 1690 tremas
376 1676 389 1696 ,
423 1647 582 1704 quam
608 1630 784 1686 credis
810 1645 870 1687 ea
900 1630 1194 1700 imperasse
1221 1625 1538 1681 mortalibus
1558 1664 1574 1693 ,
1609 1637 1750 1696 quo-

150 1745 269 1784 rum
295 1727 438 1799 apud
470 1742 563 1782 eos
591 1726 788 1780 nullam
818 1725 1118 1780 facultatem
1148 1722 1376 1778 videret.

221 1825 365 1879 Avo.
390 1820 508 1877 Non
530 1831 613 1877 est
636 1836 820 1875 verum
845 1819 985 1891 quod
1009 1819 1162 1874 dicis.
1187 1819 1316 1874 Haec
1337 1819 1562 1888 imperat
1582 1817 1746 1884 Deus,

153 1931 271 1985 qua:
315 1915 430 1970 fieri
475 1921 696 1984 possunt
722 1931 734 1965 :
759 1912 853 1968 sed
883 1913 997 1981 ipse
1026 1911 1173 1967 dedit
1211 1920 1265 1966 nt
1294 1911 1517 1975 faciant,
1551 1895 1630 1966 eis
1658 1910 1749 1982 qui

152 2007 329 2062 facere
355 2016 578 2076 possunt
598 2016 651 2059 et
677 2004 910 2072 faciunt;
933 2013 987 2060 et
1011 2020 1105 2060 eos
1125 2005 1213 2074 qui
1243 2021 1347 2058 non
1382 2013 1620 2074 possunt,
1648 2004 1751 2058 im-

152 2101 395 2171 perando
431 2101 686 2155 admonet
725 2115 754 2154 a
792 2114 851 2154 se
895 2113 1116 2169 poscere
1161 2107 1218 2152 ut
1257 2097 1484 2168 possint.
1513 2097 1582 2151 Et
1607 2097 1748 2168 quod

151 2211 257 2251 non
286 2196 467 2250 omnia
495 2195 560 2249 ah
584 2209 906 2266 unoquoque
927 2202 1232 2249 sanctorum
1256 2192 1408 2257 fiunt,
1430 2191 1577 2246 novit
1606 2191 1748 2247 Deus

151 2286 606 2360 quemadmodum
643 2287 724 2342 eis
759 2286 824 2340 ad
856 2285 1209 2340 humilitatem
1239 2284 1517 2351 consulat,
1555 2282 1751 2354 quibus

150 2379 393 2450 quotidie
411 2378 735 2444 dicentibus,
762 2377 971 2432 Dimitte
991 2377 1137 2431 nobis
1156 2375 1323 2431 debita
1347 2385 1520 2430 nostra
1535 2374 1747 2447 (Matth.

154 2488 230 2540 Vl,
257 2470 328 2526 i2
345 2475 390 2541 ),
419 2472 498 2527 sic
523 2471 816 2541 opitulatur
838 2469 903 2524 ad
931 2468 1230 2524 habendam
1259 2467 1619 2523 obedientiam
1642 2509 1657 2533 ,
1689 2474 1751 2521 ut

152 2566 219 2620 sit
246 2564 392 2620 unde
412 2565 574 2620 etiam
600 2563 812 2620 veniam
839 2563 1110 2634 largiatur.

221 2656 434 2712 CXVII.
468 2656 588 2712 Jun.
613 2656 717 2712 Sed
747 2671 934 2727 quaero
957 2670 1077 2710 cum
1103 2653 1296 2726 quibus
1319 2653 1491 2724 poetis
1513 2652 1566 2706 in
1589 2650 1749 2706 talem

156 2752 448 2807 incurreris
486 2752 876 2821 Hippocrenem
896 2790 909 2814 ,
935 2759 993 2804 ut
1016 2747 1368 2804 bimembrem
1399 2746 1624 2802 bestiam
1652 2744 1748 2799 fln-

156 2859 325 2913 geres,
352 2859 459 2897 non
487 2842 702 2913 quidem
730 2839 1078 2912 carminando
1108 2839 1152 2906 ί,
1182 2837 1277 2893 sed
1305 2835 1747 2906 blasphemando,

157 2938 306 3006 cujus
328 2953 529 3007 corpus
551 2937 618 2993 de
640 2936 777 2991 mala
804 2934 1126 2991 necessitate
1152 2934 1172 2965 '
1201 2932 1482 3000 formares,
1501 2940 1556 2986 et
1580 2931 1749 2986 solam

157 3029 341 3085 faciem
373 3030 594 3086 nomine
619 3028 881 3084 libertatis
905 3026 1220 3083 obduceres.

224 3124 363 3179 Ave.
398 3122 582 3193 Pingis
611 3121 704 3176 tibi
729 3120 844 3192 ipse
871 3119 1015 3192 quod
1055 3118 1264 3190 placet,
1299 3116 1385 3172 cui
1415 3124 1567 3172 vacat
1605 3113 1748 3170 inani

157 3216 315 3272 corde
347 3217 528 3272 inania
556 3216 797 3272 volutare
827 3214 1216 3286 phantasmata.
1254 3209 1363 3268 Cur
1396 3210 1539 3267 enim
1565 3216 1621 3264 tu
1651 3207 1747 3264 ad-

156 3310 411 3364 minicula
436 3310 625 3380 gratim
655 3309 911 3379 supponis
932 3308 1090 3363 bona:
1111 3305 1392 3372 voluntati,
1418 3319 1539 3360 cum
1562 3303 1751 3359 volun-

156 3409 234 3455 tas
262 3402 409 3456 mala
448 3402 599 3456 nullo
628 3401 884 3455 innitatur
913 3398 1240 3454 adminiculo
1267 3408 1328 3453 ut
1356 3397 1494 3450 mala
1528 3396 1629 3463 sit,
1660 3394 1748 3451 vel

133 3495 286 3549 .mala
311 3509 440 3549 esse
472 3493 755 3563 persistat?
786 3485 879 3547 An
902 3491 989 3547 hic
1027 3492 1159 3547 libra
1187 3501 1274 3545 tua
1294 3532 1309 3558 ,
1339 3505 1499 3562 quam
1535 3488 1748 3544 conaris

156 3601 216 3642 ex
249 3596 486 3656 utraque
527 3595 678 3655 parte
717 3600 812 3656 per
834 3583 1057 3655 aequalia
1088 3590 1358 3638 momenta
1393 3580 1744 3652 suspendere,

158 3689 210 3735 ut
232 3681 489 3734 voluntas
514 3688 767 3750 quantum
799 3686 880 3734 est
906 3676 974 3733 ad
1002 3676 1232 3741 malum,
1262 3683 1464 3730 tantum
1490 3675 1649 3730 etiam
1681 3673 1752 3729 sit
1770 3737 1793 3752 ο

155 3774 215 3828 ad
241 3773 450 3828 bonum
485 3773 670 3839 libera,
700 3771 973 3843 vergendo
996 3771 1018 3804 ³
1040 3772 1092 3826 in
1117 3785 1277 3827 unam
1307 3777 1510 3839 partem
1543 3776 1594 3822 te
1614 3765 1750 3820 indi-

155 3876 235 3922 cat
260 3864 618 3921 delirantem?

222 3957 466 4014 CXVIII.
490 3957 609 4014 Jun.
634 3956 724 4014 Sic
742 3958 884 4013 enim
908 3966 962 4014 et
985 3958 1040 4012 in
1061 3956 1156 4011 illo
1177 3968 1342 4026 opere
1361 3951 1500 4024 quod
1524 3951 1750 4006 Romam

157 4051 374 4115 misisti,
401 4050 643 4120 disputas
668 4069 682 4104 :
714 4069 732 4102 ι
761 4049 1022 4105 Voluntas
1048 4064 1167 4120 qum
1192 4047 1361 4104 libera
1390 4046 1440 4100 in
1469 4043 1623 4098 malis
1643 4051 1747 4112 est,

158 4144 323 4200 libera
352 4145 407 4199 in
434 4144 586 4200 bonis
613 4159 718 4200 non
749 4154 852 4201 est.
885 4165 904 4198 ι

226 4238 367 4293 Auc.
392 4237 500 4294 Cur
526 4253 629 4293 non
657 4237 807 4293 addis
834 4237 977 4309 quod
1017 4235 1086 4291 ibi
1131 4234 1342 4306 legisti,
1377 4251 1396 4286 ‹
1439 4233 1483 4288 si
1526 4232 1750 4289 liberata

158 4345 263 4384 non
295 4337 386 4385 est
413 4349 432 4382 ι
464 4330 677 4401 (Contra
698 4329 839 4384 Duas
869 4329 1122 4402 Epistolas
1143 4325 1559 4398 Pelagianorum,
1587 4325 1674 4380 lib.
1696 4326 1747 4391 1,

158 4441 209 4476 ιι.
239 4425 336 4494 5)?
381 4425 489 4478 Aut
526 4423 654 4494 quid
699 4433 781 4478 est
807 4423 946 4494 quod
973 4422 1047 4476 ait
1075 4420 1352 4484 Dominus,
1379 4434 1499 4473 cum
1541 4417 1609 4473 de
1641 4415 1752 4472 fru-

1409 409 1420 426 .
1503 376 1707 435 LIBER
1745 374 2058 438 TERTIUS.

3298 397 3441 458 1298

1858 501 2157 573 oculorum,
2186 504 2345 578 idque
2373 513 2428 562 tu
2455 507 2708 565 definires
2735 509 2835 566 hoc
2860 511 3037 580 modo,
3064 511 3224 570 Visus
3250 523 3334 570 est
3353 515 3437 571 vel

1852 596 2078 654 effossos
2121 598 2319 657 habere
2361 602 2544 657 oculos
2565 644 2581 670 ,
2609 603 2693 658 vel
2723 603 3116 674 impedimentis
3143 608 3442 681 quibusque

1852 690 2067 746 videndi
2094 701 2336 764 tempore
2377 693 2506 749 nihil
2552 710 2710 766 posse
2738 697 3082 768 conspicere;
3113 709 3274 772 atque
3301 701 3442 758 hanc

1853 783 2217 842 definitionem
2240 796 2453 858 putares
2472 788 2607 843 visui
2629 790 2918 846 convenire
2941 807 2954 844 :
2980 789 3148 848 ferres
3169 801 3220 848 te
3239 802 3437 861 autem,

1854 887 1912 932 ut
1941 879 2191 933 contrarii
2220 879 2358 951 ejus,
2389 881 2442 936 id
2468 893 2568 950 est,
2599 883 2873 951 caecitatis,
2903 899 3022 953 qua:
3046 884 3330 954 explicatio
3356 900 3444 941 es-

1854 983 1934 1027 set
1961 989 2261 1041 assereres;
2291 992 2520 1048 cumque
2547 977 2743 1032 nullam
2777 978 2934 1032 aliam
2965 978 3255 1047 invenires,
3279 994 3440 1050 quam

1855 1064 1899 1118 si
1928 1065 1980 1118 in
2002 1081 2067 1120 eo
2088 1068 2322 1132 animali,
2341 1069 2492 1139 cujus
2515 1079 2716 1124 naturae
2736 1070 2950 1127 adesset
2970 1072 3115 1128 viSos
3133 1073 3440 1139 oculorum,

1854 1157 1937 1211 vel
1968 1157 2184 1214 effossio
2211 1161 2486 1228 luminum,
2516 1163 2597 1218 vel
2625 1164 2788 1219 crassi
2817 1165 3054 1220 humoris
3079 1166 3323 1237 ohseptio
3350 1167 3433 1222 vi-

1855 1249 2014 1304 dendi
2041 1251 2278 1321 eriperet
2303 1250 2630 1322 facultatem,
2659 1257 3003 1327 resipisceres
3032 1258 3214 1328 procul
3244 1259 3435 1326 dubio,

1855 1347 1910 1395 et
1952 1335 2161 1396 videres
2199 1342 2360 1398 rebus
2405 1345 2688 1402 contrariis
2728 1347 3092 1404 definitionem
3133 1365 3290 1404 unam
3331 1366 3437 1406 non

1857 1447 2016 1504 posse
2050 1443 2378 1504 competere.
2429 1436 2621 1508 Sicque
2661 1438 2851 1506 fiebat,
2879 1449 2938 1495 ut
2977 1441 3020 1496 si
3061 1442 3274 1498 caecitas
3309 1443 3442 1499 nihil

1855 1529 1958 1584 dici
1998 1533 2138 1588 aliud
2180 1542 2421 1605 poterat,
2452 1552 2608 1607 quam
2643 1537 2694 1591 in
2723 1538 2965 1594 animalis
2990 1539 3182 1604 oculo,
3206 1554 3274 1596 eo
3300 1548 3437 1596 tem-

1856 1639 1988 1694 pore
2031 1642 2136 1696 quo
2181 1628 2366 1685 videre
2412 1629 2672 1699 deberet,
2711 1633 2936 1702 privatio
2981 1634 3266 1701 cernendi;
3295 1637 3442 1692 visus

1855 1735 2066 1792 quoque
2091 1721 2327 1780 definitio
2359 1741 2453 1795 per
2479 1727 2813 1797 negationem
2846 1729 3079 1794 illorum,
3111 1730 3305 1801 quibus
3333 1746 3411 1786 cae

1855 1812 2068 1868 citatem
2113 1831 2472 1886 exposueras,
2518 1818 2858 1887 redderetur;
2911 1831 2966 1876 ut
3009 1821 3262 1879 videlicet
3310 1824 3439 1880 nihil

1855 1916 1997 1962 esset
2039 1909 2183 1965 aliud
2223 1912 2369 1967 visus
2394 1953 2409 1979 ,
2452 1928 2611 1984 quam
2640 1929 2738 1969 nec
2766 1913 2974 1970 effossis
2995 1957 3010 1982 ,
3041 1932 3142 1972 nec
3179 1917 3444 1974 obseratis

1855 2000 2024 2054 oculis
2066 2013 2364 2071 opportuno
2404 2012 2644 2075 tempore
2690 2004 2915 2062 facultas
2963 2023 3194 2078 congrua
3225 2011 3442 2078 conspi-

1855 2091 2030 2145 candi.
2063 2093 2266 2161 Quibus
2311 2103 2367 2149 tu
2406 2096 2670 2164 ostensis,
2716 2096 2762 2152 si
2809 2098 3018 2170 obstipe
3064 2099 3439 2168 reluctareris,

1855 2183 1990 2238 nihil
2020 2183 2289 2241 obtineres
2316 2187 2461 2242 aliud
2482 2229 2495 2253 ,
2530 2203 2689 2259 quam
2718 2198 2775 2244 ut
2801 2198 2892 2244 aut
2919 2199 3104 2245 contra
3135 2202 3276 2247 tuam
3309 2207 3443 2248 con-

1855 2281 2132 2335 scientiam
2179 2281 2471 2351 pervicacia
2515 2282 2760 2353 pudenda
2801 2285 2896 2340 niti
2938 2294 2991 2342 te
3027 2285 3312 2342 crederent
3346 2302 3442 2342 au-

1855 2371 2097 2439 dientes,
2126 2381 2218 2428 aut
2241 2373 2284 2427 si
2311 2375 2390 2428 eis
2423 2373 2577 2428 fidem
2610 2373 2848 2444 faceres,
2881 2376 2977 2432 tibi
3008 2377 3079 2432 ita
3111 2392 3331 2448 prorsus
3364 2379 3443 2434 vi-

1855 2466 2009 2534 deri,
2038 2482 2143 2522 non
2191 2475 2242 2522 te
2286 2467 2460 2523 minus
2505 2467 2732 2525 effossos
2784 2469 2982 2526 habere
3025 2473 3220 2528 mentis
3259 2472 3444 2528 oculos

1849 2560 2152 2631 judicarent
2173 2604 2188 2630 ,
2215 2578 2374 2634 quam
2402 2563 2550 2619 illum
2586 2565 2676 2636 qui
2701 2580 2732 2620 a
2763 2575 2816 2622 te
2842 2565 3013 2621 visum
3042 2565 3246 2622 habens
3273 2565 3446 2624 fuerat

1855 2653 2124 2710 definitus.

1926 2747 2061 2804 Auc.
2093 2746 2250 2818 Nolo,
2279 2757 2337 2806 ut
2359 2749 2614 2816 definias;
2641 2751 2736 2807 sed
2767 2759 2824 2806 ut
2853 2749 3008 2808 finias
3034 2752 3358 2820 caecitatem;
3391 2762 3446 2811 et

1854 2838 2038 2895 videas
2063 2851 2212 2896 recte
2240 2841 2343 2897 dici
2373 2857 2402 2896 a
2431 2841 2644 2898 Christo
2666 2859 2770 2898 non
2794 2845 3050 2916 potuisse,
3079 2844 3204 2900 Sine
3221 2863 3300 2901 me
3320 2846 3448 2902 nihil

1855 2935 2062 3004 potestis
2081 2938 2264 3007 facere,
2295 2936 2338 2991 si
2368 2936 2434 2991 ad
2466 2936 2604 2994 bene
2629 2937 2892 3009 agendum
2919 2940 3034 2996 sine
3057 2940 3228 3010 gratia
3247 2941 3444 2996 Christi

1854 3027 2008 3084 liberi
2037 3043 2155 3084 esse
2180 3031 2496 3099 potuissent.

1949 3118 2114 3176 CXX.
2168 3121 2282 3176 Jun,
2341 3121 2414 3177 Ita
2468 3137 2634 3195 ergo,
2680 3130 2738 3180 ut
2781 3123 2847 3180 ad
2889 3139 3104 3181 causam
3151 3125 3447 3184 referamus

1856 3215 2192 3284 exemplum,
2223 3215 2519 3285 intelligere
2565 3217 2810 3286 potuisti,
2855 3218 2938 3274 vel
2980 3217 3294 3276 definitione
3337 3237 3442 3276 non

1856 3307 2034 3375 liberi,
2068 3308 2193 3378 quid
2220 3308 2444 3363 deberes
2475 3309 2700 3364 liberum
2733 3325 3068 3380 nuncupare.
3094 3310 3229 3367 Nam
3258 3312 3358 3366 etsi
3389 3313 3444 3368 in

1855 3400 2008 3454 liberi
2040 3401 2242 3455 arbitrii
2271 3401 2580 3457 definitione
2606 3401 2956 3474 intelligentia
2983 3403 3286 3474 caligasset,
3310 3413 3368 3460 ut
3391 3406 3443 3461 id

1854 3492 1959 3548 dici
1986 3493 2214 3548 liberum
2244 3509 2400 3562 posse
2429 3494 2798 3557 arbitrareris,
2833 3495 2976 3566 quod
3005 3496 3145 3552 inter
3173 3496 3280 3552 duo
3307 3512 3439 3552 con-

1855 3587 2016 3642 traria
2059 3589 2150 3641 uni
2192 3586 2474 3642 doceretur
2516 3587 2832 3643 adhaerere:
2863 3588 3133 3660 respicere
3177 3588 3442 3657 debuisti,

1855 3679 2049 3749 exponi
2091 3679 2244 3734 aliter
2285 3693 2391 3734 non
2434 3693 2592 3749 posse
2630 3680 2930 3750 captivum,
2965 3680 3017 3735 id
3056 3688 3140 3736 est
3165 3696 3269 3735 non
3311 3681 3446 3737 lihe-

1855 3786 1974 3826 rum
1993 3813 2007 3836 ,
2041 3785 2199 3841 quam
2228 3778 2286 3824 ut
2314 3770 2453 3824 inter
2476 3770 2582 3824 duo
2607 3770 2876 3824 contraria
2905 3771 2998 3825 uni
3029 3771 3392 3826 vindicaretur
3423 3773 3439 3804 ¹

1854 3862 2120 3919 addictum
2148 3881 2161 3917 :
2189 3871 2240 3918 et
2266 3862 2386 3918 ideo
2414 3877 2607 3917 nomen
2640 3862 2913 3918 libertati’
2933 3863 3255 3934 captivitatis
3284 3879 3448 3934 nega-

1858 3955 2000 4012 tione
2039 3954 2376 4010 tribuendum
2397 3996 2412 4017 ,
2443 3953 2773 4028 utquoniam
2802 3953 2856 4009 id
2886 3954 3027 4026 quod
3065 3955 3292 4012 liberum
3336 3971 3444 4012 non

1855 4057 2004 4111 erat,
2038 4048 2188 4102 alteri
2231 4047 2299 4102 de
2337 4047 2622 4102 contrariis
2650 4057 2935 4118 cogeretur
2959 4047 3268 4115 adhaerere;
3312 4047 3445 4104 illud

1857 4141 2140 4198 adversum
2167 4141 2238 4206 ei,
2264 4140 2315 4196 id
2346 4149 2430 4196 est
2457 4141 2704 4207 liberum,
2736 4149 2928 4196 neutro
2956 4143 3223 4198 sineretur
3246 4140 3442 4197 addici.

1926 4237 2059 4291 Ana.
2112 4234 2249 4302 Quid
2289 4242 2472 4305 aperta
2511 4234 2753 4305 implicas
2793 4235 3112 4306 loquacitate
3154 4235 3446 4307 perplexa?

1857 4326 1938 4382 Ad
1985 4326 2185 4381 malum
2225 4325 2360 4381 liber
2384 4335 2502 4394 est,
2532 4327 2622 4397 qui
2666 4327 2940 4382 voluntate
2987 4328 3101 4400 agit
3142 4329 3312 4396 mala,
3354 4335 3450 4384 aut

1857 4436 2020 4491 opere
2043 4463 2057 4486 ,
2086 4429 2177 4476 aut
2203 4435 2452 4476 sermone
2470 4461 2486 4484 .
2520 4427 2614 4476 aut
2638 4429 2784 4476 certe
2810 4421 2922 4476 sola
2947 4421 3268 4491 cogitatione
3295 4439 3310 4476 :
3343 4420 3446 4476 hoc

159 4516 334 4573 ctibus
367 4515 664 4585 palmitum,
691 4515 792 4570 hoc
819 4513 986 4568 estde
1009 4513 1163 4568 bonis
1189 4512 1395 4567 actibus
1417 4511 1747 4581 loqueretur,

161 4607 286 4663 Sine
312 4625 396 4662 me
423 4608 552 4662 nihil
583 4609 784 4677 potestis
811 4612 976 4679 facere
1016 4605 1193 4677 (Joan.
1223 4621 1318 4674 xv,
1348 4606 1449 4675 5);
1492 4605 1593 4659 nisi
1627 4603 1753 4674 quia

159 4717 318 4757 nemo
359 4702 427 4756 ad
463 4703 599 4758 bene
638 4701 932 4773 agendum,
960 4715 1117 4772 quem
1149 4714 1254 4755 non
1297 4699 1410 4769 ipse
1448 4696 1667 4764 liberat,
1691 4695 1756 4751 li-

159 4795 254 4850 her
293 4803 380 4850 est
395 4794 421 4847 τ

229 4886 427 4943 CXIX.
460 4886 578 4942 Jun.
608 4886 674 4942 Et
700 4886 787 4942 hic
812 4884 1192 4942 C(elestianum
1221 4881 1377 4948 dicis,
1406 4879 1496 4950 qui
1519 4886 1669 4950 putat
1693 4878 1757 4933 li-

160 4981 349 5038 berum
376 4995 499 5036 esse
525 4993 844 5050 quemquam
873 4978 938 5032 ad
966 4976 1228 5047 agendum
1266 4974 1494 5050 bonum;
1527 4971 1754 5027 liberum

160 5091 289 5147 ergo
318 5075 459 5130 dicis
479 5117 492 5138 ,
521 5074 663 5144 quod
692 5074 791 5130 nisi
823 5073 1018 5128 malum
1061 5071 1238 5128 facere
1279 5087 1384 5126 non
1427 5083 1585 5140 posse
1623 5083 1754 5124 con-

161 5169 363 5226 tendis.
401 5168 606 5231 Inveni,
631 5167 673 5222 si
702 5175 874 5236 potes,
902 5166 1124 5221 alteram
1152 5160 1519 5220 definitionem
1543 5161 1624 5218 rei
1649 5176 1754 5217 non

1857 4522 2032 4568 autem
2061 4513 2360 4584 grandioris
2389 4513 2562 4592 astatis
2600 4514 2719 4584 quis
2759 4512 3034 4568 hominum
3077 4527 3186 4567 non
3231 4514 3448 4582 potest?
3479 4507 3490 4572 ἶ
3511 4527 3526 4543 ‘

1858 4607 1939 4663 Ad
1980 4607 2177 4663 bonum
2221 4617 2397 4663 autem
2444 4607 2579 4662 liber
2605 4616 2689 4662 est
2710 4648 2724 4674 ,
2753 4606 2843 4677 qui
2870 4605 3141 4662 voluntate
3172 4606 3310 4662 bona
3341 4597 3483 4677 agit?

1857 4700 1997 4756 bona
2018 4742 2030 4762 ,
2065 4699 2222 4755 etiam
2256 4700 2370 4770 ipse
2399 4709 2487 4754 aut
2516 4715 2676 4768 opere
2695 4741 2710 4766 ,
2749 4708 2840 4755 aut
2865 4713 3113 4756 sermone
3133 4740 3148 4765 ,
3177 4707 3270 4754 aut
3302 4708 3450 4756 certe

1859 4791 1971 4854 sola
2011 4790 2368 4862 cogitatione:
2403 4791 2498 4845 sed
2525 4790 2626 4846 hoc
2655 4791 2773 4847 sine
2815 4791 2907 4847 Dei
2935 4792 3104 4863 gratia
3145 4791 3324 4848 nullus
3353 4787 3480 4863 ho-f

1861 4845 2061 4939 έτζιήιιέη
2079 4845 2284 4955 potest.
2337 4884 2488 4951 Quod
2513 4885 2556 4938 si
2583 4845 2984 4957 dicisaliquemﬁ
3005 4845 3446 4957 pagana-
3468 4845 3482 4955 ἱ

1861 4977 1997 5032 dicis
2024 4979 2071 5032 ei
2098 4978 2185 5046 qui
2215 4977 2381 5043 dixit,
2411 4975 2538 5032 Sine
2571 4993 2650 5031 me
2674 4977 2804 5031 nihil
2845 4979 3051 5049 potestis
3081 4980 3284 5050 facere;
3323 4993 3453 5033 con-

1865 5070 2079 5125 tradicis
2126 5071 2286 5126 etiam
2340 5069 2415 5124 illi
2456 5070 2546 5142 qui
2582 5069 2754 5137 dixit,
2785 5067 2906 5125 Non
2935 5071 3052 5141 quia
3081 5070 3251 5125 idonei
3277 5087 3454 5127 sumus

1866 5165 2085 5236 cogitare
2113 5163 2308 5236 aliquid
2335 5163 2480 5234 quasi
2508 5179 2570 5219 ea:
2597 5163 2965 5236 nobismetipsis
2987 5205 2999 5228 ,
3029 5162 3120 5218 sed
3157 5163 3454 5234 sufficientia

157 5264 373 5331 iiberae,
404 5272 461 5318 et
487 5262 588 5318 hoc
616 5262 840 5318 liberum
863 5261 1148 5317 vindicato.
1183 5259 1239 5316 Si
1265 5260 1402 5316 adeo
1428 5274 1589 5315 sensu
1613 5257 1761 5315 exci-

160 5358 322 5414 deras
342 5398 360 5424 ,
392 5365 454 5412 ut
494 5356 862 5413 deﬁnitionem
902 5356 1052 5412 liberi
1082 5356 1133 5410 in
1165 5369 1264 5410 suo
1288 5369 1514 5426 corpore
1541 5369 1650 5408 non
1676 5353 1758 5408 vi-

162 5451 360 5516 deres;
389 5449 472 5506 vel
499 5449 568 5505 de
595 5449 865 5505 contrario
894 5447 1010 5519 ejus
1033 5463 1140 5503 non
1171 5446 1402 5503 debuisti
1429 5446 1756 5516 intelligere,

160 5560 283 5616 quae
323 5554 472 5600 esset
509 5542 772 5599 libertatis
812 5541 1084 5597 essentia?
1125 5539 1233 5596 Fac
1260 5541 1400 5596 enim
1437 5548 1489 5595 te
1519 5539 1763 5595 similiter

160 5637 442 5708 ambigere
484 5636 761 5708 potuisse,
801 5633 926 5706 quid
957 5641 1100 5690 esset
1128 5633 1269 5706 quod
1309 5633 1452 5689 visus
1491 5632 1762 5688 diceretur

228 5791 247 5824 ί
290 5789 434 5851 Editi,
461 5786 784 5851 ενὰιιίηαηᾴο.
810 5789 972 5851 Aptius
994 5795 1099 5838 Mss.
1119 5823 1132 5848 ,
1157 5785 1490 5851 carminando.

233 5857 253 5886 ³
285 5848 430 5912 aditi,
449 5848 818 5911 necessitudine;
836 5848 1008 5902 omnes
1030 5857 1157 5912 Mss,
1184 5849 1480 5902 necessitate.

230 5921 252 5950 ³
287 5915 583 5973 Vignierius,
610 5912 848 5977 volando
867 5919 928 5963 te.
959 5915 1120 5973 Abest,
1146 5919 1207 5974 te,
1235 5926 1262 5962 a
1279 5919 1385 5960 Mss.

1866 5268 2041 5313 nostra
2085 5275 2146 5312 ex
2183 5257 2292 5312 Deo
2337 5266 2409 5312 est
2450 5257 2525 5324 (Il
2552 5255 2671 5313 Cor.
2700 5273 2778 5323 ιιι,
2808 5255 2885 5330 5).
2925 5255 3063 5312 Ριιιο
3083 5255 3224 5327 quod
3254 5253 3454 5324 aliquid

1866 5349 2012 5415 boni,
2039 5363 2144 5403 non
2167 5349 2314 5414 mali,
2335 5364 2439 5404 non
2462 5363 2520 5404 se
2542 5348 2676 5404 dixit
2694 5364 2756 5404 ex
2781 5349 3069 5419 semetipso
3087 5347 3320 5418 cogitare
3341 5345 3456 5400 ido-

1867 5461 2063 5512 neum,
2093 5443 2188 5498 sed
2234 5459 2299 5498 ex
2343 5444 2473 5499 Deo.
2521 5444 2599 5499 De
2638 5444 2958 5514 cogitatione
2998 5450 3174 5497 autem
3220 5439 3358 5496 bona
3402 5447 3458 5497 et

1868 5555 2047 5597 sermo
2076 5539 2250 5595 bonus
2273 5547 2373 5606 est,
2395 5547 2450 5594 et
2471 5553 2608 5610 opus
2634 5537 2856 5594 bonum.
2879 5537 2956 5592 Ac
2981 5551 3078 5608 per
3103 5533 3226 5601 hoc,
3249 5533 3338 5606 qui
3364 5548 3456 5590 co-

1931 5723 1950 5755 ί
1974 5720 2112 5780 Editi,
2138 5717 2413 5781 videretur;
2449 5720 2644 5781 omisso,
2669 5718 2771 5769 uni.
2812 5723 2918 5768 Mss.
2939 5724 3048 5765 Mar.
3085 5722 3148 5781 _et
3177 5713 3320 5778 Clar.,
3353 5714 3459 5766 vin-

1867 5779 2142 5853 dicaretur.
2159 5790 2298 5853 Forte
2319 5779 2427 5853 pro,
2446 5781 2531 5832 uni
2563 5780 2823 5833 diceretur.
2869 5788 2979 5829 nam
3011 5779 3168 5830 codex
3216 5787 3460 5832 Portam

1871 5849 2036 5905 habet,
2059 5844 2142 5896 nni
2163 5844 2510 5905 vindicaretur.

1931 5912 1950 5941 ⁸
1983 5903 2140 5956 Codex
2168 5915 2314 5967 Port.,
2338 5903 2543 5956 liberati.
