3996 6476
489 441 631 500 1999

489 563 661 633 gitare
703 556 904 633 aliquid
951 555 1078 614 boni
1124 555 1350 612 idoneus
1396 567 1503 608 non
1543 559 1630 606 est
1665 565 1731 619 ex
1757 555 2071 617 semetipso,

488 652 733 727 profecto
756 666 857 708 nec
877 651 1021 721 loqui
1042 660 1125 705 est
1150 648 1395 716 idoneus,
1421 659 1519 701 nec
1542 658 1701 716 agere
1726 640 1922 713 aliquid
1950 639 2075 695 boni

487 761 557 802 ex
600 744 889 815 semetipso
913 760 928 797 :
953 741 1047 801 sed
1073 741 1117 796 si
1146 748 1231 796 est
1257 738 1360 794 sub
1389 736 1577 809 gratia,
1607 732 1928 791 sufﬁcientia
1958 730 2076 801 ejus

491 854 559 901 ett
587 838 696 901 Deo
724 845 825 899 est.
855 834 1007 893 Unde
1035 834 1234 889 dictum
1263 838 1379 899 est,
1414 828 1537 883 Non
1563 829 1699 887 enim
1728 842 1814 883 vos
1843 824 1959 879 estis
1987 823 2074 893 qui

488 930 774 1003 loquimini,
802 927 889 997 sed
919 925 1145 997 Spiritus
1174 922 1345 977 Putris
1370 920 1520 985 vestri
1544 919 1631 991 qui
1659 917 1881 986 loquitur
1906 917 1960 969 in
1984 929 2075 968 vo-

490 1022 567 1077 bis
597 1019 812 1101 (Matth.
846 1034 903 1087 x,
925 1016 1049 1085 20);
1080 1023 1165 1085 et,
1200 1013 1451 1085 Quotquot
1484 1009 1684 1082 Spiritu
1718 1008 1809 1062 Dei
1834 1016 2075 1101 aguntur,

491 1113 547 1167 hi
573 1098 669 1183 [iiii
698 1120 814 1177 sunt
844 1108 935 1164 Dei
956 1107 1260 1179 (Rom.vtu,
1289 1103 1399 1173 14).
1426 1102 1549 1156 llaec
1569 1115 1669 1173 ego
1691 1102 1899 1154 intuens
1919 1098 1959 1164 ί,
1985 1112 2079 1152 ne-

491 1204 692 1272 minem
718 1217 838 1259 esse
868 1201 1093 1269 liberum
1120 1198 1186 1265 ad
1212 1196 1475 1267 agentium
1505 1194 1700 1264 bonum
1730 1193 1845 1248 sine
1868 1190 2075 1262 adjuto-

492 1296 577 1352 rio
608 1296 734 1375 Dei,
758 1293 888 1349 dixi.
929 1292 1054 1347 Ilaec
1083 1300 1137 1359 tu
1168 1296 1413 1367 metuens
1434 1329 1450 1356 ,
1492 1286 1758 1345 neminem
1790 1299 1912 1352 esse
1941 1282 2079 1375 libe-

498 1402 618 1457 rum
650 1385 716 1440 ad
744 1383 1006 1456 agendum
1037 1380 1256 1451 bonum,
1285 1394 1369 1433 me
1398 1376 1600 1443 dixisse
1625 1374 1825 1443 dixisti,
1848 1383 1901 1429 et
1923 1393 1941 1426 ι
1965 1374 2081 1441 sine

493 1477 760 1553 adiutorio
810 1475 903 1530 Dei
933 1492 952 1526 ι
985 1471 1164 1545 (quod
1193 1468 1413 1541 addidi)
1459 1467 1738 1522 sustulisti.
1784 1465 1933 1521 Unde
1976 1479 2081 1519 non

494 1570 684 1639 dubito
703 1566 844 1640 quod
868 1567 1059 1621 victum
1086 1573 1135 1619 te
1162 1578 1281 1635 esse
1303 1562 1412 1633 jam
1442 1560 1611 1624 scias;
1644 1558 1735 1615 sed
1762 1558 1968 1630 prolixo
1992 1572 2081 1611 va-

492 1661 732 1734 niloquio
759 1658 814 1716 id
841 1673 967 1729 agas
994 1699 1009 1725 ,
1043 1673 1111 1714 ne
1135 1657 1309 1711 victus
1342 1667 1601 1725 appareas
1621 1694 1635 1719 ,
1664 1651 1755 1724 qui
1783 1651 1867 1711 sic_
1888 1649 2081 1706 delinis

491 1751 718 1823 liberam
750 1750 1100 1821 voluntatem,
1133 1756 1191 1801 ut
1213 1744 1312 1799 nisi
1336 1753 1643 1815 utrumque,
1667 1742 1718 1797 id
1745 1751 1845 1825 est,
1873 1752 1927 1798 et
1946 1743 2083 1797 bene

495 1855 550 1901 et
576 1845 712 1900 male
738 1860 896 1916 agere
925 1842 1125 1915 possit,
1158 1836 1326 1911 libera
1351 1854 1471 1895 esse
1506 1854 1611 1894 non
1657 1839 1844 1925 possit.
1880 1842 1958 1894 Ac
1990 1855 2084 1909 per

493 1938 619 2006 hoc,
651 1954 874 1993 necesse
904 1936 996 1992 tibi
1027 1944 1110 1991 est
1133 1934 1349 1991 auferre
1377 1933 1677 1989 libertatem
1706 1932 1838 2003 Deo,
1864 1933 1952 2003 qui
1975 1940 2085 1986 tan-

493 2029 770 2085 tummodo
798 2028 993 2083 bonam
1025 2018 1199 2109 potest
1216 2068 1230 2109 ,
1263 2025 1458 2082 malam
1486 2040 1615 2081 vero
1641 2041 1748 2080 non
1780 2032 1954 2109 potest
1983 2024 2082 2078 ha-

491 2121 621 2178 bere
648 2123 996 2177 voluntatem.
1030 2106 1035 2113 .
1218 2104 1223 2109 ’

567 2212 752 2269 CXXI.
795 2212 915 2269 Jun.
957 2210 1109 2283 Quod
1137 2226 1257 2266 cum
1290 2210 1359 2265 ita
1385 2211 1489 2278 sit,
1517 2219 1676 2282 atque
1712 2207 1835 2264 huic
1874 2216 1929 2263 tu
1965 2207 2086 2264 Ioco

452 2312 459 2323 '
492 2305 794 2361 miserrime
823 2304 1082 2375 olinitaris
1104 2344 1120 2370 ,
1152 2303 1410 2357 incertum
1441 2311 1524 2357 est
1553 2300 1680 2368 quid
1714 2300 1889 2381 magis
1923 2298 1992 2356 de
2032 2307 2084 2355 te

493 2397 749 2452 aestimari
777 2396 1084 2461 conveniat,
1114 2402 1290 2448 utrum
1320 2400 1505 2451 contra
1534 2392 1917 2451 conscientiam
1942 2400 2086 2448 tuam

491 2487 625 2545 falsa
654 2485 944 2554 defendas,
971 2501 1038 2540 an
1066 2485 1204 2556 quod
1236 2483 1425 2541 falsum
1452 2493 1553 2556 est,
1587 2500 1772 2539 verum
1802 2493 1986 2557 putes;
2018 2499 2081 2540 ac

492 2596 593 2652 per
625 2583 724 2635 hoc
750 2580 819 2633 sit
846 2578 1129 2646 incertum,
1157 2586 1333 2632 utrum
1357 2577 1544 2633 oculos
1571 2577 1792 2634 rationis
1818 2579 2084 2646 amiseris,

494 2671 621 2727 dmn
648 2681 851 2727 certum
879 2671 949 2725 sit
975 2670 1159 2726 oculos
1184 2678 1235 2724 te
1264 2669 1387 2726 fidei
1414 2671 1729 2741 perdidisse.

568 2763 702 2819 Aue.
732 2759 998 2833 Numquid
1025 2761 1145 2817 ideo
1172 2766 1224 2817 te
1243 2761 1441 2817 victum
1470 2761 1788 2831 consolaris,
1812 2763 1935 2835 quia
1955 2777 2086 2821 con-

494 2852 735 2910 viciaris?
1802 2855 1808 2861 ’

568 2944 781 3002 CXXII.
822 2942 940 3000 Jun.
980 2941 1053 3001 Ut
1075 2953 1252 3000 autem
1278 2959 1397 3015 quae
1421 2954 1546 3001 sunt
1570 2954 1709 3010 acta.
1738 2945 1973 3002 breviter
1998 2962 2089 3003 re-

497 3050 764 3111 petamus,
798 3036 1073 3107 arbitrium
1106 3036 1350 3101 liberum,
1384 3035 1523 3107 quod
1550 3037 1602 3092 in
1636 3037 1758 3093 mali
1785 3047 1971 3111 parte,
2004 3039 2089 3094 vi-

498 3132 694 3187 tiorum
729 3126 1125 3199 voluptatibus,
1160 3127 1243 3183 vel
1285 3120 1481 3184 diaboli
1527 3118 1994 3199 persuasionibus;
2035 3130 2089 3187 in

498 3221 629 3278 boni
657 3228 835 3274 autem
867 3227 1039 3295 parte,
1070 3218 1323 3272 virtutum
1352 3218 1707 3290 dogmatibus,
1741 3229 1797 3276 et
1826 3221 1986 3275 variis
2010 3221 2091 3276 di-

499 3313 636 3368 vin-.e
662 3310 847 3380 gratia:
872 3307 1153 3380 speciebus
1173 3309 1415 3379 juvatur;
1441 3327 1548 3365 non
1584 3318 1761 3381 potest
1789 3311 1944 3367 aliter
1962 3327 2091 3368 con-

500 3411 644 3459 stare
664 3444 679 3468 ,
710 3400 812 3455 nisi
841 3409 900 3456 ut
927 3408 982 3457 et
1005 3400 1227 3473 iustitia:
1251 3402 1319 3458 ab
1347 3417 1413 3458 eo
1432 3445 1445 3469 ,
1474 3410 1529 3458 et
1564 3402 1769 3473 peccati
1796 3406 2090 3461 necessitas

501 3493 794 3550 auferatur.

576 3587 713 3642 Auo.
745 3583 892 3641 Inter
915 3584 1110 3641 divinae
1135 3585 1321 3657 gratiae
1345 3586 1553 3658 species
1576 3587 1623 3642 si
1654 3587 1928 3657 poneretis
1952 3587 2091 3645 dile-

506 3676 762 3745 ctionem,
791 3690 950 3747 quam
981 3691 1087 3732 non
1116 3692 1182 3731 ex
1211 3677 1385 3742 nobis,
1411 3676 1505 3731 sed
1533 3692 1597 3732 ex
1628 3677 1737 3731 Deo
1767 3692 1908 3746 esse,
1942 3693 2092 3734 eam-

504 3786 608 3842 que
636 3771 804 3825 Deum
837 3769 965 3825 dare
991 3768 1113 3825 filiis
1136 3770 1246 3825 suis
1266 3769 1602 3841 apertissime
1623 3770 1826 3840 legitis;
1856 3770 1973 3826 sine
1992 3788 2092 3845 qua

504 3875 666 3917 nemo
694 3861 781 3931 pie
810 3861 957 3928 vivit,
991 3868 1045 3917 et
1071 3876 1192 3915 cum
1221 3875 1321 3930 qua
1362 3876 1521 3915 nemo
1545 3860 1645 3915 nisi
1679 3861 1764 3931 pie
1791 3862 1949 3929 vivit;
1979 3863 2095 3919 sine

506 3968 609 4023 qua
640 3952 841 4027 nullius.
866 3962 951 4006 est
974 3952 1110 4007 bona
1138 3952 1403 4017 voluntas,
1433 3960 1489 4007 et
1516 3967 1637 4007 cum
1663 3967 1763 4023 qua
1792 3953 1987 4008 nullius
2013 3961 2096 4009 est

408 4120 413 4127 ι
506 4046 609 4101 nisi
642 4045 779 4098 bona
810 4044 1086 4111 voluntas;
1115 4060 1241 4100 vere
1282 4045 1508 4100 liberum
1551 4045 1946 4114 defenderetis,
1987 4063 2095 4104 non

510 4136 770 4193 inﬂaretis
790 4136 1091 4193 arbitrium.
1118 4136 1503 4194 Necessitatem
1530 4155 1690 4209 porro
1717 4141 1761 4195 si
1788 4155 1907 4197 eam
1937 4140 2093 4212 dicis,

510 4246 614 4302 qua
646 4230 871 4301 quisque
899 4228 1097 4286 invitus
1122 4230 1471 4301 Opprimitur;
1514 4231 1736 4302 iustitiae
1788 4234 1930 4290 nulla
1975 4245 2096 4302 est,

510 4316 634 4395 quia
661 4337 818 4378 nemo
843 4330 923 4379 est
944 4322 1122 4393 justus
1159 4323 1391 4379 invitus:
1425 4323 1521 4379 sed
1560 4326 1723 4394 gratia
1768 4324 1861 4381 Dei
1901 4343 1966 4382 ex
1996 4344 2093 4383 no-

509 4413 656 4469 lente
692 4413 960 4468 volentem
988 4412 1131 4469 facit.
1177 4413 1233 4470 Si
1263 4424 1439 4468 autem
1470 4415 1649 4469 nullus
1682 4427 1929 4486 peccaret
1959 4419 2096 4474 invi-

452 4506 461 4515 '
510 4508 618 4571 tus,
651 4521 757 4560 non
787 4515 932 4561 esset
958 4506 1237 4576 scriptum,
1268 4506 1497 4579 Signasti
1533 4517 1738 4579 peccata
1764 4527 1874 4565 mea
1900 4512 1952 4565 in
1980 4529 2098 4566 sac-

512 4599 649 4665 culo,
682 4607 727 4652 et
754 4599 1010 4653 adnotasti
1032 4599 1078 4654 si
1100 4599 1221 4671 quid
1248 4599 1436 4654 invitus
1460 4600 1644 4655 admisi
1669 4600 1788 4672 (Job
1819 4620 1929 4671 xw,
1956 4605 2069 4676 i7).

584 4688 816 4744 CXXIII.
838 4689 958 4746 Jun.
985 4690 1152 4761 Hujus
1176 4700 1351 4746 autem
1378 4693 1655 4747 veritatem
1684 4694 1942 4750 Catholici
1969 4711 2097 4752 con-

512 4780 732 4836 ﬁtentur
757 4799 771 4836 :
804 4781 1123 4837 Traducianl
1154 4791 1330 4839 autem
1361 4798 1485 4839 cum
1514 4784 1816 4842 Manichaeis
1842 4788 1951 4843 suis
1982 4800 2095 4842 ma—

509 4876 691 4946 gistris
705 4876 726 4908 ³
751 4885 964 4946 negant.

586 4968 722 5045 Anc.
749 4967 1002 5022 Convicia
1049 4977 1173 5025 sunt
1219 4969 1350 5037 ista,
1389 4982 1496 5025 non
1539 4969 1996 5042 judiciazvellem
2040 4982 2100 5029 ut

508 5058 750 5131 judicare
778 5074 997 5131 posses;
1023 5061 1311 5118 conviciari
1338 5071 1516 5119 autem
1542 5064 1665 5135 quis
1688 5065 1965 5136 improbus
1992 5082 2096 5121 non

512 5161 687 5222 potest
703 5151 728 5205 ?
1154 5219 1159 5229 ί

583 5243 818 5300 CXXIV.
860 5244 978 5301 Jun.
1019 5244 1128 5301 Nos
1157 5245 1315 5318 igitur
1337 5262 1521 5302 verum
1551 5247 1782 5303 diximus
1804 5290 1819 5315 ,
1848 5249 2100 5319 quoniam

513 5341 602 5411 qui
634 5356 663 5394 a
691 5340 843 5394 vobis
867 5340 1234 5410 decipiuntur,
1278 5357 1345 5395 ne
1374 5349 1630 5395 vocentur
1668 5341 1902 5398 Ineretici
1925 5386 1939 5411 ,
1969 5344 2100 5399 fiunt

516 5434 825 5502 Manichaai,
853 5441 908 5489 et
932 5434 1059 5489 dum
1087 5435 1273 5489 falsam
1300 5444 1555 5491 verentur
1580 5436 1849 5491 infamiam
1869 5479 1885 5505 ,
1917 5453 2101 5493 verum

516 5528 719 5583 crimen
752 5530 1056 5594 incurrunt;
1090 5529 1258 5583 instar
1284 5529 1537 5596 ferarum,
1567 5546 1683 5598 quze
1705 5532 2103 5588 circumdantur

521 5622 716 5692 pinnis,
742 5631 799 5676 ut
826 5629 1084 5692 cogantur
1112 5622 1162 5676 in
1191 5622 1343 5688 retia,
1365 5632 1420 5677 et
1446 5623 1499 5677 in
1521 5638 1703 5677 verum
1725 5625 1942 5679 exitium
1964 5641 2099 5680 vana

580 5762 598 5795 ι
638 5760 909 5828 \‘ignierius
948 5769 1062 5828 Hae
1114 5771 1251 5828 ergo
1277 5758 1481 5811 eam.
1520 5767 1603 5810 us.
1640 5768 1802 5828 ron,
1860 5770 1972 5812 nec
2015 5774 2105 5828 ego

511 5821 720 5877 intuens.
758 5821 940 5883 melius,
970 5823 1081 5885 quia
1114 5821 1336 5886 sequitur
1376 5836 1407 5873 e
1443 5826 1709 5886 contrario,
1748 5834 1865 5875 Ilth
1908 5830 1963 5875 tu
2000 5821 2104 5876 uie-

515 5894 707 6000 me:ch
727 5954 833 5997 uss.
854 5946 970 5997 Editl
995 5959 1152 6010 vero,,
1176 5945 1407 6000 militum

1162 433 1409 494 OPERIS
1443 426 1859 497 IMPERFECTI
1885 424 2161 485 CONTRA
2197 420 2555 489 JULIANUM.
2596 422 2656 479 S.
2698 419 3069 479 AUGUSTINI

2271 315 2307 335 -ι

3621 412 3771 479 I500

2187 542 2469 611 formidine
2491 540 2893 601 coutrudantur.
2924 541 3090 596 Deum
3116 552 3242 594 vero
3267 535 3601 594 nascentium
3626 552 3732 591 con
3756 566 3766 574 -

2185 635 2412 691 ditorem
2462 636 2534 689 ita
2576 632 2838 699 dicimus,
2879 640 2936 686 ut
2963 630 3211 701 quoniam
3239 640 3445 685 certum
3475 636 3559 684 est
3587 627 3767 685 Deum

2184 725 2597 791 Catholicorum,
2628 725 2717 796 qui
2742 739 2903 780 verus
2928 732 3010 778 est
3027 765 3043 792 ,
3072 722 3202 777 nihil
3233 721 3412 779 facere
3437 738 3594 793 posse
3620 721 3768 793 quod

2185 819 2386 891 malum
2423 826 2538 884 est,
2567 817 2731 889 ipsius
2756 813 2960 899 opiticis
2988 814 3278 897 dignitate,
3312 814 3554 870 homines
3581 815 3669 886 qui
3700 810 3774 868 ab

2185 927 2250 966 eo
2272 910 2423 978 fiunt,
2447 918 2570 965 ante
2590 910 2877 965 voluntatis
2898 924 3073 976 usum,
3095 908 3163 964 de
3185 908 3429 963 manibus
3453 907 3570 978 ejus
3598 904 3771 978 iniqui

2186 1014 2239 1058 et
2268 1003 2343 1059 rei
2376 1002 2525 1058 nullo
2554 1001 2713 1058 modo
2738 1001 2885 1059 exire
2910 1000 3212 1056 credantur.
3257 1000 3496 1071 Quorum
3519 1018 3615 1057 vos
3639 1017 3772 1057 cum

2184 1094 2409 1151 alterum
2429 1093 2658 1164 negatis,
2686 1102 2969 1164 utrumque
2996 1091 3269 1149 subruitis.
3296 1092 3387 1146 Ais
3407 1090 3622 1163 quippe,
3646 1107 3777 1148 cre-

2185 1185 2314 1241 dere
2344 1196 2394 1241 te
2423 1185 2637 1258 quidem
2664 1184 2995 1241 conditorem
3028 1184 3215 1250 Deum,
3246 1182 3340 1239 sed
3371 1183 3632 1239 malorum
3665 1184 3771 1239 ho-

2186 1278 2388 1346 minum
2414 1295 2429 1332 :
2451 1293 2516 1332 ac
2542 1293 2638 1350 per
2666 1276 2769 1333 hoc
2789 1274 3043 1331 inliciaris
3063 1274 3296 1346 dogmati
3327 1286 3437 1343 tuo,
3462 1292 3582 1331 cum
3605 1291 3779 1348 negas

2185 1376 2241 1425 te
2269 1383 2511 1425 asserere
2535 1354 2803 1425 diabolum
2834 1364 3107 1423 hominum
3137 1368 3494 1423 conditorem.

2258 1463 2392 1517 Ave.
2435 1460 2702 1531 Quidquid
2752 1461 2807 1515 in
2859 1459 3196 1527 hominibus,
3227 1460 3315 1530 qui
3360 1474 3479 1514 cum
3509 1459 3637 1515 vitio
3670 1473 3778 1514 na-

2188 1564 2436 1623 scuntur,
2464 1553 2529 1609 ad
2563 1554 2728 1619 Deum
2757 1563 3054 1609 creatorem
3076 1595 3090 1619 ,
3122 1552 3389 1625 pertinet,
3419 1552 3616 1608 bonum
3649 1563 3777 1621 est;

2186 1649 2309 1719 quia
2334 1657 2389 1705 et
2414 1647 2554 1720 quod
2575 1647 2777 1719 justum
2802 1657 2886 1703 est
2905 1689 2919 1713 ,
2949 1647 3149 1711 bonum
3177 1653 3259 1701 est
3290 1664 3302 1701 :
3338 1637 3645 1702 na'turarum
3675 1662 3779 1703 au—

2190 1748 2330 1807 tem,
2362 1755 2469 1795 non
2514 1740 2763 1795 vitiorum
2809 1748 2996 1793 auctor
3040 1745 3124 1793 est
3168 1737 3331 1794 Deus.
3377 1735 3456 1793 Ad
3488 1737 3635 1793 illum
3661 1737 3780 1810 jam

2186 1834 2329 1903 veni,
2359 1834 2633 1890 videamus
2658 1833 2782 1906 quid
2824 1832 2947 1901 inde
2972 1833 3214 1890 dicturus
3239 1849 3300 1889 es
3320 1876 3335 1901 ,
3368 1834 3638 1904 quomodo
3666 1848 3780 1890 non

2187 1940 2443 1985 eruantur
2471 1929 2675 2002 parvuli
2698 1929 2766 1984 de
2792 1936 3057 2000 potestate
3081 1925 3447 1995 tenebrarum,
3477 1927 3696 1999 quando
3724 1928 3779 1984 in

2186 2023 2383 2080 Christi
2411 2038 2634 2094 regnum
2665 2038 2759 2095 per
2782 2030 3115 2078 sacramenta
3146 2021 3405 2078 Ecclesiae
3439 2025 3780 2078 transferun-

2188 2123 2295 2170 tur.
2337 2114 2691 2184 Quantisiibet
2715 2114 2858 2170 enim
2888 2114 3211 2185 tegminibus
3247 2113 3316 2170 de
3352 2114 3661 2185 multiplicis
3692 2115 3781 2171 Io-

2188 2206 2469 2278 quacitatis
2494 2205 2751 2273 involvas,
2781 2206 2870 2263 ubi
2905 2204 2973 2265 ad
2999 2206 3100 2263 hoc
3126 2206 3363 2274 veneris,
3393 2206 3566 2263 nudus
3596 2204 3780 2264 haere-

2191 2300 2326 2367 ticus
2351 2301 2653 2373 apparebis.

2260 2391 2472 2452 CXXV.
2511 2392 2632 2461 ιω..
2662 2393 2797 2450 Nam
2819 2408 2940 2449 cum
2969 2392 3101 2449 tales
3143 2389 3404 2449 adscribis
3449 2394 3600 2467 operi
3643 2392 3783 2477 Dei,

2190 2486 2377 2558 quales
2405 2484 2585 2545 facere
2608 2502 2715 2543 non
2745 2494 2951 2558 potest;
2982 2485 3222 2542 ostendis
3248 2485 3381 2543 nihil
3407 2486 3474 2543 ad
3504 2487 3694 2556 Deum,
3730 2484 3786 2544 id

2190 2580 2333 2653 quod
2357 2580 2425 2635 ab
2448 2597 2514 2637 eo
2541 2581 2755 2636 dixeras
2786 2580 2919 2646 fieri,
2953 2581 3244 2663 pertinere.

2264 2672 2399 2729 Aue.
2445 2671 2702 2728 Homines
2744 2671 2844 2743 pisi
2890 2670 3031 2726 Deus
3075 2670 3252 2726 facere
3294 2685 3401 2726 non
3448 2679 3663 2743 potest:
3694 2672 3787 2729 die

2192 2763 2369 2836 potius
2396 2761 2664 2837 quomodo
2709 2781 2815 2820 non
2854 2772 3110 2827 eruantur
3151 2762 3355 2843 parvuli
3397 2762 3466 2820 de
3512 2774 3783 2837 potestate

2195 2855 2537 2912 tenebrarum
2557 2898 2573 2925 ,
2602 2854 2813 2933 quando
2838 2871 2933 2928 per
2959 2854 3135 2912 divina
3164 2853 3509 2923 Sacramenta
3548 2873 3780 2931 regene-

2192 2959 2396 3006 rantur.

2264 3043 2497 3100 CXXVI.
2537 3042 2656 3100 Jun.
2700 3041 2855 3112 Quod
2898 3036 3024 3099 licet
3064 3041 3118 3098 in
3164 3041 3338 3121 primo
3383 3041 3522 3098 libro
3566 3043 3789 3100 uberius

2194 3144 2371 3195 actum
2401 3137 2504 3217 sit,
2535 3144 2713 3203 tamen
2740 3146 2795 3191 et
2810 3134 2908 3191 hic
2934 3137 3024 3193 vel
3052 3132 3287 3193 breviter
3306 3137 3430 3209 quid
3460 3140 3661 3193 sentias
3689 3155 3789 3195 ex-

2198 3229 2506 3301 primamus.
2531 3228 2712 3285 Times
2731 3228 2883 3302 Operi
2907 3228 3101 3285 diaboli
3123 3231 3356 3303 aliquam
3382 3230 3638 3302 deputare
3658 3233 3792 3289 sub-

2196 3324 2690 3395 stantiamzverum
2735 3339 2843 3379 non
2890 3324 3045 3379 times
3090 3325 3224 3393 Deo,
3254 3341 3359 3381 non
3403 3326 3639 3401 aliquod,
3689 3327 3791 3385 Sed

2195 3432 2443 3491 magnum
2472 3415 2675 3472 crimen
2709 3416 3023 3489 impingere.
3070 3416 3326 3489 Majorem
3358 3418 3496 3499 apud
3531 3429 3582 3474 te
3625 3419 3792 3477 habet

2196 3510 2549 3579 reverentiam
2568 3517 2754 3564 natura
2771 3512 2948 3566 carnis
2969 3510 3234 3576 humanae,
3256 3528 3412 3583 quam
3428 3511 3636 3593 justitia
3660 3514 3791 3571 Dei:

2196 3599 2346 3672 quasi
2376 3601 2520 3656 enim
2547 3616 2795 3672 magnum
2822 3598 3038 3674 aliquid,
3067 3603 3139 3658 ita
3165 3602 3517 3659 substantiam
3546 3600 3790 3663 hominis

2182 3692 2409 3748 diabolo
2439 3693 2695 3765 deputare
2734 3691 2968 3759 metuisti
2993 3736 3007 3759 ,
3042 3704 3097 3750 et
3118 3695 3271 3765 quasi
3299 3698 3372 3750 rei
3405 3713 3509 3751 non
3542 3713 3790 3769 magnae,

2198 3782 2251 3840 id
2280 3790 2362 3839 est
2384 3784 2605 3854 iustitiae
2628 3793 2685 3841 et
2706 3782 2802 3840 Dei
2831 3784 3125 3852 sanctitati,
3155 3784 3589 3849 informationem
3617 3789 3795 3844 scele-

2198 3878 2273 3932 ris
2297 3878 2545 3961 appulisti
2572 3897 2586 3933 :
2611 3878 2761 3953 quasi
2792 3893 2897 3933 non
2926 3878 3252 3934 tolerabilius
3280 3879 3437 3937 fuerit
3477 3882 3616 3941 inter
3652 3880 3794 3941 duas

2200 3971 2502 4042 Opiniones,
2533 3971 2626 4027 sed
2653 3979 2906 4044 utrasque
2934 3968 3126 4045 falsas,
3155 3971 3356 4029 diaboli
3399 3974 3654 4045 Operibus
3691 3976 3794 4033 de-

2200 4073 2389 4136 putare
2411 4080 2649 4131 carnem,
2677 4081 2833 4135 quam
2859 4064 2952 4120 Dei
2979 4064 3231 4135 operibus
3253 4065 3604 4141 iniquitatem.

2273 4160 2407 4215 Ave.
2432 4157 2541 4213 Vos
2583 4159 2758 4229 potius
2806 4157 2899 4213 Dei
2936 4157 3201 4228 justitiam
3241 4158 3646 4230 blasphematis,
3689 4161 3796 4217 sub

2201 4244 2353 4313 cujus
2378 4242 2759 4313 omnipotentia
2782 4240 2899 4298 sine
2922 4243 3045 4297 ullis
3067 4243 3220 4297 malis
3252 4245 3455 4299 meritis
3480 4254 3624 4299 tanta
3649 4247 3794 4302 mala

2200 4338 2407 4410 perpeti
2439 4337 2687 4407 parvulos
2713 4337 2908 4393 dicitis.
2961 4335 3066 4393 Sed
3090 4336 3199 4408 jam
3224 4337 3310 4393 dic
3337 4339 3793 4410 quemadmodum

2202 4447 2294 4488 eos
2328 4432 2585 4503 separatis
2612 4428 2680 4485 ab
2705 4431 2784 4487 eis
2809 4445 2943 4502 quos
2976 4424 3115 4486 Deus
3143 4429 3211 4485 de
3246 4441 3512 4501 potestate
3542 4433 3685 4488 eruit
3715 4442 3797 4488 te-

2203 4524 2521 4589 nebrarum,
2554 4529 2613 4577 ut
2654 4521 2939 4577 transierat
2982 4523 3036 4577 in
3080 4536 3301 4594 regnum
3346 4520 3468 4579 Filii
3512 4521 3795 4580 charitatis

2204 4613 2560 4687 suthoioss.
2590 4631 2625 4681 l,
2653 4614 2761 4685 15).

2273 4706 2530 4765 CXXVII.
2581 4706 2701 4763 Jun.
2756 4700 2827 4763 Ut
2870 4706 3013 4762 enim
3065 4707 3151 4763 hic
3190 4707 3240 4761 in
3290 4717 3553 4778 potestate
3595 4709 3797 4766 diaboli

2204 4802 2450 4873 parvulos
2474 4816 2502 4855 a
2531 4800 2642 4854 Deo
2669 4814 2787 4856 reos
2812 4798 3029 4853 formari
3056 4798 3273 4867 dixisti,
3307 4799 3377 4853 ita
3420 4800 3472 4855 in
3517 4799 3793 4857 inferiori-

2202 4895 2303 4951 bus
2332 4892 2449 4948 lihri
2473 4893 2545 4947 tui
2571 4892 2810 4963 partibus
2839 4888 3031 4946 telrius
3054 4891 3251 4962 aliquid
3280 4907 3437 4962 quam
3470 4898 3593 4947 sunt
3630 4892 3800 4948 Mani-

2204 4985 2475 5040 clizeorum
2506 4991 2838 5038 sat-ramenta
2868 4982 3139 5050 vomuisti,
3171 4980 3358 5039 dicens
3387 4983 3452 5038 de
3479 4980 3611 5052 Deo,
3651 5002 3671 5038 ι
3708 4986 3801 5041 Sic

2203 5087 2350 5136 creat
2378 5077 2569 5143 malos,
2594 5074 2860 5148 quomodo
2887 5075 3057 5146 pascit
3086 5084 3139 5131 et
3169 5077 3337 5131 nutrit
3365 5076 3553 5132 malos.
3586 5096 3607 5130 ι

2276 5174 2407 5232 Avo.
2438 5172 2571 5228 Cum
2600 5170 2809 5228 veneris
2835 5170 2899 5226 ad
2930 5170 3144 5227 easdem
3182 5182 3360 5243 partes
3396 5170 3516 5227 libri
3550 5172 3688 5238 mel,
3729 5172 3803 5229 Ibi

2204 5264 2655 5339 quemadmodum
2678 5260 2878 5320 dictum
2911 5262 3091 5332 fuerit,
3116 5264 3259 5336 quod
3285 5262 3371 5320 hic
3395 5264 3605 5335 objicis,
3631 5278 3836 5337 appa-,

2206 5362 2360 5417 rebit.
2395 5360 2543 5416 Nunc
2564 5358 2673 5431 jam
2702 5358 2786 5414 dic
2805 5402 2821 5429 ,
2851 5375 3034 5429 quaaso
3057 5402 3072 5427 ,
3100 5354 3369 5431 quamodo
3406 5375 3526 5415 cum
3567 5372 3780 5431 regenc

2206 5463 2393 5510 rantur
2415 5452 2616 5524 parvuli
2643 5460 2698 5509 et
2719 5451 3115 5507 transferuntur
3134 5451 3203 5507 ad
3228 5462 3449 5524 regnum
3479 5448 3706 5525 Christi,
3739 5453 3810 5511 de

2211 5545 2548 5603 tenebrarum
2577 5553 2841 5616 potestate
2868 5560 2974 5602 non
3001 5552 3278 5601 eruantur.

2280 5659 2559 5718 CXXVIII.
2589 5659 2709 5717 Jun.
2733 5658 2891 5716 Creat
2915 5659 3077 5733 igitur
3102 5662 3302 5717 malum
3331 5662 3489 5719 Deus.

2280 5756 2414 5811 Ave.
2445 5754 2565 5809 Non
2587 5753 2839 5824 inteiiigis‘
2859 5752 3313 5823 quemadmodum
3334 5753 3478 5809 dicat
3497 5767 3649 5824 apio
3680 5772 3810 5830 ρων

2212 5846 2446 5917 phetam,
2478 5843 2590 5917 Ego
2618 5861 2730 5901 creo
2757 5845 2894 5899 maio
2914 5843 3065 5918 (Isai.
3094 5861 3219 5917 XLV,
3245 5846 3320 5917 7).

2286 5938 2526 5996 CXXIX.
2574 5938 2690 5996 Jun.
2743 5938 2809 5994 Et
2848 5939 3141 6013 puniuntur
3184 5942 3529 6009 innocentes,
3581 5958 3819 6019 propter
