3950 6476
198 392 335 453 1301

193 511 344 584 quod
370 511 498 567 facit
526 509 683 566 Deus.

266 605 409 663 Anc.
434 603 545 660 Nec
571 603 882 659 innocentes
905 599 1131 672 origine,
1162 610 1265 656 nec
1290 607 1509 670 prepter
1535 598 1676 670 quod
1703 597 1784 653 fa-

193 698 272 755 cit
302 699 462 754 Dens.

269 790 490 850 CXXX.
529 789 644 847 ἕπε..
680 788 749 845 Et
785 802 818 844 ι
855 787 1069 844 diabolo
1112 785 1481 867 possidentur,
1524 785 1647 858 quia
1681 782 1785 853 hoc

192 884 330 943 facit
354 885 517 941 Deus.
1550 878 1553 881 ’

271 978 414 1034 Anc.
443 976 510 1032 Et
528 975 814 1046 Apostolus
838 972 1054 1029 tradidit
1080 972 1350 1029 hominem
1378 980 1577 1027 satanas
1601 971 1643 1044 (1
1664 969 1787 1028 Cor.

192 1087 254 1139 ν,
277 1068 371 1146 5);
400 1070 494 1128 sed
513 1069 742 1141 iustitia,
765 1082 870 1124 non
892 1069 1093 1124 malitia
1114 1087 1128 1123 :
1146 1076 1201 1124 et
1225 1068 1365 1143 Dens
1390 1066 1607 1122 tradidit
1629 1081 1791 1136 quos-

195 1166 324 1221 dam
352 1168 409 1221 in
426 1165 709 1236 reprobum
733 1176 951 1219 sensum
973 1163 1148 1238 (Rom.
1174 1177 1212 1232 ι,
1239 1160 1366 1236 28);
1395 1171 1554 1233 atque
1585 1160 1787 1243 utinam

196 1273 311 1314 non
332 1258 406 1313 ibi
430 1257 621 1314 essetis
643 1265 698 1312 et
720 1270 839 1311 vos.

270 1351 511 1409 CXXXI.
530 1351 646 1407 lue.
665 1351 731 1406 Et
750 1351 973 1420 imputat
992 1347 1299 1405 hominibus
1317 1345 1519 1404 crimen
1536 1358 1789 1423 manuum

197 1460 423 1500 suarum
450 1444 612 1499 Deus.
1816 1448 1819 1449 ⁷

274 1538 412 1593 Ana.
446 1537 561 1591 Non
587 1543 670 1595 est
691 1535 892 1591 crimen
915 1548 1167 1589 manuum
1194 1530 1310 1599 Dei,
1343 1528 1485 1604 quod
1515 1528 1583 1587 de
1607 1529 1792 1609 vitiata

198 1630 412 1696 origine
435 1643 529 1683 sua
556 1627 775 1683 trahunt
797 1628 1023 1698 parvuli.
1366 1620 1373 1625 ’

272 1721 537 1781 CXXXII.
575 1722 696 1778 Ιυι..
732 1723 796 1778 Et
810 1712 956 1792 quod
980 1719 1243 1792 persuasit
1269 1719 1513 1774 diabolus
1540 1718 1790 1805 tenuiter,

199 1816 433 1870 solerter
454 1826 506 1870 et
526 1824 931 1885 perseveranter
950 1813 1118 1885 lingit,
1144 1821 1198 1868 et
1221 1811 1451 1884 protegit
1472 1811 1509 1878 ⁸,
1537 1819 1592 1867 et
1615 1818 1790 1887 custo-

200 1906 301 1974 dit,
322 1916 378 1961 et
400 1906 591 1965 format
620 1908 779 1962 Deus.
1230 1902 1233 1905 “

276 2003 412 2057 Atta.
443 1998 561 2056 Non
606 2000 747 2071 quod
785 2001 1051 2071 persuasit
1088 1996 1360 2065 diabolus,
1392 1997 1582 2075 format
1610 1998 1788 2065 Deus;

201 2093 298 2147 sed
343 2107 410 2146 es
456 2101 647 2147 natura
688 2106 846 2164 quam
892 2093 1100 2148 vitiavit
1135 2086 1411 2159 diabolus,
1436 2091 1573 2147 bene
1601 2080 1794 2147 format

200 2184 343 2256 quod
378 2184 573 2240 innuat
602 2185 761 2241 Deus.

272 2277 562 2335 CXXXIII.
592 2279 713 2336 Jun.
744 2280 811 2335 t
834 2280 1061 2336 fructum
1084 2279 1152 2336 ab
1179 2280 1397 2337 homine
1423 2279 1675 2338 bonitatis
1704 2296 1795 2336 re-

201 2372 402 2442 poscit,
423 2374 511 2427 cui
540 2373 738 2430 malum
763 2373 1003 2444 ingenuit
1027 2373 1189 2430 Deus.

275 2467 412 2525 huc.
456 2465 573 2522 Non
613 2466 810 2524 malum
840 2466 1079 2537 ingenuit
1110 2466 1278 2533 Deus;
1309 2463 1403 2521 sed
1430 2466 1624 2521 malum
1654 2462 1797 2544 quod

202 2560 485 2631 generatio
501 2561 681 2615 vitiata
706 2560 962 2631 ingenuit,
983 2560 1392 2639 regeneratione
1417 2567 1609 2632 purgat
1631 2554 1792 2614 Deus.

271 2652 567 2709 CXXXIV.
603 2653 721 2709 Jun.
753 2655 819 2709 Et
854 2664 1039 2725 postea
1075 2638 1183 2710 tota
1222 2652 1337 2724 lege
1363 2638 1639 2721 mentitur,
1672 2651 1795 2724 quin

199 2746 380 2818 justus
407 2747 480 2801 sit
507 2747 762 2801 Dominus
782 2748 823 2799 ³.

276 2842 416 2895 Λυσι.
449 2840 688 2895 Mentiris
715 2859 729 2895 :
753 2840 848 2895 sed
875 2851 950 2905 tu,
976 2841 1066 2911 qui
1104 2854 1263 2918 negas
1286 2848 1566 2917 peceatum
1596 2836 1797 2893 habere

204 2932 353 3003 gravi
380 2931 511 3003 iugo
530 2931 746 3004 dignum
770 2932 906 2988 illios
931 2931 1098 2987 Adam
1122 2929 1303 3003 (Ecclt.
1334 2946 1424 2999 XL,
1452 2929 1525 3003 1),
1552 2927 1679 3003 quid
1708 2942 1800 2983 co-

205 3024 351 3078 naris
372 3024 681 3092 ostendere,
707 3025 808 3080 nisi
830 3024 970 3095 quod
994 3023 1221 3096 injustus
1245 3020 1350 3079 sit?

275 3117 541 3175 CXXXV.
566 3117 685 3174 JUL.
713 3118 779 3173 Et
800 3119 889 3190 qui
917 3126 995 3174 tot
1019 3119 1241 3173 crimina
1264 3117 1425 3189 capit,
1448 3115 1624 3172 adhuc
1647 3130 1800 3171 voca-

204 3221 293 3267 tur
322 3211 501 3267 Deus?
1336 3198 1343 3211 ’

278 3307 420 3363 Anc.
458 3305 722 3375 Quoniam
744 3305 890 3361 nulla
912 3306 1136 3361 crimina
1171 3306 1313 3376 capit
1343 3304 1515 3372 Deus,
1550 3304 1670 3359 ideo
1697 3319 1799 3385 nec

204 3398 311 3454 hoc
329 3397 477 3469 quod
502 3396 556 3457 ei
577 3412 673 3454 vus
695 3399 986 3470 impingitis
1008 3397 1171 3468 capit,
1197 3405 1252 3453 ut
1273 3398 1390 3453 sine
1413 3396 1572 3451 ullius
1593 3394 1614 3427 ³
1635 3394 1798 3466 origi-

203 3492 346 3547 nalis
374 3491 577 3561 peccati
603 3491 811 3551 merito,
840 3490 974 3544 mals
1002 3488 1203 3560 parvuli
1228 3496 1306 3545 tot
1328 3497 1383 3544 et
1407 3498 1551 3563 tanta
1573 3486 1691 3557 ipso
1713 3487 1797 3543 vel

205 3583 442 3639 faciente
460 3583 543 3638 vel
569 3582 909 3653 permittente
931 3582 1218 3651 patiantur.
1248 3587 1253 3591 ’

274 3675 473 3733 CXXX
485 3675 568 3731 Vl.
590 3674 714 3732 Ιυι..
740 3673 973 3730 Interibit
989 3672 1403 3730 Manichaeorum
1426 3674 1668 3727 memoria
1682 3686 1797 3725 cum

205 3770 421 3843 strepitu
444 3784 466 3824 :
503 3768 628 3840 quia
674 3768 927 3823 Dominus
969 3769 1024 3822 in
1067 3778 1312 3823 aternum
1358 3764 1661 3839 permanet;
1707 3767 1798 3836 qui

204 3862 409 3936 parauit
444 3864 501 3915 in
536 3860 737 3933 judicio
760 3861 927 3915 sedem
954 3874 1132 3927 suam,
1160 3864 1207 3914 et
1231 3860 1339 3932 ipse
1352 3858 1608 3931 judicabit
1631 3850 1798 3912 orbem

206 3965 457 4010 terrarum
496 3955 549 4008 in
592 3955 825 4026 atquitate
865 3951 1037 4026 (Psal.
1074 3969 1150 4020 tx,
1184 3953 1327 4024 7-9).
1364 3952 1578 4007 Nullum
1624 3959 1705 4007 est
1741 3951 1795 4006 in

207 4047 321 4103 Deo
339 4047 570 4101 crimen.
601 4044 719 4100 Non
740 4046 901 4117 igitur
919 4056 1060 4100 creat
1085 4046 1254 4100 malos
1279 4062 1292 4098 :
1317 4043 1567 4115 quoniam
1599 4044 1645 4098 si
1671 4043 1796 4098 mali

206 4147 394 4197 essent
416 4147 631 4203 natura,
657 4139 797 4195 Dens
832 4153 926 4194 eos
967 4152 1152 4194 creare
1190 4154 1297 4193 non
1340 4146 1540 4209 posset.
1586 4137 1663 4192 Ac
1701 4151 1798 4208 per

208 4232 331 4297 hoc,
354 4242 413 4289 ut
434 4232 828 4287 Cathoiieorum
862 4239 946 4287 est
978 4229 1221 4285 confiteri
1260 4222 1425 4287 Deum
1464 4229 1795 4285 conditorem

206 4327 508 4393 bonorum,
553 4327 623 4393 ita
664 4326 1075 4383 Manichaeorum
1117 4325 1332 4396 proprie
1372 4324 1537 4380 Deum
1575 4322 1798 4380 credere

206 4420 547 4476 conditorem
570 4419 854 4474 malorum.

278 4517 418 4572 Ave.
441 4513 500 4571 Si
520 4514 804 4575 adversum
825 4513 1002 4569 divina
1024 4512 1257 4583 eloquia,
1282 4511 1369 4568 ubi
1395 4510 1610 4576 dicitur,
1632 4509 1793 4565 Judi-

208 4610 343 4663 cabit
385 4608 560 4663 orbem
600 4614 847 4664 terrarum
887 4608 940 4661 In
975 4610 1228 4676 equitate.
1261 4619 1365 4661 non
1396 4605 1542 4661 surdi
1572 4605 1794 4672 essetis,

207 4702 518 4773 mquitatem
558 4700 649 4755 Dei
689 4701 847 4755 etiam
891 4701 941 4754 in
981 4699 1159 4769 panis
1189 4697 1468 4752 infantium
1493 4698 1798 4773 discet-etis.

206 4794 408 4850 Natura
429 4792 576 4857 enim
604 4792 727 4847 boni
749 4802 890 4857 sunt,
918 4791 1058 4863 quod
1085 4791 1202 4846 illos
1225 4801 1373 4846 creat
1396 4790 1536 4844 Dens
1561 4809 1575 4843 :
1600 4786 1692 4869 sed
1715 4790 1791 4844 vi-

208 4891 285 4943 tio
312 4887 444 4943 mali
470 4894 624 4953 sunt,
656 4894 875 4957 propter
893 4885 1034 4956 quod
1065 4885 1187 4939 illos
1217 4893 1369 4938 sanat
1406 4883 1565 4938 Deus.
1606 4878 1663 4937 ln
1695 4898 1799 4954 qua

207 4979 475 5036 mtholies
490 4977 758 5037 sestertiis
782 4992 888 5032 non
912 4977 1082 5032 solum
1105 4975 1519 5031 Manichaeorum
1542 4977 1797 5045 memoria

209 5072 369 5142 perit,
388 5086 579 5139 rerum
595 5070 757 5126 etiam
778 5070 1204 5141 Pelagianorum,
1223 5083 1343 5125 cum
1366 5070 1592 5140 strepitu
1613 5069 1801 5140 loqua-

208 5165 390 5227 citatis
418 5163 653 5219 illorum.

280 5256 594 5316 CXXXVII.
627 5257 745 5313 11η..
768 5256 880 5313 Sed
905 5256 1180 5312 videamus
1200 5266 1254 5311 ct
1276 5255 1499 5328 reliqua.

284 5353 424 5408 Anc.
462 5351 597 5406 Ecce
633 5350 699 5408 ad
732 5350 837 5405 alia
868 5349 985 5404 libri
1018 5351 1122 5405 mei
1153 5350 1313 5405 verba
1340 5350 1454 5420 iam
1495 5351 1719 5425 transis,
1748 5360 1803 5407 et

210 5444 474 5501 adversus
506 5443 632 5499 illud
661 5443 804 5515 quod
839 5443 931 5499 tibi
961 5443 1113 5514 quasi
1137 5440 1484 5498 refellendum
1507 5458 1573 5499 ex
1597 5458 1799 5514 praece-

210 5538 468 5597 dentibus
502 5550 889 5610 proposueras,
922 5538 1056 5595 nihil
1086 5537 1241 5594 dicis.
1282 5538 1394 5608 Ego
1426 5538 1567 5595 enim
1615 5546 1673 5594 ut
1705 5552 1803 5593 vos

281 5756 300 5793 ⁸
332 5757 499 5809 Codex
517 5762 728 5823 Port.,et
746 5764 998 5823 propagat.

281 5824 302 5891 ξ
324 5822 398 5891 sic
415 5828 519 5891 uss.
546 5829 601 5871 At
616 5818 761 5891 editi,
782 5818 968 5891 nititur,
990 5832 1136 5885 quam
1146 5819 1310 5885 justus
1329 5818 1392 5871 sit
1410 5827 1554 5872 Deus.

282 5886 305 5919 ³
334 5883 529 5936 δίθΜΒο
553 5891 613 5945 Αἱ
629 5886 791 5951 vim
810 5881 958 5943 ἐμέω-

1581 386 1781 444 LIBER
1818 384 2133 444 TERTIUS.

3340 394 3480 453 1502

1898 505 2213 563 auctoritate
2247 507 2538 579 apostolica
2566 525 2846 583 urgerem,
2887 513 2996 571 dixi
3036 531 3131 574 vos
3165 516 3345 575 dicere
3367 532 3477 576 non

1893 598 2007 652 erui
2052 600 2298 677 parvulos
2337 616 2366 655 a
2404 610 2671 689 potestate
2700 607 3036 679 tenebrarum
3059 652 3075 685 ,
3106 618 3162 668 et
3186 613 3266 671 sic
3293 622 3473 687 trans-

1892 687 2023 744 ferri
2048 689 2099 744 in
2121 705 2343 763 regnum
2386 692 2476 749 Dei
2505 693 2721 768 (Coloss.
2745 713 2780 771 μ,
2812 695 2900 773 15)
2924 718 2937 752 :
2960 709 3145 775 contra
3175 704 3317 777 quod
3346 703 3478 777 nihil
3505 768 3508 771 ,

1893 779 2074 837 dicens
2094 825 2110 851 ,
2138 784 2425 859 apparuisti
2456 786 2668 871 quidem
2688 831 2704 857 ,
2733 790 2869 846 sicut
2897 808 3055 865 supra
3085 796 3309 866 praedixi
3328 838 3346 865 ,
3372 813 3482 871 nu-

1894 874 1995 931 dus
2037 874 2346 946 bzereticus;
2388 866 2483 936 sed
2524 880 2575 935 in
2608 890 2660 937 te
2688 884 3035 955 exspoliando
3064 902 3171 959 non
3196 866 3473 963 laboravi,

1895 967 2016 1038 quia
2053 979 2236 1026 contra
2275 972 2621 1043 apostolicam
2664 973 2823 1031 ﬁdem
2870 977 3255 1053 antiquissimae
3291 982 3481 1045 matris

1896 1054 2171 1131 Ecclesiae,
2203 1054 2349 1134 nullo
2377 1065 2661 1123 verborum
2692 1078 2902 1124 tuorum
2932 1070 3217 1147 vaniloquo
3245 1072 3479 1148 tegmine

1898 1160 1949 1207 te
1978 1168 2139 1209 ausus
2166 1170 2224 1209 es
2254 1158 2484 1225 operire.

1967 1240 2300 1302 CXXXVIIIJ
2320 1246 2438 1304 JUL.
2459 1250 2595 1305 Audi
2613 1268 2731 1324 ergo
2757 1252 2965 1329 breviter
2989 1256 3112 1331 quid
3130 1256 3229 1327 ista
3247 1259 3489 1330 quazstioe

1896 1353 1961 1391 ne
1985 1347 2224 1393 versetur.
2256 1338 2502 1396 Catholici
2530 1342 2705 1399 dicunt
2735 1345 3013 1401 humanam
3054 1364 3086 1401 a
3122 1359 3348 1423 creatore
3377 1349 3484 1421 Deo

1897 1429 2026 1484 bono
2076 1432 2333 1486 conditam
2383 1435 2601 1501 bonam,
2633 1438 2722 1491 sed
2751 1450 2954 1507 peccato
2981 1440 3240 1519 vitiatam,
3290 1443 3484 1513 medicq

1898 1519 2097 1578 Christo
2120 1523 2347 1595 indigere
2372 1534 2624 1581 naturam.
2657 1526 2933 1585 Manio/uni
2959 1531 3130 1605 dicunt
3149 1576 3161 1598 ,
3206 1533 3484 1599 humanam
3530 1580 3541 1592 ..

1898 1624 2133 1668 naturam
2158 1632 2259 1670 non
2286 1633 2317 1670 a
2347 1615 2456 1671 Deo
2483 1617 2739 1674 conditam
2776 1622 2977 1687 bonam,
3013 1634 3313 1701 peccatoque
3333 1627 3487 1697 vitia-
3535 1624 3541 1651 ³
3620 1608 3633 1619 ’

1901 1707 2150 1770 tam;scd
2172 1708 2233 1762 ab
2258 1717 2565 1765 wternarum
2603 1712 2831 1785 principe
2862 1715 3214 1795 tenebrarum,
3248 1717 3312 1772 de
3346 1735 3491 1791 com-
3586 1728 3587 1731 ‘

1898 1800 2140 1856 mixtione
2167 1802 2383 1858 duarum
2410 1813 2706 1860 naturarum
2724 1848 2739 1874 ,
2771 1824 2884 1878 qua:
2905 1826 3102 1882 semper
3131 1814 3353 1882 fuerunt,
3384 1828 3490 1866 una

1899 1892 2029 1947 bona
2054 1903 2100 1948 et
2129 1910 2233 1949 una
2262 1895 2418 1962 mala,
2451 1896 2703 1952 hominem
2726 1910 2969 1973 creatum.
2999 1899 3286 1959 Caelestiani
3311 1913 3358 1958 et
3389 1901 3494 1959 Pe-

1899 1983 2092 2056 lagiani
2116 1985 2308 2053 dicunt,
2338 1980 2574 2042 naturam
2594 1989 2868 2045 humanam
2889 2009 2920 2045 a
2947 1991 3053 2048 Deo
3076 1993 3206 2049 bono
3231 1994 3490 2052 conditam

1901 2078 2081 2133 bonam
2097 2096 2117 2145 ;
2145 2080 2236 2134 sed
2257 2079 2330 2135 ita
2357 2097 2462 2137 esse
2495 2080 2549 2136 in
2585 2085 2902 2140 nascentibus
2938 2086 3162 2156 parvulis
3190 2104 3368 2143 sanam
3386 2128 3404 2157 ,
3434 2097 3492 2147 ut

1901 2169 2089 2228 Christi
2116 2189 2216 2228 non
2244 2173 2458 2229 habeant
2497 2176 2827 2231 necessariam
2870 2176 2923 2231 in
2958 2178 3052 2233 illa
3088 2189 3239 2245 (etate
3279 2179 3492 2251 medici-

1900 2282 2040 2320 nam.
2071 2264 2300 2337 Agnosco
2325 2268 2482 2339 igitur
2508 2267 2561 2323 in
2595 2278 2680 2322 tuo
2729 2269 2964 2341 dogmate
3013 2288 3196 2339 nomen
3235 2281 3413 2345 tuum,
3444 2280 3494 2343 et

1901 2360 2162 2416 catholicis
2187 2378 2219 2415 a
2244 2363 2422 2431 quibus
2448 2364 2750 2431 confutaris,
2786 2346 2958 2421 desine
2984 2364 3202 2436 objicere
3230 2376 3278 2437 et
3305 2365 3494 2439 dogma

1868 2454 1872 2458 Α
1902 2461 1949 2507 et
1976 2469 2155 2507 nomen
2182 2452 2420 2507 alienum.
2456 2452 2594 2508 Nam
2633 2451 2830 2509 Veritas
2858 2465 3096 2524 utrosque
3119 2457 3399 2532 redarguit,
3445 2465 3495 2525 et

1904 2543 2217 2601 Manichazos
2261 2555 2307 2600 ct
2353 2564 2459 2601 vos.
2513 2545 2814 2604 Manichazis
2841 2548 2977 2604 enim
3010 2549 3131 2605 dicit
3160 2567 3181 2625 ζ
3213 2570 3232 2603 ε
3272 2550 3394 2607 Νοη
3420 2552 3495 2607 Ic-

1903 2637 2042 2709 gistis
2096 2637 2216 2709 quia
2264 2637 2326 2693 ab
2351 2640 2495 2715 initio
2552 2640 2669 2713 fecit
2720 2640 3011 2708 hominem,
3057 2643 3382 2712 masculum,
3445 2649 3497 2711 et

1903 2730 2141 2801 feminam
2170 2731 2287 2803 fecit
2311 2734 2438 2787 eos?
2472 2730 2690 2804 Propter
2718 2732 2810 2788 hoc
2848 2732 3096 2811 relinquet
3129 2735 3277 2809 homo
3296 2745 3495 2809 patrem
3607 2722 3609 2724 ’

1904 2830 1948 2876 et
1974 2833 2206 2890 matrem,
2223 2833 2268 2877 et
2287 2823 2563 2879 adhaerebit
2578 2825 2727 2880 uxori
2749 2843 2876 2907 sum;
2888 2838 2938 2887 et
2965 2838 3112 2889 erunt
3140 2828 3240 2903 duo
3264 2830 3318 2887 in
3338 2846 3493 2895 carae

1907 2929 2010 2968 una
2040 2928 2059 2968 :
2087 2914 2257 2986 itaque
2297 2916 2411 2987 jam
2458 2934 2558 2972 non
2597 2927 2713 2972 sunt
2758 2919 2877 2985 duo,
2926 2920 3014 2993 sed
3037 2938 3142 2979 una
3171 2939 3308 2977 caro.
3346 2922 3497 2993 Quod

1904 3023 2023 3079 ergo
2065 3006 2206 3064 Deus
2248 3006 2533 3081 conjunxit,
2588 3010 2738 3067 homo
2786 3030 2886 3089 non
2926 3024 3125 3085 separet
3187 3035 3207 3069 ι
3270 3014 3493 3088 (Matth.

1903 3115 2014 3167 χιχ,
2045 3099 2191 3173 4-6).
2222 3100 2308 3155 Ιια
2337 3104 2522 3175 quippe
2546 3104 2763 3159 ostendit
2788 3115 2835 3159 et
2860 3106 3122 3162 hominum
3159 3110 3494 3178 conditorem,

1901 3200 1953 3246 et
1977 3193 2248 3265 conjugum
2284 3196 2631 3264 copulatorem
2665 3197 2850 3264 Deum,
2880 3199 3123 3257 adversus
3148 3201 3493 3273 Manicltwos,

1903 3282 1991 3351 qui
2015 3293 2282 3357 utrumque
2309 3285 2490 3339 horum
2520 3297 2723 3358 negant.
2765 3285 2916 3344 Vobis
2944 3299 3114 3345 autem
3134 3292 3255 3347 dicit
3286 3308 3306 3346 :
3336 3311 3356 3345 ε
3398 3289 3497 3349 Vc-

1903 3378 1979 3431 nit
2011 3377 2153 3448 ﬁlius
2189 3377 2405 3434 hominis
2445 3397 2668 3452 quterere
2712 3392 2761 3436 et
2807 3384 3006 3443 salvarc
3046 3386 3182 3473 quod
3217 3388 3432 3463 perierat
3468 3407 3488 3441 ι

1905 3468 2056 3541 (Luc.
2084 3484 2197 3537 xix,
2230 3469 2341 3542 10).
2390 3469 2497 3526 Sed
2539 3490 2643 3539 vos,
2674 3475 2863 3549 egregii
2886 3468 3170 3546 christiani,
3203 3480 3497 3551 respondete

1905 3560 2103 3615 Christo
2131 3577 2150 3615 :
2176 3562 2237 3617 Si
2265 3561 2401 3629 quod
2428 3564 2665 3634 perierat,
2715 3556 2944 3655 quaerere
2992 3577 3040 3623 et
3083 3569 3279 3625 salvum
3328 3572 3498 3655 facere

1902 3653 2109 3720 venisti,
2139 3652 2208 3707 ad
2231 3655 2470 3723 parvulos
2499 3673 2598 3711 non
2626 3642 2836 3722 venisti;
2865 3656 2949 3735 isti
2985 3678 3075 3716 nec
3119 3642 3370 3734 perierant
3393 3705 3409 3731 ,
3449 3675 3499 3720 et

1903 3745 2033 3800 salvi
2074 3747 2183 3801 nati
2229 3758 2344 3801 sunt
2374 3763 2393 3803 :
2419 3748 2545 3804 vade
2582 3749 2651 3803 ad
2694 3753 2944 3824 majores,
2988 3754 3050 3807 de
3098 3754 3254 3828 verbis
3285 3757 3386 3811 tuis
3410 3757 3499 3817 tibi

1905 3838 2275 3908 prwscribimus
2305 3855 2324 3894 :
2359 3855 2378 3892 α
2418 3839 2542 3895 Non
2570 3851 2641 3897 est
2667 3859 2793 3915 apus
2816 3828 2955 3899 sanis
2975 3845 3217 3920 medicus,
3248 3848 3340 3903 sed
3362 3850 3496 3905 male

1904 3931 2196 3987 habentibus
2230 3951 2249 3986 ι
2281 3930 2491 4004 (Matth.
2544 3946 2619 4001 Ix,
2673 3928 2782 4009 η).
2827 3935 2912 3991 Ita
2956 3939 3015 4008 ﬁt
3042 3948 3096 3992 ut
3129 3930 3445 4015 Munia/tants
3471 3984 3488 4013 ,

1903 4024 1989 4096 qui
2014 4024 2207 4079 homini
2232 4025 2559 4081 commixtam
2590 4026 2710 4081 dicit
2739 4045 2846 4084 esse
2874 4040 3107 4083 naturam
3136 4032 3346 4103 malam,
3381 4033 3497 4097 velit

1902 4116 2022 4172 inde
2068 4118 2245 4173 saltem
2281 4118 2471 4174 salvari
2497 4136 2529 4175 a
2556 4119 2755 4176 Christo
2798 4122 3021 4178 animam
3051 4122 3230 4178 bonam
3256 4142 3276 4180 :
3302 4128 3356 4179 tu
3381 4142 3498 4183 vera

1902 4211 1958 4295 in
1983 4200 2228 4283 parvulis,
2259 4228 2373 4266 cum
2401 4212 2531 4268 salvi
2554 4224 2671 4269 sunt
2700 4231 2928 4309 corpore,
2956 4217 3086 4272 nihil
3109 4236 3140 4272 a
3166 4216 3366 4275 Christo
3393 4220 3499 4279 sal:

1904 4303 2126 4358 randum
2149 4319 2257 4358 esse
2282 4303 2562 4360 contendis.
2606 4305 2679 4360 Ac
2708 4298 2799 4378 per
2824 4298 2924 4363 hoc
2944 4306 3266 4367 Manichteus
3293 4311 3495 4381 quidem

1905 4404 2139 4451 naturam
2165 4397 2442 4451 humanam
2486 4396 2843 4454 detestabiliter
2866 4401 3131 4471 vituperat,
3169 4400 3258 4455 sed
3286 4410 3339 4455 tu
3380 4418 3496 4456 cru-

1906 4489 2087 4544 deliter
2111 4488 2312 4544 laudas.
2362 4488 2675 4561 Quicumque
2701 4493 2831 4546 enim
2861 4491 2948 4545 tibi
2981 4492 3282 4547 crediderint
3308 4492 3495 4547 lauda-

1908 4582 2024 4647 tori,
2056 4580 2276 4650 infantes
2303 4598 2421 4636 suos
2450 4597 2551 4636 non
2587 4580 2802 4649 o/ferent
2841 4581 3099 4638 Saluatori
3136 4580 3156 4656 (
3168 4582 3248 4639 De
3286 4581 3496 4657 Nuptiis

1907 4685 1955 4729 et
1983 4672 2424 4745 Gomupisoentia,
2464 4674 2551 4728 lib.
2578 4674 2645 4742 2,
2673 4691 2725 4728 η.
2755 4672 2833 4747 9).
2863 4673 3248 4731 Commendavi
3279 4675 3494 4748 quidem

1909 4764 2068 4824 etiam
2096 4769 2151 4824 in
2179 4769 2353 4838 primo
2380 4782 2542 4839 opere
2562 4809 2576 4833 ,
2603 4767 2737 4823 nihil
2765 4776 2816 4824 te
2846 4770 3014 4841 magis
3039 4785 3220 4843 agere,
3251 4787 3410 4845 quam
3439 4782 3495 4829 ut

1908 4875 2095 4930 parum
2122 4860 2453 4931 intelligaris.
3210 4932 3220 4940 _

1980 4954 2114 5008 Anc.
2145 4951 2373 5007 Prorsus
2402 4951 2688 5024 intelligor,
2717 4953 2848 5008 velis
2875 4955 3015 5010 nolis
3046 4972 3060 5010 :
3093 4954 3188 5013 sed
3230 4965 3287 5012 tu
3310 4966 3498 5015 contra

1910 5044 2012 5101 ista
2038 5043 2171 5100 nihil
2199 5044 2457 5107 dicturus,
2486 5029 2569 5100 vis
2595 5058 2701 5100 non
2728 5046 2947 5119 intelligi
2976 5048 3118 5119 quod
3149 5063 3251 5121 ego
3272 5051 3495 5108 rarissi-

1908 5153 2054 5195 mum
2082 5145 2239 5207 atque
2271 5136 2631 5192 ﬁrmissimum
2662 5137 2770 5192 dixi
2806 5155 2820 5191 :
2847 5138 3078 5211 denique
3108 5155 3196 5196 res
3225 5141 3336 5212 ipsa
3358 5141 3497 5197 indi-

1908 5230 2069 5293 cavit,
2100 5229 2215 5283 huic
2238 5243 2268 5282 a
2297 5237 2349 5285 te
2376 5242 2482 5285 non
2513 5230 2750 5299 potuisse
2775 5230 3041 5303 redargui.

1976 5316 2268 5381 CXXXIX.
2300 5322 2418 5379 Jun.
2449 5323 2778 5395 Ostendique
2822 5324 3077 5396 majorem
3126 5340 3263 5397 pene
3291 5332 3499 5396 partem

1910 5422 2336 5471 commentarium
2382 5424 2593 5472 tuorum
2622 5456 2637 5483 ,
2691 5416 2978 5489 grandiore
3033 5418 3253 5490 intelligi
3310 5417 3493 5476 labore

1910 5524 2068 5582 quam
2088 5508 2252 5565 'viuci.

1980 5604 2114 5673 Avc-
2148 5601 2217 5669 Et
2242 5600 2483 5670 laboras;
2513 5600 2657 5673 quod
2682 5601 2775 5665 tibi
2805 5610 2889 5664 est
2914 5602 3097 5673 pejus,
3138 5613 3190 5660 et
3243 5604 3497 5663 vincens.

1909 5693 2025 5750 Non
2072 5701 2250 5749 tamen
2290 5692 2503 5749 labores
2540 5701 2600 5749 ut
2636 5710 2722 5750 me
2751 5693 3044 5766 intelligas,
3072 5694 3213 5765 quod
3246 5697 3496 5757 t'acillime
3567 5769 3571 5772 ν

1911 5797 2096 5860 potes;
2122 5786 2219 5847 sed
2244 5785 2457 5845 laboras
2487 5795 2544 5851 ut
2568 5802 2657 5847 me
2682 5785 2920 5861 refellam
2944 5788 3091 5861 quod
3118 5804 3225 5851 non
3251 5800 3422 5863 potes.

1985 5877 2140 5935 CXL.
2169 5877 2287 5935 IUL.
2321 5877 2430 5936 Sed
2465 5877 2512 5933 si
2546 5878 2598 5934 id
2641 5893 2737 5950 per
2777 5878 2981 5953 singula
3026 5880 3207 5939 facere
3235 5883 3416 5951 velim,
3445 5892 3503 5942 et
