3950 6468
487 324 628 386 i505

485 438 672 495 eadem
701 437 991 510 repetendo
1013 441 1342 512 superfluus,
1393 452 1446 501 et
1475 454 1664 503 cuncta
1702 449 2075 522 persequendo

481 531 671 603 longus
697 532 936 590 videbor.

556 627 688 682 Ave.
722 624 859 682 Ecce
889 629 1156 698 quomodo
1182 631 1317 703 agis,
1351 641 1410 687 ιιι
1451 633 1608 704 longe
1646 634 1864 691 recedat
1903 635 2074 693 lector

482 716 550 770 ab
583 717 663 771 his
684 734 803 789 qure
827 719 958 786 dixi,
984 731 1038 776 et
1072 731 1124 777 te
1162 724 1474 795 repondisse
1502 727 1808 797 arbitretur,
1833 730 1958 786 dum
1985 747 2068 801 ea,

479 825 598 880 qua:
624 811 718 867 tibi
745 813 896 884 quasi
937 815 1225 871 refellenda
1256 833 1614 892 proposueras
1635 863 1649 890 ,
1683 822 2030 880 obliviscitur.

548 902 728 959 CXLI.
759 905 877 961 .IvL.
903 907 1056 965 Unde
1082 912 1324 981 quamvis
1366 915 1541 969 omnia
1586 932 1703 988 quae
1747 926 1932 975 contra
1969 936 2069 977 nos

474 997 687 1052 edidisti
729 1001 950 1070 scripta,
979 1002 1045 1058 ad
1091 1021 1256 1060 unum
1288 1005 1446 1062 linem
1483 1020 1788 1080 properent,
1821 1012 2068 1070 videlicet

474 1098 533 1143 ut
562 1092 821 1148 naturalia
861 1095 997 1149 mala
1038 1111 1160 1152 esse
1203 1098 1547 1169 persuadeas,
1591 1110 1646 1157 et
1673 1113 1763 1158 aut
1793 1105 2064 1162 diabolum

470 1181 786 1248 hominum,
828 1196 920 1242 aut
956 1189 1120 1244 Deum
1161 1193 1443 1249 criminum
1471 1195 1806 1254 conditorem
1838 1217 1852 1254 :
1884 1207 2062 1257 tamen

470 1281 601 1342 puto
639 1275 836 1346 aliquid
888 1281 1180 1350 procedere
1216 1283 1280 1338 ad
1319 1285 1552 1341 studium
1599 1288 1891 1359 brevitatis,
1925 1292 1970 1346 si
1998 1307 2061 1348 ea

468 1366 806 1434 potissimum
823 1377 1363 1447 argumenta,quibus
1393 1388 1556 1436 totam
1588 1392 1730 1438 tuam
1754 1386 2059 1454 opinionem

468 1459 609 1514 tueri
642 1469 712 1529 te,
739 1477 860 1518 cum
888 1465 1243 1537 obumbraris,
1288 1481 1442 1542 putas
1467 1474 1534 1528 de
1560 1475 1788 1532 diversis
1815 1480 1866 1533 in
1894 1496 2058 1536 unum

462 1553 706 1620 partibus
747 1571 1162 1630 congregavero,
1209 1578 1376 1634 eaque
1420 1567 1568 1636 prius
1604 1569 1817 1626 admota
1842 1574 2057 1644 exposi-

467 1644 610 1701 tione
654 1647 863 1718 juvero,
912 1661 969 1706 ut
1006 1653 1132 1723 quid
1176 1666 1440 1713 conentur
1465 1672 1753 1730 appareat;
1786 1674 1904 1736 post
1929 1682 2058 1723 vero

461 1753 570 1794 non
597 1755 802 1812 sparsa,
832 1745 928 1801 sed
953 1746 1210 1816 collecta;
1245 1767 1352 1806 non
1384 1753 1643 1822 involuta,
1675 1755 1768 1812 sed
1794 1759 2054 1829 explicata

427 1878 432 1900 λ
459 1845 742 1900 proruero.

529 1926 664 1981 Ave.
698 1926 922 1984 Mirabili
953 1931 1128 1988 studio
1159 1933 1433 1991 brevitatis
1469 1946 1590 1994 octo
1617 1939 1786 1998 libros
1814 1943 1904 1998 uni
1931 1959 2054 2002 meo

455 2015 656 2085 reddis,
704 2035 864 2090 quem
912 2038 1011 2078 nec
1058 2035 1198 2080 tanta
1231 2026 1548 2101 multiloquii
1584 2033 1890 2103 prolixitate
1917 2051 2050 2092 con~

453 2109 627 2164 vellis.
665 2111 759 2168 Dic
787 2130 947 2179 nunc,
977 2117 1021 2171 si
1053 2127 1224 2188 potes,
1248 2123 1518 2192 quomodo
1548 2140 1654 2180 non
1679 2125 1858 2184 dicere
1887 2145 2047 2202 coga-

451 2201 583 2255 mini
598 2201 832 2273 Christo,
850 2216 905 2261 et
925 2209 968 2261 si
988 2225 1094 2264 non
1113 2212 1308 2280 verbis,
1327 2223 1476 2270 certe
1496 2217 1624 2288 ipsis
1642 2221 1909 2288 perversis
1926 2237 2052 2279 sen-

453 2291 602 2348 sibus
618 2298 810 2352 vestris
833 2315 846 2351 :
872 2299 932 2354 Si
952 2302 1086 2372 quod
1105 2306 1318 2373 perierat
1333 2325 1558 2378 qttwrere
1572 2319 1618 2364 et
1637 2311 1833 2367 salvare
1848 2315 2043 2382 venisti,

449 2384 519 2436 ad
561 2388 800 2454 parvulos
829 2407 930 2444 non
956 2395 1148 2448 venisti.
1176 2394 1275 2450 Isti
1301 2415 1393 2452 nec
1415 2401 1688 2470 perierant,
1720 2413 1769 2458 et
1792 2404 1918 2459 salvi
1940 2410 2048 2462 nati

445 2487 564 2532 sunt
586 2496 606 2533 :
625 2480 750 2535 vade
768 2483 836 2536 ad
857 2485 1103 2556 majores;
1131 2487 1194 2541 de
1220 2490 1378 2546 verbis
1407 2492 1506 2546 tuis
1527 2493 1617 2548 tibi
1635 2496 2005 2566 praescribimus
2024 2515 2045 2554 .'

453 2588 473 2620 ι
501 2571 622 2626 Non
645 2583 718 2627 est
745 2592 872 2648 apus
891 2579 1028 2632 sanis
1049 2580 1288 2647 medicus,
1312 2586 1405 2639 sed
1423 2587 1554 2641 male
1575 2587 1869 2646 habentibus
1893 2610 1912 2644 ι
1940 2591 2044 2657 (De

451 2662 666 2734 Nuptiis
687 2677 732 2721 et
755 2667 1188 2742 Concupiscentia,
1217 2677 1303 2731 lib.
1327 2678 1380 2742 2,
1402 2697 1452 2734 n.
1474 2679 1550 2752 9).
1577 2682 1658 2738 Ad
1691 2683 1790 2738 ista
1817 2701 2043 2757 reSpon-

445 2755 513 2810 de
544 2775 556 2810 :
585 2759 710 2829 quid
732 2762 880 2818 vanis
905 2780 1025 2819 vera
1059 2766 1329 2825 involvere
1355 2780 1409 2826 et
1428 2775 1700 2832 occultare
1721 2779 1969 2834 conaris?

518 2848 720 2905 CXLII.
744 2852 865 2909 .IUL.
891 2855 945 2910 In
976 2857 1313 2918 inferioribus
1337 2863 1517 2935 itaque
1542 2867 1661 2923 libri
1694 2871 1768 2924 tui
1797 2873 2039 2940 partibus

441 2948 722 3015 postquam
747 2947 948 3013 dixisti,
974 2949 1063 3006 Sic
1089 2964 1222 3007 creat
1243 2956 1402 3011 malos
1423 2957 1844 3030 Deus,quomodo
1873 2968 2036 3036 pascit

439 3043 487 3088 et
513 3037 668 3089 nutrit
693 3039 890 3104 malos;
919 3041 1072 3096 addis
1098 3062 1111 3098 :
1136 3043 1269 3109 Quia
1302 3049 1438 3117 quod
1467 3050 1537 3104 eis
1563 3055 1781 3108 creando
1811 3056 1984 3111 tribuit
2015 3101 2033 3128 ,

438 3131 507 3182 ad
535 3143 732 3186 natura:
760 3135 972 3202 pertinet
1000 3137 1300 3206 bonitatem;
1329 3151 1376 3196 et
1401 3143 1538 3214 quod
1574 3147 1646 3199 eis
1689 3151 1943 3218 pascendo
1987 3163 2036 3206 et

438 3223 705 3278 nutriendo
736 3225 822 3279 dat
850 3227 1231 3294 incrementum,
1265 3249 1366 3286 non
1394 3235 1562 3306 utique
1589 3239 1797 3294 malitia:
1813 3257 1990 3296 eorum
2013 3286 2028 3311 ,
2051 3279 2062 3302 ,

435 3313 524 3366 sed
567 3315 726 3368 eidem
767 3317 912 3372 bonae
949 3329 1180 3387 natura),
1221 3339 1372 3392 quam
1409 3329 1592 3381 creavit
1622 3329 1801 3398 bonus,
1846 3331 2031 3389 bonum

435 3404 607 3458 tribuit
636 3408 1002 3479 adjumentum.
1051 3411 1119 3467 In
1162 3425 1403 3483 quantum
1433 3419 1568 3472 enim
1605 3421 1831 3478 homines
1863 3435 1980 3479 sunt
2011 3467 2026 3491 ,

436 3497 620 3550 bonum
664 3509 734 3552 est
778 3512 995 3569 naturae,
1030 3506 1174 3575 cujus
1201 3517 1376 3561 auctor
1402 3519 1474 3564 est
1506 3510 1642 3566 Deus
1665 3529 1684 3567 :
1703 3513 1758 3568 in
1785 3527 2028 3585 quantum

433 3599 605 3643 autem
629 3607 744 3644 cum
767 3604 970 3662 peccato
995 3608 1290 3665 nascuntur,
1328 3602 1538 3669 perituri
1559 3603 1604 3656 si
1628 3620 1730 3658 non
1754 3622 2029 3662 renascun-

434 3690 517 3734 tur
543 3684 582 3748 ί,
606 3684 674 3736 ad
699 3702 864 3740 semen
892 3689 1107 3756 pertinet
1149 3691 1474 3748 maledictum
1497 3696 1560 3750 ab
1576 3698 1720 3751 initio
1742 3697 1896 3770 (Sap.
1925 3717 2022 3768 xu,

434 3774 547 3845 ll),
580 3776 718 3831 illius
744 3780 965 3852 antiqua:
986 3781 1333 3841 inobedientia:
1362 3788 1500 3842 vitio.
1534 3789 1645 3856 Quo
1669 3793 1689 3824 ³
1711 3801 1877 3849 tamen
1902 3795 2024 3850 bene

429 3870 589 3923 utitur
617 3875 782 3942 factor
804 3875 955 3928 etiam
982 3891 1216 3931 vasorum
1239 3880 1349 3947 iraa,
1381 3891 1437 3935 ut
1461 3893 1609 3939 notas
1639 3886 1796 3958 faciat
1822 3887 2023 3944 divitias

427 3962 607 4032 gloria:
629 3981 735 4019 sua:
762 3967 812 4020 in
840 3970 970 4022 vasis
1010 3970 1404 4042 misericordiae;
1448 3985 1504 4030 ut
1541 3994 1643 4032 non
1687 3981 1878 4037 meritis
1913 3984 2021 4038 suis

429 4055 637 4124 tribuat,
667 4059 711 4111 si
735 4060 804 4112 ad
825 4061 1051 4117 eamdem
1089 4081 1306 4121 massam
1331 4069 1538 4140 quisque
1568 4074 1821 4142 pertinens
1852 4079 2020 4149 gratia

430 4148 682 4230 liberetur,
707 4153 796 4206 sed
815 4157 899 4225 qui
927 4157 1195 4227 gloriatur,
1221 4161 1274 4214 in
1300 4161 1519 4218 Domino
1537 4167 1780 4235 glorietur
1803 4169 1867 4244 (ll
1895 4171 2014 4228 Cor.

427 4227 483 4310 x,
518 4245 623 4316 17).
653 4246 727 4300 Ab
754 4251 847 4302 hac
886 4251 988 4319 fide
1022 4253 1114 4307 iste
1151 4254 1431 4325 discedens,
1474 4227 1574 4317 non
1612 4265 1715 4319 vult
1759 4227 2046 4326 nascentes

426 4354 531 4392 esse
555 4340 646 4394 sub
673 4341 893 4408 diabolo,
927 4361 988 4399 ne
1017 4350 1214 4416 parvuli
1253 4359 1513 4421 portentur
1549 4355 1617 4408 ad
1652 4355 1930 4429 Christum,
1960 4371 2016 4416 ut

424 4442 669 4487 eruantur
697 4452 728 4488 a
757 4446 1003 4507 potestate
1027 4441 1362 4511 tenebrarum,
1389 4453 1436 4500 et
1459 4453 1830 4522 transferantur
1852 4454 1906 4508 in
1934 4473 2013 4511 re-

420 4535 577 4596 gnum
614 4529 775 4598 ipsius
813 4530 1030 4602 (Coloss.
1065 4551 1120 4602 ι,
1157 4534 1264 4608 15).
1295 4537 1362 4592 Et
1392 4541 1464 4594 sic
1495 4539 1775 4599 Ecclesiam
1809 4559 2013 4604 accusat

421 4627 525 4675 toto
551 4621 666 4676 orbe
693 4623 934 4690 di/fusam
952 4671 966 4696 ,
997 4629 1048 4682 in
1076 4646 1175 4701 qua
1200 4632 1380 4704 ubique
1402 4651 1570 4690 omnes
1602 4640 1895 4710 baptizandi
1925 4645 2010 4698 in-

421 4712 610 4780 fantuli
647 4731 746 4769 non
792 4717 850 4770 ob
896 4719 1039 4773 aliud
1064 4724 1409 4795 exsuﬁluntur,
1440 4727 1539 4782 nisi
1567 4738 1619 4783 ut
1647 4731 1711 4784 ab
1738 4733 1809 4786 eis
1833 4735 2011 4792 mundi

420 4807 655 4879 princeps
685 4810 907 4864 mittatur
933 4814 1073 4882 foras
1107 4815 1206 4887 (De
1236 4817 1446 4889 Nuptiis
1477 4831 1522 4876 et
1553 4823 1966 4897 Concupisccntia
1988 4871 2005 4898 ,

418 4900 507 4954 lib.
538 4901 590 4968 2,
637 4919 726 4956 nn.
781 4904 869 4970 52,
919 4906 1028 4977 55).
1085 4909 1212 4964 Item
1261 4913 1512 4970 deorsum
1554 4916 1620 4973 de
1669 4920 1888 4978 libidine
1928 4924 2007 4979 lo-

415 5008 606 5062 quens,
626 4996 741 5064 Q'uc
762 5013 863 5066 qua
892 5001 1172 5073 conjugum
1197 5019 1300 5059 non
1327 5017 1501 5076 potest
1525 5023 1645 5065 esse
1670 5016 2003 5086 commixtio,

415 5103 573 5158 quam
602 5104 700 5144 nos
727 5093 1040 5160 naturalem,
1069 5104 1122 5151 et
1146 5097 1212 5152 ad
1244 5098 1338 5155 Dei
1369 5117 1587 5172 operam
1614 5107 2001 5180 pertinentem,

414 5196 520 5236 non
559 5191 616 5236 ut
658 5198 905 5255 magnum
944 5186 1158 5259 aliquod
1199 5191 1418 5260 bonum,
1448 5194 1543 5250 sed
1567 5205 1623 5250 ut
1642 5212 1860 5264 sensum
1886 5218 2006 5258 cor-

411 5289 625 5345 porum,
667 5291 784 5346 quae
828 5288 952 5334 sunt
979 5296 1009 5335 a
1038 5282 1148 5337 Deo
1178 5281 1334 5351 facta,
1363 5284 1908 5363 deiendimus,‘quam
1947 5305 2002 5352 tu

413 5371 634 5428 inditam
662 5374 955 5432 visceribus
985 5377 1233 5436 humanis
1263 5397 1293 5435 a
1327 5383 1558 5452 diabolo,
1593 5387 1644 5442 in
1687 5389 1804 5460 ejus
1845 5409 1999 5451 vere-

412 5465 598 5521 rundla
626 5466 647 5500 ⁸
670 5467 861 5540 dogma
893 5479 1041 5526 tuum
1081 5473 1350 5530 collocaris
1374 5518 1389 5542 ,
1433 5485 1539 5532 tam
1577 5482 1758 5539 multis
1786 5487 2000 5558 scriptis

475 5585 693 5670 1.39385
734 5587 1168 5670 assert-9199:;
1202 5594 1452 5670 Pes-.504,
1499 5597 1570 5670 sic
1591 5606 1727 5670 putat
1772 5615 1885 5654 esse
1923 5603 1998 5656 Ie-

409 5647 624 5762 gepglglsn
648 5647 858 5765 est;er
897 5652 930 5702 2
965 5654 1030 5704 de
1051 5647 1189 5718 Nupt.
1203 5647 1215 5655 ’
1238 5647 1292 5706 εἴ
1320 5647 1728 5723 εοιιοίιρὶεοὲιῖιξίξξ
1776 5647 1852 5715 vi.

401 5773 494 5890 ﬁ;
512 5726 814 5840 “ﬁngitis,
850 5783 992 5844 atque
1009 5776 1064 5832 in
1093 5780 1202 5843 ejus
1222 5782 1528 5836 verecundia.
1571 5787 1733 5849 Abest,
1776 5796 1936 5855 atque,
1965 5808 1992 5844 a

496 5866 508 5888 ι

496 5866 508 5888 ι

1188 326 1432 389 OPERIS
1469 330 1881 394 IMPERFECTI
1917 335 2194 398 CONTRA
2228 340 2592 421 JULIANUM,
2631 352 2688 410 S.
2730 355 3093 418 AUGUSTINI

2177 458 2389 515 conaris
2409 475 2653 521 asserere
2680 484 2694 522 :
2726 467 2794 524 de
2818 470 2930 541 ipsa
2951 488 3079 546 ergo
3100 475 3334 548 libidine,
3359 483 3498 541 sicut
3515 486 3776 562 frequen-

2177 555 2260 604 ter
2283 592 2298 619 ,
2361 553 2434 609 ita
2478 557 2639 614 etiam
2705 561 2957 623 inferiore
2995 579 3145 639 parte
3193 573 3318 653 libri
3362 578 3437 634 tui
3484 553 3766 655 loqueris:

2181 641 2454 713 Quocirca,
2486 649 2681 721 inquis,
2711 658 3113 717 commixtionem
3139 648 3334 739 quoque
3357 670 3618 730 honestam
3647 693 3770 734 con-

2164 733 2352 806 jugum
2378 755 2478 794 non
2505 745 2915 814 reprehendimus
2935 764 3142 826 propter
3169 733 3458 828 pudendam
3495 783 3770 839 corporum

2177 826 2452 888 libidinem.
2487 835 2592 892 Illa
2621 843 2753 896 enim
2783 857 2949 915 posset
2974 866 3078 906 esse
3115 826 3256 909 nulla
3301 826 3614 930 prlecedente
3653 884 3771 937 per-

2174 925 2450 993 petratione
2477 935 2684 1000 peccati,
2720 935 2783 990 de
2805 955 2907 1011 qua
2935 958 3036 997 non
3088 925 3431 1007 erubescerent
3461 925 3723 1031 conjugati
3745 977 3765 1016 :

2173 1011 2282 1068 hinc
2313 1027 2478 1074 autem
2511 1035 2684 1079 exorta
2711 1038 2783 1082 est
2812 1041 2924 1100 post
2949 1047 3210 1105 peccatum
3228 1081 3243 1107 ,
3270 1058 3422 1112 quam
3461 1011 3768 1108 coabtiasunt

2171 1105 2338 1162 velare
2376 1117 2577 1186 confusi
2607 1117 2756 1191 (Gen.
2785 1138 2863 1192 Ill,
2895 1125 2970 1197 7).
3004 1127 3152 1184 Unde
3184 1105 3425 1191 remansit
3467 1144 3761 1210 posteriori-

2169 1198 2261 1294 bus
2291 1207 2604 1278 conjugatis,
2649 1218 2872 1284 quamvis
2916 1221 3010 1276 hoc
3053 1226 3188 1281 malo
3217 1229 3342 1285 bene
3364 1241 3410 1287 et
3439 1198 3577 1290 licite
3604 1248 3758 1294 uten-

2169 1291 2330 1359 tibus,
2360 1297 2414 1352 in
2439 1301 2688 1372 ejusmodi
2720 1324 2872 1380 opere
2905 1313 3186 1372 humanum
3213 1322 3372 1378 vitare
3393 1340 3756 1401 conspectum;

2167 1393 2317 1452 atque
2357 1390 2429 1444 ita
2466 1397 2695 1464 conﬁteri
2728 1403 2865 1472 quod
2905 1407 3198 1477 pudendum
3239 1424 3332 1482 est,
3365 1434 3480 1473 cum
3509 1390 3760 1480 neminem

2166 1476 2342 1534 debeat
2367 1484 2574 1555 pudere,
2601 1493 2736 1558 quod
2765 1476 2948 1551 bonum
2976 1511 3068 1556 est.
3113 1476 3339 1562 Proinde
3362 1510 3604 1580 pudenda

2233 1849 2366 1907 Avo.
2397 1853 2572 1923 Quare
2597 1868 2680 1916 est
2704 1862 3002 1938 interrupta
3033 1875 3316 1944 sententia,
3347 1887 3405 1935 et
3427 1882 3751 1953 quibusdam

2158 1947 2568 2018 praetermissis,
2617 1961 2865 2027 tanquam
2916 1962 3020 2021 hoc
3064 1980 3399 2040 sequeretur,
3439 1975 3750 2046 adjunctum

2157 2044 2260 2104 est,
2287 2036 2513 2098 Proinde
2541 2047 2779 2115 pudenda
2811 2053 3038 2126 libidine,
3073 2036 3203 2130 etc.,
3235 2036 3598 2135 praetermissa
3629 2084 3753 2128 sunt

2155 2138 2334 2185 autem
2374 2137 2535 2192 verba
2580 2155 2733 2209 mea,
2785 2147 2873 2201 ubi
2918 2149 3116 2208 dictum
3160 2167 3263 2223 est,
3308 2159 3400 2216 Sic
3425 2163 3752 2234 insinuantur

2155 2220 2262 2274 haec
2287 2223 2408 2294 duo,
2437 2237 2482 2282 et
2509 2230 2696 2287 bonum
2735 2237 3011 2295 laudanda:
3051 2220 3447 2320 conjunctionis,
3482 2220 3620 2311 unde
3657 2220 3751 2328 ﬁlii

2153 2327 2478 2387 generantur,
2523 2332 2569 2376 et
2598 2327 2788 2382 malum
2815 2333 3068 2402 pudenda:
3096 2338 3354 2411 libidinis,
3384 2347 3519 2402 unde
3547 2351 3636 2415 qui
3661 2367 3750 2423 ge-

2153 2417 2412 2476 nerantur,
2436 2421 2768 2486 rcgenerandi
2785 2435 2901 2478 sunt
2919 2443 2982 2480 ne
3001 2428 3303 2490 damnentur
3322 2435 3375 2507 (I
3379 2438 3511 2510 bid.)
3527 2441 3554 2492 ἲ
3573 2417 3750 2510 Quare

2151 2497 2252 2555 ista
2277 2503 2435 2559 verba
2479 2523 2595 2564 mea
2632 2512 2700 2567 de
2739 2515 2916 2572 media
2955 2524 3220 2580 sententia
3267 2543 3388 2584 mea
3430 2532 3706 2592 subtrahis
3729 2579 3744 2603 ,

2150 2591 2333 2664 eisque
2362 2599 2650 2659 subtractis
2673 2605 2774 2661 alia
2801 2625 2940 2677 mea,
2969 2617 3119 2683 quasi
3149 2619 3262 2689 ipsa
3302 2636 3627 2695 sequantur,
3653 2591 3745 2685 ad:

2143 2683 2357 2756 jungis?
2404 2692 2539 2759 Quid
2587 2708 2670 2752 est
2707 2703 2849 2771 quod
2891 2705 3058 2763 lacis?
3086 2683 3184 2766 cur
3213 2711 3316 2770 hoc
3345 2685 3515 2774 facis?
3543 2683 3742 2780 Parum

2146 2789 2229 2834 est
2254 2783 2396 2851 quod
2423 2801 2504 2854 ea,
2536 2805 2656 2859 quae
2683 2793 2775 2850 tibi
2805 2812 2869 2852 ex
2899 2800 3088 2857 eodem
3116 2804 3252 2861 libro
3293 2825 3415 2866 meo
3441 2827 3508 2868 ex
3551 2816 3742 2874 ordine

2146 2887 2504 2978 proposueras
2534 2884 2846 2954 refellenda,
2877 2892 3122 2963 dimittis,
3154 2907 3210 2954 et
3236 2901 3288 2955 in
3314 2902 3417 2959 alia
3445 2908 3649 2978 pergis,
3684 2921 3742 2966 ut

2143 2965 2277 3021 ordo
2305 2970 2578 3041 turbetur,
2623 2987 2675 3032 et
2722 2982 2863 3050 quod
2905 2999 2936 3039 a
2983 2995 3035 3044 te
3071 2994 3399 3062 propositum
3439 2965 3649 3068 iuenat,
3674 3002 3739 3060 de

2142 3055 2360 3117 lcetoris
2400 3071 2657 3125 memoria
2685 3072 2949 3132 dilabatur
2979 3098 2991 3133 :
3022 3081 3243 3155 insuper
3268 3097 3322 3143 et
3345 3105 3408 3145 ea
3439 3107 3560 3163 qua:
3599 3112 3737 3165 pre-

2141 3158 2225 3207 ter
2248 3154 2512 3226 ordinem,
2547 3171 2603 3216 ut
2627 3164 2719 3219 tibi
2750 3167 2954 3226 libitum
2982 3184 3103 3242 est,
3135 3154 3470 3252 interponis;
3487 3154 3611 3244 non
3629 3200 3737 3247 tota

2140 3252 2196 3300 et
2219 3248 2421 3320 integra
2453 3252 2682 3312 ﬁdeliter
2710 3261 2862 3329 ponis
2882 3304 2897 3329 ,
2940 3266 3036 3322 sed
3075 3248 3311 3328 concidis
3343 3248 3560 3345 ubivis,
3593 3283 3737 3340 tollis

2138 3340 2280 3408 quod
2309 3342 2408 3411 vis,
2427 3345 2610 3418 jungis
2635 3355 2904 3420 quomodo
2929 3357 3009 3414 vis
3034 3377 3049 3414 :
3078 3362 3171 3416 sed
3202 3363 3285 3422 fac
3310 3340 3569 3441 quidquid
3619 3375 3732 3444 vis;

2136 3435 2411 3492 convictus
2440 3449 2494 3495 et
2521 3442 2692 3500 victus
2720 3450 3023 3522 apparebis,
3055 3465 3114 3511 ut
3135 3473 3246 3515 non
3271 3435 3372 3518 vis.

2207 3526 2431 3584 CXLIII.
2484 3533 2602 3590 Juv.
2651 3537 2869 3597 Rectius
2907 3546 3051 3602 enim
3105 3552 3301 3624 accipit
3354 3572 3553 3615 nomen
3605 3565 3730 3622 mali

2133 3633 2293 3689 quam
2319 3623 2444 3678 boni
2474 3627 2614 3684 unde
2639 3632 2963 3692 erubescunt
3007 3642 3132 3697 mali
3157 3623 3398 3714 etiboni;
3430 3653 3731 3728 meliusque

2132 3715 2401 3772 credimus
2422 3721 2698 3793 Apostolo,
2713 3728 2804 3797 qui
2823 3729 2971 3798 dicit,
2999 3734 3133 3800 Quia
3161 3757 3261 3795 non
3285 3743 3479 3800 habitat
3497 3748 3552 3803 in
3577 3715 3730 3808 carne

2130 3821 2244 3907 mea
2279 3807 2466 3866 bonum
2501 3813 2678 3887 (Rom.
2711 3835 2803 3888 νη,
2834 3823 2946 3896 l8),
2989 3842 3148 3898 quam
3175 3831 3318 3902 huic,
3347 3838 3436 3907 qui
3469 3838 3574 3897 hoc
3599 3807 3729 3900 dicit

2129 3897 2351 3959 bonum.

2199 3994 2334 4051 Ave.
2364 3996 2478 4052 Non
2505 4009 2622 4057 erat
2645 4018 2918 4076 magnum,
2946 4020 3001 4068 et
3029 4013 3188 4073 istam
3212 4017 3282 4075 de
3311 4020 3450 4078 libro
3470 4041 3594 4085 meo
3620 4030 3723 4086 im-

2127 4087 2637 4195 pleresententiam.
2670 4101 2780 4172 Ego
2806 4106 2948 4162 enim
2977 4108 3084 4167 dixi
3110 4130 3124 4166 :
3151 4114 3318 4181 Quam
3348 4119 3486 4187 huic,
3513 4127 3602 4195 qui
3629 4129 3723 4184 hoc

2125 4178 2255 4234 dixit
2280 4181 2486 4253 bonum,
2519 4190 2655 4244 unde
2681 4195 2726 4247 si
2753 4201 3100 4273 confunditur,
3128 4178 3397 4279 conﬁtetur
3423 4178 3617 4274 malum
3637 4238 3657 4286 ;
3678 4225 3720 4276 si

2124 4280 2291 4327 autem
2316 4292 2415 4330 non
2442 4281 2803 4355 confunditur,
2828 4290 2970 4347 addit
2996 4295 3330 4366 impudentia:
3354 4308 3501 4378 pejus
3525 4280 3716 4368 malum

2127 4365 2228 4440 (De
2254 4367 2465 4440 Nuptiis
2485 4383 2534 4429 et
2558 4374 2994 4455 Concupiscentia,
3021 4365 3110 4444 lib.
3125 4391 3176 4460 2,
3198 4411 3252 4449 n.
3269 4365 3385 4468 36)..
3403 4365 3507 4457 ἐξά
3533 4365 3716 4464 nescio

2121 4474 2218 4515 cur
2245 4461 2357 4518 haec
2385 4481 2490 4521 non
2522 4473 2787 4540 posueris,
2818 4491 2938 4532 cum
2982 4481 3228 4541 similiter
3266 4490 3346 4544 eis
3388 4506 3581 4562 posses
3609 4514 3710 4554 non

2118 4555 2446 4624 respondere
2471 4559 2512 4628 ⁸,
2535 4562 2674 4619 sicut
2697 4565 2838 4649 aliis,
2866 4586 2985 4642 quae
3009 4581 3261 4648 tanquam
3291 4555 3583 4644 refellenda
3615 4607 3712 4662 po-

2117 4647 2292 4716 suisti,
2325 4667 2423 4708 nec
2448 4654 2709 4728 attingere
2735 4647 2966 4720 voluisti.

2187 4741 2414 4800 CXLIV.
2460 4747 2580 4804 ιω..
2625 4751 2694 4807 Ει
2734 4765 2857 4826 post
2899 4760 3167 4822 modicum
3217 4768 3418 4827 addis:
3454 4775 3709 4842 Quoniam

2113 4844 2300 4890 natura
2339 4839 2564 4898 humana
2601 4862 2715 4915 qua:
2755 4852 2979 4908 nascitur
3007 4857 3084 4911 vel
3113 4858 3175 4913 de
3201 4865 3438 4938 conjugio
3458 4839 3492 4936 ,v
3525 4875 3606 4927 vel
3648 4876 3710 4930 de

2112 4929 2362 4987 adulterio
2381 4975 2395 5000 ,
2436 4935 2532 4992 Dei
2555 4954 2683 5009 opus
2711 4952 2801 4996 est.
2841 4944 2968 5012 Quae
2994 4949 3039 5003 si
3064 4951 3257 5009 malum
3282 4929 3429 5027 ἐωξὶ,
3453 4929 3558 5018 non
3581 4979 3709 5022 esset

2110 5025 2429 5093 generando;
2469 5028 2516 5082 si
2544 5030 2733 5086 malum
2781 5052 2883 5089 non
2928 5038 3149 5111 haberet,
3197 5063 3300 5103 non
3337 5066 3465 5107 esset
3493 5073 3703 5129 regene.

2109 5116 2274 5171 randa
2297 5133 2317 5172 :
2336 5128 2484 5190 atque
2507 5130 2562 5175 ut
2587 5125 2654 5178 ad
2676 5141 2831 5181 unum
2855 5131 3055 5187 verbum
3083 5147 3352 5212 utrumque
3373 5116 3701 5221 concludam,

2109 5217 2292 5265 natura
2333 5211 2555 5269 humana
2597 5219 2642 5272 si
2677 5221 2868 5276 malum
2893 5237 3040 5292 esset,
3068 5211 3314 5289 salvanda
3342 5255 3442 5293 non
3470 5255 3640 5310 esset;
3660 5248 3706 5301 si

2109 5301 2156 5356 ei
2182 5303 2306 5359 mali
2334 5305 2464 5361 nihil
2491 5308 2699 5379 inesset,
2729 5314 2977 5374 salvanda
3003 5339 3104 5377 non
3133 5337 3280 5381 esset.
3314 5329 3416 5396 Qui
3439 5350 3561 5406 ergo
3581 5339 3703 5395 dicit

2107 5411 2218 5450 eam
2243 5397 2426 5453 bonum
2455 5420 2554 5458 non
2583 5423 2708 5475 esse,
2737 5407 2923 5466 bonum
2961 5426 3110 5488 negat
3135 5423 3352 5478 condita:
3376 5440 3655 5488 creatorem
3683 5452 3702 5490 :

2105 5489 2192 5558 qui
2221 5506 2333 5546 vero
2372 5505 2520 5566 negat
2563 5499 2609 5552 ei
2654 5501 2846 5558 malum
2885 5507 3066 5576 inesse,
3107 5514 3480 5576 misericordem
3515 5527 3703 5585 vitiata:

2103 5583 2290 5639 invidet
2317 5587 2637 5648 salvatorem.
2675 5594 2995 5669 Quapropter
3031 5605 3082 5660 in
3117 5607 3401 5670 hominibus
3439 5624 3701 5677 nascenti-

2107 5677 2214 5744 bus,
2245 5696 2334 5735 nec
2359 5687 2650 5741 excusanda
2664 5698 2778 5744 sunt
2799 5691 3049 5750 adulteria
3077 5715 3165 5768 per
3183 5700 3384 5772 bonum,
3415 5714 3555 5780 quod
3578 5715 3700 5772 inde

2167 5857 2183 5889 ί
2207 5859 2281 5909 Sic
2298 5863 2406 5911 Ius.
2434 5869 2489 5912 At
2510 5862 2668 5920 νισιιη
2691 5862 2763 5920 eis
2792 5880 2886 5920 non
2909 5880 3068 5926 imm
3089 5875 3394 5932 recludere.
