3950 6468
197 520 233 558 a
259 503 522 560 conditore
565 497 705 559 bono'
738 507 963 558 creatum
1003 509 1096 569 est,
1124 515 1216 556 nec
1238 497 1525 555 accusanda
1546 497 1785 569 conjugia

199 614 294 669 per
319 595 530 664 malum,
559 595 695 669 quod
718 595 789 650 ibi
822 612 856 650 a
880 592 1202 650 misericorde
1226 594 1474 648 salvatore
1499 599 1574 647 est
1596 607 1788 646 sanan-

198 689 325 742 dum
373 688 475 758 (De
523 687 734 759 Nuptiis
771 695 816 742 et
857 685 1308 757 Concupiscentia,
1349 684 1439 740 lib.
1480 683 1549 749 2,
1587 701 1639 737 η.
1673 681 1786 754 36).

197 779 327 835 Hrec
379 787 486 834 tam
534 780 698 835 multa
748 795 866 851 qum
909 778 976 834 de
1026 779 1128 833 tuis
1171 777 1380 848 scriptis
1423 776 1607 847 posui,
1658 791 1792 846 quo-

195 873 342 928 niam
370 873 388 904 ¹
437 873 692 944 grandem
742 874 793 928 in
843 872 927 929 his
971 886 1263 928 {erumnam
1293 870 1627 942 cogitationis
1670 884 1793 940 per-

197 964 430 1031 tuleras,
460 975 518 1020 ut
545 975 699 1020 acute
727 965 925 1036 aliquid
951 964 1130 1020 dicere
1156 963 1445 1028 videreris,
1472 972 1524 1019 et
1554 979 1618 1018 ex
1642 977 1792 1018 more

192 1063 416 1123 nostro,
457 1073 564 1128 quo
609 1067 822 1114 versute
865 1057 998 1113 nihil
1041 1057 1286 1128 agimus,
1333 1065 1388 1110 et
1434 1071 1504 1110 ex
1550 1054 1790 1110 veritatis

194 1150 526 1218 securitate,
579 1151 830 1222 quoniam
883 1153 984 1207 tuis
1037 1150 1374 1207 sermonibus
1423 1150 1510 1204 vix
1569 1148 1790 1219 intelligi

191 1251 435 1312 queunt,
489 1254 670 1299 nostra
721 1244 933 1315 oportet
998 1244 1314 1315 repetitione
1373 1242 1644 1312 distingui.
1695 1240 1787 1295 Di-

192 1333 316 1388 xisti
355 1350 520 1406 ergo,
567 1336 887 1394 Manicbaaos
928 1338 1103 1394 carnis
1148 1337 1451 1409 vituperare
1499 1345 1742 1392 naturam
1769 1377 1786 1404 ,

83 1499 100 1514 ν
189 1434 351 1495 atque
381 1441 626 1484 asserere
657 1427 927 1485 hominem
953 1430 1145 1485 factum
1173 1445 1238 1484 ex
1265 1429 1641 1484 commixtione
1659 1427 1792 1483 dua-

190 1533 310 1570 rum
343 1526 679 1588 naturarum,
712 1521 867 1576 unius
891 1522 1064 1586 honre,
1095 1522 1314 1577 alterius
1340 1521 1492 1576 mala:
1527 1539 1538 1575 :
1569 1535 1667 1576 nos
1689 1536 1786 1575 au-

191 1618 319 1674 tem,
350 1625 485 1680 quos
515 1610 797 1668 haereticos
825 1628 1004 1679 vocas,
1032 1612 1212 1668 dicere
1241 1628 1272 1667 a
1298 1613 1441 1668 bono
1464 1613 1573 1668 Deo
1598 1611 1787 1668 condi-

189 1709 296 1754 tam
319 1701 608 1758 humanam
638 1713 878 1761 naturam
901 1706 1204 1761 testimonio
1220 1706 1454 1761 auctoris
1469 1706 1551 1760 sui
1570 1706 1785 1774 bonam,

189 1793 242 1847 in
285 1793 578 1850 infantibus
604 1797 676 1851 ita
701 1812 819 1854 esse
845 1813 1060 1866 sanam,
1103 1809 1160 1854 ut
1195 1799 1393 1854 Christi
1425 1814 1529 1855 non
1560 1797 1789 1854 habeant

190 1887 551 1941 necessariam
581 1889 894 1944 medicinam
921 1907 934 1944 :
961 1897 1014 1945 te
1037 1898 1216 1946 autem
1247 1890 1426 1946 dicere
1450 1890 1641 1944 bonam
1670 1890 1788 1960 qui-

187 1977 310 2032 dem
341 1994 372 2032 a
404 1979 516 2035 Deo
541 1979 682 2036 bon’o
709 1982 976 2037 conditam
998 1983 1282 2054 aliquando
1299 1983 1428 2038 Adae
1450 1983 1612 2038 fuisse
1635 1992 1786 2037 natu-

187 2085 338 2136 ram;
368 2071 467 2126 sed
494 2082 670 2128 tamen
694 2083 911 2144 peccato
938 2091 1059 2132 esse
1086 2075 1344 2143 vitiatam,
1373 2084 1426 2130 et
1449 2075 1568 2130 ideo
1587 2074 1786 2130 Christi

189 2162 431 2234 indigere
460 2166 720 2222 medicina
749 2166 958 2240 (Ibid.).
988 2167 1042 2223 ln
1058 2169 1229 2238 primo
1250 2167 1464 2239 quidem
1491 2167 1626 2222 libro
1652 2182 1784 2236 prae-

187 2258 356 2311 sentis
382 2258 584 2327 operis,
617 2275 774 2330 quam
797 2261 942 2316 nullo
963 2260 1184 2318 distaret
1210 2261 1342 2317 ﬁdes
1366 2271 1542 2317 vestra
1565 2276 1596 2315 a
1615 2260 1784 2316 Mani-

131 2411 134 2419 ι
185 2350 461 2406 chzcorum
492 2352 828 2422 profanitate,
859 2355 1053 2426 quippe
1081 2371 1146 2412 ex
1171 2371 1271 2427 qua
1303 2371 1420 2411 eam
1458 2363 1636 2410 natam
1665 2370 1785 2412 esse

184 2443 532 2498 manifestum
563 2455 664 2512 est,
687 2447 886 2517 junctis
911 2449 1190 2504 amborum
1215 2448 1554 2520 Opinionibus
1579 2449 1784 2505 indica-

185 2533 234 2587 vi
271 2551 284 2586 :
327 2536 419 2590 ubi
449 2538 693 2606 apparuit
720 2538 1000 2595 Joviniauo
1031 2550 1080 2596 te
1105 2557 1202 2612 per
1231 2542 1474 2598 timorem
1501 2541 1738 2613 copulari
1765 2559 1779 2608 ;

185 2625 482 2682 Manichaee
509 2638 687 2685 autem
707 2633 924 2687 omnino
945 2648 1044 2704 per
1063 2648 1323 2690 amor-em.
1344 2633 1456 2689 lloc
1474 2649 1600 2705 ergo
1623 2635 1782 2690 etiam

183 2717 233 2772 in
266 2721 526 2788 praesenti
569 2722 721 2778 nobis
749 2738 946 2794 genere
981 2725 1349 2781 disserendum
1381 2734 1462 2782 est
1486 2744 1498 2781 :
1523 2725 1614 2782 sed
1638 2725 1783 2796 prius

187 2824 397 2881 nostra,
427 2826 550 2886 post
578 2827 754 2873 vestra
781 2818 1071 2891 distinguo.
1097 2819 1294 2877 Verum
1320 2836 1446 2892 ergo
1467 2821 1665 2886 dixisti,
1684 2836 1782 2878 nos

186 2907 368 2962 dicere
412 2925 441 2962 a
487 2911 626 2965 bono
655 2911 764 2967 Deo
787 2920 1029 2968 naturam
1061 2914 1345 2969 humanam
1376 2915 1570 2970 bonam
1598 2915 1782 2970 condi-

186 3008 291 3054 tam
325 3019 340 3054 :
375 3001 473 3056 sed
518 3001 622 3058 huc
648 3019 811 3075 usque
838 3015 1078 3061 nostrum
1103 3015 1186 3062 est
1216 3025 1229 3062 :
1263 3022 1424 3063 unam
1467 3007 1610 3063 enim
1654 3023 1779 3078 par-

183 3101 313 3157 tem,
345 3110 453 3164 qua
483 3097 761 3166 suppletur
791 3106 973 3154 nostra
1005 3101 1287 3166 sententia,
1320 3109 1414 3156 aut
1441 3117 1548 3156 non
1579 3100 1776 3168 vidisti,

182 3194 272 3238 aut
296 3188 683 3256 snppressisti;
725 3189 884 3244 aliam
926 3200 1103 3246 autem
1132 3191 1198 3247 de
1224 3203 1335 3260 tuo,
1359 3209 1480 3248 cum
1521 3209 1626 3248 non
1662 3195 1682 3226 ³
1712 3195 1782 3250 sit

183 3287 393 3345 nostra,
427 3279 651 3348 posuisti
682 3297 696 3336 :
731 3295 828 3335 nos
859 3290 1037 3336 autem
1077 3298 1182 3338 non
1220 3285 1393 3338 solum
1434 3285 1658 3340 dicimus
1686 3301 1782 3340 na-

181 3378 353 3425 turam
394 3371 627 3428 hominis
652 3373 844 3429 bonam
872 3389 902 3429 a
930 3374 1040 3430 Deo
1061 3390 1181 3430 esse
1206 3376 1476 3431 conditam
1503 3379 1554 3431 in
1583 3377 1775 3443 Adam;

183 3463 273 3518 sed
306 3464 362 3518 in
392 3464 643 3520 omnibus
672 3467 908 3536 parvulis
932 3467 1126 3522 bonam
1155 3467 1224 3522 ab
1249 3482 1314 3523 eo
1341 3468 1451 3523 Deo
1479 3469 1657 3535 condi,
1689 3468 1780 3540 qui

183 3559 338 3628 primi
372 3557 519 3613 illius
547 3567 734 3615 auctor
767 3559 894 3626 fuit;
925 3568 1142 3632 propter
1168 3562 1309 3633 quod
1347 3562 1495 3619 illum
1540 3564 1779 3619 omnium

182 3649 461 3706 hominum
489 3653 778 3708 asserimus
803 3653 1156 3709 conditorem.
1504 3637 1506 3640 l

249 3743 391 3798 Anc.
431 3742 572 3809 Quid
615 3744 758 3800 enim
794 3745 937 3800 aliud
979 3754 1035 3802 et
1063 3761 1160 3801 nos
1197 3746 1423 3804 dicimus
1462 3747 1530 3803 de
1555 3749 1779 3805 Domino

183 3834 293 3889 Deo
333 3836 572 3890 omnium
614 3836 891 3892 hominum
929 3838 1250 3894 conditore?
1276 3839 1380 3896 Sed
1408 3882 1423 3908 ,
1454 3840 1597 3911 quod
1643 3841 1784 3897 absit

182 3942 210 3982 a
233 3927 426 3996 nobis,
454 3929 774 3985 salvatorem
815 3930 982 3986 Deum
1010 3932 1242 4002 parvulis
1280 3935 1646 3989 necessarium
1683 3949 1782 3990 vos

183 4021 392 4091 negatis
415 4062 431 4089 ,
461 4022 539 4076 sic
566 4036 755 4078 eorum
787 4031 1031 4079 naturam
1071 4025 1264 4081 bonam
1296 4041 1414 4082 esse
1453 4027 1743 4082 asserendo
1763 4070 1778 4095 ,

184 4123 241 4168 ut
262 4115 312 4169 ei
349 4113 480 4168 mali
507 4114 637 4170 nihil
668 4115 842 4172 inesse
873 4115 1092 4184 dicatis,
1137 4128 1352 4188 propter
1379 4118 1523 4188 quod
1553 4118 1784 4190 indigeat

184 4208 393 4262 medico
419 4204 654 4263 Christo.
687 4209 768 4263 Ad
805 4209 906 4264 hoc
951 4210 1216 4281 responde
1249 4227 1264 4277 ;
1303 4210 1446 4281 quod
1479 4211 1572 4265 tibi
1602 4211 1783 4266 redar-

183 4301 454 4372 guendum
479 4317 855 4372 proposueras,
880 4304 1050 4374 primo
1068 4304 1328 4376 redargue
1350 4323 1364 4360 :
1383 4320 1478 4360 cur
1494 4305 1784 4361 exsul'ilen-

186 4403 270 4448 tur
310 4394 618 4464 baptizandi
666 4395 865 4464 parvuli
911 4394 1178 4460 ostende;
1225 4405 1317 4450 aut
1354 4395 1613 4451 universa:
1648 4397 1784 4451 anti-

183 4489 460 4559 quissimae
511 4489 766 4544 Ecclesiae
811 4487 1008 4544 bellum
1053 4490 1450 4560 apertissimum
1493 4490 1735 4546 indicens
1765 4533 1780 4559 ,

185 4581 461 4637 cxsufﬂari
501 4597 596 4638 eos
638 4597 742 4637 non
793 4583 990 4638 debere
1018 4583 1284 4656 contende
1329 4601 1343 4638 :
1391 4584 1494 4641 hoc
1530 4600 1666 4656 age,
1700 4585 1786 4642 hic

187 4676 379 4732 insiste
397 4719 412 4743 ,
441 4675 566 4731 huic
585 4676 919 4732 ﬁrmamento
947 4718 962 4745 ,
993 4679 1035 4732 si
1063 4665 1245 4748 potes,
1277 4679 1474 4750 aliquid
1500 4680 1642 4736 unde
1666 4695 1788 4735 con-

185 4771 455 4839 cutiatur,
505 4772 760 4842 impinge.
791 4772 928 4839 Quid
953 4771 1090 4843 fugis
1126 4773 1225 4828 sub
1260 4773 1425 4844 pelles
1451 4774 1818 4843 loquacitatis-

189 4877 290 4921 tuze
313 4868 339 4920 ἵ
370 4867 510 4934 Quid
541 4867 712 4922 fumos
742 4867 1061 4922 vanissimos
1091 4868 1310 4938 subjieis
1329 4909 1344 4935 ,
1389 4868 1579 4938 quibus
1610 4867 1631 4898 ³
1670 4867 1786 4921 haec

186 4962 404 5018 obtecta
441 4971 497 5017 et
532 4961 758 5017 obscura
803 4962 874 5016 ita
902 4963 1066 5017 lector
1091 4962 1435 5017 obliviscatur
1458 5005 1472 5028 ,
1522 4971 1580 5017 ut
1611 4971 1663 5017 te
1701 4978 1786 5017 re-

186 5055 460 5126 spondere
488 5055 616 5110 nihil
645 5056 904 5126 valentem
933 5056 1114 5112 dicere
1143 5056 1339 5128 aliquid
1369 5056 1655 5111 arbitretur
1682 5058 1706 5110 ?

260 5148 468 5204 CXLV.
509 5149 628 5205 Jun.
659 5149 805 5204 lianc
834 5165 961 5220 ergo
1000 5161 1200 5220 partem
1243 5150 1519 5205 sententiae
1547 5165 1648 5204 non
1681 5165 1784 5204 so-

187 5242 300 5298 lum
321 5258 355 5296 a
383 5250 567 5296 nostra
589 5241 899 5296 definitione
923 5242 1190 5296 removisti
1223 5259 1237 5306 ;
1270 5241 1362 5296 sed
1388 5256 1483 5312 pro
1506 5242 1603 5296 bac
1624 5241 1785 5297 etiam

187 5335 418 5392 intulisti
451 5345 594 5390 tuam
627 5353 639 5388 :
680 5351 798 5405 quae
829 5334 998 5406 prima
1029 5333 1205 5390 fronte
1230 5334 1428 5405 aliquid
1459 5334 1678 5390 haberet
1706 5337 1789 5392 in-

187 5430 349 5485 vidiae
370 5473 384 5494 ,
417 5428 511 5484 sed
549 5438 724 5484 tamen
765 5428 1002 5483 discussa
1029 5436 1357 5483 vanesceret.
1388 5428 1616 5482 Posuisti
1645 5429 1787 5484 enim

189 5538 291 5578 nos
318 5522 500 5578 dicere
523 5563 539 5590 ,
582 5521 775 5576 bonam
820 5537 851 5576 a
878 5520 990 5577 Deo
1017 5521 1158 5576 bono
1195 5519 1462 5574 conditam
1494 5527 1736 5576 naturam
1760 5563 1776 5587 ,

187 5616 286 5672 sed
320 5617 391 5670 ita
418 5629 538 5671 esse
565 5629 784 5680 sanam,
815 5624 873 5669 ut
903 5613 1256 5669 necessariam
1290 5627 1393 5666 non
1418 5610 1610 5665 habeat
1634 5612 1790 5668 Chri-

260 5755 273 5785 ¹
303 5753 382 5801 sic
402 5757 511 5813 Mss.
544 5757 593 5799 In
614 5751 771 5813 \‘ign.,
791 5761 952 5813 quam.

256 5818 278 5846 ²
311 5811 757 5881 ῐξᾳιῑῇοιιιειιιθεέιιε
776 5811 854 5862 hic
875 5811 1061 5881 additur
1085 5817 1260 5881 extis.
1281 5816 1410 5881 Fort,

188 5881 280 5991 tu:
299 5851 1069 5990 gagatengm'
875 5851 1052 5884 ”⁵““”“’
1086 5851 1500 5938 Ξὲἱοὶῖἓὲεζῆιὶὶωιε
1517 5909 1532 5936 ,
1572 5871 1790 5923 restitui-

1570 379 1778 438 LlBER
1813 377 2129 438 TERTIUS.

3341 384 3486 444 1506

1902 493 1970 550 sti
1997 492 2334 550 medicinam.
2377 493 2588 552 Intuere
2625 510 2754 568 ergo
2781 504 2976 569 quanta
3002 498 3224 570 penuria
3244 501 3483 560 veritatis

1897 586 2108 643 labores
2131 629 2147 654 ,
2180 589 2267 660 qui
2295 596 2348 644 et
2381 587 2436 643 in
2463 589 2590 659 ipsis
2617 589 2794 645 verbis
2823 606 2942 660 quae
2964 591 3213 650 dicuntur
3239 597 3479 663 ἀντίθετα,

1897 679 2091 736 furtum
2125 689 2232 737 tam
2264 683 2596 753 perspicuum
2619 684 2794 740 facere
2814 699 2920 740 non
2949 688 3169 742 vereris.
3199 687 3329 744 Nam
3359 705 3481 745 cum

1896 787 2054 844 supra
2089 776 2456 846 proposuisses
2477 817 2490 841 ,
2519 776 2720 832 Bonam
2747 786 2988 832 naturam
3013 819 3029 845 ,
3056 779 3334 836 subdidisti
3358 823 3373 847 ,
3405 780 3482 836 lta

1897 879 2016 921 esse
2039 881 2241 922 sanam.
2265 866 2528 938 Numquid
2550 870 2784 924 ἀντίθετον
2813 869 2938 924 boni
2965 885 3152 924 sanum
3177 871 3300 926 est?
3323 869 3483 928 Certe

1895 972 2014 1012 cum
2046 957 2273 1014 dicimus
2301 959 2498 1015 bonum
2519 1002 2533 1026 ,
2571 961 2703 1016 nihil
2744 972 2929 1016 contra
2962 962 3064 1018 hoc
3090 963 3302 1034 pmprie
3325 965 3477 1034 poni-

1897 1063 2016 1102 mus
2045 1049 2144 1105 nisi
2182 1051 2378 1106 malum
2405 1069 2418 1106 :
2451 1052 2692 1134 siautem
2723 1068 2880 1108 causa
2910 1038 3080 1124 poscit
3106 1064 3162 1109 ut
3189 1069 3374 1110 sanum
3401 1055 3482 1110 di-

1895 1155 2110 1210 camus,
2142 1157 2211 1197 ex
2239 1143 2465 1199 adverso
2492 1144 2664 1200 debile
2688 1145 2768 1201 vel
2800 1162 3000 1216 aegrum
3037 1149 3276 1202 locamus
3307 1164 3322 1214 ;
3355 1155 3412 1202 ut
3435 1149 3481 1204 si

1894 1249 2080 1290 sanum
2111 1243 2194 1290 est
2217 1278 2232 1303 ,
2257 1251 2364 1292 non
2404 1238 2585 1308 utique
2614 1237 2790 1294 debile
2821 1255 2836 1304 ;
2863 1239 2907 1293 si
2933 1239 3127 1306 debile,
3160 1255 3348 1294 sanum
3375 1257 3480 1295 non

1896 1339 2017 1382 esse
2042 1326 2250 1382 dicatur
2278 1345 2292 1382 :
2328 1344 2450 1384 cum
2479 1339 2655 1386 autem
2691 1331 2917 1386 dicimus
2940 1375 2954 1398 ,
2987 1332 3190 1387 Bonum
3220 1343 3303 1388 est
3335 1333 3434 1388 hoc
3463 1351 3478 1400 ;

1893 1436 1924 1476 a
1951 1422 2219 1478 contrario
2250 1422 2364 1494 eius
2390 1465 2405 1490 ,
2434 1439 2541 1478 non
2570 1426 2683 1479 sani
2716 1441 2939 1492 nomen,
2977 1425 3070 1481 sed
3100 1426 3225 1480 mali
3251 1427 3482 1481 vocabu-

1893 1514 2004 1570 lum
2035 1516 2295 1572 sistimus.
2328 1517 2445 1573 Tibi
2485 1534 2613 1589 ergo
2642 1519 2921 1574 dicendum
2962 1519 3094 1587 fuit,
3126 1521 3249 1590 quia
3287 1519 3478 1574 defini-

1892 1623 2073 1663 remus
2112 1624 2208 1665 nos
2246 1609 2440 1666 bonam
2478 1625 2508 1664 a
2540 1611 2649 1667 Deo
2686 1612 2954 1667 conditam
3000 1624 3242 1667 naturam
3289 1611 3480 1668 homi-

1893 1715 2020 1755 num
2041 1741 2055 1766 ,
2077 1701 2172 1756 sed
2200 1702 2269 1756 ita
2295 1717 2414 1758 esse
2439 1702 2494 1757 in
2522 1704 2756 1774 parvulis
2780 1705 2972 1760 bonam
2998 1747 3013 1773 ,
3048 1713 3107 1760 nt
3130 1705 3478 1762 institutionis

1893 1808 2002 1848 suae
2038 1794 2239 1850 nullum
2278 1804 2542 1866 quaereret
2574 1798 2974 1855 emendatorem
3004 1817 3018 1853 :
3046 1808 3136 1853 aut
3175 1799 3218 1853 si
3260 1814 3318 1854 ea
3360 1814 3480 1869 quae

1891 1885 2032 1941 bona
2073 1897 2226 1941 erant
2247 1929 2261 1952 ,
2299 1888 2474 1942 alieno
2505 1890 2793 1956 vocabulo,
2827 1891 2879 1944 id
2909 1898 2993 1946 est
3015 1931 3028 1955 ,
3060 1890 3302 1946 sanitatis
3338 1889 3479 1944 indi-

1892 1993 2013 2033 care
2051 1979 2288 2035 malebas
2319 1997 2333 2046 ;
2366 1982 2682 2036 consonanti
2728 1991 2896 2036 totum
2936 1982 3237 2037 elocutione
3273 1982 3480 2052 signas-

1891 2086 1996 2127 ses.
2045 2071 2195 2127 Nunc
2237 2083 2411 2127 autem
2442 2075 2594 2144 quasi
2637 2076 2912 2129 murenula
2945 2076 3082 2130 inter
3109 2073 3477 2130 deﬁnitionum

1890 2177 2015 2218 saxa
2043 2165 2356 2234 prolaberis.
2379 2163 2512 2221 Cum
2539 2169 2680 2223 enim
2709 2177 2761 2224 te
2795 2169 2989 2224 veritas
3015 2168 3391 2238 compulisset,
3420 2176 3479 2224 ut

1890 2272 1989 2312 nos
2013 2259 2348 2314 conﬁtereris
2390 2260 2581 2314 bonam
2629 2261 2903 2316 hominum
2942 2261 3120 2322 dicere
3163 2269 3402 2316 naturam
3444 2276 3477 2316 a

1890 2351 2002 2408 Deo
2035 2351 2176 2407 bono
2211 2353 2480 2408 conditam
2509 2395 2524 2420 ,
2556 2363 2715 2424 atque
2757 2355 2811 2408 in
2843 2370 2905 2409 ea
2933 2366 3084 2424 parte
3112 2354 3389 2410 sententia:
3419 2359 3480 2408 ut

1887 2444 2109 2500 multam
2156 2446 2450 2513 rationem,
2490 2447 2562 2502 ita
2601 2445 2854 2501 invidiam
2895 2448 3094 2502 nullam
3125 2448 3377 2512 videres;
3411 2447 3476 2502 ad

1888 2538 1990 2593 alia
2017 2539 2270 2596 continuo
2297 2539 2459 2595 verba
2485 2539 2755 2610 migrasti,
2786 2539 3072 2609 subjiciens
3094 2580 3108 2606 ,
3139 2539 3232 2594 sed
3269 2539 3340 2593 ita
3381 2553 3478 2594 nos

1887 2645 2006 2686 eam
2039 2645 2221 2686 sanam
2263 2630 2548 2686 defendere
2577 2672 2593 2699 ,
2627 2640 2683 2685 ut
2710 2630 3026 2686 medicinam
3053 2627 3251 2684 Christi
3289 2629 3338 2685 ei
3377 2644 3476 2684 ne-

1886 2723 2174 2778 cessariam
2203 2738 2309 2776 non
2338 2738 2457 2778 esse
2491 2722 2791 2778 credamus.
2823 2722 2975 2789 Quod
3005 2723 3051 2777 si
3093 2731 3261 2776 totum
3302 2729 3356 2776 tu
3383 2736 3480 2792 per

1888 2813 2204 2883 imperitiam
2234 2815 2483 2882 incurris,
2512 2815 2864 2872 bardissimus
2887 2817 2903 2847 ¹
2926 2815 3258 2880 ;.sin.autem
3281 2815 3334 2871 id
3359 2825 3477 2872 astu

1885 2904 2017 2961 facis
2033 2947 2047 2972 ,
2078 2906 2396 2963 vaferrimus
2424 2908 2698 2966 inveniris.
2719 2957 2725 2962 .

1956 3000 2093 3058 Anc.
2133 3001 2358 3070 Quando
2388 3003 2486 3057 ista
2515 3003 2720 3060 diceres
2740 3047 2756 3073 ,
2800 3004 2902 3060 nisi
2932 3019 3036 3059 non
3068 3003 3312 3060 habendo
3337 3005 3477 3082 quod

1885 3091 2090 3148 diceres
2116 3094 2140 3148 ‘?
2169 3093 2284 3148 Non
2314 3096 2454 3149 enim
2485 3094 2768 3151 debuimus
2787 3137 2801 3162 ,
2832 3105 2892 3151 ut
2924 3105 3075 3166 putas
3098 3138 3113 3163 ,
3155 3095 3228 3150 ita
3255 3111 3474 3161 sanam,

1883 3199 2038 3254 quam
2061 3184 2290 3240 diximus
2314 3185 2505 3240 bonam
2524 3229 2540 3253 ,
2571 3203 2638 3242 ne
2671 3188 2771 3242 sibi
2800 3203 2904 3242 non
2933 3202 3057 3242 vera
3085 3195 3478 3258 opponerentur

1883 3276 2138 3331 antitheta
2172 3277 2351 3347 :quod
2379 3278 2639 3346 imperitia
2669 3288 2864 3349 quanta
2902 3279 3081 3346 dicas,
3110 3279 3155 3333 si
3196 3278 3478 3334 ostendere

1883 3367 2041 3422 velim
2065 3409 2079 3432 ,
2103 3369 2263 3424 rebus
2292 3385 2396 3423 non
2418 3371 2733 3425 necessariis
2757 3412 2772 3436 ,
2812 3370 2888 3425 tui
2913 3370 3104 3426 similis
3129 3371 3473 3426 immorabor.

1884 3459 1958 3514 De
1988 3459 2164 3516 medio
2204 3461 2334 3516 tolle
2369 3461 2636 3531 superflua
2661 3503 2676 3529 ,
2717 3469 2772 3516 et
2810 3462 3060 3528 omnino,
3103 3463 3310 3517 etiamsi
3355 3477 3477 3517 vera

1884 3562 2084 3620 essent,
2117 3552 2208 3607 tibi
2237 3552 2456 3609 minime
2491 3552 2768 3623 profutura
2796 3570 2810 3619 ;
2844 3561 2900 3608 et
2928 3553 3034 3620 dic,
3064 3553 3110 3608 si
3149 3561 3319 3623 potes,
3348 3568 3480 3624 quo-

1884 3643 2046 3698 modo
2075 3644 2338 3699 medicum
2370 3645 2637 3700 Christum
2683 3645 2920 3715 parvulis
2947 3660 3052 3700 non
3081 3645 3284 3716 negetis
3315 3661 3328 3698 :
3355 3659 3481 3700 cum

1885 3737 2030 3792 enim
2055 3739 2282 3808 coeperis
2304 3739 2482 3794 dicere
2506 3781 2522 3807 ,
2551 3739 2620 3794 ibi
2652 3739 2929 3809 apparebit
2955 3753 3120 3810 quare
3147 3739 3245 3793 ista
3276 3753 3411 3793 vana
3432 3740 3477 3807 ³,

1885 3839 1940 3886 et
1965 3829 2030 3884 ad
2070 3846 2183 3885 rem
2213 3846 2331 3900 qua:
2359 3832 2532 3901 agitur
2551 3873 2566 3899 ,
2592 3847 2695 3886 non
2735 3831 3052 3900 pertinentia
3073 3871 3087 3894 ,
3115 3838 3294 3884 tamen
3312 3829 3479 3885 inter-

1888 3924 2133 3995 ponenda
2161 3925 2450 3994 putaveris.

1957 4014 2184 4072 CXLVI.
2223 4016 2339 4073 JoL.
2371 4017 2512 4073 Ecce
2536 4017 2678 4072 enim
2702 4016 2936 4074 breviter
2961 4015 3264 4087 respondeo
3295 4033 3307 4070 :
3337 4015 3478 4072 adeo

1889 4126 1986 4167 nos
2009 4111 2204 4167 Christi
2234 4110 2551 4166 medicinam
2580 4111 2810 4181 parvulis
2829 4152 2844 4176 ,
2880 4124 3014 4181 quos
3041 4109 3357 4164 innocentes
3381 4123 3481 4163 no-

1887 4203 2093 4271 vimus,
2142 4219 2249 4258 non
2291 4218 2518 4275 negare,
2569 4211 2625 4257 ut
2649 4203 2768 4257 illos
2807 4203 3145 4274 potissimum
3185 4201 3482 4272 copiosiora

1890 4312 1954 4352 ea
1994 4296 2230 4367 indigere
2256 4294 2542 4350 fateamur.
2580 4293 2881 4349 Nascuntur
2913 4295 3054 4350 enim
3085 4293 3257 4363 exigui
3292 4335 3307 4360 ,
3336 4292 3486 4348 debi-

1893 4390 1968 4446 les
2001 4407 2014 4455 ;
2057 4390 2143 4460 qui
2176 4405 2279 4443 non
2321 4389 2490 4443 solum
2531 4387 2600 4441 ali
2646 4387 2862 4457 proprio
2900 4387 3080 4441 labore
3108 4401 3212 4441 non
3242 4385 3480 4455 possint,

1892 4496 2075 4536 verum
2127 4495 2225 4535 nec
2272 4479 2558 4549 implorare
2595 4485 2792 4549 queant
2835 4492 2990 4548 opem
3031 4485 3352 4547 parentum;
3393 4476 3484 4545 qui

1894 4583 1998 4628 tam
2053 4572 2227 4627 multis
2270 4572 2481 4627 casibus
2524 4570 2738 4624 obnoxii
2785 4577 2945 4636 sunt,
2989 4577 3046 4622 ut
3085 4567 3165 4622 eis
3201 4569 3363 4623 etiam
3404 4567 3487 4622 lac

1891 4665 2107 4720 densius
2131 4705 2146 4729 ,
2179 4673 2232 4718 et
2272 4662 2577 4718 laetantium
2617 4661 2930 4730 plerumque
2956 4675 3174 4715 somnus
3202 4659 3365 4714 exitio
3394 4659 3482 4713 sit.

1964 4758 2098 4813 Auo.
2164 4756 2301 4811 Ecce
2329 4769 2494 4825 quare
2521 4754 2794 4809 memoriae
2825 4752 3036 4808 lectoris
3056 4792 3070 4817 ,
3099 4750 3504 4821 interponendo

1894 4863 1981 4903 res
2028 4847 2362 4918 superfluas,
2413 4846 2710 4914 obstrepas.
2755 4843 3022 4900 Medicum
3065 4843 3332 4899 Christum
3382 4859 3488 4897 non

1893 4943 2101 5013 negatis
2129 4939 2363 5013 parvulis
2391 4940 2749 4995 necessarium
2785 4947 3012 5008 propter
3032 4938 3170 4993 mala
3213 4936 3486 5007 corporis,

1894 5035 2044 5105 cujus
2075 5033 2437 5088 imbecillitate
2467 5030 2720 5086 vitiantur
2755 5030 2968 5086 invalidi
2998 5029 3020 5062 ³
3039 5072 3055 5098 ,
3078 5030 3162 5086 vel
3190 5037 3487 5096 necantur;

1892 5135 1948 5183 et
1987 5127 2194 5198 negatis
2231 5126 2307 5181 eis
2337 5123 2696 5180 necessarium
2729 5122 2989 5178 medicum
3019 5122 3289 5178 Christum
3318 5164 3334 5189 ,
3366 5135 3491 5192 pro-

1894 5231 2013 5292 pter
2056 5218 2196 5291 quod
2225 5219 2322 5274 sub
2363 5217 2554 5273 diaboli
2585 5226 2850 5289 potestate
2886 5226 3007 5272 sunt
3029 5258 3044 5284 ,
3082 5217 3224 5273 unde
3262 5225 3320 5272 ut
3356 5215 3489 5270 libeo

1894 5322 2081 5371 rentur
2120 5312 2420 5383 baptizandi
2449 5311 2804 5367 exsufflantur
2835 5331 2849 5366 :
2893 5320 2949 5366 ut
2972 5312 3075 5368 hoc
3102 5311 3194 5368 tibi
3223 5309 3491 5379 objectum

1895 5427 2002 5467 non
2028 5410 2332 5481 intelligaris
2353 5411 2420 5466 ob
2436 5409 2575 5465 aliud
2599 5413 2936 5481 proposuisse
2955 5411 3101 5482 quasi
3123 5408 3490 5478 refellendum,

1896 5505 1996 5560 nisi
2020 5519 2085 5559 ne
2110 5503 2213 5559 hoc
2239 5504 2478 5559 timuisse
2498 5503 3006 5573 deprehendereris:
3039 5503 3158 5558 ideo
3181 5513 3358 5559 autem
3385 5518 3491 5559 non

1898 5608 2134 5655 tentasse
2171 5596 2451 5664 refellere,
2501 5597 2750 5667 quoniam
2795 5597 2862 5653 de
2904 5596 3248 5663 ﬁrmissimo,
3280 5605 3333 5652 et
3374 5607 3492 5653 tan-

1898 5707 2058 5763 quam
2079 5689 2417 5745 adamantino
2448 5687 2792 5746 fundamento
2812 5731 2828 5757 ,
2857 5689 2911 5743 in
2938 5698 2992 5745 te
3021 5689 3197 5760 potius
3222 5691 3495 5762 perimen-

1961 5807 1978 5839 ι
2005 5806 2142 5865 Editi,
2166 5782 2553 5866 barbarissimigs.
2572 5810 2626 5853 At
2646 5809 2773 5866 Mss,
2793 5800 3124 5857 bardissium.

1961 5869 1982 5929 ξ
2005 5869 2078 5917 sic
2100 5863 2206 5917 Mss.
2233 5873 2282 5916 In
2304 5869 2464 5929 vign.,
2484 5863 2623 5929 bona.

1964 5926 1986 5963 ⁸
2016 5936 2089 5982 etc
2103 5931 2210 5980 tuo.
2236 5931 2286 5978 tn
2309 5923 2468 5990 Vliet,
2494 5923 2663 5978 validi.
