3950 6472
500 389 640 452 I301

494 511 618 566 dum
653 518 738 566 tua
760 509 933 581 jacula
956 509 1224 565 resilirent
1255 530 1270 566 :
1294 519 1348 566 et
1371 509 1488 564 ideo
1513 507 1579 564 de
1607 509 1875 562 antithetis
1900 507 2080 576 dispu-

494 605 749 657 tationem
783 603 1163 673 interposuisse
1190 603 1510 675 superfluam
1533 643 1548 666 ,
1583 609 1639 656 ut
1671 599 1798 658 illud
1832 599 2081 653 invictum

493 695 660 750 lector
688 695 883 750 oblitus
909 737 923 759 ,
956 697 1156 751 sineret
1186 704 1236 750 te
1266 697 1316 749 in
1347 696 1450 761 eis,
1481 708 1828 764 immotumque
1859 693 2083 746 inferres

493 789 797 855 vanissima,
828 791 1108 860 respirare,
1144 799 1390 859 tanquam
1419 788 1827 857 reSpondentem
1860 785 2079 854 aliquid,

405 922 407 924 -
493 889 548 935 et
577 881 838 935 dicentem
870 880 1020 936 nihil.
1055 882 1143 937 Sic
1171 883 1363 951 quippe
1395 881 1809 936 imbecillitatem
1842 881 2079 948 corporis

493 971 778 1034 infantilis,
825 975 1003 1056 muljis
1042 975 1322 1027 obnoxiam
1363 975 1574 1027 casibus
1624 971 1882 1032 intulisti,
1932 971 2078 1040 quasi

491 1066 576 1120 vel
625 1067 674 1119 in
721 1069 828 1135 ipsa
859 1069 1255 1128 cruciarentur,
1290 1068 1369 1120 vel
1413 1066 1463 1120 in
1510 1067 1623 1134 ejus
1669 1073 1812 1118 tanta
1855 1064 2077 1138 inﬁrmi-

493 1163 599 1209 tate
628 1168 994 1226 premerentur
1020 1201 1032 1223 ,
1069 1159 1151 1214 vel
1182 1160 1258 1213 eis
1288 1159 1528 1212 accidere
1561 1159 1610 1211 in
1641 1159 1724 1212 illa
1757 1164 1915 1211 aetate
1955 1155 2076 1210 mali

492 1249 690 1316 aliquid
724 1259 899 1317 posset
928 1292 941 1316 ,
973 1251 1015 1303 si
1053 1261 1237 1305 natura
1268 1251 1496 1304 lnnnana
1531 1251 1665 1304 sicut
1690 1250 1923 1304 instituta
1961 1248 2079 1302 fue-

492 1347 571 1390 rat
598 1381 609 1400 ,
644 1351 994 1407 permaneret.
1035 1341 1141 1396 Cur
1173 1342 1415 1396 exsufflet
1447 1343 1788 1411 baptizandus
1831 1340 2078 1411 parvulos

494 1429 730 1484 Ecclesia
760 1431 985 1494 Christi,
1018 1435 1236 1488 ostende
1261 1477 1273 1499 ,
1319 1435 1365 1489 si
1412 1445 1561 1503 potes
1595 1451 1608 1499 ;
1647 1443 1735 1487 aut
1778 1450 1868 1487 cos
1899 1434 2079 1487 exsuf-

452 1510 458 1538 ⁵
494 1522 697 1575 ﬁandos
727 1540 833 1578 non
862 1540 978 1579 esse
1009 1527 1268 1580 contende
1292 1569 1304 1591 ,
1340 1527 1382 1581 si
1413 1535 1561 1596 potes
1591 1545 1604 1591 ;
1631 1536 1721 1580 aut
1745 1528 2075 1591 obmutesce,

491 1617 534 1669 si
581 1632 683 1668 non
717 1628 865 1687 potes
897 1637 908 1672 :
949 1619 1054 1672 imo
1083 1619 1392 1674 obmutesce
1421 1663 1433 1683 ,
1471 1621 1589 1690 quia
1639 1638 1740 1674 non
1772 1630 1942 1690 poles.

563 1709 808 1763 CXLVII.
850 1711 968 1764 .lUL.
1001 1711 1106 1765 Pro
1135 1712 1439 1766 conditione
1467 1713 1703 1766 mortalis
1729 1712 1963 1782 corporis
1993 1711 2075 1764 iu-

492 1811 708 1853 currunt
732 1813 783 1853 et
810 1803 1176 1871 a-gritudinum
1208 1819 1491 1865 aerumnas,
1522 1813 1572 1859 et
1600 1804 1838 1858 dolorum
1874 1818 2075 1872 poenas,

491 1900 542 1942 et
572 1892 799 1958 pericula
830 1894 1154 1947 morborum.
1199 1894 1312 1948 Non
1354 1897 1522 1949 solum
1564 1911 1690 1966 ergo
1721 1896 1950 1965 parvulis
1984 1912 2080 1950 ne-

491 1984 774 2036 cessariam
820 1985 1043 2051 Christi,
1077 2003 1103 2039 a
1137 2001 1242 2056 quo
1287 1995 1338 2041 et
1380 1987 1498 2042 facti
1547 1997 1710 2054 sunt,
1763 1989 2079 2043 medicinam

488 2070 720 2127 fatemur
747 2091 760 2139 ;
792 2076 883 2130 sed
915 2077 1072 2130 etiam
1105 2079 1340 2132 omnium
1373 2081 1670 2134 mortalium
1713 2091 1933 2134 natura}.

562 2165 694 2220 Auc.
737 2165 876 2235 Ergo
911 2176 966 2221 et
1003 2167 1053 2221 in
1104 2169 1346 2237 paradiso
1389 2172 1564 2225 omnia
1596 2170 1692 2224 ista
1727 2172 1861 2226 mala
1906 2171 2079 2226 futura

489 2253 653 2309 fuisse
672 2258 920 2324 creditis,
945 2260 989 2314 si
1015 2277 1172 2315 nemo
1204 2275 1475 2332 peccasset
1500 2281 1513 2328 ;
1546 2275 1597 2318 et
1625 2276 1824 2319 mortes
1852 2267 1956 2319 illic
1983 2266 2081 2321 ho~

488 2348 690 2401 minutn
716 2391 730 2412 ,
764 2360 1011 2420 tanquam
1056 2370 1336 2423 pecorum,
1367 2357 1642 2426 cogitatis,
1680 2361 1799 2429 quia
1833 2360 2080 2416 omnibus

488 2437 558 2492 ibi
585 2455 922 2496 communem
948 2445 1321 2500 mortalitatem
1345 2461 1626 2516 corporum
1650 2450 1882 2504 creditis.
1908 2451 1954 2506 Ο
1982 2452 2082 2505 mi-

487 2530 593 2584 seri
629 2533 640 2585 !
677 2534 719 2586 si
754 2533 1135 2592 beatitudinem
1166 2538 1264 2592 loci
1298 2539 1437 2594 illius
1466 2542 1757 2597 christiano
1781 2545 2079 2614 cogitaretis

488 2621 681 2677 affectu
714 2640 729 2689 ;
776 2639 879 2680 nec
917 2627 1114 2682 bestias
1143 2629 1212 2684 ibi
1241 2633 1527 2686 morituras
1559 2633 1720 2690 fuisse
1749 2637 2036 2692 crederetis
2061 2680 2076 2706 ,

488 2713 626 2769 sicut
665 2731 762 2770 nec
800 2719 1120 2787 saevituros;
1171 2722 1264 2777 sed
1298 2724 1599 2781 hominibus
1650 2729 1872 2783 mirabili
1926 2747 2075 2784 man-

487 2808 770 2865 suetudine
796 2812 1034 2869 subditas
1057 2857 1071 2881 ,
1100 2831 1199 2871 nec
1228 2826 1432 2887 pastum
1460 2819 1527 2874 de
1565 2823 1783 2877 alternis
1817 2827 2079 2882 mortibus

488 2900 802 2966 qumsituras
825 2943 840 2969 ,
879 2905 971 2958 sed
1000 2910 1300 2962 communia
1324 2951 1336 2973 ,
1364 2910 1498 2964 sicut
1526 2914 1777 2982 scriptum
1802 2925 1912 2980 est,
1955 2932 2077 2972 cum

488 2989 790 3046 hominibus
815 2994 1066 3051 alimenta
1092 3011 1398 3070 sumpturas
1429 3004 1444 3038 ί
1473 3003 1623 3074 (Gen.
1649 3022 1685 3070 ι,
1711 3007 1802 3073 29,
1833 3008 1946 3080 51)).
1975 3010 2078 3065 Aut

487 3080 531 3134 si
562 3096 656 3136 eas
684 3083 867 3138 ultima
899 3099 1113 3142 senecta
1145 3090 1494 3161 dissolveret,
1542 3105 1598 3149 ut
1638 3098 1747 3151 sola
1790 3098 1858 3153 ibi
1879 3102 2074 3155 natura

486 3170 716 3228 humana
740 3177 899 3230 vitam
949 3180 1244 3247 possideret
1287 3195 1541 3240 :cternam
1573 3204 1587 3252 ;
1630 3205 1724 3243 cur
1751 3207 1853 3243 non
1886 3192 2075 3247 creda-

485 3279 606 3319 mus
635 3267 775 3336 quod
802 3269 1137 3327 auferrentur
1159 3273 1226 3329 de
1255 3277 1500 3344 paradiso
1523 3281 1811 3347 meritone,
1846 3283 1927 3336 vel
1956 3283 2078 3340 inde

485 3370 645 3411 sensu
692 3358 1016 3415 imminentis
1060 3365 1246 3420 mortis
1285 3367 1525 3435 exirent,
1553 3385 1620 3424 ne
1660 3386 1802 3425 mors
1829 3375 2075 3443 cuiquam

484 3449 682 3504 viventi
724 3452 776 3506 in
809 3453 926 3509 loco
951 3457 1072 3510 vita:
1117 3459 1256 3514 illius
1301 3463 1585 3518 eveniret?
1614 3465 1739 3518 Nam
1781 3483 1953 3538 neque
1979 3469 2074 3539 ipsi

485 3557 577 3610 qui
599 3556 941 3610 peccaverant
969 3547 1241 3613 homines,
1277 3555 1410 3608 mori
1442 3556 1733 3624 potuissent
1763 3600 1776 3623 ,
1806 3560 1846 3612 si
1881 3576 1983 3613 non
2011 3561 2078 3615 de

488 3634 812 3694 habitatione
852 3649 1012 3696 tantm
1043 3641 1304 3700 felicitatis
1327 3687 1342 3712 ,
1393 3650 1584 3705 merito
1612 3651 1900 3722 iniquitatis
1939 3656 2078 3710 exis-

488 3738 626 3782 sent.

527 3819 826 3877 .CXLWII.
857 3825 977 3882 JUL.
1003 3826 1163 3899 Cujus
1191 3830 1522 3888 inﬁrmitates
1545 3844 1597 3888 ut
1627 3837 1674 3889 in
1703 3841 1949 3906 pnesenti
1971 3842 2076 3897 vita

487 3911 697 3968 diverso
725 3919 1077 3974 remediorum
1107 3939 1302 3992 genere
1329 3926 1610 3981 mitescunt
1635 3945 1647 3990 ;
1680 3930 1745 3982 ita
1775 3931 1933 3984 etiam
1961 3933 2075 4000 ple-

487 4021 590 4071 ne,
643 4007 694 4060 in
737 4009 996 4075 justorum
1056 4024 1229 4069 tamen
1273 4018 1619 4086 corporibus,
1671 4025 2076 4081 resurrectionis

488 4097 888 4154 evacuahuntur
913 4102 1167 4159 adventu.

561 4191 691 4246 Auc.
727 4193 780 4246 ln
811 4195 891 4248 his
925 4196 1082 4262 justis
1109 4209 1162 4253 et
1193 4201 1434 4269 parvulos
1461 4205 1642 4272 ponis,
1674 4207 1762 4275 qui
1791 4208 1922 4263 nihil
1955 4225 2077 4279 ege-

489 4292 615 4337 runt
639 4288 847 4355 propria
881 4291 1150 4345 voluntate
1181 4295 1291 4347 sive
1323 4295 1444 4349 boni
1484 4301 1595 4351 sive
1621 4301 1739 4352 mali
1775 4319 1788 4354 :
1823 4317 1889 4356 an
1923 4319 2076 4374 sepao

490 4392 577 4430 ras
615 4394 708 4432 eos
746 4396 773 4433 a
810 4381 1005 4450 justis,
1039 4400 1171 4454 quos
1202 4396 1376 4441 tamen
1410 4405 1436 4440 a
1477 4392 1653 4442 carnis
1690 4395 2077 4451 resurrectione

487 4468 624 4525 felici
655 4488 757 4526 non
783 4477 1048 4544 separas?
1077 4478 1252 4544 Quare
1288 4496 1414 4547 ergo
1439 4482 1702 4550 justorum
1732 4501 1953 4556 corpora
1981 4505 2074 4543 ex-

487 4565 711 4634 cepisti,
755 4569 806 4620 in
839 4570 1028 4637 quibus
1063 4571 1174 4625 lure
1205 4574 1339 4626 mala
1369 4577 1777 4631 resurrectionis
1816 4594 2079 4635 evacuan-

488 4665 575 4710 :ur
627 4658 903 4713 adventu?
952 4662 1006 4717 Si
1062 4673 1237 4719 autem
1299 4668 1499 4738 parvuli
1548 4679 1764 4740 propter
1814 4672 2073 4740 justitiam

487 4752 703 4805 secundi
735 4753 986 4822 hominis,
1011 4759 1098 4826 qui
1124 4763 1540 4828 regenerationis
1569 4773 1645 4817 est
1680 4773 1884 4829 auctor,
1909 4766 2076 4838 depu-

486 4847 809 4912 tanturjusti
841 4861 854 4909 ;
883 4862 979 4900 cur
1011 4866 1112 4902 non
1153 4861 1365 4920 propter
1395 4864 1663 4919 peccatum
1707 4858 1858 4926 primi
1901 4858 2074 4914 homi-

487 4938 569 4990 nis
593 4980 605 4999 ,
636 4939 723 5005 qui
751 4943 1108 5009 generationis
1138 4953 1218 4997 est
1257 4955 1474 5010 auctor,
1503 4948 1825 5018 deputantur
1851 4952 2078 5022 injusti?

557 5028 786 5084 CXLIX.
827 5031 944 5086 Just
984 5034 1118 5087 Ecce
1139 5051 1263 5103 ergo
1287 5036 1336 5089 iu
1360 5039 1567 5106 quantis
1598 5039 1842 5096 humana:
1874 5053 2074 5100 natura:

487 5123 843 5177 necessariam
877 5124 1075 5179 Christi
1121 5128 1433 5182 medicinam
1472 5129 1716 5185 fatemur.
1761 5134 1829 5186 At
1869 5136 1980 5188 seio
2025 5147 2075 5192 te

486 5213 895 5269 voeiferaturum
927 5259 940 5282 ,
969 5217 1160 5271 cavillo
1192 5226 1364 5272 tecum
1405 5221 1508 5290 agi.
1548 5220 1659 5275 Non
1696 5224 1836 5276 enim
1865 5224 2000 5280 hanc
2022 5237 2075 5281 le

486 5306 837 5370 medicinam,
870 5322 970 5376 qua
1001 5310 1312 5378 corporibus
1341 5312 1652 5367 subvenitur
1676 5358 1689 5380 ,
1724 5316 1814 5369 sed
1860 5319 2074 5375 nomine

486 5399 762 5453 medicinm
792 5399 1120 5470 signiﬁcasse
1159 5403 1352 5458 Christi
1380 5405 1602 5474 gratiam
1630 5448 1642 5470 ,
1675 5422 1831 5477 quam
1863 5424 1891 5463 a
1922 5411 2073 5466 nobis

485 5490 788 5546 alﬁrmabas
816 5492 1016 5562 negari.
1046 5493 1125 5547 Ad
1151 5496 1289 5564 quod
1318 5497 1626 5566 responderi
1654 5507 1826 5568 potest
1854 5501 1944 5555 tibi
1975 5502 2074 5558 hoc

485 5600 604 5640 esse
629 5586 1072 5654 adscribendum,
1112 5589 1201 5658 qui
1239 5605 1349 5645 rem
1389 5607 1545 5660 quam
1572 5593 1786 5648 volebas
1817 5595 2068 5666 intelligi,

485 5683 716 5752 propriis
752 5683 986 5742 noluisse
1034 5684 1244 5755 signare
1291 5686 1613 5741 nominibus.
1661 5688 1766 5744 Sed
1815 5690 1936 5760 quia
1986 5691 2070 5746 vel

550 5799 566 5829 ί
601 5799 916 5865 sententiain
938 5795 1081 5865 editis
1095 5799 1312 5850 mutilata
1332 5808 1408 5852 est
1431 5803 1522 5852 hoc
1543 5801 1698 5854 altero
1721 5805 1958 5865 membro,
1984 5806 2070 5856 sed

484 5857 912 5926 cmmnia,_._sicut
927 5861 1155 5926 scriptum
1172 5870 1258 5923 est,
1278 5878 1389 5914 cum
1413 5865 1676 5920 hominibus
1695 5865 1920 5919 alimenta
1943 5857 2071 5918 sum-

484 5929 669 5986 ptui-as.
696 5923 1063 5986 Redintegratur
1083 5926 1263 5977 auxilio
1287 5934 1392 5978 Mss.
1911 5937 1913 5940 ‘

1173 393 1417 452 OPERIS
1458 394 1861 454 IMPERFECTI
1889 393 2166 453 CONTRA
2203 389 2569 463 JULIANUM,
2611 395 2671 452 S.
2711 394 3078 454 AUGUSTINI

3631 405 3769 461 1308

2197 506 2344 561 tarde
2371 507 2691 564 intellectum
2715 521 2816 579 est,
2840 528 2995 582 quam
3019 513 3224 569 diceres
3251 516 3586 594 medicinam,
3617 536 3778 590 quam

2192 602 2410 658 Confusc
2452 619 2549 659 nos
2585 622 2776 677 negare
2807 609 3058 663 mentitus
3087 625 3205 665 eras
3235 626 3249 676 ;
3282 612 3700 683 respondeamus
3728 621 3785 671 et

2191 694 2256 748 ad
2287 695 2387 751 hoc
2413 699 2554 768 quod
2595 701 2828 756 secundo
2857 700 3110 770 intulisti,
3149 705 3284 758 sicut
3321 714 3374 761 et
3401 708 3576 779 primo
3617 725 3784 778 opere

2193 789 2466 856 protestati
2499 807 2681 845 sumus
2709 810 2722 846 :
2755 809 2852 846 nos
2881 796 3104 864 gratiam
3127 796 3354 862 Christi,
3388 800 3437 854 id
3467 811 3568 867 est,
3601 801 3785 872 Bapti-

2191 893 2304 932 sma
2329 921 2343 944 ,
2374 895 2438 933 ex
2465 897 2570 951 quo
2601 883 2757 937 ritum
2789 884 2903 957 ejus
2928 885 3172 942 Christus
3203 889 3430 946 instituit
3450 935 3464 958 ,
3497 893 3565 947 ita
3595 911 3786 949 neces-

2191 969 2382 1024 sariam
2424 975 2670 1028 omnihus
2710 976 2760 1030 in
2791 992 3072 1033 commune
3119 981 3361 1036 aetatibus
3399 986 3680 1054 conﬁteri,
3729 999 3784 1043 ut

2190 1062 2507 1133 quicumque
2540 1081 2656 1120 eam
2685 1068 2866 1122 utilem
2895 1071 3051 1125 etiam
3084 1074 3316 1142 parvulis
3347 1085 3531 1146 negat,
3578 1059 3784 1134 artemo

2189 1152 2439 1209 feriamus
2463 1158 2818 1215 anathemate.
3092 1153 3096 1164 ’

2260 1245 2392 1304 Anc.
2442 1250 2516 1304 De
2554 1253 2811 1307 medicina
2866 1255 3102 1325 agimus,
3141 1273 3245 1326 quo
3287 1260 3498 1315 nomine
3535 1263 3782 1320 Christus

2188 1341 2406 1410 gratiam
2444 1357 2590 1396 suam
2624 1347 2800 1400 vocari
2835 1347 3026 1412 voluit,
3062 1349 3147 1402 ubi
3176 1351 3249 1404 ait
3279 1351 3348 1406 de
3379 1368 3435 1406 se
3467 1354 3613 1424 ipso,
3663 1355 3782 1411 Non

2188 1444 2260 1488 est
2297 1451 2424 1506 apris
2460 1438 2597 1491 sanis
2625 1439 2848 1493 medicus
2876 1482 2890 1504 ,
2933 1443 3021 1495 sed
3054 1443 3187 1496 male
3229 1444 3518 1500 habentibus
3544 1449 3562 1519 (
3593 1447 3779 1504 Matth.

2189 1541 2274 1589 tx,
2308 1527 2430 1600 12).
2464 1527 2569 1582 Vos
2605 1539 2780 1584 autem
2819 1532 3039 1601 gratiam
3082 1533 3274 1589 Christi
3309 1552 3414 1590 non
3444 1550 3663 1610 propter
3695 1557 3781 1594 sa-

2189 1619 2391 1673 nandos
2420 1622 2665 1691 parvulos
2687 1666 2699 1684 ,
2739 1624 2830 1678 sed
2861 1635 3076 1694 propter
3102 1627 3433 1696 adoptandos
3472 1632 3521 1685 in
3556 1649 3779 1703 regnum

2188 1709 2282 1763 Dei
2328 1713 2693 1768 tantummodo
2742 1716 2820 1768 eis
2863 1716 3034 1772 dicitis
3081 1720 3454 1776 necessariam.
3495 1723 3613 1778 Noli
3655 1742 3783 1795 ergo

2189 1809 2240 1855 te
2266 1804 2670 1871 respondentem
2705 1805 2911 1876 facere,
2943 1809 3032 1864 ubi
3063 1810 3213 1867 vides
3239 1820 3292 1867 te
3315 1815 3643 1884 respondere
3676 1833 3780 1872 non

2189 1910 2365 1963 posse.

2259 1987 2361 2042 CL.
2391 1988 2507 2044 JUL.
2541 1990 2689 2058 Quod
2721 2006 2840 2046 cum
2873 1991 3046 2048 lucida
3069 1995 3398 2069 professione
3423 1999 3776 2069 inculcemns,

2186 2079 2457 2132 convictus
2498 2096 2556 2134 es
2599 2091 2653 2136 tu
2700 2083 2922 2152 publicm
2959 2083 3221 2151 falsitatis,
3251 2088 3337 2159 qui
3366 2090 3554 2145 scribis
3583 2092 3720 2147 adeo
3747 2109 3776 2147 a

2187 2169 2338 2224 nobis
2367 2170 2556 2226 bonam
2585 2173 2796 2229 defendi
2825 2175 3096 2231 hominum
3128 2187 3401 2247 naturam,
3434 2190 3492 2236 ut
3532 2199 3680 2239 sanae
3725 2186 3773 2240 in

2187 2261 2472 2316 infantibus
2496 2265 2512 2296 ί
2544 2281 2796 2336 negemus
2825 2268 3020 2323 Christi
3050 2276 3406 2327 necessariam
3433 2275 3772 2332 medicinam.

2257 2355 2390 2409 Ave.
2442 2354 2636 2410 Verum
2682 2357 2788 2413 dixi
2825 2378 2836 2412 :
2875 2361 3190 2417 medicinam
3234 2366 3428 2436 quippe
3470 2367 3774 2425 christiana:

2183 2445 2388 2514 gratim,
2413 2462 2530 2517 qua:
2561 2463 2665 2503 non
2683 2450 2954 2506 confertur
2974 2454 3072 2507 nisi
3099 2454 3434 2521 Christianis,
3464 2476 3571 2514 non
3594 2473 3772 2516 autem

2185 2540 2432 2594 omnibus
2471 2541 2772 2598 hominibus
2810 2546 2969 2600 etiam
3014 2548 3332 2613 inﬁdelibus,
3361 2562 3415 2606 et
3445 2557 3663 2623 insuper
3689 2571 3774 2610 ca-

2185 2631 2325 2686 tellis
2374 2642 2534 2704 atque
2583 2637 2863 2705 porcellis,
2912 2640 3176 2704 pisciculis
3220 2650 3378 2714 atque
3427 2646 3772 2718 vermiculis,

2185 2725 2437 2794 omnique
2488 2728 2668 2794 generi
2713 2729 3178 2801 qualiumcumque
3234 2734 3617 2799 animantium,
3660 2739 3774 2796 sine

2183 2813 2344 2870 dubio
2374 2820 2604 2886 parvulis
2629 2820 2903 2892 denegatis
2923 2865 2937 2887 ,
2967 2839 3102 2894 quos
3130 2826 3310 2896 utique
3334 2829 3450 2883 sine
3477 2830 3587 2885 ullo
3608 2831 3771 2902 origi-

2185 2907 2267 2961 nis
2301 2920 2482 2977 reatu,
2526 2913 2614 2982 qui
2646 2917 3050 2984 regeneratione
3081 2929 3317 2985 sanatur,
3343 2931 3629 2990 generatos
3657 2939 3773 2990 esse

2184 3002 2524 3058 contenditis.
2571 3005 2718 3060 Unde
2750 3017 2802 3060 tu
2828 3007 2987 3061 modo
3010 3023 3228 3079 magnas
3253 3025 3441 3080 passus
3475 3015 3769 3082 angustias,

2183 3095 2457 3152 detraxisti
2504 3100 2780 3154 medicinae
2824 3117 3038 3170 nomen,
3075 3113 3128 3157 et
3171 3106 3493 3176 supposuisti
3535 3109 3769 3178 gratiae:

2185 3181 2303 3248 quia
2355 3184 2576 3252 gratiam
2637 3197 2853 3255 propter
2904 3188 3244 3258 adoptionem
3303 3193 3531 3260 parvulis
3583 3210 3770 3251 neces-

2184 3276 2374 3328 sariam
2420 3277 2598 3331 dicere
2629 3279 2882 3348 potestis;
2922 3281 3238 3336 medicinam
3280 3299 3400 3338 vero
3437 3287 3549 3352 eis,
3581 3287 3771 3357 quibus

2184 3377 2434 3420 aeternam
2457 3368 2699 3434 salutem,
2721 3371 2929 3425 etiamsi
2950 3372 3223 3428 christiani
3246 3391 3351 3430 non
3377 3377 3521 3445 ﬁant,
3550 3385 3771 3448 promit-

2187 3470 2294 3516 tere
2324 3462 2547 3527 audetis,
2579 3479 2674 3532 per
2697 3464 3038 3520 Sacramenta
3070 3466 3267 3522 Christi
3295 3471 3659 3526 necessariam
3690 3473 3770 3528 di-

2184 3569 2306 3608 cere
2343 3571 2447 3607 non
2475 3557 2738 3628 potestis.
2782 3557 3050 3615 Christum
3103 3562 3298 3630 quippe
3339 3562 3442 3616 illis
3482 3580 3590 3618 non
3622 3566 3774 3621 vultis

2183 3660 2301 3699 esse
2338 3645 2518 3700 Jcsum
2553 3664 2566 3700 :
2593 3649 2733 3718 quod
2761 3649 2880 3704 ideo
2913 3659 3148 3718 vocatur,
3179 3662 3315 3708 teste
3337 3656 3530 3726 angelo
3549 3659 3598 3726 ³,
3644 3667 3775 3716 teste

2185 3737 2508 3808 Evangelio,
2538 3742 2660 3808 quia
2701 3742 2902 3797 salvum
2945 3743 3067 3798 facit
3110 3747 3360 3816 populum
3406 3763 3588 3819 suum,
3617 3767 3722 3806 non
3747 3769 3774 3806 a

2183 3831 2384 3886 morbis
2429 3839 2588 3902 atque
2629 3836 2938 3891 vulneribus
2979 3839 3175 3904 carnis,
3210 3842 3470 3912 a,quibus
3507 3846 3775 3915 quoslibet

2184 3922 2427 3980 homines
2453 3935 2507 3981 et
2529 3928 2781 3997 qualibet
2807 3932 3035 3986 volatilia
3065 3941 3224 4004 atque
3253 3937 3457 4007 reptilia
3484 3949 3660 4009 sanat,
3684 3942 3774 3998 sed

2183 4033 2212 4073 a
2239 4020 2469 4088 peccatis
2493 4037 2677 4077 eorum
2709 4023 2920 4093 (Matth.
2954 4027 3126 4098 1,2l).

2253 4109 2379 4164 CLI.
2411 4111 2529 4166 Jus.
2559 4113 2689 4182 Quze
2719 4123 2892 4172 tamen
2914 4119 3100 4186 gratia,
3129 4121 3376 4188 quoniam
3403 4122 3567 4177 etiam
3596 4125 3770 4181 medi-

2183 4201 2299 4254 cina
2325 4202 2535 4266 dicitur,
2568 4205 2712 4258 salva
2753 4206 2867 4275 lege
2904 4208 3123 4278 justitiae
3165 4209 3291 4267 facit
3327 4215 3459 4268 alios
3498 4231 3567 4270 ex
3621 4219 3775 4273 malis

2185 4291 2382 4357 bonos;
2418 4297 2664 4363 parvulos
2694 4309 2871 4354 autem
2909 4316 3042 4370 quos
3079 4313 3225 4358 creat
3265 4305 3544 4362 condendo
3582 4308 3773 4377 bonos,

2184 4385 2356 4440 reddit
2383 4386 2683 4442 iunovando
2711 4391 3120 4463 adoptandoque
3140 4395 3408 4451 meliores.

2257 4481 2389 4535 Avo.
2434 4480 2574 4550 Ergo
2601 4483 2742 4551 quod
2767 4484 2842 4538 ait
2871 4484 2986 4553 ipse
3017 4484 3189 4552 Jesus,
3228 4486 3346 4542 Non
3377 4499 3449 4544 est
3477 4508 3608 4560 opus
3637 4493 3779 4548 sanis

2183 4571 2533 4641 medicus,sed
2561 4575 2936 4644 wgrotamibus,
2957 4588 3213 4648 quantum
3241 4582 3428 4635 attinet
3453 4583 3518 4637 ad
3552 4585 3775 4640 medici-

2185 4681 2327 4732 nam,
2358 4683 2476 4736 qua:
2527 4668 2655 4722 solis
2695 4669 3013 4725 Christianis
3061 4675 3326 4743 prtebetur
3369 4692 3398 4730 a
3453 4678 3690 4745 Christo,
3723 4681 3775 4736 in

2185 4761 2416 4827 parvulis
2444 4761 2631 4818 falsum
2663 4772 2764 4830 est,
2793 4780 2926 4834 quos
2951 4774 3005 4822 et
3033 4782 3193 4823 sanos
3220 4784 3354 4832 esse,
3389 4780 3442 4825 et
3467 4773 3570 4838 eis,
3601 4784 3659 4827 ut
3686 4774 3780 4829 de-

2183 4854 2360 4908 vitetis
2398 4854 2672 4937 invidiam,
2721 4855 3038 4912 medicinam
3079 4859 3419 4916 christianam
3461 4864 3640 4921 dicitis
3684 4884 3776 4923 ne-

2183 4945 2489 5002 cessariam.
2539 4947 2818 5015 Quomodo
2857 4959 3033 5005 autem
3084 4954 3302 5008 innovat
3338 4956 3602 5020 Christus,
3638 4974 3776 5030 quos

2183 5055 2367 5104 novos,
2396 5056 2426 5096 a
2469 5043 2742 5098 nativitate
2784 5045 3183 5101 recentissimos
3205 5047 3246 5114 ³,
3289 5049 3509 5117 invenit,
3549 5053 3596 5106 si
3642 5055 3773 5108 nihil

2181 5135 2399 5190 trahunt
2434 5135 2502 5190 de
2538 5145 2800 5192 vetustate
2846 5139 3081 5207 peccati?
3113 5139 3193 5194 An
3231 5140 3472 5197 dicturus
3511 5159 3571 5198 es
3609 5145 3771 5201 etiam

2181 5243 2285 5283 non
2316 5237 2468 5283 vetus
2504 5229 2701 5298 aliquid
2744 5230 3002 5298 innovari,
3037 5248 3156 5287 cum
3196 5234 3341 5306 legas
3381 5237 3446 5291 ad
3491 5238 3769 5309 Hebraeos,

2185 5323 2402 5389 Quando
2441 5321 2534 5376 hoc
2579 5322 2700 5376 dicit
2743 5339 2948 5391 novum,
2980 5335 3117 5380 uetus
3155 5329 3269 5400 fecit
3308 5330 3524 5398 primum
3562 5335 3580 5402 (
3612 5332 3769 5390 Hebr.

2179 5432 2292 5477 vm,
2330 5415 2443 5484 15)?
2476 5415 2568 5469 Dic
2597 5430 2724 5483 ergo
2749 5415 2891 5470 unde
2915 5417 3021 5472 sint
3045 5427 3255 5474 veteres
3285 5422 3442 5477 modo
3473 5427 3604 5491 nati,
3637 5442 3771 5496 quos

2180 5509 2312 5564 dicis
2336 5523 2494 5564 sanos
2521 5523 2552 5563 a
2576 5517 2837 5565 vetustate
2864 5511 3087 5580 peccati.
3137 5514 3203 5568 Et
3232 5523 3405 5571 tamen
3433 5518 3498 5572 ad
3526 5519 3768 5591 indigna-

2183 5603 2379 5657 tionem
2414 5617 2663 5658 verorum
2703 5601 3126 5661 Christianorum
3153 5597 3463 5677 cavendam,
3493 5627 3522 5665 a
3549 5611 3764 5669 Christo

2243 5805 2259 5870 1
2293 5805 2365 5870 sic
2382 5812 2487 5854 MSS.
2512 5809 2566 5853 At
2588 5804 2745 5870 Ἥκω,
2770 5809 2822 5855 ut
2841 5817 2956 5857 sane
2975 5804 3250 5870 inﬁmwm.

2240 5869 2262 5931 ρ
2294 5868 2453 5929 vitm,
2483 5868 2706 5931 ammte.
2733 5875 2788 5931 at
2811 5875 2937 5928 uss,
2961 5868 3146 5931 uirgato.

2243 5930 2264 5962 ³
2297 5928 2454 5996 vign.,
2497 5928 2952 5995 recentissimosque.
2989 5928 3159 5994 Abest,
3205 5946 3312 5998 que,
3357 5947 3386 5984 a
3407 5940 3514 5988 Mss.
