3950 6470
211 468 352 528 1509

208 599 300 642 eos
318 581 547 639 simulas
572 577 832 641 innovari.
862 576 1143 632 Postremo
1165 571 1309 630 aliud
1328 579 1411 629 est
1434 570 1633 636 sanari,
1651 566 1796 624 aliud

206 678 453 735 mnovari
479 696 494 733 :
522 684 739 748 propter
756 671 1026 729 sanandos
1048 669 1274 733 curatio,
1304 674 1518 737 propter
1539 664 1798 719 innovan-

208 771 304 823 dos
335 767 650 826 instauratio
678 763 979 821 necessaria
1001 772 1107 817 est.
1152 757 1488 815 Manifestum
1513 764 1593 811 est
1618 755 1794 824 igitur,

206 859 459 916 haeresim
488 868 718 915 vestram
742 855 976 930 parvulis
997 867 1216 924 prorsus
1239 849 1584 907 christianam
1606 862 1801 918 negare

206 953 552 1009 medicinam.

275 1045 432 1102 CLII.
465 1046 585 1104 Jun.
628 1044 765 1101 Ecce
794 1057 924 1113 ergo
948 1041 1163 1113 planum
1190 1047 1292 1105 est,
1327 1051 1424 1096 nos
1456 1033 1655 1092 Christi
1679 1048 1802 1102 gra-o

164 1134 167 1135 ⁷
208 1138 335 1195 tiam
368 1137 551 1191 utilem
577 1135 807 1206 parvulis
833 1149 937 1188 non
969 1146 1163 1201 negare
1192 1149 1204 1183 :
1238 1128 1363 1200 quid
1396 1127 1553 1197 igitur
1581 1126 1799 1179 centro-

208 1229 401 1291 νεικείω
425 1226 701 1286 remansit.
732 1233 947 1294 propter
970 1222 1110 1293 quod
1145 1235 1239 1277 uois
1267 1218 1633 1281 Traducianus
1661 1230 1802 1269 erro-

207 1321 281 1385 ris
312 1320 611 1385 insimulat,
640 1316 885 1375 videlicet
903 1314 1027 1385 quia
1057 1329 1164 1371 non
1203 1311 1489 1371 annuimus
1518 1306 1647 1363 Adze
1681 1306 1801 1375 (ιιιὶε

210 1414 330 1477 dem
368 1413 589 1475 bonam.
636 1411 730 1469 sed
773 1409 1010 1473 omnium
1055 1407 1328 1463 hominum
1367 1404 1561 1460 malam
1612 1401 1802 1455 factam

210 1521 328 1561 esse
361 1502 643 1567 naturain?
672 1502 784 1559 Hoc
807 1516 937 1559 sane
962 1515 1066 1557 non
1095 1499 1270 1554 solum
1300 1511 1398 1551 nos
1426 1510 1530 1551 non
1548 1508 1799 1558 annucre,

210 1616 399 1657 verum
440 1598 601 1657 etiam
631 1608 687 1657 et
711 1597 932 1655 summis
959 1593 1160 1651 viribus
1191 1592 1499 1663 impugnare
1530 1588 1803 1659 proﬁteor.

209 1692 461 1748 “eunetis
515 1691 673 1762 igitur
722 1689 826 1744 illis
874 1687 1246 1757 ﬁgmentorum
1303 1694 1514 1739 tuorum
1570 1678 1806 1735 distortis

210 1785 492 1855 pueriliter
531 1783 765 1848 retibus,
797 1790 854 1837 et
878 1779 1181 1850 vulgar-ibus
1217 1775 1438 1839 maniis,
1481 1772 1673 1844 quibus
1712 1787 1804 1827 su-
1852 1770 1855 1771 ⁷

211 1876 470 1937 surrabas
509 1890 607 1931 nos
657 1872 856 1933 Christi
897 1872 1122 1944 gratiam
1159 1884 1356 1940 negare
1383 1866 1681 1929 cunabulis,
1715 1880 1805 1919 su-

211 1985 306 2039 per
330 1968 437 2023 hoc
457 1966 866 2038 congrediamur
884 2003 899 2030 ,
938 1964 988 2021 in
1010 1979 1117 2034 quo
1137 1970 1219 2019 est
1247 1976 1453 2019 summa
1477 1955 1806 2013 certaminis.

211 2060 291 2116 Eo
322 2062 490 2131 igitur
513 2059 702 2119 ordine
740 2072 901 2128 quem
943 2054 1161 2125 promisi
1192 2053 1339 2124 (quia
1363 2051 1475 2122 jam
1504 2058 1682 2107 nostra
1712 2047 1808 2103 dce

212 2153 409 2224 tendi),
433 2150 730 2216 Mattichtt‘i,
753 2150 839 2207 cui
861 2158 912 2205 te
931 2146 1202 2207 adversari
1223 2144 1533 2208 simulabas,
1556 2152 1612 2198 et
1636 2149 1808 2197 vestra

212 2263 373 2304 sensa
406 2260 713 2319 pensemus.

282 2344 426 2401 Aue.
458 2340 648 2399 Vestra
672 2354 775 2405 non
805 2334 1119 2403 defendisti,
1148 2332 1244 2391 sed
1267 2330 1485 2389 delendi
1515 2344 1624 2387 non
1652 2341 1811 2398 posse

214 2434 553 2495 monstrasti.

286 2524 475 2589 CLIII.
502 2524 623 2585 Jun.
652 2523 742 2585 Ille
760 2537 891 2594 ergo
905 2521 1055 2589 dicit,
1070 2535 1101 2577 ιι
1125 2518 1359 2590 principe
1380 2516 1742 2581 tenebrarum,
1761 2514 1812 2571 id

216 2626 319 2687 est,
350 2627 574 2679 auctore
598 2618 739 2684 ntali,
770 2617 836 2675 de
864 2616 1086 2675 duarum
1106 2611 1486 2680 commixtione
1508 2619 1813 2669 naturarum

216 2714 375 2773 bona:
401 2724 459 2771 et
488 2713 665 2781 malm,
696 2713 968 2775 hominem
990 2717 1229 2765 creatum
1259 2706 1439 2763 fuisse.
1471 2705 1550 2761 Tu
1577 2704 1703 2775 quid
1729 2703 1815 2759 di-

218 2809 329 2865 cis?
383 2809 430 2867 Α
464 2808 577 2864 Deo
599 2805 814 2878 quidem
845 2804 1005 2870 bene,
1040 2801 1137 2858 sed
1163 2815 1350 2858 ornnes
1371 2798 1621 2855 homines
1645 2796 1818 2852 malos

218 2902 413 2958 creari.

289 2997 431 3052 Anu.
475 2992 531 3048 In
558 2991 774 3048 homine
806 2998 931 3046 nato
966 2996 1022 3045 et
1057 2996 1244 3045 natura
1263 2993 1370 3053 est,
1400 2998 1560 3056 quam
1590 2996 1697 3039 non
1724 2996 1819 3037 ne-

218 3101 312 3158 gas
356 3086 581 3150 bonum,
608 3084 676 3139 de
718 3098 824 3154 quo
867 3081 1144 3139 laudamus
1187 3085 1487 3135 creatorem
1531 3076 1730 3140 Deum;
1762 3080 1821 3131 et

219 3177 431 3241 vitium,
466 3174 608 3245 quod
640 3191 746 3230 non
776 3188 939 3243 negas
967 3172 1196 3236 malum,
1225 3169 1272 3225 si
1300 3169 1383 3224 vel
1415 3178 1630 3238 pressus
1648 3165 1816 3221 conli-
1841 3192 1847 3198 ι

221 3271 353 3327 teris
388 3269 750 3324 necessarium
794 3265 1025 3336 parvulis
1059 3262 1324 3319 medicum
1356 3260 1654 3323 Christum;
1683 3271 1817 3327 quos

220 3363 391 3428 niam,
424 3358 549 3416 Non
583 3369 655 3415 est
692 3356 1001 3415 necessarius
1037 3354 1175 3411 sanis
1210 3350 1450 3414 medicus,
1480 3348 1727 3409 eumdem
1753 3346 1821 3402 de

221 3472 279 3514 se
304 3459 427 3528 ipso
456 3454 656 3511 dixisse
687 3466 882 3522 negare
904 3466 1011 3506 non
1042 3457 1193 3518 potes
1221 3445 1514 3523 Christum.

291 3548 481 3606 CLIV.
510 3546 628 3603 .IUL.
679 3545 821 3601 inter
846 3551 896 3597 te
922 3538 1346 3598 ct'Manichmum
1379 3538 1553 3607 itaque
1583 3534 1726 3593 nulla
1754 3533 1823 3593 de

224 3642 488 3715 qualitate
516 3646 739 3703 usurae,
778 3633 875 3695 sed
914 3633 982 3693 de
1020 3632 1136 3691 solo
1171 3636 1257 3687 est
1286 3638 1505 3691 auctore
1535 3625 1819 3691 dissensio.

223 3733 340 3791 Hoc
366 3732 515 3789 enim
543 3731 741 3789 malum
781 3735 837 3791 tu
882 3727 991 3785 Deo
1026 3730 1264 3793 reputas,
1291 3735 1450 3790 quem
1482 3718 1821 3788 parvulorum

224 3837 530 3884 creatorem
567 3820 769 3886 fateris,
794 3818 935 3890 quod
971 3815 1293 3880 Manichacus
1321 3810 1541 3882 principi
1573 3808 1822 3871 tenebra-

223 3936 369 3985 rum,
398 3932 562 3990 quem
602 3922 804 3973 naturae
849 3911 1093 3967 humanae
1125 3904 1456 3965 conditorem
1494 3900 1713 3972 putavit.
1741 3898 1822 3957 Ad

224 4008 641 4069 instaurandum
663 4005 823 4076 igitur
849 4001 1047 4075 fmdns,
1070 4014 1176 4055 non
1202 3995 1402 4068 grande
1431 3993 1584 4053 vobis
1606 4007 1823 4057 reman-

224 4106 295 4160 sit
321 4100 685 4162 ubstaculum,
721 4096 842 4153 Mox
879 4105 1054 4157 tamen
1092 4089 1323 4155 docebo,
1361 4085 1500 4157 apud
1540 4094 1828 4155 utrumque

224 4207 467 4255 vestrum
513 4178 614 4249 etsi
644 4188 880 4253 veritatis
905 4184 1124 4255 vestigia
1167 4181 1308 4247 nulla
1333 4180 1639 4244 videantur,
1684 4177 1824 4243 illius

225 4298 411 4344 tamen
439 4285 608 4356 magis
631 4298 790 4354 quam
823 4290 927 4344 tua,
959 4279 1173 4343 sibimet
1196 4275 1335 4333 dicta
1366 4274 1671 4331 concinere.
1716 4269 1825 4326 Nos

226 4398 391 4458 porro
414 4379 545 4452 quid
570 4375 829 4441 dicimus?
858 4374 986 4437 Sine
1012 4371 1172 4435 dubio
1198 4368 1339 4441 quod
1362 4368 1569 4437 utrique
1589 4373 1826 4458 vestrum

225 4455 512 4545 repugnet,
543 4469 592 4525 id
623 4477 724 4537 est,
754 4481 854 4530 nec
880 4480 911 4529 a
941 4465 1082 4527 bono
1112 4462 1224 4527 Deo
1250 4460 1462 4525 malam,
1494 4472 1593 4519 nec
1623 4472 1649 4510 a
1682 4455 1827 4526 prius

225 4571 350 4641 cipe
394 4565 741 4629 tenebrarum
780 4561 937 4619 aliam
968 4558 1046 4621 rel
1081 4556 1295 4623 iactam,
1322 4553 1406 4615 vel
1435 4550 1780 4617 commirtam
1807 4549 1824 4580 ί

226 4677 354 4718 esse
404 4668 692 4721 naturam;
746 4652 842 4717 sed
889 4666 1052 4719 unum
1111 4649 1279 4713 Deum
1332 4655 1604 4707 auctorem
1649 4658 1828 4709 rerum

226 4753 498 4819 omnium,
526 4749 720 4809 bonam
741 4745 1015 4810 hominum
1038 4756 1145 4809 non
1170 4739 1341 4799 solum
1365 4736 1554 4792 fecisse
1578 4735 1825 4806 primum,

227 4846 327 4904 sed
357 4845 522 4901 etiam
548 4840 724 4897 facere
752 4839 802 4905 in
830 4848 1148 4907 unoquoque
1176 4838 1426 4897 nascente
1451 4836 1694 4895 naturam
1716 4826 1829 4883 :cui

226 4950 419 4995 tamen
459 4931 721 4991 creatoris
754 4929 837 4993 sui
876 4926 1309 4998 epitulationem,
1345 4928 1402 4975 ut
1440 4919 1621 4977 multis
1659 4917 1832 4973 modis

226 5033 447 5095 utilem,
473 5029 549 5087 ita
574 5026 734 5083 etiam
762 5019 1117 5089 necessariam
1149 5014 1482 5089 proﬁtemur.
1519 5012 1830 5081 Quanquam

227 5128 339 5184 alia
369 5130 457 5182 est
475 5119 839 5183 conditionum
865 5114 1023 5179 ratio,
1053 5110 1156 5175 alia
1181 5108 1475 5172 donorum;
1499 5118 1597 5160 nec
1618 5103 1704 5159 hic
1724 5118 1836 5158 ma-

225 5223 320 5295 jor
363 5216 568 5291 operis,
612 5226 770 5284 quam
818 5206 1024 5280 opiﬁcis,
1060 5201 1342 5273 msiimatio
1370 5200 1612 5255 vertitur.
1664 5196 1836 5255 Ambo

230 5290 403 5388 igitur
452 5320 508 5366 tu
552 5316 606 5364 et
646 5304 986 5365 Manichacus,
1019 5299 1216 5370 pariter
1244 5295 1442 5351 malum
1474 5291 1713 5348 naturale
1739 5290 1833 5355 ﬁr-

231 5384 425 5472 matis,
454 5402 508 5458 id
537 5408 639 5468 est,
665 5396 823 5463 ambo
853 5403 1095 5457 naturam
1140 5388 1333 5457 malum
1374 5384 1649 5443 hominum
1686 5398 1838 5457 atque

231 5495 422 5555 dicitis
450 5512 467 5551 :
493 5491 588 5550 sed
616 5490 707 5559 ilic
743 5486 968 5553 ﬁdelius,
1002 5491 1058 5545 tu
1086 5478 1490 5549 fraudulentius.
1537 5477 1670 5539 lluic
1693 5476 1837 5543 enim

233 5592 385 5651 male
406 5629 425 5657 ,
453 5585 597 5659 quod
625 5582 937 5655 inspiratum
971 5592 1003 5633 a
1037 5574 1248 5633 diabolo
1277 5572 1569 5639 visceribus
1594 5568 1841 5629 humanis

233 5683 453 5759 pariter
491 5673 847 5742 arbitramini,
892 5670 1087 5727 nullius
1121 5677 1297 5724 ortum
1342 5665 1429 5720 ille
1471 5662 1717 5719 subducit
1746 5679 1759 5715 :
1788 5670 1841 5716 tu

203 5757 452 5846 iactam,
478 5779 541 5829 ut
563 5768 794 5827 videaris
830 5767 1011 5838 aliquo
1051 5764 1273 5829 diatam,
1300 5758 1442 5846 quod
1488 5757 1692 5813 "unum
1737 5765 1840 5825 εει,

628 5864 763 5922 duos
800 5827 1046 5917 homines
1077 5827 1286 5925 conaris
1313 5827 1578 5923 eximere;
1618 5863 1844 5922 quorum

339 6008 449 6060 ἐἰς
470 6014 576 6059 ιιι.
599 6012 657 6056 at
678 6001 834 6066 vign.,
858 5992 1182 6061 maritimo

1532 449 1737 511 ΗΒΕ.ιῖ
1773 447 2089 519 TERTIUS.

3348 450 3488 510 1510

1903 582 2009 622 non
2037 574 2215 623 nmen
2243 582 2504 639 personas
2529 584 2559 625 a
2589 579 2806 640 peccato
2831 571 3048 640 liberas,
3079 569 3177 628 sed
3207 571 3487 644 (provectu

1905 659 2209 716 cruditioris
2243 662 2481 733 ingenii)
2523 662 2656 719 dicis
2684 663 2738 719 ie
2766 664 2870 720 illis
2899 679 3005 720 non
3032 665 3194 721 luisse
3223 663 3486 726 naturale,

1906 753 2046 821 quod
2073 769 2169 824 per
2194 755 2316 811 illos
2344 766 2519 813 tamen
2542 759 2784 815 naturale
2810 757 3007 814 factum
3032 774 3152 815 esse
3176 758 3488 830 persuades.

1906 844 2001 910 Ita,
2030 861 2098 901 ne
2123 847 2206 903 vel
2242 850 2396 904 isthic
2436 849 2580 906 fraus
2624 852 2898 922 impunita
2925 861 3247 918 remaneret,
3290 851 3487 907 furtum

1906 938 2047 1007 quod
2077 940 2332 1010 magistro
2376 951 2467 996 tuo
2510 942 2731 1007 feceras,
2755 944 2993 999 stultitiae
3029 943 3306 1013 castigavit
3345 942 3491 1012 adje‘
3546 928 3557 939 ’

1905 1031 2033 1085 ctio.
2084 1031 2215 1088 Nam
2252 1034 2474 1091 credere
2504 1037 2767 1100 naturale,
2800 1039 2940 1107 quod
2968 1035 3181 1090 fatearis
3206 1034 3276 1090 de
3304 1034 3493 1089 volun~

1909 1132 2015 1179 tate
2036 1136 2358 1195 susceptum,
2389 1144 2495 1183 non
2522 1128 2643 1183 dico
2670 1129 2968 1195 ineruditae,
2997 1129 3091 1183 sed
3113 1127 3276 1182 ebriae
3300 1126 3494 1182 mentis

1908 1215 2181 1272 inventum
2210 1226 2311 1273 est.
2344 1219 2535 1277 Verum
2566 1220 2692 1275 hinc
2727 1213 2878 1284 alias,
2919 1236 3059 1275 nunc
3097 1217 3308 1285 interim
3341 1216 3492 1272 rem‘

1910 1323 2230 1378 premamus.
2262 1308 2507 1367 Aflirmat
2527 1328 2656 1383 ergo
2685 1312 3009 1368 Manichmus
3031 1312 3229 1371 malum
3258 1324 3381 1365 esse
3404 1323 3498 1363 na-

1911 1402 2099 1465 turale,
2131 1412 2188 1459 tu
2213 1405 2404 1460 annuis
2431 1406 2595 1461 :dicit
2627 1417 2838 1476 peccata
2859 1406 3024 1471 nasci,
3049 1415 3102 1459 tu
3124 1405 3194 1460 ita
3224 1418 3345 1459 esse
3368 1418 3495 1457 conv

1909 1496 2081 1551 sentis
2111 1515 2123 1550 :
2152 1496 2278 1552 dicit
2318 1498 2509 1553 malam
2546 1508 2787 1554 naturam
2831 1499 3128 1565 hominum,
3160 1498 3262 1553 hoc
3289 1512 3501 1566 quoque

1910 1589 2199 1645 conﬁrmas
2231 1607 2244 1643 :
2275 1589 2402 1645 dicit
2430 1592 2665 1645 omnium
2698 1606 2943 1662 prorsus,
2971 1591 3060 1646 hic
3087 1590 3311 1655 resimis,
3342 1599 3501 1658 atque

1910 1680 2053 1736 illam
2083 1682 2304 1750 primum
2334 1681 2558 1737 duorum
2586 1682 2860 1737 hominum
2889 1681 3134 1752 copulam
3175 1677 3499 1750 sequestrari

1910 1774 2068 1845 prtia,
2101 1790 2231 1830 sane
2256 1775 2394 1845 quod
2412 1776 2432 1806 ’
2467 1791 2564 1830 nec
2592 1776 2734 1845 ipsos
2760 1774 2993 1831 vindices
3014 1790 3044 1828 a
3066 1783 3235 1840 reatu,
3258 1773 3500 1843 quinimo
3552 1806 3557 1811 -

1911 1864 2145 1923 afﬁrmes
2183 1867 2306 1922 mali
2349 1857 2604 1923 naturalis
2639 1877 2908 1923 auctores.
2942 1867 2996 1922 ld
3022 1868 3069 1922 si
3088 1878 3141 1921 et
3171 1881 3267 1921 nos
3297 1866 3388 1920 tibi
3416 1865 3502 1919 in—

1912 1958 2132 2029 dulgere
2177 1961 2463 2030 possimus,
2494 1970 2669 2015 tamen
2714 1969 2836 2019 tuus
2885 1976 2992 2014 non
3036 1958 3181 2015 dabit
3229 1958 3501 2028 magister,

1912 2052 2039 2121 quin
2070 2051 2209 2107 forte
2226 2054 2386 2108 etiam
2414 2052 2599 2108 ferulis
2626 2052 2677 2107 in
2707 2051 2913 2107 tardum
2944 2049 3329 2106 animadvertet
3356 2048 3506 2118 inge-

1913 2145 2090 2211 nium;
2137 2146 2207 2201 ita
2250 2155 2309 2202 ut
2349 2145 2704 2202 tibi-necesse
2740 2145 2810 2201 sit
2850 2152 2941 2201 aut
2968 2142 3272 2199 auctoritati
3298 2141 3506 2210 acquie-

1914 2251 2087 2304 scere,
2109 2246 2202 2293 aut
2228 2236 2439 2293 scholas
2466 2238 2580 2306 ejus
2608 2238 2752 2293 omni
2774 2251 2839 2293 ex
2865 2245 3012 2307 parte
3042 2235 3312 2293 deserere.
3342 2232 3508 2289 Collio

1914 2329 1990 2400 git
2014 2336 2192 2388 autem
2212 2328 2279 2385 ad
2300 2338 2618 2396 extremum,
2644 2337 2698 2385 et
2723 2329 2874 2395 dicit,
2902 2336 3106 2385 natura:
3129 2326 3284 2383 mala:
3303 2325 3502 2382 bonum

1915 2431 2188 2483 auctorem
2215 2435 2337 2476 esse
2367 2436 2473 2475 nun
2505 2435 2661 2489 posse
2680 2461 2693 2484 ,
2721 2435 2784 2475 ac
2813 2435 2908 2490 per
2932 2419 3034 2475 hoc
3069 2418 3322 2489 principis
3345 2425 3498 2472 tene-

1916 2514 2153 2581 brarum,
2178 2514 2229 2581 id
2256 2522 2358 2579 est,
2388 2513 2585 2569 diaboli
2606 2528 2740 2583 opus
2759 2527 2881 2569 esse
2904 2512 3196 2579 hominem,
3225 2526 3383 2582 quem
3405 2524 3504 2565 na-

1919 2606 2160 2664 turaliter
2185 2606 2381 2662 malum
2411 2605 2569 2663 ambo
2596 2604 2854 2662 fatemini.
3456 2634 3463 2637 ι

1989 2699 2126 2757 Auo.
2166 2696 2416 2754 Naturam
2443 2697 2730 2754 humanam
2756 2713 2787 2754 a
2818 2697 2928 2752 Deo
2953 2695 3097 2754 bone
3115 2692 3385 2753 conditam
3408 2691 3510 2749 bu-

1921 2802 2066 2853 nam.
2089 2803 2282 2858 magno
2312 2788 2686 2845 inobedientiae
2712 2797 2929 2858 peccato
2956 2787 3025 2845 ita
3057 2787 3220 2843 fuisse
3248 2785 3509 2852 vitiatam,

1816 2939 1825 2944 ,
1919 2882 2165 2939 utetiam
2206 2880 2489 2949 posteritas
2518 2880 2642 2935 inde
2678 2879 2910 2936 traheret
2938 2869 3125 2941 martis
3152 2878 3399 2939 meritum
3425 2885 3512 2932 at-

1921 2980 2025 3036 que
2053 2964 2393 3035 supplicium,
2418 2964 2503 3020 cui
2531 2973 2706 3021 tamen
2733 2963 3030 3033 posteritati
3060 2978 3165 3021 non
3188 2970 3345 3033 negat
3373 2961 3514 3021 licus

1921 3051 2093 3115 bonus
2120 3048 2388 3119 Opiﬁcium
2424 3048 2645 3113 bonum,
2671 3057 2725 3103 et
2750 3058 2934 3111 contra
2965 3062 3062 3109 vos
3091 3054 3145 3103 et
3174 3053 3362 3105 contra
3403 3044 3511 3099 Ma-

1922 3142 2155 3205 nichreos
2180 3140 2441 3203 cath'olica
2474 3139 2603 3194 ﬁdes
2629 3138 2776 3195 dicit.
2811 3139 2915 3193 Sed
2937 3154 3032 3193 vos
3052 3138 3140 3211 qui
3162 3138 3263 3197 hoc
3286 3136 3511 3207 negatis,

1922 3248 2127 3306 quaeso,
2158 3232 2426 3305 paulisper
2456 3230 2757 3303 paradisum
2783 3231 3013 3300 cogitate
3056 3227 3097 3279 ³.
3144 3228 3393 3291 Placetne
3415 3239 3514 3280 vo-

1921 3328 2005 3383 bis
2024 3368 2039 3393 ,
2070 3335 2127 3382 ut
2154 3339 2416 3398 ponamus
2443 3323 2515 3383 ibi
2538 3332 2716 3383 castos
2741 3331 2795 3378 et
2823 3332 2998 3378 castas
3026 3329 3213 3379 contra
3240 3318 3515 3387 libidinem

1922 3419 2256 3485 dimicantes,
2284 3417 2529 3489 gravidas
2558 3423 2901 3480 nauseantes,
2930 3413 3283 3483 fastidientes,
3316 3412 3518 3485 pallen-

1924 3520 2039 3578 tes;
2086 3510 2219 3567 alias
2259 3511 2312 3566 in
2349 3509 2537 3575 abortu
2572 3509 2852 3583 puerperia
2894 3508 3172 3571 immatura
3211 3504 3512 3569 fundentes,

1923 3606 2058 3669 alias
2095 3604 2146 3661 in
2186 3612 2340 3675 partu
2378 3609 2654 3674 gementes
2677 3611 2730 3657 et
2758 3601 3050 3667 ululantes;
3086 3609 3347 3675 natosque
3373 3602 3518 3671 ipsos

1925 3711 2113 3763 omnes
2140 3695 2351 3769 ﬁentes,
2380 3709 2504 3751 sero
2529 3693 2787 3760 ridentes,
2820 3692 2990 3757 serius
3016 3691 3316 3763 loquentes,
3335 3698 3385 3749 et
3415 3688 3521 3744 hoc

1925 3790 2303 3854 balbutientes,
2342 3789 2393 3842 in
2436 3788 2645 3842 scholas
2687 3794 2868 3855 postea
2903 3784 3046 3851 duci,
3088 3792 3145 3838 ut
3190 3783 3393 3838 litteras
3434 3781 3518 3837 di-

1926 3890 2097 3947 scant,
2127 3879 2227 3935 sub
2253 3878 2400 3944 loris,
2433 3876 2636 3959 ferulis,
2668 3876 2936 3955 virgisque
2959 3875 3264 3946 plorantes,
3297 3887 3395 3942 pro
3421 3887 3519 3925 va-

1927 3974 2205 4033 rietatibus
2234 3973 2568 4043 ingeniorum
2597 3971 2881 4033 distributa
2912 3969 3169 4039 varietate
3198 3984 3473 4040 prunarum
3500 3984 3517 4037 ;

1926 4069 2145 4138 insuper
2171 4066 2588 4123 innumerabiles
2632 4064 2869 4137 morbus,
2901 4073 2953 4125 et
2991 4062 3292 4129 dmmouum
3340 4064 3520 4119 iocur-.-

1929 4177 2040 4228 sus,
2066 4170 2121 4216 et
2161 4158 2393 4215 ferarum
2418 4173 2650 4225 morsus,
2673 4157 2866 4228 quibus
2893 4155 3107 4227 quidam
3132 4154 3520 4223 cruciarentur,

1929 4252 2146 4325 quidam
2171 4262 2224 4307 et
2253 4234 2701 4316 absumerentur;
2733 4248 2821 4331 qui
2853 4264 2983 4307 vero
3027 4248 3142 4303 sani
3193 4258 3392 4311 essent,
3422 4248 3522 4304 sub

1929 4347 2148 4403 incertis
2167 4361 2354 4400 eorum
2379 4344 2595 4399 casibus
2624 4342 2820 4415 misera
2852 4350 3130 4415 parentum
3162 4340 3523 4405 sollicitudine

1931 4439 2264 4495 nutrirentur
2291 4453 2306 4491 :
2332 4444 2515 4491 essent
2541 4405 2703 4501 etiam
2741 4432 2813 4488 ibi
2846 4405 3027 4504 utique
3056 4432 3309 4489 orbitates
3346 4439 3401 4486 et
3440 4432 3523 4499 lu-

1931 4523 2068 4601 ctus,
2098 4538 2154 4586 et
2178 4527 2498 4584 amissorum
2525 4525 2960 4591 charissimorum
2982 4523 3247 4579 desideria
3277 4538 3397 4579 cum
3426 4523 3523 4579 do.

1930 4624 2131 4680 lorihus
2170 4620 2369 4677 cordis.
2415 4618 2655 4689 Longum
2688 4624 2772 4673 est
2808 4616 3057 4687 persequi
3086 4616 3300 4682 omnia,
3332 4615 3524 4686 quibus

1933 4717 2087 4773 malis
2107 4714 2343 4770 abundat
2366 4710 2481 4767 [nec
2511 4712 2616 4765 vita
2642 4729 2655 4766 :
2679 4724 2776 4765 nec
2798 4718 2918 4764 sunt
2946 4718 3120 4769 tamen
3144 4707 3243 4763 ista
3275 4708 3380 4763 ulla
3402 4724 3526 4779 pec-

1934 4820 2069 4865 cata.
2103 4807 2229 4862 llaec
2254 4819 2382 4876 ergo
2411 4805 2454 4858 si
2483 4801 2656 4858 futura
2684 4809 2836 4856 erant
2862 4800 2914 4856 in
2945 4798 3211 4870 paradiso,
3244 4801 3389 4855 nullo
3415 4801 3523 4867 ibi,

1934 4903 2086 4972 cujus
2116 4899 2307 4955 merito
2335 4897 2648 4962 existerent,
2677 4893 3011 4966 praecedente
3041 4902 3276 4965 peccato,
3299 4894 3526 4964 quaerite

1935 4997 2036 5059 ista
2059 4995 2266 5079 quibus,
2295 5007 2400 5057 non
2428 4989 2617 5063 plane"
2639 4988 2906 5055 ﬁdelibus,
2935 4986 3030 5043 sed
3060 4987 3366 5049 irrisoribus
3392 5003 3526 5060 prte-

1936 5089 2144 5147 dicetis.
2177 5085 2375 5155 Certe“
2422 5085 2465 5138 si
2509 5082 2627 5143 talis
2665 5081 2943 5155 paradisus
2991 5081 3318 5153 pingeretur,
3351 5081 3527 5135 nullus

1938 5184 2141 5251 diceret
2164 5194 2283 5235 esse
2307 5177 2632 5253 paradisum,
2669 5190 2766 5231 nec
2797 5176 2840 5233 si
2867 5191 3022 5247 supra
3055 5174 3271 5247 legisset
3300 5173 3402 5229 hoc
3432 5188 3529 5227 no-

1940 5292 2062 5332 men
2095 5273 2405 5342 inscriptum
2441 5289 2453 5326 :
2487 5286 2585 5325 nec
2628 5271 2829 5325 diceret
2868 5284 3078 5335 errasse
3124 5269 3398 5343 pictorem,
3431 5267 3527 5324 sed

1942 5369 2099 5439 plane
2137 5372 2452 5435 agnosceret
2489 5362 2787 5418 irrisorem.
2812 5361 3193 5427 Verumtamen
3218 5375 3403 5416 eorum
3435 5361 3527 5431 qui

1945 5476 2042 5515 vos
2072 5466 2355 5522 noverunt,
2386 5471 2544 5523 nemo
2584 5455 2865 5510 miraretur
2888 5496 2903 5524 ,
2933 5455 2977 5509 si
3014 5452 3303 5509 adderetur
3330 5468 3527 5510 nomen

1943 5564 2177 5611 vestrum
2203 5552 2268 5608 ad
2299 5548 2528 5619 titulum,
2561 5560 2615 5621 et
2638 5550 2962 5617 scriberetur
2986 5548 3263 5631 paradisus
3284 5548 3529 5620 Pelagia-

2011 5670 2027 5701 ι
2064 5668 2220 5731 \‘ign.,
2244 5673 2306 5717 te.
2332 5673 2461 5727 Mss,
2480 5678 2605 5731 rem.

2010 5734 2031 5777 ξ
2064 5727 2219 5790 Forte,
2247 5742 2396 5797 quos;
2415 5727 2515 5790 vel.
2539 5739 2666 5799 cum.

2011 5793 2032 5826 8
2055 5795 2126 5826 ςίρ
2145 5792 2258 5826 virm
2307 5796 2354 5826 In
2380 5798 2411 5826 η
2477 5795 2666 5826 Νιιηισηει

2055 5795 2127 5843 sic
2145 5794 2279 5855 vign.
2307 5796 2355 5840 lu
2380 5798 2451 5851 13.,
2476 5794 2703 5853 cogitare.
2773 5794 2826 5836 Μ.

2010 5856 2033 5888 ι
2067 5847 2225 5928 \‘ign;
2250 5847 2553 5926 prmogdenté
2594 5856 2805 5924 peccato,
2851 5847 3070 5917 querito,
3113 5855 3210 5913 [δια
3244 5861 3339 5904 non
3373 5847 3534 5915 pm.

1984 5925 2082 5977 tc.;
2108 5930 2302 5977 omisso,
2322 5914 2508 5977 qusbus.
2529 5920 2795 5977 castigatur
2817 5927 2846 5965 a
2871 5920 2975 5966 Mss.

1951 5929 2047 5972 etc.
2067 5932 2082 5980 ;
2108 5930 2302 5977 Olnlsso,
2322 5929 2508 5980 (pavus.
2529 5929 2795 5977 castigatur
2817 5929 2846 5965 a
2871 5929 2975 5966 mss.

2014 5982 2037 6016 ⁸
2070 5982 2228 6046 Vign.,
2252 5991 2379 6032 ecce.
2408 5985 2513 6030 Mss.
2534 5982 2710 6038 ,εει-ιε.
