3996 6492
476 355 607 411 ιδιι

475 486 688 527 norum.
721 469 777 526 Si
801 475 980 525 autem
1010 466 1136 524 hinc
1159 465 1474 523 erubescitis
1491 465 1689 537 (neque
1705 461 1848 518 enim
1874 473 2060 514 revera

476 563 696 634 pudoris
723 563 889 618 ullum
917 561 1210 633 putandum
1239 568 1323 616 est
1347 561 1401 614 in
1431 558 1582 613 vobis
1611 553 1936 612 remansisse
1963 565 2063 606 ve-

475 656 708 726 stigium,
737 656 784 712 si
811 669 918 710 non
948 655 1072 710 hinc
1100 648 1460 725 erubescitis),
1493 657 2062 729 perversamhquaeso,

475 747 693 804 tandem
737 758 942 803 mutate
971 747 1312 812 sententiam,
1365 753 1420 800 et
1447 743 1734 798 humanam
1779 737 1983 795 credite
2011 737 2066 792 in

476 839 573 894 has
593 838 837 893 miserias
859 845 1076 908 peccato
1096 837 1187 892 illo
1212 849 1405 906 magno
1434 840 1689 888 mutatam
1715 829 1880 884 fuisse
1909 836 2066 882 natu-

474 948 622 998 ram;
651 948 825 1004 neque
844 931 954 987 ullo
982 930 1143 987 modo
1170 931 1269 985 ista
1297 927 1350 984 in
1377 925 1624 999 paradiso
1638 938 1759 980 esse
1785 922 2021 992 potuisse
2045 936 2060 974 :

476 1035 759 1098 propterea
802 1025 926 1082 inde
963 1025 1140 1081 exisse
1182 1025 1320 1090 illos,
1355 1038 1581 1094 quorum
1625 1020 1784 1076 etiam
1826 1030 2064 1088 propago

475 1119 634 1190 digna
660 1128 776 1174 erat
801 1119 926 1172 talia
954 1119 1241 1184 sustinere,
1268 1123 1576 1171 transeunte
1615 1113 1668 1168 in
1718 1125 1906 1167 omnes
1934 1125 2066 1165 con-

474 1213 686 1281 tagione
721 1211 924 1281 peccati
955 1225 1076 1265 cum
1106 1209 1411 1264 conditione
1439 1207 1704 1278 supplicii.
1738 1205 1848 1260 lloc
1871 1203 2063 1274 dogma

474 1303 794 1359 catholicum
820 1313 875 1359 et
899 1303 1160 1373 justitiam
1192 1303 1283 1357 Dei
1309 1301 1709 1371 defendit,quia
1741 1314 1846 1353 non
1876 1297 2064 1352 imme-

475 1394 581 1450 rito
605 1395 766 1450 vitam
798 1395 1101 1450 mortalium
1130 1394 1384 1449 voluisset
1413 1408 1532 1448 esse
1559 1392 1851 1462 poenalem;
1884 1397 1938 1444 et
1965 1403 2064 1444 vos

474 1487 902 1560 Maniehteosqne
941 1489 1203 1544 subvertit
1227 1508 1241 1543 :
1262 1504 1357 1543 vos
1381 1487 1616 1559 quidem,
1640 1487 1759 1555 quia
1790 1484 1942 1540 malis
1981 1491 2063 1537 ta-

482 1580 621 1635 libus
648 1580 956 1635 horribilem
983 1581 1228 1650 paradiso
1254 1580 1485 1635 tribuitis
1519 1578 1912 1644 infelicitatem;
1950 1577 2064 1631 Ma-

477 1670 711 1726 nichzeos
750 1680 949 1738 autem,
981 1673 1103 1742 quia
1141 1671 1294 1725 malis
1332 1670 1526 1726 talibus
1565 1679 1805 1724 naturam
1848 1669 1940 1724 Dei
1981 1667 2063 1723 sui

477 1764 563 1835 (ac
593 1780 688 1834 per
714 1765 814 1820 hoc
840 1765 965 1836 quid
1000 1764 1140 1819 aliud
1172 1780 1330 1835 quam
1370 1765 1538 1818 Deum
1569 1762 1791 1833 suum?)
1821 1770 2067 1818 asserunt

476 1857 759 1913 infelicem.
802 1859 1032 1913 Proinde
1055 1874 1142 1914 me
1165 1873 1379 1936 movere
1407 1874 1510 1912 non
1545 1856 1724 1923 debet,
1748 1855 1889 1926 quod
1934 1855 2064 1910 mihi

474 1952 784 2022 magistrum
820 1951 1193 2017 Manichaeum,
1217 1952 1304 2021 qui
1338 1949 1520 2006 ferulis
1561 1951 1612 2004 in
1643 1965 1821 2005 meum
1854 1948 2062 2003 tardum

473 2045 746 2116 ingenium
767 2046 1174 2109 animadvertat,
1203 2044 1427 2116 opponis
1460 2063 1473 2099 :
1506 2043 1598 2098 sed
1627 2051 1678 2098 te
1698 2043 1923 2098 obsecro
1951 2057 2068 2097 mo-

475 2149 615 2206 veat,
644 2139 782 2209 quod
810 2139 1102 2194 secundum
1130 2140 1330 2194 erroris
1351 2140 1512 2194 vestri
1541 2138 1812 2192 infandum
1839 2137 2066 2192 horren-

473 2231 706 2302 dumque
726 2240 1051 2302 portentum,
1077 2231 1338 2286 erudieris
1357 2229 1564 2295 ferulis,
1594 2229 1801 2284 etiamsi
1829 2229 1880 2282 in
1912 2243 2067 2298 para-

473 2323 573 2378 disi
605 2323 813 2394 populis
843 2323 1161 2379 nascereris.
1193 2323 1362 2391 Quam
1390 2321 1837 2376 deformissimam
1878 2320 2065 2388 absurg

473 2415 727 2481 ditatem,
759 2415 804 2470 si
851 2415 1125 2470 nobiscum
1171 2413 1513 2478 horrescitis,
1545 2420 1601 2466 ut
1637 2411 1878 2478 debetis;
1927 2411 2067 2468 unde

475 2515 577 2573 est,
608 2520 737 2576 rogo
762 2520 877 2573 vos,
905 2507 1062 2560 etiam
1093 2505 1192 2559 ista
1221 2519 1508 2574 puerorum
1536 2504 1751 2558 miseria
1781 2505 1923 2575 (quae
1947 2519 2066 2575 pro-

473 2599 558 2653 cul
584 2597 748 2652 dubio
769 2612 877 2652 non
899 2606 982 2652 est
1006 2613 1074 2652 ex
1100 2606 1289 2651 natura
1315 2597 1459 2663 mali,
1485 2612 1643 2667 quam
1666 2596 1935 2666 desipiunt
1958 2597 2067 2651 Ma-

475 2690 715 2764 nichaci),
748 2691 848 2746 nisi
877 2691 1000 2762 quia
1024 2691 1115 2747 illo
1144 2699 1361 2761 peccato
1385 2704 1579 2760 magno
1609 2698 1664 2745 et
1689 2689 1842 2744 nobis
1868 2690 2067 2744 intesti-

475 2784 657 2839 mabili
685 2784 763 2838 sic
783 2783 964 2838 vitiata
997 2795 1079 2839 est
1111 2784 1340 2839 humana
1369 2791 1577 2848 natura,
1605 2789 1659 2837 et
1690 2782 1858 2853 poenis
1876 2781 2065 2851 justis-

475 2877 625 2931 simis
663 2877 951 2946 implicata,
981 2885 1039 2931 ut
1073 2891 1141 2932 ex
1182 2891 1242 2929 ea
1284 2891 1388 2930 non
1435 2875 1605 2930 solum
1649 2873 2065 2944 corruptibilitas

474 2984 756 3040 corporum
780 2978 855 3024 tot
870 2967 1185 3024 aerumnosis
1207 2969 1420 3023 casibus
1450 2967 1677 3034 subdita,
1697 2983 1882 3022 verum
1905 2967 2064 3021 etiam

477 3061 696 3117 tarditas
734 3062 1069 3132 ingeniorum
1106 3061 1336 3115 obnoxia
1367 3059 1549 3114 ferulis
1573 3059 1799 3131 aliisque
1823 3058 2065 3114 verberi-

472 3155 572 3208 bus
599 3155 858 3221 oriretur;
899 3162 1062 3225 atque
1106 3155 1172 3208 ita
1216 3153 1318 3209 hoc
1355 3153 1644 3222 malignum
1683 3153 1933 3207 saeculum
1970 3168 2067 3223 per

474 3245 643 3299 malos
691 3245 805 3300 dies
857 3260 1025 3316 usque
1069 3245 1135 3299 ad
1189 3245 1472 3300 terminum
1521 3260 1673 3299 suum
1720 3253 1978 3312 curreret,
2008 3251 2068 3299 ut

473 3338 632 3391 etiam
662 3339 828 3392 sancti
855 3339 922 3391 ab
951 3348 1154 3393 aeterno
1189 3338 1450 3407 supplicio
1475 3339 1610 3393 eruti
1632 3339 1648 3370 ¹
1697 3353 1791 3408 per
1825 3338 2062 3393 divinam

474 3429 876 3500 indulgentiam,
904 3429 1127 3501 pignore
1153 3430 1574 3500 incorruptibilis
1601 3429 1788 3484 salutis
1817 3439 2059 3500 accepto,

475 3537 661 3592 poenas
702 3530 877 3577 tamen
908 3524 1030 3577 vita:
1065 3522 1222 3593 hujus
1249 3523 1300 3577 in
1329 3521 1470 3577 bono
1497 3537 1594 3577 usu
1625 3539 1808 3578 earum
1835 3524 2065 3579 tolerare

469 3614 821 3684 juberentur,
869 3629 988 3669 cum
1037 3613 1286 3670 mercede
1333 3614 1634 3685 patientim,
1683 3615 1860 3684 potius
1902 3630 2063 3686 quam

474 3707 576 3762 illis
613 3715 950 3763 mererentur
983 3708 1144 3763 etiam
1177 3717 1298 3778 post
1325 3707 1696 3763 remissionem
1723 3717 2061 3779 peccatorum

472 3804 695 3858 mmm?

540 3896 692 3953 CLV.
719 3897 839 3954 IUL.
869 3899 938 3952 At
960 3905 1012 3952 tu
1036 3905 1220 3953 contra
1242 3897 1344 3953 hoc
1369 3897 1610 3953 ultimum
1630 3905 1772 3951 totus
1799 3896 2060 3967 insurgis;

472 3998 527 4046 ct
555 4006 675 4046 cum
720 3991 772 4046 in
804 4006 963 4044 unam
1007 4006 1194 4045 navem
1241 4005 1362 4045 cum
1409 3989 1700 4044 Manichreo
1734 3989 2060 4057 ascenderis,

472 4100 702 4154 cumque
763 4085 901 4139 idem
952 4084 1173 4156 spiritus
1224 4099 1439 4139 cursum
1493 4093 1725 4138 vestrum
1780 4083 2057 4148 direxerit,

472 4179 786 4233 transmisso
833 4179 943 4247 jam
1001 4178 1160 4242 freto,
1212 4179 1405 4248 putasti
1456 4178 1547 4233 tibi
1595 4187 1770 4233 tamen
1815 4179 1866 4232 in
1919 4179 2063 4232 littus

472 4270 613 4325 aliud
644 4269 971 4326 exeundum.
1000 4271 1194 4325 Verum
1223 4271 1361 4326 forte
1385 4270 1581 4325 dilectu
1613 4272 1855 4325 utilitatis
1881 4270 2063 4342 proxi-

471 4379 574 4420 ma:
616 4363 940 4420 tolerabilior
982 4363 1074 4418 fiat
1123 4364 1245 4419 licet
1285 4365 1432 4419 tarda
1475 4366 1762 4422 cunctatio.
1808 4365 1860 4419 ln
1904 4380 2062 4436 quem

371 4509 374 4512 .
472 4458 630 4528 igitur
680 4467 892 4526 portum
938 4457 1203 4526 navigium
1253 4456 1472 4529 dirigis?
1529 4476 1548 4510 ι
1586 4457 1746 4524 Dico,
1784 4476 1802 4509 ›
1862 4456 2060 4526 inquis,

477 4570 496 4603 ι
535 4552 730 4605 bonum
761 4551 972 4622 quidem
1012 4551 1180 4606 Deum
1209 4565 1359 4618 esse,
1392 4550 1639 4606 eumdem
1672 4560 1848 4605 tamen
1875 4549 2061 4604 condi-

474 4653 645 4698 torem
701 4642 980 4697 malorum.
1037 4661 1056 4694 ι
1111 4641 1156 4697 0
1215 4641 1436 4712 periculi
1485 4643 1657 4713 fugam
1705 4641 1757 4696 in
1811 4640 2062 4712 scopulos

472 4746 675 4802 actam,
709 4744 872 4790 totam
914 4735 1189 4791 Manichaei
1221 4737 1482 4791 sentinam
1525 4753 1684 4807 super
1722 4753 1844 4792 emn
1887 4735 2060 4792 effun-

473 4830 600 4886 dere
626 4828 874 4892 voluisse,
905 4844 1061 4898 quem
1092 4829 1254 4885 Deum
1290 4829 1528 4898 putaris!

545 4923 678 4978 Auc.
720 4919 985 4990 Numquid
1015 4929 1065 4973 tu
1096 4936 1276 4992 negas,
1311 4922 1468 4975 etiam
1503 4921 1553 4974 in
1579 4921 1731 4976 malis
1755 4920 2060 4975 hominibus

474 5016 668 5070 bonam
694 5029 813 5070 esse
840 5024 1079 5069 naturam
1111 5025 1164 5068 et
1184 5015 1345 5068 animi
1367 5025 1420 5069 et
1441 5015 1717 5085 corporis?
1745 5013 1910 5083 Hujus
1937 5013 2061 5069 boni

474 5121 553 5166 est
579 5109 823 5164 conditor
861 5109 1035 5176 Deus;
1076 5108 1216 5179 quod
1251 5108 1574 5182 Manichacus
1601 5109 1798 5163 malum
1830 5107 1978 5174 dicit,
2008 5117 2062 5164 et

476 5203 597 5258 huic
624 5204 766 5257 bono
794 5202 932 5274 quod
966 5203 1161 5257 malum
1193 5201 1340 5269 dicit,
1379 5201 1574 5256 malum
1610 5201 1845 5272 assignat
1874 5209 2061 5256 aucto-

473 5315 607 5353 rem.
651 5296 764 5351 Non
817 5297 958 5351 enim
1009 5299 1029 5328 ²
1073 5295 1262 5352 saltem
1308 5298 1497 5351 animm
1542 5297 1709 5367 parcit
1742 5314 1754 5350 :
1787 5295 1883 5352 sed
1924 5295 2061 5350 sicut

473 5407 621 5444 suam
649 5390 931 5462 quamdam
971 5389 1102 5444 dicit
1135 5405 1253 5444 esse
1280 5389 1510 5443 animam
1537 5389 1734 5456 carnis,
1763 5389 1834 5444 ita
1865 5389 2058 5444 malam

476 5495 713 5538 naturam
744 5485 853 5539 Deo
885 5483 1024 5538 bono
1053 5493 1374 5538 eoa-lernam
1395 5523 1409 5549 ,
1440 5490 1494 5537 ut
1531 5482 1667 5537 bona
1695 5483 1913 5537 omnino
1941 5497 2061 5538 esse

475 5596 581 5634 non
614 5580 813 5650 possit;
861 5580 1084 5635 alteram
1130 5593 1256 5634 vero
1293 5579 1524 5632 animam
1569 5577 1760 5632 bonam
1788 5578 1840 5632 in
1869 5577 2060 5634 eodem

539 5738 554 5770 ¹
590 5739 750 5802 t'ign.,
774 5736 834 5786 ab
855 5742 1035 5789 wterno
1057 5735 1293 5802 supplicio
1314 5749 1401 5801 per
1420 5735 1664 5800 divinam;
1684 5736 1878 5800 omisso,
1904 5735 2030 5789 εηιά
2043 5750 2064 5801 ἕ

476 5799 602 5866 quod
627 5799 900 5851 restituitur
925 5808 1116 5866 eaAaIss.

539 5866 560 5896 ³
590 5865 663 5914 Sic
682 5871 788 5914 MSS.
812 5869 867 5913 At
891 5861 1028 5919 editi,
1050 5859 1245 5912 nemini.

1112 344 1358 408 OPERIS
1395 340 1808 406 IMPERFECTI
1845 337 2120 399 CONTRA
2155 336 2516 410 IULIANUM,
2556 341 2616 399 s.
2651 339 3019 410 mensium
3091 295 3100 305 ’

3601 359 3722 418 13η

2174 452 2411 522 homine,
2440 471 2548 512 non
2568 472 2598 512 a
2625 457 2736 514 Deo
2766 458 2983 528 factam,
3007 459 3100 516 sed
3125 460 3463 521 substantiam
3474 466 3561 523 Dei
3581 479 3724 544 atque

2173 559 2433 618 naturam,
2462 551 2515 606 in
2541 551 2699 623 hujus
2735 555 3130 611 commixtionis
3162 556 3418 627 miserias,
3462 563 3593 618 nulla
3639 583 3722 623 sua

2174 642 2470 715 iniquitate,
2517 645 2610 700 sed
2640 645 2733 702 Dei
2764 647 2903 703 mala
2937 650 3253 706 necessitate
3289 663 3600 713 contrusam.
3624 661 3724 722 Hoc

2172 747 2348 792 autem
2381 746 2548 794 totum
2575 738 2843 810 opificium
2871 742 3012 811 quod
3052 751 3136 798 est
3166 742 3345 812 homo,
3387 755 3442 802 et
3473 752 3654 808 malum
3677 764 3726 812 et

2173 834 2296 887 mali
2328 849 2448 890 esse
2495 833 2626 889 dicit
2667 836 2920 890 auctoris.
2961 836 3193 894 Videsne
3223 854 3379 910 quam
3421 841 3617 900 diversa
3650 848 3727 904 ille

2173 925 2362 996 sapiat,
2393 938 2447 982 et
2475 927 2547 982 ob
2575 927 2677 984 hoc
2702 928 3040 986 insanissime
3063 931 3367 1004 nefarieque
3391 938 3636 1008 desipiat?
3655 941 3724 997 Tu

2171 1026 2348 1072 autem
2381 1019 2469 1089 qui
2513 1029 2794 1092 propterea
2835 1021 3002 1078 malos
3050 1025 3194 1079 nasci
3236 1040 3391 1097 posse
3429 1044 3529 1084 non
3568 1043 3726 1101 putas,

2172 1108 2292 1179 quia
2323 1109 2460 1164 Deus
2499 1111 2670 1167 bonus
2707 1127 2800 1168 eos
2825 1125 2971 1168 creat
3001 1131 3017 1182 ;
3047 1116 3329 1184 contende,
3360 1119 3406 1174 si
3436 1131 3598 1190 potes,
3641 1141 3726 1183 nec

2171 1216 2392 1270 corpora
2415 1203 2560 1258 nasci
2590 1219 2747 1274 posse
2773 1207 2959 1262 vitiosa
2980 1248 2996 1272 ,
3028 1209 3148 1278 quia
3177 1217 3232 1263 et
3257 1209 3369 1280 ipsa
3390 1211 3526 1268 Deus
3550 1215 3730 1286 integer

2170 1301 2318 1348 creat
2349 1311 2362 1346 :
2393 1295 2655 1351 contende
2695 1307 2984 1367 postremo,
3031 1299 3170 1355 sicut
3213 1301 3401 1368 malos,
3439 1307 3555 1376 quia
3577 1308 3729 1367 bonus

2170 1399 2264 1439 eos
2291 1394 2470 1453 creat;
2511 1388 2582 1442 ita
2609 1403 2708 1444 nec
2737 1389 2918 1444 tardos
2944 1391 3175 1462 ingenio,
3204 1409 3302 1449 nec
3322 1395 3488 1452 fatuos
3509 1399 3730 1460 homines

2171 1480 2338 1543 nasci,
2380 1481 2501 1550 quia
2531 1483 2745 1552 sapiens
2775 1500 2870 1539 eos
2892 1498 3058 1540 creat.
3090 1488 3282 1542 Annon
3321 1500 3403 1545 est
3434 1494 3620 1548 malum
3658 1495 3728 1550 fa-

2173 1572 2354 1637 tuitas,
2385 1589 2504 1628 cum
2533 1568 2803 1648 Scrip‘lu’ra
2834 1577 2992 1646 dicat,
3022 1580 3505 1652 incomparabiliter
3527 1588 3732 1656 amplius

2172 1665 2370 1721 fatuum
2393 1667 2677 1738 lugendum
2695 1685 2812 1724 esse
2829 1687 2986 1742 quam
3006 1685 3270 1729 mortuum
3285 1675 3471 1744 (Eccli.
3486 1681 3732 1754 “11,10)?

2172 1760 2319 1816 Si‘cut
2342 1776 2469 1831 ergo
2490 1761 2762 1817 nobiscum
2781 1778 2888 1818 non
2909 1764 3084 1820 dicitis
3106 1767 3272 1822 Deum
3300 1767 3552 1826 fatuitatis
3570 1781 3734 1828 aucto.

2171 1871 2284 1910 rem
2300 1897 2315 1922 ,
2345 1871 2463 1911 cum
2491 1864 2666 1911 tamen
2688 1857 2830 1912 nasci
2853 1857 3101 1914 homines
3125 1858 3300 1915 fatuos
3321 1862 3428 1917 Deo
3444 1875 3647 1919 creante
3668 1865 3734 1919 fa-

2175 1947 2387 2001 teamini
2418 1967 2431 2002 :
2458 1949 2535 2003 sic
2555 1963 2651 2004 nos
2671 1959 2940 2004 auctorem
2961 1951 3177 2006 malitiae
3196 1967 3302 2007 non
3323 1953 3544 2009 dicimus
3565 1956 3730 2026 Deum,

2171 2048 2226 2092 et
2256 2048 2429 2094 tamen
2453 2041 2724 2110 originalis
2747 2041 3068 2112 obligatione
3094 2046 3298 2113 peccati
3323 2046 3492 2100 malos
3513 2046 3732 2103 homines

2172 2132 2338 2197 nasci,
2373 2147 2478 2186 non
2509 2133 2609 2187 nisi
2639 2143 2858 2190 creante
2887 2135 3023 2205 ipso,
3053 2137 3173 2206 quia
3206 2152 3314 2193 non
3344 2148 3488 2194 creat
3515 2140 3734 2196 homines

2173 2224 2274 2279 nisi
2298 2226 2429 2293 ipse,
2460 2234 2602 2280 recte
2628 2241 2914 2298 possumus
2940 2227 3137 2284 dicere.

2241 2317 2418 2374 CLVI.
2459 2320 2579 2376 Jue.
2610 2321 2870 2376 Ahsolute
2893 2323 3052 2393 igitur
3073 2325 3258 2391 claret,
3287 2326 3586 2396 opinionem
3614 2327 3735 2384 illius

2171 2413 2564 2482 consequenti-.e
2594 2413 2713 2483 plus
2744 2413 2981 2470 habere:
3010 2410 3282 2470 si'malum
3313 2416 3509 2488 aliquid
3539 2427 3734 2472 natura-

2173 2503 2294 2560 liter
2316 2505 2655 2574 conderetur,
2671 2507 3002 2564 consimilem
3027 2510 3044 2539 ¹
3075 2509 3155 2562 sui
3186 2509 3442 2565 indicaret
3468 2523 3734 2566 auctorem.

2243 2600 2376 2654 Anc.
2406 2598 2494 2652 Sic
2518 2599 2748 2669 sapiant,
2767 2600 2879 2671 qui,
2901 2600 3004 2654 nisi
3026 2599 3264 2656 haaretici
3285 2600 3591 2672 Pelagiani?
3615 2603 3740 2674 Ergo

2171 2691 2290 2760 quia
2321 2691 2559 2746 mortalis
2586 2692 2766 2758 homo,
2794 2691 3085 2747 secundum
3115 2702 3187 2760 te,
3209 2707 3324 2749 non
3353 2693 3638 2764 pcenaliter,
3659 2691 3741 2748 sed

2171 2783 2484 2838 naturaliter
2512 2782 2779 2850 conditur,
2811 2785 3143 2839 consimilem
3166 2787 3244 2840 sui
3273 2786 3558 2841 mortalem
3579 2794 3742 2840 osten-

2171 2873 2250 2928 dit
2276 2885 2548 2931 auctorem
2582 2893 2596 2929 :
2626 2884 2680 2931 et
2715 2884 2772 2930 ut
2801 2877 3012 2931 fatuitas
3036 2885 3125 2932 tua
3161 2878 3358 2934 saltem
3389 2878 3543 2934 fatuis
3571 2878 3742 2934 erube-

2171 2978 2314 3034 seat;
2342 2969 2463 3039 quia
2485 2969 2660 3024 fatuus
2688 2969 2850 3024 homo
2876 2970 3191 3026 naturaliter
3208 2971 3486 3040 conditur,
3514 2970 3744 3027 consimi-

2170 3060 2275 3116 lem
2305 3062 2385 3115 sui
2416 3062 2647 3117 ostendit
2673 3061 2873 3116 fatuum
2902 3072 3200 3117 auctorem.

2244 3150 2443 3206 CLVII.
2492 3151 2613 3208 IUL.
2657 3152 2962 3208 Praescribit
2987 3161 3166 3208 autem
3197 3154 3421 3222 veritas,
3451 3155 3618 3226 primo
3643 3169 3743 3208 ma-

2172 3245 2304 3311 lum,
2337 3243 2388 3299 id
2417 3253 2502 3299 est
2530 3254 2827 3315 peccatum,
2858 3245 2959 3300 dici
2993 3261 3096 3299 non
3126 3261 3284 3316 posse
3320 3248 3462 3318 quod
3493 3248 3563 3302 ita
3591 3254 3666 3301 est
3696 3252 3746 3299 ut

2171 3338 2286 3408 ejus
2317 3344 2504 3392 natura
2528 3338 2873 3406 compulerit;
2904 3347 3286 3410 peccatumque
3319 3340 3449 3394 nihil
3476 3355 3591 3395 esse
3617 3336 3743 3392 aliud

2171 3446 2329 3500 quam
2385 3430 2772 3485 exorbitantem
2813 3447 2844 3485 a
2877 3430 3013 3486 calle
3033 3430 3249 3502 justitite
3275 3433 3296 3464 ³
3329 3433 3548 3488 liberam
3579 3431 3746 3486 volun-

2173 3531 2357 3579 tatem.

2243 3617 2374 3672 Aue.
2401 3615 2506 3672 Sed
2533 3615 2637 3672 hoc
2664 3631 2874 3688 quoque
2899 3616 3157 3689 originale
3183 3625 3465 3688 peccatum
3488 3632 3553 3674 ex
3576 3614 3744 3670 volun.

2170 3718 2280 3766 tate
2320 3711 2592 3782 peccantis
2630 3711 2888 3783 originem
2919 3711 3098 3781 ducit;
3125 3719 3286 3784 atque
3326 3713 3400 3769 ita
3443 3711 3638 3768 nullum
3674 3717 3744 3764 est

2170 3803 2270 3858 nisi
2299 3805 2570 3860 voluntate
2596 3813 2895 3876 peccatum.

2243 3896 2465 3952 CLVIII.
2517 3899 2636 3954 JUL.
2697 3900 2899 3968 Quibus
2959 3899 3224 3971 praesidiis
3272 3881 3536 3956 innocens
3582 3911 3744 3954 rerum

2170 3993 2406 4045 omnium
2433 4001 2616 4046 natura
2650 3991 2983 4061 defenditur,
3013 4007 3131 4063 quae
3157 3993 3227 4047 ita
3261 4008 3513 4060 manens,
3546 4001 3599 4048 ut
3625 4005 3746 4045 cou-

2170 4081 2276 4137 dita
2302 4092 2402 4151 est,
2432 4084 2564 4138 nulli
2592 4084 2798 4138 crimini
2822 4085 3079 4154 probatur
3100 4085 3354 4141 obnoxia.
3457 4151 3468 4158 _

2239 4174 2377 4232 Avo.
2425 4175 2543 4230 Non
2573 4186 2748 4231 autem
2791 4177 2860 4230 ita
2895 4179 3089 4232 mansit
3129 4187 3186 4232 ut
3223 4179 3442 4234 condita
3478 4187 3600 4235 est:
3639 4176 3748 4232 ideo

2169 4267 2377 4322 crimini
2412 4269 2668 4338 probatur
2687 4268 2926 4324 obnoxia
2947 4312 2962 4337 ,
2992 4285 3250 4341 suamque
3273 4273 3502 4343 stirpem
3533 4287 3628 4327 suo
3651 4270 3748 4325 crio

2169 4362 2296 4416 mini
2324 4369 2572 4433 tanquam
2594 4363 2928 4419 hacreditario
2958 4363 3084 4420 fecit
3108 4365 3396 4422 obnoxiam
3417 4383 3562 4438 :quze
3585 4375 3747 4421 tamen

2168 4457 2326 4512 etiam
2355 4459 2465 4528 ipsa
2498 4457 2548 4511 in
2578 4467 2834 4529 quantum
2863 4473 2892 4513 a
2924 4459 3035 4515 Deo
3057 4460 3322 4525 conditur,
3347 4463 3487 4517 bona
3517 4471 3616 4517 est.

2239 4548 2417 4605 CLIX.
2447 4550 2564 4605 IUL.
2593 4549 2785 4604 Malum
2815 4550 2973 4622 igitur
2999 4552 3239 4608 naturale
3264 4567 3388 4610 esse
3410 4549 3516 4608 non
3548 4558 3747 4623 potest:

2168 4657 2229 4698 ac
2251 4658 2344 4714 per
2373 4643 2476 4700 hoc
2502 4660 2600 4700 nec
2627 4659 2716 4700 rea
2747 4644 2852 4699 ulla
2880 4645 3193 4701 naturaliter
3215 4656 3489 4714 creatura,
3520 4661 3617 4702 nec
3641 4659 3751 4700 ma-

2168 4738 2250 4793 lus
2272 4746 2476 4793 auctor.
2501 4738 2692 4793 Malum
2717 4739 2914 4810 quippe
2935 4754 3040 4794 non
3072 4741 3338 4796 exstantis
3361 4741 3634 4796 invenitur
3661 4753 3752 4793 na-

2171 4839 2302 4885 turre
2335 4849 2346 4884 :
2383 4831 2474 4886 sed
2518 4832 2654 4886 sicut
2691 4831 2864 4886 omnis
2899 4841 3163 4899 creatura,
3201 4833 3254 4887 in
3287 4843 3550 4904 quantum
3580 4830 3756 4888 condi-

2173 4929 2276 4986 tur,
2311 4919 2449 4975 bona
2477 4929 2590 4984 est;
2634 4919 2705 4972 ita
2745 4929 2799 4975 et
2858 4919 3000 4974 Deus
3031 4928 3336 4976 naturarum
3368 4931 3562 4976 auctor
3597 4919 3756 4974 bona-

2168 5030 2307 5080 rum,
2343 5014 2490 5069 nullo
2519 5013 2696 5085 operis
2737 5013 2816 5067 sui
2857 5013 3081 5068 crimine
3111 5014 3430 5078 maculatus,
3463 5029 3562 5086 per
3587 5009 3755 5068 omnia

2168 5108 2341 5164 bonus
2389 5108 2658 5178 probatur.
2711 5105 2905 5161 Totum
2947 5107 3106 5177 igitur
3151 5107 3410 5179 quidquid
3443 5106 3755 5162 Manichmus

2168 5205 2450 5270 attulerat,
2502 5203 2602 5258 hac
2648 5215 2753 5257 una
2791 5199 3184 5257 Catholicorum
3232 5203 3441 5260 ratione
3484 5202 3506 5235 ⁸
3545 5201 3758 5258 subver-
3807 5243 3812 5250 .

2169 5315 2286 5355 sum
2317 5306 2424 5354 est.

2241 5393 2375 5448 Auc.
2417 5390 2529 5446 Hoc
2565 5406 2746 5446 verum
2779 5391 2916 5447 dicis
2943 5408 2956 5446 :
2989 5406 3208 5462 prorsus
3239 5411 3259 5447 ‹
3295 5392 3473 5449 omnis
3499 5397 3756 5455 creatura,

2171 5485 2224 5540 in
2251 5493 2502 5556 quantum
2533 5484 2812 5550 conditur,
2843 5485 2982 5541 bona
3015 5495 3097 5541 est
3123 5505 3136 5540 :
3176 5508 3193 5540 ι
3235 5497 3289 5541 et
3315 5485 3439 5541 ideo
3469 5487 3608 5540 sicut
3638 5484 3753 5548 hoc,

2171 5577 2241 5632 ita
2268 5584 2322 5632 et
2349 5574 2490 5646 quod
2517 5576 2755 5647 sequitur
2774 5577 2984 5650 utrique
3003 5577 3256 5644 dicimus;
3285 5578 3541 5648 quoniam
3573 5594 3591 5628 ‹
3622 5575 3755 5630 Deus

2235 5738 2252 5806 ξ
2287 5735 2446 5806 vista,
2458 5737 2506 5784 et
2513 5729 2880 5806 τ
2893 5733 3186 5788 caminum
3199 5750 3218 5800 ;
3232 5738 3424 5799 absque
3435 5730 3681 5800 particula,
3697 5735 3757 5780 et.

2233 5801 2255 5868 ξ
2286 5795 2365 5868 sic
2380 5804 2495 5868 Itss.
2513 5795 2939 5868 Editi‘hinjustg'tiw.

2235 5860 2256 5893 '
2287 5867 2371 5911 Its.
2396 5866 2543 5921 Port.,
2563 5860 2938 5910 nummum.
