3950 6468
231 411 384 468 1315

123 563 134 610 ι
228 535 546 581 naturarum
583 527 769 576 auctor
805 519 1066 575 bonarum
1093 517 1240 574 nullo
1268 516 1446 589 cperis
1478 515 1561 573 sui
1604 514 1830 571 crimine

127 617 138 694 f-
226 619 553 682 maculatns,
602 632 697 686 per
740 615 918 670 omnia
963 614 1137 670 bonus
1178 612 1448 686 probatur.
1481 631 1500 665 ›
1543 611 1657 666 Hoc
1682 611 1827 668 enim

227 721 402 768 totum
443 711 552 766 illic
579 710 596 742 ¹
627 708 982 776 connectitur,
1023 705 1170 778 quod
1208 725 1228 759 ι
1266 705 1440 761 omnis
1477 713 1741 770 creatura,
1772 703 1826 757 in

223 791 490 876 quantum
516 803 782 869 conditur,
808 803 948 858 bona
973 809 1076 856 est.
1114 819 1133 854 ι
1169 802 1245 855 Ac
1267 814 1360 870 per
1386 798 1487 854 hoc
1509 806 1564 855 et
1589 797 1751 852 homo
1773 797 1824 852 in

223 907 490 969 quantum
519 897 790 964 conditur,
823 896 994 951 bonus
1014 903 1097 950 est
1134 911 1148 948 :
1191 894 1246 948 in
1270 901 1527 964 quantum
1555 899 1734 947 autem
1759 890 1830 947 de

226 992 413 1048 vitiata
443 993 651 1064 origine
686 999 996 1064 generatur,
1028 990 1201 1046 bonus
1231 1004 1336 1046 non
1371 997 1482 1056 est;
1515 987 1636 1044 ideo
1672 1002 1828 1058 rege-

223 1083 501 1140 nerandus
527 1093 631 1140 est.

301 1176 462 1233 CLX.
497 1177 618 1233 Jun.
649 1176 752 1233 Sed
782 1184 958 1232 tamen
983 1176 1071 1231 ille
1098 1175 1187 1247 qui
1217 1173 1438 1230 fulmine
1456 1173 1694 1229 veritatis
1722 1181 1828 1228 tam

225 1271 530 1341 perspicuae
571 1270 803 1336 interiit,
844 1285 911 1326 ex
950 1277 1101 1340 parte
1128 1269 1304 1341 aliqua
1345 1267 1552 1326 videtur
1591 1267 1816 1338 spirare,

225 1378 350 1420 cum
373 1363 648 1420 confertur
673 1364 787 1419 tibi.
817 1364 896 1418 Illi
913 1365 1057 1419 enim
1080 1372 1189 1419 tota
1209 1361 1473 1433 dogmatis
1499 1362 1602 1426 sui,
1635 1360 1824 1415 funda-

151 1485 158 1494 ι
184 1457 192 1490 ³
226 1466 417 1512 mento
430 1455 549 1528 ejus
571 1454 940 1511 tantummodo
955 1463 1196 1521 nutante,
1215 1462 1480 1509 structura
1501 1452 1790 1508 collabitur
1813 1469 1826 1506 :

225 1549 323 1604 tibi
345 1557 532 1604 autem
561 1549 659 1604 tria
682 1547 926 1603 similiter
951 1546 1222 1613 vacillant,
1246 1544 1403 1604 utilli
1427 1560 1610 1600 unum.
1641 1544 1717 1599 Ac
1737 1559 1832 1614 per

222 1644 353 1711 nec,
386 1643 508 1700 vide
536 1652 714 1698 utrum
751 1641 963 1698 aedificii
995 1641 1070 1696 tui
1114 1640 1403 1712 quidquam
1445 1639 1610 1709 possit
1650 1653 1829 1693 assur-

220 1751 374 1806 gere.
419 1735 604 1792 Manes
641 1737 662 1767 ³
708 1750 836 1806 ergo
879 1743 1068 1804 putans
1103 1747 1226 1788 esse
1251 1731 1492 1787 naturale
1523 1738 1822 1801 peccatum,

223 1827 372 1898 quod
400 1828 505 1883 nisi
531 1827 888 1882 voluntarium
915 1841 1034 1881 esse
1064 1841 1170 1880 non
1203 1832 1399 1894 potest,
1435 1824 1488 1878 in
1515 1839 1683 1878 vacuo
1703 1821 1828 1877 fun-

225 1921 486 1978 damenta
514 1922 726 1979 locavit.
759 1920 984 1991 Reliqua
1020 1935 1150 1975 vero
1174 1918 1324 1989 juxta
1351 1934 1409 1974 se
1438 1924 1832 1988 consequenter

225 2015 516 2086 imposuit,
565 2014 772 2081 dicens,
825 2012 1078 2082 quoniam
1120 2019 1206 2066 est
1248 2010 1490 2064 naturale
1530 2017 1826 2078 peccatum,

223 2107 428 2162 malam
459 2122 580 2163 esse
607 2115 882 2170 naturam;
919 2103 1075 2159 malae
1104 2113 1280 2158 autem
1311 2101 1390 2158 rei
1429 2111 1700 2156 auctorem
1729 2100 1830 2155 bo-

224 2215 356 2254 num
388 2213 501 2254 non
529 2215 649 2256 esse
681 2215 694 2253 :
728 2213 790 2253 ac
836 2212 930 2268 per
963 2197 1086 2264 hoc,
1127 2210 1288 2251 omne
1332 2195 1620 2249 humanum
1663 2209 1831 2264 genus

224 2293 591 2362 reputandum
618 2291 843 2362 principi
868 2291 1207 2345 tenebrarum
1239 2307 1251 2342 :
1281 2287 1423 2359 quod
1446 2297 1614 2342 totum
1643 2287 1829 2358 utique

223 2392 376 2440 stare
405 2385 688 2454 potuisset,
721 2383 826 2437 nisi
851 2381 980 2437 illud
1005 2382 1233 2452 primum
1263 2383 1381 2451 ejus
1414 2379 1719 2434 suil'odisset
1743 2395 1832 2434 ve-

224 2476 385 2542 ritas,
413 2477 472 2532 id
502 2485 606 2543 est,
642 2484 919 2546 peccatum
947 2489 1082 2544 opus
1112 2473 1297 2528 liberae
1323 2471 1613 2526 voluntatis
1649 2469 1831 2526 doceri

225 2569 480 2625 naturale
518 2585 623 2623 non
683 2582 840 2638 posse
869 2609 885 2636 ,
932 2576 986 2623 et
1028 2564 1289 2637 quidquid
1331 2564 1522 2620 fuisset
1567 2563 1828 2629 naturale,

224 2675 515 2736 peceatum
542 2680 662 2720 esse
683 2680 792 2720 non
822 2677 1002 2734 posse.

297 2761 440 2816 Anc.
480 2757 733 2814 Similiter
753 2766 937 2813 contra
963 2764 1014 2812 te
1034 2763 1212 2826 potest
1233 2753 1567 2809 ratiocinatio
1588 2753 1687 2808 ista
1704 2766 1834 2807 con-

225 2852 336 2908 texi
370 2869 384 2906 :
417 2851 554 2918 Quia
587 2866 694 2906 non
727 2850 795 2905 ita
824 2851 1000 2904 fatuus
1028 2863 1108 2913 es,
1140 2856 1200 2902 ut
1225 2847 1434 2918 ingenia
1462 2846 1626 2913 fatua,
1668 2843 1721 2899 id
1750 2851 1834 2899 est

225 2941 408 2999 fatuos
438 2943 706 3008 homines,
739 2942 885 2997 nasci
935 2955 1096 3011 neges
1128 2957 1140 2993 :
1173 2953 1300 3009 ergo
1328 2937 1449 2992 audi
1477 2947 1565 2992 tua
1591 2935 1832 2991 fatuitate

227 3045 500 3109 quantum
541 3035 809 3108 adjuveris
840 3033 1166 3089 dementiam
1193 3030 1491 3086 Manichaai.
1523 3029 1660 3084 Dicit
1686 3028 1831 3101 enim

227 3129 428 3186 doetus
478 3143 509 3184 a
569 3137 620 3184 te
687 3127 824 3198 ipso,
875 3125 1125 3197 quoniam
1166 3124 1422 3180 naturalis
1475 3130 1558 3179 est
1595 3121 1828 3187 fatuitas,

225 3221 486 3279 eamdem
514 3220 712 3276 fatuam
748 3235 870 3276 esse
910 3229 1188 3284 naturam;
1231 3217 1501 3290 quomodo
1528 3225 1584 3271 tu
1611 3215 1828 3284 dixisti,

229 3333 250 3366 ι
283 3313 552 3385 quoniam
583 3321 684 3380 est,
714 3312 958 3368 naturale
978 3319 1276 3381 peccatum,
1309 3309 1506 3364 malum
1532 3323 1653 3365 esse
1675 3317 1832 3363 natu-

225 3424 350 3464 ram
393 3427 409 3464 :
455 3427 476 3463 ι
523 3407 718 3464 deinde
745 3407 834 3464 ille
879 3405 1056 3475 addit,
1109 3405 1266 3460 fatum
1311 3413 1486 3459 autem
1536 3401 1614 3458 rei
1646 3410 1830 3457 aucto-

223 3518 344 3558 rem
392 3501 688 3572 sapientem
733 3515 840 3555 non
880 3513 1037 3564 esse;
1087 3499 1226 3554 sicut
1282 3505 1340 3552 tu
1385 3495 1583 3562 dixisti,
1621 3512 1640 3547 ι
1679 3494 1833 3550 malae

225 3605 416 3652 autem
472 3595 551 3650 rei
603 3601 878 3649 auctorem
933 3591 1130 3647 bonum
1175 3604 1282 3644 non
1339 3603 1501 3644 esse:
1555 3605 1574 3639 ι
1620 3597 1832 3658 postre-

226 3705 320 3744 mo
380 3689 473 3744 ille
531 3685 832 3752 concludit,
882 3686 959 3740 Ac
995 3700 1088 3754 per
1156 3683 1279 3749 hoc,
1348 3679 1612 3735 fatuorum
1658 3679 1832 3733 homi-

227 3797 364 3839 num
427 3796 606 3853 genus
677 3778 1028 3851 reputandum
1075 3775 1300 3846 principi
1361 3773 1700 3830 tenebrarum
1757 3770 1835 3826 sic

228 3876 382 3931 enim
429 3883 487 3930 et
530 3882 588 3929 tu
630 3872 958 3938 conclusisti,
1001 3869 1221 3926 dicens:
1251 3887 1270 3920 ι
1303 3869 1378 3922 Ac
1402 3883 1496 3937 per
1522 3867 1642 3932 hoc,
1673 3879 1831 3920 omne

228 3966 529 4022 humanum
551 3979 718 4037 genus
747 3961 1097 4036 reputandum
1132 3959 1353 4032 principi
1377 3957 1714 4014 tenebrarum
1731 3956 1772 4010 ³.
1808 3973 1831 4011 ι

225 4058 380 4115 Ecce
397 4057 718 4114 Manichacus
728 4071 823 4112 ore
845 4065 934 4111 tuo
951 4064 1002 4111 te
1013 4055 1159 4120 vicit,
1175 4062 1266 4109 tuo
1297 4060 1348 4108 te
1365 4051 1544 4122 gladio
1549 4049 1830 4121 jugulavit.

227 4149 378 4220 Quid
415 4165 476 4206 es
512 4148 764 4205 acturus?
809 4146 996 4218 Neque
1032 4146 1175 4202 enim
1218 4153 1270 4200 te
1307 4143 1564 4198 adversus
1588 4157 1711 4197 eum
1734 4155 1833 4211 po-

230 4254 342 4301 test
394 4243 592 4314 aliquid
639 4242 911 4313 adjuvare,
959 4255 1022 4296 ac
1064 4254 1170 4295 non
1215 4238 1376 4294 etiam
1427 4235 1544 4306 plus
1588 4249 1836 4306 premere

228 4348 398 4412 atque
417 4337 728 4404 confodere,
753 4335 894 4407 quod
917 4334 1180 4404 adjungis,
1218 4339 1274 4388 et
1296 4330 1452 4397 dicis,
1485 4349 1504 4382 ‹
1533 4337 1701 4384 totum
1732 4327 1836 4382 hoc

229 4432 424 4502 utique
454 4439 600 4486 stare
638 4427 898 4500 potuisse,
935 4426 1038 4481 nisi
1075 4423 1205 4479 illud
1240 4424 1468 4494 primum
1506 4420 1622 4492 ejus
1669 4417 1833 4474 suffo-

228 4523 407 4579 disset
433 4522 651 4588 veritas,
693 4521 745 4576 id
780 4528 882 4587 est,
913 4528 1186 4590 peceatum
1217 4531 1354 4584 opus
1380 4515 1562 4571 liberte
1588 4513 1835 4568 volunta-

231 4618 305 4673 tis
333 4616 518 4673 doeeri
549 4614 787 4670 naturale
815 4627 920 4668 non
949 4625 1125 4682 posse,
1160 4618 1216 4665 et
1243 4606 1499 4680 quidquid
1527 4605 1711 4660 fuisset
1737 4617 1834 4658 na-

231 4707 435 4775 turale,
468 4717 743 4777 peccatum
771 4720 892 4762 esse
916 4719 1021 4758 non
1051 4718 1227 4774 posse.
1265 4721 1284 4753 »
1315 4699 1449 4769 Quid
1479 4711 1529 4754 te
1552 4699 1652 4752 hoc
1681 4696 1836 4767 adju-

230 4811 350 4866 vat,
383 4808 440 4855 et
469 4798 738 4870 quomodo
766 4813 872 4853 non
895 4798 1063 4868 magis
1085 4794 1356 4866 magisque
1387 4790 1642 4848 sufl‘ocat?
1667 4790 1835 4845 Num-

229 4893 370 4966 quid
383 4893 526 4948 enim
551 4901 701 4963 potes
726 4891 924 4958 dicere,
953 4890 1244 4945 fatuitatem
1267 4886 1562 4942 naturalem
1593 4898 1712 4940 esse
1730 4898 1836 4938 non

230 4984 440 5055 posse?
467 4993 574 5039 stat
597 4998 725 5054 ergo
749 4982 1004 5037 adversus
1024 4990 1096 5046 te,
1127 4977 1268 5050 quod
1291 4979 1342 5031 in
1368 4975 1528 5032 simili
1556 4975 1837 5030 ratiocina-

235 5080 392 5131 tione
423 5076 658 5146 primum
687 5072 866 5144 posuit
891 5071 1237 5136 Manichacus,
1281 5068 1534 5139 quoniam
1568 5074 1651 5123 est
1683 5073 1838 5121 natu-

233 5170 373 5224 ralis
398 5168 614 5223 fatuitas
650 5185 664 5222 :
703 5166 789 5223 cui
823 5164 972 5220 velut
999 5162 1349 5219 fundamento
1374 5170 1568 5215 caetera
1595 5158 1712 5229 ejus
1735 5173 1837 5229 pu--

235 5262 372 5317 tasti
410 5268 805 5331 consequenter
831 5265 1062 5313 astructa
1092 5255 1136 5323 ⁵,
1178 5269 1348 5324 usque
1387 5251 1454 5307 ad
1495 5252 1708 5308 culmen
1748 5249 1839 5306 ubi

235 5357 413 5423 dicit,
454 5355 558 5410 tale
594 5352 872 5409 hominum
902 5365 1071 5422 genus
1099 5347 1456 5419 reputanduln
1481 5344 1710 5418 principi
1756 5351 1840 5399 te-

237 5450 560 5506 nebrarum.
605 5445 714 5502 Nos
758 5452 937 5500 autem
980 5441 1206 5515 primum
1258 5435 1387 5494 illud
1435 5435 1840 5492 fundamentum

313 5607 337 5700 1
363 5602 671 5741 3:533};
708 5671 763 5716 At
782 5670 914 5726 uss,
959 5668 1159 5726 Manes;
1194 5671 1375 5712 nomen
1412 5657 1661 5722 proprium
1694 5656 1840 5706 Mani-

239 5730 436 5843 chaunit
462 5801 568 5844 MSS.
594 5791 912 5851 rcstituimus,
953 5790 1024 5841 sic
1040 5786 1166 5840 enim
1185 5791 1232 5838 et
1248 5790 1300 5837 tu
1321 5780 1614 5853 εοηειαδᾷδιὶν
1638 5777 1842 5853 άίςεητςε

250 5875 280 5904 ι
399 5869 484 5968 υὲι·
507 5855 614 5915 hoc,
635 5867 772 5906 0mm:
803 5847 1065 5905 humanior:
1097 5863 1247 5916 genus
1282 5847 1606 5913 reputantium

251 5933 283 5967 ι
353 5932 422 5968 ἠε
457 5933 636 5969 mrum.
671 5936 694 5964 ι
1665 5967 1671 5969 _
1774 5955 1785 5964 .

251 5933 283 5967 ι
319 5925 636 5969 tenebrarum.
671 5936 694 5964 ι

328 5979 352 6014 δ
382 5983 455 6034 sic
474 5989 579 6034 Mss.
602 5989 659 6036 At
679 5983 839 6047 νίκα,
859 5976 1073 6033 astricta.

1631 397 1833 457 LIBER
1867 397 2189 458 TERTIUS.

3383 403 3522 460 1514

1944 520 2061 588 ejus
2085 517 2396 584 evertimus,
2433 516 2523 588 qui
2568 518 2863 574 naturalem
2894 517 3188 576 fatuitatem
3229 519 3351 577 ideo
3391 496 3525 578 dici-

1939 627 2076 678 mus,
2122 613 2245 683 quia
2289 621 2580 668 nascuntur
2621 612 2864 668 homines
2912 611 3039 668 fatui
3086 632 3098 668 :
3145 629 3212 670 ex
3241 613 3525 671 accidente

1939 706 2144 761 scilicet
2170 705 2316 766 vitio,
2339 721 2404 761 ex
2430 720 2536 776 quo
2565 705 2870 776 huiusmodi
2896 706 3045 778 origo
3066 708 3258 763 merito
3285 711 3526 764 trahere-

1939 805 2046 864 tur,
2075 813 2178 854 non
2201 799 2323 870 quia
2352 814 2512 869 prava
2538 808 2620 854 est
2644 784 2904 869 primitus
2921 799 3148 854 humana
3171 799 3408 856 instituta
3434 815 3526 855 na-

1941 898 2075 956 tura,
2129 891 2261 946 sicut
2311 892 2505 962 desipit
2555 891 2896 948 Manichacus.
2943 893 3020 946 Ac
3048 907 3144 963 per
3193 891 3312 959 hoc,
3366 892 3526 948 etiam

1938 982 2081 1054 quod
2101 995 2489 1054 consequenter
2517 983 2775 1054 adjungit,
2801 983 3044 1040 eamdem
3068 983 3266 1040 fatuam
3291 999 3410 1041 esse
3435 975 3529 1040 na-

1941 1082 2148 1140 turam;
2180 1090 2276 1130 nos
2303 1085 2521 1146 propter
2547 1076 2749 1143 vitium,
2776 1091 2898 1132 cum
2926 1092 3032 1147 quo
3059 1085 3218 1131 natus
3241 1085 3324 1132 est
3353 1077 3528 1133 fatuus

1940 1167 2102 1224 homo
2123 1211 2138 1235 ,
2169 1184 2275 1224 non
2318 1176 2536 1240 propter
2566 1169 2707 1240 quod
2735 1170 2787 1224 in
2815 1171 2905 1226 illo
2936 1179 3018 1225 est
3047 1171 3314 1241 opiﬁcium
3345 1177 3530 1225 condi-

1939 1261 2070 1316 toris
2114 1261 2259 1328 boni,
2289 1278 2470 1318 verum
2513 1278 2632 1319 esse
2658 1263 3022 1319 concedimus.
3068 1262 3236 1320 Natus
3273 1275 3356 1319 est
3384 1263 3529 1320 enim

1938 1353 2132 1422 fatuus,
2155 1355 2426 1411 accidente
2448 1356 2612 1422 vitio;
2646 1355 2808 1413 homo
2834 1367 3013 1412 autem
3034 1365 3247 1412 creatus
3272 1365 3374 1422 est,
3403 1370 3532 1426 ope-

1938 1457 2090 1503 rante
2116 1449 2242 1502 Deo.
2273 1449 2473 1504 Deinde
2493 1450 2635 1521 quod
2660 1449 2827 1518 addit,
2855 1451 3010 1506 fatum
3033 1460 3212 1506 autem
3245 1451 3322 1506 rei
3351 1459 3532 1504 aucto-

1939 1557 2051 1597 rem
2081 1557 2186 1596 non
2215 1557 2334 1597 esse
2363 1543 2658 1613 sapientem
2681 1587 2696 1610 ,
2730 1552 2786 1598 ut
2813 1558 2898 1598 res
2931 1545 3045 1614 ipsa
3073 1544 3236 1601 homo
3263 1544 3528 1615 intelliga-

1939 1641 2052 1702 tur;
2102 1650 2208 1689 non
2249 1649 2367 1690 esse
2397 1650 2726 1705 consequens
2755 1635 3002 1691 dicimus.
3033 1637 3164 1706 Ejus
3204 1637 3400 1708 quippe
3425 1635 3529 1691 lto-

1939 1727 2098 1782 minis
2126 1728 2217 1798 qui
2269 1727 2444 1783 fatuus
2473 1736 2630 1784 natus
2658 1737 2759 1797 est,
2804 1730 2967 1785 Deutn
3009 1731 3254 1797 dicimus,
3286 1731 3530 1802 quamvis

1936 1837 2042 1877 non
2071 1821 2311 1878 dicamus
2347 1822 2514 1894 ipsius
2555 1823 2832 1892 fatuitatis,
2873 1833 3168 1880 auctorem.
3214 1824 3344 1892 Quae
3375 1825 3531 1880 fatui-

1937 1922 2017 1970 tas
2046 1929 2153 1969 non
2179 1923 2263 1970 est
2292 1924 2479 1970 natura
2501 1923 2658 1986 atque
2679 1915 2997 1984 substantia,
3026 1933 3144 1987 qua:
3165 1931 3269 1972 non
3294 1919 3530 1973 nascitur

1937 2007 2036 2062 nisi
2067 2017 2282 2064 creante
2309 2009 2454 2074 Deo;
2497 2008 2590 2064 sed
2631 2009 2869 2080 ejusdem
2897 2019 3100 2065 naturae
3130 2012 3314 2066 vitium
3337 2054 3351 2077 ,
3384 2011 3528 2084 quod

1936 2100 2127 2157 accidit
2153 2101 2362 2156 sinente
2388 2101 2500 2157 Deo
2529 2119 2542 2154 :
2570 2101 2715 2174 justo
2756 2112 2934 2159 autem
2972 2103 3172 2175 judicio
3200 2105 3364 2160 Deum
3405 2105 3476 2160 ita
3504 2105 3522 2137 ⁸

1936 2195 2136 2262 sinere,
2165 2211 2269 2249 non
2297 2195 2476 2266 utique
2503 2195 2831 2253 dubitamus.
2865 2197 2940 2253 Ita
2965 2197 3290 2254 destruimus
3320 2207 3374 2254 et
3408 2198 3522 2252 Ma-

1937 2285 2173 2342 nichmos
2204 2289 2373 2343 malos
2417 2290 2583 2343 ruinae
2625 2305 2736 2345 suac
2774 2298 3087 2360 structores,
3129 2300 3183 2348 et
3213 2292 3526 2363 Pelagianos

1937 2379 2350 2435 Manichaeorum
2383 2379 2557 2436 fatuos
2584 2382 2874 2452 adjutores.

2007 2471 2185 2527 CLXI.
2227 2471 2344 2529 JUL.
2386 2473 2578 2528 Prima:
2609 2474 2768 2546 igitur
2795 2475 3122 2532 definitionis
3147 2492 3340 2533 eversu
3361 2521 3376 2547 ,
3405 2479 3525 2534 cul-

1937 2565 2080 2620 mina
2113 2567 2229 2637 ejus
2263 2568 2317 2622 iu
2348 2569 2518 2624 solum
2546 2584 2746 2625 cuneus
2766 2571 2987 2626 rationis
3015 2570 3222 2628 eﬂ‘udit.
3255 2572 3395 2641 Quid
3422 2573 3522 2644 igi-

1938 2667 2024 2715 tur
2048 2659 2116 2714 de
2147 2668 2198 2714 te
2223 2675 2427 2731 speras,
2460 2661 2614 2733 cujus
2639 2663 2739 2718 tria
2774 2663 2846 2718 ita
2882 2672 3008 2718 sunt
3038 2666 3088 2719 in
3127 2664 3353 2732 lubrico,
3390 2665 3528 2721 sicut

1935 2751 2076 2808 illius
2101 2752 2299 2807 unum?
2329 2753 2467 2809 Dicis
2492 2757 2633 2809 enim
2662 2755 2856 2825 primo,
2895 2757 3140 2812 naturale
3170 2773 3291 2814 esse
3339 2772 3526 2828 pecca-

1938 2851 2080 2908 tum;
2100 2844 2353 2923 secundo,
2379 2845 2576 2900 bonum
2600 2845 2786 2914 Deum,
2808 2847 2901 2918 qui
2927 2849 3096 2916 mala,
3110 2849 3163 2904 id
3187 2858 3272 2904 est
3285 2858 3520 2920 peccata,

1936 2935 2150 3000 condat,
2173 2936 2441 3006 informet,
2466 2939 2747 3004 extendat;
2766 2940 2921 2995 tertio
2940 2956 3090 3008 vero,
3105 2957 3218 2998 rem
3239 2941 3528 2998 voluntatis

1937 3029 2233 3086 immixtam
2253 3047 2372 3088 esse
2389 3033 2702 3088 seminibus.
2719 3032 2846 3089 Haac
2875 3049 3004 3106 ergo
3033 3035 3132 3090 tria
3156 3035 3526 3092 definitionum

1937 3129 2148 3178 tuarum
2169 3125 2340 3195 capita
2361 3124 2567 3196 singula
2589 3126 2729 3197 apud
2749 3136 2921 3182 semet
2938 3128 3184 3183 vacillant
3210 3146 3222 3182 :
3249 3128 3522 3195 vacillant,

1938 3214 2141 3286 inquio,
2188 3216 2294 3271 imo
2319 3225 2377 3271 ut
2404 3216 2556 3273 funes
2591 3234 2622 3274 e
2660 3219 2877 3288 sabulo,
2907 3218 3213 3276 dilabuntur
3238 3230 3525 3293 antequam

1937 3316 2146 3364 coeant.
2176 3307 2352 3365 Unum
2375 3325 2522 3381 ergo,
2555 3311 2610 3367 id
2633 3320 2734 3380 est,
2765 3313 3007 3368 naturale
3033 3322 3310 3384 peccatum
3330 3313 3441 3385 jam
3467 3315 3525 3371 in

1935 3402 2248 3472 Manichaee,
2280 3420 2347 3460 ex
2372 3404 2578 3461 directo
2603 3406 2818 3478 quidem
2845 3407 3174 3464 destructum
3204 3410 3349 3478 jacet
3377 3429 3389 3465 :
3423 3412 3527 3468 alia

1936 3505 2118 3552 autem
2145 3497 2252 3553 duo
2276 3514 2396 3569 qua:
2421 3499 2690 3570 opinionis
2713 3510 2906 3557 vestrae
2936 3511 3061 3557 sunt
3087 3503 3323 3574 propria,
3359 3503 3524 3560 Mani-

1938 3589 2088 3646 chaao
2116 3591 2338 3648 totidem
2369 3594 2670 3649 intereunte
2695 3635 2710 3661 ,
2739 3594 2835 3650 sed
2857 3602 3112 3650 consueta
3142 3597 3163 3628 ³
3194 3594 3525 3652 ceciderunt.

1937 3683 2071 3739 Nam
2111 3685 2156 3738 si
2213 3685 2304 3741 ille
2341 3700 2462 3743 reos
2509 3686 2656 3741 nasci
2711 3686 2991 3761 homines,
3040 3703 3140 3744 nec
3186 3703 3282 3759 per
3329 3688 3528 3744 malam

1938 3784 2180 3830 naturam
2207 3819 2222 3843 ,
2278 3792 2377 3832 nec
2447 3792 2542 3847 per
2607 3776 2928 3848 principem
2965 3779 3305 3835 tenebrarum
3357 3780 3530 3851 potuit

1939 3867 2239 3934 vindicare;
2291 3874 2491 3940 quanto
2535 3869 2703 3939 magis
2741 3884 2837 3925 vos
2877 3870 3044 3937 stulti,
3089 3871 3178 3941 qui
3229 3869 3298 3925 ad
3345 3880 3527 3926 osten-

1937 3960 2112 4016 denda
2165 3961 2498 4016 nascentium
2559 3961 2782 4016 crimina
2832 3962 3085 4033 junxistis
3127 3963 3528 4020 accusationem

1939 4054 2069 4110 Dei?
2098 4053 2177 4110 Ac
2205 4069 2302 4126 per
2327 4053 2430 4110 hoc
2451 4095 2467 4121 ,
2505 4054 2642 4110 sicut
2680 4070 2786 4110 non
2836 4064 3011 4125 potest
3033 4066 3224 4112 natura
3252 4071 3373 4113 esse
3399 4072 3526 4128 pec-

1938 4156 2152 4215 catum,
2200 4163 2306 4220 quo
2349 4147 2570 4203 fulmine
2602 4147 2878 4203 Manichzci
2919 4147 3110 4220 dogma
3157 4149 3402 4217 dissiliit;
3457 4151 3529 4206 ita

1937 4243 2186 4311 recurrit,
2229 4251 2290 4299 ut
2330 4243 2470 4314 quod
2517 4251 2792 4314 peccatum
2832 4251 2937 4310 est,
2981 4245 3222 4300 naturale
3255 4259 3376 4301 esse
3421 4259 3530 4300 non

1940 4341 2125 4409 possit.
2173 4337 2279 4393 Res
2328 4338 2471 4392 enim
2515 4337 2804 4393 voluntatis
2853 4353 2960 4394 non
3008 4341 3198 4394 transit
3246 4339 3298 4394 in
3341 4338 3529 4395 condi-

1940 4433 2136 4488 tionem
2162 4432 2474 4488 substantiae
2509 4451 2522 4486 :
2553 4432 2696 4504 quod
2719 4442 2772 4487 tu
2801 4431 3000 4488 factum
3027 4434 3324 4488 arbitraris.
3365 4433 3529 4489 Multo

1940 4535 2117 4581 autem
2139 4525 2310 4596 magis
2339 4533 2584 4592 constat,
2619 4525 2788 4580 Deum
2827 4523 3023 4579 bonum
3056 4525 3227 4579 malos
3257 4540 3527 4597 nunquam

1939 4633 2144 4675 creare.
2176 4619 2438 4690 Apparuit
2458 4619 2658 4690 itaque,
2683 4628 2959 4689 peccatum
2981 4617 3034 4673 in
3062 4627 3340 4691 nascente,
3369 4635 3528 4692 quem

1941 4709 2082 4766 Deus
2106 4717 2273 4778 creat,
2301 4724 2421 4766 esse
2446 4726 2550 4765 non
2576 4723 2754 4780 posse.

2011 4801 2146 4858 Anc.
2189 4800 2264 4855 Ita
2301 4809 2510 4857 constat
2546 4801 2712 4858 Deum
2749 4801 2946 4857 bonum
2985 4802 3157 4858 malos
3186 4818 3292 4859 non
3321 4815 3524 4872 creare,

1939 4891 2386 4964 quemadmodum
2429 4901 2639 4949 constat
2677 4895 2841 4950 Deum
2874 4894 3168 4964 sapientem
3209 4893 3387 4952 fatuos
3423 4910 3531 4951 non

1940 5001 2144 5042 creare.
2172 4985 2228 5041 Si
2252 4986 2394 5044 enim
2417 4985 2633 5054 dixeris,
2657 4985 2816 5041 Creat
2835 4986 3046 5056 sapiens
3066 4987 3237 5043 fatuos
3267 5005 3280 5041 :
3304 5001 3531 5058 respon-

1941 5080 2152 5136 debitur
2186 5080 2300 5149 tibi,
2327 5081 2434 5137 Cur
2461 5095 2567 5136 non
2597 5096 2726 5152 ergo
2749 5087 2804 5136 et
2827 5080 3000 5137 bonus
3027 5081 3233 5136 malos?
3261 5080 3411 5138 Unde
3457 5079 3534 5135 fa-

1942 5182 2060 5230 ctus
2100 5175 2330 5229 intentus
2378 5188 2498 5230 cum
2543 5173 2821 5244 quaesieris
2863 5173 3006 5230 unde
3046 5183 3333 5230 nascantur
3377 5172 3529 5242 fatui,

1943 5281 2076 5338 quos
2113 5276 2290 5322 tamen
2319 5264 2562 5321 homines
2605 5267 2744 5322 Deus
2785 5274 2962 5333 creat;
3002 5266 3074 5320 ibi
3115 5265 3252 5322 forte
3291 5264 3532 5321 invenies
3629 5297 3632 5300 ~

1943 5360 2162 5432 originis
2180 5359 2390 5427 vitium,
2418 5359 2506 5429 qui
2527 5357 2684 5414 fateri
2713 5372 2819 5413 non
2841 5358 2922 5413 vis
2950 5357 3205 5428 originale
3229 5365 3529 5427 peccatum.

1943 5453 2026 5508 An
2051 5469 2179 5510 vero
2201 5461 2412 5523 paratus
2427 5466 2487 5508 es
2506 5450 2703 5516 dicere,
2723 5450 2869 5506 nullo
2883 5450 3040 5505 ullius
3056 5447 3391 5520 praecedente
3408 5462 3527 5519 pee-

1944 5557 2084 5616 cato,
2113 5549 2272 5602 etiam
2301 5547 2472 5603 fatuos
2499 5545 2642 5602 nasci
2681 5546 2734 5600 in
2761 5544 2846 5600 illa
2871 5543 3099 5615 paradisi
3141 5542 3396 5600 felicitate
3433 5557 3532 5615 po-

1947 5635 2128 5709 tuisSe,
2158 5641 2247 5714 qui
2275 5641 2493 5709 erudiri,
2526 5657 2632 5697 non
2662 5639 2783 5695 dico
2809 5637 3010 5702 ferulis,
3043 5634 3138 5692 sed
3177 5651 3280 5692 nec
3303 5634 3534 5695 fustibus

1945 5740 2199 5813 possent?
2223 5737 2379 5808 Quod
2405 5738 2451 5794 si
2479 5752 2586 5794 non
2605 5736 2756 5804 dicis,
2783 5750 2850 5792 ne
2865 5744 3080 5791 omnem
3100 5729 3397 5790 fatuitatem
3419 5729 3537 5791 haec

2009 5899 2026 5934 ί
2064 5907 2142 5950 Ms.
2163 5902 2307 5958 Port.,
2332 5892 2441 5946 ista.

2010 5965 2034 6000 ί
2062 5969 2224 6026 Eone,
2239 5971 2325 6015 aeu
2344 5959 2556 6013 comata.
