3996 6486
466 410 607 468 1315

467 522 807 583 transcendat
850 521 1151 579 alunt-ditas
1181 540 1197 578 :
1226 522 1315 579 die
1355 532 1462 595 quo
1507 522 1701 578 merito
1738 519 1912 591 imago
1960 518 2058 574 Dei

465 632 586 673 cum
610 627 753 671 tanta
779 614 974 671 mentis
1017 614 1354 671 deformitate
1391 624 1662 682 nascatur,
1701 621 1758 668 ut
1793 611 1940 668 nullo
1964 623 2054 666 ro-

466 710 597 765 bore
622 708 814 775 mtatls,
856 708 996 762 nulla
1026 708 1328 779 prolixitate
1367 706 1640 777 temporis,
1685 704 1832 760 nullo
1873 702 2057 760 labore

466 802 783 869 studiorum,
810 803 951 857 nulla
979 801 1236 857 industria
1273 802 1666 872 magistrorum,
1698 799 1856 854 nullis
1881 796 2056 870 ptenls

464 894 748 949 verberum
770 895 956 965 possit,
981 909 1086 948 non
1112 893 1235 949 dico
1255 892 1320 948 ad
1350 893 1686 964 sapientiam,
1712 890 1807 946 sed
1826 890 1895 945 ad
1916 902 2054 961 qua-

466 972 801 1057 lemcumque
826 986 1121 1041 doctrinam
1151 986 1336 1042 utilem
1366 984 1679 1055 pervenire;
1712 984 1801 1056 qui
1841 997 1947 1039 non
1975 984 2057 1038 vis

462 1077 685 1133 credere
705 1078 868 1133 Deum
885 1079 1083 1148 justum
1112 1078 1232 1133 ideo
1256 1076 1323 1133 de
1345 1076 1611 1148 paradiso,
1634 1075 1736 1131 hoc
1759 1082 1859 1140 est,
1884 1074 2056 1131 felici-

465 1172 587 1226 tatis
630 1171 770 1235 loco,
813 1171 1048 1226 vitiatam
1076 1180 1236 1242 atque
1262 1169 1564 1225 damnatam
1594 1177 1838 1224 naturam
1866 1166 2057 1221 huma-

463 1276 588 1317 nam
617 1262 902 1329 dimisisse,
935 1277 1005 1318 ne
1039 1274 1185 1319 mors
1218 1261 1327 1317 illic
1353 1262 1455 1316 ulla
1485 1261 1837 1331 contingeret,
1868 1258 1920 1314 id
1948 1264 2055 1327 est,

463 1367 565 1410 nec
591 1353 899 1423 temporalis
925 1354 1186 1424 corporis,
1209 1367 1307 1408 nec
1336 1353 1496 1409 totius
1517 1351 1746 1407 hominis
1771 1350 2056 1422 sempiter-

462 1462 553 1511 na,
586 1463 688 1503 nec
715 1448 815 1502 ista
843 1456 923 1502 tot
948 1462 1012 1503 ac
1038 1456 1183 1502 tanta
1208 1461 1328 1518 quae
1368 1447 1419 1501 in
1458 1460 1654 1516 genere
1679 1443 1913 1499 humano
1938 1458 2058 1499 cer-

463 1541 642 1596 nimus
676 1539 1008 1611 ingeniorum
1048 1548 1102 1594 et
1129 1552 1414 1610 corporum
1451 1537 1611 1603 mala,
1638 1552 1758 1608 quae
1786 1536 1853 1591 de
1878 1536 2058 1591 radice

463 1632 748 1704 depravata
779 1642 938 1703 atque
967 1632 1148 1702 punita
1176 1640 1231 1687 et
1267 1644 1441 1705 massa
1474 1629 1681 1702 perdita
1712 1628 1858 1684 nasci
1897 1643 2057 1700 opor-

464 1726 630 1792 tebat,
658 1725 712 1780 in
738 1724 958 1796 regione
986 1724 1128 1779 illius
1170 1722 1510 1779 beatitudinis
1554 1730 1932 1788 nascerentur;
1961 1721 2055 1777 sed

463 1819 639 1888 potius
659 1817 712 1871 in
737 1817 818 1871 his
843 1802 999 1872 terﬁs
1026 1815 1258 1872 miseria:
1279 1816 1604 1883 mortalium;
1629 1830 1747 1886 quae
1763 1815 2057 1885 justissime

465 1910 661 1966 inﬂicta
703 1919 804 1975 est,
844 1908 1132 1981 deputatis,
1172 1917 1325 1965 reatu
1352 1918 1711 1980 persequente
1752 1915 2053 1975 nascentes,

463 2017 635 2073 neque
676 2016 706 2055 a
751 1998 1152 2057 renascentibus
1195 2000 1379 2057 labore
1423 2000 1712 2057 recedente
1750 2013 2057 2055 arumnoso

464 2111 631 2167 usque
656 2095 722 2151 ad
752 2095 991 2165 corporis
1019 2103 1267 2149 mortem.

532 2187 737 2245 CLXII.
777 2187 899 2245 Jun.
943 2188 1048 2243 Res
1086 2188 1234 2243 clara
1258 2194 1360 2256 est,
1382 2196 1439 2243 et
1466 2186 1519 2242 in
1560 2186 1734 2258 primo
1757 2201 1921 2257 opere
1945 2186 2057 2257 jam

460 2282 790 2338 sufﬁcienter
831 2280 1071 2351 impleta.
1108 2278 1309 2336 Verum
1352 2279 1603 2350 quoniam
1634 2288 1691 2333 tu
1718 2279 1854 2334 adeo
1882 2279 2058 2348 pelia:

462 2390 583 2432 esse
610 2374 843 2443 voluisti,
871 2384 928 2428 ut
955 2374 1187 2444 aliquam
1230 2373 1371 2428 inter
1412 2381 1464 2427 te
1489 2379 1543 2427 et
1567 2371 1918 2426 Manichazum
1944 2372 2056 2427 dis-

463 2470 770 2526 tinctionem
823 2466 1002 2523 facere
1028 2466 1274 2522 nitereris
1312 2483 1325 2517 ε
1364 2466 1486 2522 ideo
1513 2480 1734 2521 necesse
1765 2463 1892 2520 mihi
1916 2476 2059 2522 nunc

459 2570 545 2618 est
564 2575 751 2630 urgere
774 2573 1011 2626 causam,
1037 2566 1097 2613 ut
1121 2572 1226 2613 non
1255 2556 1426 2613 solum
1454 2557 1738 2628 praeteritis
1757 2557 1914 2612 dictis
1929 2558 2054 2624 tuis,

460 2653 559 2709 sed
582 2654 764 2721 etiam,
791 2652 834 2708 si
861 2667 966 2724 qua
992 2651 1247 2722 deinceps
1288 2650 1491 2707 inferre
1522 2652 1829 2718 teutaveris,
1857 2651 2059 2707 clareat

461 2746 755 2802 obviatum.
786 2744 1021 2801 Dicimus
1048 2744 1249 2814 itaque,
1283 2751 1389 2798 tam
1426 2743 1626 2798 bonum
1656 2758 1774 2798 esse
1801 2758 1937 2813 opus
1962 2742 2056 2798 Dei

461 2838 516 2895 in
538 2846 814 2906 nascente,
830 2846 890 2893 ut
911 2852 977 2893 ea
1003 2852 1125 2908 qua:
1151 2836 1463 2891 substantia:
1485 2835 1601 2906 ejus
1628 2843 1753 2890 sunt
1775 2835 2055 2901 naturalia,

460 2942 598 3000 opus
643 2929 986 2985 emendatore
1015 2944 1121 2983 non
1152 2926 1402 2984 habeant.
1435 2927 1697 2994 Quoniam
1736 2927 2059 2997 quicumque

463 3022 750 3088 censuerit,
781 3021 833 3077 id
861 3021 1003 3092 quod
1025 3037 1058 3076 a
1085 3021 1196 3076 Deo
1216 3018 1415 3075 factum
1442 3020 1746 3087 conﬁtetur,
1767 3019 1921 3075 aliter
1936 3019 2058 3075 ﬁeri

461 3115 749 3172 debuisse:
784 3114 930 3169 illum
971 3115 1088 3169 sine
1128 3113 1292 3170 dubio
1319 3111 1683 3185 reprehendit,
1729 3128 1889 3183 quem
1931 3129 2056 3168 cor-

461 3208 697 3281 rigenda:
725 3208 779 3263 in
808 3208 1034 3264 alteram
1059 3203 1288 3264 fortnam
1333 3215 1593 3262 creature
1619 3205 1907 3262 conﬁtetur
1927 3206 2060 3262 arti-

461 3302 618 3357 ﬁcem
648 3303 687 3356 ⁸.

531 3399 669 3454 Auc.
699 3395 860 3461 Tace,
888 3394 1115 3451 obsecro
1149 3411 1164 3450 :
1206 3393 1333 3465 quid
1376 3394 1609 3464 loquaris
1644 3393 1879 3466 ignoras.
1911 3393 2058 3450 Nou-

462 3489 592 3544 nulli
620 3487 816 3543 clausis
840 3488 1026 3543 oribus
1064 3487 1173 3542 nati
1217 3494 1360 3552 sunt,
1389 3496 1446 3542 et
1471 3487 1550 3542 eis
1591 3501 1624 3542 a
1672 3486 1893 3542 medicis
1932 3494 2059 3541 sunt

462 3592 668 3651 aperta.
696 3580 827 3636 Erat
852 3580 991 3650 apud
1018 3594 1117 3636 nos
1144 3580 1359 3635 Acatius
1385 3579 1625 3650 quidam,
1660 3578 1889 3636 honesto
1914 3579 2056 3650 apud

461 3687 591 3729 suos
617 3684 769 3728 ortus
796 3672 914 3729 loco
939 3691 953 3727 :
983 3673 1182 3731 clausis
1196 3673 1366 3727 oculis
1388 3680 1569 3726 natum
1596 3685 1658 3728 se
1682 3684 1802 3727 esse
1821 3672 2052 3737 diccbat;

460 3766 558 3823 sed
582 3768 705 3843 quia
737 3767 883 3821 intus
898 3765 1025 3821 Sani
1056 3764 1323 3835 palpebris
1350 3764 1745 3819 cohaerentibus
1773 3780 1877 3819 non
1908 3775 2057 3835 pate-

462 3859 611 3928 bant,
643 3859 910 3915 medicum
945 3868 1040 3915 eos
1064 3857 1210 3914 ferro
1237 3857 1445 3928 aperire
1473 3858 1725 3925 voluisse,
1754 3873 1930 3930 neque
1950 3858 2065 3915 hoc.

462 3952 773 4023 permisisse
805 3952 1108 4021 religiosam
1148 3954 1371 4006 matrem
1400 3966 1575 4017 suam,
1607 3949 1701 4006 sed
1732 3950 1786 4005 id
1813 3950 2057 4007 eifecisse

462 4044 714 4114 imposito
732 4045 754 4075 ³
778 4058 843 4098 ex
873 4042 1204 4098 Eucharistia
1234 4042 1631 4112 cataplasmate,
1650 4058 1771 4097 cum
1792 4043 1902 4113 jam
1922 4050 2057 4113 puer

461 4136 695 4207 quinque
723 4134 836 4190 fere
857 4142 949 4188 aut
966 4133 1196 4203 amplius
1220 4141 1365 4188 esset
1385 4148 1670 4200 annorum,
1701 4133 1842 4191 unde
1864 4135 1968 4189 hoc
1995 4150 2056 4191 se

462 4228 596 4285 satis
633 4226 940 4284 meminisse
980 4225 1252 4281 narrabat.
1283 4224 1485 4281 Omitto
1514 4225 1662 4281 illum
1688 4227 2052 4297 evangelicum

463 4334 663 4378 caesum
690 4330 891 4383 natum,
912 4319 997 4374 cui
1020 4317 1240 4381 lumina,
1261 4332 1382 4389 quae
1400 4326 1617 4389 propter
1631 4318 2053 4374 commendanda

423 4476 431 4480 ἓ
461 4411 726 4469 mirabilia
755 4425 854 4467 sua
882 4411 1059 4466 minus
1078 4408 1297 4476 fecerat,
1332 4408 1444 4479 ipse
1470 4409 1675 4464 Artifex
1704 4410 1952 4466 reddidit.
1978 4412 2053 4467 ibi

463 4507 605 4563 enim
625 4520 723 4561 cur
741 4519 915 4560 caecus
942 4514 1097 4558 natus
1113 4501 1294 4567 fuerit,
1317 4516 1477 4557 causa
1500 4517 1604 4557 non
1633 4502 1790 4556 tacita
1806 4512 1887 4558 est
1906 4520 1920 4567 ;
1947 4518 2050 4560 non

460 4601 664 4658 scilicet
691 4609 910 4670 propter
939 4605 1212 4668 peccatum
1236 4613 1413 4661 suum,
1438 4597 1521 4654 vel
1547 4606 1850 4668 parentum,
1876 4599 1971 4654 sed
1994 4608 2055 4655 ut

462 4692 931 4749 manifestarentur
957 4706 1119 4762 opera
1150 4691 1243 4747 Dci
1274 4692 1328 4747 in
1350 4692 1463 4746 illo.
1483 4691 1863 4747 Verumtamen
1888 4693 2052 4755 inter-

461 4799 590 4855 roga
616 4783 875 4847 medicos,
905 4791 961 4838 et
986 4782 1167 4837 dicunt
1204 4782 1298 4838 tibi
1328 4796 1487 4852 quam
1534 4783 1736 4849 multis,
1787 4782 1874 4839 ubi
1920 4798 2048 4855 pos-

452 4883 606 4939 sunt,
641 4874 989 4945 opitulentur,
1036 4889 1104 4929 ne
1131 4873 1254 4928 vitia
1290 4872 1602 4937 corporibus
1632 4875 1808 4929 inuata
1832 4891 2050 4946 perma-

460 4975 644 5031 neant,
672 4964 756 5021 vel
781 4965 941 5021 etiam
971 4972 1125 5020 natos
1145 4973 1353 5019 necem.
1377 4962 1508 5018 Nam
1536 4964 1771 5034 quidam,
1803 4966 1939 5021 sicut
1961 4967 2050 5022 alii

462 5059 665 5125 oribus,
695 5059 766 5118 ita
785 5057 982 5114 clausis
1005 5056 1343 5113 inferioribus
1365 5057 1625 5115 meatibus
1644 5059 1908 5125 oriuntur,
1931 5075 2051 5129 qua:

463 5151 642 5222 utique
663 5150 789 5206 vitia
813 5149 859 5206 si
885 5159 1153 5217 maneant,
1181 5165 1286 5205 nou
1306 5165 1400 5204 eos
1428 5150 1612 5205 sinunt
1636 5150 1837 5206 vivere.
1867 5149 2052 5222 Neque

460 5245 605 5301 enim
632 5259 752 5300 cum
793 5243 876 5301 bis
903 5242 1202 5298 medicinali
1248 5242 1432 5313 peritia
1477 5242 1788 5301 subvenitur
1815 5243 2051 5301 homini-

454 5336 582 5404 bus;
615 5335 708 5392 Dei
733 5350 895 5406 opera
920 5334 1131 5406 culpata
1158 5336 1530 5393 emendantur.
1559 5336 1689 5406 Quis
1713 5339 1856 5395 enim
1888 5354 2052 5397 verax

460 5431 559 5505 Dei
599 5430 775 5487 cultor
815 5430 1041 5501 ignorat,
1070 5429 1212 5500 quod
1241 5431 1373 5486 tales
1409 5430 1487 5485 sic
1517 5431 1662 5488 nasci
1689 5434 1968 5503 oportebat
1994 5444 2056 5491 ut

454 5522 571 5578 nati
599 5519 882 5578 stint?Sed
905 5521 1065 5577 etiam
1092 5519 1197 5577 hoc
1222 5522 1453 5591 pertinet
1471 5522 1538 5576 ad
1558 5539 1825 5580 aerumnas
1838 5528 2051 5597 generis

460 5611 704 5680 hmani,
733 5611 787 5668 in
816 5612 1009 5684 quibus
1053 5624 1280 5684 aguntur
1305 5614 1360 5669 hi
1387 5613 1408 5646 ⁸
1433 5613 1551 5670 dies
1574 5617 1717 5681 mali.
1736 5617 1885 5686 justo
1905 5618 2053 5691 judi-

460 5744 487 5778 ,‘
527 5707 822 5778 tsicgmt.
995 5720 1113 5761 vero
1147 5716 1253 5759 Mss.
1289 5720 1401 5760 cum
1438 5707 1748 5774 edit'mJoco,
1781 5711 2053 5778 am'ﬁcent;

465 5764 706 5830 ferebant,
729 5764 991 5835 acceptam.
1584 5764 1595 5770 ⁷
1732 5764 1747 5774 ’

528 5833 549 5906 ξ
579 5829 1127 5906 adiecimus,
1152 5846 1219 5885 ex
1242 5839 1469 5886 veterum
1488 5835 1708 5886 codicum
1722 5836 1835 5888 tide.

527 5894 549 5928 ³
579 5892 738 5961 Vign.,
759 5892 1011 5960 I862,
1041 5894 1110 5949 In.

1127 405 1375 466 OPERIS
1409 402 1820 463 IMPERFECTI
1858 394 2133 461 CONTRA
2168 398 2529 473 dULlANUM,
2568 405 2628 463 S.
2669 400 3035 467 AUGUSTINI

2158 518 2246 575 elo
2291 519 2405 587 D‘ei,
2454 520 2744 588 laboribus;
2788 521 3081 591 doloribus,
3143 524 3443 594 timoribus,
3498 528 3755 598 periculis

2157 611 2300 684 pleni
2330 629 2346 667 :
2375 608 2494 684 ςυω
2517 615 2697 670 ontuia
2726 617 2861 671 mala
2890 616 3031 673 absit
3057 624 3116 672 ut
3138 626 3320 674 eaSent
3360 619 3419 674 in
3461 619 3549 674 illa
3578 619 3752 676 Mici-

2157 711 2266 761 tate
2292 706 2559 777 paradisi;
2604 720 2669 763 ac
2716 722 2811 778 per
2849 707 2952 764 hoc
2986 722 3090 764 non
3127 711 3518 781 pullulaverunt
3550 712 3652 767 nisi
3684 711 3758 768 de

2158 795 2338 855 radice
2367 796 2590 869 peccati.
2628 799 2803 868 Quid?
2838 798 2952 872 ipsa
2983 799 3214 873 ingenia,
3244 802 3291 858 si
3333 803 3667 859 dimittantur
3695 813 3755 860 ut

2159 900 2283 947 nata
2307 903 2450 960 sunt,
2476 904 2576 949 nec
2601 893 2859 950 doctrinis
2882 895 3173 952 solertibus
3207 897 3520 954 excolantur
3566 898 3753 955 labore

2158 998 2351 1058 magno
2387 982 2692 1041 docentium
2734 995 2895 1059 atque
2928 988 3271 1057 discentium;
3311 1004 3489 1048 nonne
3525 996 3753 1061 apparat

2158 1079 2336 1151 qualia
2367 1078 2751 1135 remanebunt?
2778 1079 2885 1137 Sed
2911 1096 3007 1138 vos
3030 1081 3332 1138 hominibus
3361 1092 3413 1138 et
3439 1090 3667 1154 corpore
3694 1092 3753 1140 et

2158 1171 2339 1225 animo
2356 1169 2547 1226 vitioso
2572 1171 2711 1225 natis
2730 1180 2963 1227 vestrum
2986 1172 3201 1242 implete
3231 1173 3556 1243 paradisum,
3583 1183 3643 1229 ut
3670 1175 3757 1229 in-

2158 1260 2382 1317 feliciter
2406 1261 2573 1317 oculis
2596 1262 2813 1329 clausis,
2834 1272 2889 1317 et
2908 1262 3246 1334 impudenter
3271 1279 3366 1320 ore
3390 1274 3758 1339 apertenege-

2160 1352 2228 1408 tis
2247 1351 2503 1422 originale
2526 1362 2822 1423 peccatum.

2231 1444 2455 1500 CLXIII.
2481 1445 2601 1501 Jun.
2622 1447 2998 1503 Probabllitate
3022 1448 3202 1520 itaque
3222 1458 3278 1505 et
3292 1464 3356 1505 ea
3381 1446 3758 1509 medhtcrltate

2157 1537 2373 1594 laudum
2413 1553 2534 1610 qua:
2568 1539 2771 1597 naturis
2808 1539 3049 1606 debetur,
3090 1542 3251 1597 etiam
3306 1542 3361 1598 in
3408 1545 3758 1601 mseentibus

2159 1633 2460 1704 quibusque
2482 1645 2715 1700 servata,
2746 1644 3028 1705 augmenta
3050 1635 3428 1692 beneﬁciorum
3448 1635 3757 1694 divinorum

2161 1726 2311 1783 utilia
2335 1741 2455 1783 esse
2480 1732 2537 1783 et
2563 1729 2863 1784 nece8saria
2892 1728 3138 1783 omnibus
3171 1729 3224 1784 in
3259 1734 3544 1785 commune
3574 1731 3755 1788 :t-tati—

2158 1818 2261 1874 bus
2284 1819 2545 1874 dicimus:
2578 1819 2651 1874 ita
2681 1826 2857 1874 tamen
2889 1829 3075 1874 utnec
3099 1823 3288 1887 virtus,
3320 1834 3420 1876 nec
3448 1831 3755 1891 peccatum,

2156 1912 2280 1968 sine
2306 1911 2521 1983 propria
2550 1911 2797 1981 cuiquam
2826 1911 3100 1966 voluntate
3130 1910 3411 1966 tribuatur.

2233 2003 2366 2060 Aue.
2393 2002 2512 2060 Non
2540 2002 2789 2058 tribuitur
2810 2003 3058 2073 cuiquam
3079 2003 3248 2057 virtus
3270 2003 3389 2058 sine
3412 2003 3626 2073 propria
3652 2019 3759 2059 vo—

2162 2096 2363 2151 luntate
2390 2113 2407 2150 :
2437 2096 2529 2150 sed
2572 2104 2900 2166 praeparatur
2944 2096 3188 2150 voluntas
3224 2110 3258 2149 ι
3301 2094 3526 2151 Domino
3562 2095 3756 2167 (Prov.

2161 2205 2273 2255 vin;
2300 2206 2401 2245 sec.
2432 2188 2620 2261 LXX),
2649 2190 2786 2244 sicut
2810 2188 2953 2261 regis
2976 2188 3143 2256 illius;
3172 2198 3390 2261 propter
3408 2189 3553 2261 quod
3579 2190 3760 2246 oravit

2162 2279 2355 2339 Esther
2375 2280 2586 2352 (Esther
2609 2280 2726 2352 xv).

2232 2374 2459 2431 CLXIV:
2507 2374 2628 2431 ius.
2674 2373 2927 2443 Quamvis
2971 2373 3025 2429 in
3067 2372 3171 2430 hoc
3206 2388 3420 2446 qttoque
3467 2374 3759 2431 clementia

2163 2469 2255 2525 Dei
2280 2468 2498 2523 uberior
2522 2466 2868 2537 approbetur,
2891 2466 3145 2537 quoniam
3170 2466 3468 2522 sanctiﬁcat
3502 2468 3762 2537 parvulos

2163 2564 2462 2619 nescientes
2492 2579 2507 2616 :
2539 2561 2605 2616 ad
2632 2559 2847 2616 laudem
2873 2560 3069 2632 quippe
3090 2560 3472 2615 misericordiae
3491 2561 3715 2631 respicit
3740 2578 3757 2615 :

2162 2672 2282 2712 cum
2304 2672 2397 2711 eos
2419 2654 2715 2710 nescientes
2741 2654 2898 2726 culpa
2925 2669 3030 2709 non
3050 2655 3324 2726 inquinet;
3350 2653 3420 2710 ad
3438 2654 3585 2727 leges
3608 2655 3761 2713 enim

2158 2748 2216 2803 id
2245 2746 2481 2818 pertinet
2508 2745 2794 2818 aequitatis.

2233 2843 2368 2899 Anc.
2406 2841 2466 2897 Si
2492 2854 2587 2897 eos
2612 2841 2757 2897 nulla
2800 2839 2958 2911 culpa
3004 2838 3269 2912 inquinat,
3296 2855 3393 2897 cur
3428 2854 3538 2898 non
3568 2854 3762 2898 omna

2160 2934 2600 2993 sanctiﬁcanturt
2626 2945 2681 2992 et
2714 2950 2814 2992 cur
2840 2948 3031 2991 omnes
3070 2936 3161 3006 qui
3203 2932 3626 3003 sanctiﬁcantur,
3656 2948 3761 2991 ex-

2160 3028 2480 3086 adﬂantur?

2230 3122 2440 3179 CLXV.
2481 3122 2600 3178 Jun.
2639 3120 2749 3178 Sed
2777 3120 2846 3177 de
2868 3119 2978 3176 illis
3016 3134 3117 3192 ego
3145 3118 3426 3175 virtutibus
3454 3118 3594 3185 dico,
3620 3130 3761 3191 quis

2162 3230 2260 3274 usu
2288 3218 2396 3289 jam
2428 3216 2680 3287 perfectae
2707 3216 2929 3273 rationis
2958 3214 2978 3247 ¹
2997 3214 3383 3284 adipiscimur:
3411 3226 3475 3269 ac
3510 3213 3755 3284 peritae,

2156 3315 2283 3384 quia
2314 3310 2366 3366 id
2412 3311 2574 3366 etiam
2616 3309 2728 3375 hic,
2764 3309 2905 3363 sicut
2949 3304 3280 3378 {retinentem
3312 3306 3570 3363 iaculari
3596 3308 3760 3363 nobis

2160 3405 2260 3463 fuit
2282 3412 2527 3470 necesse,
2556 3403 2622 3458 ad
2648 3418 2712 3458 ea
2744 3416 2864 3473 qua:
2893 3398 3170 3458 inferimus
3204 3410 3267 3455 ut
3292 3401 3366 3456 sit
3399 3411 3635 3457 attatms
3674 3402 3759 3457 le-

2158 3509 2300 3565 ctor,
2327 3497 2612 3555 admoneo.
2643 3494 2855 3549 Videbit
2880 3493 3024 3549 enim
3068 3494 3144 3549 ita
3187 3493 3244 3548 in
3286 3494 3435 3549 nullo
3461 3490 3760 3551 Mucia-

2158 3594 2259 3647 nos
2283 3590 2497 3645 dilie'rre
2531 3602 2561 3642 a
2594 3586 2918 3650 Manichaeis,
2949 3594 3007 3641 ut
3040 3601 3144 3642 non
3170 3586 3275 3640 alia
3308 3586 3466 3642 nobis
3501 3586 3763 3657 objiciunt

2158 3692 2594 3756 argumentorum
2619 3682 2755 3745 vice,
2781 3695 2937 3751 quam
2965 3696 3085 3751 quae
3110 3682 3161 3735 in
3180 3695 3369 3737 eorum
3394 3679 3543 3736 libris
3564 3691 3762 3739 tenett-

2157 3788 2266 3837 tur.
2296 3780 2421 3836 Feci
2446 3780 2502 3836 id
2526 3778 2743 3852 quidem
2787 3779 2950 3835 etiam
2986 3780 3046 3834 in
3086 3777 3246 3849 primi
3271 3778 3451 3849 epen's
3471 3777 3579 3832 mei
3610 3775 3759 3833 ﬁbra

2160 3882 2373 3946 quarto.

2232 3966 2369 4023 Anc.
2398 3963 2468 4019 Et
2494 3962 2747 4035 respondi
2771 3962 3037 4024 tibilibro
3061 3972 3188 4017 meo
3218 3969 3404 4017 sexto.

2229 4057 2458 4115 CLXVI.
2483 4052 2600 4113 Jun.
2632 4055 2740 4112 Sed
2760 4056 2880 4126 quia
2900 4064 3023 4125 post
3042 4054 3330 4110 editionem
3350 4054 3582 4121 illorum,
3599 4058 3759 4109 oram

2162 4158 2273 4220 tuo,
2312 4152 2620 4208 beatissime
2658 4156 2810 4221 pater
2840 4148 3022 4214 Flore,
3053 4147 3197 4218 apud
3234 4147 3758 4219 Constantinopoli]

2157 4244 2432 4302 Manichaci
2458 4245 2679 4317 epistola
2708 4244 2923 4299 inventa
2959 4251 3065 4308 est,
3100 4248 3263 4310 atque
3302 4240 3371 4296 ad
3410 4240 3512 4296 itas
3548 4241 3760 4298 directa

2157 4346 2368 4411 partes;
2390 4348 2556 4409 ‘Opera
2584 4345 2666 4393 est
2692 4338 2868 4407 aliqua
2911 4335 3027 4405 ejus
3066 4334 3325 4401 inserere,
3361 4344 3419 4389 ut
3456 4334 3761 4408 intelligant

2160 4444 2369 4499 omnes,
2417 4431 2559 4488 unde
2608 4432 2726 4487 hinc
2767 4434 2865 4503 pro
2911 4429 3129 4485 traduce
3162 4437 3477 4500 argumenta
3525 4430 3759 4488 desecti-

2158 4522 2305 4582 dant.

2229 4622 2366 4676 Anc.
2412 4616 2693 4688 Quomodo
2743 4614 3057 4686 cujusquam
3108 4620 3260 4670 oratu
3304 4615 3579 4671 inventam
3620 4615 3759 4672 dicis

2158 4713 2436 4784 episwlam
2467 4722 2626 4782 atque
2662 4708 2939 4774 directam,
2991 4709 3037 4763 si
3088 4708 3231 4765 Deus
3270 4724 3376 4763 non
3413 4716 3671 4778 operatur
3696 4709 3759 4765 in

2150 4806 2407 4862 cordibus
2437 4804 2711 4859 hominum
2746 4801 3088 4857 voluntates?
3127 4801 3324 4872 Utique
3362 4801 3526 4856 homo
3548 4803 3644 4872 qui
3672 4803 3761 4857 in-

2158 4898 2323 4965 venit,
2368 4898 2647 4969 epistolam
2693 4898 2961 4952 voluntate
3004 4897 3268 4968 quaesivit,
3312 4898 3405 4951 aut
3438 4897 3759 4953 voluntate’

2158 4991 2352 5062 aliquid
2382 4989 2659 5061 quaerebat
2703 5002 2768 5043 eo
2812 4987 2955 5052 loco,
2997 4988 3085 5042 ubi
3115 5002 3231 5042 eam
3260 4989 3435 5058 potuit
3462 4986 3713 5044 invenire
3741 5008 3756 5056 ;

2158 5078 2250 5138 ant
2275 5080 2393 5137 cuni
2414 5080 2483 5135 do
2503 5080 2663 5135 rebus
2685 5078 2882 5133 talibus
2907 5078 3176 5134 voluntate
3199 5077 3447 5135 homines
3462 5080 3762 5151 {maeren-

2158 5184 2266 5241 tur,
2296 5172 2568 5228 Voluntate
2588 5170 2726 5242 apud
2752 5170 2906 5241 quem
2926 5169 3120 5236 fuerat,
3142 5169 3397 5225 indicavit
3412 5172 3539 5225 eam
3562 5182 3624 5227 se
3651 5168 3758 5228 ha-

2156 5267 2307 5333 bere,
2338 5272 2496 5337 quam
2524 5264 2711 5334 posset
2728 5262 3009 5318 oatendere
3028 5268 3081 5317 et
3105 5261 3304 5317 Valenti
3328 5263 3567 5331 uadere,
3590 5274 3761 5335 quam

2157 5361 2341 5415 volens
2361 5356 2426 5412 ad
2445 5356 2545 5412 has
2576 5363 2754 5427 partes
2780 5363 2833 5409 et
2861 5354 2948 5409 ille
2974 5353 3248 5425 dirigeret,
3286 5364 3342 5409 et
3379 5354 3468 5411 vel
3493 5371 3763 5427 quocum-

2157 5466 2263 5524 que
2284 5450 2391 5504 alio
2410 5447 2572 5504 modo
2593 5460 2811 5517 prorsus
2830 5446 3102 5501 voluntate
3117 5444 3354 5501 nominis
3371 5447 3453 5502 vel
3474 5448 3763 5505 imm

2157 5544 2358 5601 factum
2377 5550 2481 5610 est,
2514 5550 2571 5596 ut
2597 5540 2686 5596 illa
2713 5538 3042 5595 inveniretur
3068 5546 3125 5595 et
3142 5538 3465 5610 dirigeretur
3484 5541 3715 5613 epistola
3741 5558 3760 5609 ;

2148 5646 2212 5694 et
2232 5645 2417 5693 tamen
2454 5642 2642 5692 orante
2671 5632 2889 5691 homine
2924 5629 3059 5689 dicis
3098 5630 3209 5690 hoc
3229 5632 3450 5690 factum.
3489 5631 3601 5690 Cur
3625 5649 3764 5706 ergo

2158 5768 3127 5956 ηέᾓὲηαξέπαοιωῖἔω
3147 5829 3385 5897 σείων
3421 5838 3507 5884 αι
3541 5829 3767 5885 ναίω-υ
