3950 6472
181 395 324 452 1517

180 524 287 563 non
317 508 609 574 conﬁteris,
653 507 769 562 sine
809 505 913 560 ulla
944 503 1240 559 forinsecus
1283 505 1504 584 sonante
1527 495 1766 566 jussione

181 599 352 656 Deum
372 597 581 653 occulto
613 597 867 652 instinctu
893 595 959 650 ad
980 591 1119 666 quod
1146 592 1370 646 voluerit
1401 587 1769 645 efﬁcacissime

182 688 534 762 implendmn,
574 704 873 759 prceparare
897 697 1056 758 atque
1100 685 1333 740 excitare
1364 680 1636 736 hominum
1679 693 1775 732 vo-

182 786 442 851 luntates,
476 785 566 856 qui
595 786 815 840 libermn
840 800 945 838 non
969 781 1212 838 defendis
1237 776 1655 848 intelligendum,
1679 771 1772 828 sed

181 877 624 948 praecipitandum
654 874 865 932 extollis
894 871 1208 930 arbitrium?

254 967 510 1024 CLXVII.
552 968 671 1024 JUL.
719 965 785 1021 Et
825 966 1068 1038 quamvis
1093 964 1200 1035 jam
1232 977 1324 1042 pro
1347 956 1777 1028 concupiscentia

183 1059 266 1114 vel
301 1045 615 1130 voltiptatei
643 1059 842 1127 carnis,
872 1074 988 1127 ιιιιιυ
1017 1057 1177 1110 etiam
1221 1049 1382 1108 libido
1413 1049 1626 1117 dicitur,
1659 1065 1778 1119 quae

185 1152 404 1207 sexibtts
434 1152 502 1207 ob
534 1133 832 1206 virilitatem
860 1146 1248 1221 propagationis
1269 1146 1465 1200 inserta
1486 1152 1587 1208 est,
1610 1142 1780 1212 primo

186 1243 278 1298 illo
307 1245 572 1313 opusculo
602 1251 821 1298 eatenus
847 1241 1248 1312 disputaverim,
1279 1248 1334 1292 ut
1356 1237 1603 1292 docerem
1629 1236 1780 1288 istam

187 1334 316 1389 nihil
347 1319 493 1389 aliud
515 1351 652 1401 esse,
684 1352 841 1406 quam
866 1351 1024 1389 unam
1054 1332 1120 1388 de
1151 1331 1517 1386 instrumentis
1543 1327 1782 1397 corporis

187 1426 541 1481 ratiOnalibus
587 1435 641 1481 et
683 1423 1082 1481 irrationalibus
1126 1438 1277 1493 atque
1317 1421 1557 1484 inditam,
1598 1418 1663 1472 ad
1695 1418 1782 1472 Dei

189 1535 408 1590 operam
441 1519 816 1592 pertinentem,
845 1519 934 1592 qui
961 1534 1176 1574 carnem
1200 1527 1433 1571 nostram
1459 1516 1509 1568 in
1540 1512 1785 1568 sensibus

189 1605 459 1669 aﬁ'eciss'et
493 1633 504 1668 :
548 1625 724 1669 tamen
755 1615 876 1685 quia
919 1613 968 1668 ei
1003 1621 1056 1668 et
1087 1611 1432 1668 vehementer
1461 1606 1786 1679 Augustinus

191 1705 472 1774 incumbit,
495 1711 721 1777 eamque
750 1703 876 1762 dicit
907 1706 1122 1773 malam,
1165 1701 1216 1759 id
1242 1712 1342 1769 est,
1374 1711 1640 1773 peccatmn
1669 1714 1787 1754 esse

193 1797 459 1863 naturale,
492 1808 652 1870 atque
683 1799 919 1853 oumium
949 1806 1292 1869 peccatorum
1321 1806 1615 1866 parentem,
1646 1792 1788 1864 quod

192 1887 399 1958 pudore
447 1890 563 1960 ejus
605 1890 936 1961 potissimum
980 1889 1299 1961 persuadere
1326 1897 1566 1954 conatur,
1599 1899 1790 1956 meque

193 1979 405 2046 irridet,
435 1980 526 2052 qui
557 1997 674 2037 eam
705 1973 1015 2038 erubescam
1049 1982 1324 2036 nominare
1355 1979 1597 2034 directim
1633 1996 1644 2031 :

264 2072 407 2128 Anc.
436 2059 549 2143 Ego
574 2072 1058 2142 concupiscentiam
1090 2071 1286 2135 carnis,
1313 2087 1417 2141 qtta
1442 2085 1568 2123 caro
1594 2082 1792 2124 concu-

195 2164 357 2234 piscit
387 2163 648 2220 adverSuS
676 2165 940 2235 spiritum,
972 2175 1024 2220 et
1050 2181 1166 2236 quae
1197 2159 1357 2219 libido
1386 2163 1544 2217 etiam
1586 2176 1794 2215 nuncu—

195 2272 376 2328 patur,
401 2261 595 2313 malam
623 2275 743 2315 esse
771 2259 925 2324 dico;
974 2275 1114 2314 nunc
1157 2259 1210 2313 in
1255 2256 1354 2314 hac
1395 2274 1556 2312 carne
1584 2257 1797 2311 frenan—

197 2351 343 2417 dam,
386 2360 441 2407 et
482 2354 619 2408 bo'na
659 2354 1044 2408 consuetudine
1091 2351 1462 2420 minuendam;
1516 2353 1567 2406 in
1599 2359 1794 2404 aeterna

196 2461 326 2500 vero
355 2447 464 2499 vita
491 2447 636 2500 Omni
664 2445 728 2502 ex
771 2458 918 2516 parte
943 2446 1258 2512 sanandam,
1288 2462 1415 2512 non,
1445 2446 1592 2516 quasi
1620 2443 1797 2498 addita

199 2537 283 2592 vel
313 2539 608 2592 commixta
639 2539 790 2593 nobis
812 2538 969 2594 fuerit
990 2533 1163 2610 aliqua
1188 2540 1323 2594 mala
1345 2535 1661 2602 substantia,
1691 2541 1798 2591 sic-

199 2635 254 2681 ut
295 2626 580 2683 Manicbtei
619 2618 917 2700 desipiunt,
968 2631 1316 2702 Separandam
1346 2628 1361 2682 ’τ
1393 2627 1487 2684 sed
1532 2628 1802 2699 quodlibet

199 2718 265 2774 de
294 2718 386 2772 illa
414 2722 636 2783 sentias,
668 2724 825 2776 talem
853 2733 902 2777 te
947 2723 1111 2788 illam,
1143 2724 1314 2793 qualis
1355 2739 1496 2777 nunc
1523 2731 1624 2789 est,
1653 2730 1709 2775 ut
1735 2721 1802 2776 ad

203 2811 387 2864 illicita
433 2813 784 2882 perpetranda
825 2813 982 2867 etiam
1022 2815 1311 2881 castorum,
1355 2812 1466 2869 sive
1493 2813 1803 2884 conjugato-

201 2917 339 2967 rum,
387 2905 505 2960 εἰη
549 2907 934 2961 continentium
978 2904 1140 2962 'corda
1181 2901 1447 2975 sollicitet,
1480 2915 1533 2962 et
1581 2906 1681 2960 nisi
1713 2921 1803 2960 ro-

202 2997 442 3052 bustiore
480 2999 751 3056 voluntate
789 3001 836 3057 ei
882 2999 1176 3066 resistatur,
1224 3010 1446 3067 evertat,
1477 3001 1530 3055 in
1564 2999 1806 3070 paradiso

201 3094 534 3148 constituere
565 3107 721 3163 posse
747 3093 849 3146 non
870 3093 1164 3160 crederem,
1190 3092 1290 3148 nisi
1321 3093 1370 3147 in
1401 3089 1512 3147 isiis
1531 3093 1634 3146 tuis
1656 3091 1805 3146 libris

202 3198 334 3238 vana
365 3193 418 3239 et
451 3186 636 3238 insana
661 3183 973 3256 loquacitate
1003 3185 1324 3255 plenissimis
1352 3183 1666 3240 invenirem.

270 3269 559 3330 CLXVIII.
591 3272 707 3331 JUL.
754 3271 876 3330 Ideo
920 3285 972 3329 et
1013 3291 1110 3345 ego
1156 3275 1461 3346 qualitatem
1508 3274 1602 3341 rei,
1649 3291 1805 3346 quam

205 3365 478 3435 prioribus
518 3367 730 3436 scriptis
772 3365 1144 3444 distinguendo
1175 3385 1202 3421 a
1250 3359 1526 3442 Maniclnei
1577 3384 1669 3422 ore
1715 3367 1806 3423 de-

206 3458 381 3521 fendi:
422 3470 572 3515 nunc
613 3477 822 3532 quoque
852 3463 1083 3517 breviter
1121 3463 1520 3517 criminatorum
1551 3465 1686 3533 ejus,
1717 3464 1807 3534 qui

207 3557 384 3606 tanien
412 3559 480 3606 se
505 3549 555 3607 ei
585 3553 785 3609 servire
815 3553 1130 3624 proﬁtentur
1153 3555 1366 3622 invitos,
1397 3551 1622 3626 proditi!
1637 3556 1808 3610 vindi-

207 3643 359 3695 cabo;

280 3733 414 3788 Atio.
452 3730 564 3787 Vcs
593 3733 814 3801 potestis
839 3745 1191 3805 congruenter
1215 3737 1413 3792 servire
1441 3737 1665 3793 laudata:
1694 3739 1806 3793 libi-

210 3823 318 3877 dini
350 3840 363 3876 :
392 3833 498 3878 nos
524 3831 699 3878 autem
733 3823 784 3878 i'n
833 3826 1096 3896 adjutorio
1125 3827 1332 3882 Domini
1364 3845 1729 3900 Oppugnamus
1756 3839 1812 3885 et

211 3917 478 3972 vincimus
500 3927 826 3973 accusatam.

280 4011 514 4067 CLXIX.
549 4012 668 4067 JnL.
699 4012 850 4079 Quod
893 4013 1052 4083 igitur
1089 4013 1237 4067 libris
1276 4013 1398 4081 tuis,
1434 4025 1598 4070 senex
1633 4013 1812 4086 Augu-

211 4104 372 4169 stine,
401 4103 670 4159 retinetur
700 4123 712 4158 :
749 4123 767 4156 ι
806 4103 968 4160 libido
1012 4115 1193 4160 exorta
1239 4117 1319 4161 est
1361 4118 1477 4176 post
1513 4118 1810 4178 peccatum,

210 4213 371 4268 quam
399 4198 571 4252 coacti
599 4205 723 4251 sunt
749 4198 924 4252 Velitne
953 4199 1154 4252 Cuttl'usi
1187 4217 1203 4250 ι
1240 4193 1344 4272 (De
1374 4199 1583 4270 Nuptiis
1609 4210 1654 4253 et
1685 4199 1816 4254 Con-

213 4290 548 4360 cupiscemia,
579 4288 664 4343 tib.
689 4288 744 4354 2,
770 4299 820 4343 η.
853 4289 966 4359 56).

284 4384 422 4436 Anc.
461 4379 615 4448 Quod
662 4380 822 4451 igitur
857 4381 1004 4435 libris
1035 4381 1157 4446 tuis,
1183 4381 1392 4448 juvenis
1429 4380 1657 4444 .Iuliane,
1683 4383 1813 4437 reti-

213 4482 422 4528 netur:
462 4480 684 4543 apparet
723 4481 772 4525 te
811 4481 993 4526 COtllf'a
1041 4467 1201 4524 libros
1246 4487 1393 4525 meos
1425 4489 1526 4524 non
1579 4457 1817 4529 invenire

172 4559 344 4660 iquid
374 4567 542 4631 dicas,
570 4577 622 4621 et
650 4581 891 4640 quaerere
912 4567 1221 4631 calumnias,
1247 4582 1376 4636 quas
1404 4566 1556 4621 nobis
1581 4567 1818 4638 loquaci-

193 4658 303 4732 ξιον
328 4667 385 4713 et
411 4658 645 4713 inaniter
672 4660 900 4730 ingeras.

183 4731 208 4798 ἶ
287 4752 502 4808 CLXX.
529 4752 646 4808 ιω..
678 4753 743 4806 Et
772 4754 894 4806 item
929 4771 942 4806 :
978 4769 996 4802 ι
1035 4750 1281 4806 Pudeuda
1310 4749 1528 4806 libidine
1558 4755 1644 4822 qui
1677 4753 1817 4810 licite

198 4841 550 4908 'concumbit,
583 4844 724 4898 malo
753 4844 883 4898 bene
913 4844 1112 4898 utitur:
1141 4843 1230 4913 qui
1252 4844 1426 4897 autem
1453 4841 1653 4905 illicito,
1680 4844 1817 4897 malo

213 4938 366 4993 male
399 4935 589 4992 utitur.
634 4935 853 4990 Rectius
891 4937 1031 4990 enim
1060 4937 1250 5005 accipit
1283 4951 1472 4988 nomen
1504 4937 1625 4990 ntali
1658 4951 1817 5006 quam

179 5008 372 5096 ’boni,
395 5030 540 5085 unde
558 5031 880 5086 erubescunt
906 5038 952 5082 et
978 5030 1102 5083 mali
1125 5038 1176 5084 et
1206 5029 1325 5083 boni
1353 5046 1365 5082 :
1392 5029 1683 5098 meliusque
1704 5046 1820 5084 cre—

214 5123 402 5178 dimus
433 5122 712 5192 Apostolo,
742 5124 829 5192 qui
880 5121 1027 5184 dicit,
1069 5121 1202 5186 Quia
1243 5139 1340 5174 non
1372 5122 1562 5174 habitat
1590 5122 1641 5174 in
1671 5140 1820 5176 carne

212 5233 335 5270 mea
359 5216 549 5269 bonum
581 5233 602 5267 ι
637 5213 820 5287 (Ιὸἱά.)
867 5214 935 5268 Et
975 5214 1098 5269 alibi
1130 5231 1145 5267 :
1186 5231 1205 5264 ι
1239 5213 1352 5267 Νοη
1397 5223 1478 5268 est
1518 5215 1680 5269 libith
1725 5231 1821 5268 nu-

213 5309 458 5380 ptiarum
488 5307 708 5371 bonum,
739 5305 839 5362 sed
866 5307 1166 5362 obscenitas
1195 5307 1550 5376 peccantium,
1583 5309 1818 5363 necessi-

212 5409 308 5455 tas
325 5399 716 5471 generantium,
741 5399 1070 5454 lasciviarum
1087 5398 1266 5462 ardor,
1284 5399 1584 5467 nuptiarum
1606 5400 1775 5468 pudor
1796 5419 1814 5453 ι

217 5486 352 5559 (Id.
387 5487 478 5541 lib.
509 5487 563 5553 1,
594 5503 648 5540 n.
676 5486 789 5557 15).
820 5486 884 5540 Et
912 5485 1038 5539 illud
1069 5503 1082 5538 :
1121 5506 1140 5538 ι
1173 5484 1322 5552 Quod
1355 5494 1530 5554 postea
1562 5501 1818 5557 propaga-

216 5581 375 5635 tione
412 5580 690 5641 fecerunt,
731 5577 832 5633 hoc
860 5587 942 5633 est
969 5578 1220 5633 connubii
1254 5577 1449 5632 bonum
1481 5593 1492 5628 :
1527 5577 1664 5646 quod
1693 5593 1822 5632 vero

215 5673 381 5744 prius
427 5671 741 5727 confusione
781 5677 1063 5737 texerunt,
1113 5668 1213 5724 hoc
1253 5678 1334 5724 est
1379 5669 1822 5738 concupiscentia.

214 5765 454 5822 malum.
485 5764 624 5834 quod
653 5767 781 5818 vitat
808 5764 1005 5834 ubique
1031 5772 1396 5833 conspectum,
1427 5769 1483 5818 et
1507 5761 1697 5832 quierit
1727 5777 1822 5831 pu-

292 5879 312 5910 ¹
343 5883 425 5929 Is.
449 5883 592 5936 Port.,
617 5875 870 5929 voluntate.

1532 378 1734 440 LIBER
1773 373 2086 450 manus.

3318 373 3458 435 «διε

1877 489 2052 546 dendo
2072 498 2334 546 secretum
2366 489 2466 562 (De
2492 487 2700 561 Nuptiis
2729 499 2775 544 et
2804 489 3219 562 Concupiscentia
3239 533 3253 557 ,
3285 489 3371 545 tib.
3406 491 3457 561 I,

1881 600 1933 636 η.
1980 583 2056 652 8).
2107 581 2199 637 Vel
2233 583 2351 636 talia
2372 582 2564 653 quibus
2584 582 2649 636 ad
2673 583 2771 637 hoc
2791 594 3157 654 argumentum
3185 585 3257 638 uti
3297 583 3458 650 soles,

1882 680 2133 733 memoria
2165 687 2250 733 tua
2282 659 2450 748 magis
2477 694 2630 748 quam
2664 679 2876 748 ingenio
2909 680 3107 750 prolata
3135 689 3272 734 sunt.
3300 679 3466 734 Mani-

1881 772 2060 828 clneus
2087 788 2213 844 ergo
2234 773 2461 828 afflictus
2483 783 2584 841 est,
2611 784 2666 826 ut
2695 789 2756 828 ea
2777 790 2894 844 qua:
2921 775 3134 844 putabat
3154 783 3302 828 acuta
3321 790 3468 829 como

1885 854 2142 936 poneret;
2176 875 2231 920 tu
2262 882 2390 920 vero
2432 867 2732 932 frustratus,
2775 868 2864 938 qui
2899 867 3094 937 putasti
3121 866 3285 923 latere
3303 881 3463 939 posse

1884 959 2024 1030 quod
2057 960 2256 1029 legeras
2279 970 2330 1014 et
2361 960 2600 1016 tenebas.

1957 1055 2087 1110 AUG.
2117 1053 2245 1121 Quis
2270 1054 2411 1108 enim
2437 1064 2538 1123 est,
2568 1058 2656 1125 qui
2690 1057 2771 1112 vel
2802 1057 3035 1112 tenuiter
3060 1056 3467 1112 Manichaeorum

1887 1144 2074 1214 dogma
2122 1148 2386 1216 cognovit,
2433 1157 2487 1203 et
2543 1148 2702 1204 lateat
2752 1165 2874 1204 eum
2939 1149 3255 1204 Manicbazos
3295 1150 3474 1208 dicere

1887 1238 2080 1290 malam
2155 1253 2273 1292 esse
2343 1241 2824 1309 concupiscentiam
2896 1242 3112 1300 carnis?
3189 1243 3294 1298 Sed
3368 1259 3475 1298 non

1889 1337 1970 1381 est
2009 1327 2108 1382 hoc
2136 1330 2407 1398 proprium
2439 1331 2700 1404 dogmatis
2742 1349 2926 1388 eorum
2959 1350 3118 1388 :uam
3161 1335 3285 1405 quid
3333 1335 3475 1390 aliud

1889 1417 2017 1472 dicit
2059 1419 2218 1473 etiam
2265 1420 2352 1475 ille
2390 1422 2479 1491 qui
2525 1422 2669 1490 dicit,
2722 1422 2851 1478 Caro
2886 1426 3189 1496 concupiscit
3239 1427 3478 1482 adversus

1890 1511 2146 1582 spiritum,
2201 1513 2407 1584 spiritus
2436 1524 2600 1568 autent
2644 1517 2877 1572 adversus
2930 1522 3299 1574 corneum/tau:
3347 1523 3478 1573 enim

1891 1602 1983 1657 sibi
2013 1603 2220 1658 invicem
2263 1608 2627 1672 adversantur;
2673 1620 2726 1662 ut
2758 1627 2857 1664 non
2886 1627 2944 1664 ea
2972 1628 3086 1682 qua:
3113 1614 3281 1678 vultis,
3324 1615 3485 1686 {acia-

1894 1695 1956 1748 tis
1996 1693 2193 1764 (Calai.
2242 1713 2293 1761 ν,
2344 1698 2472 1770 I7)?
2516 1699 2650 1766 Quid
2694 1701 2834 1756 aliud
2876 1702 3036 1757 etiam
3067 1704 3154 1758 ille
3199 1705 3290 1775 qui
3333 1705 3483 1772 dicit,

1899 1785 2136 1856 Quisquis
2192 1786 2420 1842 dilexerit
2466 1790 2730 1858 mundum,
2800 1809 2900 1848 non
2948 1805 3020 1850 est
3056 1797 3277 1851 Charitas
3314 1797 3486 1852 Patris

1895 1878 1946 1932 in
1985 1880 2074 1934 illo
2102 1895 2120 1934 :
2146 1881 2263 1952 quia
2287 1885 2456 1936 omnia
2495 1899 2606 1954 qua:
2645 1885 2696 1938 in
2737 1887 2922 1940 mundo
2951 1898 3086 1952 sunt,
3128 1890 3486 1960 concupiscen-

1897 1971 1966 2024 tia
2008 1973 2174 2027 carnis
2226 1985 2319 2040 est,
2359 1985 2407 2028 et
2456 1977 2857 2047 concupiscentia
2903 1980 3182 2047 oculorum,
3228 1991 3272 2036 et
3323 1982 3488 2036 ambi-

1900 2061 1969 2115 tio
2013 2063 2224 2129 swculi;
2255 2082 2365 2134 quis
2407 2084 2505 2120 non
2555 2079 2715 2122 estea:
2753 2068 2927 2135 Patre,
2959 2070 3047 2124 sed
3087 2089 3152 2126 ea:
3202 2074 3389 2128 mundo
3411 2083 3487 2129 est

1900 2149 1946 2221 (I
1971 2152 2126 2208 Joan.
2152 2172 2209 2222 ιι,
2238 2145 2320 2220 15,
2366 2159 2488 2229 te)?
2546 2159 2730 2214 Malam
2762 2176 2890 2231 ergo
2936 2178 3056 2218 esse
3091 2166 3490 2236 concupiscen-

1903 2245 2028 2299 tiam
2081 2248 2295 2312 carnis,
2360 2265 2462 2302 non
2523 2252 2738 2322 proprio
2779 2253 3027 2324 dogmate
3087 2256 3362 2312 Maniclnri
3413 2257 3496 2312 di-
3538 2257 3559 2264 ’

1901 2341 2059 2403 cunt;
2109 2337 2248 2410 quod
2294 2331 2470 2396 vident
2519 2345 2607 2414 qui
2648 2346 2772 2399 czeci
2806 2364 2909 2401 non
2956 2357 3098 2416 sunt,
3129 2360 3184 2405 et
3209 2352 3495 2419 Apostolus

1903 2428 2120 2495 dicere;
2200 2431 2292 2486 sed
2365 2431 2776 2490 Manicliaiorum
2840 2441 3109 2508 propriam
3155 2444 3497 2514 virosamque

1907 2523 2225 2577 sententiam
2259 2541 2411 2579 error
2437 2538 2614 2582 vester
2631 2529 2865 2600 adjuvat,
2897 2533 2983 2602 qui
3012 2536 3494 2604 concupiscentiam

1907 2613 2104 2679 carnis,
2128 2614 2209 2667 cui
2234 2656 2246 2678 ,
2280 2617 2455 2671 velitis
2484 2619 2682 2683 nolitis,
2711 2620 2776 2674 ad
2808 2621 2984 2675 illicita
3009 2625 3361 2693 perpetranda
3387 2629 3496 2682 sol-

1908 2701 2131 2758 licitanti
2167 2702 2386 2762 castitas
2416 2707 2711 2765 reluctatur
2731 2752 2746 2776 ,
2786 2715 2992 2782 negatis
3014 2715 3080 2769 de
3111 2727 3329 2785 peccato
3355 2721 3498 2775 acci-

1909 2797 2056 2854 disse
2096 2809 2320 2870 naturae,
2362 2820 2520 2874 quam
2562 2807 2700 2862 Deus
2739 2809 2978 2865 condidit
3027 2799 3240 2868 bonam.
3276 2818 3353 2871 Ac
3400 2818 3499 2885 sic,

1908 2896 2061 2965 agitis
2085 2906 2140 2951 ut
2165 2916 2281 2952 eam
2309 2899 2607 2968 Maniclnei,
2637 2920 2793 2974 quam
2812 2907 3205 2965 etinllictatione
3233 2920 3501 2968 castorum

1912 2995 1966 3041 et
2009 2987 2387 3058 Apostolorum
2438 2994 2744 3049 testimonio
2791 2999 3115 3054 convincunt
3162 3003 3387 3067 malam,
3433 3004 3502 3062 de

1914 3088 2070 3148 gente
2094 3082 2429 3137 tenebrarum
2471 3094 2523 3139 et
2548 3085 2615 3141 de
2638 3088 2771 3140 mala
2800 3091 3094 3146 substantia
3142 3094 3254 3149 Deo
3275 3106 3500 3151 coaeter-

1913 3181 2000 3236 na,
2032 3171 2190 3226 etiam
2225 3171 2415 3243 ipsam,
2456 3193 2560 3231 non
2604 3180 2795 3233 malam
2839 3184 3143 3252 qualitatem
3185 3189 3500 3256 sanandam,

1911 3259 2004 3317 sed
2036 3264 2227 3318 malam
2259 3267 2608 3324 substantiam
2640 3275 2987 3343 separandam
3018 3279 3072 3345 ¹;
3102 3295 3200 3335 nec
3227 3281 3380 3337 bona:
3411 3299 3505 3338 na-

1912 3353 2045 3407 turae
2073 3355 2351 3424 accidisse,
2386 3359 2476 3414 sed
2518 3359 2670 3416 bona:
2707 3376 2910 3422 natura:
2956 3372 3296 3427 commixtam
3341 3374 3504 3432 fuisse

1912 3445 2251 3504 concludant.
2304 3450 2408 3508 Sed
2440 3456 2664 3526 pergite,
2699 3467 2754 3513 et
2785 3461 2935 3516 nobis
2978 3465 3267 3520 calumnias
3296 3468 3362 3523 de
3392 3470 3505 3524 Ma-

1914 3539 2238 3597 nieharoruttt
2269 3557 2420 3616 peste
2460 3549 2716 3605 molimini
2761 3571 2774 3608 :
2818 3571 2950 3624 quos
2997 3560 3064 3611 ita
3113 3560 3396 3631 adjuvatis,
3450 3577 3506 3621 ut

1912 3631 2118 3688 faciatis
2170 3635 2429 3705 invictos;
2471 3641 2572 3696 nisi
2603 3651 2656 3696 et
2683 3659 2778 3699 νινε
2802 3659 2923 3700 cum
2955 3649 3077 3714 illis,
3116 3667 3198 3718 ea,
3229 3669 3348 3724 qua:
3374 3671 3500 3712 vere

1914 3726 2108 3782 invicta
2141 3739 2238 3796 est,
2273 3731 2531 3789 catholica
2562 3738 2784 3792 veritate
2815 3741 3120 3798 vincamini.

1986 3821 2214 3875 CLXXI.
2248 3822 2365 3879 Jun.
2401 3827 2534 3880 Audi
2567 3827 2726 3898 igitur
2755 3843 3071 3905 nuncatquc
3102 3852 3352 3906 agnosce,
3378 3840 3506 3910 quid

1915 3929 2106 3984 parens
2135 3925 2253 3970 tuus
2278 3917 2342 3972 ad
2371 3921 2654 3990 quamdam
2702 3923 2865 3980 ﬁliam
2897 3942 3064 3996 suam,
3103 3939 3335 3988 vestram
3369 3934 3504 3990 scri-

1920 4003 2010 4058 bat
2031 4023 2297 4062 sororem.

1993 4100 2129 4154 Auc.
2163 4099 2415 4157 Convicia
2443 4094 2713 4174 suntista,
2746 4124 2847 4164 nec
2869 4111 3088 4179 urbana,
3112 4114 3206 4169 sed
3240 4132 3394 4173 vana.

1988 4189 2241 4246 CLXXII.
2291 4193 2409 4249 JUL.
2448 4215 2466 4248 ι
2502 4199 2683 4256 Manes
2699 4206 2970 4272 apostolus
2988 4206 3113 4262 Jesu
3141 4209 3358 4275 Christi,
3386 4212 3507 4270 filim

1917 4279 2137 4336 Menocb
2171 4305 2184 4339 :
2216 4284 2395 4344 Gratia
2445 4280 2536 4343 tibi
2579 4301 2633 4344 et
2663 4294 2851 4348 Salusa
2883 4296 2996 4350 Deo
3043 4308 3244 4366 nostro,
3297 4305 3385 4372 qui
3428 4314 3511 4361 est

1919 4393 2102 4431 revera
2134 4395 2291 4433 verus
2321 4381 2477 4459 Deus,
2512 4384 2788 4451 tribuatur,
2834 4388 3052 4458 ipseque
3085 4401 3226 4445 tuam
3271 4406 3506 4452 mentem

1920 4468 2167 4535 illustret,
2213 4481 2266 4526 et
2289 4472 2548 4543 justitiam
2581 4492 2730 4531 suam
2767 4479 2975 4533 tibimet
2995 4483 3194 4536 revelet
3237 4525 3251 4548 ,
3300 4491 3422 4554 quia
3450 4504 3509 4544 es

1921 4562 2111 4617 divime
2145 4565 2326 4636 stirpis
2366 4566 2586 4622 fructus.
2631 4590 2649 4623 ι
2702 4571 2763 4624 Ει
2795 4580 2912 4639 post
2959 4589 3120 4642 pauca
3148 4592 3159 4627 :
3190 4595 3208 4627 ι
3237 4576 3340 4631 Per
3372 4595 3508 4648 quos

1921 4663 1973 4708 et
2018 4666 2072 4708 ut
2116 4657 2415 4726 Splendida,
2447 4679 2464 4711 ›
2494 4661 2682 4730 inquit,
2732 4680 2752 4714 ι
2787 4662 2990 4716 reddita
3034 4681 3112 4732 es,
3167 4672 3510 4738 agnoscendo

1921 4747 2145 4816 qualiter
2173 4751 2322 4820 prius
2352 4751 2535 4820 fueris,
2578 4770 2642 4807 cx
2675 4757 3004 4825 quo'genere
3030 4759 3328 4816 animarum
3357 4779 3509 4819 ema-

1923 4838 2153 4904 naveris,
2206 4841 2346 4910 quod
2390 4852 2471 4898 est
2512 4846 2791 4899 confusum
2841 4850 3087 4904 omnibus
3117 4854 3432 4922 corporibus
3459 4866 3512 4912 et

1923 4933 2220 5002 saporibus,
2266 4943 2318 4989 et
2361 4938 2641 5006 speciebus
2688 4941 2849 4994 variis
2896 4944 3151 4999 cohaeret.
3198 4946 3328 5001 Nam
3375 4950 3511 5005 sicut

1922 5025 2114 5078 animae
2143 5026 2430 5096 gignuntur
2459 5029 2528 5082 'ab
2553 5030 2854 5100 animabus,
2883 5034 2950 5088 ita
2978 5035 3287 5106 figmentum
3313 5057 3510 5112 corpo-

1925 5116 1997 5168 ris
2025 5133 2052 5170 a
2073 5120 2312 5188 corporis
2344 5131 2527 5176 natura
2550 5122 2844 5190 digeritur.
2877 5125 3026 5192 Quod
3047 5143 3174 5199 ergo
3201 5133 3427 5185 nascitur
3448 5134 3511 5186 tle

1924 5224 2091 5266 carne.
2121 5225 2238 5262 caro
2266 5221 2368 5274 est;
2419 5221 2461 5263 et
2492 5214 2625 5280 quod
2650 5215 2711 5268 de
2737 5217 2937 5286 spiritu,
2968 5221 3176 5289 spiritus
3210 5205 3282 5277 est
3307 5239 3327 5277 :
3348 5226 3508 5294 spiri-

1928 5309 2034 5352 tum
2064 5312 2240 5354 autem
2266 5303 2496 5357 animam
2528 5305 2780 5377 intellige,
2832 5310 3008 5365 anima
3032 5312 3098 5368 de
3140 5314 3333 5383 anima,
3384 5331 3510 5372 caro

1925 5393 1992 5447 de
2020 5407 2184 5464 carne
2210 5412 2230 5446 ›
2263 5393 2558 5471 (Μαηὶσξιαῖὶ
2587 5397 2862 5472 Epistola).

1999 5483 2134 5542 AUG.
2167 5484 2220 5541 Si
2248 5486 2422 5541 dicam
2453 5488 2566 5557 tibi,
2603 5491 2758 5546 istam
2793 5475 3069 5549 Manichzei
3107 5477 3384 5568 epistolam
3422 5517 3510 5558 me

1921 5576 2144 5657 omnino
2175 5578 2412 5645 nescire;
2455 5581 2695 5650 quamvis
2720 5599 2900 5638 verum
2931 5584 3124 5654 dicam,
3157 5588 3375 5646 omnino
3403 5607 3511 5648 non

1926 5669 2135 5736 credes,
2168 5680 2220 5725 et
2250 5686 2485 5738 mecum,
2523 5682 2578 5728 ut
2603 5671 2766 5742 soles,
2804 5693 2931 5730 vana
2962 5678 3279 5750 loquacitate
3298 5695 3513 5742 conten-

1927 5808 2780 5924 r("iuilltzi’fuextlss.adjecimus,sed
2816 5811 3341 5888 mame
3378 5832 3524 5894 septa
