3996 6528
446 439 586 498 1819

439 557 556 613 des.
599 552 705 610 Sed
733 551 780 608 si
826 550 930 606 hoc
956 549 1090 605 dixit
1131 549 1486 615 Manichaaus;
1529 547 1655 620 quid
1692 546 1884 601 mirum
1929 550 2032 610 est,

441 646 582 720 quod
603 660 664 701 se
706 646 820 716 ipse
847 643 1146 700 destruxit?
1193 642 1249 698 Si
1275 643 1419 699 enim
1466 643 1604 698 sicut
1629 639 1859 695 hominis
1884 652 2031 704 caro,

439 751 597 797 etiam
643 738 875 795 hominis
903 738 1078 793 anima
1111 738 1344 794 nascitur
1369 739 1482 793 sive
1530 735 1670 790 bona
1706 736 1819 791 sive
1861 732 2030 799 mala;

437 831 571 888 duas
599 831 742 888 enim
769 830 927 886 simul
948 829 1151 885 animas
1176 831 1229 885 in
1263 829 1477 884 homine
1508 844 1613 883 uno
1642 841 1762 884 esse
1781 826 2027 890 delirant,

441 939 602 980 unam
641 923 856 989 malam,
895 923 1112 978 alteram
1159 923 1374 988 bonam,
1418 921 1485 976 de
1514 921 1625 977 suis
1653 919 1924 991 principiis
1953 917 2031 972 di-

438 1016 610 1072 versis
653 1023 963 1071 emanantes
989 1033 1003 1070 :
1033 1015 1078 1070 si
1107 1030 1235 1086 ergo
1289 1013 1526 1069 nascitur
1569 1014 1766 1078 anima,
1819 1011 2032 1082 quando

438 1111 674 1166 nascitur
711 1126 872 1177 caro;
915 1110 1153 1181 profecto
1199 1126 1298 1165 nec
1338 1111 1472 1165 mala
1519 1109 1606 1164 illa
1656 1118 1738 1165 est
1783 1110 1892 1163 Deo
1935 1123 2030 1163 co-

438 1213 659 1269 :eterna,
688 1219 787 1260 nec
807 1213 990 1259 contra
1020 1204 1286 1275 principes
1320 1204 1659 1258 tenebrarum
1702 1203 1863 1267 bona,
1893 1201 2032 1255 sicut

437 1298 553 1367 ejus
581 1306 725 1353 secta
758 1297 972 1368 desipit,
1006 1298 1072 1352 ab
1103 1307 1305 1352 aeterno
1342 1296 1499 1351 Patre
1525 1297 1733 1366 prolata
1775 1302 1879 1350 est.
1921 1292 2029 1349 Sed

437 1406 653 1461 quoquo
674 1390 834 1446 modo
858 1390 1002 1445 dicat
1036 1389 1358 1445 Manichazus
1386 1389 1590 1444 animas
1619 1389 1788 1457 nasci,
1829 1389 1893 1444 ad
1934 1404 2031 1444 nos

437 1482 562 1552 quid
595 1483 846 1552 pertinet,
878 1482 968 1552 qui
995 1485 1156 1538 verba
1187 1482 1276 1537 illa
1306 1482 1554 1550 Domini,
1589 1482 1738 1548 Quod
1766 1491 1938 1536 natum
1960 1491 2031 1537 est

437 1590 502 1628 ea;
527 1591 698 1640 carne,
721 1590 840 1627 caro
860 1583 963 1638 est;
1007 1574 1203 1644 etquod
1232 1584 1408 1628 uatum
1446 1583 1518 1628 est
1547 1573 1609 1629 de
1629 1575 1834 1646 spiritu,
1873 1575 2030 1644 spiri-

439 1675 518 1720 tus
546 1674 620 1720 est
643 1664 820 1738 (Joan.
856 1681 932 1731 ιιι,
965 1664 1059 1734 6);
1107 1682 1212 1719 non
1237 1682 1357 1719 cum
1391 1665 1553 1720 homo
1591 1681 1658 1720 ex
1686 1665 1902 1720 homine
1931 1681 2029 1721 na—

437 1760 622 1824 scitur,
641 1757 735 1814 sed
753 1773 872 1813 cum
887 1773 951 1812 ex
976 1759 1068 1813 Dei
1088 1758 1275 1828 spiritu
1301 1763 1616 1824 renascitur,
1651 1758 1766 1813 ﬁeri
1788 1759 2032 1813 novimus

437 1861 492 1905 et
518 1851 796 1905 tenemus?
840 1849 957 1904 Non
986 1850 1129 1904 enim
1161 1849 1522 1920 evangelicus,
1574 1852 1689 1920 ipse
1719 1858 1862 1904 totus
1885 1851 2030 1906 locus

436 1943 579 1998 aliud
625 1943 884 2012 permittit
927 1943 1170 2014 intelligi.
1219 1944 1410 2011 Quiere
1450 1959 1578 2015 ergo
1617 1944 1808 2013 quibus
1860 1946 2031 2015 possis

438 2035 716 2092 Manichzei
740 2038 834 2093 has
866 2037 1071 2094 fabulas
1095 2039 1361 2107 vendere;
1399 2049 1454 2095 et
1483 2040 1656 2111 potius
1683 2047 1902 2111 propter
1941 2039 2032 2096 illa

437 2147 554 2201 quze
585 2131 832 2202 superius
871 2131 999 2198 dixi,
1035 2132 1303 2204 quomodo
1349 2132 1763 2188 Manichaeorum
1815 2147 1922 2188 non
1958 2133 2031 2189 sis

435 2222 650 2293 adjutor
673 2223 918 2279 ostende.

506 2314 786 2370 CLXXIII.
815 2315 935 2370 Jun.
963 2315 1257 2387 Cognoscis
1295 2330 1514 2385 nempe,
1555 2313 1823 2385 quomodo
1851 2315 2030 2386 signa-

435 2410 642 2466 tissime
664 2410 988 2466 Manichzeus
1019 2411 1291 2465 traducem
1322 2409 1606 2464 conﬁrmet
1630 2409 1948 2476 animarum,
1978 2418 2032 2464 et

434 2519 541 2573 quo
571 2503 875 2558 testimonio
905 2511 1083 2556 utatur
1111 2502 1178 2557 ad
1206 2502 1650 2571 vituperationem
1693 2501 1890 2564 carnis,
1942 2500 2032 2554 illo

435 2597 678 2652 videlicet
710 2597 850 2669 quod
881 2597 934 2651 in
980 2612 1073 2651 ore
1117 2604 1298 2650 vestro
1339 2603 1601 2661 versatur,
1633 2594 1684 2649 id
1726 2604 1828 2662 est,
1882 2593 2033 2660 Quod

437 2691 661 2745 nascitur
687 2689 750 2744 de
773 2707 944 2758 carne,
975 2706 1094 2744 caro
1111 2699 1227 2755 est;
1251 2698 1297 2743 et
1325 2689 1460 2761 quod
1491 2689 1554 2743 de
1572 2689 1754 2760 spiritu
1779 2730 1793 2755 ,
1824 2688 2032 2759 spiritus

435 2788 508 2837 est
543 2779 719 2853 (Joan.
744 2797 822 2849 ιιι,
849 2779 928 2855 6).

509 2877 644 2931 Anc.
671 2875 789 2931 Jam
811 2875 921 2930 dixi
947 2875 1217 2946 quomodo
1247 2889 1345 2930 nos
1371 2875 1692 2945 accipiamus
1726 2873 1840 2929 haec
1863 2873 2026 2930 verba

434 2968 781 3038 evangelica;
812 2968 1062 3039 quoniam
1097 2984 1199 3023 non
1226 2969 1646 3039 generationem,
1684 2968 1776 3022 scd
1806 2983 2031 3037 regenev

435 3066 699 3116 rationem
751 3061 967 3116 docent.
1015 3061 1094 3116 Tu
1137 3061 1245 3129 dic,
1291 3062 1337 3116 si
1392 3070 1561 3132 potes,
1609 3060 1875 3132 quomodo
1923 3076 2028 3116 non

437 3154 660 3226 adjuves
684 3154 964 3210 Manichati
994 3155 1154 3210 verba
1197 3155 1450 3226 sacrilega
1495 3155 1563 3210 de
1598 3155 2030 3224 concupiscentia
2078 3203 2081 3205 _

434 3249 632 3317 carnis,
658 3263 814 3320 quam
837 3257 1118 3320 propterea
1150 3256 1209 3303 tu
1247 3262 1410 3319 negas
1431 3248 1498 3302 de
1527 3247 1901 3316 natura-primi
1929 3246 2030 3302 ho-

420 3341 594 3396 .mints
622 3341 1055 3412 praevaricatione
1075 3339 1254 3394 vitiata
1285 3340 1336 3394 in
1369 3348 1607 3412 nostram
1633 3351 1880 3394 naturam
1907 3353 2032 3410 pro-

435 3433 717 3504 pagatione
778 3433 1144 3500 descendere,
1220 3440 1279 3486 ut
1337 3447 1454 3488 eam
1520 3441 1732 3502 putetur
1779 3431 1869 3487 ille
1922 3431 2033 3487 Deo

435 3536 716 3582 eoaztema:
739 3526 1079 3582 tenebrarum
1101 3526 1242 3596 genti
1273 3525 1568 3582 rectissime
1591 3525 1865 3595 deputare.
1898 3523 2032 3578 lusi-

438 3617 769 3690 pientissime
799 3617 996 3688 quippe
1025 3625 1078 3671 et
1105 3616 1563 3685 impudentissime
1592 3615 1687 3670 abs
1720 3625 1768 3670 te
1810 3625 2033 3684 negatur

436 3711 656 3777 malum,
685 3725 791 3780 quo
815 3723 941 3765 caro
987 3708 1318 3779 concupiscit
1361 3708 1615 3763 adversus
1652 3707 1926 3780 spiritum,
1977 3714 2032 3762 et

436 3812 619 3860 conlta
647 3801 790 3872 quod
813 3810 1068 3873 geruntur
1095 3800 1348 3856 interiora
1377 3799 1515 3855 bella
1541 3808 1835 3855 castorum.

507 3893 785 3951 CLXXIV.
845 3893 965 3950 JUL.
1013 3893 1140 3957 Ideo
1192 3907 1296 3947 non
1345 3891 1522 3946 solum
1567 3877 1887 3961 eloquendo,
1935 3889 2030 3945 sed

437 3989 598 4044 etiam
647 3987 938 4058 repetendo
994 3985 1243 4052 inculcat,
1290 3985 1553 4055 dogmatis
1599 3983 1684 4038 sui
1732 3998 1852 4038 esse
1900 3998 2030 4055 pro-

439 4081 637 4151 prium,
667 4077 940 4134 traducem
969 4078 1272 4132 animarum
1308 4086 1496 4146 putare
1527 4074 1704 4146 :quod
1730 4075 1891 4129 etiam
1935 4089 2031 4144 per

438 4170 842 4226 similitudinem
877 4169 1245 4240 generantium
1276 4183 1561 4238 corporum
1609 4167 1908 4236 approbare
1936 4181 2031 4222 co-

441 4273 589 4319 natur
655 4281 675 4316 t
711 4262 861 4318 Sicut
897 4261 1109 4326 animm,
1148 4279 1166 4313 ι
1199 4261 1390 4330 inquit,
1430 4279 1448 4310 ι
1481 4261 1766 4330 gignuntur
1806 4259 1873 4313 ab
1913 4259 2028 4314 ani-

442 4357 648 4420 mabus,
684 4355 754 4410 ita
794 4354 1100 4425 ﬁgmentum
1131 4353 1370 4421 corporis
1395 4369 1423 4405 a
1451 4353 1690 4421 corporis
1716 4360 1901 4405 natura
1943 4351 2029 4405 di-

441 4452 676 4522 geritur;
700 4459 754 4505 et
774 4450 911 4504 sicut
937 4463 1062 4503 caro
1086 4447 1154 4502 de
1179 4461 1359 4512 carne,
1384 4446 1453 4499 ita
1481 4447 1656 4499 anima
1685 4444 1750 4498 de
1780 4445 1975 4498 anima.
2004 4463 2023 4496 ι

438 4545 541 4601 Sed
574 4558 854 4617 pergamus
881 4541 948 4596 ad
975 4539 1196 4610 reliqua.
1219 4557 1236 4590 ‹
1267 4539 1412 4594 Sicut
1438 4554 1567 4608 ergo
1606 4545 1788 4592 auctor
1823 4537 2029 4592 anitum

441 4655 556 4692 rum
574 4638 713 4691 Deus
728 4644 829 4703 est,
846 4635 915 4690 ita
933 4648 1213 4703 corporum
1231 4641 1414 4686 auctor
1430 4647 1526 4702 per
1541 4632 2026 4702 concupiscentiam

441 4728 684 4782 diabolus
709 4737 808 4793 est,
835 4735 892 4781 ut
919 4727 968 4780 in
991 4725 1276 4781 viseatorio
1295 4723 1493 4778 diaboli
1527 4737 1624 4794 per
1643 4726 2030 4793 concupiscen-

444 4821 567 4875 tiam
599 4819 856 4886 mulieris,
883 4817 1023 4873 uude
1047 4816 1291 4872 diabolus
1321 4825 1633 4886 aucupatur,
1669 4831 1774 4871 non
1801 4816 2027 4882 animas,

441 4914 533 4968 sed
562 4926 809 4982 corpora.
845 4929 865 4964 ι

518 5009 651 5063 Anu.
681 5004 796 5059 Non
823 5018 1068 5073 corpora,
1094 5002 1188 5058 sed
1231 5003 1436 5057 animas
1475 5002 1728 5072 aucupari
1757 5001 2029 5057 diabolum

447 5099 620 5171 potuit
648 5097 824 5154 dicere
851 5095 1171 5152 Manichacus
1197 5113 1208 5149 :
1235 5111 1456 5166 corpora
1482 5097 1624 5150 enim
1653 5095 1781 5150 dicit
1811 5095 1877 5149 ad
1904 5110 2035 5165 gen-

446 5193 514 5248 tis
545 5191 880 5247 tenebrarum
904 5199 1168 5255 naturam,
1191 5189 1332 5244 unde
1357 5199 1438 5244 est
1462 5197 1518 5244 et
1543 5188 1808 5252 diabolus,
1863 5189 2031 5259 perti-

443 5301 590 5342 nere.
610 5282 836 5341 l’roinde
856 5283 1144 5341 secundum
1164 5283 1534 5349 Manichaeum,
1555 5299 1657 5338 non
1675 5299 1898 5355 corpora
1913 5300 2032 5355 quae

444 5380 610 5450 ipsius
633 5389 790 5449 sunt,
836 5379 932 5436 sed
961 5378 1168 5434 animas
1197 5379 1364 5433 bonas
1389 5394 1509 5449 qua:
1539 5380 1704 5448 ipsius
1744 5395 1851 5433 non
1882 5389 2026 5446 sunt,

440 5474 633 5530 dicitur
675 5473 918 5530 diabolus
967 5472 1238 5542 aucupari.
1286 5471 1390 5527 Sed
1438 5471 1573 5527 ﬁdes
1617 5482 1798 5527 nostra
1832 5472 2032 5528 bonum

443 5567 609 5624 Deum
639 5577 935 5622 creatorem
964 5574 1018 5621 et
1043 5565 1340 5620 animarum
1367 5571 1703 5634 etcorpornm
1734 5566 1898 5621 novit.

513 5659 766 5718 CLXXV.
797 5660 914 5718 Jun.
949 5679 968 5713 ι
1003 5659 1127 5716 Sive
1157 5675 1252 5732 per
1278 5658 1473 5725 visum,
1502 5661 1613 5715 sive
1642 5676 1738 5731 per
1759 5671 1953 5717 tactum
1989 5663 2030 5730 ⁸,

443 5755 558 5814 sive
602 5772 698 5828 per
739 5757 998 5824 auditum,
1042 5755 1156 5812 sive
1180 5770 1277 5826 per
1304 5753 1605 5824 odoratum,
1652 5755 1765 5812 sive
1797 5771 1895 5829 per
1938 5773 2034 5829 gu-

507 5978 524 6014 ³
560 5984 614 6037 In
800 5977 1069 6044 exciderat,
1090 5977 1190 6035 sive
1208 5989 1299 6046 per
1319 5981 1516 6033 tuatim.

1121 432 1366 492 OPERIS
1403 429 1816 489 IMPERFECTI
1853 425 2132 487 CONTRA
2167 427 2533 501 JULIANUM,
2573 433 2633 490 S.
2678 432 3047 494 AUGUSTINI

3592 439 3741 496 1520

2141 554 2302 602 stum.
2334 547 2487 604 Tolle
2516 549 2746 621 denique
2775 550 3020 622 malignae
3051 549 3210 621 hujus
3239 550 3424 620 stirpis
3467 551 3735 621 radicem,

2139 646 2194 694 et
2235 640 2411 696 statim
2451 651 2502 697 te
2546 644 2713 712 ipsam
2761 645 3088 715 spiritualem
3130 643 3530 714 contempleris.
3561 646 3742 700 Radix

2137 733 2290 798 enim,
2329 735 2402 789 ait
2428 733 2721 805 Scriptura,
2750 737 2974 791 omnium
3004 739 3252 792 malorum
3273 739 3678 808 concupiscentia
3708 759 3734 791 n

2138 823 2181 896 (1
2224 823 2358 880 Tim.
2390 843 2464 894 vr,
2518 828 2628 901 I0).
2679 829 2835 885 Vides
2860 846 2966 901 quo
2987 831 3173 900 spiritu
3223 839 3278 885 et
3317 840 3534 901 pr0pter
3585 831 3739 902 quod

2137 917 2325 990 dogma
2360 920 2679 978 Manicbarus
2717 924 3202 994 concupiscentiam
3245 927 3424 982 carnis
3469 925 3735 992 incessat,

2138 1009 2275 1066 hanc
2297 1011 2480 1068 dicens
2503 1028 2623 1069 esse
2650 1014 2820 1086 legem
2852 1018 3077 1087 peccati,
3119 1034 3238 1088 quae
3266 1019 3309 1072 si
3338 1033 3368 1072 a
3411 1015 3739 1090 corpoiibus

2136 1101 2456 1172 auferretur,
2483 1106 2811 1176 spiritualem
2837 1123 2895 1164 se
2927 1109 3030 1162 ﬁlia
3063 1109 3197 1180 ejus,
3226 1110 3292 1164 ad
3321 1126 3480 1180 quam
3516 1110 3732 1175 scribit,

2135 1192 2326 1250 factam
2367 1195 2590 1252 videret.
2619 1198 2788 1267 Quam
2820 1201 3123 1268 Opinionem
3154 1201 3346 1272 quibus
3371 1201 3612 1272 Apostoli
3647 1201 3733 1256 ni-

2137 1295 2276 1342 tatur
2321 1288 2640 1346 conﬁrmare
2693 1291 2972 1347 sententiis
3015 1293 3293 1348 audiamus
3323 1311 3336 1348 :
3370 1311 3390 1346 ‹
3421 1291 3552 1348 Caro
3577 1293 3734 1350 enim

2135 1377 2430 1434 adversatur
2454 1383 2676 1452 spiritui,
2709 1385 2831 1454 quia
2874 1384 2978 1439 ﬁlia
3023 1387 3470 1456 concupiscentiae
3513 1393 3633 1452 est;
3673 1396 3724 1439 et

2133 1473 2340 1543 spiritus
2358 1475 2497 1528 carni
2529 1474 2725 1546 (Galat.
2752 1493 2804 1544 v,
2840 1478 2947 1548 l7),
2976 1477 3100 1548 quia
3132 1478 3268 1532 ﬁlius
3292 1476 3485 1533 animae
3507 1487 3611 1533 est.
3653 1496 3674 1529 ι

2206 1569 2341 1624 Anc.
2390 1569 2530 1624 Duas
2563 1571 2890 1626 substantias
2940 1572 2993 1626 in
3041 1572 3219 1627 verbis
3266 1571 3508 1644 Apostoli
3559 1553 3775 1626 Mani?

2134 1657 2314 1714 chzeus
2339 1661 2610 1731 opinatur,
2642 1679 2803 1718 unam
2846 1663 3062 1732 bonam,
3087 1663 3309 1719 alteram
3350 1664 3544 1719 malam
3573 1681 3587 1718 :
3618 1678 3731 1718 non

2107 1767 2294 1806 -unam
2319 1754 2513 1809 bonam
2536 1755 2885 1811 substantiam
2906 1798 2920 1822 ,
2962 1766 3016 1812 et
3040 1757 3264 1812 alteram
3292 1756 3446 1813 bonae
3473 1757 3734 1812 substan-

2135 1844 2223 1898 tiae
2254 1845 2474 1912 vitium,
2525 1863 2592 1902 ex
2636 1849 2793 1918 primi
2833 1849 3064 1904 hominis
3111 1858 3327 1920 peccato
3378 1851 3736 1920 generatione

2135 1945 2487 2005 contractum,
2537 1940 2754 1996 secundi
2794 1939 3028 1997 hominis
3072 1941 3275 2013 justitia
3321 1942 3736 2014 regeneratione

2135 2031 2428 2086 sanandum
2464 2051 2476 2086 :
2509 2033 2653 2103 quod
2699 2043 2754 2089 et
2794 2046 2978 2090 contra
3038 2035 3379 2105 Manichaeos,
3433 2045 3487 2092 et
3539 2044 3736 2091 contra

2137 2132 2552 2194 vos,.tanquam
2605 2126 3009 2183 invictissimum
3053 2129 3242 2198 telum,
3283 2128 3546 2184 catholica
3593 2128 3736 2185 ﬁdes

2135 2213 2343 2270 fortiter
2364 2215 2514 2286 jacit,
2553 2227 2607 2273 et
2632 2228 2883 2291 utrosque
2911 2223 3222 2292 prosternit.

2206 2305 2486 2364 CLXXVI.
2528 2309 2648 2366 Jun.
2688 2310 2944 2384 lntelligis
2992 2325 3223 2371 reiectas
3280 2331 3401 2373 esse
3449 2317 3736 2375 Manichaei

2135 2400 2398 2472 dogmatis
2437 2405 2718 2476 medullas,
2767 2409 2959 2478 quibus
3003 2409 3136 2466 ﬁdes
3182 2421 3359 2467 vestra
3409 2415 3731 2469 concrescit.

2135 2495 2254 2551 Jam
2278 2513 2407 2553 vero
2451 2515 2572 2567 nos,
2624 2499 2674 2554 id
2723 2511 2834 2567 est,
2889 2501 3216 2570 Catholicos,
3273 2506 3441 2577 pergit
3481 2523 3733 2579 arguere.

2142 2608 2160 2642 ι
2185 2591 2359 2659 Quare
2385 2593 2505 2648 vide
2531 2609 2690 2664 quam
2717 2597 2868 2651 stulti
2890 2606 3033 2662 sunt,
3059 2600 3149 2669 qui
3170 2599 3354 2656 dicunt
3379 2600 3478 2655 hoc
3503 2600 3734 2672 ﬁgmen-

2137 2693 2246 2738 tum
2275 2699 2305 2738 a
2347 2685 2458 2740 Deo
2496 2686 2638 2741 bono
2676 2703 2796 2744 esse
2835 2689 3144 2760 conditum,
3186 2691 3327 2764 quod
3369 2694 3504 2748 certi
3545 2702 3674 2749 sunt
3702 2709 3736 2748 a

2134 2776 2324 2846 spiritu
2350 2779 2798 2849 concupiscentiae
2828 2783 2991 2853 gigni.
3027 2802 3048 2836 ›

2206 2871 2342 2926 Auc.
2375 2870 2431 2926 In
2454 2872 2558 2928 hoc
2586 2888 2617 2928 a
2647 2874 2955 2933 Manichazis
2977 2878 3132 2932 simul
3160 2878 3452 2949 arguimur,
3474 2889 3528 2936 et
3557 2894 3656 2934 vos
3678 2889 3737 2936 et

2135 2977 2254 3030 nos,
2287 2966 2538 3034 quoniam
2574 2967 2882 3039 ﬁgmentum
2913 2975 3092 3027 carnis
3129 2987 3159 3027 a
3191 2973 3298 3029 Deo
3339 2973 3480 3030 bono
3516 2975 3736 3046 utrique

2134 3058 2407 3113 conditum
2455 3059 3002 3134 dicimus:5piritum
3050 3081 3179 3123 vero
3233 3067 3732 3138 concupiscentia,

2134 3148 2410 3206 Manichzei
2453 3153 2806 3210 substantiam
2835 3173 2956 3213 esse
3001 3157 3188 3215 dicunt
3235 3160 3455 3227 malam,
3503 3177 3609 3217 non
3652 3163 3736 3216 vi-

2136 3240 2268 3296 tium
2294 3243 2602 3300 substantia:
2625 3246 2798 3314 bonae,
2832 3264 2938 3320 quo
2962 3263 3089 3306 caro
3115 3252 3444 3323 concupiscit
3473 3251 3735 3309 adversus

2137 3334 2412 3403 spiritum;
2445 3336 2588 3408 quod
2615 3337 2680 3394 ad
2707 3355 2801 3395 eos
2830 3341 3231 3412 redarguendos
3259 3344 3484 3399 dicimus
3515 3359 3633 3412 nos,
3679 3353 3738 3402 et

2136 3426 2201 3480 ad
2227 3442 2321 3482 eos
2347 3428 2677 3498 adjuvandus
2718 3433 2923 3502 negatis
2965 3449 3079 3489 vos.
3132 3434 3266 3490 Nam
3305 3436 3428 3506 quia
3472 3436 3730 3506 concupi-

2136 3521 2416 3597 scentiam,
2468 3538 2570 3592 qua
2616 3539 2742 3579 caro
2783 3527 3113 3596 concupiscit
3156 3529 3411 3584 adversus
3461 3530 3733 3600 spiritum,

2136 3614 2295 3668 etiam
2324 3613 2474 3669 vobis
2503 3603 2871 3673 resistentibus
2899 3621 3096 3674 malum
3122 3634 3242 3676 esse
3267 3621 3626 3688 convincunt;
3682 3621 3733 3678 si

2137 3722 2243 3761 non
2274 3717 2374 3770 est,
2429 3717 2489 3762 ut
2526 3709 2742 3778 putatis,
2791 3711 2943 3766 bona:
2983 3711 3294 3767 substantiae
3341 3713 3548 3779 vitium,
3591 3714 3737 3769 mala

2137 3799 2430 3854 substantia
2477 3801 2854 3870 deputabitur;
2892 3804 3032 3875 quod
3060 3814 3142 3860 est
3178 3804 3369 3876 dogma
3413 3805 3739 3862 Manichaeo-

2135 3908 2276 3959 rum,
2310 3895 2587 3951 catholicae
2610 3897 2729 3952 ﬁdei
2759 3898 2908 3953 vobis
2932 3898 3262 3969 adjutoribus
3287 3899 3581 3957 inimicum.

2206 3985 2506 4044 CLXXVII.
2535 3989 2654 4045 Jun.
2701 4011 2720 4044 ‹
2757 3992 2890 4047 Cum
2941 3994 3123 4049 animo
3165 3993 3380 4050 nolente
3410 4004 3624 4062 coeunt,
3677 4006 3739 4054 et

2135 4083 2354 4136 secretis
2376 4083 2668 4153 pudoribus
2710 4096 2934 4155 gerunt,
2986 4101 3094 4157 quo
3121 4098 3362 4160 tempore
3383 4090 3507 4145 odio
3532 4090 3740 4148 habent

2136 4175 2328 4244 lucem,
2363 4178 2438 4231 uti
2485 4193 2552 4232 ne
2592 4177 2998 4234 manifestentur
3029 4195 3190 4250 opera
3217 4198 3420 4238 eorum.
3463 4182 3629 4253 Cujus
3654 4185 3737 4240 rei

2134 4270 2302 4339 gratia
2334 4271 2408 4324 ait
2433 4271 2739 4339 Apostolus,
2771 4271 2891 4327 Non
2921 4283 2993 4327 est
3021 4275 3231 4330 uolentis
3267 4273 3444 4344 (Rom.
3476 4292 3556 4344 ιι,
3591 4277 3691 4348 16)
3718 4295 3736 4345 ;

2136 4371 2194 4418 ut
2220 4364 2588 4431 subaudiatur,
2621 4365 2723 4420 hoc
2742 4381 2892 4436 Opus.
2919 4367 3041 4423 Sive
3071 4368 3211 4424 enim
3233 4369 3430 4424 bonum
3455 4385 3732 4440 geramus,

2138 4472 2244 4511 non
2270 4457 2550 4512 est'carnis
2574 4474 2589 4524 ;
2618 4459 2740 4528 quia
2773 4459 3040 4528 nuutifesta
3066 4469 3181 4515 sunt
3214 4479 3368 4531 opera
3394 4463 3582 4525 carnis,
3613 4478 3736 4533 quc

2135 4558 2250 4601 sunt
2276 4549 2565 4619 fornicatio,
2595 4559 2723 4617 etc.,
2777 4553 2888 4607 sive
2932 4554 3128 4608 malum
3168 4569 3414 4625 geramus
3439 4557 3478 4620 ί,
3513 4571 3619 4610 nou
3645 4566 3737 4611 est

2136 4641 2366 4707 anitum;
2414 4643 2532 4713 quia
2558 4643 2754 4712 fructus
2781 4644 3025 4715 Spiritus,
3071 4663 3191 4716 pax,
3224 4649 3470 4718 gaudium
3494 4658 3568 4703 est
3601 4648 3736 4720 (Ga-

2137 4733 2228 4787 tat.
2261 4749 2314 4800 v,
2349 4735 2436 4800 l9,
2469 4734 2584 4807 22).
2614 4735 2852 4806 Denique
2876 4738 3071 4793 clamat
3099 4747 3153 4794 et
3177 4740 3245 4794 ad
3283 4739 3555 4794 Romanos
3586 4743 3737 4811 Apo-

2137 4828 2306 4882 stolus
2338 4847 2352 4884 :
2385 4829 2506 4884 Non
2545 4830 2728 4884 bonum
2755 4831 2890 4902 quod
2931 4833 3061 4900 volo,
3097 4850 3226 4905 ago;
3255 4834 3345 4888 sed
3370 4836 3560 4888 malum
3606 4852 3735 4907 epe-

2136 4939 2241 4987 ror,
2297 4925 2432 4993 quod
2482 4924 2724 4979 exltorreo
2781 4923 2801 4996 (
2834 4922 2983 4978 Rom.
3013 4942 3104 4992 vn,
3136 4925 3263 4999 l9).
3317 4926 3523 4982 Videtis
3543 4943 3733 4984 vocem

2136 5017 2328 5071 animae
2388 5020 2751 5084 contumacis,
2837 5030 3020 5073 contra
3093 5023 3576 5091 concupiscentiam
3628 5023 3734 5079 de-

2138 5107 2442 5166 fendentem
2507 5111 2804 5166 libertatem
2879 5115 3090 5169 animm.
3149 5115 3372 5170 Dolebat
3430 5117 3574 5171 enim
3604 5118 3734 5186 quia

2137 5214 2435 5274 peccatum,
2466 5203 2517 5258 id
2547 5213 2648 5266 est,
2695 5204 2939 5260 diabolus
2981 5218 3292 5276 Operaretur
3337 5209 3388 5262 in
3425 5224 3484 5263 se
3512 5224 3734 5266 omnem

2137 5301 2639 5370 concupiscentiam.
2693 5299 2903 5372 Legalis
2943 5302 3231 5357 auctoritas
3283 5302 3480 5357 indicat
3527 5305 3732 5359 malum

2137 5392 2272 5461 ejus,
2315 5407 2434 5447 cum
2467 5407 2655 5448 omnes
2675 5393 2791 5462 ejus
2835 5407 2962 5446 usus
2991 5393 3274 5463 vituperat,
3303 5409 3437 5464 quos
3464 5409 3590 5449 caro
3621 5396 3734 5450 mi-

2137 5493 2286 5541 ratur
2303 5496 2358 5541 et
2383 5485 2563 5541 laudat
2589 5502 2602 5538 :
2633 5487 2809 5541 omnis
2849 5487 2991 5541 enim
3023 5486 3320 5542 amaritudo
3341 5487 3734 5558 concupiscen-

2139 5576 2226 5632 tiaa
2255 5577 2431 5632 suavis
2459 5588 2542 5633 est
2566 5577 2797 5643 animae;
2845 5595 2940 5650 per
2971 5594 3128 5649 quam
3171 5579 3405 5634 nutritur
3427 5581 3626 5646 anima,
3670 5589 3735 5636 et

2139 5671 2205 5726 ad
2240 5672 2474 5744 vigorem
2517 5673 2740 5728 accitur.
2802 5673 3036 5743 Denique
3065 5675 3361 5728 coercentis
3396 5689 3456 5729 se
3489 5674 3557 5730 ab
3579 5675 3735 5730 omni

2138 5781 2239 5822 usu
2280 5767 2723 5836 concupiscentia:
2765 5767 2976 5823 animus
3000 5767 3198 5839 vigilat,
3235 5765 3453 5837 ditatur,
3505 5775 3560 5824 et
3607 5781 3738 5824 cm-

2206 5926 2223 5958 ι
2259 5923 2388 5973 Prior
2431 5923 2661 5985 Vignierti
2686 5924 2834 5975 editio
2866 5932 2920 5976 et
2939 5931 3046 5977 Mss.
3079 5932 3192 5976 Har.
3219 5932 3271 5976 et
3290 5921 3412 5976 Clar.
3437 5935 3451 5976 :
3476 5919 3578 5978 sive
3598 5919 3738 5976 eum

2145 5989 2318 6044 bonum
2337 5997 2725 6053 generantia"...
2749 5988 2846 6048 sive
2869 5989 3052 6044 malum
3068 5999 3369 6056 generatim.
