3950 6540
168 444 315 502 1321.

165 532 256 612 scit
363 571 457 625 per
500 568 651 607 usum
697 565 873 606 autent
926 543 1366 617 coueupisccntim
1410 539 1721 598 consuevit‘

162 649 485 701 decrescere.
526 662 544 695 ι
571 641 913 711 Iutelligisne,
944 637 1029 692 vel
1049 651 1170 691 sero
1193 632 1605 705 deprehendisse
1628 643 1726 683 nos

164 734 295 789 unde
320 748 425 788 non
456 731 626 787 solent
648 743 882 800 sapores,
911 724 1005 782 sed
1034 726 1192 781 etiam
1224 718 1555 794 loquereris?
1580 726 1727 773 tanto

160 827 295 879 enim
338 823 647 895 magistrum
689 830 834 876 tuum
883 833 1067 873 amore
1110 812 1498 886 complecteris,
1539 818 1727 866 utnon

162 919 325 972 solum
350 894 642 988 itineribus
687 911 822 983 ejus,
854 909 949 967 sed
997 906 1157 965 etiam
1191 904 1426 977 vestigiis
1470 900 1727 958 insistas:

160 1010 293 1083 quin]
323 1020 378 1065 tu
403 1000 649 1065 omnibus
676 1004 887 1075 scriptis
911 1002 1131 1083 asseris,
1159 1000 1292 1055 sicut
1322 1005 1376 1052 et
1403 995 1477 1050 illi
1507 1009 1639 1066 quos
1660 989 1726 1047 ad

162 1080 451 1171 Marcellini
473 1114 664 1154 nomen
687 1094 922 1159 edidisti,
952 1080 1097 1159 libri,
1129 1099 1183 1146 et
1208 1089 1292 1143 isti
1312 1093 1570 1142 testantur
1595 1084 1741 1154 quos

162 1194 219 1247 ad
248 1191 518 1261 Valerium
549 1186 847 1253 destinasti,
896 1185 1050 1240 istam
1074 1180 1319 1237 videlicet
1351 1176 1732 1261 ettttcupisren-

160 1286 280 1339 tiam
309 1283 508 1347 carnis,
549 1296 706 1352 quam
736 1262 896 1335 etiam
925 1274 1222 1348 pudendam
1248 1266 1448 1338 'vocas,
1470 1260 1477 1267 ’
1499 1284 1593 1341 per
1618 1265 1731 1321 diae

162 1377 334 1432 bolum
354 1374 639 1430 admixtam
666 1385 789 1426 esse
816 1366 1056 1424 humanis
1081 1363 1413 1436 corporibus.

226 1471 362 1523 Asc.
398 1466 481 1521 'l'u
509 1444 660 1520 (enim
703 1476 806 1533 qua
845 1457 1166 1530 impudentia
1201 1451 1495 1526 pudendam
1545 1460 1728 1519 negas,

160 1567 339 1614 contra
383 1571 545 1627 quam
610 1567 773 1619 nunc,
827 1547 1254 1622 quandoquidem
1310 1545 1451 1599 illam
1506 1541 1732 1596 libenter

163 1648 363 1712 laudas,
391 1647 558 1709 miror
586 1643 631 1699 si
658 1641 888 1698 fideliter
907 1638 1147 1695 dimicas.
1175 1632 1398 1705 Quando
1423 1640 1597 1685 autem
1633 1628 1732 1685 mi-

162 1739 391 1795 scebaris
420 1718 596 1800 uxori,
626 1730 869 1804 quamvis
891 1729 1024 1785 nihil
1063 1725 1296 1783 timendo
1322 1723 1434 1777 usui
1463 1735 1732 1776 concessre

162 1829 443 1899 voluptatis
484 1825 768 1893 inhiabas,
823 1828 1089 1880 secretum
1141 1825 1317 1872 tamen
1368 1810 1732 1871 erubescendo

161 1920 451 1992 qumrebas.
488 1913 723 1972 Proinde
761 1912 861 1968 ista
890 1922 981 1967 tua
1023 1917 1289 1976 suscepta,
1321 1904 1365 1960 si
1410 1905 1459 1958 in
1487 1901 1732 1975 paradiso

163 2010 432 2065 hominum
479 2006 703 2063 felicitas
746 2011 1102 2076 permaneret,
1142 2007 1233 2054 aut
1271 1996 1409 2052 nulla
1455 1995 1524 2050 ibi
1569 2002 1728 2059 esset,

161 2112 247 2156 aut
272 2100 449 2155 nullos
478 2112 606 2153 suos
634 2103 809 2152 motus
831 2101 1017 2150 contra
1046 2101 1229 2148 nutum
1260 2087 1544 2143 voluntatis
1579 2100 1732 2140 exse-

162 2201 321 2259 reret,
352 2190 546 2262 quibus
570 2200 789 2259 necesse
817 2192 960 2241 esset
983 2182 1263 2249 obsistere,
1300 2186 1358 2234 ut
1394 2177 1466 2231 illi
1498 2174 1730 2231 felicitati

161 2284 409 2339 bettestas
448 2294 680 2352 congrua
721 2275 1053 2333 redderetur.
1098 2271 1205 2328 Sed
1234 2270 1480 2342 quoniam
1525 2266 1579 2322 in
1617 2264 1733 2336 ejus

163 2374 403 2429 laudibus
439 2386 507 2428 eo
542 2384 711 2441 usque
736 2379 1057 2439 progressus
1098 2378 1179 2430 es,
1224 2372 1282 2416 ut
1306 2360 1577 2415 libidinem
1604 2372 1733 2428 qua-

162 2466 262 2521 lem
296 2478 443 2519 nunc
470 2476 592 2518 esse
627 2460 908 2526 sentimus,
950 2455 1111 2512 talem
1153 2454 1206 2509 in
1232 2450 1477 2525 paradiso
1505 2448 1730 2503 futuram

158 2555 319 2612 tuisse
366 2551 693 2618 contendas,
732 2549 835 2606 sibi
891 2544 1263 2603 reluctantium
1310 2538 1732 2598 sollieitatttetn'

160 2648 315 2704 corda
341 2655 643 2711 castorum;
664 2641 781 2715 quis
804 2656 910 2696 non
940 2637 1137 2706 videat,
1160 2635 1301 2707 quod
1330 2649 1434 2688 non
1455 2630 1731 2702 sapientia,

162 2755 259 2794 non
283 2735 612 2809 eloquentia,
639 2733 733 2790 sed
760 2729 1084 2802 impudentia
1114 2725 1243 2782 mihi
1272 2723 1496 2792 resistis,
1536 2721 1655 2794 quia
1684 2730 1735 2776 te

161 2830 357 2886 victum
405 2824 647 2883 wnliteri
693 2835 945 2895 perverso
996 2817 1201 2891 pudore
1249 2811 1582 2888 prohiberis?
1630 2811 1736 2866 Nos

160 2937 283 2993 ergo
305 2917 487 2976 carnis
506 2911 1006 2986 concupiscentiam,
1037 2925 1137 2966 nec
1159 2905 1508 2964 substantiam
1536 2915 1736 2958 natura!

161 3013 309 3069 mala:
332 3027 458 3068 esse
477 3010 726 3075 dicimus,
752 3004 893 3078 quod
914 3004 1098 3061 dicunt
1114 2998 1417 3064 Manichrci;
1443 3010 1540 3053 nec
1564 2994 1739 3049 onmis

159 3106 270 3176 ejus
288 3118 425 3160 usus
448 3100 766 3173 reprobatur
787 3112 817 3152 a
840 3094 1016 3162 nobis,
1050 3093 1187 3149 sicut
1210 3107 1241 3146 a
1266 3088 1565 3145 Manicbmis
1593 3104 1606 3140 :
1641 3100 1739 3141 nec

160 3211 273 3251 eam
309 3207 505 3250 riu-sus
545 3193 737 3248 bonam
763 3187 1012 3253 dicimus,
1039 3182 1181 3256 quod
1209 3181 1390 3243 dicunt
1432 3177 1694 3248 Pelagiani
1719 3191 1735 3235 :

160 3303 254 3344 nec
271 3288 395 3359 ejus
421 3294 606 3341 contra
624 3283 868 3354 spiritum
894 3287 1072 3335 motus
1091 3274 1333 3332 laudatur
1351 3287 1380 3326 a
1401 3271 1575 3336 nobis,
1603 3269 1740 3324 sicut

160 3396 188 3435 a
219 3377 557 3450 Pelagianis:
578 3373 676 3431 sed
701 3372 927 3429 dicimus
952 3384 1073 3426 eam
1110 3381 1235 3424 esse
1265 3365 1448 3420 vitium
1488 3362 1738 3419 substan-

161 3473 245 3527 tia
267 3462 453 3534 bonae,
488 3464 630 3539 quod
662 3465 716 3520 in
758 3471 995 3518 nostram
1037 3469 1278 3516 naturam
1306 3472 1399 3527 per
1424 3455 1739 3526 pracvarica-

163 3565 358 3618 tionem
372 3559 541 3630 primi
563 3554 793 3615 hominis
812 3567 1027 3633 versum
1047 3560 1153 3618 est,
1177 3548 1318 3618 Quod
1348 3547 1529 3603 dicunt
1549 3544 1739 3602 catha-

161 3656 249 3710 Iici
273 3654 600 3718 Christiani;
633 3652 853 3722 ejusque
877 3648 1003 3705 mali
1040 3661 1169 3702 usus
1204 3644 1382 3700 licitus
1406 3650 1460 3698 et
1483 3642 1740 3696 honestus

162 3748 455 3805 liberorum
486 3740 933 3816 procreandorum
961 3754 1120 3796 causa
1158 3735 1482 3807 approbatur
1508 3747 1539 3787 a
1565 3731 1738 3796 nobis,

160 3841 300 3894 sicut
318 3853 351 3893 a
371 3836 654 3893 catholicis
676 3830 1009 3889 Christianis.
1032 3828 1107 3885 Ita
1143 3837 1197 3887 et
1221 3825 1537 3882 Manichaeos
1560 3832 1614 3879 et
1641 3822 1742 3878 Pe-

162 3924 403 3995 lagianos
435 3935 769 3993 superamus,
804 3929 965 3990 atque
999 3917 1256 3980 vitamus;
1283 3926 1508 3983 quorum
1536 3910 1614 3965 sic
1651 3923 1741 3963 er-

160 4031 333 4080 rores,
362 4024 712 4084 utrorumque
730 4009 929 4067 diversi
953 4017 1097 4074 sunt,
1118 4005 1284 4075 utqui
1313 4002 1520 4058 videtur
1547 4000 1740 4065 minor,

161 4107 282 4176 ipse
325 4106 469 4162 illius
496 4105 585 4176 qui
614 4103 823 4159 videtur
863 4100 1050 4172 major,
1080 4098 1476 4153 demonstretur
1511 4093 1740 4163 adjutor.

158 4196 319 4265 Quod
339 4197 487 4252 enim
517 4196 710 4251 malum
733 4206 856 4250 esse
881 4192 1013 4246 satis
1046 4187 1320 4244 evidenter
1345 4193 1584 4255 apparet,
1615 4183 1741 4237 dum

158 4286 437 4357 Pelagiani
467 4293 665 4357 negant
683 4299 801 4340 esse
822 4282 1004 4338 vitium
1034 4279 1189 4336 boote
1213 4275 1543 4341 substantim,
1572 4274 1740 4329 Mani-

160 4376 346 4435 chaee
376 4376 650 4446 adjuvant,
678 4374 769 4444 qui
794 4372 978 4428 vitium
1006 4370 1179 4441 ipsum
1203 4367 1395 4423 malent
1418 4366 1601 4422 dicunt
1626 4378 1744 4421 esse

150 4467 541 4532 substantiam,
571 4466 697 4522 boni
723 4464 818 4520 Dei
846 4461 1154 4519 substantia:
1176 4466 1517 4516 coaeternam.

234 4556 565 4614 CLXXVIII.
601 4555 723 4612 Jun.
761 4555 910 4610 lianc
950 4567 1069 4608 esse
1121 4549 1319 4621 peccati
1362 4548 1544 4614 ﬁliam,
1588 4554 1746 4617 atque

152 4650 393 4705 aliorum
420 4656 763 4719 peccatorum
796 4652 1044 4710 matrem,
1071 4651 1121 4697 et
1162 4640 1228 4696 de
1257 4654 1319 4695 ea
1345 4638 1592 4709 conqueri
1619 4651 1746 4706 apo-

154 4740 363 4795 stolum
402 4739 646 4804 Paulum,
678 4751 799 4792 cum
837 4735 987 4801 dicit,
1025 4732 1147 4790 Scio
1179 4732 1297 4802 quia
1338 4746 1437 4785 non
1479 4728 1667 4784 habitat
1692 4729 1747 4784 in

151 4846 323 4885 carm
353 4847 466 4885 mea
508 4829 727 4893 bonum;
774 4835 849 4893 et,
899 4825 1020 4880 Non
1064 4822 1198 4895 quod
1245 4820 1357 4877 volo
1403 4823 1610 4886 bonum,
1652 4821 1748 4875 hac

148 4939 305 4993 ’,οἱ
343 4923 433 4977 sed
459 4921 598 4993 quod
633 4921 771 4988 odio,
813 4918 943 4974 illud
972 4917 1105 4989 facio
1153 4914 1324 4988 (Rom.
1361 4928 1456 4981 vn,
1490 4913 1577 4981 18,
1611 4913 1744 4984 15)ε

144 5014 317 5085 quod
350 5028 565 5084 semper
604 5028 635 5067 a
660 5010 947 5069 Catholicis
985 5011 1054 5064 ita
1095 5007 1392 5078 eXpositum
1422 5014 1525 5071 est,
1556 5014 1616 5059 ut
1641 5021 1746 5061 non

147 5105 227 5159 ad
256 5112 463 5160 natura:
492 5102 785 5168 infamiam,
815 5102 910 5158 sed
933 5100 1000 5156 ad
1029 5097 1425 5180 consuetudinis
1462 5095 1749 5151 referretur

143 5198 446 5251 invidiam.

229 5290 379 5344 Anc.
418 5287 498 5342 Ita
524 5301 656 5341 vero
681 5284 974 5341 catholicus
1011 5290 1067 5337 tu
1098 5287 1274 5347 es,.et
1309 5276 1622 5333 Ambrosius
1661 5289 1751 5330 ea-

138 5380 403 5435 lisolicus
420 5394 527 5435 non
548 5378 668 5434 est?
688 5377 802 5432 Non
829 5384 995 5453 usque
1012 5373 1147 5429 adeo
1165 5377 1492 5428 evanuerunt
1509 5368 1751 5423 homines

137 5481 365 5528 vestra:
398 5472 646 5542 contagio
671 5470 937 5535 vanitatis,
977 5479 1339 5538 quoscumque
1377 5463 1622 5532 decipere
1650 5476 1746 5530 po-

122 5563 372 5629 tuistis,
402 5573 459 5618 ut
496 5563 598 5619 hoc
628 5560 859 5619 audeant
887 5560 938 5614 in
966 5557 1197 5612 animum
1226 5555 1494 5611 inducere.
1525 5552 1751 5608 Proinde

134 5653 449 5724 paulisper
473 5651 710 5707 attende.
755 5649 1080 5705 Discordiam
1113 5645 1289 5703 carnis
1330 5654 1385 5701 et
1421 5643 1656 5715 spiritus,
1685 5641 1749 5695 de

210 5796 232 5826 ὁ
284 5791 427 5849 mitti,
452 5789 677 5840 demetit.
703 5787 1104 5853 Emendanturex
1130 5782 1474 5853 manttseriptis.

212 5855 240 5885 ³
291 5857 361 5899 lix
382 5844 804 5914 niannseriptorum
829 5851 858 5898 II
877 5852 923 5897 le
945 5848 1162 5899 addimus
1183 5882 1195 5906 ,
1221 5844 1561 5894 sollicitantem.

460 5941 686 6000 SANCT.
738 5940 1010 5995 Atsousr.
1059 5932 1139 5990 Χ.

1494 425 1694 497 LIBER
1732 421 2044 480 manus.

1833 553 1935 607 qua
1955 538 2206 608 scriptum
2236 547 2336 606 cst,
2368 538 2486 593 Scio
2511 540 2630 609 quia
2659 557 2754 594 non
2786 541 2974 596 habitat
3003 544 3053 597 in
3083 560 3181 609 me,
3207 543 3309 599 Itoc'
3330 553 3407 599 est

1831 628 1884 681 in
1907 625 2059 684 eunte
2086 646 2213 694 mea,
2246 628 2428 684 bonum
2451 646 2469 684 :
2496 630 2621 685 velle
2656 632 2787 685 enim
2826 633 3020 704 adjuvet
3059 637 3215 701 mihi;
3246 638 3404 708 per/i-

1830 735 1942 775 cere
1978 730 2142 776 autent
2177 722 2381 789 bonum,
2413 740 2532 790 non,
2566 733 2620 780 et
2659 735 2849 781 caztera
2878 725 3214 797 hujnsmodi;
3247 740 3408 801 atque
3486 729 3491 735 ’

1833 808 1960 864 illud
2014 811 2181 866 multo
2226 813 2584 881 manifestius,
2635 812 2764 869 Caro
2811 817 3116 887 concupiscit
3163 820 3404 876 adversus

1832 900 2084 971 spiritum,
2133 903 2337 974 spiritus
2377 913 2543 977 autem
2586 904 2824 961 adversus
2864 923 3106 963 carnem:
3133 909 3238 964 lure
3275 911 3409 965 enim

1832 993 2042 1048 invicem
2096 995 2457 1062 adversantur;
2499 1004 2553 1050 ut
2598 1013 2699 1050 non
2740 1013 2799 1051 ea
2852 1013 2966 1068 qua
3006 998 3158 1054 vultis
3211 1001 3411 1069 faciatis

1835 1080 2030 1155 (Galat.
2061 1100 2113 1151 v,
2147 1083 2234 1157 t7)
2264 1103 2277 1140 :
2304 1101 2422 1141 esse
2468 1087 2522 1141 in
2564 1085 2864 1143 hominibus
2910 1102 3012 1145 nec
3057 1103 3154 1144 nos
3192 1090 3408 1145 dubita-

1834 1190 1972 1243 mus,
2003 1191 2104 1232 nec
2131 1191 2244 1240 vos,
2268 1193 2369 1233 nec
2396 1177 2670 1234 Manichtei
2695 1198 2709 1235 :
2735 1178 2829 1235 sed
2858 1180 3000 1236 unde
3025 1181 3092 1236 sit
3115 1180 3166 1238 iu
3196 1182 3411 1238 homine

1835 1278 1942 1320 uno
1981 1265 2079 1320 ista
2098 1266 2382 1334 discordia,
2412 1268 2537 1325 inde
2572 1268 2833 1327 dissensio
2861 1279 2964 1338 est,
3005 1279 3058 1326 et
3091 1280 3201 1328 tres
3232 1273 3412 1343 profe—

1834 1365 2025 1412 runtur
2045 1357 2098 1412 in
2126 1357 2223 1414 hac
2247 1354 2580 1416 dissensione
2602 1361 2908 1429 sententias;
2949 1377 3053 1418 una
3080 1372 3282 1432 nostra,
3315 1379 3414 1420 ve.

1834 1458 1945 1504 stra
1970 1450 2159 1518 altera,
2183 1452 2336 1508 tertia
2375 1452 2803 1509 Manichaeorum.
2840 1454 2947 1511 Sed
2972 1469 3040 1511 ne
3075 1465 3408 1527 arroganter,

1834 1541 1921 1595 vel
1963 1540 2223 1598 fallaciter
2264 1542 2418 1598 vobis
2465 1543 2642 1600 dicere
2688 1543 2959 1599 videamur
3006 1553 3240 1602 nostram
3288 1563 3410 1604 esse

1833 1632 2168 1702 catholicam,
2216 1633 2305 1690 ille
2347 1649 2466 1691 eam
2509 1635 2764 1707 proferat,
2809 1636 2962 1707 cujus
3003 1636 3163 1694 iidem
3209 1647 3264 1696 et
3301 1655 3406 1710 pu-

1834 1724 2101 1780 rissimum
2132 1726 2184 1781 in
2221 1725 2510 1797 Scripturis
2548 1741 2786 1793 sensum,
2830 1728 2967 1784 sicut
3006 1744 3129 1785 eum
3157 1730 3413 1800 prtedicat

1833 1826 2010 1873 vester
2036 1817 2147 1889 ipse
2188 1816 2452 1889 Pelagius,
2492 1832 2560 1874 ne
2599 1817 2845 1873 inimicus
2880 1818 3092 1889 quidem
3127 1834 3289 1876 ausus
3328 1829 3414 1876 est

1835 1909 2226 1979 reprehendere
2247 1909 2347 1984 (a).
2377 1910 2514 1965 Dicit
2533 1925 2661 1980 ergo
2678 1910 3012 1979 Ambrosius,
3041 1914 3178 1967 hanc
3206 1911 3412 1969 discor-

1834 1999 1974 2055 diam
2004 2001 2180 2071 carnis
2221 2010 2275 2055 et
2316 2001 2552 2074 spiritus,
2598 2015 2693 2071 per
2729 2001 3215 2072 pnevaricationem
3254 2003 3413 2072 primi

1836 2089 2064 2146 hominis
2088 2090 2345 2146 accidisse
2367 2100 2560 2146 nostra:
2585 2099 2788 2146 natura:
2812 2090 2944 2165 (Lib.
2972 2090 3005 2146 7
3033 2093 3086 2146 in
3111 2091 3235 2147 Luc.
3267 2094 3362 2164 xu)
3393 2112 3407 2146 :

1834 2196 1930 2237 vos
1949 2191 2124 2237 autem
2157 2180 2352 2249 dicitis,
2379 2198 2443 2239 ex
2470 2183 2520 2238 vi
2547 2183 2944 2240 consuetudinis
2970 2199 2988 2239 :
3025 2183 3297 2240 Manichtci
3324 2184 3409 2241 di-

1835 2284 1981 2339 cunt,
2016 2288 2082 2342 ex
2107 2274 2482 2330 commixtione
2509 2274 2730 2329 duarum
2772 2282 3078 2330 naturarum
3110 2283 3408 2332 cozeterna-

1836 2381 1975 2432 rmn,
2008 2363 2131 2419 boni
2175 2365 2379 2421 scilicet
2423 2376 2476 2421 et
2516 2366 2659 2420 mali.
2699 2367 2943 2422 Poteram
2964 2367 3076 2438 jam
3109 2367 3308 2435 dicere,
3354 2379 3414 2425 ut

1835 2456 1997 2528 eligat
2020 2456 2210 2513 horum
2240 2459 2399 2513 trium
2420 2458 2557 2529 quod
2580 2460 2823 2524 voluerit,
2849 2461 2939 2531 qui
2965 2461 3079 2516 vult
3112 2462 3409 2518 catholicus

1837 2563 2173 2618 permanere.
2203 2548 2387 2620 Neque
2415 2550 2555 2605 enim
2579 2551 2765 2606 timere
2783 2549 2972 2618 debeo,
3004 2568 3072 2608 ne
3090 2552 3409 2609 Maniehmos
3498 2546 3505 2551 ’

1838 2639 2061 2710 quisque
2100 2638 2306 2710 fugiens
2346 2654 2443 2695 vos
2498 2650 2769 2711 praeponat
2813 2640 3113 2697 Ambrosio.
3168 2643 3277 2699 Sed
3320 2661 3416 2701 ve-

1838 2739 2001 2784 stram
2030 2731 2368 2799 sententiam,
2409 2747 2509 2802 qua
2546 2732 2721 2788 dicitis
2750 2731 2852 2788 hoc
2880 2733 3077 2788 malum
3106 2736 3160 2791 vi
3190 2751 3416 2793 consuc-

1841 2821 2034 2877 tudinis
2059 2822 2368 2889 inolescere,
2403 2838 2523 2879 esse
2558 2824 2898 2880 vanissimam
2928 2824 3185 2897 judicat’,
3218 2830 3307 2900 qui
3337 2830 3418 2886 vi-

1839 2911 1929 2967 det
1948 2913 2062 2968 sine
2081 2911 2184 2968 hoc
2210 2913 2349 2968 malo
2373 2914 2639 2969 neminem
2678 2915 2846 2970 nasci.
2877 2915 2998 2971 Mox
3025 2918 3166 2973 enim
3193 2927 3251 2973 ut
3273 2919 3417 2991 quis-
3448 2916 3451 2917 ⁷

1839 3016 1943 3075 que
1970 3004 2178 3060 ratione
2219 3005 2292 3077 tdi
2335 3005 2575 3076 cmperit,
2611 3006 2655 3060 si
2694 3005 3054 3079 concupiverit
3093 3010 3411 3078 castitatem,

1839 3097 2314 3169 concupiscentiam
2336 3098 2528 3163 carnis,
2558 3115 2676 3169 qua:
2698 3098 2868 3154 fuerat
2895 3106 3053 3155 terate
3081 3102 3273 3171 sopita,
3304 3104 3414 3158 vcl-

1841 3190 1899 3244 ut
1943 3189 2282 3260 cvigilantem
2314 3198 2803 3261 repugnautemque
2843 3191 2955 3261 jam
2997 3186 3188 3257 seniit;
3232 3201 3287 3248 et
3323 3196 3419 3249 aut

1839 3281 2009 3336 victus
2037 3280 2375 3348 abstrahitur,
2424 3290 2514 3336 aut
2549 3298 2615 3336 ne
2650 3282 2700 3336 in
2731 3283 2849 3352 ejus
2876 3282 3082 3338 labatur
3108 3299 3410 3354 assensum,

1841 3372 2092 3428 adversus
2128 3386 2267 3439 eam,
2297 3372 2340 3428 si
2371 3372 2489 3443 pius
2523 3381 2626 3441 est,
2658 3373 2883 3430 Domino
2909 3374 3191 3445 adjuvante
3229 3379 3420 3434 conni-

1840 3465 1936 3534 git.
1984 3462 2137 3532 Quod
2180 3466 2223 3519 si
2266 3480 2370 3519 non
2421 3464 2579 3520 vultis
2614 3464 2877 3535 accipere,
2925 3467 3049 3537 quid
3089 3468 3142 3522 in
3191 3482 3277 3525 me
3319 3486 3421 3525 sa:-

1841 3556 2002 3610 vitis?
2041 3554 2382 3622 Manichaeos,
2424 3554 2871 3627 Ambrosiumque
2899 3557 3231 3624 committite,
3262 3569 3421 3631 atque

1844 3647 1895 3702 in
1927 3647 2229 3718 spectaculo
2257 3646 2415 3718 hujus
2437 3647 2765 3717 certaminis,
2792 3649 2836 3704 si
2864 3649 3114 3706 catholici
3147 3651 3295 3719 estis,
3335 3653 3421 3707 cui

1844 3739 1982 3810 parti
2019 3737 2242 3793 faventis
2282 3739 2483 3810 eligite.
2528 3740 2662 3795 Puto
2687 3739 2828 3809 quod
2858 3754 2887 3794 a
2919 3740 3068 3795 vobis
3092 3741 3260 3796 victor
3285 3745 3419 3796 Am-

1844 3831 2053 3888 brosius
2072 3830 2378 3903 judicatur:
2408 3831 2500 3887 sed
2528 3831 2650 3902 quia
2678 3846 2780 3886 non
2810 3833 2939 3887 estis
2964 3831 3230 3900 catholici,
3261 3835 3419 3889 etiam
3457 3899 3461 3902 ι

1843 3924 1922 3979 sic
1945 3923 2117 3980 securi
2145 3932 2482 3993 spectamus;
2511 3930 2564 3978 et
2587 3937 2683 3977 vos
2709 3922 2851 3977 enim
2883 3930 2938 3978 et
2964 3922 3281 3979 Manichacus
3304 3925 3421 3979 sine

1844 4016 2004 4072 dubio
2032 4015 2193 4070 vincit
2216 4014 2546 4070 Ambrosius.

1915 4105 2192 4162 CLXXIX.
2232 4104 2351 4161 Jun.
2383 4105 2462 4160 Tu
2505 4113 2681 4160 tamen
2706 4104 3145 4176 argumentando,
3188 4115 3243 4161 et
3273 4106 3423 4160 testi-

1846 4196 2021 4253 monia
2059 4195 2450 4266 Scripturarum
2477 4192 2800 4264 usurpando,
2823 4194 2890 4250 de
2915 4194 3015 4250 hac
3042 4195 3189 4251 illum
3223 4211 3424 4251 concuo

1845 4286 2122 4359 piscentia,
2150 4300 2306 4356 quam
2338 4284 2505 4356 legem
2532 4284 2732 4355 peccati
2757 4299 2936 4352 vocas,
2965 4288 3053 4340 ρι’
3078 4301 3265 4341 omnes
3303 4304 3429 4342 san-

1846 4387 1962 4435 ctos
1984 4386 2089 4433 tam
2119 4376 2348 4448 pollutos
2377 4390 2534 4447 quam
2560 4385 2879 4447 conquesms
2915 4374 3078 4431 fuisse
3114 4376 3422 4432 conﬁrmas.

1917 4471 2052 4527 Anc.
2091 4468 2207 4524 Non
2239 4467 2547 4538 polluuntur
2575 4466 2679 4523 hoc
2716 4468 2855 4523 malo
2891 4466 3079 4536 Sancti,
3119 4482 3252 4537 quos
3288 4483 3425 4523 eon-

1847 4568 1955 4616 stat
1996 4574 2116 4616 esse
2143 4557 2228 4615 vel
2256 4558 2417 4614 fuisse
2456 4557 2776 4614 fortissimos
2822 4557 2981 4628 hujus
3020 4559 3163 4623 mali
3186 4557 3424 4614 debella-

1850 4654 1994 4710 tores
2030 4652 2165 4710 :sed
2204 4666 2273 4708 ne
2314 4651 2417 4706 isto
2467 4650 2609 4706 male
2658 4650 3047 4720 inexpiabiliter
3095 4651 3427 4721 polluantur,

1849 4745 2071 4800 timeant
2099 4742 2274 4813 potius
2305 4742 2421 4809 ejus
2448 4739 2890 4810 impudentissimi
2919 4738 3244 4796 laudatores.

1920 4832 2177 4889 CLXXX.
2215 4831 2336 4888 Jun.
2375 4830 2513 4899 Quid
2552 4828 2873 4885 Maniehmus
2906 4827 3067 4884 dicit?
3108 4847 3128 4882 ι
3159 4829 3261 4885 Per
3299 4846 3430 4886 cnn-

1849 4923 2227 4996 Cupiscentiam
2255 4936 2536 4992 corporum
2561 4929 2744 4975 auctor
2763 4918 3003 4975 diabolus
3030 4928 3111 4977 est
3137 4937 3266 4992 :per
3289 4922 3430 4979 hanc

1850 5017 2092 5073 diabolus
2115 5029 2361 5086 corpora,
2390 5030 2498 5069 non
2529 5014 2730 5068 animas
2750 5022 3062 5084 aucupatur.
3090 5015 3262 5081 Tolle,
3293 5036 3313 5071 ι
3348 5018 3432 5073 in-

1851 5110 1987 5181 quit,
2028 5106 2317 5177 cmalignte
2361 5105 2543 5175 stirpis
2583 5103 2841 5171 radicem,
2886 5113 2942 5160 et
2978 5107 3269 5176 spiritualis
3311 5109 3428 5163 lies.

1852 5201 1927 5257 De
1962 5199 2063 5254 hac
2088 5196 2372 5268 Apostolus
2408 5194 2603 5251 clamat
2645 5194 2713 5249 ad
2746 5195 3057 5251 Romanos:
3090 5195 3210 5250 Non
3240 5197 3424 5251 bonum

1853 5292 1989 5364 quod
2013 5291 2146 5357 colo,
2165 5288 2252 5344 sed
2269 5288 2458 5342 nmium
2476 5302 2658 5358 aperor
2672 5287 2805 5354 quod
2824 5287 3064 5341 exhorreo
3090 5304 3110 5340 ι
3140 5285 3313 5355 (Rom.
3330 5303 3428 5352 vn,

1855 5384 1963 5440 Nos
2020 5380 2180 5436 etiam
2242 5378 2434 5432 stultos
2497 5385 2673 5442 vocat,
2735 5376 2836 5447 qui
2902 5376 3140 5431 dicamus
3212 5374 3432 5445 ﬁgmen~

1857 5485 1966 5532 tum
1995 5472 2099 5527 hoc
2121 5469 2359 5541 corporis
2393 5469 2459 5523 ad
2488 5468 2653 5524 Deum
2688 5468 2975 5538 pertinere,
3004 5465 3143 5537 quod
3174 5479 3268 5535 per
3295 5480 3395 5520 con
3423 5495 3431 5502 -

1920 5589 1938 5621 ί
1972 5588 2045 5636 sic
2078 5592 2183 5634 MSS.
2217 5583 2505 5646 Vi‘gnierius,
2543 5580 2591 5633 vi
2623 5578 2974 5633 consuetudinis
2999 5576 3300 5639 mitescere,
3330 5593 3431 5631 esse

1856 5647 2157 5701 certissimam
2169 5643 2368 5696 indicat.

1920 5714 1940 5773 ξ
1976 5709 2261 5773 vignierius,
2294 5704 2478 5773 peccati
2507 5717 2662 5765 uocas,
2684 5716 2845 5773 mittes
2865 5706 3067 5773 sanctos,
3085 5702 3260 5752 omissa
3283 5705 3431 5765 patti-

1858 5771 1983 5830 cula,
2005 5766 2055 5821 cI
2068 5805 2083 5828 ,
2106 5783 2249 5832 quam
2270 5766 2571 5832 restituimus
2593 5781 2658 5817 ex
2678 5766 2842 5832 codice
2866 5771 3122 5832 Poetarum.

1924 5824 1997 5897 (α’)
2030 5824 2143 5882 vide
2167 5844 2309 5893 supra
2334 5829 2506 5878 librum
2527 5829 2594 5877 de
2612 5828 2767 5876 Gratia
2785 5826 2973 5884 Christi,
2996 5838 3080 5874 nn.
3105 5824 3185 5884 ‘6,
3215 5826 3285 5876 i7.

2505 5908 3112 5995 (Quarantc-dcttx.)

3270 426 3409 483 1322
3486 420 3493 423 ’
