3996 6492
503 472 643 530 mea
849 544 863 550 -

501 581 878 658 cupisccntiam
916 579 1224 647 generatum
1271 582 1391 622 csse
1433 564 1708 618 fateamur.
1747 552 1910 609 Vides
1950 561 2075 616 ergo

461 715 466 723 -
504 640 698 751 quanta
736 672 829 728 libi
867 671 936 726 sit
969 675 1020 723 et
1055 661 1344 721 Manichmo
1384 657 1437 710 in
1481 651 1648 708 nostri
1687 640 2079 715 impugnationc

504 764 821 829 concordia;
868 761 984 830 ejus
1011 755 1233 812 dimicas
1277 748 1476 812 verbis,
1528 743 1644 813 ejus
1689 735 1875 793 niteris
1923 744 2082 799 argu»

506 860 702 919 tuentis
733 875 746 911 :
771 864 825 911 et
848 867 944 908 nos
975 847 1185 905 mentiri
1211 842 1366 908 dicis,
1403 837 1490 910 qui
1520 844 1573 891 te
1601 829 1916 901 discipulum
1947 823 2084 877 illius

507 968 614 1008 non
645 948 816 1004 solum
846 944 1026 1006 fuisse,
1057 947 1117 994 ut
1142 937 1256 1006 ipse
1294 929 1504 995 scribis,
1533 924 1625 982 sed
1667 923 1827 977 etiam
1869 930 1987 971 esse
2018 913 2088 966 di-

509 1056 714 1100 camus.
759 1039 824 1093 Et
870 1036 921 1090 in
968 1033 1070 1086 hoc
1104 1038 1282 1084 tamen
1324 1025 1412 1077 ille
1461 1015 1792 1091 prudentior,
1838 1009 1925 1080 qui
1969 1020 2089 1062 cum

514 1135 651 1190 hanc
702 1123 1186 1198 concupiscentiam
1231 1115 1408 1172 carnis
1451 1128 1479 1166 a
1523 1107 1732 1164 diabolo
1783 1100 2095 1159 credidisset

514 1223 827 1284 immissum,
859 1215 1072 1286 collegit
1098 1206 1453 1266 confitendum
1489 1215 1607 1257 esse
1644 1197 1710 1252 ad
1750 1195 1841 1249 Dei
1878 1204 2093 1260 operam

516 1331 623 1371 non
650 1313 945 1386 pertinere,
975 1283 1224 1378 quidquid
1266 1299 1332 1356 de
1372 1295 1629 1353 diabolica
1668 1283 2097 1357 concupiscentia

519 1411 799 1476 appareret
826 1400 1112 1471 prolatum.

569 1490 726 1550 'Auc.
766 1490 959 1546 Contra
996 1489 1095 1542 hoc
1133 1473 1299 1539 telum
1338 1480 1480 1533 valet
1521 1471 1765 1544 superior
1790 1476 1968 1523 nostra
2009 1478 2102 1519 re-

523 1587 762 1662 sponsio,
788 1593 841 1639 et
869 1596 988 1638 cum
1007 1581 1024 1612 ί
1067 1578 1165 1633 hac
1192 1576 1307 1628 ali-.e
1336 1570 1657 1642 superiores,
1690 1577 1822 1635 quas
1852 1561 1990 1630 legat
2017 1556 2106 1627 qui

524 1679 686 1734 volet.

598 1761 877 1823 CLXXXI.
931 1761 1047 1818 lue.
1097 1758 1175 1813 Tu
1226 1763 1404 1811 autem
1454 1749 1693 1805 hebetior
1744 1743 1833 1815 qui
1881 1740 2110 1795 fructum

515 1854 974 1927 concupiscenti-.2
1018 1847 1291 1905 diabolica:
1335 1841 1604 1898 hominem
1643 1837 1847 1896 dicens,
1895 1832 1989 1886 Dei
2038 1839 2115 1884 ta-

513 1966 653 2006 qnen
684 1963 802 2003 cum
833 1941 1092 1999 adscribis
1120 1936 1404 2008 operibus;
1447 1948 1551 1986 non
1578 1928 1727 2000 quasi
1753 1925 1820 1981 de
1850 1923 1990 1978 malo
2018 1921 2113 1974 bo-

532 2056 660 2095 num
689 2038 906 2101 factum,
941 2033 1035 2087 sed
1064 2030 1260 2085 malum
1289 2035 1341 2080 et
1367 2025 1433 2080 de
1467 2021 1602 2077 mala
1629 2017 1809 2074 radice
1832 2015 2113 2084 prolatum,

533 2130 733 2184 habere
763 2137 937 2181 tamen
969 2130 1237 2176 auctorem
1271 2117 1496 2180 bonum,
1523 2125 1684 2184 quem
1722 2109 1952 2163 fructum
1983 2103 2120 2158 radi-

444 2241 446 2244 '
537 2222 616 2276 cis
644 2235 753 2273 sua:
781 2214 1023 2271 diabolus
1044 2211 1143 2266 sibi
1172 2207 1427 2264 vindicet.

611 2315 747 2368 Auc.
791 2311 993 2364 Bonum
1046 2301 1260 2372 aliquod
1301 2308 1384 2354 est
1431 2296 1624 2359 homo,
1678 2291 1839 2347 etiam
1891 2284 2128 2358 quisquis

539 2404 758 2476 majoris
779 2398 949 2456 aetatis
976 2407 1056 2452 est
1085 2394 1254 2448 malus
1283 2391 1463 2444 homo.
1487 2385 1604 2441 Non
1627 2383 1768 2439 enim
1791 2378 1930 2450 quod
1959 2377 2130 2432 malus

544 2471 705 2553 homo
743 2503 844 2560 est,
880 2489 1053 2546 aufert
1093 2488 1142 2542 ci
1174 2481 1359 2554 'quod
1403 2482 1598 2536 bonum
1627 2472 1841 2545 aliquod
1881 2478 1982 2537 est,
2012 2471 2132 2539 quia

547 2590 708 2644 homo
737 2594 854 2640 est:
884 2581 1035 2652 cujus
1084 2586 1303 2637 naturzc.
1355 2571 1410 2628 id
1453 2579 1558 2637 est,
1587 2568 1713 2624 boni
1755 2566 1912 2635 hujus
1952 2573 2136 2618 auctor

549 2690 634 2737 est
660 2681 821 2743 Deus,
861 2682 1209 2746 quazcumque
1250 2665 1388 2721 mala
1421 2663 1502 2718 vel
1530 2657 1748 2731 originis
1774 2655 2025 2719 attrahat,
2054 2652 2138 2706 vel

553 2771 843 2828 voluntatis
881 2765 1140 2835 adjiciat:
1168 2775 1273 2815 non
1309 2757 1452 2814 enim
1482 2753 1795 2809 substantia:
1835 2758 2141 2815 naturaeque

555 2872 683 2920 sunt
718 2860 875 2924 vitia;
925 2857 992 2911 ab
1035 2869 1102 2910 eo
1143 2851 1408 2908 salvatore
1453 2841 1710 2909 sananda,
1759 2856 1862 2909 quo
1901 2845 2144 2892 creatore

555 2953 771 3012 condita
792 2958 894 3014 est,
921 2946 1123 3004 eisdem
1151 2943 1294 2998 vitiis
1318 2938 1498 2994 vitiata
1523 2944 1730 2991 natura.
1759 2933 1870 2986 lloc
1894 2937 1976 2984 est
2003 2925 2145 2999 quod

559 3056 614 3104 et
646 3042 963 3101 Manichzcos
990 3035 1201 3098 evertit,
1236 3041 1292 3088 ct
1330 3045 1467 3086 vos:
1496 3027 1586 3098 qui
1637 3039 1740 3080 non
1781 3035 2010 3087 mecum,
2051 3015 2148 3072 sed

559 3153 683 3196 cum
713 3131 997 3190 Ambrosio
1022 3126 1273 3190 certatis;
1303 3136 1460 3193 quem
1491 3115 1794 3174 Maniclncis
1820 3113 1873 3167 in
1903 3111 2004 3166 hoc
2031 3124 2149 3164 cer-

563 3227 765 3283 tamine
794 3219 1038 3292 opposui,
1067 3219 1120 3273 in
1141 3230 1248 3287 quo
1273 3222 1328 3269 et
1353 3213 1496 3282 ipsos
1523 3208 1686 3262 vincit
1704 3205 1746 3272 ³,
1769 3213 1824 3260 et
1853 3218 1968 3257 vos.

633 3289 939 3376 CLXXXVII.
978 3311 1096 3367 JUL.
1140 3308 1268 3364 Tuis
1297 3305 1439 3362 enim
1479 3299 1838 3360 sermonibus,
1871 3308 2060 3349 omnes
2085 3289 2154 3347 de

565 3405 995 3478 concupiscentia
1033 3410 1186 3458 natos
1209 3396 1454 3453 diabolus
1469 3389 1632 3462 quasi
1659 3403 1769 3442 sua:
1808 3384 2016 3439 arboris
2042 3384 2155 3436 fru-

568 3515 687 3558 ctus
731 3476 851 3570 jure
885 3493 1123 3562 decerpit
1159 3490 1255 3563 (a).
1307 3487 1479 3556 Ᾱέιιιιο
1517 3483 1676 3554 igitur
1723 3476 2058 3546 blasphemas
2100 3481 2158 3527 ut

569 3591 914 3652 Manicharus,
943 3585 1032 3656 qui
1070 3562 1551 3650 concupiscentiam
1571 3571 1753 3627 ‘carnis
1777 3584 1807 3623 a
1836 3568 1948 3622 Deo
1977 3562 2160 3620 condi-

572 3695 680 3741 tam
711 3679 1058 3736 vindicemus.
1195 3679 1201 3688 '

647 3776 782 3829 Auc.
822 3771 877 3826 Si
903 3757 970 3822 ad
996 3777 1212 3821 causam
1234 3760 1416 3815 venire
1442 3755 1720 3818 voluisses,
1748 3765 1843 3806 cur
1861 3745 2164 3818 baptizandi

577 3875 631 3923 et
658 3861 1026 3924 exsuﬂlentur,
1055 3863 1108 3911 ct
1137 3852 1438 3910 exorcismo
1469 3845 1792 3902 mundentur
1817 3839 2064 3901 infantes,
2093 3837 2164 3892 ibi

581 3955 916 4029 apertissime
947 3965 1049 4004 non
1086 3946 1264 4003 solum
1294 3939 1536 4004 eruditis,
1578 3950 1760 3990 verum
1787 3933 1948 3987 etiam
1991 3927 2168 3983 idiotis

581 4045 858 4103 catholicis
881 4037 1196 4094 Christianis
1221 4049 1390 4088 novus
1418 4027 1697 4083 lucreticus
1725 4035 2033 4094 apparcrcs.
2061 4017 2167 4073 Sed

583 4139 706 4210 quia
746 4136 798 4190 id
838 4150 906 4190 ex
947 4132 1082 4186 libro
1112 4143 1232 4183 meo
1282 4124 1376 4180 tibi
1416 4121 1629 4193 quidem
1663 4113 1982 4188 proposuisti
2020 4111 2167 4182 quasi

583 4227 958 4291 refellendum,
1003 4222 1098 4279 sed
1138 4227 1463 4291 pertractare
1505 4214 1576 4268 ita
1621 4209 1862 4273 timuisn,
1910 4217 1966 4263 ut
2003 4205 2172 4260 fallaci

587 4321 905 4394 loquacitate
946 4315 1162 4404 vitares,
1207 4320 1262 4366 et
1291 4309 1452 4364 multa
1488 4303 1734 4366 dicendo,
1780 4299 1906 4372 quid
1949 4297 2174 4354 tacueris

587 4389 863 4486 operires;
896 4389 1210 4476 Apostolum
1254 4401 1346 4456 tibi
1387 4398 1608 4468 replico,
1653 4395 1781 4450 velis
1813 4392 1968 4457 nolis,
2003 4399 2056 4444 et
2091 4389 2174 4444 ιη.

589 4482 744 4564 culco
777 4503 1043 4558 dicentem
1080 4497 1146 4551 de
1176 4495 1284 4550 Deo
1312 4492 1490 4556 Patre,
1525 4489 1622 4553 Qui
1662 4486 1790 4541 eruit
1831 4500 1923 4538 nos
1951 4482 2012 4536 de
2033 4490 2177 4552 pote-

589 4608 720 4656 state
747 4596 1082 4660 tenebrarum,
1115 4598 1161 4644 ct
1191 4585 1445 4642 transtulit
1486 4583 1540 4637 in
1570 4597 1778 4652 regnum
1809 4577 1933 4632 Filii
1957 4576 2180 4630 charito-

594 4693 658 4745 tis
699 4704 808 4744 sum
853 4684 1073 4758 (Colosa.
1124 4697 1163 4748 ι,
1211 4680 1322 4749 i5).
1375 4676 1508 4731 llinc
1547 4672 1814 4744 parvulos,
1857 4671 1899 4724 si
1937 4668 2176 4739 potestis,

593 4781 858 4852 excipite;
897 4787 949 4834 ct
992 4774 1183 4830 audete
1225 4771 1425 4834 dicere,
1467 4781 1560 4822 eos
1606 4766 1657 4819 in
1702 4777 1923 4833 regnum
1967 4759 2180 4831 quidem

596 4873 792 4934 Christi
835 4868 1231 4942 regeneratione
1265 4859 1565 4928 transferri,
1605 4856 1702 4912 sed
1731 4856 1798 4911 de
1847 4853 2180 4910 tenebrarum

600 4975 864 5040 potestate
891 4979 998 5018 non
1023 4960 1164 5017 erui.
1200 4957 1570 5011 Verumtamen
1603 4955 1782 5020 parate
1801 4961 1914 5012 vos,
1942 4946 1993 5000 in
2025 4943 2184 4998 facies

599 5071 809 5116 vestras
855 5053 1068 5109 easdem
1122 5045 1516 5105 exsufflatioues
1562 5040 1870 5112 dignissime
1917 5036 2180 5104 excipere,

601 5168 722 5226 qua:
762 5152 815 5205 in
847 5147 1084 5204 Ecclesia
1114 5139 1313 5198 Christi
1355 5147 1410 5194 et
1444 5134 1736 5205 majoribus
1777 5130 2095 5185 adhibentur
2134 5135 2186 5181 et

602 5217 856 5317 parvulis.
893 5238 1109 5296 Talibus
1152 5235 1349 5306 quippe
1378 5225 1835 5286 exsufﬂationibus
1871 5217 2185 5277 exsufﬂandi

603 5337 766 5402 estis,
819 5331 1064 5404 qualibus
1111 5322 1447 5397 apertissime
1495 5333 1678 5377 verum
1721 5329 1841 5372 csse
1891 5309 2190 5368 ostenditur

606 5427 747 5500 quod
775 5423 1000 5495 negatis.

674 5622 692 5653 ί
731 5617 1000 5682 \‘ignicrlus
1015 5649 1030 5677 ,
1053 5611 1203 5682 et
1225 5597 1729 5682 σιὶαξιευρριλὶόνεξτμίι
1754 5605 1878 5649 Fort.
1915 5596 2191 5682 adjecimus,

612 5664 1042 5796 zmyii'd‘éé'aogtéi
1061 5674 1238 5726 eodem
1253 5664 1424 5722 codice
1438 5676 1488 5717 ct
1503 5679 1565 5715 ex
1587 5664 1691 5712 aliis
1712 5664 2061 5722 manuscriptis,
2077 5671 2194 5719 quas

647 5757 718 5796 ’σα
760 5755 844 5796 aut
865 5755 920 5791 vo
990 5775 1002 5788 .

658 5757 738 5808 gat
760 5757 844 5817 qui
857 5757 1002 5815 pater.
1520 5788 1530 5798 .

681 5809 701 5839 ι
737 5805 1025 5867 \‘tgnterius,
1044 5803 1107 5867 et.
1130 5795 1290 5866 (:0qu
1316 5799 1461 5867 Ρρΐίιν
1486 5802 1548 5840 ει·

679 5867 700 5898 ³
730 5856 930 5916 εἰονλιδδ.
961 5856 1187 5922 ιιινὶεζη.,
1205 5856 1374 5908 vincet.

680 5909 929 5993 υδῖὧῄ
955 5909 1018 5974 de
1042 5909 1220 5984 Nuptiis
1243 5926 1294 5969 ct
1313 5924 1484 5977 Concu,
1501 5914 1718 5972 isccntia,
1751 5925 1798 5958 ιι.
1820 5909 1894 5960 ἓῦ.

1169 448 1408 509 OPERIS
1435 433 1842 501 IMPERFECTI
1879 426 2149 489 CONTRA
2189 417 2545 486 JULIANUM,
2574 417 2640 474 S.
2680 407 3046 473 AUGUSTINI

3599 401 3725 462 132$

2255 533 2575 595 CLXXXIII.
2608 531 2734 587 Jun.
2773 528 2890 586 Jam
2921 539 3047 581 vero
3074 519 3204 578 illud
3224 525 3385 586 tuum,
3413 519 3544 591 quod
3568 519 3730 590 priore

2185 637 2347 700 Opere
2373 623 2620 682 ventilavi
2648 621 2836 693 (Opere
2855 617 3041 688 scripto
3063 613 3129 667 ad
3157 608 3522 680 Turbantium),
3549 611 3630 664 ubi
3657 610 3731 664 di.

2188 724 2288 788 cis,
2319 739 2339 774 ι
2375 716 2672 789 Aliquando
2707 729 2808 768 non
2841 709 2967 765 facit
2994 705 3155 763 libido
3180 703 3354 758 animo
3383 703 3733 767 volente,'eutu

2191 809 2473 882 aliquando
2492 807 2646 862 faciat
2659 814 2711 859 et
2733 802 2944 858 nolente
2965 818 2984 850 ι
3013 797 3114 868 (De
3128 793 3333 865 Nuptiis
3345 791 3736 863 et‘Cmicupisccu.

2194 907 2286 972 tia,
2337 903 2423 957 tib.
2474 901 2527 966 ’l,
2569 916 2622 952 η.
2655 895 2732 964 7),
2773 903 2931 963 atque
2973 890 3109 944 hanc
3150 885 3265 957 ejus
3302 882 3612 953 superbiam,
3649 897 3738 951 qua

2193 997 2408 1053 nolente
2433 992 2610 1047 animo
2642 992 3028 1044 commovetur,
3061 991 3279 1034 accusas
3305 993 3316 1028 :
3344 971 3625 1036 Manicluei,
3653 986 3736 1026 non

2197 1089 2371 1145 solum
2412 1083 2674 1146 sensibus,
2709 1079 2802 1134 sed
2849 1077 3007 1131 etiam
3053 1068 3276 1140 eloquiis
3317 1065 3622 1137 explicatum
3647 1073 3740 1116 est.

2198 1181 2332 1236 Nam
2377 1191 2498 1233 cum
2536 1189 2634 1229 nos
2675 1168 2955 1241 arguissct,
2985 1164 3106 1234 quia
3131 1161 3426 1216 diceremus
3452 1171 3480 1209 a
3519 1155 3621 1208 Deo
3651 1153 3748 1206 fleri

2203 1271 2467 1334 homines,
2499 1279 2631 1336 quos
2655 1258 2906 1316 seminari
2935 1257 3223 1311 fateremur
3244 1266 3338 1321 per
3357 1245 3644 1302 coeuntium
3667 1259 3750 1297 vo-

2203 1365 2462 1434 luptatem
2489 1377 2503 1413 :
2538 1376 2556 1409 ι
2589 1355 2764 1421 Stulti,
2801 1371 2820 1405 ι
2846 1349 3035 1421 inquit,
3064 1367 3082 1399 ι
3114 1361 3143 1400 a
3172 1346 3283 1399 Deo
3308 1342 3484 1396 dicunt
3509 1353 3619 1393 esse
3641 1352 3752 1391 eon-

2203 1454 2396 1518 ditum,
2427 1448 2568 1521 quod
2610 1447 2736 1501 certi
2767 1451 2890 1498 sunt
2917 1456 2948 1495 a
2991 1432 3417 1506 concupiscentia
3459 1427 3614 1501 gigni,
3651 1441 3754 1481 cum

2211 1545 2387 1599 animo
2416 1541 2630 1595 nolente
2657 1541 2868 1590 coeunt.
2901 1549 2922 1583 θ

2283 1635 2417 1688 Atto.
2458 1627 2562 1682 Sed
2600 1622 2919 1680 Manichacus
2947 1633 3048 1674 non
3079 1612 3362 1682 intelligit,
3401 1607 3554 1662 etiam
3588 1605 3649 1661 de
3680 1605 3761 1658 ho-

2205 1725 2380 1782 minis
2411 1722 2550 1777 malo
2577 1732 2733 1790 posse
2773 1716 2937 1769 Deum
2975 1722 3160 1766 creare
3199 1702 3340 1776 quod
3365 1702 3564 1757 bonum
3599 1706 3689 1759 est,
3719 1701 3764 1748 et

2225 1815 2492 1872 hominem
2521 1785 2690 1881 ipsum
2721 1805 2861 1862 malo
2891 1804 3029 1858 bene
3057 1799 3131 1853 uti
3159 1809 3257 1867 per
3284 1790 3578 1864 pudicitiam
3603 1785 3764 1854 conju-

2218 1909 2421 1980 galem,
2465 1876 2554 1958 cui
2590 1900 2727 1955 malo
2756 1896 3048 1953 reluctatur
3076 1885 3316 1943 illicienti
3345 1881 3409 1936 ad
3440 1876 3762 1935 damnabilem

2225 1965 2624 2068 turpitudinem.
2653 1988 2760 2044 Sed
2787 1997 2840 2041 tu
2865 1983 2952 2055 qui
2980 1981 3082 2036 hoc
3102 1976 3239 2050 quod
3264 1973 3462 2029 malum
3481 1977 3576 2032 est,
3598 1965 3768 2021 malum

2225 2103 2343 2144 esse
2367 2099 2550 2156 negas,
2574 2096 2668 2137 cur
2694 2081 2742 2135 ei
2771 2088 3054 2148 repugnas,
3082 2085 3148 2124 ne
3176 2066 3403 2136 turpiter
3426 2062 3600 2125 vivas;
3625 2063 3674 2112 et
3692 2069 3770 2110 cur

2228 2180 2278 2235 ei
2303 2178 2351 2234 si
2377 2174 2701 2238 consentias,
2732 2181 2951 2224 necesse
2976 2170 3058 2219 est
3087 2169 3144 2215 ut
3174 2157 3403 2227 turpiter
3426 2148 3598 2207 vivas?

2299 2263 2626 2324 CLXXXIV.
2655 2234 2773 2317 Jun.
2803 2255 2964 2327 Quod
2982 2268 3111 2327 vero
3135 2261 3205 2327 tu_
3227 2245 3483 2327 posuisti,
3512 2261 3530 2294 ι
3557 2234 3773 2327 conmtpi;

2237 2313 2969 2404 sceritiai-nialuiticst,71uod
2999 2326 3129 2379 vitat
3155 2313 3352 2389 ubique
3378 2319 3713 2382 conSpectum,
3734 2313 3779 2360 et

2236 2433 2424 2504 quatrit
2462 2401 2706 2500 pudeth
2733 2432 2996 2479 secretum
3031 2436 3052 2470 ι
3087 2414 3287 2489 (lbid.,
3321 2429 3376 2466 η.
3407 2409 3462 2480 8)
3490 2407 3593 2461 :ita
3614 2410 3662 2458 et
3688 2399 3779 2454 tta-

2238 2502 2495 2590 nichaeus,
2519 2539 2547 2573 -ι
2580 2516 2833 2582 Secretis,
2869 2533 2889 2567 ι
2920 2509 3110 2582 inquit,
3128 2527 3157 2561 ·‹
3185 2502 3478 2578 pudoribus
3499 2503 3668 2568 agunt,
3693 2503 3781 2561 quo

2242 2631 2479 2688 tempore
2500 2616 2623 2671 odio
2642 2613 2840 2668 habent
2862 2610 3056 2675 lucem,
3083 2604 3160 2660 uti
3180 2617 3248 2659 ne
3267 2596 3662 2656 manifeste-tur
3675 2601 3783 2659 ope-

2234 2729 2304 2767 '~I';l
2333 2725 2516 2766 (:OI‘UII'I
2527 2748 2540 2760 .
2580 2727 2598 2760 ι

2315 2801 2451 2855 Avo.
2492 2795 2639 2852 Sicut
2661 2791 2981 2850 Manichacus
3006 2787 3176 2844 nescit
3199 2782 3332 2856 quid
3357 2779 3479 2839 boni
3507 2783 3674 2850 agatur
3706 2784 3786 2842 per

2248 2891 2476 2947 carnalis
2521 2882 2968 2956 concupiscentiae
2998 2879 3194 2935 malum
3220 2893 3235 2941 ;
3267 2877 3351 2930 sic
3383 2883 3435 2929 et
3463 2881 3514 2926 tu
3543 2866 3697 2924 nescis
3720 2860 3789 2916 cui

2250 2982 2399 3062 malo.
2430 2978 2600 3049 pudor
2641 2983 2843 3048 qumrat
2871 2980 3165 3036 secretum,
3206 2965 3374 3024 etiam
3410 2965 3462 3019 in
3497 2962 3628 3017 bono
3658 2965 3792 3025 opere

2252 3063 2578 3120 nuptiarum.

2323 3118 2626 3197 CLXXXV.
2665 3137 2786 3193 lue.
2817 3132 2969 3202 Quod
2993 3145 3120 3188 vero
3141 3129 3242 3194 ais,
3261 3146 3293 3181 -σ
3324 3126 3444 3198 quia
3466 3118 3797 3188 concupiscen-

2256 3233 2329 3287 tia
2353 3233 2440 3302 qui
2462 3230 2602 3283 licite
2621 3227 3016 3288 commiseetur,
3034 3221 3175 3276 malo
3197 3219 3340 3274 bene
3360 3208 3704 3279 υιίιιιινιοιυά..
3724 3203 3798 3258 ιιι.

2256 3326 2314 3393 2,
2341 3297 2456 3395 cup.
2478 3321 2593 3393 2|),
2630 3329 2688 3374 ut
2721 3319 2890 3390 magis
2923 3314 3068 3372 credi
3102 3311 3364 3383 Apostolo
3394 3313 3749 3364 commemores
3766 3297 3800 3359 ¹η

2263 3418 2350 3488 qui
2376 3389 2616 3479 dixisset,
2642 3413 2773 3481 Quia
2799 3389 2905 3466 non
2932 3408 3134 3463 habitat
3158 3406 3210 3460 in
3236 3419 3402 3460 carne
3425 3417 3515 3456 sua
3542 3389 3734 3456 bonum,
3755 3395 3802 3441 ut

2265 3483 2366 3563 hoc
2393 3523 2497 3562 non
2525 3507 2743 3569 bonum,
2772 3503 2823 3556 id
2850 3509 2931 3556 est
2955 3497 3174 3561 malum,
3206 3495 3258 3550 in
3285 3508 3452 3550 carne
3481 3485 3700 3560 Apostoli
3725 3483 3803 3535 ha-

2263 3600 2461 3662 bitans,
2490 3597 2571 3650 vis
2595 3589 3073 3662 concupiscentiam
3109 3585 3283 3641 carnis
3305 3583 3474 3639 videri
3495 3599 3509 3634 :
3529 3572 3806 3633 Manicha-us

2266 3704 2372 3744 non
2402 3660 2555 3741 aliter
2577 3699 2733 3754 quam
2765 3660 2819 3738 tu
2846 3682 3040 3752 posuit.
3067 3677 3200 3733 Nam
3230 3685 3514 3748 postquam
3537 3669 3677 3733 dixit,
3703 3683 3720 3716 ι
3743 3660 3807 3716 Ne

2267 3777 2671 3835 manifestcntur
2708 3787 2871 3844 opera
2909 3785 3133 3835 eorum;
3174 3768 3404 3838 Propter
3439 3762 3575 3836 quod
3611 3760 3811 3827 Aposto-

2271 3873 2374 3938 lus,
2414 3888 2432 3923 ι
2470 3869 2658 3939 inquit,
2694 3885 2714 3920 ι
2747 3842 2942 3920 clamat
2965 3862 3031 3918 ad
3062 3862 3356 3926 Romanos,
3391 3875 3490 3912 non
3516 3856 3684 3910 bonum
3705 3842 3814 3916 quod

2265 3964 2380 4016 volo
2397 4004 2412 4028 ,
2443 3977 2540 4032 ago
2562 3976 2580 4024 ;
2607 3958 2696 4013 sed
2720 3958 2908 4010 malum
2935 3970 3136 4024 aperor,
3157 3951 3302 4022 quod
3329 3952 3564 4006 exltorreo
3589 3939 3817 3998 :Dolclm

2271 4053 2434 4116 enim,
2471 4071 2490 4103 ι
2522 4049 2711 4120 inquit,
2741 4066 2759 4100 ι
2787 4046 2907 4117 quia
2932 4054 3224 4116 peccatum,
3251 4041 3305 4096 id
3329 4051 3432 4108 est,
3457 4034 3703 4096 diabolus,
3721 4040 3821 4097 ope-

2275 4143 2491 4199 rabatur
2530 4141 2583 4195 in
2610 4155 2674 4195 co
2715 4152 2930 4193 omnem
2973 4133 3483 4204 concupiscentiam.
3522 4123 3718 4196 chalis
3741 4131 3820 4172 au-

2277 4235 2494 4290 ctoritas
2522 4231 2719 4287 indicat
2745 4230 2942 4284 malum
2967 4226 3416 4296 concupiscentia:
3436 4266 3451 4291 ,
3487 4236 3606 4278 cum
3633 4223 3819 4271 munem

2277 4326 2391 4397 ejus
2414 4339 2564 4379 usum
2592 4322 2872 4392 vituperat,
2903 4333 3061 4391 quem
3087 4332 3212 4372 caro
3239 4317 3465 4372 miratur
3479 4322 3534 4371 et
3560 4308 3740 4366 laudat.
3762 4319 3783 4353 ι

2350 4419 2483 4474 Auc.
2531 4413 2797 4485 Numquid
2840 4411 3130 4483 Apostolus
3165 4424 3380 4464 omnem
3421 4393 3830 4474 concupiscentia

2280 4509 2508 4566 carnalis
2535 4523 2686 4562 usum
2712 4506 2995 4575 vituperat,
3023 4501 3113 4573 qui
3149 4501 3276 4556 dicit
3293 4542 3309 4565 ,
3341 4500 3407 4555 Et
3431 4499 3476 4554 si
3502 4490 3735 4566 acceperis
3757 4500 3833 4538 ur-

2282 4621 2419 4659 orem
2438 4643 2452 4666 ,
2480 4618 2578 4656 non
2609 4599 2855 4669 percusti;
2879 4607 2926 4651 et
2953 4596 2996 4650 si
3019 4595 3244 4664 nupserit
3267 4594 3414 4665 uirgo
3434 4634 3448 4657 ,
3477 4606 3579 4645 non
3616 4589 3767 4657 peccat
3799 4574 3834 4647 (ι

2283 4695 2400 4752 Cor.
2429 4710 2518 4759 vn,
2541 4691 2674 4762 28)?
2705 4692 2842 4760 Ergo
2865 4685 3188 4743 Manichacus
3212 4685 3336 4755 quid
3366 4686 3614 4752 loquatur
3637 4676 3834 4745 ignorat.

2283 4786 2388 4842 Sed
2417 4757 2511 4840 nec
2541 4793 2595 4837 tu
2617 4757 2748 4852 quid
2773 4757 3012 4850 loquaris
3043 4775 3313 4845 intelligis,
3342 4774 3432 4844 qui
3464 4778 3613 4843 putas
3638 4759 3765 4820 aliud
3789 4757 3837 4812 si-
3917 4795 3919 4806 .

2285 4878 2564 4949 guilicassc
2599 4871 2908 4942 Apostolum
2939 4883 3098 4939 quam
3130 4867 3305 4921 carnis
3333 4854 3839 4932 concupiscentiam:

2289 4969 2357 5024 de
2385 4983 2486 5036 qua
2515 4941 2657 5020 alius
2676 4961 2980 5032 apostolus,
3012 4957 3152 5030 quod
3182 4973 3285 5011 non
3315 4957 3383 5011 sit
3407 4972 3436 5009 a
3470 4954 3656 5014 Patre,
3681 4941 3767 4999 sed
3794 4951 3845 4989 οι

2290 5062 2486 5115 mundo
2515 5057 2614 5121 sit,
2646 5053 2774 5109 dicit
2803 5053 2846 5126 (ι
2872 5050 3031 5106 Joan.
3070 5067 3104 5105 ιι
3123 5092 3137 5114 ,
3173 5050 3260 5118 16)
3289 5067 3302 5103 :
3331 5063 3435 5118 qua
3459 5047 3481 5078 ³
3509 5054 3563 5098 ιιι
3589 5054 3705 5095 caro
3729 5048 3844 5089 cou-

2291 5149 2528 5219 cupiscat
2555 5145 2807 5199 adversus
2845 5142 3109 5212 spiritum,
3135 5156 3199 5194 ex
3231 5139 3383 5209 primi
3414 5132 3641 5190 hominis
3671 5134 3846 5197 prasa-

2297 5240 2560 5297 ricatione
2598 5235 2944 5300 descendere,
2988 5231 3280 5287 catholicus
3305 5229 3497 5284 doetus
3531 5234 3586 5281 et
3613 5223 3783 5276 doctor
3806 5219 3851 5265 et

2295 5332 2474 5388 didicit
2507 5331 2562 5385 in
2597 5327 2867 5384 Cathohca
2907 5325 2928 5358 ³
2967 5334 3020 5380 et
3055 5323 3235 5379 docuit
3262 5319 3576 5395 (Λευεί-θείης
3597 5358 3610 5380 ,
3642 5311 3722 5367 lib.
3753 5307 3780 5359 7
3807 5303 3852 5354 is

2298 5423 2424 5479 Luc.
2455 5420 2573 5492 xu).

2367 5487 2693 5571 cum“.
2744 5509 2861 5566 ιω..
2901 5508 3051 5576 Quod
3096 5515 3272 5563 autem
3309 5503 3534 5560 multum
3573 5497 3636 5552 ad
3681 5487 3855 5576 distiu-

2298 5607 2527 5662 ctionem
2557 5605 2693 5658 inter
2721 5613 2770 5656 te
2798 5611 2850 5656 et
2880 5599 3225 5655 Manichmum
3258 5593 3542 5652 tenendam
3569 5587 3737 5643 valere
3759 5575 3858 5636 evi-

2363 5719 2381 5749 ι
2417 5725 2499 5766 Ms.
2542 5721 2688 5772 Ροιιι.ν
2733 5724 3069 5762 connuoneres.

2363 5783 2383 5811 ³
2416 5778 2700 5839 \‘ignierius,
2716 5774 2855 5839 quia.
3051 5785 3160 5836 qua.

2367 5845 2386 5875 ³
2421 5826 2564 5953 idin,
2616 5826 2824 5888 Iicétésia
2861 5826 3108 5886 cattiof'iriz.
3154 5837 3309 5899 xbest,
3358 5827 3596 5891 Ecclesia,
3639 5839 3664 5876 a
3705 5826 3851 5870 mann'

2311 5922 2419 5956 SCi‘ll
2460 5919 2511 5953 ιδ.

2407 5927 2419 5970 ξ
2439 5927 2511 5953 ιιδ.
