3950 6534
196 380 336 442 I325

196 491 455 558 stimasti,
488 502 545 546 ut
588 488 795 545 diceres
837 485 1025 541 bonam
1069 481 1283 554 quidem
1307 522 1322 549 ,
1352 477 1448 535 sed
1489 477 1782 550 primorum

199 574 476 639 hominum
524 584 726 633 tantum
771 574 963 631 factam
1012 582 1296 634 naturam,
1344 570 1559 625 omnem
1599 576 1785 649 putem
1826 603 1828 605 ›

199 673 455 740 deinceps
505 684 604 741 per
648 656 1129 737 concupiscentiam
1198 661 1359 717 fuisse
1421 661 1731 716 subversam
1770 675 1784 711 :

196 764 361 819 etiam
389 760 712 816 Mauicltmus
745 759 813 812 ita
845 754 1100 812 disseruit
1131 771 1145 809 :
1184 771 1203 805 ι
1238 751 1426 821 Operm
1449 791 1466 817 ,
1518 768 1538 803 ι
1580 748 1787 818 inquit,

202 874 229 907 ι
258 854 480 924 pretium
505 862 584 906 est
604 850 905 913 advertere,
933 847 1055 918 quia
1081 846 1244 917 prima
1287 844 1461 898 anima
1486 857 1603 912 qua:
1628 855 1659 894 a
1684 839 1794 895 Deo

200 944 424 1000 luminis
454 943 706 1009 manavit,
737 940 947 1011 accepit
979 937 1231 993 fabricam
1263 936 1416 991 istam
1446 932 1705 1003 corporis,
1739 939 1797 985 ut

200 1050 322 1090 eam
356 1033 510 1100 freno
552 1049 651 1087 suo
679 1040 906 1099 regeret.
945 1028 1106 1086 Venit
1144 1025 1449 1082 mandatum
1472 1064 1487 1090 ,
1520 1028 1796 1094 peccatum

204 1129 401 1183 revixit
421 1168 439 1193 ,
486 1124 629 1197 quod
668 1123 946 1179 videbatur
973 1121 1238 1191 captivum
1268 1135 1285 1174 :
1318 1115 1519 1172 invenit
1546 1115 1798 1171 articulos

206 1235 338 1275 suos
388 1218 633 1273 diabolus
664 1218 680 1249 ⁸
712 1258 727 1281 ,
760 1213 1037 1271 materiam
1085 1209 1531 1283 concupiscentiae
1580 1207 1635 1263 in
1679 1220 1799 1262 eam

206 1311 448 1376 seduxit,
480 1319 533 1364 ct
562 1324 658 1379 per
687 1308 830 1362 illam
856 1305 1067 1361 occidit.
1095 1304 1204 1359 Lex
1233 1301 1447 1373 quidem
1473 1307 1679 1366 sancta,
1706 1296 1802 1353 sed

203 1412 393 1456 sancta
425 1410 661 1464 sanctze;
699 1407 754 1454 ct
792 1397 1099 1453 mandatum
1140 1403 1196 1451 et
1230 1395 1427 1466 justum
1468 1400 1526 1448 et
1564 1391 1800 1457 bonum;

207 1494 306 1548 sed
330 1493 490 1563 justa:
526 1501 581 1548 et
618 1493 794 1547 boum.
824 1509 844 1544 ι
873 1490 962 1545 Sic
989 1490 1149 1545 etiam
1187 1488 1240 1542 in
1281 1487 1367 1542 illa
1407 1485 1476 1541 ad
1517 1482 1804 1540 Patricium

209 1585 468 1655 cpistola,
500 1602 520 1636 ι
558 1583 709 1654 quasi
750 1582 822 1638 de
864 1581 1047 1654 prima:
1090 1580 1286 1636 factum
1329 1576 1462 1633 ﬂere
1497 1573 1808 1631 substantiae

216 1675 510 1732 meliorem
529 1675 658 1730 dicit
681 1674 914 1730 secutis‘I
932 1711 949 1726 .
977 1692 997 1726 ι
1024 1673 1138 1728 Νοιι
1162 1686 1290 1743 ergo
1311 1684 1560 1742 magnum
1583 1675 1686 1735 est,
1711 1680 1811 1722 nec

210 1767 418 1839 aliquid
447 1767 515 1823 ad
545 1766 910 1823 defensionem
941 1766 1015 1821 tui
1049 1771 1326 1835 promovet
1347 1804 1363 1831 ,
1394 1760 1533 1833 quod
1561 1776 1591 1814 a
1626 1758 1808 1815 crimi-

212 1858 437 1913 natione
464 1867 668 1912 naturae
695 1856 942 1912 humana:
968 1855 1136 1910 Adam
1182 1852 1622 1925 sequestrandum
1655 1859 1811 1921 puta-

212 1949 310 2017 ειί,
363 1964 527 2020 super
558 1948 717 2019 cujus
755 1957 894 2003 statu
923 1962 1048 2002 mox
1084 1945 1295 2018 plenius
1330 1944 1675 2000 disseremus.
1716 1941 1814 1997 llic

218 2049 555 2097 monstrasse
591 2038 854 2107 sufiiciat,
884 2038 1015 2094 nihil
1054 2038 1128 2093 ita
1165 2036 1300 2092 rude
1335 2034 1389 2090 in
1434 2033 1538 2089 tuis
1572 2031 1816 2089 sensibus

216 2131 453 2187 inveniri
476 2173 494 2201 ,
535 2139 592 2188 ut
620 2147 726 2187 non
755 2131 825 2187 sit
848 2130 960 2202 jam
987 2126 1262 2185 Manicluei
1288 2124 1617 2182 volutatione
1643 2122 1816 2179 detri-

221 2233 362 2279 tum.

294 2318 436 2370 Anc.
480 2311 801 2368 Manichtcus
839 2324 907 2367 ex
943 2307 1322 2366 commixtione
1348 2305 1572 2363 duarum
1598 2312 1818 2361 natura-

225 2420 353 2461 rum
387 2412 780 2461 cemternarum
800 2443 817 2470 ,
848 2399 975 2456 hbui
1008 2399 1215 2456 scilicet
1242 2406 1295 2453 et
1324 2396 1485 2462 mali,
1517 2410 1624 2451 non
1650 2394 1822 2451 solum

228 2498 506 2554 hominem
529 2539 547 2565 ,
579 2495 674 2553 sed
717 2495 1023 2552 universum
1060 2490 1318 2549 mundum
1368 2495 1617 2546 constare
1655 2486 1822 2555 dicit,

234 2602 290 2647 ct
317 2590 388 2647 ad
416 2606 541 2646 eum
570 2589 745 2645 omnia
776 2586 1092 2660 pertinentia
1116 2602 1135 2653 ;
1162 2585 1234 2641 ita
1263 2598 1393 2640 sane
1412 2625 1429 2650 ,
1472 2590 1530 2638 ut
1556 2581 1725 2654 ipsam
1752 2581 1827 2636 fa-

233 2684 446 2740 bricam
472 2682 676 2749 mundi,
702 2681 946 2753 quamvis
969 2695 1033 2736 ex
1056 2676 1435 2735 commixtione
1458 2675 1585 2731 boui
1606 2682 1661 2730 et
1680 2673 1825 2741 mali,

230 2775 345 2831 Deo
375 2775 523 2831 bene
551 2773 747 2829 artitici
778 2772 975 2827 tribuat
1006 2787 1022 2828 :
1053 2767 1299 2826 animalia
1342 2780 1505 2833 vero,
1544 2774 1603 2822 et
1640 2773 1828 2821 cuncta

226 2882 350 2938 qua:
389 2875 685 2923 nascuntur
720 2880 755 2921 e
796 2872 935 2920 terra
958 2904 977 2931 ,
1022 2871 1077 2918 et
1115 2861 1287 2933 ipsum
1318 2857 1627 2926 hominem,
1667 2871 1828 2926 opera

232 2973 357 3015 esse
380 2958 529 3014 dicat
553 2957 797 3028 maligna:
823 2955 1037 3020 mentis,
1064 2969 1223 3025 quam
1246 2952 1393 3026 genti
1417 2950 1661 3007 attribuit
1686 2959 1832 3004 tene-

229 3047 476 3104 brarum.
506 3047 640 3103 llinc
666 3055 766 3112 est,
798 3044 940 3118 quod
971 3063 991 3098 ι
1023 3044 1254 3100 animam
1283 3043 1509 3114 primam
1542 3059 1564 3095 s
1594 3040 1723 3096 dicit
1753 3058 1774 3092 ι
1801 3046 1831 3094 a

238 3140 352 3196 Deo
381 3140 522 3196 lucis
555 3153 798 3194 manasse
823 3178 838 3203 ,
867 3146 921 3194 et
947 3135 1214 3207 accepisse
1242 3134 1397 3190 istam
1427 3132 1679 3188 fabricam
1710 3146 1832 3186 cor-

235 3233 385 3304 peris
404 3275 431 3303 ,,
457 3240 517 3287 ιιι
544 3247 664 3289 eam
693 3231 845 3286 freno
871 3244 971 3285 suo
997 3235 1226 3299 regeret.
1266 3244 1285 3280 ι
1318 3225 1435 3281 Non
1464 3225 1607 3280 enim
1637 3223 1741 3279 hoc
1768 3222 1835 3277 de

239 3323 488 3390 nomine,
519 3320 614 3395 sed
642 3320 710 3377 de
736 3319 911 3376 anima
938 3318 1077 3374 bona
1109 3316 1272 3383 dicit,
1309 3330 1469 3387 quam
1500 3315 1594 3370 Dei
1631 3322 1834 3384 partem

234 3422 403 3484 atque
442 3420 688 3467 naturam
728 3410 977 3464 universe
1012 3406 1232 3475 munde,
1266 3414 1322 3461 et
1351 3404 1599 3460 omnibus
1626 3418 1744 3474 qua:
1783 3403 1834 3456 in

236 3519 309 3560 eo
334 3513 497 3570 sunt,
527 3502 776 3574 opinatur
801 3515 922 3557 esse
947 3498 1261 3570 permixtam
1286 3513 1303 3563 ;
1336 3495 1388 3553 in
1416 3495 1634 3551 homine
1658 3503 1836 3549 autem

241 3613 341 3667 per
368 3592 860 3667 concupiscentiam
890 3590 1083 3662 decipi.
1110 3590 1279 3657 Quam
1307 3586 1792 3659 concupiscentiam
1818 3626 1833 3652 ,

240 3690 387 3763 quod
429 3702 577 3759 sape
612 3683 987 3743 incnlcandum
1014 3690 1126 3745 est,
1167 3697 1274 3737 non
1311 3680 1495 3736 vilium
1529 3679 1841 3735 substantia:

244 3782 403 3838 bona:
428 3823 448 3850 ,
492 3780 588 3836 sed
628 3779 823 3837 malam
857 3778 970 3834 vult
995 3791 1116 3834 esse
1151 3775 1522 3831 substantiam.
1566 3773 1703 3828 Mala
1733 3787 1839 3827 non

253 3890 487 3929 vacuum
514 3872 676 3928 fuisse
704 3871 833 3927 dicit
859 3870 1059 3933 Adam,
1089 3867 1183 3925 sed
1211 3868 1328 3939 ejus
1357 3867 1531 3922 minus
1558 3864 1841 3932 habuisse,

249 3965 525 4035 multoque
552 3963 668 4034 plus
692 3962 845 4018 lucis.
874 3961 1111 4018 Videsne
1134 3960 1258 4015 huic
1280 3956 1586 4024 dementim,
1611 3972 1729 4027 qum
1752 3957 1843 4011 Dei

248 4069 501 4115 naturam
545 4054 949 4126 corruptibilem
990 4052 1138 4117 dicit.
1182 4065 1408 4122 eamque
1448 4048 1602 4104 mala:
1644 4055 1846 4102 natum

248 4149 640 4208 commixtione
666 4146 993 4217 corrumpit,
1022 4151 1276 4216 quantum
1305 4140 1565 4197 catholica
1594 4138 1728 4193 ﬁdes
1755 4136 1850 4192 ad-

252 4256 411 4297 versa
443 4242 550 4307 sit,
580 4254 701 4309 qua:
727 4237 902 4293 omnia
932 4235 1069 4290 mala
1099 4232 1312 4305 generis
1341 4229 1592 4295 humani,
1622 4244 1847 4301 quorum

258 4346 369 4387 non
395 4344 619 4402 parvam
638 4337 845 4400 partem
868 4324 1116 4396 parvulos
1136 4323 1298 4378 etiam
1325 4320 1593 4377 cernimus
1619 4319 1847 4390 perpeti,

262 4431 321 4478 et
340 4422 514 4494 ipsam
540 4416 1027 4487 ceucupismntium
1049 4428 1153 4484 qua
1175 4427 1299 4468 care
1318 4410 1644 4481 concupiscit
1664 4409 1852 4465 adver-

253 4528 354 4569 sus
370 4512 641 4584 spiritum,
664 4509 856 4580 quibus
879 4506 1037 4561 malis
1058 4503 1307 4559 ontuibus
1328 4502 1605 4574 paradisus
1624 4517 1655 4557 a
1676 4500 1848 4568 vobis,

184 4608 187 4611 ’
255 4606 357 4661 sed
399 4612 616 4672 vester,
659 4600 945 4672 impletur,
984 4612 1092 4652 non
1119 4594 1249 4651 dicit
1277 4609 1398 4651 esse
1425 4593 1527 4650 nisi
1560 4608 1629 4650 ex
1665 4601 1852 4647 natura

260 4695 400 4751 bona
421 4738 439 4763 ,
471 4704 525 4749 et
552 4709 583 4749 a
615 4694 725 4748 Deo
753 4691 893 4746 bene
923 4690 1058 4745 bene
1088 4686 1329 4743 instituta
1347 4727 1364 4752 ,
1393 4684 1489 4742 sed
1515 4683 1725 4754 propria
1755 4697 1854 4738 ve-

260 4790 478 4845 luntate
498 4797 556 4844 et
579 4786 733 4858 primi
756 4783 987 4841 hominis
1008 4779 1443 4854 praevaricatione
1462 4776 1681 4833 vitiata?
1703 4774 1885 4843 Quod

262 4897 361 4936 vos
390 4889 652 4951 negantes
676 4921 692 4946 ,
723 4876 848 4949 quid
878 4874 1035 4946 agitis
1056 4916 1075 4942 ,
1108 4873 1210 4929 nisi
1239 4880 1298 4928 ut
1325 4870 1441 4926 lucc
1468 4869 1647 4925 omnia
1676 4866 1812 4923 mala
1836 4905 1854 4935 ,

258 4987 384 5042 qum
413 4971 485 5027 dc
512 4979 733 5042 peccato
761 4979 965 5023 natura:
994 4966 1148 5022 bonae
1176 4964 1228 5020 in
1260 4962 1508 5035 parvulos
1536 4959 1719 5017 venire
1748 4974 1856 5013 non

263 5063 465 5129 vultis,
506 5059 870 5116 commixtioni
902 5057 1058 5114 mala:
1088 5064 1291 5112 natura:
1319 5053 1620 5110 tribuantur
1641 5092 1658 5118 ,
1699 5065 1860 5121 quam

264 5153 688 5210 Hanichmorum
720 5154 949 5209 furiosus
974 5165 1128 5207 error
1155 5147 1400 5204 inducit?
1428 5146 1633 5203 Videtis
1662 5144 1821 5217 igitur
1840 5183 1857 5212 ,

264 5244 372 5302 etsi
398 5241 587 5301 videre
613 5261 717 5300 non
744 5244 923 5310 vultis,
948 5243 1166 5299 insanos
1185 5248 1240 5296 et
1257 5238 1496 5311 perditos
1514 5235 1859 5302 Manichacus,

267 5353 346 5394 ne
366 5338 521 5394 vobis
548 5336 921 5407 adjuvantibus
945 5336 1179 5401 vincant,
1204 5332 1478 5388 vobiscum
1502 5344 1623 5386 esse
1647 5328 1864 5384 vincen-

266 5429 413 5495 dos;
442 5432 553 5484 imo
603 5428 889 5497 adjuvante
918 5425 1144 5482 Domino
1175 5423 1449 5479 vobiscum
1486 5435 1605 5478 esse
1631 5418 1742 5491 jam
1781 5417 1863 5474 vi-

265 5532 412 5577 €108.

352 5609 703 5669 CLXXXVII.
741 5610 861 5669 Ιυι..
902 5609 1145 5666 Persistit
1184 5622 1316 5664 sane
1357 5605 1535 5663 invehi
1564 5604 1617 5661 in
1651 5619 1769 5672 nos,
1810 5610 1866 5659 ct

348 5767 366 5800 ι
389 5766 548 5816 Codex
574 5773 835 5819 Pertarum.
861 5763 1033 5816 inuenit
1058 5762 1343 5817 articulosus
1367 5758 1601 5815 diabolus.

346 5831 368 5863 ¹
391 5830 520 5880 Idem
536 5829 692 5880 codex
717 5835 863 5892 νοω,
881 5834 1087 5880 secutus.

1504 392 1511 401 ι
1538 363 1745 421 LIBER
1784 360 2098 419 TERTIUS.

1892 472 2168 545 adjungit:
2195 488 2215 525 ι
2245 469 2311 529 Hi
2336 478 2514 529 autem
2534 473 2625 544 qui
2649 475 3132 547 concupiscentiam
3157 476 3312 535 istam
3335 492 3470 537 eon-

1892 574 1974 619 tra
1998 564 2335 634 evangelices
2361 572 2418 620 et
2439 566 2761 635 apostolicos
2785 565 2974 623 Libros
2995 608 3011 633 ,
3040 584 3174 640 quos
3197 585 3367 628 vacuo
3389 569 3472 627 le-

1893 657 2099 723 ctitant,
2129 656 2328 713 bonum
2365 657 2483 712 ausi
2508 657 2889 724 sunt-dicere;
2934 658 3114 714 videas
3137 701 3154 728 ,
3203 680 3225 715 s
3259 662 3431 733 inquit
3456 705 3472 727 ,

1898 766 1922 800 ι
1953 758 2173 821 sanctos
2196 761 2381 803 eorum
2417 762 2560 803 nunc
2590 761 2714 802 cum
2752 747 2958 803 filiabus
2995 748 3288 818 dormisse,
3331 767 3475 807 nunc

1895 852 2017 894 alia
2045 839 2281 909 pluribus
2308 846 2363 894 et
2388 838 2695 894 concubinis
2719 844 2773 894 et
2802 838 3055 894 uxoribus
3079 841 3356 896 miscuisse
3383 857 3479 896 ne-

1897 931 2119 1002 gotium.
2150 930 2259 987 Nec
2285 929 2386 986 hoc
2410 931 2650 1001 Aposteli
2679 930 2889 985 vident:
2913 928 3040 996 Quae
3065 932 3274 988 societas
3298 933 3402 987 luci
3434 946 3481 988 et

1900 1019 2112 1074 tenebris
2130 1060 2145 1084 ,
2174 1020 2311 1089 ﬁdeli
2336 1030 2382 1075 et
2405 1021 2599 1090 inﬁdeli
2615 1061 2632 1087 ,
2661 1017 2860 1076 Christo
2887 1028 2936 1076 et
2962 1020 3128 1075 Belial
3154 1020 3217 1094 (ll
3245 1022 3363 1080 Cor.
3393 1040 3443 1080 vt
3463 1068 3479 1094 ,

1904 1112 1972 1168 14
1991 1154 2010 1181 ,
2042 1111 2175 1186 i5)?
2211 1113 2406 1169 Errant
2429 1114 2710 1186 glomerati
2738 1116 2920 1172 nubilo
2949 1117 2967 1149 ί
2996 1118 3445 1189 conenpiscentim
3468 1163 3484 1185 ,

1903 1203 2057 1274 cujus
2082 1205 2387 1276 veneneita
2416 1204 2676 1275 fruuntur,
2702 1216 2761 1262 ιιι
2784 1210 3016 1265 amentia
3044 1210 3206 1281 capti,
3233 1225 3354 1267 cum
3382 1212 3486 1269 hoc

1902 1304 2097 1368 gerunt
2118 1338 2134 1363 ,
2170 1313 2201 1351 a
2234 1297 2342 1353 Dee
2371 1297 2423 1354 id
2449 1313 2761 1355 concessum
2791 1309 3012 1373 putent;
3050 1305 3203 1376 quasi
3242 1306 3489 1377 ignorent

1906 1389 2218 1459 Apostolutn
2256 1390 2487 1456 dixisse,
2529 1392 2655 1459 Qum
2679 1387 2923 1464 geruntur
2960 1395 3022 1451 ab
3054 1397 3127 1452 eis
3152 1398 3206 1453 in
3236 1400 3448 1456 tenebris
3467 1443 3484 1469 ,

1908 1487 2056 1550 turpe
2087 1487 2159 1534 est
2192 1482 2342 1535 etiant
2367 1482 2530 1536 dicere
2567 1500 2585 1533 ο
2618 1482 2831 1557 (Ep/tes.
2861 1501 2892 1540 v
2914 1527 2930 1554 ,
2959 1485 3073 1558 12).
3110 1487 3268 1545 Vides
3296 1506 3491 1563 nempe

1911 1573 2185 1644 quomodo
2212 1575 2480 1645 negotium
2506 1587 2661 1632 vexat
2696 1577 2946 1649 pudoris,
2983 1588 3145 1652 atque
3180 1593 3365 1640 contra
3393 1601 3492 1642 nos

1914 1662 1966 1718 id
2000 1664 2183 1719 valere
2206 1664 2488 1734 plurimum
2516 1675 2690 1736 putat,
2719 1670 2810 1739 qui
2833 1685 2937 1726 non
2964 1671 3164 1727 malum
3188 1673 3368 1731 dicere
3393 1691 3493 1730 au-

1914 1754 2156 1821 deamus,
2178 1756 2321 1827 quod
2342 1758 2623 1814 velandum
2646 1767 2821 1816 tamen
2845 1763 3046 1833 pudore
3068 1764 3345 1823 fateamur.
3367 1756 3496 1824 Nul-

1917 1846 2028 1902 lum
2058 1850 2432 1905 vestimentum
2460 1866 2585 1921 ergo
2611 1853 2846 1923 texuisti,
2876 1871 2981 1925 quo
3006 1857 3393 1916 deformitatem
3421 1862 3497 1918 tui
3558 1876 3569 1885 λ

1915 1939 2179 2011 dogmatis
2205 1941 2444 2011 eperircs
2464 1984 2478 2009 ,
2509 1953 2702 2013 praeter
2729 1959 2936 2015 pannos
2962 1949 3153 2018 quibus
3179 1950 3230 2004 in
3261 1953 3501 2022 parentis

1920 2032 1996 2088 tui
2021 2041 2076 2089 et
2098 2034 2335 2104 magistri
2362 2032 2671 2091 bmreditate
2689 2036 2920 2092 crevisti.
2948 2038 3095 2093 Persi
3111 2040 3189 2095 -ιὶι
3210 2039 3368 2112 igitur
3386 2043 3496 2098 eri.

1912 2124 1972 2196 gi
1997 2124 2049 2181 in
2077 2139 2194 2191 nos,
2220 2126 2520 2199 [sciensque
2544 2127 2903 2201 apostrophen
2929 2147 2942 2185 :
2970 2149 2992 2182 ι
3020 2132 3130 2202 Age
3156 2139 3231 2197 tu,
3262 2152 3280 2186 ι
3306 2132 3499 2204 inquit,

1928 2234 1949 2269 ι
1993 2216 2246 2273 defensor
2292 2220 2773 2290 concupiscentiae,
2817 2230 3003 2292 aperto
3051 2238 3299 2278 sermone
3343 2240 3503 2280 narra

1923 2306 2130 2366 fructus
2151 2321 2206 2367 ct
2224 2326 2388 2382 opera
2410 2313 2544 2383 ejus.
2568 2312 2710 2370 Ecce
2731 2326 2832 2386 ego
2849 2324 3033 2370 contra
3055 2329 3194 2381 eam,
3217 2331 3323 2371 non
3345 2317 3506 2371 tit-co

1926 2402 2134 2471 lucem,
2176 2420 2335 2475 quam
2374 2405 2463 2460 illa
2507 2404 2768 2476 trepidat,
2806 2420 2966 2477 quam
3011 2406 3100 2462 illa
3143 2406 3275 2463 odit.
3318 2402 3506 2464 Omnis

1926 2496 2071 2553 enim
2100 2497 2193 2567 qui
2220 2496 2359 2552 male
2384 2496 2525 2567 agit,
2553 2496 2668 2552 edit
2689 2498 2863 2552 lucem
2884 2538 2899 2564 ,
2927 2506 2980 2553 et
3004 2513 3110 2553 non
3139 2499 3281 2554 venit
3315 2496 3382 2555 ad
3421 2499 3509 2553 lu-

1929 2602 2067 2656 cem,
2096 2603 2164 2643 ne
2194 2588 2598 2644 manifesteutur
2623 2602 2785 2658 opera
2810 2587 2926 2658 ejus
2952 2587 3129 2660 (Joan.
3162 2604 3238 2655 ιιι,
3263 2588 3379 2660 20).
3410 2580 3507 2645 Vi-

1931 2680 2094 2736 desne
2121 2679 2604 2751 concupiscentiam
2631 2680 2752 2736 mali
2778 2672 3201 2752 esse'origiuem,
3230 2697 3326 2752 per
3349 2680 3509 2752 quasi

1934 2772 2143 2828 misera:
2164 2771 2357 2826 animas
2382 2770 2587 2827 libidini
2613 2773 2871 2840 serviunt,
2898 2787 3006 2827 non
3028 2781 3239 2842 sponte,
3266 2772 3389 2842 quia
3413 2772 3516 2828 hoc

1933 2872 2016 2918 est
2049 2862 2190 2933 quod
2221 2864 2432 2920 nolente
2470 2865 2651 2920 animo
2689 2866 2922 2935 gerimus
2960 2866 3178 2920 solum?
3212 2885 3231 2919 ι
3261 2865 3395 2921 Hinc
3432 2860 3517 2922 est

1935 2956 2078 3026 quod
2107 2963 2162 3010 ct
2191 2965 2246 3011 lu
2276 2973 2289 3010 :
2324 2974 2344 3009 ι
2375 2956 2507 3012 Nam
2533 2957 2659 3028 quid
2687 2967 2796 3023 est,
2833 2977 2852 3011 ι
2882 2958 3087 3029 inquis,
3123 2975 3143 3011 ι
3175 2957 3315 3028 quod
3342 2957 3515 3025 labia,

1936 3046 2134 3116 lingua,
2163 3062 2374 3112 manus,
2399 3045 2711 3103 inllexiencs
2730 3047 2898 3115 dorsi,
2923 3046 3168 3114 cervicis,
3194 3059 3247 3102 et
3269 3048 3517 3116 laterum,

1941 3146 1999 3194 ut
2021 3139 2089 3194 ad
2113 3154 2273 3211 opera
2299 3154 2531 3210 congrua
2556 3150 2889 3207 moveantur,
2918 3141 3146 3211 positum
3176 3140 3228 3194 in
3257 3148 3523 3210 petesmto

1938 3240 2060 3295 est;
2102 3244 2225 3285 eum
2271 3244 2402 3286 vero
2447 3238 2661 3286 ventum
2708 3229 2867 3286 fuerit
2910 3240 2966 3285 ιιι
3010 3230 3097 3285 lilii
3147 3231 3518 3297 semincntur,

1940 3323 2177 3379 membra
2216 3322 2267 3377 in
2308 3322 2413 3377 hoc
2449 3337 2582 3392 opus
2610 3332 2788 3378 creata
2827 3338 2930 3377 neu
2961 3322 3244 3389 serviunt;
3284 3322 3383 3379 sed
3423 3338 3525 3379 ex-

1936 3424 2213 3485 spectatur
2241 3423 2299 3469 ιιι
2327 3431 2388 3470 ea
2417 3415 2563 3470 velut
2590 3415 2672 3469 sui
2700 3414 2837 3485 juris
2867 3414 3032 3470 libido
3060 3425 3395 3471 commoveat
3418 3457 3435 3482 ,
3466 3424 3524 3472 et

1941 3508 2227 3579 aliquando
2265 3520 2371 3562 non
2414 3506 2539 3562 facit
2575 3506 2755 3562 animo
2794 3506 3027 3574 volente,
3071 3521 3193 3563 cum
3237 3506 3525 3579 aliquando

1943 3598 2102 3655 faciat
2116 3606 2171 3653 et
2196 3598 2412 3653 nolente
2435 3617 2454 3650 ι
2481 3595 2587 3668 (De
2606 3596 2815 3667 Nuptiis
2830 3607 2876 3653 et
2894 3597 3330 3668 Concupiscentia,
3354 3597 3441 3653 lib.
3470 3599 3525 3667 Ι,

1945 3708 1999 3746 n.
2029 3692 2131 3763 ηρ
2171 3690 2507 3745 Enumerasti
2535 3699 2589 3744 tu
2616 3705 2807 3761 nempe
2837 3691 3014 3745 omnia
3053 3689 3531 3763 ofﬁcia-membro-

1944 3797 2088 3850 rum,
2113 3796 2283 3853 eaque
2302 3781 2684 3837 commendans
2703 3782 2905 3837 servire
2927 3782 3218 3837 voluntatis
3237 3784 3259 3814 ³
3281 3782 3527 3853 imperio,

1948 3874 2185 3931 libidinis
2208 3871 2478 3945 negotium
2508 3873 2661 3940 dicis,
2692 3873 2835 3943 quod
2860 3872 2963 3928 hoc
2986 3873 3157 3928 solum
3184 3873 3401 3929 nolente
3425 3872 3536 3928 aui-

1949 3982 2039 4023 mo
2069 3966 2342 4033 faciamus.
2375 3965 2511 4036 Quid
2542 3966 2909 4022 Manicbteus?
2940 3984 2960 4020 ι
2993 3966 3246 4034 Videsne,
3281 3985 3300 4020 s
3332 3966 3543 4039 inquit,-

1954 4080 1977 4118 ι
2004 4059 2489 4130 concupiscentiam
2516 4056 2643 4113 mali
2670 4067 2790 4113 esse
2815 4057 3096 4128 originem,
3124 4072 3221 4127 per
3244 4072 3402 4128 quam
3433 4058 3536 4112 mi-

1951 4168 2087 4209 sera:
2119 4152 2312 4207 animae
2342 4148 2546 4206 libidini
2580 4149 2818 4205 serviunt
2841 4191 2857 4216 ,
2891 4164 2997 4204 non
3025 4158 3251 4219 sponte,
3281 4149 3404 4220 quia
3436 4149 3539 4205 hoc

1952 4256 2035 4303 cst
2063 4245 2203 4317 quod
2229 4243 2446 4300 nolente
2470 4241 2650 4298 animo
2674 4241 2911 4312 gerimus
2935 4241 3109 4296 solum
3133 4240 3160 4295 ?
3192 4259 3212 4294 ι
3245 4240 3351 4296 Sed
3382 4241 3535 4295 vide-

1953 4355 2106 4395 amus
2131 4338 2256 4411 quid
2286 4337 2429 4392 aliud
2454 4335 2728 4407 adiungat.
2759 4352 2781 4386 ι
2815 4333 3055 4404 Denique
3076 4348 3236 4388 omne
3261 4342 3535 4403 peccatum
3578 4331 3583 4335 ’

1954 4444 2105 4488 extra
2133 4444 2327 4499 corpus
2362 4437 2477 4497 est,
2505 4426 2627 4499 quia
2655 4424 2862 4481 actuale
2890 4432 2974 4480 est
3003 4443 3017 4479 :
3044 4423 3133 4495 qui
3162 4432 3339 4477 autem
3370 4422 3539 4478 forni-

1955 4534 2108 4577 catur
2131 4562 2145 4584 ,
2179 4521 2230 4576 in
2261 4535 2454 4590 corpus
2479 4531 2635 4574 suum
2678 4524 2860 4587 peccat
2892 4508 2938 4586 (Ι
2968 4511 3087 4569 Cor.
3114 4528 3189 4577 vr,
3222 4512 3337 4584 i8).
3365 4510 3541 4568 Omne

1957 4614 2100 4669 enim
2132 4620 2411 4683 peccatum
2446 4615 2728 4679 antequam
2760 4605 2884 4672 fiat,
2914 4618 3019 4659 non
3051 4610 3165 4669 est;
3197 4611 3253 4658 et
3282 4611 3400 4673 post
3431 4601 3544 4657 fac-

1959 4715 2093 4771 tum,
2124 4703 2383 4761 memoria
2411 4701 2525 4759 sola
2551 4699 2667 4771 ejus
2693 4697 2892 4771 operis,
2920 4711 3029 4752 non
3061 4696 3174 4766 ipsa
3200 4694 3406 4765 species
3431 4709 3547 4750 tua-

1959 4806 2088 4854 net:
2112 4794 2309 4852 malum
2332 4802 2507 4849 autem
2535 4789 2996 4860 concupiscentiis,
3026 4787 3149 4858 quia
3175 4785 3418 4842 naturale
3437 4784 3540 4853 cst',

1962 4896 2244 4959 antequam
2283 4885 2405 4952 ﬁat,
2433 4892 2555 4949 est;
2582 4896 2704 4938 cum
2735 4879 2826 4944 fit,
2862 4886 3122 4950 augetur;
3157 4886 3278 4950 post
3304 4876 3506 4933 factum
3528 4918 3543 4938 .

1963 4991 2019 5039 ct
2039 4981 2251 5036 videtur
2267 4987 2322 5035 et
2342 4984 2635 5049 permanet.
2667 4994 2685 5028 ι
2709 4973 2847 5042 Quid
2870 4974 3027 5044 Igitur
3048 4971 3321 5027 nobiscum
3340 4961 3567 5042 jurgas','

1964 5075 2085 5146 quia
2116 5081 2168 5128 te
2186 5072 2530 5127 Manicbazum
2569 5080 2859 5127 vocemus;
2886 5079 3008 5121 cum
3035 5080 3136 5121 nec
3156 5064 3209 5120 in
3250 5064 3392 5120 illius
3419 5063 3552 5118 scri-

1964 5168 2071 5239 ptis
2097 5165 2241 5221 aliud
2262 5179 2418 5234 quam
2448 5160 2593 5233 quod
2621 5170 2677 5215 tu
2702 5156 2858 5225 dicis,
2879 5174 2978 5214 nec
3005 5159 3056 5214 in
3088 5158 3193 5213 tuis
3221 5156 3361 5213 aliud
3389 5160 3549 5227 quam

1966 5256 2108 5330 quod
2146 5257 2236 5312 ille
2264 5256 2378 5310 vult
2415 5252 2770 5324 persuadere,
2810 5259 3075 5307 teneatur.
3107 5248 3223 5306 lam
3263 5263 3391 5304 vero
3423 5246 3552 5302 illud
3620 5290 3625 5293 .

1967 5348 2109 5421 quod
2136 5345 2479 5418 per‘plt-bcia,
2505 5362 2535 5399 a
2560 5344 2713 5399 vobis
2737 5351 2914 5398 tamen
2941 5341 3194 5409 infusum,
3224 5354 3317 5393 ora
3344 5338 3555 5411 discurc

1968 5442 2077 5506 rit,
2110 5439 2162 5493 in
2194 5437 2381 5493 eadem
2410 5435 2689 5491 Manichmi
2718 5434 2947 5506 epistola
2976 5433 3311 5495 continetur,
3346 5429 3397 5484 id
3428 5439 3549 5495 est,

1977 5551 1997 5586 ι
2041 5531 2097 5588 Si
2129 5538 2408 5603 peccatum
2440 5530 2678 5585 naturale
2718 5543 2827 5583 non
2863 5534 2947 5582 est
2970 5566 2985 5591 ,
3023 5521 3557 5607 quareibaptizantur

2037 5694 2054 5724 ι
2092 5689 2382 5753 \‘ignierius,
2441 5683 2693 5753 glomerqti
2727 5681 2923 5753 nubium
2985 5664 3396 5753 concupiscentia.
3441 5681 3539 5727 Iiss

1975 5762 2084 5805 star.
2132 5744 2185 5802 ei
2219 5744 2376 5809 Clam,
2401 5744 2653 5812 glomerati
2692 5744 2854 5812 nubilo
2872 5744 3281 5808 concupiscentia

2041 5818 2061 5848 ι
2092 5817 2167 5865 sic
2188 5821 2292 5864 Mss.
2319 5808 2367 5864 tn
2389 5808 2548 5876 vigit,
2579 5808 2845 5874 voluptatis.
