3996 6478
419 339 588 400 πῧῒι

430 452 712 513 ἁιιῐιιιιιθες
757 459 888 518 quos
929 445 1060 500 nihil
1110 460 1205 516 per
1241 462 1299 502 se
1347 447 1470 502 mali
1499 441 2012 516 cgissc‘constat?)

446 543 570 597 Ideo
592 549 766 595 autem
797 536 906 591 dixi
937 535 1064 591 illud
1091 552 1185 606 per
1210 537 1495 591 multorum
1521 535 1742 590 volitare
1768 533 1971 602 linguas
2000 572 2016 597 ,

443 632 564 700 quia
590 628 856 698 vulgarius
882 634 1248 696 argumentum
1279 626 1436 680 etiam
1467 641 1498 679 a
1529 623 1693 677 tardis
1721 621 2019 691 quibusque

441 721 884 791 comprehensum
914 726 1035 771 est:
1063 725 1312 772 caeterum
1356 723 1410 770 tu
1446 715 1500 768 in
1536 713 1640 768 luis
1676 713 1825 766 libris
1863 712 1914 765 in
1953 725 2019 765 eo

441 826 592 880 spem
636 818 801 864 totam
843 806 1077 877 reponis.
1123 804 1193 860 Et
1226 805 1328 860 hoc
1355 817 1482 876 ergo
1526 804 1697 873 ipsum
1728 801 1832 856 hoc
1859 799 2018 854 modo

443 910 565 956 tuus
590 907 890 970 prazceptor
917 897 1222 967 exsequitur
1249 913 1313 950 τις
1345 893 1444 963 Qui
1473 893 1555 948 his
1582 892 1754 947 verbis
1783 890 1910 945 mihi
1939 890 2019 944 in-

441 988 747 1060 terrogandi
776 994 901 1043 sunt
920 1029 934 1053 ,
965 987 1021 1043 Si
1048 986 1444 1043 omne-malum
1472 983 1678 1040 actuale
1703 991 1823 1047 est;
1863 991 2016 1037 ante-

437 1095 598 1150 quam
626 1079 820 1134 malunn
844 1076 1107 1148 quispiam
1134 1086 1254 1148 agat
1282 1089 1444 1146 quare
1461 1070 2018 1144 accipit-puriﬁcatio-

441 1186 564 1226 nem
594 1184 766 1240 aqu:e,
797 1183 916 1223 cum
947 1167 1150 1222 ‘nullum
1177 1165 1372 1221 malum
1398 1165 1568 1236 egerit
1594 1177 1687 1233 per
1711 1161 1815 1216 se?
1841 1161 1946 1216 Aut
1971 1160 2018 1215 si

441 1262 668 1318 necdum
695 1260 838 1332 egit,
869 1268 922 1315 et
952 1256 1306 1328 puriﬁcandus
1333 1265 1455 1323 est;
1488 1255 1614 1310 licet
1640 1255 1656 1286 ⁸
1683 1266 1776 1308 eos
1805 1261 2019 1306 natura-

442 1353 563 1408 liter
609 1351 763 1407 malze
808 1350 988 1420 stirpis
1029 1347 1428 1419 pullulationem
1471 1344 1754 1401 ostendere
1791 1346 1813 1378 ³
1849 1384 1867 1408 ,
1901 1342 2017 1397 illos

439 1447 584 1515 ipsos
603 1459 735 1514 quos
755 1441 983 1497 amentia
1004 1455 1109 1496 non
1130 1439 1256 1494 sinit
1276 1438 1589 1507 intelligere,
1610 1451 1781 1508 neque
1800 1451 1918 1507 qum
1939 1435 2018 1489 di-

435 1545 584 1609 cunt,
610 1548 781 1605 neque
797 1533 863 1588 de
881 1532 1070 1603 quibus
1087 1529 1357 1585 afﬁrmant
1383 1547 1403 1582 ι
1429 1525 1683 1601 (Epistola
1701 1524 2013 1596 Maniclmi).

439 1629 608 1684 Audis
646 1625 911 1698 quomodo
949 1625 1275 1680 conviciatur
1305 1622 1502 1678 nobis?
1536 1623 1789 1676 Amentcs
1825 1627 2014 1685 vocat,

438 1736 540 1776 nec
568 1719 922 1790 intelligentes
959 1717 1042 1772 vel
1065 1732 1184 1788 qum
1207 1715 1450 1772 dicamus
1475 1756 1490 1780 ,
1520 1714 1602 1768 vel
1633 1729 1750 1783 qua:
1778 1712 2016 1766 afﬁrme-

429 1825 579 1877 mus,
611 1808 700 1880 qui
737 1808 890 1863 mala:
919 1807 1098 1877 stirpis
1137 1805 1536 1876 pullulationem
1567 1817 1862 1874 negemus;
1893 1815 2016 1856 eum

421 1902 961 1974 baptizemus‘etiam
1002 1915 1095 1956 eos
1133 1899 1441 1971 puriﬁcante
1470 1915 1603 1970 aqua
1629 1937 1644 1964 ,
1688 1897 1779 1968 qui
1819 1897 2015 1952 malum

439 1997 640 2052 nullum
668 1995 905 2066 egerint,
940 1993 988 2048 id
1020 2004 1136 2060 est,
1168 1992 1437 2062 parvulos.
1471 1991 1644 2046 Posita
1675 1997 1800 2045 sunt
1828 2003 2018 2059 nempe

437 2087 505 2142 de
529 2087 645 2157 ejus
672 2085 836 2140 multa
866 2085 1144 2140 sententiis
1167 2083 1188 2115 ³
1213 2102 1226 2138 :
1252 2081 1344 2138 sed
1372 2083 1472 2137 nisi
1502 2079 1725 2137 Menoch
1754 2079 1934 2142 ﬁliam,
1964 2087 2020 2134 et

437 2179 784 2234 llanichmum
807 2177 897 2248 qui
918 2191 977 2232 se
997 2175 1188 2232 Christi
1213 2174 1507 2245 apostolum
1526 2173 1770 2228 nominat
1796 2171 2016 2242 (Supra,

433 2288 560 2342 .cap.
595 2269 744 2342 172),
777 2268 954 2324 titulus
986 2267 1261 2332 indicaret,
1297 2275 1347 2320 te
1378 2265 1596 2320 omnino
1621 2278 1774 2317 suum
1803 2261 2019 2332 pollice-

424 2369 620 2416 rentur
644 2369 935 2415 auctorem.
965 2357 1094 2414 Cum
1127 2371 1254 2427 ergo
1295 2355 1427 2410 nihil
1468 2352 1609 2408 aliud
1644 2351 1792 2408 dicas
1812 2392 1827 2418 ,
1859 2365 2016 2420 quam

434 2450 581 2522 quod
609 2449 746 2505 Mani
771 2449 792 2481 ⁸
818 2448 1045 2505 docente
1073 2445 1300 2501 didicisti
1325 2463 1338 2507 ;
1371 2453 1521 2513 putas
1552 2451 1604 2498 te
1621 2442 1682 2498 in
1710 2442 2020 2497 :estimatio-

439 2559 509 2597 ne
545 2540 937 2596 Catholicorum
975 2537 1130 2594 aliter
1169 2535 1493 2598 habendum,
1533 2548 1693 2604 quam
1733 2531 1881 2586 illum
1923 2545 2020 2602 per

438 2647 596 2702 quem
624 2632 806 2686 talium
830 2631 1138 2702 dogmatum
1167 2636 1497 2683 sacramenta
1529 2623 1764 2696 potasti?

510 2725 644 2780 Anc.
693 2721 878 2778 Finisti
921 2720 1137 2782 tandem
1164 2760 1179 2783 ,
1217 2733 1335 2789 qua:
1371 2717 1438 2774 de
1470 2715 1740 2772 Manicbmi
1773 2714 2018 2785 epistola,

438 2829 596 2886 quam
621 2813 690 2869 tui
712 2813 927 2884 collega
945 2811 1088 2868 Flori
1105 2809 1435 2866 orationibus
1445 2807 1654 2878 adjutus
1683 2815 1734 2861 te
1756 2805 2021 2861 invenisse

439 2903 659 2970 lzetaris,
677 2912 859 2959 contra
878 2917 976 2958 nos
989 2901 1186 2974 putasti
1206 2905 1326 2957 esse
1337 2898 1580 2955 dicenda.
1602 2897 1705 2954 Ubi
1733 2906 1879 2952 certe
1908 2895 2021 2950 Ma-

440 2995 677 3051 nichmus
693 2994 1172 3066 concupiscentiam
1195 2992 1370 3050 carnis
1382 2998 1611 3055 accusat,
1627 3004 1729 3061 qua
1747 3003 1876 3045 caro
1887 3002 2021 3045 con-

427 3089 665 3160 cupiscit
681 3087 936 3145 adversus
957 3088 1198 3159 spiritum
1219 3106 1232 3142 :
1251 3088 1390 3142 hanc
1409 3095 1584 3140 autem
1608 3083 1898 3141 Catholicis
1921 3083 2020 3140 ob.

441 3181 727 3252 jiciendam
758 3182 836 3236 sic
875 3181 1190 3246 arbitratur,
1223 3188 1473 3249 tanquam
1503 3193 1620 3233 eam
1665 3177 1858 3233 bonam
1901 3191 2024 3235 esse

441 3271 636 3340 dicant,
655 3273 779 3343 quia
808 3271 1110 3342 nuptiarum
1137 3270 1335 3325 bonum
1353 3269 1606 3325 doctrina:
1631 3269 1913 3325 dominica:
1938 3279 2020 3326 at-

441 3378 545 3433 que
584 3362 886 3432 apostolicn:
925 3361 1152 3417 sanitate
1181 3361 1588 3420 commendant.
1606 3361 1839 3430 Quando
1880 3364 2022 3416 enim

441 3461 625 3524 posset
668 3452 990 3508 Manichaaus
1017 3453 1213 3506 malum
1254 3453 1699 3522 concupiscentia:
1738 3451 1965 3508 carnalis
1993 3466 2023 3506 a

443 3543 584 3598 bono
607 3541 911 3598 discernere
938 3542 1198 3612 conjngali
1223 3581 1239 3606 ,
1264 3556 1385 3596 cum
1416 3543 1482 3596 ad
1512 3542 1762 3597 Hebraeos
1791 3541 2024 3611 Epistula

443 3630 657 3688 nonnisi
684 3647 869 3688 eorum
898 3630 1039 3687 dicat
1061 3646 1181 3687 esse
1205 3631 1434 3687 solidum
1461 3631 1637 3687 cibum
1655 3671 1670 3698 ,
1703 3631 1791 3701 qui
1819 3630 2026 3685 exerci-

445 3735 585 3782 tatos
619 3726 817 3782 habent
849 3740 1061 3792 sensus,
1092 3725 1160 3782 ad
1200 3726 1550 3796 separandum
1585 3726 1782 3781 bonum
1821 3742 1850 3779 a
1885 3725 2026 3780 malo

445 3817 632 3890 (Ilebr.
664 3832 720 3885 v,
759 3816 889 3891 H)?
917 3815 1022 3874 Sed
1051 3819 1208 3889 plane
1235 3829 1288 3872 tu
1319 3818 1369 3872 in
1395 3816 1551 3887 hujus
1575 3816 1848 3871 hlanicltmi
1885 3831 2029 3870 mor-

447 3924 565 3964 sum
597 3910 967 3968 inevitabiliter
1002 3911 1268 3977 incidisti,
1306 3919 1481 3965 tantus
1509 3905 1752 3964 laudator
1777 3907 2029 3980 concupi-

454 4000 670 4057 scentia:
693 4003 896 4069 carnis,
923 4011 981 4057 ut
1003 4017 1119 4057 eam
1148 4017 1254 4056 non
1293 4002 1463 4072 qualis
1489 4000 1559 4055 ibi
1586 4015 1704 4055 esse
1733 3998 2024 4070 potuisset,

448 4093 494 4148 si
520 4108 644 4149 esse
668 4093 954 4158 debuisset,
987 4092 1081 4148 sed
1108 4093 1328 4148 omnino
1355 4091 1526 4164 qualis
1554 4105 1698 4146 nunc
1723 4099 1826 4158 est,
1865 4090 2025 4144 etiam

449 4185 504 4238 in
532 4183 810 4255 paradiso,
835 4183 889 4239 id
914 4191 996 4238 est
1031 4183 1084 4237 iu
1125 4183 1242 4238 loco
1270 4191 1378 4236 tam
1415 4197 1618 4251 magna:
1657 4179 2025 4245 beatitudinis,

455 4277 786 4343 collocares;
817 4283 875 4330 ut
903 4275 1103 4330 scilicet
1129 4274 1270 4328 illius
1298 4273 1400 4329 loci
1431 4273 1752 4326 habitatores
1783 4271 1850 4324 ita
1876 4271 2028 4325 beata

452 4382 586 4439 pace
609 4367 940 4434 fruerentur,
974 4375 1031 4422 ut
1060 4367 1112 4421 in
1142 4382 1204 4422 se
1231 4366 1357 4436 ipsis
1385 4365 1634 4420 intestino
1662 4363 1838 4429 bello,
1868 4377 1936 4418 ne
1975 4363 2028 4416 in

453 4473 746 4515 consensus
773 4457 910 4512 illius
937 4457 1106 4512 illiciti
1136 4456 1216 4512 vel
1256 4455 1522 4511 inhonesti
1552 4453 1862 4510 concubitus
1889 4453 2033 4508 labe-

453 4559 658 4617 rentur,
683 4558 868 4606 contra
894 4559 1071 4604 motus
1095 4547 1535 4618 concupiscentia).
1556 4547 1887 4602 dimicarent.
1920 4545 2032 4601 Hoc

454 4644 654 4698 malum
686 4643 736 4697 in
769 4643 1015 4713 paradiso
1041 4657 1161 4698 esse
1185 4656 1289 4697 non
1317 4650 1515 4711 posset,
1538 4641 1638 4695 nisi
1665 4639 1801 4695 forte
1827 4641 1918 4696 illo
1949 4638 2032 4709 pi-

455 4745 563 4799 cto,
592 4733 660 4789 de
685 4749 789 4805 quo
825 4735 1068 4806 superius
1100 4733 1257 4789 locuti
1297 4747 1510 4798 sumus,
1538 4733 1627 4804 qui
1660 4731 1874 4787 haberet
1904 4732 2030 4785 titu-

454 4825 564 4879 lum
593 4825 1032 4894 suprascriptum,
1059 4823 1342 4879 Paradisus
1371 4824 1769 4895 Pelagianorum
1807 4823 2028 4894 (Supra,

456 4933 572 4987 cap.
606 4916 753 4986 154).
785 4915 885 4972 Ubi
914 4916 1014 4970 etsi
1040 4915 1152 4986 ipsa
1173 4917 1598 4986 concupiscentia
1622 4916 1846 4970 occultis
1871 4915 2025 4968 moti-

454 5008 557 5063 bus
585 5006 745 5063 corda
783 5015 927 5062 casta
975 5007 1267 5063 sollicitans
1301 5025 1405 5063 non
1446 5017 1625 5078 posset
1662 5008 1764 5062 ulla
1804 5007 2031 5075 exprimi

458 5110 574 5154 arte
600 5099 848 5170 pictoris;
876 5099 1022 5170 pingi
1045 5109 1224 5156 tamen
1257 5108 1478 5172 possent
1511 5099 1742 5170 gravidae
1782 5097 2028 5166 feminzn,

457 5191 608 5245 cibos
654 5191 810 5244 utiles
857 5188 1068 5245 fastidio
1103 5191 1452 5262 repellentes,
1502 5187 1643 5245 fmda
1682 5189 2033 5244 delectatione

458 5281 647 5338 noxios
680 5290 1012 5352 appetentes,
1044 5292 1382 5349 nauseantes,
1426 5291 1720 5344 vomentes,
1749 5281 2030 5352 pallentes,

372 5406 379 5412 -
460 5371 772 5427 immaturos
796 5369 934 5428 fetus
960 5371 1153 5428 abortu
1183 5372 1466 5444 aliquando
1493 5372 1800 5440 inridentes,
1835 5372 1886 5428 in
1917 5373 2032 5442 ipso

518 5545 545 5608 ἲ
579 5550 734 5608 t'jorte,
763 5543 924 5608 liquet.

530 5607 551 5670 ξ
575 5603 646 5670 sic
669 5613 773 5655 uss.
801 5603 854 5656 At
877 5607 1012 5670 editi,
1035 5607 1294 5670 oﬂ‘endere.

529 5665 552 5731 ξ
582 5668 654 5731 sic
677 5675 786 5731 MSS.
804 5673 855 5716 ιιι
877 5665 1034 5731 ιἰειιζ,
1058 5665 1304 5720 sententia.

529 5725 552 5757 δ
583 5729 854 5790 vignierius
869 5725 1077 5794 ooﬁjicit,
1104 5740 1256 5782 Mane.

1109 335 1348 391 OPERIS
1385 327 2096 390 IMPERFECTICONTRA
2133 320 2486 396 JULIANUM,
2527 331 2582 387 S.
2625 328 2986 388 AUGESTINI

3549 336 3697 401 ’1328

2128 442 2286 498 etiam
2321 454 2472 514 partu
2497 457 2672 517 pcena,
2699 456 2858 517 quam
2885 458 3054 503 mater
3087 447 3199 504 Eva
3226 451 3495 520 suscepit,
3527 453 3698 509 mise-

2123 534 2447 590 riam'suam
2489 546 2870 607 protestantes;
2905 540 3004 594 etsi
3045 556 3149 595 non
3188 552 3410 598 sonante
3453 544 3696 613 pictura,

2125 631 2300 678 tamen
2328 625 2486 680 facies
2517 626 2762 692 tristimn,
2795 629 3136 699 gementium,
3167 631 3482 700 plorantium
3503 675 3518 699 ,
3553 635 3698 690 sicut

2124 722 2351 782 poterat,
2368 714 2639 771 imitante:
2665 717 2875 787 natique
2896 719 2993 789 ipsi
3011 734 3197 775 omnes
3218 719 3405 776 ﬂentes
3423 723 3699 778 communi

2123 811 2266 857 sorte
2292 805 2639 871 nascentium,
2667 813 2723 861 et
2747 807 3072 863 diversarum
3097 811 3350 866 varietate
3391 828 3700 881 poenarum,

2123 901 2176 947 et
2205 893 2358 948 multi
2407 896 2566 950 etiam
2603 906 2786 967 postea
2822 897 2922 952 sub
2949 898 3258 955 verberibus
3302 901 3702 970 magistrorum.
3771 893 3791 907 ⁴

2123 982 2268 1038 Hanc
2298 983 2551 1053 picturam
2592 986 2834 1041 nesciens
2872 987 3112 1058 quisquis
3153 989 3441 1059 aspiceret,
3478 998 3533 1046 et
3567 991 3702 1044 titu-

2122 1072 2234 1128 lum
2265 1075 2482 1144 legeret,
2513 1090 2834 1146 causamque
2858 1079 3189 1147 requireret;
3220 1078 3332 1134 lucc
3356 1080 3404 1134 ei
3425 1079 3702 1145 videlicet,

2121 1164 2216 1220 sed
2244 1181 2273 1218 a
2299 1165 2470 1232 vobis,
2499 1167 2707 1236 egregia
2753 1168 2888 1222 ratio
2916 1168 3244 1232 redderetur,
3273 1185 3374 1240 qua
3400 1169 3652 1225 diceretis
3685 1188 3701 1224 ε

2121 1254 2263 1311 Talis
2287 1267 2427 1311 esset
2455 1256 2673 1311 omnino
2699 1258 2856 1312 etiam
2899 1259 2969 1312 ibi
2999 1259 3235 1314 conditio
3263 1261 3472 1330 generis
3503 1261 3704 1315 Imma-

2121 1347 2213 1413 ni,
2241 1347 2363 1418 quia
2392 1348 2508 1403 talis
2533 1359 2615 1404 est
2640 1350 2743 1414 hic,
2773 1351 2858 1405 ubi
2889 1351 3131 1406 similiter
3154 1367 3183 1406 a
3211 1353 3402 1408 fetibus
3424 1354 3702 1409 [nominum

2116 1438 2260 1491 nulla
2301 1437 2524 1493 trahitur
2561 1440 2710 1510 origo
2750 1443 2971 1510 peccati.
3015 1442 3068 1496 Si
3099 1443 3501 1512 acquiesceret,
3540 1443 3706 1499 ﬁeret

2123 1526 2538 1599 Pelagianuszsi
2579 1545 2708 1586 vero
2754 1531 2923 1586 irrisa:
2963 1533 3084 1587 huic
3126 1535 3437 1603 insipientiaa
3477 1536 3701 1606 acquie-

2114 1631 2271 1673 scere
2314 1619 2480 1674 nollet
2503 1662 2516 1686 ,
2548 1629 2860 1692 argueretur
2883 1638 2913 1676 a
2934 1621 3101 1678 vobis
3133 1633 3194 1678 ut
3221 1624 3561 1680 Manichmns.
3590 1627 3700 1682 Sed

2122 1707 2248 1766 huic
2273 1714 2634 1781 contentioni,
2663 1715 2754 1770 Dei
2777 1725 2960 1770 sancte
2986 1717 3207 1772 antiStes
3234 1719 3477 1774 Ambrosi
3499 1761 3513 1784 ,
3541 1719 3705 1775 docte

2123 1800 2174 1854 in
2215 1801 2452 1857 Ecclesia
2497 1812 2553 1859 et
2590 1803 2776 1859 doctor
2806 1806 3087 1873 Ecclesize,
3119 1807 3204 1862 dic
3253 1808 3368 1863 istis
3391 1851 3405 1874 ,
3437 1810 3702 1880 concupi-

2122 1891 2377 1946 scentiam
2420 1909 2521 1964 qua
2551 1909 2677 1950 caro
2702 1897 3028 1966 concupiscit
3066 1896 3320 1953 adversus
3349 1899 3616 1970 spiritum,
3645 1909 3707 1956 et

2122 1980 2189 2036 de
2215 1998 2314 2052 qua
2345 1983 2664 2040 Manichzeus
2686 1986 2931 2042 nesciens
2956 1987 3082 2057 quid
3109 1987 3370 2058 loquatur,
3397 1991 3560 2045 tendit
3585 2007 3705 2046 mue

2123 2074 2350 2142 scipulas
2378 2075 2654 2144 imperitis,
2683 2091 2790 2130 non
2823 2092 2891 2132 ex
2916 2078 3101 2133 aliena:
3130 2081 3508 2137 commixtione
3546 2092 3708 2137 natu-

2125 2181 2218 2228 rre,
2245 2168 2380 2222 sicut
2403 2169 2489 2224 ille
2513 2169 2723 2241 desipit,
2753 2171 2847 2226 sed
2872 2183 3074 2228 naturze
3102 2183 3300 2230 nostrm
3327 2177 3482 2232 bona:
3506 2194 3534 2232 a
3559 2179 3706 2234 bono

2125 2258 2354 2314 conditae
2392 2275 2457 2315 ex
2506 2263 2936 2332 praevaricatione
2964 2265 3120 2336 primi
3169 2266 3398 2324 hominis
3441 2271 3708 2329 accidisse

2127 2345 2262 2418 (Lib.
2291 2350 2323 2404 7
2350 2350 2402 2402 in
2429 2349 2554 2404 Luc.
2589 2352 2711 2424 xu).
2742 2352 2846 2409 Sed
2873 2369 2968 2409 vos
2997 2345 3219 2412 fertasse
3242 2358 3706 2428 impudentissima

2123 2440 2414 2510 pervicacia
2461 2443 2654 2514 eligitis
2707 2444 3010 2515 adjumenta
3061 2448 3300 2518 przebcre
3343 2450 3709 2520 impurissimo

2123 2529 2432 2600 Manichmo,
2463 2549 2619 2603 quam
2649 2544 2830 2589 sancto
2857 2535 3194 2606 acquiescere
3218 2539 3520 2594 Ambrosio.
3545 2543 3709 2612 Agite

2127 2628 2186 2676 ut
2225 2623 2440 2695 placet,
2471 2623 2566 2678 sed
2599 2639 2705 2678 non
2751 2627 3000 2696 gaudebit
3047 2628 3131 2682 vel
3175 2629 3324 2683 vobis
3369 2630 3709 2700 adjutoribus

2123 2712 2474 2780 Manichteus;
2499 2716 2746 2784 quoniam
2770 2718 3028 2774 catholica
3057 2719 3178 2783 fide,
3200 2722 3250 2775 in
3269 2722 3460 2779 Christi
3487 2726 3709 2784 neruine

2124 2814 2178 2859 et
2202 2804 2392 2861 virtute
2433 2816 2687 2876 utrosque
2720 2808 2881 2863 vincit
2924 2810 3254 2867 Ambrosius.
3297 2814 3356 2870 Si
3395 2816 3534 2870 enim
3581 2819 3707 2874 talis

2125 2904 2266 2950 esset
2295 2897 2392 2950 ista
2430 2897 2854 2969 concupiscentia
2876 2944 2891 2968 ,
2921 2919 3038 2972 qua:
3067 2903 3263 2958 carnali
3292 2890 3388 2960 suo
3416 2917 3561 2960 motu
3601 2923 3710 2964 nec

2126 2985 2471 3056 prmeederet,
2500 3005 2596 3045 nec
2625 2992 2908 3048 excederet
2937 2995 3166 3049 hominis
3208 2997 3531 3054 voluntatem
3557 3041 3573 3064 ,
3604 3000 3708 3055 sed

2125 3077 2243 3150 ejus
2269 3095 2478 3152 semper
2501 3094 2812 3152 sequeretur
2839 3085 3112 3141 arbitrium
3137 3104 3151 3152 ;
3183 3088 3422 3158 profecto
3451 3105 3550 3145 nec
3579 3091 3700 3144 bla-

2129 3170 2362 3226 nichazus
2388 3171 2512 3243 quid
2563 3173 2613 3227 in
2657 3188 2718 3228 ea
2743 3174 2884 3244 juste
2921 3177 3363 3247 reprehenderet,
3392 3181 3700 3248 inveniret;

2125 3279 2229 3320 nec
2267 3280 2386 3320 eam
2432 3267 2694 3338 quispiam
2737 3277 2976 3324 nostrum
3007 3270 3058 3326 in
3103 3272 3348 3340 paradiso
3384 3273 3708 3346 conjugatos

2131 3354 2327 3412 habere
2360 3374 2470 3412 non
2503 3359 2735 3428 potuisse
2761 3361 3138 3426 contenderet;
3171 3379 3269 3418 nec
3295 3365 3609 3420 Ambrosius
3635 3366 3713 3422 de

2126 3447 2560 3516 praevaricatione
2586 3448 2741 3519 primi
2774 3449 3004 3504 hominis
3028 3468 3142 3506 eam
3175 3453 3402 3508 traxisse
3433 3470 3529 3508 nos
3557 3455 3712 3510 dicc-

2130 3545 2232 3604 ret,
2261 3539 2382 3609 quia
2422 3541 2802 3610 concupiscere
2823 3552 3019 3597 eontra
3056 3544 3297 3614 Spiritum
3342 3561 3447 3601 non
3477 3547 3707 3604 videret.

2130 3627 2278 3684 Nunc
2305 3644 2431 3684 vero
2455 3630 2574 3700 quia
2606 3632 2724 3686 talis
2753 3642 2853 3698 est,
2885 3643 2942 3687 ut
2968 3635 3304 3704 concupiscat
3332 3646 3515 3691 contra
3543 3639 3709 3708 spiri-

2131 3728 2270 3786 tum,
2299 3722 2506 3777 etiamsi
2549 3715 2734 3793 spiritu
2778 3727 3058 3781 resistente
3096 3740 3201 3781 non
3246 3728 3452 3787 vincat:
3483 3740 3536 3784 et
3584 3731 3714 3786 ideo

2131 3825 2251 3866 esse
2276 3826 2380 3865 non
2411 3822 2621 3882 posset,
2651 3829 2778 3883 pace
2817 3815 2900 3868 illa
2942 3830 3129 3886 magna
3169 3817 3221 3870 in
3250 3818 3492 3886 paradiso
3520 3819 3710 3874 l‘ruen-

2131 3901 2263 3956 tium
2313 3903 2621 3969 beatorum;
2676 3919 2774 3960 nec
2816 3903 2896 3959 fas
2935 3916 3017 3961 est
3058 3906 3278 3962 credere
3319 3910 3715 3968 commixtione

2131 3993 2284 4046 mal-.e
2309 4002 2508 4048 natura:
2536 3996 2927 4066 corruptibilem
2955 3998 3155 4064 Deum;
3189 4010 3352 4054 restat
3375 4011 3434 4055 ut
3461 4013 3515 4056 et
3535 4018 3631 4057 vos
3652 4013 3715 4058 et

2132 4081 2450 4139 Manichteos
2469 4083 2600 4140 ﬁdes
2623 4086 2795 4141 vincat
2822 4087 3087 4143 Ambrosii
3113 4088 3363 4159 deprimi
3387 4093 3716 4162 contagione

2134 4175 2357 4244 peccati.

2202 4263 2575 4324 CLXXXVIII.
2605 4267 2727 4323 ιυι.
2767 4268 3023 4341 Superest
3061 4281 3118 4326 ut
3158 4273 3521 4330 cxaminemus
3561 4275 3712 4332 illam

2132 4359 2450 4414 sententiam
2479 4372 2641 4426 tuam,
2674 4376 2830 4431 quam
2855 4363 2872 4393 ¹
2904 4371 2958 4416 ιιι
3000 4372 3050 4417 te
3093 4363 3157 4416 ad
3202 4379 3361 4418 unum
3403 4380 3713 4422 sermonem

2135 4466 2387 4506 revocare
2414 4451 2676 4520 pollicitus
2699 4493 2714 4516 ,
2749 4453 2999 4519 breviter,
3033 4463 3090 4508 ut
3118 4470 3224 4509 non
3255 4463 3338 4510 est
3364 4457 3662 4525 negandum
3693 4500 3710 4524 ,

2136 4551 2189 4597 et
2211 4542 2419 4598 acutule
2445 4543 2722 4613 Collegisti.
2761 4543 2964 4598 Natura
2983 4547 3231 4612 ‘Immana,
3260 4548 3304 4601 si
3331 4549 3517 4601 malum
3544 4559 3711 4617 esset,

2135 4650 2236 4686 non
2265 4642 2388 4687 esset
2411 4635 2734 4704 generanda;
2759 4635 2802 4690 si
2841 4635 3030 4689 malum
3060 4653 3158 4690 non
3189 4637 3422 4704 haberet,
3454 4655 3551 4692 non
3583 4631 3719 4692 csSet

2135 4725 2476 4795 regenerauda
2493 4735 2676 4796 :atque
2711 4735 2765 4778 ut
2789 4726 2855 4778 ad
2874 4741 3028 4779 unum
3061 4728 3262 4780 verbum
3289 4737 3523 4797 utrumqu
3581 4745 3716 4782 con-

2137 4817 2340 4871 cludant
2361 4857 2376 4883 ,
2407 4825 2590 4869 natura
2617 4817 2838 4870 humana
2866 4817 2908 4870 si
2935 4816 3126 4870 malum
3163 4827 3310 4883 esset,
3339 4818 3582 4872 salvamla
3608 4835 3717 4872 non

2138 4917 2296 4972 esset;
2321 4907 2365 4960 si
2391 4907 2437 4960 ei
2470 4907 2587 4959 mali
2624 4907 2752 4960 nihil
2795 4907 3004 4970 inesset,
3046 4907 3290 4960 salvamla
3321 4924 3420 4961 non
3451 4919 3574 4962 esset
3613 4909 3722 4977 (De

2141 4995 2350 5066 Nuptiis
2375 5005 2421 5049 et
2459 4995 2902 5062 Concupiscentia,
2931 4997 3016 5050 lib.
3049 4995 3104 5063 2,
3132 5013 3185 5050 ιι.
3216 4997 3330 5066 '56).
3360 4997 3415 5052 ln
3448 5000 3546 5053 hoc
3589 4998 3717 5054 loco

2139 5101 2245 5142 nou
2271 5101 2329 5141 es
2357 5101 2388 5139 a
2417 5086 2570 5140 nobis
2599 5085 2796 5155 ingenii
2824 5087 2895 5140 tui
2938 5086 3090 5142 laude
3119 5086 3466 5154 fraudandus;
3499 5103 3593 5158 pro
3620 5097 3718 5145 tua

2140 5178 2281 5235 enim
2311 5193 2526 5247 prorsus
2549 5177 2652 5232 dici
2691 5178 2879 5233 melius
2904 5180 3106 5234 ratione
3133 5196 3236 5233 non
3276 5183 3440 5249 potuit
3464 5199 3477 5234 :
3502 5181 3594 5234 sed
3628 5191 3717 5236 ta-

2141 5288 2262 5327 men
2293 5287 2467 5326 rerum
2497 5281 2679 5326 natura
2709 5287 2812 5325 non
2837 5271 2980 5333 sinit,
3010 5281 3066 5326 ut
3093 5282 3400 5340 promoveat
3423 5273 3718 5343 quidquam

2141 5371 2324 5418 esacta
2351 5363 2630 5416 calliditas.
2666 5364 2862 5416 Durum
2905 5361 2998 5415 tibi
3027 5372 3109 5416 est
3141 5363 3356 5417 omnino
3395 5373 3579 5418 contra
3611 5365 3716 5418 sti-

2140 5453 2341 5508 mulum
2379 5452 2654 5508 calcitrare
2682 5472 2694 5508 :
2719 5452 2970 5523 quidquid
3009 5453 3150 5508 enim
3186 5456 3515 5525 compegeris
3538 5497 3554 5522 ,
3602 5470 3716 5514 non

2142 5546 2316 5602 minus
2341 5561 2496 5617 quam
2523 5546 2715 5616 glacies
2737 5547 2960 5601 admone
2982 5545 3218 5600 veritatis
3240 5547 3358 5616 igne
3381 5546 3717 5604 dissolvitur.

2143 5638 2377 5707 Denique
2400 5638 2525 5707 quid
2549 5655 2577 5690 τι
2601 5639 2750 5694 nobis
2777 5656 2911 5695 nunc
2939 5640 3195 5696 referatur
3218 5639 3447 5696 attende.
3477 5638 3716 5697 Conclu-

2211 5734 2224 5762 ¹
2266 5740 2343 5780 .lls.
2375 5730 2658 5794 l‘m‘l.,q.'.i.t.
