3950 6486
248 479 402 550 km

253 595 372 650 sisti
404 592 506 649 hoc
533 591 690 650 modo
715 611 727 648 :
750 591 893 657 Certe
931 601 1112 648 natura
1137 591 1355 647 Itamana
1383 593 1425 648 si
1456 595 1643 648 malum
1686 604 1830 662 esset,

249 688 502 743 salvauda
531 704 630 741 non
659 696 804 742 esset.
835 686 1201 752 Assentimur;
1231 701 1454 758 prorsus
1476 701 1660 743 verum
1694 686 1833 742 dixi-

249 780 322 835 sti
349 798 365 834 :
390 779 452 835 Si
473 778 663 834 malum
687 788 832 843 esset,
853 778 1098 833 salvauda
1117 794 1218 834 non
1239 788 1399 844 esset;
1420 778 1541 849 quia
1566 793 1654 833 res
1673 779 1832 845 mala,

225 881 310 930 θυι
334 871 651 927 naturaliter
675 871 834 937 mala,
863 885 964 926 nec
993 881 1308 937 mereretur,
1336 886 1434 926 nec
1456 879 1669 940 caperet
1695 872 1837 926 salu-

255 972 391 1016 tem.
417 960 525 1018 Cur
550 977 658 1016 non
696 961 946 1032 caperet?
971 961 1104 1030 Quia
1145 961 1288 1016 aliud
1308 976 1475 1032 quam
1514 959 1651 1016 facta
1679 970 1794 1017 erat
1814 1003 1832 1029 ,

247 1054 370 1109 ﬁeri
396 1069 502 1110 non
531 1061 710 1124 posset
733 1072 750 1110 :
772 1068 878 1110 non
917 1063 1095 1110 autem
1134 1064 1448 1119 mereretur,
1479 1054 1600 1125 quia
1625 1053 1755 1108 nihil
1781 1055 1833 1108 in

246 1158 312 1198 ea
343 1152 485 1211 erat,
508 1144 650 1214 quod
679 1143 774 1200 Dei
797 1143 1102 1215 dignaretur
1118 1144 1344 1200 liberare
1368 1144 1668 1200 clementia.
1698 1143 1832 1200 Cum

243 1246 428 1292 autem
457 1236 704 1303 dicimus,
726 1236 771 1292 si
799 1245 924 1291 esset
947 1235 1113 1306 (quod
1130 1244 1278 1292 certe
1301 1251 1422 1292 esse
1444 1252 1548 1292 non
1571 1245 1746 1307 potest
1763 1237 1833 1308 ⁸),

243 1340 357 1380 non
386 1325 467 1382 illi
491 1340 642 1396 spem
669 1325 844 1396 negati
871 1324 1217 1381 conciliamus
1241 1324 1487 1390 ell'ectus;
1527 1325 1621 1380 sed
1646 1325 1712 1380 ad
1736 1325 1832 1384 de—

242 1415 604 1471 structionem
633 1415 852 1471 alterius
878 1414 1169 1485 Opinionis,
1199 1431 1319 1486 qua:
1345 1415 1548 1480 incidit,
1580 1415 1648 1471 de
1675 1416 1832 1471 rebus

240 1507 670 1578 impossibilibus
695 1506 875 1564 dicere
897 1507 1154 1573 solemus,
1182 1506 1240 1563 Si
1267 1506 1370 1562 hoc
1397 1508 1478 1562 vel
1505 1507 1654 1572 illud,
1682 1507 1830 1563 verbi

237 1599 434 1670 gratia,
456 1609 622 1667 esset,
650 1598 780 1654 illud
801 1599 916 1654 sine
939 1598 1099 1654 dubio
1116 1608 1463 1669 sequeretur:
1483 1607 1538 1653 ut
1560 1613 1680 1653 cum
1702 1598 1832 1654 illud

239 1701 369 1743 esse
395 1705 502 1742 non
524 1698 719 1761 potest,
743 1689 901 1744 etiam
924 1688 1026 1744 hoc
1051 1698 1268 1759 propter
1293 1691 1445 1760 cujus
1469 1689 1830 1748 amolitioncm

239 1776 450 1832 illatum
483 1777 654 1832 fuerat
673 1817 690 1844 ,
717 1778 885 1835 multo
917 1779 1086 1849 magis
1116 1787 1354 1848 negetur.
1383 1778 1499 1834 Iam
1532 1777 1688 1848 igitur
1718 1778 1827 1833 fre-

236 1878 473 1938 quenter
499 1869 852 1935 ostendimus,
879 1869 1074 1924 malum
1101 1868 1311 1939 aliquid.
1328 1885 1421 1939 per
1447 1877 1688 1924 naturam
1711 1883 1830 1924 esse

235 1975 350 2014 non
398 1958 713 2030 possezsed
761 1968 937 2014 tamen
981 1974 1124 2014 nunc
1169 1959 1286 2014 sine
1328 1958 1633 2029 praeiudicio
1677 1959 1840 2016 istius

231 2049 552 2115 constituti,
588 2049 866 2105 sententiae
895 2057 998 2104 tuae
1029 2059 1234 2119 partem
1263 2049 1552 2120 probamus
1576 2089 1594 2116 ,
1621 2064 1721 2120 qua
1746 2049 1830 2104 di-

233 2142 365 2195 xisti
388 2182 404 2206 ,
438 2141 643 2196 Natura
672 2142 894 2196 humana
932 2141 990 2214 si~
1021 2141 1212 2196 malum
1248 2141 1682 2210 esset,.salvanda
1726 2159 1828 2196 non

233 2244 390 2288 esset.
422 2231 662 2290 Salutem
688 2234 748 2288 in
767 2232 1093 2304 Baptismate
1127 2232 1398 2288 collocasti
1419 2273 1434 2300 ,
1464 2243 1517 2288 et
1542 2248 1825 2303 argumen-

233 2331 386 2378 tatus
424 2339 488 2379 es
525 2332 948 2394 consequenter;
991 2323 1240 2392 quoniam
1273 2323 1326 2392 si
1371 2339 1551 2378 verum
1591 2324 1826 2379 dicerent

229 2413 553 2480 llanicbmi,
594 2413 683 2485 qui
731 2412 926 2467 mulam
973 2412 1157 2468 dicunt
1201 2421 1473 2479 naturam,
1517 2413 1825 2484 desiperent

228 2502 567 2570 Christiani,
595 2503 684 2573 qui
726 2502 882 2557 mala:
911 2509 1116 2557 natura:
1155 2501 1450 2557 remedium
1487 2502 1826 2573 Baptismatis

229 2595 526 2652 crederent
551 2593 940 2650 admovendum
967 2609 981 2649 :
1006 2601 1060 2649 et
1082 2591 1202 2648 ideo
1221 2591 1310 2664 qui
1332 2592 1524 2647 malam
1546 2591 1827 2648 conﬁrmat

231 2685 524 2742 hominum
586 2695 872 2752 naturam,
934 2686 1156 2758 gratiam
1205 2700 1398 2755 negare
1453 2687 1822 2758 compellitur;

227 2777 382 2848 quod
402 2779 424 2810 ⁸
453 2779 525 2833 ita
553 2776 799 2844 recurrit,
831 2786 887 2833 ut
927 2777 1018 2848 qui
1047 2776 1272 2848 gratiam
1305 2776 1583 2831 conlirmat
1602 2816 1618 2843 ,
1649 2775 1822 2830 homi-

230 2883 369 2922 num
395 2868 580 2924 laudet
603 2877 868 2938 naturam,
895 2868 1046 2940 cujus
1071 2867 1227 2924 saluti
1248 2880 1366 2923 eam
1397 2867 1640 2938 intelligit
1659 2866 1825 2923 fuisse

230 2959 534 3029 provisam.

304 3053 450 3106 Anc.
478 3049 593 3105 Non
623 3058 706 3106 est
733 3065 920 3107 verum
948 3049 1090 3122 quod
1115 3049 1249 3106 dicis
1261 3067 1284 3106 .:
1309 3049 1466 3117 fallis,
1490 3057 1582 3105 aut
1601 3048 1821 3106 falleris.

229 3139 354 3198 Non
387 3143 650 3212 enim‘qui
687 3143 880 3200 malam
901 3185 917 3211 ,
946 3143 1040 3199 sed
1069 3143 1160 3214 qui
1196 3143 1394 3199 malum
1424 3142 1704 3198 conﬁrmat
1729 3143 1826 3198 ho-

227 3233 448 3287 minum
472 3247 592 3288 esse
609 3239 873 3301 naturam,
896 3233 947 3288 id
967 3243 1071 3302 est,
1094 3248 1200 3288 non
1222 3234 1310 3304 qui
1330 3247 1448 3288 eam
1471 3234 1660 3287 malam
1683 3247 1823 3302 esse,

228 3324 332 3378 sed
362 3324 454 3394 qui
498 3338 617 3379 eam
646 3323 842 3380 malum
871 3339 992 3381 esse
1027 3323 1334 3392 confirmat,
1364 3326 1589 3394 gratiam
1628 3338 1824 3394 negare

225 3415 600 3485 compellitur.
630 3414 763 3470 Nam
788 3415 872 3470 ubi
904 3415 1041 3470 mala
1062 3422 1172 3482 est,
1196 3415 1268 3470 ibi
1294 3415 1462 3485 magis
1486 3413 1685 3484 indiget
1707 3428 1826 3485 gra-

228 3508 328 3562 tia.
363 3505 504 3562 Mala
545 3506 738 3576 quippe
775 3513 860 3560 est
897 3513 1083 3560 natura
1128 3505 1301 3560 malus
1339 3505 1537 3570 homo;
1576 3504 1824 3574 quoniam

229 3599 406 3654 homo
427 3598 545 3653 sine
568 3597 900 3653 dubitatione
920 3607 1106 3652 natura
1128 3606 1211 3652 est
1234 3614 1246 3650 :
1271 3596 1348 3652 sic
1372 3595 1509 3650 mala
1533 3603 1617 3651 est
1639 3603 1824 3650 natura

230 3690 383 3745 mala
435 3690 665 3756 mulier;
713 3691 962 3760 quoniam
1011 3689 1204 3744 mulier
1264 3688 1445 3760 utique
1489 3695 1675 3743 natura
1720 3695 1823 3742 est.

227 3781 524 3850 Quomodo
552 3796 678 3854 ergo
697 3823 713 3848 ,
742 3783 832 3853 qui
861 3780 964 3838 hoc
1003 3779 1168 3844 dicit,
1199 3780 1420 3850 gratiam
1448 3793 1647 3850 negare.
1676 3793 1824 3834 com-

229 3875 494 3944 pellitur;
521 3888 642 3930 cum
670 3874 836 3944 gratia
865 3871 1067 3928 naturis
1095 3871 1271 3938 inalis,
1299 3869 1352 3924 id
1384 3878 1489 3935 est,
1526 3867 1826 3924 hominibus

229 3968 426 4030 malis,
459 3975 534 4021 ut.
555 3965 679 4021 mali
698 3980 827 4022 esse
851 3964 1096 4020 desinant
1114 4004 1128 4030 ,
1166 3961 1495 4032 opituletur?
1522 3959 1641 4016 Sed
1670 3959 1846 4016 aliter-

229 4059 492 4124 dicimus,
513 4057 688 4117 Malus
712 4067 796 4112 est
825 4057 924 4110 iste
963 4055 1158 4121 homo;
1189 4054 1362 4119 aliter,
1389 4052 1581 4108 Malum
1618 4052 1828 4108 estiste

231 4149 409 4204 homo
444 4166 459 4203 :
493 4146 622 4202 illud
670 4161 856 4202 verum
915 4159 1032 4200 esse
1075 4153 1287 4213 potest,
1339 4143 1440 4198 hoc
1480 4157 1588 4198 non
1632 4149 1823 4212 potest.

229 4240 414 4308 Sicut,
435 4238 786 4300 ,\'itiosus.est
819 4238 979 4295 homo
1008 4235 1128 4299 iste,
1161 4235 1205 4290 si
1227 4233 1472 4302 dicimus,
1499 4248 1684 4290 verum
1709 4248 1828 4289 esse

233 4338 424 4402 potest
447 4346 460 4383 :
485 4329 529 4384 si
558 4338 739 4383 autem
769 4327 1017 4391 dicimus,
1051 4325 1248 4380 Vitium
1274 4333 1358 4379 est
1381 4325 1480 4379 iste
1507 4322 1669 4378 homo
1689 4365 1706 4391 ,
1732 4339 1826 4378 ve-

229 4436 365 4475 rum
398 4435 504 4473 non
537 4425 710 4489 potest
728 4431 866 4473 esse.
887 4413 1120 4473 Proinde
1147 4415 1253 4468 noli
1280 4429 1478 4480 errare,
1505 4413 1600 4470 vel.
1619 4413 1829 4469 mittere

232 4511 496 4567 homines
522 4511 578 4565 in
603 4524 864 4574 errorem,
891 4517 944 4564 et
973 4508 1050 4563 sic
1076 4522 1162 4562 me
1187 4506 1385 4561 dixisse
1413 4506 1680 4578 intelligo,
1713 4503 1829 4559 Na-

232 4614 365 4656 tura
391 4600 616 4654 Immana
654 4600 698 4654 si
727 4599 918 4652 malum
951 4606 1110 4663 esset,
1143 4613 1242 4650 non
1284 4606 1408 4651 esset
1437 4595 1722 4668 generanda
1738 4611 1758 4662 ;
1785 4596 1830 4649 si

229 4696 440 4749 naulum
481 4711 582 4749 non
616 4693 853 4762 haberet,
884 4710 985 4747 non
1015 4701 1138 4748 esset
1167 4692 1506 4764 regeneranda
1529 4706 1632 4747 :ac
1679 4692 1724 4746 si
1749 4690 1828 4746 di-

230 4787 449 4840 xissem
469 4825 484 4851 ,
513 4783 712 4842 Natura
752 4785 1014 4848 humana,
1045 4783 1090 4837 si
1119 4783 1302 4837 vitium
1342 4789 1518 4848 esset,
1549 4796 1662 4836 non
1687 4791 1830 4836 esset

229 4875 550 4946 generanda
572 4891 586 4942 ;
610 4875 662 4933 si
691 4874 872 4929 vitium
898 4890 1004 4929 non
1031 4873 1272 4940 haberet,
1306 4889 1410 4927 non
1439 4881 1582 4928 esset
1604 4886 1825 4942 regene-

228 4967 436 5023 randa.
467 4967 596 5022 Item
625 4967 766 5037 quod
792 4967 1054 5036 sequitur,
1081 4965 1172 5028 ubi
1209 4980 1293 5020 me
1318 4963 1383 5019 ad
1412 4979 1570 5018 unum
1607 4965 1828 5018 verbum

228 5059 356 5115 dixi
385 5067 674 5128 utrumque
703 5055 1051 5122 concludere,
1080 5056 1151 5110 ita
1191 5055 1336 5122 dixi,
1366 5053 1569 5108 Natura
1609 5055 1831 5108 Inunana

226 5151 286 5206 si
313 5148 513 5204 malunt
538 5156 692 5211 esset,
719 5147 961 5202 salvauda
987 5164 1087 5200 non
1125 5155 1282 5211 esset;
1305 5146 1350 5200 si
1378 5146 1423 5199 ei
1449 5145 1570 5200 mali
1597 5145 1726 5199 nihil
1753 5146 1833 5199 in-

228 5247 374 5295 esset
391 5281 416 5308 ,
436 5237 682 5293 soluenda
709 5254 810 5292 non
854 5245 979 5292 esset
1003 5253 1022 5292 :
1047 5246 1297 5307 tanquam
1340 5233 1571 5290 dicerem
1591 5275 1608 5302 ,
1635 5233 1832 5290 Natura

229 5334 500 5388 humana,
531 5332 576 5386 si
608 5330 790 5386 vitium
837 5339 1018 5396 esset,
1052 5327 1306 5384 salvauda
1350 5343 1456 5382 non
1505 5336 1680 5395 esset;
1706 5327 1754 5382 si
1783 5327 1834 5382 ei

237 5424 373 5479 vitii
403 5421 536 5478 nihil
558 5422 777 5486 inesset,
804 5418 1052 5475 salvauda
1074 5434 1178 5475 non
1199 5426 1364 5475 eset.
1384 5417 1524 5473 Ecce
1551 5416 1651 5473 Icci
1673 5418 1833 5473 verba

226 5530 371 5572 mea
401 5513 660 5586 planiora,
691 5528 796 5568 non
827 5521 884 5568 ut
909 5512 1177 5568 invenires
1205 5509 1347 5581 quod
1375 5519 1558 5564 contra
1586 5511 1830 5576 diceres;

227 5608 344 5668 sed
365 5617 424 5662 ut
440 5606 808 5679 intelligereris
824 5621 928 5661 non
945 5605 1180 5676 potuisse
1200 5603 1434 5659 invenire
1453 5601 1591 5676 quod
1608 5601 1834 5656 diceres.

314 5693 659 5757 CLXXXIX.
688 5698 808 5756 itit.
845 5697 983 5766 Quid
1013 5696 1172 5767 igitur
1221 5694 1344 5750 hinc
1385 5693 1715 5758 conﬁciatur,
1743 5691 1836 5746 ad-

237 5805 586 5850 verteznon
633 5790 906 5846 adhmrere
935 5788 1270 5857 negationem
1315 5787 1498 5857 gratia:
1548 5783 1690 5840 laudi
1733 5782 1834 5838 hu-

313 5889 336 5917 ι
365 5893 447 5933 tus.
465 5888 609 5940 Port.,
633 5888 826 5946 posset,

313 5911 336 5917 -
367 5911 447 5933 ma-
467 5911 609 5940 Ππιο,
633 5911 826 5946 μυῖαι..

313 5950 355 5985 ι
379 5945 796 6010 γιειιηηιιοειᾳιιε.
825 5911 986 6004 Abest,
1013 5955 1119 6006 quc,
1145 5955 1174 5991 a

1567 479 1767 536 [ΗΒΕῙῖ
1807 476 2118 537 TERTIUS.

3382 485 3520 545 me

1947 609 2120 651 mana:
2161 603 2395 664 naturae;
2426 597 2664 668 quinimo
2705 595 2822 657 haec
2861 609 3087 673 quatuor
3128 603 3199 661 ita
3227 618 3347 660 esse
3389 620 3518 660 con—

1936 684 2145 755 juncta,
2185 696 2242 743 ut
2267 688 2492 744 alterum
2539 690 2656 748 sine
2698 690 2866 748 altero
2905 695 3346 768 teneri-nequeat
3371 713 3386 760 ;
3416 697 3524 753 sed-

1942 777 2154 834 infamia
2200 789 2403 836 natura:
2450 783 2620 852 pariat
2662 785 2995 856 negationem
3045 786 3246 858 gratiae,
3293 798 3348 844 et
3397 788 3514 844 laus

1939 871 2121 939 gratim
2170 872 2338 942 pariat
2376 874 2806 943 praedicationem
2846 884 3049 932 natura:
3092 894 3107 933 :
3149 876 3252 932 ista
3277 893 3419 934 enim
3459 879 3527 935 in.

1939 960 2178 1029 quamvis
2206 961 2306 1016 sibi
2338 971 2541 1032 partem
2588 965 3178 1036 reciprocaripossunt.
3212 967 3355 1024 Bene
3383 983 3528 1040 ergo.
3602 969 3622 985 ‘

1937 1051 2145 1120 dixisti,
2179 1051 2378 1108 Natura
2410 1055 2629 1110 humana
2657 1057 2702 1112 si
2726 1057 2914 1112 malum
2941 1068 3102 1122 esset,
3137 1057 3382 1114 salvauda
3411 1076 3514 1114 non

1938 1152 2059 1197 esset
2081 1160 2099 1197 :
2120 1142 2221 1200 hoc
2262 1144 2402 1201 enim
2427 1155 2713 1218 utrumque
2755 1146 2938 1204 dicunt
2971 1148 3279 1215 Manichaﬁ,
3320 1150 3517 1208 malam

1937 1233 2180 1290 videlicet
2204 1236 2379 1291 carnis
2406 1247 2673 1306 naturam,
2711 1253 2810 1296 nec
2837 1254 2994 1310 posse
3033 1241 3226 1297 salvari
3271 1257 3365 1312 per
3391 1257 3515 1314 gra-

1938 1323 2082 1389 tiam,
2112 1340 2212 1380 nec
2236 1326 2452 1384 debere.

1977 1413 2139 1470 .Auc.
2181 1414 2284 1470 Sed
2315 1415 2389 1472 illi
2415 1417 2491 1473 sic
2517 1417 2700 1475 dicunt
2725 1419 2918 1476 malam
2945 1422 3120 1479 carnis
3147 1431 3388 1479 naturam
3408 1465 3426 1491 ,
3455 1435 3514 1479 ut

1935 1519 2050 1560 eam
2083 1507 2276 1562 malum
2324 1524 2442 1566 esse
2485 1509 2690 1579 dicant,
2736 1528 2843 1569 non
2890 1513 3090 1571 malum
3131 1513 3363 1582 habere;
3390 1517 3513 1587 quia

1936 1594 2104 1664 ipsum
2134 1597 2320 1652 vitium
2346 1615 2452 1656 nou
2484 1601 2792 1658 substantia:
2829 1603 3096 1672 accidens,
3131 1605 3227 1661 sed
3269 1605 3514 1662 substan-

1935 1686 2058 1739 tiam
2087 1697 2272 1757 putant
2295 1702 2436 1745 esse.

2003 1776 2158 1831 CXC.
2185 1777 2300 1833 JUL.
2333 1778 2439 1835 Sed
2466 1788 2583 1849 post
2621 1779 2734 1836 hzrc
2768 1781 3020 1838 admoves
3050 1784 3366 1839 sententiam
3413 1785 3509 1840 tibi

1932 1865 2165 1935 charam,
2197 1878 2244 1922 et
2274 1868 2405 1924 dicis
2429 1888 2441 1924 :
2468 1871 2531 1926 Si
2555 1880 2724 1926 autem
2753 1881 2947 1928 natura:
2977 1874 3214 1929 humanm
3237 1875 3358 1929 ntali
3383 1875 3511 1930 nihil

1931 1955 2128 2022 inesset,
2163 1959 2405 2014 salvauda
2443 1977 2543 2015 non
2567 1970 2710 2017 esset.
2747 1961 2848 2030 Qui
2884 1979 3001 2034 ergo
3026 1964 3145 2018 dirit
3179 1963 3532 2034 eantrbonum.

1932 2063 2032 2101 non
2074 2051 2213 2116 esse,
2258 2051 2440 2105 bonum
2479 2060 2626 2123 negat
2663 2053 2879 2108 condita:
2917 2033 3356 2125 Creatorent:qiti
3396 2072 3510 2110 vero

1930 2147 2074 2209 mng
2103 2140 2148 2192 ei
2174 2141 2362 2195 ntalnm
2383 2142 2938 2209 inesse,misericordem
2966 2145 3153 2199 vitiatis
3177 2144 3361 2200 invidet
3381 2145 3507 2200 Sat-

1929 2241 2148 2284 vatorcm
2178 2230 2276 2302 (De
2302 2231 2509 2304 Nuptiis
2535 2242 2580 2288 et
2621 2232 3065 2306 Coneupiscentia,
3095 2237 3181 2290 lib.
3218 2236 3267 2301 I,
3299 2252 3352 2290 n.
3384 2236 3517 2305 36)..

1929 2322 2011 2377 Sit
2060 2323 2214 2393 igitur
2260 2324 2426 2378 lector
2473 2325 2754 2382 intentus:
2790 2325 2992 2382 videbit
3035 2328 3168 2382 nihil
3213 2336 3264 2383 te
3309 2327 3509 2383 dixisse

1927 2412 2100 2480 aliud,
2150 2429 2307 2484 quam
2352 2414 2493 2484 quod
2535 2414 2814 2470 dicendum
2859 2427 3121 2488 negaras:
3156 2419 3506 2488 pronuntiasti

1927 2505 2090 2570 enim,
2121 2505 2170 2558 ei
2199 2504 2275 2559 rei
2304 2505 2501 2560 malum
2537 2505 2711 2561 inesse
2739 2506 3072 2573 naturaliter,
3107 2523 3266 2578 quam
3294 2508 3508 2565 dixeras

1927 2595 2120 2649 malam
2150 2610 2256 2648 non
2280 2609 2401 2650 esse
2425 2595 2759 2651 mturaliter.

1996 2685 2129 2742 Anc.
2183 2685 2298 2741 Non
2344 2686 2580 2742 dixeram
2619 2687 2812 2742 malam
2851 2703 2958 2743 non
3005 2687 3277 2754 esse,sed‘
3305 2689 3542 2744 malum.

1929 2791 2032 2832 non
2063 2792 2181 2833 esse
2222 2795 2236 2832 :
2277 2777 2379 2832 huc
2395 2788 2498 2845 est,
2522 2787 2578 2833 ut
2602 2779 2810 2849 planius
2858 2780 3045 2850 loquar
3068 2821 3083 2848 ,
3117 2796 3222 2835 non
3263 2780 3506 2837 dixeram

1929 2869 2166 2924 vitiatam
2197 2886 2300 2925 non
2332 2885 2449 2926 esse
2469 2915 2482 2940 ,
2514 2871 2610 2927 sed
2651 2872 2835 2927 vitium
2861 2869 2966 2926 non
3015 2872 3152 2928 est-ie.
3187 2872 3384 2944 Rclcge
3411 2915 3426 2940 ,
3454 2885 3508 2929 et

1927 2958 2182 3030 intellige.

1996 3049 2173 3104 CXCI.
2218 3050 2335 3105 JUL.
2375 3049 2481 3106 Sed
2537 3051 2755 3123 intelligi
2801 3067 2906 3108 non
2965 3060 3138 3122 potest
3178 3052 3321 3108 aliud
3367 3055 3511 3108 mala

1927 3150 2144 3208 natura,
2199 3157 2359 3212 quam
2404 3141 2456 3197 id
2503 3143 2645 3213 quod
2697 3143 2892 3198 malum
2945 3153 3026 3200 est
3069 3143 3268 3200 habere
3305 3158 3502 3215 conge-

1927 3231 2115 3286 nilum.

1996 3321 2129 3378 Aac.
2185 3322 2308 3377 Sive
2354 3322 2689 3394 congenitum
2727 3323 2796 3378 sit
2847 3323 3078 3391 malum,
3122 3323 3259 3378 sicut
3307 3324 3504 3394 ingenii

1927 3409 2155 3477 fatuitas,
2181 3412 2292 3467 sive
2312 3413 2581 3467 voluntate
2600 3422 2951 3483 assumptum,
2973 3413 3109 3469 sicut
3124 3411 3465 3468 homicidium
3486 3431 3526 3478 ;-

1927 3511 2102 3572 potest
2137 3501 2238 3557 diei
2268 3503 2438 3556 malus
2477 3502 2638 3558 homo
2676 3503 2836 3558 etiam
2865 3502 3000 3558 mala
3034 3513 3220 3558 natura
3242 3544 3258 3569 ,
3289 3504 3411 3574 quia
3448 3514 3504 3558 et

1928 3594 2090 3650 homo
2127 3603 2311 3649 natura
2330 3603 2444 3660 est;
2473 3595 2610 3650 sicut
2640 3595 2810 3650 malus
2838 3610 3009 3666 equus
3032 3604 3205 3667 potest
3222 3605 3274 3652 et
3307 3598 3528 3654 malua»

1928 3685 2126 3740 animal
2148 3685 2272 3752 diei,
2303 3685 2424 3757 quia
2451 3695 2504 3743 et
2523 3701 2727 3757 equnus
2746 3687 2940 3742 animal
2967 3697 3074 3744 est.

1998 3777 2199 3834 CXCII.
2238 3778 2355 3834 JUL.
2395 3779 2461 3833 Et
2498 3787 2554 3833 ut
2594 3778 2684 3833 ﬁat
2707 3778 2882 3835 brevis
2925 3793 2988 3834 ac
3026 3794 3157 3850 pura
3193 3778 3500 3832 conclusio:
3537 3793 3540 3796 '

1929 3871 1974 3924 si
2007 3876 2209 3924 naturae
2242 3867 2380 3923 inest
2419 3869 2489 3922 ita
2525 3867 2725 3922 malum
2746 3909 2761 3934 ,
2804 3877 2862 3924 ut
2900 3877 3146 3924 nascatur
3179 3883 3244 3923 ex
3285 3883 3346 3924 ea
3380 3885 3534 3924 cum..-

1930 3961 2058 4031 ipsis
2097 3959 2386 4015 seminibus
2431 3959 2660 4026 malum;
2693 3960 2829 4015 mala
2857 3959 2972 4015 sine
3011 3959 3338 4015 dubitatione
3371 3974 3536 4013 con-.-

1930 4053 2177 4108 vincitur.

1999 4147 2135 4201 Ave.
2178 4143 2289 4200 Etsi
2334 4143 2470 4206 mala
2519 4142 2879 4212 convincitur,
2921 4158 3030 4199 non
3085 4152 3260 4198 tamen
3291 4143 3540 4198 malum»

1930 4246 2013 4294 est
2044 4236 2203 4308 :quia
2235 4235 2335 4290 etsi
2379 4235 2559 4290 vitiata
2591 4235 2955 4302 convincitur,
2979 4249 3085 4291 non
3121 4242 3296 4290 tamen
3323 4235 3544 4290 vitiunrr

1931 4338 2034 4386 est.

2000 4414 2218 4472 CXCIII.
2260 4416 2381 4472 JUL.
2412 4415 2672 4473 Siautem
2702 4415 3056 4471 vindicatura
3084 4415 3256 4483 malis,
3286 4423 3342 4470 et
3369 4415 3504 4470 bona
3538 4453 3546 4460 .

1932 4508 2231 4564 defenditur
2248 4547 2263 4573 ,
2293 4521 2392 4563 nec
2417 4507 2561 4564 nasci
2595 4521 2666 4563 ex.
2681 4522 2743 4562 ea
2769 4509 2987 4576 malum,
3014 4521 3113 4562 nec
3141 4506 3194 4561 ei
3218 4507 3392 4561 inesse
3412 4521 3508 4577 po-

1934 4608 2038 4657 test
2073 4599 2407 4656 naturaliter.
2461 4598 2688 4654 Evanuit
2721 4598 2877 4668 igitur
2909 4597 3185 4654 conclusio
3221 4607 3340 4663 tua;
3384 4600 3508 4668 quia
3541 4641 3544 4644 .

1932 4693 2227 4760 sententia,
2241 4706 2405 4762 quam
2432 4690 2665 4746 secundo
2686 4691 2804 4746 loco
2830 4689 3073 4758 intulisti,
3095 4706 3200 4745 non
3211 4689 3467 4746 .distinxit
3487 4732 3503 4756 ,
3523 4741 3538 4744 ..

1933 4784 2027 4841 sed
2053 4783 2342 4855 geminavit
2361 4782 2612 4852 priorem.

2003 4877 2136 4932 Aue.
2166 4875 2282 4930 Non
2309 4875 2585 4940 continuo,
2615 4875 2660 4931 si
2689 4875 2827 4930 bona
2853 4872 3189 4941 defenditur,
3209 4876 3538 4933 vindicatur

1935 4985 1964 5024 a
1991 4969 2161 5024 malis.
2194 4969 2389 5024 Eadem
2415 4969 2610 5039 quippe
2636 4976 2844 5034 natura,
2870 4977 2925 5023 et
2955 4967 3093 5023 bona
3121 4977 3236 5035 est,
3268 4970 3320 5024 in
3341 4985 3524 5041 quam

1938 5069 2046 5114 tum
2081 5069 2267 5114 natura
2297 5068 2411 5125 est;
2437 5059 2654 5114 etmala
2689 5069 2799 5124 est,
2823 5059 2866 5113 si
2905 5059 3085 5114 vitiata
3110 5071 3193 5115 est
3238 5075 3396 5118 :ston
3427 5073 3543 5116 est.
3580 5110 3593 5119 .

1937 5161 2112 5208 tamen
2139 5151 2335 5206 malum
2364 5151 2467 5205 ulla
2492 5149 2710 5205 omnino
2737 5158 2944 5204 natura.
2966 5148 3081 5204 Non
3109 5150 3272 5220 igitur
3297 5151 3510 5205 evanuit
3540 5185 3544 5191 -

1937 5257 2055 5298 mea
2093 5241 2360 5298 conclusio
2379 5281 2393 5306 ,
2421 5254 2523 5310 qua
2555 5237 2700 5304 dixi,
2728 5236 3183 5293 Natura..lmmana
3201 5279 3216 5306 ,
3244 5239 3290 5294 si
3321 5239 3545 5292 malum’.

1938 5343 2083 5400 esset,
2111 5331 2354 5388 salvauda
2391 5346 2491 5385 non
2513 5338 2676 5392 esset;
2704 5329 2748 5383 si
2781 5329 2826 5385 ei
2843 5329 2978 5384 ntali
3009 5329 3136 5384 nihil
3162 5329 3379 5393 inesset,
3405 5329 3510 5382 sal-
3537 5363 3545 5374 ι

1938 5423 2104 5478 nanda
2138 5438 2238 5478 non
2262 5430 2404 5476 esset.
2449 5419 2553 5477 Sed
2579 5421 2624 5474 si
2651 5419 2746 5475 vis
2760 5435 2940 5475 verum
2979 5419 3157 5474 dicere
3180 5459 3195 5486 ,
3223 5418 3311 5476 dic
3336 5419 3540 5489 potius.

1940 5512 2219 5569 evanuisse
2244 5510 2749 5582 argumentationem
2779 5518 2950 5578 tuam,
2982 5523 3084 5579 qua
3115 5507 3328 5564 voluisti
3350 5508 3540 5566 refel-e

1941 5607 2050 5663 lere
2072 5604 2464 5662 conclusionem
2492 5618 2685 5660 meam.

2012 5693 2232 5752 CXCIV.
2263 5692 2380 5750 IUL.
2410 5692 2646 5759 Natura,
2673 5692 2878 5764 inquis,
2909 5692 3128 5745 humana
3146 5691 3190 5744 si
3215 5690 3403 5745 malum
3434 5709 3516 5747 es-
3613 5733 3616 5736 .

1942 5797 2033 5855 set,
2052 5786 2293 5843 salvauda
2312 5803 2412 5842 non
2429 5793 2588 5850 esset;
2619 5789 2664 5837 si
2688 5784 2732 5837 ei
2755 5783 2875 5837 ntali
2898 5783 3025 5837 nihil
3043 5782 3248 5849 inesset,
3273 5783 3544 5838 salvantia.

1945 5897 2066 5937 non,
2095 5887 2264 5936 esset:
2302 5876 2426 5948 quid
2465 5874 2604 5932 aliud
2647 5873 2956 5943 ostendisti,
2996 5891 3153 5946 quam
3204 5893 3360 5934 unam
3409 5894 3570 5936 remst

3498 6049 3525 6058 σο
