3996 6482
417 463 550 524 πεδί

416 587 634 653 pr0pter
652 575 704 632 id
725 578 922 634 debere
947 574 1166 645 salvari,
1193 582 1412 646 preptcr
1439 571 1580 643 quod
1612 571 1757 627 illam
1782 580 2002 639 negave-

413 690 504 731 ηε
528 674 726 730 debere
749 669 982 728 salvari?

431 804 436 812 ·
485 789 622 845 Anc.
652 784 916 843 Salvanda
942 791 1045 848 est,
1075 781 1198 854 quia
1225 782 1362 836 maia
1387 789 1492 845 est,
1522 776 1772 848 nonquia
1805 773 2001 830 malum

412 889 496 934 est
525 896 538 934 :
565 878 610 933 si
639 885 814 932 autem
840 884 981 931 esset
1003 874 1236 938 malum,
1264 869 1520 926 salvanda
1551 885 1654 923 non
1692 875 1855 922 esset.
1887 863 2002 919 Non

411 971 556 1026 enim
591 968 712 1039 quia
746 968 944 1022 malum
978 975 1088 1029 est,
1113 963 1207 1018 sed
1243 962 1362 1034 quia
1408 961 1605 1016 malum
1646 959 1836 1022 habet,
1865 956 2002 1012 mla

413 1072 533 1119 est:
566 1061 704 1117 sicut
743 1074 847 1114 non
873 1059 995 1130 quia
1021 1057 1206 1112 vitium
1236 1067 1311 1111 est
1336 1097 1352 1119 ,
1385 1054 1478 1109 sed
1519 1054 1640 1124 quia
1679 1053 1867 1106 vitium
1903 1051 2000 1105 ha-

410 1153 524 1217 bet.
549 1152 739 1208 vitiosa
777 1160 878 1206 est.
900 1148 1034 1217 Quia
1071 1148 1258 1202 vitiosa
1296 1155 1379 1202 est
1410 1161 1572 1216 ergo,
1603 1143 1853 1200 salvanda
1883 1151 2001 1198 est:

408 1247 462 1301 si.
487 1255 666 1301 autem
694 1244 805 1315 ipsa
836 1253 1047 1309 natura,
1080 1241 1181 1296 hoc
1206 1249 1307 1304 est,
1331 1240 1444 1309 ipsa
1473 1238 1793 1303 substantia,
1816 1236 2000 1290 vitium

410 1349 582 1404 esset,
602 1337 859 1393 salvanda
889 1352 1000 1390 non
1039 1344 1200 1390 esset.
1242 1332 1519 1401 Quomodo
1545 1347 1674 1403 ergo
1699 1345 1861 1385 unam
1889 1345 2004 1385 rem

410 1439 633 1500 propter
673 1427 778 1484 hoc
805 1427 918 1482 dixi
945 1425 1142 1481 debere
1167 1425 1359 1479 salvari
1386 1466 1401 1491 ,
1423 1434 1641 1494 propter
1677 1421 1817 1492 quod
1860 1421 2002 1476 illam

409 1535 731 1591 negaveratn
775 1517 972 1573 debere
1007 1515 1240 1581 salvari;
1267 1530 1389 1570 cum
1419 1513 1560 1568 aliud
1591 1513 1660 1568 sit
1697 1513 1881 1567 vitium
1905 1513 2002 1567 ha-

409 1613 542 1667 bere
565 1653 580 1675 ,
611 1608 752 1664 aliud
777 1608 966 1663 vitium
988 1607 1151 1663 esse?
1176 1605 1445 1661 Saivanda
1470 1614 1551 1659 est
1581 1619 1715 1673 ergo
1731 1643 1748 1669 ,
1771 1603 1893 1674 quia
1921 1603 2002 1657 vi-

411 1702 541 1755 t-ium
595 1701 786 1764 habet,
817 1715 922 1754 non
965 1698 1092 1768 quia
1137 1697 1320 1751 vitium
1369 1693 1562 1750 εειεεὶ
1595 1705 1778 1750 autem
1815 1693 2003 1748 vitium

410 1803 590 1858 esset,
619 1792 870 1848 salvanda
908 1806 1012 1846 non
1047 1799 1208 1846 esset.
1253 1789 1410 1844 Vides
1447 1803 1606 1858 quam
1644 1803 1750 1842 non
1799 1788 1901 1843 hoc
1934 1789 2005 1842 sit

409 1886 770 1958 respondere,
817 1884 962 1956 quod
1006 1891 1090 1940 est
1139 1898 1244 1938 non
1290 1892 1466 1939 tacere
1512 1899 1525 1936 :
1576 1881 2002 1953 quandoquidem

408 1979 560 2035 vides
590 1988 642 2034 te
672 1979 800 2034 nihil
827 1976 1171 2048 respondisse
1193 2018 1208 2042 ,
1235 1984 1290 2031 et
1317 1983 1493 2030 tamen
1526 1982 1703 2030 tacere
1742 1974 2000 2044 ngiuissc.

477 2091 681 2149 CXCV.
707 2092 826 2148 Jan.
858 2092 934 2147 Ac
961 2107 1055 2162 per
1079 2091 1182 2146 hoc
1203 2133 1218 2156 ,
1250 2105 1315 2146 eo
1342 2090 1619 2145 revolutus
1647 2105 1726 2154 es,
1757 2098 1814 2142 ut
1839 2089 2007 2144 Mani-

407 2183 647 2251 ehaeum,
679 2200 837 2255 quem
885 2183 1214 2254 professione
1252 2191 1688 2252 contempseras,
1715 2195 2000 2251 argumen-

409 2277 610 2332 tatione
627 2291 924 2346 reparares.
945 2275 1076 2330 Nam
1095 2275 1340 2340 dicendo,
1368 2274 1430 2329 Si
1445 2274 1579 2327 mala
1596 2283 1736 2337 esset,
1758 2273 2004 2327 solvenda

407 2385 513 2424 non
535 2376 694 2434 esset,
715 2367 948 2438 speciem
986 2366 1270 2438 pugnantis
1293 2365 1542 2420 indueras
1570 2383 1583 2418 :
1613 2363 1888 2419 subdcndo
1906 2381 2004 2420 au-

389 2471 540 2524 tem,
568 2463 658 2516 sed
685 2463 730 2516 si
755 2461 883 2514 nihil
919 2461 972 2514 in
997 2476 1055 2512 ea
1083 2460 1206 2513 mali
1232 2467 1358 2513 esset
1385 2500 1403 2526 ,
1429 2457 1676 2512 salsamln
1703 2474 1802 2512 non
1833 2467 1959 2512 esset
1981 2499 1998 2526 ,

408 2551 509 2621 ipsi
540 2561 591 2606 te
621 2551 846 2606 ﬁdeliter
875 2550 1104 2605 militare
1142 2549 1390 2604 docuisti.
1420 2549 1549 2604 Cum
1587 2564 1714 2619 ergo
1739 2564 2004 2619 apparue-

408 2643 481 2696 rit
510 2641 610 2696 hoc
631 2650 720 2695 tua
749 2640 889 2711 quod
914 2639 1192 2695 Manicbtni
1214 2639 1476 2695 sententia
1499 2639 1760 2694 contineri
1778 2681 1790 2702 ,
1816 2639 1868 2692 id
1888 2647 1997 2703 est,

408 2733 606 2788 malam
633 2747 752 2788 esse
775 2733 791 2764 ¹
819 2732 1093 2787 hominum
1133 2741 1398 2796 naturam,
1425 2732 1508 2786 cui
1535 2731 1620 2784 ille
1648 2738 1702 2785 et
1724 2739 1778 2784 tu
1804 2730 2003 2800 pariter

407 2823 608 2878 malum
635 2823 812 2878 inesse
835 2822 1032 2891 dicitis,
1057 2831 1216 2893 tuque
1241 2822 1670 2900 pronuntiaveris
1692 2821 1885 2876 malam
1909 2837 2003 2876 na-

407 2925 583 2972 turam
613 2933 722 2971 non
749 2931 868 2972 esse
897 2916 1201 2971 salvandam
1227 2932 1242 2982 ;
1265 2915 1660 2970 absolutissime
1697 2915 2000 2969 confectum

409 3019 493 3066 est
516 3053 532 3076 ,
564 3009 721 3065 ﬁdem
748 3017 979 3065 vestram
1001 3009 1197 3080 junctis
1223 3008 1440 3064 omnino
1486 3009 1677 3062 turmis
1712 3016 1818 3063 tam
1849 3015 2002 3062 natu-

412 3118 529 3158 ram
557 3103 898 3174 impugnare,
928 3116 1088 3173 quam
1116 3100 1362 3173 gratiam.

481 3219 620 3275 Asc.
641 3216 906 3287 Numquid
948 3217 1199 3288 quoniam
1238 3216 1398 3272 verba
1426 3231 1543 3271 mea
1587 3223 1791 3279 mutas,
1815 3224 1873 3270 ut
1900 3215 2024 3270 ali--

407 3308 537 3380 quid
566 3308 907 3382 respondisse
930 3307 1161 3364 videaris
1182 3349 1197 3374 ,
1231 3307 1353 3363 ideo
1380 3307 1596 3363 difﬁcile
1623 3318 1712 3362 aut
1752 3309 2000 3378 impossi-

408 3397 520 3455 bile
557 3397 688 3454 iacis
724 3399 1023 3469 legentibus
1043 3439 1061 3466 ,
1086 3399 1170 3454 vel
1208 3399 1445 3454 recolere
1465 3401 1488 3431 '
1515 3397 1723 3466 animo,
1745 3399 1827 3454 vel
1853 3407 2000 3453 certe

407 3489 466 3544 in
490 3489 591 3544 hoc
621 3488 737 3558 ipso
774 3497 866 3542 tuo
893 3488 1030 3544 libro
1067 3488 1225 3558 paulo
1266 3489 1511 3559 superius
1548 3489 1787 3560 relegere
1807 3533 1821 3556 ,
1850 3491 2002 3544 etvio

409 3578 541 3634 dere
579 3577 704 3648 quid
738 3577 997 3645 dixerim,
1021 3578 1111 3632 ubi
1147 3587 1202 3633 et
1238 3579 1351 3648 ipse
1393 3579 1478 3632 illa
1506 3579 1643 3634 sicut
1679 3595 1708 3634 a
1754 3596 1840 3636 me
1881 3590 2004 3636 sunt

412 3669 554 3724 dicta
582 3669 848 3741 posuisti?
873 3669 986 3741 Ego
1011 3673 1152 3725 enim
1181 3684 1284 3724 non
1315 3670 1444 3738 dixi,
1473 3670 1525 3726 Si
1555 3671 1690 3725 mala
1713 3679 1874 3733 esset,
1899 3674 2006 3726 sal-

412 3760 585 3816 vanda
613 3776 716 3816 non
737 3769 918 3826 esset;
947 3776 1072 3816 cum
1113 3760 1238 3816 ideo
1273 3761 1522 3816 salvauda
1565 3763 1666 3827 sit,
1691 3771 1747 3816 ut
1783 3781 1886 3817 non
1934 3764 2004 3818 sit

411 3852 553 3909 mala
579 3870 592 3906 :
621 3851 716 3908 sed
736 3852 844 3908 dixi
864 3895 885 3920 ,
912 3851 973 3908 Si
1014 3853 1206 3907 malum
1231 3862 1356 3907 ess-1t
1377 3893 1392 3919 ,
1434 3854 1679 3907 solvenda
1713 3871 1814 3908 non
1853 3864 2003 3910 esset.

410 3942 673 4005 Habenda
712 3943 908 4013 quippe
947 3943 1132 3998 vitium
1180 3946 1318 3998 ma!a
1363 3953 1473 4009 est,
1505 3960 1611 4014 quo
1646 3955 1961 4015 consumpto
1984 3987 2000 4014 ,

413 4033 531 4087 sine
555 4031 885 4088 dubitatione
925 4034 987 4088 fit
1011 4033 1154 4088 salva
1188 4051 1201 4086 :
1233 4049 1336 4088 non
1381 4035 1491 4103 ipsa
1522 4035 1706 4089 vitium
1735 4044 1844 4098 est;
1874 4036 2004 4089 alio-

422 4123 546 4192 quin
570 4123 680 4192 ipsa
696 4133 1117 4190 consumeretur,
1145 4139 1264 4178 cum
1285 4127 1618 4180 consumitur
1640 4125 1842 4180 vitium.
1870 4124 2002 4180 Cum

418 4229 548 4271 vero
583 4215 756 4272 salute
780 4216 965 4270 vitium
1001 4224 1378 4282 consumatur,
1409 4216 1533 4286 quid
1575 4217 1680 4270 isto
1707 4216 1865 4271 modo
1904 4217 2002 4271 nisi

415 4315 606 4363 natura
645 4306 919 4362 salvatur?
955 4305 1088 4362 Cum
1133 4306 1307 4375 itaque
1346 4307 1540 4360 dicitur
1577 4307 1752 4362 sanari
1787 4309 2000 4374 vititnn,

415 4414 524 4456 non
553 4399 725 4470 ipsum
757 4398 963 4464 vitium,
991 4398 1084 4454 sed
1107 4398 1197 4452 illa
1227 4398 1312 4453 cui
1341 4398 1441 4452 hoc
1462 4398 1661 4457 inerat.
1685 4407 1869 4453 natura
1901 4401 2006 4454 sal-

417 4499 602 4556 vatur;
629 4505 748 4560 qua:
769 4491 814 4546 si
846 4491 1027 4546 vitium
1056 4497 1218 4556 esset,
1244 4504 1349 4543 non
1372 4491 1685 4554 salvaretur,
1709 4491 1806 4545 sed
1835 4491 2006 4547 linire-

415 4595 507 4640 tur
535 4585 710 4655 potius
749 4583 977 4640 sanitate
1009 4603 1023 4639 :
1049 4585 1154 4638 imo
1185 4585 1382 4638 sanitas
1404 4582 1506 4639 hoc
1551 4584 1712 4639 modo
1741 4585 1845 4639 ulla
1887 4586 2002 4640 ﬁeri

418 4691 528 4731 non
553 4684 760 4746 posset;
784 4676 1034 4748 quoniam
1057 4676 1100 4730 si
1125 4675 1296 4740 ﬁeret,
1327 4684 1562 4731 maneret
1584 4685 1772 4731 natura
1795 4689 2000 4744 sanata,

417 4775 740 4838 consumpto
757 4767 885 4822 vitio
908 4784 1014 4838 quo
1049 4781 1152 4820 non
1184 4775 1298 4822 erat
1335 4782 1460 4819 sana
1487 4783 1501 4830 ;
1532 4767 1575 4820 si
1605 4777 1780 4822 autem
1820 4777 2005 4823 natura

421 4859 608 4913 vitium
630 4868 794 4918 esset,
826 4874 932 4912 non
969 4859 1151 4928 utique
1183 4869 1499 4926 consumpto
1535 4859 1664 4912 vitio
1687 4870 1968 4914 sanaretur
1991 4901 2005 4924 ,

421 4950 519 5006 sed
559 4951 672 5020 ipsa
709 4961 1136 5006 consumeretur.
1177 4950 1252 5006 Ac
1279 4966 1374 5020 per
1403 4951 1534 5016 hoc,
1561 4961 1748 5006 natura
1779 4953 2007 5007 humana

419 5057 530 5099 non
551 5042 596 5097 si
621 5041 757 5099 maia
787 5049 950 5105 esset,
980 5043 1072 5098 sed
1104 5045 1146 5097 si
1174 5043 1369 5096 malum
1395 5053 1536 5098 esset
1560 5085 1574 5107 ,
1607 5043 1710 5098 hoc
1736 5053 1836 5109 est,
1865 5046 1908 5097 si
1932 5045 2011 5098 vi-

418 5134 553 5189 tium
580 5141 762 5198 esset,
789 5133 1039 5189 salvanda
1081 5150 1183 5188 non
1213 5145 1387 5202 esset;
1414 5136 1457 5189 si
1479 5136 1527 5190 ei
1554 5135 1682 5190 nihil
1708 5136 1828 5190 tnali
1868 5136 2012 5192 ines-

419 5232 536 5292 set,
562 5223 666 5280 hoc
694 5233 808 5290 est,
830 5225 876 5282 si
906 5225 1036 5280 vitio
1072 5227 1207 5279 mala
1250 5242 1352 5280 non
1391 5236 1573 5290 esset,
1611 5227 1862 5283 salvanda
1905 5243 2008 5283 non

422 5316 629 5372 esset’.
665 5318 800 5372 Ecce
823 5317 962 5388 quod
993 5315 1134 5379 disi;
1163 5318 1270 5373 noli
1301 5321 1517 5373 tnntatis
1545 5335 1576 5374 a
1602 5330 1653 5375 te
1673 5321 1850 5376 verbis
1876 5323 2011 5377 meis

421 5409 562 5465 velle
593 5409 767 5466 facere
795 5411 967 5466 locum
993 5452 1010 5478 ,
1038 5425 1143 5466 non
1179 5413 1634 5482 restionsionibus,
1662 5413 1757 5469 sed
1783 5424 2008 5470 conten-

340 5517 344 5521 ·
429 5501 664 5558 tionibus
687 5501 808 5556 tuis.

494 5610 880 5670 CXCVI.'JUL.
913 5614 1273 5686 Sequiturque
1309 5623 1365 5670 ut
1399 5630 1555 5670 nemo
1595 5616 1758 5687 possit
1796 5618 2012 5677 laudare

489 5775 507 5805 ί
542 5771 676 5829 editi,
700 5771 882 5822 malum
915 5783 1036 5821 esse.
1071 5777 1127 5820 Αι
1149 5778 1253 5820 Mss.
1271 5806 1286 5832 ,
1308 5769 1487 5821 molitm
1504 5784 1624 5822 esse.

419 5885 426 5906 '
488 5835 510 5906 ξ
541 5835 612 5906 sic
634 5841 738 5884 Mss.
766 5839 815 5906 ta
836 5836 994 5896 \‘ign..
1024 5834 1195 5906 recole.

487 5895 510 5928 ³
543 5895 753 5946 Alterum
791 5896 884 5946 hoc
899 5895 1175 5944 membrum
1197 5897 1454 5945 sententitc
1479 5897 1776 5949 restituitnus
1800 5913 1860 5949 ex
1889 5910 1990 5955 Mss.

423 5941 883 6024 "satiatus;
896 5941 1174 6022 aet-sati;
1193 5941 1424 6024 isiussi
1433 5941 1862 6031 ;-sa;s‘,';;a;;;;s;ti
1889 5941 2014 5967 "W"

1118 456 1370 516 ‘OPERIS
1405 453 1818 514 IMPERFECTI
1852 451 2126 510 CONTRA
2164 451 2522 524 JULIANUM,
2559 456 2618 514 S.
2656 450 3028 515 AUGUSTINI

2060 3091 2076 3101 .
2105 3049 2440 3103 committere

2110 566 2332 636 gratiam
2361 567 2594 634 Christi,
2618 571 2718 626 nisi
2745 573 2837 644 qui
2872 573 2925 628 in
2955 581 3139 628 natura
3175 572 3370 632 bonum
3405 591 3540 651 opus
3567 581 3694 636 lau-

2109 657 2314 730 daverit
2338 659 2662 717 Conditoris.

2180 751 2316 808 Atta.
2362 753 2472 808 lloc
2513 768 2696 808 verum
2745 753 2966 811 dixisti:
3005 765 3060 810 et
3095 756 3218 812 ideo
3259 758 3418 814 etiam
3453 760 3507 816 in
3553 762 3698 818 mala

2110 851 2295 897 natura
2334 859 2468 913 opus
2495 845 2758 901 laudabile
2795 856 2877 900 cst
2903 847 3236 916 Conditoris;
3263 852 3385 922 quia
3421 863 3476 908 et
3507 863 3697 908 natura

2109 935 2277 996 mala,
2307 934 2358 988 in
2383 945 2640 1005 quantum
2689 947 2875 993 natura
2907 947 3023 1002 est,
3053 939 3249 995 bonum
3285 951 3402 1008 est;
3437 954 3596 1015 atque
3641 957 3703 1000 ut

2111 1026 2212 1081 boc
2241 1026 2434 1080 bonum
2465 1028 2720 1084 liberetur
2742 1045 2772 1084 a
2802 1031 2964 1097 malo,
2992 1032 3157 1102 gratia
3187 1035 3488 1089 mcessaria
3512 1044 3617 1092 est.

2181 1118 2432 1174 CXCV“.
2452 1119 2574 1176 λιιι..
2603 1123 2761 1176 Certe
2801 1122 2947 1177 nulla
2971 1122 3056 1179 hic
3085 1123 3153 1178 d-c
3177 1124 3369 1181 studiis
3390 1125 3700 1183 adultarum

2111 1207 2382 1265 hominum
2424 1213 2648 1281 qumstio
2671 1255 2685 1277 ,
2714 1213 2809 1268 sed
2834 1215 2899 1268 de
2929 1215 3040 1268 sola
3080 1217 3407 1272 nascentium
3442 1218 3704 1288 qualitate

2109 1311 2380 1369 versatur,
2412 1302 2466 1357 in
2505 1304 2699 1373 quibus
2733 1313 2938 1360 natum
2964 1307 3296 1361 cxaminatur
3318 1315 3512 1363 status.
3548 1308 3705 1364 lianc

2111 1401 2164 1446 tu
2201 1393 2375 1466 itaque
2405 1404 2648 1449 naturam
2680 1397 2796 1452 sine
2829 1397 3008 1467 aliquo
3030 1399 3256 1468 propria:
3285 1401 3574 1456 voluntatis
3603 1400 3704 1455 ad-

2108 1487 2274 1540 mixtu
2317 1503 2497 1554 ream,
2525 1488 2826 1543 damnatam
2850 1531 2866 1557 ,
2890 1490 3072 1556 malis,
3103 1491 3153 1545 id
3193 1501 3308 1554 cst,
3343 1494 3658 1549 criminibus
3683 1535 3701 1561 ,

2107 1579 2348 1650 plenam,
2379 1595 2498 1634 cum
2548 1581 2839 1636 Mauiehtco
2880 1592 3053 1638 tamen
3096 1586 3294 1639 asseris
3330 1603 3343 1638 :
3393 1602 3553 1657 qnam
3598 1604 3708 1643 nos

2107 1673 2224 1728 sine
2252 1674 2474 1736 scelere,
2507 1675 2624 1729 sine
2652 1675 2856 1745 peccati
2901 1675 3042 1730 malo
3090 1676 3397 1745 innoxiam,
3444 1688 3498 1734 et
3537 1695 3709 1751 capa-
3783 1661 3792 1680 ’

2107 1779 2224 1820 cem
2279 1765 2492 1821 virtutis
2524 1775 2755 1821 tuemur.

2179 1859 2311 1913 Aus.
2341 1859 2692 1925 Agnoscitnus
2716 1867 2792 1926 te,
2811 1858 3146 1929 agnoscimus
3167 1874 3416 1930 magnum
3438 1868 3702 1926 tutorem,

2107 1949 2195 2019 qui
2229 1949 2462 2019 parvuiis
2490 1963 2624 2019 quos
2652 1949 2815 2004 tueris
2840 1991 2856 2017 ,
2881 1966 2985 2004 non
3016 1951 3151 2005 sinis
3169 1965 3481 2008 succurrere
3509 1952 3708 2009 Salva-

2109 2049 2300 2095 torcm.
2326 2039 2381 2096 Si
2411 2049 2590 2096 autem
2619 2042 2773 2108 sinis,
2804 2041 2910 2107 dic,
2935 2057 3118 2112 qumso
3141 2085 3156 2110 ,
3182 2043 3394 2114 quando
3422 2046 3551 2100 salvi
3577 2061 3705 2102 eor-

2107 2145 2238 2200 pore
2260 2132 2621 2199 baptizantur,
2652 2147 2721 2187 ex
2749 2148 2855 2202 quo
2877 2133 3019 2188 malo
3038 2176 3052 2200 ,
3083 2149 3147 2188 ex
3173 2151 3278 2204 quo
3308 2137 3436 2191 vitio
3454 2178 3469 2202 ,
3492 2152 3558 2192 ex
3591 2154 3704 2210 qua

2110 2231 2257 2290 parte
2279 2223 2295 2254 ί
2326 2223 2616 2277 salventur.
2648 2223 2753 2279 Sed
2778 2223 2902 2294 quid
2930 2223 3170 2279 dicturus
3197 2242 3275 2287 es,
3311 2226 3470 2281 homo
3496 2229 3585 2297 qui
3613 2230 3705 2284 fa-

2107 2313 2189 2366 cis
2212 2311 2305 2366 tibi
2335 2313 2637 2382 paradisum
2660 2321 2834 2382 tuum,
2861 2330 3019 2384 quem
3043 2331 3150 2369 non
3176 2317 3449 2373 erubescis
3472 2318 3708 2389 implere

2107 2405 2280 2475 poenis
2307 2405 2585 2460 immeritis
2610 2407 2948 2476 parvulorum
2974 2407 3002 2460 ἲ

2179 2495 2447 2552 CXCVIII.
2469 2497 2586 2553 ιω..
2606 2497 2752 2554 Hanc
2768 2513 2893 2568 ergo
2913 2508 2965 2553 tu
2985 2497 3036 2553 in
3056 2499 3309 2568 parvulis,
3325 2500 3703 2570 criminosam,

2105 2589 2370 2657 vitiosam,
2393 2600 2446 2645 et
2477 2590 2778 2645 damnatam
2819 2587 2912 2644 s’ua
2942 2591 3212 2646 voluntate
3237 2593 3435 2663 arguis,
3465 2609 3531 2648 an
3562 2611 3711 2650 con-

2106 2681 2306 2738 ditione
2354 2682 2645 2738 nascendi?
2674 2683 2728 2738 Si
2763 2683 2976 2754 pr0pria
3021 2685 3290 2740 voluntate
3313 2728 3329 2753 ,
3359 2695 3416 2741 ut
3454 2687 3708 2744 videlicet

2106 2775 2178 2830 illi
2208 2777 2405 2845 parvuli
2437 2776 2548 2830 suis
2574 2776 2764 2831 studiis
2787 2790 3036 2846 peccasse
3073 2777 3350 2844 dicantur;
3394 2790 3704 2835 monstrum

2106 2865 2320 2936 quidem
2371 2866 2984 2936 opinionis'cxoritur,
3029 2869 3226 2939 peccati
3274 2879 3449 2926 tamen
3505 2871 3705 2926 tradux

2106 2965 2360 3026 negatur;
2386 2974 2492 3012 non
2527 2958 2669 3013 enim
2700 2959 2906 3030 accepit
2938 2960 3005 3014 ab
3033 2960 3139 3014 alio
3159 3002 3172 3023 ,
3203 2961 3342 3030 quod
3376 2961 3544 3031 potuit
3585 2963 3716 3034 ipse

2491 3067 2506 3104 :
2553 3049 2635 3104 sin
2676 3060 2849 3105 autem
2892 3058 2966 3104 tot
3006 3051 3140 3104 mala
3187 3067 3292 3106 nou
3334 3052 3543 3108 actione
3563 3069 3660 3109 sua
3685 3097 3714 3121 ν

2106 3139 2200 3195 sed
2238 3139 2543 3196 conditione
2596 3141 2832 3208 sortitur,
2882 3142 3194 3196 naturaliter
3247 3143 3425 3214 iniqua
3472 3145 3707 3200 convin-

2106 3231 2264 3285 citur.

2178 3323 2314 3378 Asc.
2335 3320 2443 3376 Nec
2463 3336 2555 3377 sua
2576 3323 2850 3378 voluntate
2871 3337 3034 3394 arguo
3061 3331 3302 3378 naturam
3331 3325 3713 3395 parvulorum;

2109 3428 2267 3468 nemo
2305 3414 2446 3467 enim
2498 3413 2618 3483 quia
2671 3413 2785 3467 vult
2826 3415 3215 3482 nascitur;nec
3255 3415 3562 3473 conditione
3607 3435 3709 3474 na-

2108 3505 2312 3572 scendi,
2345 3506 2447 3560 nisi
2473 3507 2594 3576 quia
2621 3506 2798 3560 miseri
2822 3515 3112 3560 nascuntur
3135 3549 3149 3572 ,
3183 3522 3287 3562 non
3314 3509 3436 3578 quia
3466 3525 3712 3566 nascun-

2109 3604 2214 3650 tur.
2245 3596 2564 3651 Naseeretur
2588 3597 2729 3651 enim
2774 3597 2932 3651 etiam
2977 3607 3163 3651 natura
3192 3597 3420 3653 humana
3453 3599 3507 3654 in
3541 3617 3707 3670 para-

2109 3691 2264 3758 diso,
2315 3707 2381 3745 cx
2426 3690 2517 3744 Dci
2575 3691 2942 3747 benedictione
2994 3691 3242 3758 iocunda,
3289 3693 3498 3748 ctiatnsi
3539 3709 3720 3750 nemo

2110 3790 2400 3852 peccasset,
2429 3782 2599 3837 donec
2627 3783 2736 3836 Deo
2767 3784 3116 3854 ρτειεοοειιίιιιε
3156 3794 3460 3839 sanctorum
3505 3800 3708 3840 nume-

2109 3889 2199 3927 rus
2235 3872 2606 3942 compleretur.
2649 3872 2754 3928 Sed
2783 3874 2852 3927 illi
2878 3874 3078 3943 parvuli
3107 3889 3204 3929 nec
3245 3875 3438 3930 ﬂerent
3464 3875 3514 3930 in
3544 3891 3712 3946 para-

2108 3963 2225 4018 diso
2243 4004 2258 4030 ,
2282 3978 2380 4018 nec
2405 3965 2533 4018 muti
2563 3973 2740 4018 essent
2765 4006 2781 4030 ,
2807 3979 2903 4018 nec
2931 3964 3216 4035 aliquando
3241 3966 3314 4019 uti
3344 3966 3549 4021 ratione
3594 3981 3719 4022 non

2108 4064 2362 4125 possent,
2398 4071 2497 4111 nec
2519 4057 2632 4110 sine
2659 4071 2756 4110 usu
2787 4055 3151 4110 membrorum
3184 4056 3379 4112 infirmi
3406 4066 3461 4112 et
3498 4057 3712 4112 inertes

2103 4147 2361 4218 jacerent,
2395 4163 2494 4202 nec
2515 4149 2713 4203 morbis
2737 4139 3122 4218 afﬂigerentur,
3152 4163 3250 4203 nec
3277 4165 3306 4201 a
3325 4148 3511 4204 bestiis
3540 4149 3716 4204 hede-

2108 4248 2315 4306 rentur,
2346 4255 2445 4294 nec
2473 4240 2693 4294 venenis
2720 4248 3039 4295 necarentur
3062 4282 3077 4308 ,
3107 4255 3206 4295 nec
3231 4239 3408 4310 aliquo
3433 4255 3557 4295 casu
3583 4241 3720 4293 vqu

2110 4340 2451 4399 nerarentur,
2477 4315 2562 4386 vel
2599 4331 2706 4385 ullo
2740 4346 2899 4386 sensu
2928 4373 2942 4395 ,
2975 4340 3066 4386 aut
3103 4330 3214 4384 ulla
3259 4341 3408 4402 parte
3458 4333 3714 4401 corporis

2111 4422 2466 4494 privarentur,
2495 4437 2594 4476 nec
2617 4437 2646 4475 a
2686 4422 3017 4476 daemonibus
3063 4433 3387 4477 vexarentur
3407 4464 3422 4486 ,
3452 4437 3549 4478 nec
3585 4439 3720 4477 sur-

2109 4526 2296 4587 gentes
2325 4516 2375 4570 in
2410 4516 2688 4586 pueritiam
2718 4515 3065 4571 domarentur
3091 4517 3422 4582 verberibus,
3455 4527 3546 4571 aut
3576 4533 3716 4572 ern-

2110 4608 2350 4663 direntur
2392 4607 2692 4673 laboribus,
2735 4623 2836 4662 nec
2872 4607 2962 4662 ulli
3006 4608 3028 4639 ⁸
3067 4624 3253 4663 eorum
3306 4619 3416 4663 tam
3461 4625 3601 4664 vano
3651 4621 3717 4667 et

2113 4699 2343 4756 obtunso
2368 4709 2714 4755 nascerentur
2754 4701 2984 4772 ingenio,
3021 4708 3077 4755 ut
3104 4716 3204 4755 nec
3247 4700 3450 4767 labore,
3478 4716 3578 4755 nec
3604 4701 3722 4756 do-

2114 4793 2228 4848 lore
2272 4792 2379 4846 ullo
2408 4792 2854 4856 emcndarentur;
2888 4791 2981 4847 sed
3019 4800 3238 4861 excepta
3265 4834 3279 4858 ,
3308 4800 3526 4861 propter
3557 4792 3712 4846 inca-

2114 4902 2271 4956 paccs
2321 4894 2502 4940 uteros
2541 4894 2804 4948 matrum,
2835 4884 2913 4938 sui
2943 4883 3188 4954 corporis
3216 4883 3544 4952 quantitate,
3573 4883 3723 4939 tales

2115 4977 2331 5031 omnino
2351 4975 2520 5047 qualis
2541 4974 2708 5030 Adam
2733 4975 2900 5030 factus
2925 4984 3025 5038 est,
3057 4975 3418 5046 gignerentur.
3442 4973 3592 5029 Nunc
3612 4990 3720 5029 au-

2118 5079 2221 5124 tem
2253 5084 2352 5124 nec
2382 5069 2514 5122 tales
2538 5077 2720 5124 essent
2744 5068 2928 5138 quales
2974 5066 3215 5121 videmus
3236 5110 3252 5134 ,
3275 5082 3373 5121 nec
3402 5067 3522 5122 talia
3559 5076 3719 5136 pate-

2116 5171 2322 5227 rentur,
2355 5161 2453 5215 nisi
2478 5167 2694 5230 peccato
2716 5160 2808 5215 illo
2838 5175 3029 5230 magno
3059 5167 3244 5213 natura
3269 5159 3496 5213 humana
3529 5159 3580 5213 in
3611 5158 3717 5215 bas

2118 5254 2361 5310 miserias
2401 5261 2597 5307 mutata
2626 5259 2786 5322 atque
2822 5251 3090 5306 damnata.
3127 5250 3242 5305 Non
3271 5266 3399 5321 ergo
3427 5252 3497 5306 ita
3526 5265 3584 5304 se
3611 5251 3717 5304 ha-

2119 5347 2246 5401 bent
2271 5345 2573 5400 conditione
2615 5344 2864 5398 nascendi
2891 5346 3023 5409 ,sed
3063 5343 3380 5414 contagione
3425 5341 3625 5413 peccati
3655 5353 3721 5399 ct

2119 5436 2426 5493 conditione
2449 5435 2714 5505 supplicii.

2191 5527 2420 5584 CXCIX.
2449 5526 2566 5582 JuL.
2592 5527 2708 5594 Quo
2745 5541 2872 5596 ergo
2898 5541 3058 5593 super
3086 5533 3288 5579 natura:
3311 5524 3512 5595 judicio
3537 5523 3717 5581 Mant-

2121 5621 2301 5678 chmus
2343 5633 2502 5692 tuque
2530 5619 2774 5674 distatis?
2801 5619 2933 5687 Quia
2962 5619 3078 5685 ille,
3107 5617 3314 5690 inquis,
3346 5635 3466 5676 eam
3512 5619 3720 5677 malam

2187 5780 2204 5812 ¹
2242 5783 2370 5827 Unus
2386 5783 2471 5828 Ms.
2497 5781 2645 5836 Port.,
2670 5781 2813 5838 peste.

2185 5844 2206 5908 ξ
2239 5841 2391 5908 F.t_liti_,
2413 5836 3169 5908 promissionis.[intendantur.cx
3190 5843 3276 5890 Iis.
3300 5844 3563 5890 Portunus.

2189 5905 2209 5936 ³
2241 5899 2531 5968 \‘ignicrius,
2566 5900 2663 5951 uni.
2693 5910 2815 5963 uss,
2842 5899 2944 5952 ulla.
