3996 6532
248 407 399 468 I333

245 524 463 580 fatetur.
491 517 576 577 Tu
613 532 744 590 ergo
786 516 831 571 si
861 513 915 571 id
935 512 1152 578 abnuis,
1178 510 1372 566 bonam
1406 522 1522 562 eam
1559 522 1678 561 esse
1721 521 1840 576 pro-

250 613 476 678 nuntia;
504 621 559 668 et
598 610 805 667 sublata
831 605 1103 662 contentio
1133 612 1215 657 est
1243 619 1257 656 :
1281 599 1508 669 capieris
1545 598 1721 651 statim
1752 612 1840 651 ve-

248 704 422 760 ritatis
466 702 687 758 retibus
715 701 767 755 itt
806 699 1050 753 salutem.
1087 693 1191 750 Sed
1228 691 1506 748 reclamas.
1554 686 1843 743 Audiamus

247 810 378 865 ergo
396 792 523 864 quid
546 791 745 863 parias,
771 786 1079 845 Aristoteles
1111 785 1393 839 Pmnorum
1419 780 1459 834 ¹.
1489 777 1728 840 Tantum,
1759 777 1842 830 in-

246 883 391 954 quis,
418 880 613 936 malum
648 881 693 934 ei
720 881 844 934 inest
867 921 882 944 ,
909 886 965 933 ut
1007 876 1325 949 possideatur
1363 889 1395 926 a
1438 869 1671 937 diabolo,
1698 876 1859 937 atque.

246 987 498 1030 aeternum
518 981 773 1027 mereatur
797 968 1107 1025 incendium.

317 1066 461 1120 Anc.
494 1063 575 1118 Tu
595 1072 777 1118 autem
798 1061 887 1133 qui
916 1075 1032 1116 eam
1064 1074 1226 1130 negas
1250 1072 1279 1109 a
1308 1054 1522 1111 diabolo
1548 1052 1843 1125 possideri,

247 1154 625 1230 proculdubio
654 1170 819 1226 negas
850 1170 879 1208 a
905 1162 1163 1225 potestate
1190 1151 1305 1207 erui
1332 1149 1695 1215 tenebrarum,
1720 1163 1842 1202 cum

249 1251 300 1303 in
325 1247 537 1303 Christi
567 1263 789 1318 regnum
812 1244 1212 1316 regeneratione
1237 1241 1585 1306 transfertur;
1614 1250 1668 1296 et
1686 1255 1859 1293 aecus

247 1355 333 1394 sas
361 1342 674 1395 universam
712 1338 1030 1397 catholicam
1069 1335 1361 1392 Ecelosiam
1401 1348 1592 1404 magno
1621 1331 1851 1387 crimine

249 1430 568 1499 majestatis.
593 1428 710 1485 Non
758 1430 900 1486 enim
945 1429 1150 1501 legibus
1184 1426 1342 1496 hujus
1376 1424 1560 1481 mundi
1599 1423 1705 1478 alio
1742 1422 1848 1478 cri-

249 1525 394 1578 mine
420 1530 636 1577 tenetur
663 1537 788 1578 reus
813 1563 827 1589 ,
858 1519 1101 1592 quisquis
1123 1519 1407 1590 imaginem
1426 1559 1442 1583 ,
1475 1514 1717 1589 quamvis
1739 1529 1846 1569 non

250 1613 453 1676 vivam,
487 1621 667 1666 tamen
698 1610 1033 1682 imperatoris
1064 1607 1316 1665 insufﬂat
1339 1605 1725 1662 :exsufllantur
1751 1619 1846 1658 au-

250 1714 357 1758 tem
410 1702 621 1772 parvuli
667 1702 722 1756 in
756 1702 1093 1767 exorcismo,
1133 1700 1437 1770 priusquam
1470 1697 1844 1767 haptizentur:

254 1792 625 1850 exsuﬂlantur
668 1793 827 1865 igitur
867 1793 999 1847 viva:
1037 1790 1323 1862 imagines,
1348 1805 1451 1844 non
1497 1788 1636 1860 regis
1667 1787 1848 1857 cujus-

251 1900 506 1955 cumque,
530 1883 627 1939 scd
656 1883 770 1940 Dei.
793 1881 905 1937 Imo
937 1898 1063 1938 vero
1087 1879 1420 1947 exsufﬂatur,
1451 1879 1543 1936 sed
1571 1878 1844 1944 diabolus,

252 1978 339 2047 qui
366 1976 694 2048 eontagione
738 1976 937 2047 peccati
967 1984 1112 2031 tenet
1151 1974 1424 2045 parvulum
1452 1989 1605 2028 reum
1631 2015 1645 2038 ,
1675 1982 1732 2026 ut
1759 1972 1849 2026 illo

254 2069 397 2124 foras
441 2069 615 2125 misso
653 2067 831 2141 (Joan.
857 2084 950 2132 xu,
980 2068 1072 2139 51)
1116 2067 1370 2138 parvulus
1396 2064 1747 2121 transferatur
1780 2063 1847 2119 ad

253 2159 550 2214 Christum.
582 2159 915 2216 Exsuﬂlctur
938 2159 1114 2229 itaque
1146 2157 1336 2213 Juliani
1359 2156 1609 2223 amentia,
1640 2171 1707 2210 ne
1737 2170 1849 2208 ma~

249 2249 459 2320 jestalis
485 2266 582 2306 rea
600 2251 650 2305 in
679 2250 1018 2321 parvulorum
1040 2247 1383 2303 mundatione
1406 2255 1462 2303 et
1477 2238 1848 2302 exsufﬂatione

252 2338 463 2399 dicatur
491 2342 759 2398 Ecclesia.
788 2340 845 2397 Si
871 2349 1049 2396 autem
1075 2355 1181 2395 non
1202 2339 1410 2394 eruitur
1430 2352 1458 2391 a
1482 2345 1741 2407 potestate
1766 2345 1848 2390 te-

254 2434 570 2502 nebrarum,
599 2442 657 2489 et
684 2434 790 2490 illic
810 2440 1051 2490 remanet
1090 2431 1377 2504 parvulus;
1402 2429 1528 2502 quid
1565 2429 1774 2484 miraris
1794 2430 1847 2484 in

255 2523 373 2595 igne
398 2533 611 2581 aeterno
624 2540 748 2580 cum
773 2522 986 2579 diabolo
1011 2523 1247 2579 futurum
1273 2566 1287 2586 .
1316 2522 1408 2593 qui
1435 2522 1486 2576 in
1510 2521 1603 2578 Dei
1626 2537 1847 2594 regnum

255 2617 460 2673 intrare
492 2633 605 2672 non
641 2616 866 2673 sinitur?
890 2622 970 2672 An
996 2616 1121 2688 quia
1159 2615 1429 2685 Pelagiani
1465 2614 1657 2670 nescio
1689 2630 1848 2685 quem

254 2708 493 2775 tantulis
512 2723 620 2762 non
646 2706 945 2778 haptizatis,
975 2716 1169 2778 praeter
1198 2706 1288 2760 Dei
1314 2721 1555 2777 regnum,
1583 2704 1776 2777 quietis
1796 2713 1853 2759 et

256 2797 375 2851 vita:
401 2805 630 2853 :rterna:
657 2796 834 2852 locum
863 2805 1164 2868 prcharant
1184 2837 1202 2863 ,
1231 2795 1351 2851 ideo
1379 2794 1574 2851 Christi
1595 2794 1695 2850 erit
1717 2793 1848 2850 falsa

256 2891 522 2946 sententia
553 2909 568 2944 :
602 2891 704 2958 Qui
742 2890 1011 2946 crediderit
1054 2899 1102 2945 et
1137 2887 1424 2961 baptizatus
1468 2889 1651 2961 fuerit,
1681 2885 1852 2943 salvus

258 2975 376 3040 erit;
404 2975 498 3044 qui
527 2985 699 3029 autem
729 2991 829 3029 non
870 2974 1160 3039 crediderit,
1204 2973 1619 3028 condemnabitur
1655 2971 1848 3042 (Marc.

258 3082 361 3130 ιη,
392 3065 528 3138 16)?
554 3066 805 3138 Quisquis
826 3075 1003 3124 autem
1032 3074 1191 3138 negat
1217 3067 1465 3137 parvulos
1504 3064 1725 3121 credere
1756 3080 1852 3136 per

259 3174 347 3214 ora
380 3159 713 3231 gestandum
737 3200 753 3223 ,
784 3168 942 3231 neget
979 3174 1074 3215 eos
1112 3169 1167 3215 et
1199 3159 1445 3233 accipere
1482 3158 1808 3231 Baptismum
1832 3198 1869 3223 ,.

258 3251 379 3321 quia
406 3252 464 3306 in
487 3252 735 3306 manibus
757 3253 1077 3322 gestantium
1106 3252 1456 3308 reluctantur.

323 3341 435 3398 CC.
464 3341 586 3398 Jun.
609 3342 715 3398 Sed
743 3343 877 3398 adeo
900 3344 1037 3400 mala
1065 3359 1173 3399 non
1192 3353 1297 3411 est,
1328 3352 1385 3398 ut
1406 3343 1509 3399 nisi
1530 3342 1853 3399 Manichzeus

258 3448 373 3489 αιιιι
395 3449 656 3490 accusare
682 3449 788 3489 non
813 3435 998 3505 possit.

326 3528 470 3582 Anc.
498 3525 824 3582 Manichmus
848 3542 975 3597 ergo
999 3525 1152 3591 dixit,
1185 3525 1372 3581 Omnes
1389 3525 1481 3580 sub
1506 3535 1709 3596 peccato
1730 3542 1856 3581 nas—

262 3616 447 3684 timur,
473 3633 687 3687 quorum
702 3617 810 3688 ipse
844 3626 983 3673 ortus
1015 3618 1067 3672 in
1100 3617 1218 3672 vitio
1243 3628 1314 3671 est
1337 3615 1677 3685 (Ambrosius,
1704 3618 1792 3672 lib.
1820 3619 1845 3673 I

264 3708 325 3762 de
377 3705 711 3775 Paenitentia,
739 3725 855 3779 cap.
881 3709 953 3778 2,
1008 3709 1086 3765 vel
1132 3709 1232 3779 '5)?
1261 3708 1367 3765 Sed
1424 3710 1544 3780 quia
1579 3708 1679 3765 hoc
1703 3709 1856 3766 ‘dixit

263 3798 454 3854 doctus
478 3806 537 3854 et
566 3797 758 3855 doctor
782 3800 1110 3868 catholicus,
1140 3799 1266 3872 quid
1302 3815 1361 3856 es
1389 3800 1491 3855 nisi
1517 3801 1771 3872 deceptus
1801 3810 1856 3858 et

265 3888 520 3961 deceptor
548 3887 869 3944 hmreticus?

330 3977 465 4034 CCI.
508 3976 630 4034 Jun.
682 3978 828 4050 Ego,
873 3980 1073 4051 inquit,
1129 3989 1307 4037 tamen
1361 3996 1466 4037 non
1525 3998 1642 4038 sum
1690 3982 1856 4040 Mani—

264 4071 489 4140 chacus,
525 4070 613 4143 qui
658 4086 777 4127 eam
822 4073 1042 4130 absolvo
1084 4073 1295 4140 verbis,
1324 4082 1380 4130 et
1418 4074 1717 4131 condenmo
1761 4076 1856 4148 ju-

265 4161 442 4218 dictis.

332 4258 478 4312 Anc.
516 4254 596 4311 Tu
638 4271 758 4312 eam
795 4255 1118 4312 condemnas
1151 4255 1387 4328 judicio,
1415 4266 1470 4312 et
1503 4257 1608 4313 hoc
1649 4257 1855 4331 iniquo,

269 4362 428 4417 quam
459 4345 593 4400 mala
618 4357 761 4402 tanta
794 4348 874 4402 vis
901 4347 1099 4418 perpeti
1127 4348 1244 4403 sine
1264 4347 1454 4403 merito
1478 4349 1638 4403 malo.

332 4436 491 4494 CCII.
521 4437 644 4495 Jun.
670 4438 807 4506 Quid
831 4441 991 4510 igitur
1017 4441 1103 4495 hic
1123 4440 1352 4511 primum
1382 4455 1649 4509 accusem,
1681 4441 1856 4513 impu-

268 4528 506 4585 dentiam
533 4531 837 4586 mentientis
855 4573 869 4597 ,
894 4530 1169 4588 libidinem
1197 4531 1517 4605 disputantis
1539 4575 1556 4602 ,
1582 4549 1646 4587 an
1682 4534 1857 4604 ντοτειο

270 4623 495 4677 nitatem
526 4630 630 4676 tam
670 4637 828 4693 prava
871 4621 1174 4679 credentis?
1198 4622 1362 4678 Nobis
1400 4631 1575 4679 tamen
1623 4624 1857 4697 intelligo

270 4712 528 4768 utendum
568 4712 841 4784 prolabi-ta:
875 4728 993 4770 esse
1021 4714 1237 4770 verbis:
1264 4713 1408 4768 Beati
1438 4720 1612 4770 smnus
1649 4715 1854 4783 Israel,

269 4804 387 4875 quia
414 4819 528 4874 quia
550 4802 655 4859 Deo
678 4806 892 4874 placent,
926 4805 1066 4859 nobis
1091 4815 1210 4859 nota
1235 4816 1352 4859 sunt
1378 4805 1606 4876 (Baruch
1635 4823 1705 4869 tv,
1738 4806 1816 4877 4).

340 4899 492 4950 Anc.
516 4894 659 4951 hane
689 4910 835 4964 vero,
859 4912 976 4967 qure
1006 4895 1119 4952 Deo
1147 4895 1355 4966 placent
1376 4898 1526 4952 vobis
1546 4909 1670 4951 nota
1697 4899 1858 4953 sunt?

272 4983 514 5053 insulse,
544 4994 604 5039 ut
644 4987 759 5041 sine
804 4986 911 5040 ulla
955 4988 1270 5057 contagione
1302 4988 1504 5059 peccati
1547 4999 1859 5059 premantur

273 5076 480 5146 parvuli
505 5076 653 5146 gravi
682 5077 831 5147 jugo,
867 5077 1040 5146 placet
1079 5077 1187 5132 Deo
1207 5074 1533 5132 ‘lTrahuut
1567 5094 1694 5150 ergo
1729 5096 1857 5134 cou-

275 5167 475 5238 lagium
509 5168 577 5223 de
611 5169 702 5222 illo
729 5170 902 5241 primo
940 5185 1236 5241 magnoque
1276 5180 1494 5241 peccato
1526 5189 1539 5225 :
1585 5172 1723 5243 quod
1763 5188 1858 5228 vos

276 5260 521 5314 nolentes
563 5258 756 5329 fateri,
794 5261 921 5333 quid
965 5261 1066 5316 nisi
1122 5262 1378 5333 iujnstum
1413 5263 1671 5334 judicium
1719 5265 1861 5321 datis

279 5347 439 5404 Deo?

343 5437 522 5494 CClll.
569 5437 688 5496 Jun.
735 5439 843 5497 Sed
890 5443 1246 5498 invectionum
1297 5442 1529 5499 officium
1572 5445 1858 5516 legentium

277 5542 502 5584 censura
529 5532 834 5602 supplebit:
877 5548 974 5587 nos
1015 5549 1300 5605 pergamus
1335 5535 1401 5590 ad
1438 5536 1661 5607 reliqua.
1705 5536 1859 5593 Certe

341 5662 361 5694 ³
396 5662 531 5720 aditi,
561 5662 761 5725 pendeo.
779 5670 907 5727 uss,
934 5678 1203 5729 partarum.
1227 5668 1506 5732 Legendum
1528 5669 1655 5721 haud
1690 5671 1857 5734 dubie,

574 5802 667 5856 non
719 5786 913 5850 placere
949 5798 1058 5841 Deo.
1101 5798 1203 5856 Duo
1246 5800 1373 5856 Mss,
1416 5806 1510 5843 non
1550 5794 1705 5856 placet
1743 5774 1858 5847 Deo.

281 5850 369 5898 Is.
388 5853 715 5911 t’orL,omissa
741 5859 952 5917 negante
977 5854 1207 5918 [articulat
1222 5890 1238 5919 ,
1262 5854 1415 5907 vlacct
1442 5850 1579 5907 beo."

1618 389 1819 449 LIBER
1858 386 2171 446 TERTIUS.

3393 386 3531 444 1⁸331

1951 502 2155 558 nullum
2193 507 2277 557 est
2306 500 2356 554 in
2388 500 2547 556 rebus
2578 500 2717 555 aliud
2751 501 2946 556 malum
2969 543 2984 569 ,
3016 502 3155 574 quod
3183 519 3307 562 vere
3334 503 3528 559 malum

1951 593 2042 658 sit,
2073 592 2174 648 nisi
2203 592 2341 664 quod
2369 599 2643 664 peccatum
2670 606 2941 647 vocamus.

2020 686 2155 741 Ave.
2177 684 2232 741 Si
2262 702 2366 740 non
2392 692 2515 740 sunt
2543 684 2679 739 mala
2702 685 2861 741 etiam
2885 685 3139 756 supplicia
3166 695 3523 758 peccatorum,

1951 793 2055 832 non
2088 785 2172 832 est
2204 776 2472 848 quomodo
2497 776 2753 833 defendas
2780 778 2945 832 Deum
2971 777 3169 834 dixisse
3193 795 3375 834 verum
3398 821 3412 846 ,
3441 780 3531 850 qui

1949 866 2290 925 dixitcreare
2317 885 2375 925 se
2398 869 2535 925 mala
2563 867 2696 943 (Isai
2721 886 2839 937 xcv,
2869 871 2947 943 7);
2973 886 3085 927 non
3106 871 3248 927 enim
3276 872 3533 928 dicendus

1949 970 2032 1016 est
2054 976 2237 1016 creare
2267 970 2503 1031 peccata.

2020 1048 2194 1104 CCIV.
2216 1049 2334 1106 Jun.
2364 1049 2444 1105 Ex
2472 1067 2579 1122 quo
2603 1060 2823 1122 peccato
2849 1050 3081 1122 gignitur
3100 1050 3153 1106 in
3185 1066 3503 1123 unoquoque
3522 1093 3538 1117 ,

1951 1151 2009 1197 ut
2033 1140 2164 1197 dicis
2187 1184 2202 1209 ,
2227 1142 2466 1199 naturale
2503 1143 2700 1197 malum
2728 1161 2742 1198 :
2772 1142 2904 1198 nihil
2930 1151 3013 1200 est
3049 1141 3209 1215 igitur
3234 1141 3377 1198 aliud
3406 1154 3532 1198 vere

1953 1232 2170 1299 malum,
2202 1249 2359 1315 quam
2381 1234 2629 1290 meritum
2660 1233 2882 1289 malum.
3086 1240 3092 1245 ”

2024 1325 2154 1381 Anu.
2179 1323 2293 1379 Non
2329 1329 2532 1381 tantum
2581 1325 2832 1381 meritum
2880 1327 3075 1381 malum
3097 1370 3113 1395 ,
3143 1340 3329 1383 verum
3375 1324 3536 1383 etiam

1954 1431 2131 1487 ptena,
2162 1433 2282 1489 qua:
2322 1418 2465 1473 malo
2506 1420 2698 1473 merito
2741 1419 3011 1487 redditur,
3045 1419 3243 1475 malum
3269 1428 3384 1476 est.
3420 1418 3537 1474 Non

1951 1509 2092 1563 cnim
2123 1525 2250 1565 vere
2291 1510 2491 1564 malum
2519 1520 2600 1565 est
2628 1521 2901 1582 peccatum
2921 1554 2935 1579 ,
2963 1520 3141 1567 etnon
3169 1519 3255 1568 est
3276 1527 3399 1568 vere
3425 1527 3540 1566 ma-

1953 1601 2062 1656 lunt
2087 1617 2244 1675 pana
2273 1601 2493 1671 peccati.
2520 1600 2574 1658 Si
2591 1620 2719 1674 ergo
2748 1601 2949 1657 nullum
2976 1614 3118 1658 esset
3138 1604 3191 1658 in
3211 1602 3445 1674 parvulis
3469 1618 3532 1658 ex

1950 1693 2156 1764 origine
2199 1693 2394 1749 malum
2440 1696 2688 1749 meritum
2715 1738 2729 1763 ,
2766 1694 3019 1766 quidquid
3066 1697 3190 1750 ntali
3243 1695 3535 1767 patiuntur,

1951 1795 2095 1841 esset
2133 1785 2407 1856 injustum.
2441 1785 2648 1842 Etideo
2702 1788 2800 1841 ista
2842 1788 2979 1842 mala
3022 1787 3075 1842 in
3119 1788 3370 1858 paradiso
3416 1802 3538 1843 esse

1951 1894 2056 1932 non
2087 1888 2337 1949 possent;
2364 1878 2486 1950 quia
2512 1880 2715 1934 nullum
2746 1889 2888 1935 esset
2920 1879 2991 1935 ibi
3020 1880 3264 1934 meritmn
3296 1879 3496 1936 malum
3519 1922 3534 1944 ,

1952 1969 1995 2023 si
2026 1968 2146 2023 felix
2177 1969 2476 2024 obedientia
2520 1979 2876 2040 permaneret.
2905 1970 2982 2025 Ac
3012 1987 3105 2042 per
3148 1969 3269 2037 hoc,
3299 1971 3419 2040 quia
3455 1971 3542 2025 hie

1953 2070 2077 2115 sunt
2113 2060 2164 2117 in
2193 2061 2426 2132 parvulis
2474 2061 2609 2116 mala
2637 2103 2653 2129 ,
2674 2078 2797 2134 qua:
2828 2062 2899 2117 ibi
2949 2078 3053 2117 non
3095 2071 3309 2129 essent;
3342 2062 3543 2117 habent

1953 2152 2112 2206 etiam
2163 2151 2410 2208 meritum
2458 2152 2858 2225 malum,quod
2911 2153 3019 2208 nisi
3054 2153 3383 2224 originaliter
3430 2169 3541 2210 non

1953 2241 2227 2299 haberent.

2024 2332 2173 2391 CCV.
2196 2332 2315 2391 Jun.
2342 2335 2397 2391 Si
2422 2349 2549 2407 ergo
2571 2344 2625 2391 et
2649 2335 2971 2391 Manichmus
2996 2350 3101 2390 non
3127 2334 3197 2391 ob
3224 2334 3367 2390 aliud
3413 2335 3543 2392 dicit

1953 2426 2147 2482 malam
2175 2437 2442 2496 naturam,
2470 2442 2627 2499 quam
2649 2427 2790 2499 quod
2815 2442 2934 2484 eam
2955 2426 3084 2483 mali
3113 2425 3290 2483 meriti
3318 2425 3540 2483 arbitra-

1956 2526 2059 2581 tur,
2090 2517 2177 2573 cui
2214 2525 2366 2590 putat
2399 2518 2676 2575 inferenda
2702 2518 3002 2590 supplicia;
3030 2526 3087 2574 et
3112 2525 3169 2574 ιιι
3203 2526 3407 2574 natura:
3436 2517 3542 2575 Im-

1954 2624 2124 2663 mnum
2151 2609 2346 2663 malum
2370 2610 2545 2665 inesse
2565 2609 2870 2677 confirmas,
2893 2624 2993 2665 nec
3008 2608 3152 2665 aliud
3170 2610 3362 2666 malum
3384 2626 3546 2681 quam

1953 2698 2095 2770 quod
2142 2699 2486 2763 Manichazus.
2539 2699 2591 2755 id
2639 2708 2756 2767 est,
2806 2700 3296 2772 concupiscentiam
3342 2701 3544 2769 carnis,

1953 2808 2113 2865 quam
2160 2809 2192 2849 a
2227 2792 2439 2850 diabolo
2484 2792 3090 2850 concionarisinfusam
3118 2794 3176 2862 ις
3204 2808 3429 2866 eamque
3466 2792 3547 2850 sic

1956 2885 2077 2940 mali
2103 2884 2278 2942 meriti
2303 2900 2423 2941 esse
2451 2884 2604 2953 dicis,
2629 2894 2685 2940 ut
2711 2885 2930 2942 mternis
2956 2900 3075 2942 eam
3110 2884 3366 2958 persistas
3390 2883 3555 2956 adju-

1955 2975 2137 3031 dieare
2176 2977 2457 3032 tormentis
2481 2993 2497 3031 :
2527 2991 2631 3032 non
2672 2976 2829 3033 aliter
2854 2977 2971 3033 sine
2996 2976 3160 3045 dubio
3178 2991 3337 3048 quam
3374 2976 3547 3033 Manio

1954 3066 2156 3134 citatus,
2185 3067 2469 3139 pessimam
2491 3066 2634 3123 illam
2661 3067 3074 3138 damnatamque
3100 3067 3435 3139 pronuntias.

2026 3158 2163 3216 Anc.
2220 3156 2339 3214 Jam
2382 3159 2660 3214 ernbesee.
2721 3156 3163 3229 Concupiscentia
3215 3158 3393 3215 carnis
3439 3174 3548 3213 non

1956 3261 2037 3306 est
2061 3266 2093 3306 a
2118 3250 2298 3317 Patre,
2328 3253 2422 3306 sed
2448 3251 2740 3307 exutundo
2770 3259 2885 3318 est;
2914 3251 2966 3307 id
2994 3260 3095 3316 est,
3125 3266 3193 3307 ex
3220 3250 3545 3315 hominibus,

1956 3356 2181 3411 quorum
2223 3341 2417 3398 fetibus
2460 3342 2713 3413 impletus
2758 3350 2841 3398 est
2882 3341 3321 3398 mundus:bane
3360 3350 3569 3397 autem~

1954 3432 2233 3489 Manichazi
2268 3433 2503 3488 tribuunt
2544 3433 2689 3505 genti
2745 3433 3123 3502 tenebrarum,
3173 3433 3548 3505 adjuvantibus

1957 3527 2141 3595 vobis,
2183 3527 2274 3598 qui
2324 3525 2425 3582 hoc
2470 3527 2669 3582 malum
2711 3526 2865 3582 nobis
2913 3542 3008 3597 per
3055 3527 3549 3598 praevaricationem

1959 3617 2114 3688 primi
2156 3616 2424 3685 hominis,
2456 3615 2750 3673 secundum
2792 3615 3199 3672 Ambrosianum
3239 3614 3377 3688 (Lib.
3424 3616 3458 3671 7
3494 3612 3569 3671 iu‘

1956 3708 2085 3765 Lac.
2115 3709 2234 3781 xu),
2263 3707 2365 3764 hoc
2393 3716 2496 3777 est,
2522 3708 2838 3765 catholicam
2867 3708 3047 3776 ﬁdem,
3081 3708 3135 3764 in
3162 3716 3404 3764 naturam
3427 3723 3559 3765 ver-

1961 3803 2086 3858 tisse
2113 3818 2220 3857 non
2249 3802 2433 3857 vultis.
2800 3818 2809 3822 ’

2028 3890 2204 3948 CCVI.
2253 3892 2371 3949 Jun.
2409 3891 2695 3949 Videamus
2733 3906 2862 3962 ergo
2906 3889 3176 3963 quomodo
3215 3889 3337 3947 huc-
3365 3889 3552 3947 redeat

1958 3984 2119 4039 etiam
2160 3998 2282 4056 pars
2330 3983 2562 4040 secunda
2618 3983 2897 4040 sententia:
2948 3993 3075 4039 tum.
3126 3983 3313 4040 Dixisti
3360 3984 3547 4043 enim:

1963 4074 2063 4143 Qui
2100 4074 2223 4129 dicit
2261 4085 2496 4129 naturam
2532 4074 2806 4129 humanam
2843 4074 3025 4130 bonum
3062 4091 3163 4130 non
3201 4091 3338 4143 esse,
3365 4075 3553 4130 bonum

1959 4176 2106 4239 negat
2130 4167 2347 4223 conditae
2390 4175 2667 4221 creatorem
2693 4183 2712 4221 :
2736 4167 2823 4239 qui
2847 4184 2965 4222 vero
2986 4176 3136 4239 negat
3164 4166 3211 4222 ei
3239 4167 3427 4222 malum
3472 4167 3553 4224 in-

1959 4277 2098 4330 esse,
2129 4260 2502 4315 misericordem
2540 4261 2728 4316 vitiatas
2749 4261 2932 4315 invidet
2967 4261 3267 4316 salvatorem
3297 4259 3398 4335 (De
3430 4259 3575 4315 Nu--

1961 4351 2078 4422 ptiis
2113 4360 2160 4406 et
2202 4350 2646 4419 Concupiscentia,
2672 4349 2759 4407 lib.
2786 4350 2823 4407 2
2845 4393 2860 4419 ,
2888 4369 2941 4407 n.
2970 4351 3083 4423 '56).
3127 4352 3182 4407 Si
3221 4367 3372 4423 ergo,
3404 4361 3462 4408 ut
3493 4362 3551 4409 tu

1962 4440 2198 4511 proﬁteri
2227 4450 2442 4495 coactus
2466 4455 2554 4505 es,
2580 4440 2670 4511 qui
2697 4450 2853 4513 negat
2884 4456 3001 4497 eam
3043 4442 3242 4496 bonum
3272 4456 3412 4506 esse,
3446 4442 3547 4497 bo-

1960 4549 2090 4589 num
2135 4534 2297 4590 etiam
2324 4532 2655 4589 conditorem
2697 4531 2848 4604 ejus,
2873 4531 2925 4588 id
2957 4533 3246 4601 est,Deum
3276 4541 3471 4604 negat;
3497 4544 3553 4590 et

1961 4626 2091 4682 nihil
2132 4626 2276 4681 aliud
2313 4635 2396 4682 est
2434 4626 2627 4681 malam
2669 4640 2788 4681 esse
2830 4634 3108 4689 naturam,
3149 4642 3306 4696 quam
3348 4627 3549 4683 malum

1961 4716 2210 4772 meritum
2251 4715 2447 4770 habere
2476 4715 3055 4778 naturaliter;veritati
3087 4726 3283 4771 rmstra:
3320 4717 3550 4773 admini-

1960 4807 2366 4865 culatur-etiam
2397 4815 2572 4861 vestra
2614 4803 2881 4861 confessio
2902 4848 2918 4873 ,
2949 4821 3146 4877 negare
3178 4823 3271 4861 vos
3304 4807 3555 4865 videlicet

1964 4900 2131 4956 Deum
2159 4899 2357 4955 bonum
2385 4900 2660 4955 hominum
2703 4901 3031 4956 conditorem
3053 4942 3070 4968 ,
3101 4916 3328 4973 quorum
3357 4904 3551 4957 malam

1961 5007 2081 5049 esse
2100 5001 2364 5059 naturam,
2396 5000 2452 5049 et
2474 4991 2614 5048 vitiis
2630 4991 2749 5063 ejus
2767 4992 2979 5062 juratis,
3008 5002 3061 5048 et
3092 4994 3285 5065 pinnis.

2035 5086 2169 5141 Aue.
2207 5083 2407 5139 Natura
2446 5083 2707 5151 lmmana,
2734 5084 2836 5140 etsi
2879 5084 3019 5140 mala
3063 5097 3176 5150 est,
3201 5086 3327 5157 quia
3374 5085 3552 5139 vitiata

1961 5183 2076 5243 est;
2108 5192 2213 5232 non
2233 5186 2407 5232 tamen
2426 5174 2624 5232 mlum
2638 5184 2740 5242 est,
2757 5175 2885 5247 quia
2904 5187 3090 5231 natura
3113 5187 3215 5233 est.
3236 5176 3387 5232 Nulla
3409 5160 3551 5231 enim

1962 5278 2171 5333 natura,
2200 5269 2251 5323 in
2274 5277 2524 5338 quantum
2553 5278 2738 5324 natura
2765 5279 2884 5336 est,
2912 5269 3109 5324 malum
3136 5279 3251 5333 est;
3280 5266 3372 5323 sed
3396 5282 3551 5338 ριόιι

1962 5377 2057 5419 sus
2078 5362 2303 5428 bonum,
2325 5362 2441 5419 sine
2466 5377 2572 5433 quo
2594 5361 2734 5418 bono
2762 5365 2923 5418 ullum
2951 5377 3071 5419 esse
3098 5377 3205 5417 non
3227 5368 3402 5431 potest
3434 5375 3545 5414 ma-

1964 5455 2072 5509 lum
2098 5470 2112 5507 :
2135 5453 2259 5524 quia
2289 5452 2392 5507 nisi
2416 5454 2473 5507 in
2498 5454 2670 5525 aliqua
2696 5464 2886 5509 natura
2909 5454 3071 5507 ullum
3101 5465 3348 5508 essenon
3377 5438 3555 5520 pateat

1963 5544 2183 5610 vitium;
2212 5544 2456 5614 quamvis
2484 5544 2600 5600 sine
2628 5547 2756 5599 vitio
2784 5545 2954 5615 possit
2977 5557 3094 5598 esse
3117 5584 3132 5609 ,
3167 5541 3251 5596 vel
3274 5557 3547 5611 nunquam

1965 5635 2167 5699 vitiata,
2199 5636 2283 5690 vel
2311 5644 2492 5690 sanata
2514 5644 2700 5690 natura
2726 5653 2739 5689 :
2762 5634 2900 5703 quod
2921 5632 3194 5688 Manichmi
3215 5632 3258 5687 si
3288 5632 3561 5705 intelliges

1965 5735 2105 5792 rent,
2132 5724 2403 5780 Manicluei
2444 5727 2663 5781 omnino
2700 5738 2807 5780 non
2831 5733 3043 5792 essent,
3075 5722 3207 5780 duas
3247 5738 3311 5779 ex
3336 5734 3551 5783 contra.

2035 5861 2057 5892 ι’
2085 5861 2156 5911 sic
2177 5867 2287 5912 Mss.
2311 5860 2426 5910 ΒιΙίιί
2453 5868 2630 5911 autem.
2666 5859 2887 5909 inustam.
