3996 6502
448 421 589 478 1555

446 532 543 587 riis
576 530 810 601 partibus
847 529 972 585 boui
1017 538 1074 583 ct
1107 529 1229 584 mali
1272 524 1653 582 introducendo
1691 532 1927 578 naturas.
1970 518 2029 574 Si

447 638 574 690 ergo
596 620 740 676 vides
763 619 892 689 quid
922 619 1060 674 inter
1080 633 1179 672 uos
1197 628 1251 672 ct
1275 614 1593 671 Manichaeos
1615 612 1840 680 intersit,
1872 619 1987 667 tace
2012 624 2026 662 :

446 711 490 766 si
520 724 626 764 non
659 709 828 774 vides,
858 717 996 764 tace.

516 797 715 853 CCVII.
763 796 882 854 ιω..
925 796 1042 852 Non
1080 811 1210 866 ergo
1239 794 1538 849 invidemus
1571 793 1888 848 salvatorem
1920 790 2029 856 illi,

446 904 607 958 quam
630 887 921 944 conditoris
942 888 1022 943 sui
1043 887 1300 957 dignitate
1320 884 1650 940 defendimus
1676 902 1690 937 ;
1721 882 1814 938 sed
1836 883 2030 937 malum

446 996 566 1039 eam
592 995 849 1051 negamus
889 994 1009 1041 esse
1029 1022 1044 1046 ,
1072 994 1140 1034 ne
1165 977 1464 1033 efﬁciamur
1489 976 1761 1033 Mauicluci
1787 993 1802 1042 ;
1833 962 2031 1031 malum

446 1073 499 1128 ei
527 1087 785 1143 negamus
801 1072 975 1129 inesse
997 1113 1016 1142 ,
1045 1086 1112 1127 ne
1133 1070 1350 1126 mutatis
1374 1069 1680 1127 nominibus
1716 1068 1883 1125 simus
1913 1068 2036 1125 toti-

449 1163 573 1218 dem
597 1161 892 1217 Manicltzci.

520 1256 657 1311 Auc.
698 1254 925 1310 Prorsus
952 1260 1139 1309 contra
1172 1250 1491 1308 Manicbtcos
1520 1251 1651 1307 estis
1674 1290 1691 1316 ,
1713 1265 1835 1305 cum
1859 1249 2035 1306 dicitis

450 1355 694 1401 naturam
739 1344 932 1399 malam
975 1358 1085 1399 nou
1107 1357 1264 1399 esse:
1293 1341 1387 1398 sed
1415 1340 1684 1411 Pelagiani
1717 1341 1880 1407 estis,
1911 1355 2033 1395 cum

450 1435 504 1491 ei
547 1434 744 1489 malum
790 1433 966 1489 dicitis
1003 1443 1109 1488 non
1149 1433 1344 1499 inesse,
1368 1440 1423 1488 et
1460 1431 1758 1486 nescientes
1776 1429 2033 1501 suifraga-

450 1526 581 1584 mini
603 1525 926 1591 Manichaeis,
945 1523 1171 1581 dicendo
1191 1524 1412 1590 malum,
1442 1522 1585 1594 quod
1611 1523 1662 1578 ei
1690 1522 2033 1578 manifestum

451 1631 537 1677 est
581 1621 802 1687 inesse,
841 1635 909 1675 es
962 1617 1121 1691 primi
1166 1616 1397 1672 hominis
1443 1614 1875 1687 pratvaricatione
1927 1628 2033 1669 non

449 1728 604 1779 esse;
629 1722 686 1766 ut
721 1710 1042 1768 concludant
1075 1708 1153 1765 illi
1170 1708 1331 1763 aliam
1362 1706 1714 1763 substantiam
1757 1712 2037 1761 naturam-

450 1819 555 1874 que
577 1802 701 1857 mali
730 1816 873 1857 esse.

519 1893 743 1951 CCVIII.
771 1892 892 1949 Jun.
922 1891 1112 1948 Vitiari
1143 1898 1325 1948 autem
1355 1889 1409 1945 in
1439 1902 1760 1962 unoquoque
1795 1887 1907 1959 jam
1935 1902 2034 1943 suo

447 1986 707 2042 arbitratu
740 1986 824 2042 vel
850 1985 1049 2042 bonum
1075 1991 1267 2056 agente
1288 1982 1373 2038 vel
1400 1982 1621 2048 malum,
1649 1995 1895 2052 persona:
1920 1996 2035 2035 mc-

447 2078 611 2134 ritum
641 2075 889 2140 dicimus,
912 2091 1018 2130 non
1040 2083 1260 2129 naturas.
1285 2072 1352 2129 Et
1378 2071 1499 2128 ideo
1523 2086 1617 2142 per
1635 2071 1859 2142 gratiam
1879 2069 2034 2125 Chri-

448 2167 517 2222 sti
542 2166 593 2222 id
619 2166 795 2222 sanari
823 2165 1142 2228 asserimus,
1166 2163 1307 2236 quod
1337 2163 1506 2218 vitiari
1535 2171 1707 2231 potest
1735 2179 1749 2215 :
1780 2161 2032 2232 quoniam

446 2273 550 2315 nec
566 2256 711 2314 aliud
749 2257 1041 2313 sauciatum
1076 2256 1405 2323 ostenditur,
1428 2268 1590 2326 quam
1618 2252 1761 2324 quod
1787 2259 2053 2307 sanatum.

444 2347 692 2404 docetur.

518 2441 653 2494 Auc.
683 2436 841 2493 Certe
869 2451 966 2492 vos
999 2434 1246 2491 invidetis
1273 2432 1504 2501 parvulis
1529 2430 1857 2487 Salvatorem
1891 2448 1904 2485 :
1934 2446 2031 2487 ex-

446 2528 694 2584 sulllaudi
720 2529 857 2583 sicut
885 2525 982 2595 ipsi
1008 2567 1024 2592 ,
1056 2525 1103 2580 si
1125 2525 1226 2579 hoc
1252 2523 1401 2578 vobis
1425 2523 1676 2593 prodesse
1698 2523 2028 2589 crederetur,

449 2628 506 2673 ut
530 2616 849 2672 cruercmini
877 2614 943 2670 de
972 2622 1233 2686 potestate
1256 2612 1613 2677 tenebrarum,
1644 2618 1699 2667 et
1723 2612 1779 2667 in
1807 2627 2029 2684 regnum

450 2708 645 2765 Christi
675 2705 1114 2762 transferremini.

514 2800 692 2858 CCIX.
722 2800 841 2857 Ius.
871 2797 929 2855 In
969 2797 1250 2869 baptizatis
1287 2805 1464 2852 autem
1495 2810 1601 2850 non
1642 2794 2028 2866 concupiscen-

447 2895 521 2949 tia
547 2895 563 2927 ί
594 2892 805 2957 carnis,
843 2906 963 2962 qua:
1005 2888 1260 2945 naturalis
1304 2895 1420 2954 est,
1448 2886 1545 2943 sed
1588 2886 2031 2957 concupiscentia:

448 2985 604 3040 mala:
623 2983 861 3038 aufertur
887 2990 1087 3038 reatus.

513 3076 652 3133 Auc.
695 3074 931 3131 Joannes
987 3071 1258 3143 apostolus
1315 3068 1800 3140 concupiscentiam
1853 3068 2030 3128 carnis

444 3168 582 3226 dixit
600 3183 632 3223 a
656 3168 817 3223 Patre
845 3182 953 3222 non
977 3180 1097 3221 esse
1116 3206 1132 3232 ,
1156 3162 1252 3219 sed
1275 3179 1341 3220 ex
1366 3162 1564 3218 mundo
1585 3162 1625 3234 (Ι
1651 3161 1807 3216 Joan.
1835 3178 1894 3229 ιι,
1917 3161 2027 3233 I6),

443 3263 548 3318 ltoc
567 3261 726 3318 modo
752 3274 871 3316 eam
897 3258 1091 3313 malam
1118 3256 1316 3311 faciens
1345 3254 1567 3323 intelligi
1602 3271 1616 3308 :
1648 3264 1702 3308 tu
1722 3261 1898 3309 autem
1924 3268 2028 3309 non

440 3353 924 3425 concupiscentiam
966 3350 1144 3406 carnis
1178 3364 1297 3419 qua:
1341 3347 1733 3425 naturalisest,
1765 3345 1863 3401 sed
1891 3361 2024 3401 con-

441 3422 822 3517 cupiscentiam
862 3442 1054 3497 malam
1087 3449 1293 3496 reatum
1340 3436 1541 3494 habere
1585 3422 1740 3493 dicis.
1781 3435 1934 3506 Apud
1979 3446 2030 3491 te

444 3537 645 3607 quippe.
679 3549 781 3590 nec
820 3530 1034 3603 quando
1078 3527 1474 3600 concupiscitur
1505 3528 1813 3595 Iornicatio,
1835 3541 2028 3581 concu-

441 3625 698 3698 piscentia
722 3623 899 3682 carnis
936 3621 1074 3677 mala
1114 3631 1230 3688 est;
1260 3620 1412 3691 quia,
1444 3629 1503 3675 ut
1529 3619 1689 3685 dicis,
1724 3620 1864 3674 bono
1890 3621 2029 3675 male

446 3720 628 3785 utitur,
654 3716 746 3788 qui
773 3713 852 3772 sic
878 3714 1056 3769 utitur.
1081 3712 1288 3767 Bonum
1313 3720 1395 3767 est
1421 3725 1550 3781 ergo
1577 3711 1688 3779 ipsa
1709 3724 1943 3779 semper,
1971 3718 2028 3763 ut

441 3812 523 3867 vis
545 3854 562 3880 ,
593 3811 707 3867 sive
731 3809 850 3880 quis
883 3824 945 3863 ea
974 3806 1300 3876 coniugium,
1329 3804 1442 3860 sive
1481 3803 1802 3858 adulterium
1823 3818 2025 3858 concu-

441 3906 612 3975 piscat
640 3920 652 3957 :
681 3901 930 3973 quoniam
979 3898 1022 3954 si
1051 3897 1356 3969 conjugium
1377 3939 1393 3964 ,
1423 3896 1565 3951 bono
1592 3895 1729 3952 bene
1755 3896 1951 3963 utitur;
1981 3896 2026 3951 si

441 3993 787 4059 adulterium,
816 3994 956 4048 bono
978 3990 1118 4045 male
1148 3989 1333 4044 utitur.
1365 3988 1543 4059 Pugna
1576 3988 1732 4059 igitur
1756 4004 1877 4044 emn
1904 4003 2028 4059 apo-

438 4086 582 4143 stolo
615 4084 857 4149 Joanne,
892 4097 999 4136 uon
1036 4096 1289 4137 mecum:
1327 4094 1432 4134 non
1480 4079 1622 4134 enim
1661 4081 1930 4136 consentis
1976 4082 2025 4134 ei

440 4177 639 4234 dicenti
682 4191 799 4231 eam
854 4174 1086 4238 malam,
1139 4186 1298 4243 quam
1356 4171 1485 4226 dicit
1535 4171 2025 4242 concupiscentiam

440 4268 616 4322 carnis
640 4281 670 4320 a
700 4264 856 4320 Patre
884 4278 989 4319 non
1016 4276 1137 4317 esse
1164 4304 1178 4326 .
1206 4260 1302 4317 sed
1333 4276 1399 4316 ex
1430 4260 1626 4315 mundo
1645 4303 1659 4326 ,
1690 4261 1943 4331 quamdiu
1970 4271 2025 4317 tu

439 4356 573 4414 dicis
600 4354 1082 4426 concupiscentiam
1107 4352 1307 4419 carnis,
1329 4353 1488 4408 etiam
1509 4351 1721 4423 quando
1742 4368 1804 4408 ea
1828 4354 2024 4409 malum

440 4449 851 4521 concupiscitur,
879 4461 999 4503 esse
1024 4446 1239 4513 bonam,
1270 4460 1333 4501 ac
1362 4459 1457 4515 per
1494 4445 1596 4499 hoc
1622 4461 1888 4516 nunquam
1911 4462 2023 4501 ma-

438 4544 567 4598 lam.
595 4541 702 4598 Sed
726 4582 742 4608 ,
764 4538 923 4597 crede
962 4538 1091 4595 mihi
1114 4580 1129 4606 ,
1162 4552 1321 4592 nemo
1351 4535 1668 4593 christianos
1693 4545 1779 4593 est
1801 4537 1891 4608 qui
1916 4554 2023 4594 non

439 4634 589 4689 malit
607 4631 851 4705 apostolo
878 4631 1068 4688 Joanui
1098 4630 1421 4696 consentire,
1450 4644 1607 4699 quam
1640 4628 1753 4684 tibi.

511 4722 667 4782 CCX.
693 4723 813 4779 Jun.
840 4723 919 4778 Ac
943 4737 1038 4794 per
1063 4721 1186 4786 hoc,
1215 4736 1316 4776 nec
1336 4718 1547 4792 aliquod
1578 4730 1853 4791 peccatum
1881 4737 2020 4791 esse,

440 4826 549 4870 tam
571 4814 874 4870 Conditoris
898 4813 1116 4869 humani
1143 4812 1375 4886 generis,
1402 4827 1560 4883 quam
1592 4812 1960 4885 Redemptoris
1976 4817 2019 4881 ²,

442 4905 749 4961 testimonio
778 4903 1174 4975 comprobatur.

516 4997 654 5052 Auc.
688 4994 827 5064 Quid
856 5003 937 5050 est
964 4992 1104 5064 quod
1126 4991 1261 5048 dicis
1288 4992 1447 5048 nimis
1480 4992 1901 5060 inconsiderate,
1934 5011 2024 5049 nec

437 5083 649 5155 aliquod
684 5093 941 5156 peccatum
967 5091 1160 5137 naturae
1198 5082 1390 5136 inesse?
1411 5082 1561 5152 quasi
1593 5091 1864 5151 peccatum
1899 5099 2024 5154 pos-

440 5180 512 5234 sit
533 5177 753 5234 omnino
778 5175 954 5231 inesse
977 5173 1079 5230 nisi
1109 5182 1330 5241 natura},
1357 5173 1565 5229 etiamsi
1595 5190 1701 5229 non
1729 5175 1799 5229 sit
1821 5175 2024 5245 origine

439 5265 871 5333 attraclum,sed
910 5265 1183 5321 voluntate
1230 5263 1593 5320 commissum.
1647 5263 1775 5320 Sive
1824 5267 2021 5336 quippe

401 5410 416 5423 .,
437 5360 631 5431 angeli,
654 5359 766 5414 sive
795 5355 1027 5413 hominis
1051 5363 1345 5426 peccatum,
1376 5354 1714 5410 manifestum
1739 5364 1822 5411 est
1849 5356 2023 5413 inesse

392 5436 519 5507 “vel
565 5452 754 5524 angelo
794 5451 880 5507 vel
918 5447 1120 5505 homini
1151 5465 1164 5501 :
1192 5446 1312 5518 quis
1354 5455 1534 5501 autem
1582 5447 1660 5503 sic
1702 5449 1966 5505 esorbitet
1990 5467 2021 5506 a

436 5558 616 5600 rerum
656 5549 876 5612 natura,
903 5549 962 5597 ut
1000 5537 1273 5596 hominem
1299 5536 1385 5594 vel
1427 5537 1675 5610 angelum
1721 5547 1877 5613 neget
1903 5556 2023 5600 esse

501 5719 521 5784 θ
554 5725 693 5784 νοτῑθ
708 5755 725 5780 ο

497 5781 522 5816 ¹
551 5783 625 5836 sic
645 5776 752 5834 Mss.
776 5776 1065 5847 Vignt'ertus,
1089 5776 1446 5845 redemtionis.

1131 414 1377 473 WERIS
1413 406 1817 469 IMPERFECTI
1856 404 2123 465 CONTRA
2166 402 2524 473 JUIJANUM,
2565 405 2621 462 S.
2666 404 3026 462 AIJGUJ'I‘INI

3566 394 3725 468 1336‘

2136 520 2415 573 naturam?
2437 518 2571 586 Quid
2601 529 2682 575 cst
2709 522 2834 578 item
2861 521 3001 592 quod
3025 521 3218 579 clausis
3240 523 3406 580 oeulis
3429 525 3670 597 loqueris
3689 510 3731 580 ξ

2133 609 2270 677 Quid
2296 620 2403 677 est,
2426 627 2574 683 rogo,
2604 612 2743 683 quod
2764 612 2912 679 dicis,
2943 631 3031 668 nec
3049 618 3501 687 concupiscentiam
3532 635 3719 688 pecca-

2135 710 2241 753 tum
2271 703 2412 755 esse?
2439 701 2583 757 Itane
2617 712 2800 758 contra
2839 704 3152 776 Apostolum
3199 716 3251 762 te
3289 705 3560 777 disputare
3599 708 3718 763 non

2136 793 2323 849 vides?
2346 796 2439 850 Ille
2478 811 2705 867 namque
2742 808 3016 867 peccatum
3042 813 3160 854 esse
3184 801 3669 871 concupiscentiam
3696 802 3721 867 ,'

2135 886 2264 940 Satis
2291 888 2507 941 omnino
2552 892 2898 958 monstravit,
2929 888 3014 945 ubi
3041 891 3145 957 ait,
3180 889 3448 963 Peccatum
3486 888 3591 947 non
3628 884 3729 947 cos-7

2135 976 2284 1046 gnavi
2307 977 2405 1032 nisi
2431 994 2519 1045 per
2534 979 2693 1049 legem
2718 994 2737 1033 :
2766 995 2882 1032 nam
2905 982 3357 1050 concupiscentiam
3388 984 3667 1039 nesciebam
3693 1026 3710 1047 ,

2136 1064 2240 1118 nisi
2262 1066 2347 1120 lea:
2386 1065 2590 1131 diceret,
2617 1065 2738 1121 Non
2763 1070 3083 1139 concupisces
3121 1070 3293 1140 (Item.
3322 1086 3392 1125 vn
3419 1113 3433 1137 ,
3460 1070 3541 1142 7).
3571 1072 3719 1143 Quid

2136 1152 2238 1209 hoc
2260 1155 2560 1212 testimonio
2579 1158 2795 1228 clarius,
2823 1158 2947 1231 quid
2976 1167 3062 1214 tua
3086 1160 3347 1216 sententia
3384 1162 3570 1218 vanius
3604 1146 3724 1218 dici

2137 1254 2313 1316 potest
2327 1246 2353 1298 ‘l

2206 1335 2383 1392 CCXI.
2410 1336 2529 1393 Jun.
2557 1337 2624 1394 Et
2658 1348 2714 1394 ut
2737 1355 2854 1411 quae
2878 1348 3001 1396 sunt
3028 1352 3142 1397 acta
3168 1332 3468 1413 repetamus
3492 1362 3504 1398 :
3533 1340 3722 1399 inimi-

2135 1443 2252 1484 cam
2279 1445 2401 1486 esse
2426 1429 2645 1501 justitize
2675 1431 2766 1488 Dei
2794 1434 3096 1504 opinionem
3143 1436 3404 1504 traducis,
3434 1445 3539 1491 tam
3572 1422 3721 1509 pne-

2136 1530 2409 1593 ceptorum
2461 1522 2591 1594 Dei,
2636 1541 2795 1599 quam
2841 1526 3161 1597 judiciorum
3216 1529 3333 1598 ejus
3372 1512 3727 1586 attestationc

2136 1616 2453 1672 monstravi.
3093 1614 3096 1619 α
3542 1616 3545 1619 ι
3676 1618 3679 1621 λ
3707 1611 3712 1615 .

2206 1705 2342 1761 Auc.
2374 1703 2620 1759 Inimicos
2648 1720 2743 1760 vos
2783 1707 2954 1777 potius
2994 1722 3114 1763 esse
3133 1706 3371 1787 justitize
3394 1694 3523 1775 Dei,
3549 1690 3725 1784 quem

2136 1791 2308 1850 facitis
2348 1810 2509 1865 super
2538 1795 2672 1850 lilios
2699 1796 2868 1851 Adam
2894 1812 2925 1851 a
2950 1796 3039 1853 die
3067 1798 3243 1854 exitus
3287 1798 3356 1855 de
3392 1809 3577 1855 ventre
3598 1788 3722 1854 ms;

2136 1889 2233 1944 tris
2256 1905 2439 1946 eorum
2463 1889 2653 1959 injuste
2671 1890 2910 1960 posuisse
2930 1906 3089 1963 grave
3103 1891 3288 1963 jugum
3308 1889 3494 1963 (Eccli.
3517 1908 3606 1957 xc,
3633 1892 3718 1962 l),

2135 1981 2260 2037 dum
2289 1983 2491 2053 negatis
2533 1982 2788 2052 originale
2829 1992 3100 2053 peccatum
3120 2026 3135 2049 ,
3159 1993 3213 2041 ct
3246 1985 3546 2041 testimonio
3568 1968 3719 2041 Scri-~

2137 2081 2407 2141 pturarum
2432 2114 2446 2135 ,
2472 2082 2524 2126 et
2547 2072 2674 2143 ipsis
2712 2070 3099 2130 calamitatibus
3128 2077 3489 2148 parvulorum,
3514 2093 3637 2147 qua:
3663 2077 3725 2134 in

2138 2162 2387 2233 paradiso
2426 2162 2526 2217 nisi
2565 2171 2741 2219 vestro
2778 2180 2884 2219 non
2922 2173 3140 2236 possent
3185 2182 3329 2236 esse,
3357 2177 3723 2226 monstratum

2136 2266 2219 2310 est
2244 2254 2342 2326 (a).

2206 2342 2351 2399 CCII.
2382 2341 2500 2403 JUL.
2550 2346 3045 2418 Concupisccntiam
3075 2356 3250 2403 autem
3281 2348 3456 2403 carnis
3480 2346 3553 2404 ad
3576 2342 3719 2404 con-

2135 2434 2419 2490 ciliandum
2446 2439 2660 2495 scxibus
2686 2439 3025 2495 fecunditatis
3053 2433 3346 2511 negotium,
3375 2457 3404 2495 a
3436 2441 3548 2497 Deo
3575 2441 3721 2496 indi-

2136 2535 2240 2582 tam
2266 2538 2505 2584 creatore
2541 2546 2821 2601 corporum
2847 2572 2861 2596 ,
2895 2545 2998 2586 non
3038 2531 3139 2586 nisi
3169 2546 3199 2584 a
3225 2514 3518 2587 Manicham
3547 2539 3717 2589 accu-

2133 2621 2262 2685 Sari,
2292 2622 2608 2692 scriptorum
2637 2623 2753 2692 ejus
2772 2623 3060 2687 insertione
3080 2623 3353 2693 pcrdocui.
3614 2609 3619 2612 ’
3676 2607 3685 2619 ’

2204 2713 2338 2769 Anc.
2385 2713 2878 2783 Concupisceutiam
2906 2708 3117 2780 carnis,
3144 2729 3303 2785 quam
3350 2704 3543 2770 malam
3589 2727 3723 2772 esse

2134 2801 2290 2857 docet
2313 2803 2583 2873 Scriptura
2610 2804 2784 2858 divina
2806 2846 2821 2871 ,
2854 2822 2948 2876 per
2972 2804 3114 2860 illam
3140 2804 3335 2876 quippe
3358 2821 3485 2861 caro
3509 2821 3719 2862 concu-

2136 2894 2288 2964 piscit
2323 2892 2576 2951 adversus
2599 2896 2865 2965 spiritum.
2894 2894 3088 2968 (Colat.
3117 2912 3171 2962 ν,
3205 2896 3314 2968 17),
3336 2911 3432 2951 vos
3459 2896 3723 2968 adjuvan-

2135 2992 2213 3039 tes
2234 2970 2571 3051 Manichazos,
2602 2986 2710 3040 Deo
2735 2995 3014 3041 coactorum
3034 2988 3176 3057 genti
3207 2970 3440 3042 tribuere
3466 2989 3724 3043 tenebra-

2133 3088 2270 3139 rum,
2328 3074 2455 3131 dum
2503 3091 2607 3131 non
2653 3076 2972 3131 vultis'cam
3024 3077 3287 3147 pertinere
3333 3077 3401 3132 ad
3453 3079 3721 3150 originale

2135 3175 2437 3237 peccatum,
2459 3176 2514 3222 et
2534 3169 2583 3221 in
2607 3167 2700 3221 Dei
2729 3166 2973 3236 paradiso
2992 3166 3195 3221 audetis
3210 3167 3424 3237 insuper
3441 3168 3721 3227 collocare

2132 3257 2543 3314 cvitlentissimis
2570 3257 2902 3312 documentis
2927 3299 2941 3322 ,
2970 3266 3026 3313 et
3066 3257 3257 3313 divina:
3302 3260 3629 3317 auctoritatis
3658 3270 3718 3317 et

2132 3349 2324 3403 sobrice
2354 3348 2571 3402 rationis
2595 3348 2943 3403 ostendimus.

2201 3439 2423 3495 CCXIII.
2466 3439 2583 3496 ιω..
2630 3440 2739 3495 Nec
2783 3440 2883 3494 alia
2910 3438 3051 3510 apud
3093 3454 3191 3495 vos
3241 3449 3548 3511 argumenta
3589 3455 3720 3499 esse

2132 3548 2230 3603 pro
2273 3531 2528 3600 traduce,
2557 3547 2715 3603 quam
2758 3546 2877 3603 qua:
2926 3530 3249 3587 Manichacus
3302 3530 3594 3602 tribuisset,
3621 3548 3721 3589 oss

2134 3624 2308 3688 tendi,

2202 3717 2339 3772 Auc.
2364 3716 2479 3770 Non
2522 3730 2640 3771 esse
2685 3715 3027 3773 Ambrosium
3054 3717 3401 3774 Manichmum
3426 3762 3441 3787 ,
3472 3720 3560 3791 qui
3588 3719 3723 3777 ﬁdei

2131 3806 2409 3862 catholicae
2452 3808 2867 3863 invictissimus‘
2896 3818 2949 3865 et
2973 3806 3295 3865 Manichaeos
3344 3811 3627 3882 prostravit
3655 3820 3720 3868 et

2131 3916 2244 3965 vos,
2274 3900 2361 3970 qui
2401 3899 2533 3954 dixit
2555 3900 2873 3955 discordiam
2900 3902 3077 3955 carnis
3117 3911 3170 3955 et
3214 3901 3464 3970 spiritus,
3492 3900 3579 3955 ubi
3610 3919 3719 3973 per

2130 4002 2274 4065 tuam
2299 4000 2598 4062 susceptam
2622 4006 2748 4048 caro
2783 3992 3110 4062 concupiscit
3137 3991 3395 4047 adversus
3420 3993 3667 4062 spiritum
3697 4037 3718 4062 ,

2132 4097 2226 4153 per
2264 4082 2419 4152 primi
2450 4082 2679 4137 hominis
2709 4081 3195 4153 prawaricationem
3240 4083 3294 4137 in
3322 4092 3559 4138 nostram
3590 4099 3724 4140 ver—-

2131 4175 2256 4229 tisse
2287 4183 2528 4228 naturam
2566 4173 2899 4244 (Ambrosius,
2930 4174 3017 4228 lib.
3049 4176 3082 4229 7
3112 4175 3165 4228 in
3204 4173 3330 4228 Luc.
3360 4174 3458 4244 xu)
3489 4216 3505 4239 ,
3544 4176 3722 4231 etiam

2132 4264 2433 4319 testimonio
2457 4264 2528 4318 tui
2553 4264 2804 4335 principis
2832 4262 2906 4337 (a)
2931 4263 3177 4320 eumdem
3206 4249 3467 4320 laudantis
3498 4266 3720 4335 episcae-

2130 4372 2273 4427 pum,
2303 4355 2574 4411 convictus
2600 4366 2759 4426 atque
2783 4366 3058 4411 contortus
3085 4355 3291 4426 cogeris
3316 4356 3581 4412 confiteri.

2156 4489 2160 4493 ‹
2197 4448 2418 4506 CCXIV.
2450 4449 2567 4505 Jun.
2595 4448 2670 4504 Te
2690 4457 2865 4503 autem
2896 4448 3047 4504 liberi
3072 4448 3277 4503 arbitrii
3306 4458 3633 4520 negatorem,
3654 4459 3720 4506 et

2130 4541 2221 4597 Dei
2251 4542 2580 4597 nascentium
2598 4539 2910 4608 conditoris,
2940 4542 3220 4595 sententia:
3249 4546 3352 4595 tum
3377 4539 3720 4598 discussione

2130 4634 2369 4705 patefeci.
2460 4688 2495 4715 ο

2196 4726 2330 4781 Anc.
2355 4724 2435 4779 Me
2464 4739 2568 4778 non
2597 4736 2715 4779 esse
2734 4718 2889 4778 liberi
2909 4714 3137 4787 arbitrii,
3156 4720 3297 4793 quod
3324 4732 3380 4776 tu
3404 4716 3720 4778 extollendo

2129 4816 2426 4887 prmcipitas
2449 4857 2464 4883 ,
2497 4823 2802 4887 negatorem
2826 4856 2841 4878 ,
2891 4813 2985 4869 s’ed
3031 4814 3205 4883 potius
3249 4812 3580 4869 defensorem
3618 4802 3719 4869 Dei

2125 4911 2345 4980 gratiam
2373 4905 2693 4973 confitendo,
2715 4905 2856 4976 quod
2879 4905 3153 4961 arbitrium
3183 4914 3237 4959 tu
3265 4890 3465 4975 decipis
3492 4905 3516 4937 '
3539 4904 3593 4958 in
3624 4914 3720 4961 tua

2127 5001 2318 5054 virtute
2345 4995 2590 5064 lidendo,
2622 4996 3022 5051 innumerabilia
3050 5009 3203 5051 sacra
3242 4994 3541 5073 testimonia
3587 5010 3719 5065 pro-

2127 5093 2356 5147 clamant
2386 5108 2400 5145 :
2430 5103 2634 5161 nosque
2665 5103 2770 5144 non
2810 5104 3004 5161 negare
3030 5090 3196 5144 Deum
3222 5088 3550 5144 nascentium
3580 5102 3717 5142 cou-

2126 5182 2371 5247 ditorem,
2390 5178 2485 5237 sed
2505 5195 2599 5236 vos
2620 5195 2813 5251 negare
2839 5180 3006 5236 Deum
3023 5178 3349 5235 nascentium
3369 5176 3717 5247 salvatorem,

2126 5288 2189 5330 ea
2217 5287 2336 5344 qutc
2364 5271 2573 5343 utrique
2590 5270 2839 5338 diximus,
2864 5270 3155 5341 legentibus
3175 5268 3502 5323 indicabunt.
3646 5344 3651 5349 Ἰ

2197 5364 2400 5421 CCXV.
2426 5364 2547 5422 IUL.
2576 5364 2765 5421 Malam
2793 5371 2968 5418 autem
3012 5377 3041 5416 ει
3072 5361 3220 5418 vobis
3248 5360 3573 5431 pronuntiari
3612 5375 3719 5414 na-

2131 5467 2300 5513 turam
2318 5497 2335 5525 ,
2377 5456 2493 5526 ejus
2517 5453 2791 5509 sententia:
2810 5492 2827 5519 ,
2857 5467 3015 5524 quam
3042 5462 3099 5509 tu
3123 5467 3228 5510 uno
3253 5451 3415 5510 verbo
3439 5451 3718 5508 conclusu-
3803 5478 3824 5490 ο

2192 5590 2209 5622 ι
2243 5593 2382 5636 Forte
2404 5584 2694 5646 addendum,
2712 5584 2906 5637 virtdex.

2194 5653 2218 5684 ³
2249 5655 2409 5707 Forte,
2436 5646 2625 5706 deficis.

2191 5713 2261 5775 (a)
2282 5709 2474 5774 Pelagii,
2491 5709 2574 5761 lib.
2598 5710 2631 5760 5
2650 5709 2714 5760 de
2732 5710 2900 5761 Libero
2914 5710 3115 5762 Arbitrio
3164 5778 3168 5782 _
