3996 6506
489 538 798 598 sumerent,
816 524 921 586 nisi
946 536 1003 586 et
1029 542 1125 584 vos
1149 542 1271 583 eum
1299 527 1377 582 eis
1405 524 1537 581 ﬁdes
1558 523 1817 580 catholica
1847 532 2070 589 supera-

489 634 574 683 ret
613 642 628 679 :
669 620 1097 695 quandoquidem
1144 618 1467 675 discordiam
1519 612 2067 683 cmicupisccntiarum

489 715 666 773 carnis
688 722 744 771 et
760 713 999 785 spiritus,
1023 721 1079 767 et
1105 709 1349 765 miserias
1374 708 1587 779 generis
1617 702 1854 768 humani,
1882 701 2072 771 quibus

492 807 650 877 plena
672 813 755 862 est
794 814 994 859 natura.
1008 802 1314 857 mortalium
1334 842 1350 867 ,
1384 798 1698 868 incipientes
1730 811 1760 849 a
1787 794 1998 849 ﬂetibus
2022 801 2077 845 et

490 895 881 952 calamitatibus
926 894 1301 966 parvulorum,
1348 900 1627 961 propterea
1675 902 1782 943 non
1830 886 2077 941 sinuntur

491 986 748 1053 duarum,
770 1000 903 1056 quas
932 983 1187 1039 inducunt
1207 1024 1223 1050 ,
1256 990 1564 1037 naturarum
1587 975 1954 1034 commixtioni
1982 975 2076 1030 tri.

493 1078 691 1143 buere;
721 1078 842 1148 quia
873 1076 989 1132 haec
1007 1075 1184 1131 omnia
1211 1086 1413 1129 natnrte
1441 1082 1661 1143 peccato
1680 1070 1890 1135 vitiatas,
1917 1084 2074 1139 quam

495 1171 639 1226 Deus
667 1170 863 1227 bonam
888 1169 1157 1234 condidit,
1192 1183 1294 1224 nec
1320 1166 1558 1222 vitiatam
1596 1164 1930 1222 fecunditatis
1956 1178 2076 1217 mu-

494 1277 628 1318 nere
651 1270 707 1317 et
734 1262 876 1317 bono
914 1261 1127 1332 opilicio
1153 1275 1251 1315 suo
1278 1259 1476 1315 deserit
1501 1299 1517 1325 ,
1558 1257 1870 1314 auctoritate
1897 1254 2075 1309 divina

493 1361 551 1407 et
577 1352 851 1408 verissima
894 1353 1100 1407 ratione
1129 1352 1448 1407 tribuuntur.
1472 1349 1623 1417 Quod
1652 1363 1749 1403 vos
1785 1356 2072 1417 negantes,

495 1458 647 1497 arma
671 1442 885 1513 quidem
913 1442 1108 1512 quibus
1135 1442 1416 1498 vincuntur
1434 1481 1449 1507 ,
1474 1439 1738 1494 conamini
1767 1437 2074 1507 infringere;

494 1531 592 1587 sed
623 1542 729 1587 tam
751 1541 878 1587 sunt
922 1531 1073 1586 ﬁrma
1103 1539 1159 1587 et
1201 1531 1394 1586 invicta
1417 1571 1434 1597 ,
1472 1539 1531 1585 ut
1559 1529 1669 1584 sive
1700 1529 1805 1583 illis
1845 1527 1911 1583 ad
1938 1541 2033 1581 vos
2057 1567 2073 1591 ,

492 1624 611 1680 sive
633 1624 782 1679 vobis
802 1623 868 1678 ad
899 1624 1018 1678 illos
1046 1623 1314 1678 transﬁxis
1341 1629 1397 1678 et
1415 1621 1702 1693 peremptis
1732 1618 2075 1690 perveniant,

495 1724 752 1785 utrosque
789 1722 1145 1785 prosternant.

566 1804 631 1860 ll.
651 1805 768 1861 Jun.
798 1805 1000 1875 Quibus
1025 1805 1230 1862 duobus
1258 1806 1304 1861 si
1332 1804 1611 1871 creditis’,
1639 1804 1691 1860 id
1721 1811 1823 1871 est,
1850 1801 1953 1858 Dei
1979 1815 2079 1857 nec

495 1911 660 1967 opera
686 1898 824 1953 mala
847 1913 987 1964 esse,
1029 1913 1129 1954 nec
1169 1899 1346 1970 iniqua
1384 1898 1612 1968 judicia;
1646 1905 1815 1952 totum
1844 1895 2078 1950 traducis

460 2050 467 2057 _
494 1989 687 2060 dogma
712 1991 1007 2047 conteritur
1039 2007 1054 2045 :
1076 1992 1213 2046 sicut
1236 2007 1269 2046 e
1292 1991 1529 2062 regione,
1557 1989 1789 2045 traducis
1808 1988 2079 2059 impietate

493 2091 763 2151 suscepta,
792 2081 908 2138 haec
935 2082 1075 2145 duo.
1109 2083 1345 2138 conditio
1375 2083 1479 2138 Del.
1499 2091 1657 2152 atque
1677 2080 1951 2152 iudicatio,
1982 2094 2081 2150 per

492 2188 614 2243 qua:
632 2174 804 2228 solum
835 2173 976 2229 Deus
998 2183 1172 2245 potest
1194 2174 1437 2244 intelligi,
1463 2173 1828 2229 destruuntur.

566 2264 704 2320 Anc.
739 2262 851 2320 Nec
868 2279 1033 2335 opera
1050 2264 1193 2319 mala
1215 2273 1341 2319 sunt
1369 2264 1485 2328 Dei,
1517 2262 1729 2333 quando
1754 2269 1807 2317 et
1833 2259 1901 2317 de
1924 2259 2081 2315 malis

494 2356 916 2428 quibuscumque
954 2357 1092 2413 bene
1128 2366 1398 2427 operatur,
1442 2365 1497 2411 et
1544 2354 1795 2425 parvulis,
1843 2368 1977 2426 quos
2014 2354 2081 2409 de

494 2454 670 2506 massa
715 2466 811 2520 per
851 2451 1007 2521 primi
1058 2450 1290 2506 hominis
1337 2450 1823 2520 prmvarieationem
1878 2447 2079 2519 perdita

493 2541 636 2597 bene
663 2550 914 2611 Operatus
933 2550 1033 2605 est,
1053 2543 1211 2596 etiam
1238 2540 1487 2597 sanandis
1513 2540 1742 2610 benigne
1767 2539 2075 2609 opitulatur;

494 2648 596 2688 nec
651 2633 830 2704 iniqua
867 2631 1088 2703 judicia,
1124 2633 1336 2703 quando
1381 2633 1531 2704 gravi
1576 2647 1704 2704 Jugo
1744 2647 1905 2703 super
1942 2632 2080 2687 lilios

494 2726 667 2781 Adam
694 2741 725 2781 a
752 2726 838 2782 die
859 2727 1038 2781 exitus
1055 2725 1123 2781 de
1144 2734 1330 2781 ventre
1356 2725 1539 2780 matris
1567 2740 1751 2780 eorum
1781 2724 1968 2796 (Eccli.
1988 2740 2077 2791 χι,

495 2815 586 2887 1),
616 2815 825 2872 nonnisi
854 2825 1189 2888 peccatorum
1230 2816 1417 2871 merita
1461 2815 1751 2871 ulciscitur.
1786 2815 1912 2870 llaac
1956 2830 2079 2869 cum

493 2907 786 2965 creduntur
837 2918 997 2979 atque
1048 2908 1433 2979 intelliguntur,
1477 2916 1530 2962 et
1576 2905 1986 2961 Manichaeorum
2029 2915 2082 2961 et

496 2997 902 3070 Pelagianorum
930 3013 1082 3055 error
1120 2998 1475 3069 exstinguitur
1504 3015 1516 3051 :
1541 2996 1952 3052 Manichaeorum
1979 2996 2084 3052 sci-

495 3091 643 3156 licet,
673 3091 797 3162 quia
824 3091 961 3147 mala
987 3090 1088 3146 ista
1126 3091 1339 3162 generis
1375 3089 1589 3143 httmani
1626 3090 1810 3143 volunt
1837 3087 2081 3159 deputari

496 3184 680 3240 nescio
716 3184 801 3239 cui
842 3184 964 3239 mali
1003 3183 1264 3255 principio
1302 3182 1584 3238 aeternitati
1623 3182 1723 3238 Dei
1775 3191 2076 3247 comternu;

499 3276 900 3348 Pelagianorum
939 3284 1138 3343 autem,
1169 3275 1291 3347 quia
1322 3275 1510 3329 nolunt
1536 3274 1797 3343 imputare
1840 3282 2076 3343 peccato.

569 3366 657 3423 ιιι.
688 3367 808 3424 Jun.
848 3367 966 3423 Jam
994 3382 1123 3438 ergo
1148 3382 1210 3422 ea
1237 3382 1356 3438 quae
1393 3364 1667 3421 contexuit
1690 3365 1949 3419 lacerator
1983 3378 2080 3417 na-

499 3457 769 3526 turalium,
814 3457 1170 3528 ponderemus
1199 3473 1214 3511 :
1239 3456 1333 3512 sed
1370 3464 1426 3511 ut
1472 3471 1687 3523 rerum,
1739 3472 1857 3526 qua:
1900 3463 2079 3510 mutua

500 3559 627 3605 sunt
654 3550 1000 3622 responsione
1026 3549 1312 3619 perplexae,
1342 3547 1527 3603 lectori
1549 3555 1732 3603 nostro
1754 3554 1859 3600 uim
1883 3546 2080 3601 intelli-

500 3644 678 3715 gentia
704 3658 864 3714 quam
893 3641 1145 3697 discretio
1172 3650 1516 3713 suggeratur,
1558 3655 1664 3710 quo
1700 3654 1897 3709 genere
1926 3640 2082 3694 oblu—

503 3743 699 3799 ctetur,
729 3732 1014 3789 admoneo.
1046 3732 1329 3788 Prolitetur
1367 3731 1580 3801 scriptis
1618 3730 1834 3786 obviare
1863 3731 2080 3795 nostris,

500 3842 621 3897 quae
650 3825 718 3895 ad
742 3841 801 3881 se
823 3827 897 3881 ait
921 3827 977 3881 in
1002 3826 1148 3882 brevi
1169 3824 1404 3880 chartula
1432 3822 1715 3887 destinata,
1740 3831 1794 3878 et
1820 3823 1965 3892 ponit
1988 3824 2085 3878 ali-

503 3932 638 3988 quas
658 3917 1042 3972 sententiarum
1056 3931 1295 3971 mearum
1314 3914 1600 3985 particulas
1622 3922 1783 3984 atque
1810 3914 2081 3985 suggillat,

502 4023 623 4079 qua:
649 4008 702 4061 in
723 4022 843 4062 meo
872 4023 1034 4077 opere
1060 4023 1164 4062 non
1193 4016 1465 4062 tenentur.

573 4103 710 4156 Ave.
752 4101 860 4155 Deo
887 4100 1087 4170 gratias
1106 4140 1120 4163 ,
1155 4100 1291 4169 quod
1323 4101 1451 4169 ipsis
1471 4103 1491 4133 ²
1519 4109 1748 4171 quatuor
1773 4101 1923 4156 libris
1948 4101 2080 4165 tuis,

504 4190 646 4245 unde
661 4190 748 4245 ille
773 4190 913 4259 quod
944 4190 1130 4256 voluit,
1156 4191 1293 4244 sicut
1318 4191 1506 4255 voluit,
1535 4192 1819 4262 excerpsit,
1847 4194 1998 4262 cujus
2017 4193 2081 4246 ad

504 4296 593 4335 me
615 4280 857 4335 chartula
887 4280 1047 4336 missa
1076 4280 1348 4350 pervenit,
1377 4296 1472 4337 sex
1502 4282 1651 4337 libris
1681 4283 1812 4337 meis
1842 4284 1909 4338 ad
1949 4299 2084 4338 cuu-

508 4381 592 4427 cta
623 4371 894 4442 reSpondi.
920 4372 1053 4428 Puto
1080 4371 1220 4442 quod
1264 4372 1333 4427 ibi
1372 4388 1481 4427 non
1518 4389 1577 4428 es
1616 4375 1875 4441 dicturus,
1906 4375 2083 4445 aliqua

506 4482 595 4523 me
621 4467 938 4539 redarguere
970 4466 1224 4533 voluisse,
1253 4483 1371 4538 qua:
1411 4468 1461 4521 in
1493 4476 1583 4522 tuo
1610 4468 1631 4499 ³
1660 4484 1825 4539 opere
1855 4486 1959 4525 non
2002 4480 2077 4523 tc-

506 4567 701 4615 ncntur
728 4577 743 4615 :
775 4559 915 4630 quod
942 4568 997 4615 et
1022 4560 1067 4614 si
1096 4558 1294 4615 dixeris
1315 4601 1329 4624 ,
1362 4559 1518 4630 idque
1558 4561 1891 4630 probaveris;
1923 4562 2082 4616 etiam

504 4652 758 4721 gratulari
784 4650 974 4719 debeo,
998 4667 1104 4706 non
1135 4664 1186 4707 te
1212 4651 1432 4719 dixisse,
1468 4668 1585 4723 qua:
1614 4653 1794 4709 dicere
1837 4668 1942 4707 non
1986 4653 2083 4708 de-

504 4743 663 4798 beres
692 4758 707 4795 :
739 4752 896 4812 atque
918 4743 1116 4798 utinam
1140 4760 1487 4815 quaecumque
1514 4744 1674 4799 verba
1693 4755 1777 4799 tua
1791 4747 2085 4801 rectissime

506 4835 985 4904 rcprehcnduntur,
1014 4836 1159 4889 nulla
1186 4836 1403 4892 omnino
1422 4835 1668 4892 dixisses.

577 4926 666 4981 lV.
693 4925 811 4982 Jun.
854 4926 1110 4996 Loquitur
1136 4942 1263 4997 ergo
1288 4927 1356 4982 ad
1394 4926 1660 4982 Valerium
1694 4944 1707 4980 :
1736 4927 1949 4982 Attende
1974 4929 2087 4998 qui-

505 5018 597 5073 bus
634 5034 687 5072 se
713 5018 963 5071 existimat
1009 5017 1273 5072 adversum
1321 5035 1413 5072 nos
1464 5018 1581 5071 huic
1629 5019 1888 5088 prtcmisso
1937 5019 2082 5072 titulo

506 5124 782 5163 consonare
810 5123 830 5162 :
859 5107 1014 5173 Deus,
1038 5109 1227 5183 inquit,
1267 5110 1352 5179 qui
1373 5110 1537 5163 Adam
1575 5126 1635 5164 ea:
1662 5108 1782 5163 limo
1810 5112 1974 5181 fuerat
2000 5111 2085 5179 fa-

506 5199 747 5275 bricatus,
771 5198 933 5255 Evam
957 5203 1233 5256 construxit
1269 5219 1296 5257 e
1326 5212 1483 5267 costa,
1534 5212 1579 5257 et
1618 5204 1768 5268 dixit,
1798 5222 1816 5255 ι
1850 5202 1973 5257 Hau:
1994 5219 2084 5257 vo-

505 5295 701 5349 cabitur
730 5294 864 5363 Vita,
895 5298 1133 5367 quoniam
1171 5307 1329 5352 mater
1368 5306 1440 5350 est
1484 5298 1705 5350 omnium
1739 5297 2026 5351 viventium.
2060 5316 2079 5348 ι

506 5384 629 5440 Νοη
652 5386 854 5455 quidem
896 5388 967 5441 ita
1011 5389 1255 5458 scriptum
1298 5396 1390 5454 est,
1419 5389 1507 5440 sed
1545 5388 1668 5458 quid
1711 5388 1779 5442 ad
1808 5387 2084 5442 nos?solet

506 5480 747 5534 memoria
768 5480 882 5551 falli
900 5482 952 5535 in
982 5482 1159 5548 verbis,
1189 5481 1311 5535 dum
1352 5490 1518 5535 tamen
1554 5483 1800 5535 sententia
1833 5491 2082 5537 teneatur.

567 5615 766 5699 ﬁgere!
781 5617 973 5699 ,__Elem.
991 5618 1125 5678 Crit.,
1147 5629 1197 5679 p.
1219 5616 1330 5679 m,
1353 5618 1575 5680 opinatur
1593 5617 1673 5668 hic
1694 5616 1956 5684 legendum
1976 5654 1993 5682 ,
2015 5619 2086 5672 sic

505 5680 923 5807 έῗάῖἱῗῖιὶθξὶἶιβ,
946 5740 1073 5806 quod
1110 5739 1170 5790 ab
1212 5740 1348 5804 ipsis.
1389 5743 1694 5806 Prtepositio,
1735 5742 1823 5807 ab,
1862 5759 1957 5795 non
2009 5750 2087 5796 est

504 5803 555 5856 iu
572 5803 928 5879 Maesta-ilius.

570 5866 592 5900 ⁸
625 5866 927 5931 viguicrius,
951 5878 1059 5917 uno.
1083 5872 1280 5929 .ttslss,
1298 5872 1393 5916 tio.

1161 411 1405 472 OPERIS
1441 404 1851 470 IMPERFECTI
1884 401 2156 462 CONTRA
2193 401 2553 473 JULIANUM,
2593 405 2650 462 S.
2680 405 3047 465 AUGUSTlNl

3624 413 3768 468 15ἰο

2188 513 2299 567 Nec
2326 514 2448 571 Eva:
2492 533 2669 571 nomen
2696 529 2751 571 ut
2780 521 3122 589 appellaretur
3153 519 3286 587 Vita,
3318 521 3453 577 Deus
3497 527 3769 593 imposuit,

2181 607 2270 660 sed
2285 609 2513 662 maritus.
2537 609 2625 663 Sic
2640 610 2769 663 enim
2786 611 3007 681 loquitur
3027 611 3139 685 (a):
3170 632 3187 665 t
3201 612 3266 667 Et
3278 616 3446 668 vocavi
3486 616 3653 668 Adam
3678 635 3775 667 nn-

2183 714 2295 752 men
2308 699 2479 753 uxoris
2503 715 2610 755 sua:
2642 699 2777 769 Vita,
2813 721 2832 755 ι
2862 704 3100 773 quoniam
3125 715 3283 757 mater
3309 715 3389 759 est
3415 708 3641 760 omnium
3686 711 3770 775 ri-

2182 791 2402 844 ventium
2441 790 2548 863 (De
2570 790 2780 864 Nuptiis
2806 803 2851 848 et
2871 794 3311 867 Cancupiscentia,
3341 798 3428 853 lib.
3454 799 3517 865 2,
3542 817 3595 853 n.
3624 800 3696 853 i2
3727 806 3775 869 ).

2182 881 2453 952 Stupenda
2483 882 2718 940 doctoris
2740 886 2999 954 eruditio,
3028 888 3116 958 qui
3149 906 3216 943 ne
3241 890 3509 958 paululum
3542 892 3773 961 quidem

2181 988 2211 1028 a
2242 974 2635 1045 Scripturarum
2665 977 2791 1032 sinit
2805 993 3053 1034 sermone
3071 977 3301 1035 deﬂecti.
3330 979 3779 1050 ltiiperitiamiio.

2181 1078 2346 1124 stram
2374 1072 2581 1141 arguit;
2608 1070 2703 1127 sed
2719 1072 2972 1128 oblivioni
2993 1074 3198 1129 veniam
3219 1075 3348 1130 dare
3367 1076 3635 1146 dignatur,
3661 1092 3778 1147 qua

2182 1159 2377 1215 factum
2402 1171 2517 1216 erat
2547 1170 2605 1217 ut
2640 1178 2741 1234 ego
2778 1164 3012 1219 dicerem
3038 1165 3255 1221 nomine
3285 1165 3415 1221 Vita:
3440 1184 3469 1221 a
3500 1166 3612 1223 Deo
3643 1184 3776 1221 mu-

2182 1249 2365 1305 lierem
2410 1260 2763 1324 nuncupatam
2792 1271 2805 1309 :
2834 1254 2904 1308 ita
2932 1269 3032 1325 per
3061 1257 3397 1311 occasionem
3444 1255 3685 1323 brevem,
3714 1265 3783 1312 et

2181 1342 2420 1399 eruditus
2443 1359 2700 1415 apparere
2728 1346 2951 1415 studuit,
2975 1356 3031 1403 et
3054 1348 3333 1419 benignus.
3357 1348 3461 1404 Sed
3481 1359 3538 1405 ut
3554 1365 3662 1404 non
3684 1359 3779 1404 est

2182 1434 2494 1490 admiranda
2548 1435 2859 1506 diligentia,
2914 1439 3301 1495 nominatorem
3350 1439 3562 1495 femina:
3614 1455 3781 1495 com-

2181 1525 2417 1594 perisse;
2458 1526 2531 1580 ita
2562 1527 2886 1597 impudentia
2930 1545 3036 1584 non
3066 1529 3282 1585 ferenda
3316 1538 3417 1595 est,
3448 1530 3586 1586 velle
3614 1532 3779 1601 igno-

2182 1632 2333 1673 scere
2357 1616 2498 1690 quod
2525 1620 2741 1690 culpare
2776 1637 2883 1676 non
2922 1622 3116 1691 possis.
3142 1622 3258 1678 Non
3298 1623 3440 1679 enim
3461 1624 3532 1679 ita
3563 1623 3619 1678 in
3645 1639 3780 1678 meo

2182 1724 2347 1779 opere
2372 1710 2582 1780 legitur,
2607 1711 2744 1767 sicut
2768 1711 2819 1766 in
2846 1714 3166 1769 commentis
3197 1713 3355 1784 hujus
3390 1722 3619 1769 tenetur.
3655 1715 3777 1784 Ego

2186 1802 2384 1872 quippe
2437 1806 2608 1873 posito
2652 1804 2783 1874 legis
2830 1805 3153 1871 testimonio,
3192 1821 3297 1876 quo
3339 1804 3538 1860 dixisse
3582 1817 3775 1859 rerum

2182 1892 2403 1950 Creator
2421 1895 2739 1962 ostenditur,
2772 1894 2894 1950 Non
2934 1906 3006 1951 est
3032 1896 3217 1951 bonum
3250 1898 3416 1951 solum
3452 1912 3561 1951 esse
3596 1897 3778 1951 Itami-

2182 2007 2331 2055 nem;
2362 1989 2608 2059 faciamus
2628 1990 2672 2043 ei
2700 1989 3015 2060 adjutorium
3053 1990 3217 2044 simile
3241 1992 3319 2045 sui
3341 1988 3495 2060 (Cen.
3528 2007 3588 2056 It,
3617 1989 3713 2061 18)
3751 2008 3771 2045 :

2186 2080 2321 2147 Quid
2346 2090 2417 2136 est
2454 2082 2569 2148 hoc,
2594 2082 2793 2153 inquio,
2826 2101 2845 2134 ε
2876 2081 2996 2137 Non
3025 2093 3096 2137 est
3118 2083 3301 2138 bonum
3339 2101 3443 2138 esse
3479 2085 3644 2137 solum
3673 2084 3777 2136 Ito-

2183 2171 2411 2225 minem?
2437 2190 2455 2223 ι
2491 2171 2763 2239 Numquid
2781 2172 2917 2227 Deus
2942 2174 3134 2243 aliguid
3158 2174 3363 2245 fecerat,
3386 2175 3521 2244 quod
3550 2191 3649 2227 non
3674 2174 3776 2226 bo-

2184 2282 2309 2319 num
2341 2266 2465 2337 jure
2494 2266 2510 2297 ⁸
2538 2266 2641 2319 dici
2670 2276 2833 2337 posset
2846 2284 2876 2333 ,'.
2892 2268 3109 2321 maxime
3131 2268 3215 2337 qui
3243 2269 3412 2321 omnia
3439 2283 3537 2321 non
3563 2268 3733 2321 solum
3753 2270 3778 2298 ²

2183 2356 2314 2411 bona
2346 2399 2361 2425 ,
2389 2359 2478 2411 sed
2511 2360 2660 2412 etiam
2706 2358 2836 2413 bona
2878 2360 3025 2413 valde
3064 2360 3290 2430 fecerat?
3340 2341 3603 2427 Quomodo
3650 2376 3783 2429 ergo

2182 2450 2275 2515 ait,
2305 2467 2324 2501 ι
2361 2448 2481 2503 Non
2507 2459 2582 2505 est
2608 2450 2792 2505 bonum
2821 2452 2988 2505 solum
3014 2468 3120 2506 esse
3152 2452 3403 2506 hominem
3424 2454 3451 2507 7
3485 2472 3503 2505 ι
3537 2469 3636 2522 quo
3665 2470 3778 2505 ser-

2185 2556 2331 2595 mone
2358 2557 2456 2595 non
2477 2543 2863 2613 reprelienditur
2886 2554 3128 2598 creatura:
3155 2554 3336 2609 status,
3368 2545 3456 2600 sed
3484 2546 3780 2599 ostenditur

2185 2631 2410 2686 humano
2436 2634 2605 2704 generi
2631 2635 2966 2703 perniciosam
2991 2637 3224 2689 unionem
3251 2653 3357 2690 esse
3398 2638 3641 2707 patuisse,
3672 2638 3781 2690 nisi

2184 2723 2459 2778 ministerio
2506 2724 2692 2779 diversi
2727 2741 2877 2780 sexus
2911 2728 3158 2780 successio
3184 2729 3529 2798 gerininasset.
3564 2728 3707 2781 Nam
3730 2731 3778 2782 si

2185 2812 2338 2865 etiam
2358 2812 2523 2867 Adam
2553 2824 2784 2885 speretur
2807 2817 3029 2884 potuisse
3054 2818 3356 2872 immortalis
3380 2820 3511 2887 ﬁeri,
3540 2820 3640 2873 nisi
3683 2820 3789 2895 (ch

2186 2902 2410 2973 liquisset
2436 2920 2455 2959 :
2480 2914 2649 2959 tamen
2680 2908 2999 2979 manifestum
3023 2918 3113 2975 est,
3144 2920 3339 2979 patrem
3366 2928 3477 2964 eum
3507 2929 3776 2981 nunquam

2185 2994 2298 3062 fieri
2342 2994 2593 3063 potuisse,
2626 2998 2722 3051 nisi
2767 3000 3029 3068 reperisset
3061 3017 3295 3067 uxorem,
3342 3019 3455 3074 qua:
3478 3003 3542 3057 de
3561 3003 3721 3057 latere
3750 3004 3776 3036 ⁸

2184 3083 2476 3139 dormientis
2503 3098 2783 3156 assumpta,
2814 3090 2977 3158 prima
3002 3092 3385 3160 compellatione
3400 3094 3481 3146 cui
3506 3097 3649 3163 operi
3674 3113 3776 3164 pa-

2183 3184 2297 3228 rata
2310 3186 2436 3230 esset
2459 3178 2689 3233 audivit:
2719 3198 2739 3231 ι
2770 3178 2892 3233 Haec
2908 3180 3163 3234 vocabitur
3188 3181 3320 3247 Vita,
3341 3184 3580 3254 quoniam
3606 3196 3781 3239 mater

2184 3278 2258 3322 est
2280 3270 2507 3323 omnium
2527 3272 2814 3326 viventium.
2852 3292 2871 3325 ι
2910 3272 3020 3339 Quo
3058 3264 3287 3329 sermone
3314 3287 3643 3332 monstratum
3670 3288 3777 3344 est,

2185 3361 2433 3414 neminem
2467 3362 2701 3433 deinceps
2746 3364 3007 3418 hominum
3046 3366 3123 3420 vel
3150 3382 3255 3421 esse
3280 3385 3453 3438 posse,
3481 3370 3556 3422 vel
3585 3371 3773 3434 vivere,

2184 3452 2269 3519 qui
2307 3469 2406 3506 non
2433 3463 2704 3523 conceptus
2736 3456 2975 3525 beneﬁcio
3000 3457 3316 3514 substitisset.
3348 3459 3479 3514 Cum
3507 3476 3634 3531 ergo
3656 3462 3774 3516 cla-

2185 3552 2321 3608 reat,
2350 3543 2403 3599 in
2440 3561 2499 3599 re
2523 3546 2738 3615 quidem
2766 3562 2871 3601 non
2903 3550 3076 3619 magni
3108 3551 3394 3620 ponderis,
3429 3563 3604 3607 tamen
3632 3554 3773 3609 nihil

2184 3649 2214 3687 a
2246 3651 2331 3690 me
2353 3636 2425 3690 ita
2455 3636 2617 3692 fuisse
2647 3640 2931 3708 prolatum,
2956 3641 3149 3696 utillud
3172 3652 3366 3713 printer
3387 3644 3775 3714 impudentiam

2186 3727 2509 3796 singularem
2540 3730 2815 3799 quisquam
2848 3733 3015 3800 possit
3046 3748 3306 3803 arguere;
3336 3734 3507 3790 inusta
3538 3745 3621 3791 est
3642 3750 3773 3792 no:a

2187 3820 2411 3888 publicae
2451 3821 2696 3876 falsitatis
2722 3825 3071 3893 egentissimo
3092 3826 3351 3892 omnium,
3384 3827 3472 3897 qui
3502 3843 3621 3882 cum
3654 3831 3775 3884 vult

2186 3909 2385 3966 donare
2423 3912 2561 3981 quod
2608 3928 2713 3967 non
2745 3922 2906 3979 tenet,
2938 3930 3044 3969 uno
3092 3925 3332 3987 tempore
3373 3919 3566 3987 pariter
3591 3919 3775 3975 deliu-

2185 4002 2317 4071 quit,
2341 4011 2395 4056 et
2424 4003 2641 4071 penuria
2656 4004 2811 4073 juris,
2833 4014 2889 4060 et
2911 4006 3112 4061 ambitu
3136 4007 3409 4078 largitatis.

2259 4096 2393 4150 Ave.
2433 4096 2487 4150 Si
2515 4112 2619 4150 non
2651 4105 2705 4151 tu
2737 4098 2805 4151 ita
2828 4099 3049 4167 posuisti
3077 4100 3218 4155 Libri
3244 4101 3400 4155 verba
3422 4101 3607 4166 divini,
3630 4102 3775 4158 sicut

2187 4203 2287 4257 ego
2329 4190 2381 4241 in
2413 4189 2497 4241 illa
2545 4188 2786 4244 chartula
2818 4190 3023 4257 inveni;
3056 4208 3161 4246 non
3191 4193 3303 4259 tibi,
3349 4194 3441 4248 sed
3470 4194 3519 4249 ei
3556 4194 3645 4265 qui
3692 4196 3781 4250 sic

2187 4280 2434 4349 scripsit,
2482 4281 2656 4351 ignovi
2691 4300 2704 4335 :
2737 4283 2823 4337 cui
2869 4284 3029 4339 ambo
3062 4284 3319 4339 debemus
3372 4286 3668 4356 ignoscere.
3714 4288 3772 4343 Si

2187 4380 2363 4425 autem
2394 4386 2479 4425 me
2521 4380 2673 4440 putas
2703 4388 2807 4427 non
2846 4373 2947 4429 huc
2998 4376 3263 4431 invenisse
3290 4377 3340 4430 in
3379 4378 3638 4443 chartula,
3674 4379 3773 4432 sed

2190 4472 2435 4533 tanquam
2484 4464 2583 4518 hoc
2613 4464 2931 4533 invenerim,
2977 4467 3096 4522 ideo
3136 4469 3465 4524 mendaciter
3496 4471 3579 4523 illa
3608 4473 3773 4526 verba

2190 4555 2450 4624 posuisse,
2484 4564 2542 4609 ut
2565 4568 2707 4611 esset
2750 4558 2891 4627 quod
2938 4558 3227 4615 tribuerem
3267 4562 3415 4631 quasi
3447 4564 3614 4616 errori
3648 4573 3774 4632 tuo;

2189 4661 2328 4700 nunc
2359 4646 2449 4700 tibi
2475 4656 2639 4713 certe,
2681 4649 2820 4717 quod
2855 4658 2959 4702 tam
2990 4650 3128 4705 male
3151 4666 3215 4706 ae
3244 4651 3377 4707 falso
3402 4654 3468 4708 de
3492 4667 3577 4709 me
3607 4654 3776 4711 lucris

2189 4740 2454 4808 opinatus,
2488 4740 2725 4809 ignosco.

2262 4831 2324 4885 V.
2351 4831 2468 4887 JUL.
2494 4832 2775 4902 Postquam
2798 4848 2926 4902 ergo
2954 4833 3053 4889 hoc
3080 4834 3167 4888 tali
3184 4835 3441 4903 gravitate
3469 4838 3774 4905 reprehen-

2188 4924 2287 4991 dit,
2315 4926 2485 4995 pergit
2507 4925 2572 4978 ad
2602 4924 2821 4995 reliqua,
2855 4941 2918 4980 ac
2946 4936 3227 4996 patronum
3255 4943 3406 4981 suum
3437 4943 3772 4997 commouet,

2190 5026 2247 5072 ut
2272 5018 2355 5073 his
2380 5033 2499 5088 qua:
2535 5028 2831 5088 sequuntur
2868 5019 3124 5073 attendat.
3175 5020 3312 5074 Dens
3358 5022 3530 5092 igitur,
3577 5022 3773 5092 inquit,

2189 5109 2344 5192 maris
2384 5118 2583 5162 creator
2628 5118 2675 5163 et
2719 5112 2936 5179 femintc,
2983 5113 3326 5165 convenientia
3365 5114 3777 5182 generationibus

2190 5201 2411 5253 membra
2436 5200 2689 5269 formavit.
2724 5200 2829 5255 Sed
2861 5202 2961 5255 hoc
2984 5211 3184 5255 tantum
3207 5202 3273 5256 de
3302 5205 3473 5273 capite
3505 5203 3773 5258 dicturum

2191 5306 2434 5345 meorum
2457 5291 2717 5355 inserens,
2747 5293 3116 5360 prmtermissis
3139 5294 3382 5361 plurimis
3408 5296 3624 5347 (ιπηιιίηο
3653 5311 3779 5349 vero

2190 5384 2358 5449 sibus,
2380 5383 2571 5452 quibus
2616 5384 2824 5439 novitas
2863 5384 3191 5453 potissimum
3244 5385 3539 5440 inculcamr
3565 5387 3778 5440 anima-

2192 5490 2309 5529 rum
2353 5473 2483 5528 nihil
2512 5482 2604 5528 aut
2650 5475 2797 5529 carni
2843 5483 2930 5529 aut
2979 5475 3168 5529 semini
3213 5475 3777 5541 delmn:imn,.snbdit

2191 5565 2320 5621 illud
2347 5580 2523 5621 meum
2555 5580 2570 5619 :
2602 5564 2685 5620 Ita
2725 5568 2863 5637 gigni
2904 5582 3117 5636 corpora
3150 5568 3214 5621 de
3240 5568 3533 5639 corporibus
3559 5570 3779 5622 ordina-

2255 5679 2272 5741 ξ
2307 5678 2610 5741 vignierius,
2634 5691 2758 5728 vere.
2804 5685 2932 5739 Mss,
2946 5678 3082 5741 jure.

2252 5740 2274 5804 ξ
2306 5739 2394 5804 Sic
2417 5748 2518 5789 Mss.
2546 5741 2834 5804 \‘igttiei'ius,
2857 5739 3066 5799 maaiinie
3085 5739 3306 5804 quoniam
3327 5755 3418 5793 non
3442 5740 3611 5792 solum.

2255 5802 2276 5871 ξ
2306 5801 2465 5871 codex
2510 5801 2665 5871 l‘ort._,
2709 5802 2805 5854 nisi
2838 5801 3242 5868 pcpcz‘isst't'uxor
3264 5804 3334 5865 ei,
3380 5817 3488 5871 qua:
3510 5805 3572 5856 de
3595 5805 3774 5859 latere.

2256 5863 2328 5927 (ιι)
2362 5871 2521 5925 Forte,
2547 5863 2735 5930 legitur.
