3950 6470
148 409 272 469 13η

144 528 204 579 cit
227 541 255 580 :
276 541 491 595 quorum
522 533 686 578 tamen
716 520 987 593 eﬂicieutite
1025 519 1246 591 potentia
1285 521 1593 588 operationis
1633 522 1719 574 in-

146 616 369 683 tervenit,
391 631 538 669 omne
572 614 709 686 quod
752 622 843 679 est,
886 628 946 667 ea
984 611 1345 665 administrans
1380 611 1577 675 virtute,
1620 626 1721 679 qua

145 706 389 761 condidit.
422 704 483 760 Si
512 704 667 775 igitur
691 720 791 758 non
821 704 917 757 nisi
957 718 1044 771 per
1072 718 1246 756 sexum
1286 704 1437 771 fetus,
1479 717 1578 754 non
1622 700 1720 754 nisi

145 813 225 869 per
255 813 441 864 corpus
470 811 639 861 sexus,
667 812 767 848 non
788 795 885 847 nisi
919 810 1007 864 per
1028 791 1192 846 Deum
1223 808 1439 861 corpus;
1469 794 1581 860 quis
1609 807 1721 843 ant-

145 890 273 959 bigat
310 887 665 957 fecunditatem
711 884 817 938 Deo
848 886 966 955 jure
1004 884 1264 954 reputari?
1291 884 1577 953 Postquam
1606 882 1721 937 ιιωο

146 984 318 1051 itaque
346 980 415 1034 de
458 994 576 1033 meo
606 977 813 1048 posuit,
839 975 1180 1032 commendat
1214 974 1464 1045 quoniam
1496 975 1512 1006 ¹
1539 972 1723 1028 catho-

147 1072 238 1125 lice
260 1085 323 1125 ea
349 1070 493 1124 dicta
522 1069 681 1125 etiam
710 1069 823 1138 ipse
850 1067 1095 1122 fateatur.
1123 1066 1256 1134 Quis
1272 1080 1376 1119 non
1407 1079 1537 1135 ergo
1563 1074 1719 1135 puta-

146 1170 218 1218 ret
262 1162 536 1218 hominem
567 1162 731 1217 fuisse
760 1162 1059 1216 mutatum?
1096 1161 1289 1215 Verum
1314 1175 1419 1214 non
1447 1159 1506 1213 lit
1530 1159 1723 1213 imme-

145 1268 260 1309 mor
297 1254 426 1319 sui;
456 1253 551 1307 sed
586 1253 814 1308 similem
857 1252 1215 1307 conditionem
1244 1250 1536 1305 arbitratur
1573 1248 1721 1319 pravi

145 1346 404 1415 dogmatis
434 1354 489 1400 et
510 1344 746 1415 pudoris,
781 1352 831 1397 ut
863 1343 1023 1398 etiam
1047 1341 1173 1396 illud
1201 1341 1480 1411 perspicuo
1505 1354 1722 1410 reparc-

146 1447 222 1491 tur
249 1437 440 1500 exitio,
486 1436 624 1491 sicut
662 1434 749 1490 hic
776 1432 993 1489 assiduo
1021 1432 1255 1487 durescit
1284 1431 1486 1486 attritu.
1532 1429 1729 1485 Probat

145 1544 263 1597 ergo
293 1530 620 1583 sententiam
646 1542 843 1593 meam,
871 1536 923 1581 et
942 1526 1141 1581 ferrum
1172 1522 1465 1595 prmjudicii
1488 1523 1543 1577 in
1565 1521 1723 1576 ﬁdem

144 1634 286 1674 suam
317 1626 617 1688 Spoutaneo
645 1616 828 1687 deﬁgit
853 1616 1101 1686 amplexu
1125 1633 1139 1669 :
1168 1614 1263 1669 sed
1290 1623 1410 1684 post
1435 1611 1550 1667 hinc
1575 1610 1727 1682 quasi

146 1713 347 1781 integer
376 1711 592 1773 virium,
617 1716 861 1763 autumat
903 1721 1188 1776 superesse
1226 1720 1334 1776 quo
1364 1704 1602 1759 dimicet.
1636 1702 1726 1757 Sic

144 1804 281 1860 enim
309 1803 556 1870 sequitur
586 1819 599 1854 :
632 1799 760 1854 Post
789 1800 895 1853 haec
915 1815 1028 1870 quia
1053 1799 1294 1853 ueraciter
1320 1807 1367 1851 et
1392 1796 1638 1851 catholice
1656 1795 1729 1848 dio

146 1904 216 1947 ctu
239 1904 386 1955 sunt.
416 1895 517 1949 imo
540 1897 591 1950 in
623 1893 806 1947 divinis
831 1891 995 1946 Libris
1020 1891 1261 1945 veraciter
1285 1890 1496 1959 scripta,
1522 1905 1621 1944 non
1641 1904 1731 1941 au.

146 1997 235 2039 tem
256 1987 323 2039 ab
352 1987 454 2040 iste
468 1986 710 2039 catltolice
742 1985 877 2038 dictu
905 1993 1043 2051 sunt,
1081 1983 1200 2053 quia
1226 1998 1326 2037 non
1352 1981 1622 2036 intentione
1639 1996 1727 2033 cae

146 2079 310 2132 tholici
342 2079 565 2148 pectoris
586 2078 720 2131 dicta
745 2087 899 2142 sunt;
930 2078 1043 2146 jam
1073 2084 1280 2147 propter
1312 2073 1447 2144 quod
1484 2089 1543 2127 ea
1577 2072 1727 2140 dixit,

147 2169 427 2240 Pelagiana
454 2180 499 2223 et
527 2168 827 2223 lecstiana
854 2168 1058 2222 haeresis
1084 2167 1260 2236 incipit
1276 2164 1547 2219 introduci.
1564 2162 1731 2216 Nam-

145 2277 230 2330 que
261 2260 470 2315 attende
510 2261 633 2330 quid
674 2261 917 2332 sequitur.
977 2259 1071 2314 llic
1133 2258 1309 2313 denuo
1356 2267 1539 2311 nostra
1588 2254 1729 2309 dicta

146 2353 415 2423 subjungit
471 2370 485 2406 :
538 2353 675 2419 Quid
728 2368 847 2424 ergo
891 2369 1041 2406 suum
1084 2352 1316 2406 diabolus
1377 2349 1627 2421 cognoscit
1675 2349 1728 2403 in

143 2445 358 2511 scribus,
387 2460 480 2513 per
513 2444 650 2513 quod
674 2447 895 2515 fructum
937 2460 1110 2498 eorum
1141 2445 1262 2514 jure
1304 2442 1600 2512 possideat?
1628 2440 1727 2494 Di-

143 2536 417 2589 seruitutem
439 2536 465 2589 2
490 2535 597 2591 Sed
636 2536 743 2589 lucc
776 2536 829 2589 in
856 2536 1147 2606 corporibus
1170 2545 1262 2599 est,
1290 2551 1403 2604 qua:
1429 2532 1565 2587 Deus
1590 2534 1727 2603 fecit.

144 2626 593 2682 Commixtionem?
619 2626 723 2681 Sed
764 2642 865 2680 non
894 2627 1057 2679 minus
1092 2625 1443 2679 benedictionis
1468 2640 1619 2693 quam
1645 2624 1729 2676 in-

140 2719 414 2773 stitutionis
441 2718 702 2789 priuilegio
726 2718 1027 2771 vindicatur.
1057 2715 1166 2771 Vox
1188 2718 1322 2770 enim
1346 2715 1439 2768 Dei
1467 2724 1559 2780 est,
1586 2733 1603 2766 ι
1634 2714 1730 2769 Re-

145 2810 326 2880 linquat
356 2809 513 2863 homo
534 2820 726 2880 patrem
750 2818 795 2862 et
822 2818 1055 2876 matrem,
1080 2816 1126 2861 et
1154 2808 1431 2861 adluerebit
1466 2807 1611 2860 uxori
1628 2847 1643 2872 ,
1680 2815 1727 2860 et

145 2911 282 2955 erunt
299 2902 403 2954 duo
423 2902 654 2955 iri-carne
678 2917 779 2954 una
803 2916 821 2954 :
845 2915 973 2955 «eoa:
997 2898 1092 2953 Dei
1113 2910 1202 2965 est,
1233 2918 1251 2951 ι
1285 2898 1519 2964 Crescite,
1539 2906 1585 2952 et
1607 2897 1729 2952 mul-

144 2992 459 3060 tiplicamini,
478 3002 527 3046 et
544 2992 729 3060 replete
754 3001 960 3045 terram.
974 3010 994 3043 ι
1015 2990 1091 3044 An
1110 2994 1240 3061 forte
1258 2991 1422 3060 ipsam
1447 2987 1730 3061 fecundita-

146 3086 277 3140 tem?
304 3086 414 3141 Sed
436 3087 552 3157 ipsa
575 3095 649 3141 est
676 3086 891 3140 instituti
909 3101 1065 3140 causa
1089 3085 1332 3156 conjugii.
1366 3083 1447 3139 Ad
1472 3083 1613 3154 quod
1644 3098 1728 3138 re-

143 3179 370 3247 spondit,
398 3179 525 3250 quia
555 3193 656 3234 nec
677 3178 1042 3234 diversitatem
1068 3191 1313 3241 sexuum,
1339 3190 1439 3230 nec
1472 3175 1732 3229 commix-

144 3271 359 3336 tionem,
401 3284 504 3324 nec
537 3268 915 3325 fecunditatem
936 3267 1181 3323 diabolus
1208 3275 1495 3338 cognoscat
1518 3267 1568 3320 in
1590 3265 1731 3320 sexi-

143 3361 255 3427 bus,
284 3376 376 3432 per
401 3361 548 3431 quod
575 3360 804 3416 fructum
830 3375 1017 3416 eorum
1043 3359 1164 3430 jure
1187 3360 1456 3429 possideat
1483 3375 1497 3413 :
1526 3360 1620 3415 sed
1646 3359 1730 3415 his

144 3454 383 3508 omnibus
398 3453 659 3509 absolutis
688 3453 892 3509 invenit
914 3452 1057 3524 quod
1080 3452 1297 3507 diabolo
1316 3452 1612 3521 deputaret,
1630 3468 1729 3507 no-

145 3555 414 3616 stramque
446 3543 780 3602 honestatem
808 3549 1022 3602 nomine
1045 3546 1249 3601 timoris
1270 3546 1510 3612 incessit,
1534 3546 1623 3616 qui
1652 3546 1731 3600 in-

147 3648 325 3694 tertot
361 3654 655 3710 corporum
703 3655 1036 3710 sexuumque
1088 3654 1331 3701 munera,
1378 3639 1535 3693 veriti
1564 3638 1730 3693 simus

145 3731 311 3785 carnis
336 3731 827 3801 concupiscentiam
861 3731 1153 3785 nominare.
1186 3731 1274 3785 Sic
1294 3745 1421 3801 ergo
1442 3729 1727 3784 adversum

146 3836 227 3875 me
252 3831 479 3890 patrono
507 3836 606 3877 suo
639 3821 873 3892 loquitur
901 3838 915 3873 :
945 3822 1051 3876 Sed
1078 3822 1171 3875 iste
1199 3822 1250 3874 in
1276 3821 1355 3874 his
1383 3820 1609 3874 erunibus
1635 3835 1729 3872 no-

147 3913 236 3965 luit
281 3914 545 3967 nominare
592 3914 1047 3983 concupiscentiam
1091 3914 1278 3974 carnis,
1320 3927 1433 3981 qua:
1470 3929 1569 3965 non
1600 3920 1670 3965 est
1699 3927 1731 3963 a

147 4001 316 4069 Patre,
345 4004 438 4057 sed
466 4020 530 4057 ea:
565 4005 752 4057 mundo
775 4014 845 4058 est
874 4003 913 4076 (I
939 4002 1096 4056 Joan.
1121 4019 1175 4065 ll,
1203 4004 1267 4057 l6
1288 4001 1342 4074 );
1372 4003 1517 4072 cujus
1557 4002 1732 4055 mundi

147 4098 372 4165 princeps
406 4096 571 4149 dictus
616 4106 686 4149 est
718 4096 1095 4165 diabolus:qui
1139 4111 1248 4148 eam
1290 4095 1342 4147 in
1383 4094 1602 4147 Domino
1631 4110 1731 4146 non

146 4188 344 4252 invenit,
374 4189 494 4258 quia
525 4186 770 4240 Dontinns
797 4188 946 4240 homo
986 4202 1087 4240 non
1117 4202 1205 4256 per
1228 4186 1391 4256 ipsum
1420 4184 1487 4237 ad
1507 4185 1732 4237 homines

148 4279 291 4332 venit.
348 4277 496 4332 Unde
554 4278 676 4331 dicit
715 4279 866 4331 etiam
913 4278 1040 4349 ipse,
1096 4295 1113 4327 ς
1143 4275 1277 4329 Ecce
1326 4276 1454 4329 venit
1501 4275 1734 4345 princeps

147 4370 316 4422 mundi
330 4370 505 4439 hujus,
531 4379 576 4424 et
598 4369 651 4423 in
672 4386 750 4423 me
778 4369 905 4423 nihil
929 4369 1140 4422 inveniet
1169 4387 1188 4419 ι
1211 4369 1228 4435 (
1258 4365 1415 4421 Joan.
1440 4381 1551 4431 xw,
1582 4366 1689 4436 50)
1716 4383 1731 4421 :

149 4463 271 4515 nihil
306 4465 478 4531 utique
503 4464 715 4533 peccati,
746 4479 836 4516 nec
861 4462 997 4531 quod
1024 4478 1054 4514 a
1085 4471 1319 4514 nascente
1365 4460 1602 4524 trahitur,
1640 4476 1731 4513 nec

148 4554 279 4617 quod
296 4572 326 4606 a
342 4555 530 4607 vivente
555 4555 779 4633 additur;
818 4552 964 4606 lianc
987 4554 1078 4606 iste
1103 4552 1261 4606 noluit
1291 4552 1552 4605 nontinnre
1575 4551 1627 4604 in
1656 4551 1735 4604 his

132 4645 393 4709 .oumibus,
420 4661 534 4715 qua:
553 4622 974 4708 corrtnt‘einoravit,
1007 4643 1324 4697 naturalibus
1354 4643 1516 4707 bonis,
1547 4642 1611 4696 de
1633 4658 1733 4712 qua

148 4738 293 4790 etiam
309 4741 497 4808 nuptiae
515 4736 914 4808 confunduntur,
943 4751 1055 4806 qua:
1074 4737 1135 4788 de
1152 4736 1231 4788 his
1251 4734 1480 4788 omnibus
1504 4734 1733 4804 glorian-

152 4842 256 4884 tur.
284 4829 421 4884 Nam
449 4846 605 4899 quare
633 4830 761 4883 illud
787 4846 913 4899 opus
937 4830 1322 4899 conjugatorunt
1348 4827 1662 4881 subtrahitur
1689 4835 1734 4880 et

150 4924 472 4977 absconditur
493 4925 648 4977 etiam
677 4924 835 4976 oculis
864 4922 1103 4991 ﬁliorum,
1129 4922 1226 4974 nisi
1250 4920 1367 4989 quia
1397 4936 1496 4973 non
1528 4927 1735 4989 possunt

149 5032 256 5069 esse
274 5016 324 5068 in
354 5016 612 5068 laudanda
642 5015 991 5067 commixtione
1010 5014 1118 5066 sine
1132 5012 1365 5081 pudenda
1383 5011 1629 5064 libidine?
1659 5009 1738 5064 De

150 5110 250 5160 hac
268 5108 567 5161 erubuerunt
587 5107 735 5161 etiam
766 5107 851 5173 qui
882 5106 1030 5176 primi
1059 5105 1294 5176 pudenda
1321 5113 1548 5158 texerunt
1580 5102 1730 5174 (Gen.

151 5218 231 5266 ιιι,
264 5200 317 5271 7)
347 5217 360 5252 :
387 5217 500 5269 qua:
528 5201 671 5270 prius
698 5199 936 5266 pudenda
965 5215 1065 5252 non
1106 5199 1329 5269 fuerunt,
1370 5198 1459 5251 sed
1497 5206 1737 5267 tanquam

152 5292 251 5346 Dei
272 5310 418 5364 opera
456 5293 784 5364 praedicanda
814 5300 963 5362 atque
989 5289 1258 5361 glorianda
1295 5288 1313 5363 (
1346 5289 1421 5342 De
1452 5287 1660 5359 Nuptiis
1690 5296 1737 5342 et

153 5385 589 5453 Concupiscentia,
642 5384 730 5437 lib.
779 5383 836 5450 2,
876 5401 928 5436 η.
978 5382 1194 5453 12-”).
1224 5380 1318 5451 Egi
1347 5380 1581 5450 quidem,
1608 5380 1735 5433 bea-

154 5479 356 5533 tissime
386 5488 537 5549 pater
568 5477 745 5543 Flore,
791 5477 843 5531 in
885 5476 1041 5545 primi
1086 5474 1263 5544 operis
1288 5483 1517 5545 quatuor
1546 5472 1737 5528 libellis

153 5585 364 5625 causam
413 5570 742 5641 nuptiarum,
793 5584 1006 5623 causam
1058 5565 1475 5629 commixtionis,
1521 5580 1735 5620 causam

152 5678 458 5733 corporum,
492 5679 705 5719 causam
725 5677 969 5726 sexuum,
1000 5674 1216 5716 causam
1247 5658 1428 5729 operis
1460 5657 1575 5724 Dei,
1604 5671 1737 5713 cau-

153 5771 275 5811 sam
316 5767 585 5828 postremo
622 5754 989 5810 a‘stimationis
1017 5753 1130 5821 Dei,
1163 5766 1282 5825 qum
1323 5748 1648 5819 necessario,
1682 5756 1741 5805 υι

222 5869 248 5903 ⁸
279 5871 345 5921 Sic
365 5878 469 5921 Mss.
516 5868 805 5934 \‘ignicrius,
828 5880 989 5933 quam.

1485 405 1677 461 LIBER
1718 405 2063 474 QUARTUS.

3264 410 3421 472 13-12

1831 536 2051 588 ops-rum
2080 537 2293 575 suorum
2342 521 2600 591 probitate
2648 524 2913 593 laniatur,
2959 528 3030 583 ita
3060 545 3246 585 eorum
3285 546 3411 585 sau-

1826 615 1996 667 ciatur
2025 612 2271 678 infamia;
2303 630 2364 668 ac
2414 630 2509 683 per
2543 625 2711 671 totout
2743 618 3062 689 scriptorum
3112 638 3267 693 opus,
3309 637 3411 678 nec

1827 705 2129 760 formationi
2158 708 2404 775 corporis
2429 707 2629 778 aliquid
2676 708 2946 765 diabolum
2996 711 3267 767 addidisse
3314 728 3415 771 nec

1828 798 2029 863 sensui,
2077 798 2513 854 inobumbrabilis
2551 801 2771 855 omnino
2812 804 3010 857 veritas
3050 806 3410 875 approbavit:

1827 898 1883 943 et
1908 887 2029 942 ideo
2052 888 2355 957 opinionem
2387 889 2618 949 traducis
2641 891 2710 947 de
2735 892 3010 948 Manichzei
3040 895 3151 949 luto
3166 894 3410 951 haustam

1829 992 1969 1044 esse,
2001 978 2312 1048 perdoctam
2334 990 2438 1034 est.

1900 1068 2033 1124 Anc.
2075 1069 2351 1136 Quomodo
2378 1071 2549 1141 egeris
2576 1071 2627 1125 in
2660 1071 2764 1126 illis
2788 1081 3015 1142 quatuor
3030 1073 3181 1129 libris
3202 1074 3328 1141 tuis,
3357 1084 3412 1130 et

1830 1158 2098 1228 quomodo
2128 1168 2309 1214 nostra
2351 1162 2698 1230 responsione
2726 1161 2893 1216 fueris
2917 1162 3244 1229 confutatus,
3278 1173 3335 1218 ut
3366 1173 3418 1220 te

1831 1247 1963 1302 nihil
1990 1248 2161 1319 egisse
2184 1250 2430 1316 clareret,
2458 1252 2548 1321 qui
2577 1261 2630 1307 et
2669 1267 2820 1307 meos
2844 1261 2899 1308 et
2928 1261 3047 1309 tuos
3076 1254 3280 1325 legunt,
3309 1270 3418 1309 non

1830 1339 2117 1396 difficulter
2144 1342 2459 1412 intelligunt.
2488 1344 2802 1413 Quanquam
2830 1353 2885 1400 et
2918 1360 3040 1400 cum
3084 1347 3158 1400 tui
3189 1362 3293 1401 non
3336 1347 3419 1401 leo
3504 1332 3507 1335 γ

1831 1442 2044 1500 guntur,
2072 1432 2166 1486 scd
2189 1433 2556 1488 tantummodo
2584 1438 2707 1501 mei,
2747 1445 2970 1505 apparet
2996 1438 3047 1490 in
3072 1437 3153 1491 eis
3178 1446 3414 1491 vestrum

1833 1524 2140 1581 hmrcticum
2187 1526 2377 1596 dogma
2420 1527 2770 1583 destructum.
2823 1527 2928 1584 Sed
2972 1544 3091 1583 eum
3133 1544 3255 1584 meo
3303 1529 3417 1592 nni,

1830 1627 2059 1687 quatuor
2080 1618 2181 1672 illis
2208 1618 2313 1672 tuis
2350 1618 2427 1673 sic
2448 1619 2787 1687 responderis
2805 1621 2850 1687 ¹,
2876 1629 2935 1675 ut
2957 1620 3073 1690 ejus
3099 1622 3185 1675 vix
3207 1628 3415 1692 partem

1831 1710 2121 1779 attingeres
2165 1710 2403 1775 tertiam,
2432 1710 2738 1780 nullamque
2780 1709 3087 1777 refelleres;
3118 1720 3324 1766 tantum
3349 1710 3421 1766 de

1833 1800 1935 1855 illis
1956 1800 2362 1872 pmsumpsisti,
2396 1808 2451 1855 ut
2476 1808 2660 1855 contra
2688 1816 2855 1855 unum
2886 1801 3119 1857 alterum
3156 1816 3334 1858 meum
3364 1802 3422 1856 in

1831 1890 2018 1945 eadem
2047 1906 2229 1957 causa,
2275 1892 2405 1945 istos
2432 1900 2552 1945 tuos
2575 1900 2698 1947 octo
2724 1894 3131 1963 conscripseris,
3154 1893 3303 1964 quasi
3331 1908 3425 1948 me

1833 1997 1938 2037 non
1971 1982 2290 2037 vincendum
2324 1982 2660 2037 ﬁrmamento
2704 1981 3147 2052 disputationum,
3179 1982 3274 2037 sed
3319 1998 3421 2039 nu-

1833 2088 1983 2128 mero
2008 2073 2333 2128 voluminum
2361 2074 2630 2143 putaveris
2655 2088 2777 2129 esse
2807 2072 3116 2128 terrendum
3149 2074 3174 2105 ³
3207 2090 3220 2128 :
3251 2087 3422 2144 usque

1833 2164 1968 2219 adeo
1988 2164 2188 2233 quippe
2224 2163 2518 2234 quadrupla
2548 2164 2633 2219 illa
2660 2165 3016 2235 responsione
3051 2164 3181 2219 nihil
3212 2172 3265 2220 te
3294 2180 3422 2234 pro-

1836 2255 2025 2311 fecisse
2052 2256 2287 2322 sensisti,
2312 2265 2371 2309 ut
2394 2256 2510 2311 lucc
2551 2256 2645 2312 tibi
2675 2256 2891 2326 octupla
2920 2256 3221 2312 necessaria
3260 2255 3417 2311 vide-

1834 2356 1999 2402 retur.
2027 2347 2084 2402 Si
2114 2362 2242 2417 ergo
2264 2347 2456 2401 talibus
2481 2348 2826 2403 incrementis
2857 2348 3150 2417 loquacitas
3175 2356 3267 2402 tua
3294 2361 3421 2417 pro-

1834 2448 2112 2504 movetur;
2142 2454 2301 2508 quem
2348 2454 2455 2493 non
2483 2446 2702 2503 terreat,
2734 2454 2840 2493 non
2868 2440 3086 2506 veritas,
3117 2440 3215 2493 sed
3233 2454 3423 2494 numer-

1833 2528 2027 2583 rositas
2052 2528 2307 2583 librorum
2340 2535 2571 2593 tuorum,
2605 2543 2764 2598 quam
2792 2538 3104 2599 computare
3136 2542 3221 2583 me
3237 2529 3421 2599 piget?

1834 2621 2005 2676 llomo
2049 2622 2191 2676 enim
2235 2620 2494 2691 stupenda
2526 2620 2769 2675 ubertate
2818 2620 3096 2685 facundus,
3137 2619 3228 2690 qui
3273 2620 3421 2689 prius

1834 2712 1924 2767 uni
1953 2727 2074 2766 meo
2102 2722 2221 2767 tuos
2241 2722 2489 2782 quatuor,
2521 2720 2576 2766 et
2598 2712 2754 2767 alteri
2786 2727 2907 2767 meo
2935 2720 3056 2766 tuos
3079 2721 3203 2767 octo
3223 2711 3421 2781 putasti

1833 2819 1953 2860 esse
1982 2804 2317 2871 reddendos;
2344 2804 2467 2874 quis
2495 2820 2602 2859 non
2649 2804 2829 2860 timeat
2856 2820 2927 2860 ne
2966 2803 3104 2863 forte
3131 2820 3222 2859 sex
3270 2804 3423 2859 libris

1834 2896 1969 2951 meis
1994 2896 2223 2966 amplius
2251 2911 2408 2966 quam
2439 2896 2587 2951 mille
2618 2904 2739 2951 tuos
2778 2895 3006 2952 reddere
3048 2896 3339 2961 mediteris,
3376 2896 3420 2950 si

1782 2996 1799 3013 '
1834 2990 1923 3043 uni
1944 3004 2129 3044 eorum
2157 2990 2244 3060 qui
2272 2990 2417 3059 prior
2444 2998 2546 3055 est,
2572 2989 2681 3059 jam
2708 2989 2985 3044 sexdecim
3024 2989 3233 3055 reddas,
3264 2998 3423 3059 atque

1834 3080 1904 3133 ita
1933 3080 2169 3150 singulos
2182 3095 2421 3150 quosque
2446 3081 2784 3150 sequentium
2802 3080 3072 3150 duplicato
3088 3080 3423 3150 praecedente

1834 3186 2061 3226 numero
2102 3171 2471 3241 persequaris,
2500 3171 2793 3226 ostendens
2828 3170 2984 3228 nobis
3008 3185 3165 3240 quam
3192 3171 3420 3225 multum

1833 3263 2071 3333 loquaris
2100 3278 2205 3316 non
2240 3262 2584 3332 intelligendo
2605 3278 2725 3332 qua:
2762 3261 3035 3332 loqueris?

1903 3373 1992 3427 Vl.
2031 3373 2147 3428 Jun.
2189 3374 2387 3427 Tamen
2435 3389 2555 3427 cum
2588 3373 2691 3427 hoc
2734 3372 2803 3427 ibi
2844 3370 3183 3427 satiatissime
3213 3379 3424 3427 constet

1832 3464 2098 3529 effectum,
2126 3465 2362 3519 breviter
2392 3464 2551 3531 licet,
2581 3464 2632 3518 in
2664 3465 2911 3535 prmsenti
2943 3478 3154 3533 quoque
3181 3462 3423 3533 disputa-

1835 3559 1977 3612 tione
2006 3567 2292 3627 rcpctetur.
2327 3556 2716 3612 Converlamnr
2747 3572 2876 3626 ergo
2919 3556 2984 3609 ad
3034 3556 3205 3624 ipsum
3226 3596 3242 3621 ,
3273 3555 3426 3624 cujus

1833 3666 1953 3707 cum
1990 3651 2286 3705 eruditione
2328 3648 2687 3704 dcccrtamus.
2720 3649 2925 3703 Annnis
2956 3664 3148 3717 nempe
3168 3689 3182 3711 ,
3211 3663 3238 3700 a
3271 3647 3425 3701 nobis

1835 3754 1979 3797 recte
2023 3742 2181 3795 fuisse
2226 3741 2540 3807 collectum,
2581 3740 2703 3810 quia
2746 3740 2789 3794 si
2839 3738 2976 3794 fetus
3024 3755 3128 3792 non
3178 3738 3278 3792 nisi
3328 3753 3426 3807 per

1833 3848 2018 3888 sexum
2040 3874 2054 3899 ,
2085 3834 2128 3887 si
2160 3848 2321 3886 sexus
2350 3848 2454 3885 non
2487 3831 2586 3885 nisi
2631 3847 2725 3901 per
2753 3844 2947 3900 corpus
2970 3870 2984 3896 ,
3014 3829 3056 3883 si
3098 3843 3290 3897 corpus
3317 3844 3423 3881 non

1834 3925 1935 3977 nisi
1968 3940 2063 3993 per
2090 3925 2252 3977 Deum
2281 3923 2588 3983 exstitisset,
2617 3922 2809 3991 ambigi
2843 3938 2945 3973 non
2978 3929 3159 3990 posset
3188 3912 3429 3973 fecundi;

1837 4024 1997 4069 tatem
2027 4015 2091 4067 ad
2125 4014 2219 4068 Dei
2249 4028 2409 4083 opera
2440 4013 2726 4081 pertinere,
2758 4012 2990 4081 nihilque
3020 4026 3172 4065 suum
3203 4010 3255 4064 in
3285 4010 3427 4065 sexi-

1837 4107 1935 4161 bus
1962 4121 2254 4176 agnoscere
2286 4105 2576 4175 principem
2629 4103 3001 4167 tenebrarum,
3033 4109 3250 4172 propter
3285 4100 3431 4171 quod

1836 4198 2041 4253 fructus
2086 4214 2270 4252 eorum
2317 4197 2451 4267 juris
2500 4196 2579 4250 sui
2625 4197 2918 4251 assertione
2963 4195 3252 4259 retineret;
3303 4195 3430 4264 quia

1836 4300 1890 4347 et
1927 4291 2210 4346 diversitas
2252 4289 2549 4360 pertinebat
2584 4288 2649 4343 ad
2680 4303 2871 4343 sexum
2895 4327 2910 4353 ,
2941 4296 2994 4342 et
3027 4287 3334 4341 commixtio
3362 4287 3434 4341 ad

1837 4383 2196 4438 membrorum
2226 4380 2591 4436 diversitatem
2613 4422 2626 4443 ,
2659 4388 2713 4434 et
2754 4378 2955 4433 fructus
2999 4377 3334 4432 fecunditatis
3362 4375 3430 4431 ad

1838 4475 2026 4541 Deum,
2059 4474 2149 4545 qui
2179 4473 2337 4528 etiam
2374 4473 2741 4543 generantinm
2773 4471 2944 4526 fuerat
2972 4471 2992 4502 ³
3024 4470 3293 4525 instilutor
3322 4487 3335 4522 :
3367 4484 3432 4523 ac

1837 4580 1935 4636 per
1964 4567 2064 4621 hoc
2099 4564 2229 4620 nihil
2260 4572 2591 4620 remanserat
2632 4570 2846 4631 propter
2872 4559 3015 4631 quod
3043 4559 3257 4615 diabolo
3283 4568 3427 4615 esset

1837 4657 2235 4712 commixtionis
2277 4654 2623 4723 adjudicanda
2667 4653 2928 4705 fertilitas.
2979 4651 3131 4719 Quod
3160 4666 3287 4722 ergo
3338 4650 3431 4705 tibi

1838 4760 1994 4821 putas
2040 4750 2123 4804 vel
2170 4748 2413 4803 solatium
2455 4746 2537 4800 vel
2588 4746 2892 4815 praesidium
2940 4759 2967 4796 a
3014 4744 3278 4799 sermonis
3326 4743 3429 4798 mei

1839 4841 2120 4896 honestate
2145 4837 2394 4902 conferri,
2424 4837 2543 4906 quia
2576 4836 2715 4889 nolui
2746 4837 2797 4888 in
2826 4836 2929 4888 hoc
2956 4835 3073 4889 loco
3101 4835 3275 4888 carnis
3302 4850 3433 4888 con~

1839 4930 2217 5001 cupiscentiam
2264 4926 2584 4983 nominare?
2631 4926 2773 4996 quod
2820 4926 2919 4981 etsi
2975 4927 3025 4979 in
3075 4926 3221 4979 omni
3270 4941 3433 4995 opere

1839 5022 2053 5077 silentio
2097 5020 2448 5091 praeterissem
2475 5060 2489 5085 ,
2524 5018 2653 5072 nihil
2694 5026 2869 5071 tamen
2902 5017 3304 5086 vituperationis
3341 5025 3433 5070 aut

1841 5119 2049 5189 injuria:
2079 5132 2163 5171 res
2192 5115 2276 5170 illa
2308 5114 2623 5183 susciperet,
2653 5128 2771 5183 qua:
2796 5111 3192 5166 honestiorihns
3225 5112 3430 5179 signata

1842 5211 2146 5267 nominibus
2192 5207 2213 5240 ⁸
2244 5207 2647 5273 vindicabatur,
2700 5215 2755 5260 et
2798 5205 3108 5260 clarissimis
3152 5204 3173 5235 ⁸
3217 5202 3431 5273 quidem

1842 5302 2202 5373 intelligentia:
2222 5300 2461 5354 vocibus.
2489 5299 2592 5353 [“ac
2620 5298 2778 5369 igitur
2804 5312 2889 5353 me
2920 5296 3248 5366 prudentius,
3271 5310 3431 5363 quam

1841 5394 2073 5463 suscepti
2104 5392 2295 5463 negotii
2328 5392 2463 5445 ratio
2495 5392 2728 5461 petebat,
2756 5398 2935 5460 tegere
2959 5387 3193 5443 voluisse
3218 5386 3434 5440 silentio

1907 5530 1924 5561 ί
1960 5529 2034 5578 sic
2062 5534 2169 5576 Mss.
2194 5525 2316 5575 Editi
2338 5532 2530 5586 autem,
2553 5522 2639 5575 sed
2673 5521 2725 5573 in
2746 5534 2802 5573 ea
2823 5535 2952 5582 uno,
2987 5514 3191 5584 quatuor
3218 5515 3318 5569 illis
3338 5516 3436 5569 tuis
3503 5500 3513 5509 ’

1842 5590 1914 5644 sic
1937 5589 2246 5653 respondens.

1908 5655 1928 5684 ³
1962 5648 2033 5702 sic
2052 5660 2155 5700 Mss.
2182 5657 2229 5698 ln
2257 5649 2413 5711 l’ign,
2434 5648 2705 5711 ferendum.

1910 5716 1931 5747 ³
1964 5717 2121 5777 vign.,
2146 5710 2387 5777 ρωνὶιτλι
2418 5710 2545 5766 Mss.
2569 5710 2755 5777 (Mem:
2818 5766 2829 5777 .
2905 5764 2916 5775 .
3018 5770 3029 5777 _
3202 5762 3213 5773 .
3253 5764 3264 5772 .

1907 5777 1930 5810 ⁸
1962 5763 2047 5826 sit?
2056 5763 2160 5824 Mss:
2185 5781 2235 5823 ln
2258 5775 2416 5841 “gn,
2443 5763 2551 5841 qua:
2569 5763 2853 5841 honestioris
2874 5764 3062 5831 sigwta
3085 5763 3370 5817 "omnibus.

1909 5842 1931 5876 ⁸
1964 5848 2067 5890 Mss.
2092 5846 2203 5889 Mar.
2225 5845 2275 5888 ct
2304 5832 2801 5897 Clar.,'clausissimis.
