3950 6486
482 415 693 471 ιδιὸιὸ

550 542 746 583 nomen
786 526 901 596 ejus
945 526 1057 593 rei,
1089 540 1247 597 quam
1293 528 1519 597 tegimus
1561 526 1800 580 amictu:
1833 536 1959 577 num
2006 521 2125 577 ideo

550 618 712 671 totius
750 615 1006 683 rationis,
1039 616 1198 672 totius
1224 616 1463 671 veritatis
1503 614 1706 684 jactura
1734 611 1972 668 facienda
2001 610 2126 665 est?

550 707 688 763 Num
717 707 837 763 ideo
866 708 1195 778 negotiorum
1218 707 1418 762 arbiter
1446 706 1740 769 intellectus
1762 702 1978 773 jacehit,
2002 703 2123 772 quia

546 807 630 853 est
669 796 865 867 aliquid
888 838 909 864 ,
934 797 1073 867 quod
1104 805 1160 852 ut
1201 806 1325 852 ante
1361 796 1578 860 oculos,
1608 795 1681 849 ita
1719 793 1787 849 ad
1831 808 1988 849 aures
2017 808 2124 848 non

545 904 758 958 semper
783 887 974 944 decore
1012 887 1181 957 possit
1207 886 1438 943 adduci?
1467 885 1847 941 Verumtamen
1871 883 1996 954 quid
2023 883 2123 939 de-

546 978 827 1033 formitatis
856 977 1048 1043 habet,
1080 978 1257 1033 carnis
1296 976 1777 1047 concupiscentiam
1808 976 2119 1042 nominare;

544 1083 703 1137 quam
742 1076 797 1124 et
835 1083 935 1139 ego
972 1068 1267 1138 appellavi,
1306 1082 1428 1124 cum
1467 1068 1707 1137 poposcit
1752 1067 1899 1121 locus
1922 1081 1954 1133 ;,
1985 1074 2041 1121 et
2066 1073 2123 1121 tu

547 1156 674 1212 licet
713 1158 1088 1214 indomabitem
1121 1168 1173 1215 te
1200 1174 1320 1216 eam
1358 1160 1560 1216 sentire
1585 1158 1903 1224 conﬁrmes,
1946 1166 2122 1213 tamen

543 1246 735 1302 crebro
761 1248 1193 1304 commemoras?

614 1338 750 1394 Ave.
791 1337 1120 1393 Domahilem
1145 1338 1266 1394 dico
1284 1378 1300 1405 ,
1328 1337 1382 1393 id
1405 1346 1517 1405 est,
1545 1351 1762 1394 carnem
1781 1376 1798 1405 ,
1827 1335 1923 1393 sed
1949 1351 2119 1408 expu-

544 1428 885 1497 gnatoribus,
914 1445 1019 1483 non
1050 1429 1406 1485 laudatoribus
1432 1429 1569 1499 ejus.

616 1518 727 1572 Vll.
767 1519 884 1575 Jun.
926 1520 1091 1577 Porro
1130 1520 1254 1577 hinc
1298 1530 1418 1591 post
1460 1521 1727 1576 modicum
1761 1538 1774 1577 :
1809 1541 1831 1578 ι
1862 1521 1966 1576 Per
1992 1520 2121 1591 quid

542 1611 706 1680 igitur
747 1621 871 1666 sunt
910 1612 1009 1667 sub
1050 1613 1261 1669 diabolo
1303 1614 1540 1683 parvuli,
1571 1614 1661 1684 qui
1700 1613 1767 1668 de
1809 1612 2120 1684 corporibus

544 1713 833 1758 nascuntur
876 1719 993 1774 quae
1037 1702 1162 1759 fecit
1206 1704 1387 1769 Deus,
1425 1704 1493 1759 de
1536 1703 1915 1760 commixtione
1961 1716 2121 1759 sexus

542 1809 700 1864 quem
724 1794 964 1850 distinxit
991 1794 1293 1862 formando,
1317 1795 1412 1851 sed
1438 1794 1801 1851 benedicendo
1823 1794 2114 1864 conjunxit,

537 1895 597 1942 et
622 1886 997 1944 fecunditatem
1021 1888 1302 1943 inserendo
1327 1887 1695 1957 multiplicavit
1714 1887 1872 1952 Deus,
1894 1895 1949 1942 et
1974 1887 2118 1955 ipsos

542 1977 789 2045 parvulos
814 1978 881 2035 de
908 1978 1127 2034 materia
1153 1978 1371 2033 seminis
1398 1977 1524 2034 fecit
1541 1978 1720 2034 Deus?
1748 1977 1806 2034 Si
1834 1993 1929 2048 per
1948 1978 2115 2033 Deum

535 2068 815 2137 materiam
857 2083 1138 2140 corporum
1159 2111 1174 2137 ,
1207 2084 1301 2139 per
1329 2070 1494 2125 Deum
1531 2070 1780 2140 genitalia
1806 2085 2113 2141 corporum,

538 2170 636 2226 per
656 2157 821 2213 Deum
841 2159 1268 2215 commixtionem
1292 2159 1622 2229 genitalium,
1646 2175 1741 2229 per
1761 2160 1927 2215 Deum
1953 2160 2114 2215 etiam

535 2248 644 2303 vim
668 2249 951 2314 seminum,
972 2265 1073 2320 per
1092 2251 1259 2307 Deum
1284 2265 1495 2321 quoque
1519 2253 1755 2307 omnium
1785 2253 2112 2307 nasccntium

532 2338 761 2394 formam
806 2348 966 2410 atque
994 2341 1154 2396 vitam
1183 2342 1414 2397 existere
1440 2342 1754 2409 conﬁteris;
1796 2342 1923 2412 quid
1964 2351 2114 2413 putas

536 2429 884 2495 remansisse,
912 2439 1130 2500 propter
1155 2430 1298 2500 quod
1323 2431 1536 2488 diabolo
1561 2441 1640 2487 tot
1663 2433 1754 2487 Dei
1777 2447 1936 2502 opcrn
1968 2443 2113 2488 tranp

535 2518 738 2573 scribas
763 2536 783 2570 ι
816 2516 925 2589 (De
950 2517 1161 2587 Nuptiis
1183 2527 1231 2574 et
1248 2518 1684 2589 Concupiscentia,
1712 2520 1799 2575 lib.
1821 2522 1875 2587 2,
1904 2539 1957 2576 n.
1985 2522 2112 2593 ιδῃ

533 2606 679 2677 Ergo
724 2606 968 2663 haarcsim
1013 2624 1170 2665 vocas
1212 2610 1431 2665 alterius
1473 2609 1847 2680 disputationis
1891 2626 2109 2681 corpus,

532 2695 687 2764 cujus
732 2697 973 2753 membra
1019 2697 1197 2753 omnia
1240 2707 1388 2755 recta
1432 2706 1591 2770 atque
1635 2699 1894 2755 catholica
1938 2700 2109 2757 conﬁ-

535 2787 686 2842 teris.

606 2878 738 2933 Ave.
778 2877 1131 2947 Novatianos,
1161 2881 1418 2948 Arianos,
1449 2882 1808 2938 Eunomianos
1827 2925 1841 2949 ,
1872 2883 2110 2955 aliosque

532 2971 848 3038 nonnullos,
875 2987 1053 3028 nonne
1076 2973 1236 3029 etiam
1276 2989 1399 3030 eum
1439 2982 1606 3030 totum
1638 2974 1949 3045 Symbolum
1976 2991 2109 3031 con.-

529 3058 656 3114 fessi
685 3060 899 3131 fuerint,
918 3078 1171 3120 vocamus
1195 3065 1510 3121 haircticos?
1536 3066 1603 3122 Ut
1627 3082 1754 3137 ergo
1776 3067 1878 3122 alia
1901 3076 2109 3124 taceam

531 3151 846 3219 pertinentia
882 3153 951 3209 ad
990 3154 1232 3211 hmresim
1258 3166 1524 3225 vestram;
1566 3159 1833 3229 quomodo
1862 3176 1956 3216 vos
1999 3176 2107 3216 non

527 3240 611 3294 vis
640 3257 889 3299 vocemus
914 3244 1193 3303 haereticos
1213 3288 1230 3313 ,
1258 3249 1347 3319 qui
1382 3249 1586 3319 negatis
1615 3251 1860 3320 parvulos
1898 3253 2011 3309 erui
2041 3253 2108 3310 de

527 3339 791 3400 potestate
818 3335 1180 3404 tenebrarum,
1209 3338 1419 3406 quando
1447 3338 1833 3395 transferuntur
1856 3341 1923 3396 ad
1951 3341 2103 3397 Chri-

526 3430 697 3489 stum,
745 3423 798 3478 in
839 3426 1031 3499 quibus
1075 3430 1369 3498 accepturis
1412 3429 1668 3501 Spiritum
1714 3444 1955 3489 sanctum
1998 3443 2105 3492 tota

526 3511 815 3582 antiquitus
867 3514 1140 3585 Ecclesia,
1189 3535 1308 3589 qua:
1357 3520 1537 3576 laudat
1580 3538 1771 3579 nomen
1818 3525 2027 3580 Domini
2071 3543 2104 3583 a

525 3603 657 3658 solis
701 3615 820 3660 ortu
864 3623 1028 3678 usque
1065 3609 1133 3664 ad
1175 3625 1456 3680 occasum,
1486 3614 1734 3671 exsufflat
1759 3625 1813 3672 et
1841 3619 2105 3675 cxorcizat

523 3692 765 3762 spiritum
797 3696 1125 3754 immundum
1146 3701 1172 3754 ?

591 3783 729 3839 Vlll.
768 3786 889 3843 Jun.
926 3788 1060 3845 Nam
1105 3800 1385 3864 postquam
1427 3795 1796 3852 collectionem
1839 3808 2098 3868 nostram,

520 3890 641 3944 quze
666 3884 809 3932 tanta
835 3886 916 3933 est
939 3880 1163 3938 veritate
1190 3886 1424 3954 munita,
1456 3894 1516 3941 ut
1542 3886 1597 3941 in
1630 3897 1680 3943 te
1713 3898 1818 3943 tota
1849 3890 2096 3959 ferretur,

520 3982 621 4021 nec
657 3970 898 4026 convicio
934 3988 1051 4027 eam
1096 3982 1357 4032 temerare
1402 3978 1676 4049 quiveris,
1709 3982 1816 4036 Deo
1856 3983 2100 4055 adigente

521 4055 768 4127 laudasti,
798 4061 1040 4117 effectum
1066 4073 1239 4120 tamen
1268 4066 1383 4136 ejus
1407 4083 1647 4125 accusas.

590 4148 726 4205 Ave.
766 4150 934 4216 Quem
960 4152 1095 4225 dicis
1120 4156 1235 4225 ejus
1260 4158 1543 4233 eﬁ'ectumv,
1573 4176 1678 4216 non
1709 4163 1955 4234 intelligis
1979 4182 2097 4225 esse

497 4245 752 4317 ’vestrum
779 4239 1064 4298 defectum.
1112 4245 1189 4300 Ex
1235 4246 1317 4303 his
1361 4250 1501 4304 enim
1546 4251 1688 4307 veris
1727 4268 1845 4322 quae
1890 4255 2094 4310 dicitis‘

515 4329 668 4397 quasi
698 4330 982 4401 Catholici,
1029 4350 1131 4389 non
1158 4335 1382 4392 efficitur
1404 4338 1530 4395 illud
1557 4357 1663 4411 quo
1686 4345 1813 4398 estis
1839 4343 2091 4401 hmrctici.

512 4416 750 4488 Namque
777 4429 834 4475 ut
858 4423 1102 4480 catholici
1130 4425 1304 4482 dicitis
1334 4430 1477 4501 quod
1508 4446 1602 4501 per
1626 4448 1813 4488 sexum
1839 4435 1908 4489 sit
1936 4435 2092 4506 fctus,

510 4520 611 4576 per
636 4524 827 4580 corpus
857 4528 1037 4583 sexus,
1068 4530 1164 4586 per
1191 4518 1355 4573 Deum
1383 4534 1599 4591 corpus,
1630 4524 1769 4578 unde
1798 4523 2093 4583 fecunditas

510 4597 622 4654 Deo
646 4600 766 4669 jure
792 4602 1092 4673 deputatur.
1125 4607 1229 4664 Sed
1260 4611 1514 4681 numquid
1542 4611 1661 4667 idco
1688 4628 1791 4668 non
1822 4614 1944 4671 inde
1973 4616 2091 4673 talis

508 4690 742 4745 nascitur
762 4691 943 4761 homo,
966 4698 1054 4766 qui
1078 4713 1183 4753 non
1212 4699 1282 4753 sit
1304 4700 1419 4756 sine
1448 4703 1605 4758 sorde
1634 4705 1855 4773 peccati,
1881 4706 2090 4765 etiamsi

508 4782 667 4836 unius
694 4782 797 4838 dici
827 4786 895 4839 sit
924 4788 1026 4841 vita
1055 4789 1170 4860 ejus
1198 4808 1358 4862 super
1388 4802 1582 4850 terram
1615 4796 1732 4869 (Job
1766 4813 1886 4860 xlv,
1908 4800 1961 4867 4,
1984 4818 2085 4856 sec.

507 4868 715 4961 LXX)?
753 4873 867 4937 Non
917 4876 1074 4947 igitur
1116 4881 1202 4934 illa
1228 4897 1351 4937 vera
1392 4882 1653 4954 dicendo,
1685 4887 1776 4942 sed
1821 4887 1922 4944 hoc
1945 4889 2085 4961 quod

506 4959 688 5017 itidem
724 4980 903 5021 verum
931 4978 1013 5023 est
1041 4971 1316 5042 negando,
1349 4975 1476 5030 estis
1516 4976 1772 5033 hmretici.
1804 4980 1937 5047 Quia
1964 4959 2084 5038 iuti-

504 5065 608 5106 uue
633 5051 773 5109 Deus
800 5072 903 5109 non
947 5067 1029 5112 est
1054 5070 1240 5116 auctor
1282 5063 1555 5130 fatuitatis,
1596 5076 1649 5121 ct
1688 5076 1861 5124 tamen
1901 5080 2084 5126 auctor

504 5150 587 5195 est
616 5141 782 5207 fetus,
813 5154 866 5200 et
890 5149 1103 5216 quando
1130 5151 1364 5207 nascitur
1406 5154 1595 5211 fatuus.
1627 5156 1716 5211 Sic
1743 5157 2007 5230 intellige,
2036 5161 2080 5216 si

502 5241 688 5301 potes,
722 5234 922 5291 innasci
966 5238 1165 5295 homini
1206 5256 1274 5297 ex
1314 5245 1517 5315 origine
1543 5246 1724 5302 vitium
1748 5290 1763 5317 ,
1795 5250 1946 5319 cujus
1973 5267 2078 5307 non

500 5322 572 5379 sit
606 5335 792 5381 auctor
820 5326 961 5385 Deus
980 5370 995 5396 ,
1025 5346 1148 5387 cum
1175 5342 1384 5390 creator
1421 5337 1585 5407 ipsius
1615 5338 1847 5396 hominis
1869 5358 1973 5396 non
2009 5344 2080 5400 sit

498 5416 600 5472 nisi
626 5418 782 5475 Deus.
811 5420 1075 5479 Memento
1103 5440 1231 5482 sane
1255 5429 1583 5487 exnrbitasse
1610 5441 1663 5488 te
1687 5448 1717 5488 a
1744 5442 1835 5489 tuo
1861 5434 2079 5505 dogma-

499 5519 553 5565 te
571 5549 586 5576 ,
613 5526 718 5581 quo
745 5515 945 5583 negatis
971 5518 1180 5585 operari
1208 5519 1375 5575 Deum
1414 5520 1468 5577 in
1508 5520 1780 5579 hominum
1809 5526 2076 5583 mentibus

495 5600 840 5658 voluntatem.
869 5604 999 5661 Nam
1026 5622 1126 5679 ego
1151 5609 1310 5667 verba
1355 5620 1440 5668 tua
1460 5654 1477 5682 ,
1502 5630 1622 5685 qua:
1654 5617 1912 5675 conﬁteor
1953 5626 2005 5675 et
2043 5633 2071 5674 a

572 5770 683 5819 ‘ste
703 5777 805 5823 Mss.
841 5780 887 5824 In
924 5779 1053 5840 \‘igtt.
1080 5817 1092 5839 ,
1114 5792 1177 5831 ca:
1210 5781 1284 5834 his
1322 5784 1448 5836 enim
1493 5786 1591 5837 reri
1616 5800 1753 5851 quem
1797 5789 1973 5841 dicitis.

1224 411 1470 469 OPERIS
1510 407 1915 467 lllPlallFEC'l'l
1951 406 2229 464 CONTRA
2269 408 2625 477 JULMNUM,
2668 412 2725 468 S.
2768 412 3141 472 .\UGU..TlNl

3680 421 3815 479 15η

2237 520 2523 579 Catholicis
2566 525 2705 593 dici,
2746 527 3017 584 voluntate
3058 530 3298 596 laudavi,
3340 547 3460 602 qua:
3502 547 3590 588 me
3636 544 3813 591 tamen

2232 612 2370 669 dicis
2404 616 2509 671 Deo
2544 617 2790 688 adigente
2829 619 3091 676 laudasse.
3125 621 3267 678 Ecce
3293 623 3561 692 quomodo
3588 624 3730 679 Deus
3761 626 3811 680 in

2232 707 2388 762 nobis
2410 718 2657 778 operatur
2678 720 2733 766 et
2761 711 2897 766 velle
2924 710 3183 783 (Philipp.
3210 728 3245 768 ιι
3271 755 3287 781 ,
3320 713 3433 785 15),
3461 715 3603 785 quod
3628 715 3814 771 soletis

2232 804 2285 852 et
2309 806 2493 852 contra
2523 800 2830 871 Apostolum
2859 815 2956 857 vos
2987 817 3204 872 negare.

2301 888 2392 943 1X.
2417 889 2536 945 λιιι..
2572 910 2590 942 ι
2617 892 2671 945 Si
2699 892 2878 961 igitur,
2910 911 2929 944 ι
2961 893 3161 963 inquio,
3191 911 3212 947 ι
3239 908 3344 949 non
3373 894 3476 950 nisi
3503 909 3599 966 per
3621 909 3811 953 sexum

2228 977 2391 1044 fetus,
2414 994 2532 1035 non
2550 981 2663 1037 nisi
2682 998 2777 1052 per
2802 997 2996 1053 corpus
3024 998 3184 1040 sexus
3204 1025 3219 1050 ,
3249 998 3357 1040 non
3385 983 3493 1041 nisi»
3514 1000 3613 1056 per
3644 985 3809 1042 Deum

2227 1082 2459 1139 corpus;
2506 1072 2626 1143 quis
2664 1072 2899 1143 ambigat
2937 1072 3313 1131 fecunditatem
3344 1076 3457 1131 Deo
3494 1076 3619 1146 jure
3651 1092 3809 1147 repu~

2226 1161 2370 1216 tari?
2409 1161 2522 1218 Hoc
2549 1172 2656 1219 tam
2690 1165 2708 1197 ‘
2744 1172 2948 1220 eertum
2990 1175 3109 1231 est,
3138 1176 3197 1221 ut
3234 1168 3396 1223 etiam
3434 1177 3523 1223 tua
3561 1169 3616 1224 in
3655 1184 3806 1224 suam

2225 1250 2435 1307 laudem
2464 1266 2557 1308 ora
2594 1256 2925 1311 concusserit
2958 1257 3001 1311 ⁸.
3031 1274 3052 1309 ι
3084 1256 3280 1312 Verum
3319 1266 3443 1328 post
3481 1260 3806 1329 praeconium

2226 1341 2352 1398 huic
2375 1357 2407 1398 a
2436 1352 2489 1399 te
2516 1344 2634 1400 loco
2656 1345 2941 1413 redditum,
2965 1346 3209 1403 haeresim
3231 1348 3487 1405 admones
3516 1348 3803 1416 introduci,

2223 1447 2346 1489 cum
2372 1449 2435 1491 ea
2460 1451 2579 1506 qua:
2601 1436 2829 1500 subdidi.
2862 1438 2992 1493 nihil
3020 1439 3163 1495 aliud
3191 1454 3363 1510 quam-
3380 1457 3497 1511 quae
3527 1441 3807 1512 przemissa

2222 1523 2451 1592 fuerant,
2483 1526 2694 1582 admota
2722 1528 3096 1599 explanatione
3123 1531 3530 1601 geminaverint.

2292 1616 2426 1671 Ave.
2467 1617 2727 1688 Numquid
2766 1619 2820 1674 in
2872 1620 2983 1686 his,
3023 1636 3143 1691 qua:
3180 1636 3305 1677 vera
3354 1631 3406 1677 te
3442 1622 3645 1679 dixisse
3673 1636 3804 1679 ωη-

2219 1720 2507 1773 eesseram,
2531 1709 2763 1776 dixeras,
2791 1729 2811 1763 ι
2839 1711 2977 1778 Quid
3001 1727 3132 1783 ergo
3155 1729 3307 1768 suum
3334 1714 3579 1771 diabolus
3600 1731 3805 1786 cogno-

2219 1798 2324 1852 scit
2350 1798 2403 1852 in
2431 1799 2646 1857 sexibns
2672 1820 2690 1853 ι
2721 1800 2824 1874 (De
2852 1801 3063 1872 Nuptiis
3088 1813 3141 1859 et
3164 1803 3598 1876 Coucupisceutia,
3628 1808 3723 1863 lib.
3747 1808 3802 1872 2,

2219 1885 2429 1960 n.15)?
2477 1888 2575 1944 llic
2622 1891 2767 1947 enim
2810 1892 3021 1962 cepisti
3072 1893 3407 1953 introducere
3440 1911 3664 1953 sensum
3684 1898 3803 1954 hae-

2218 1978 2354 2033 resis
2398 1988 2590 2035 vestra:
2623 1997 2639 2036 :
2669 1981 2821 2051 quasi
2868 1992 3147 2053 propterea
3193 2000 3299 2041 non
3343 1988 3513 2056 possit
3556 1988 3809 2046 diabolus

2217 2066 2415 2137 aliquid
2442 2084 2596 2124 suum
2624 2085 2945 2141 cognoscere
2974 2073 3025 2127 in
3051 2074 3289 2141 sexihus,
3319 2076 3441 2146 quia
3470 2088 3804 2146 percreato-

2214 2171 2332 2211 rem
2376 2157 2542 2213 Deum
2587 2168 2669 2215 est
2710 2176 2905 2231 corpus
2945 2171 3001 2217 et
3046 2176 3205 2218 sexus
3246 2182 3261 2217 :
3306 2180 3428 2221 eum
3472 2166 3721 2235 diabolus
3749 2178 3803 2225 et

2214 2243 2421 2321 bonum
2442 2248 2537 2304 Dei
2563 2259 2617 2305 et
2643 2250 2841 2306 malum
2867 2251 3061 2307 diaboli
3090 2254 3249 2308 etiam
3290 2255 3343 2310 in
3369 2271 3431 2312 se
3455 2257 3801 2329 ipseng

2218 2346 2354 2403 seat,
2382 2338 2509 2394 illud
2534 2341 2736 2399 scilicet
2772 2341 2826 2396 in
2859 2357 2955 2398 sua
2990 2352 3201 2411 natura,
3231 2345 3359 2401 illud
3386 2347 3439 2402 in
3462 2348 3609 2403 vitio.
3636 2350 3729 2409 Sic
3750 2361 3802 2406 et

2221 2427 2516 2486 intsexihus
2541 2435 2781 2501 agnoscit
2808 2433 2897 2490 ille
2922 2451 3041 2503 qua:
3065 2436 3158 2492 Dei
3184 2447 3337 2504 sunt,
3363 2440 3509 2497 sicut
3535 2451 3589 2496 et
3624 2442 3801 2511 ipsum

2213 2533 2421 2587 sexum,
2445 2527 2501 2576 et
2523 2536 2736 2592 corpus,
2763 2533 2818 2579 et
2845 2525 3089 2596 spiritum
3115 2544 3129 2580 :
3151 2527 3246 2583 sed
3271 2531 3510 2599 agnoscit
3535 2541 3591 2587 et
3612 2546 3804 2599 suum,

2214 2624 2319 2679 quo
2357 2625 2483 2667 caro
2525 2616 2853 2683 concupiscit
2897 2618 3153 2675 adversus
3195 2620 3485 2691 spiritum:
3518 2624 3611 2678 illa
3655 2626 3800 2680 enim

2212 2710 2336 2755 sunt
2362 2717 2393 2756 a
2423 2702 2676 2761 Creatore
2695 2747 2711 2774 ,
2743 2707 2894 2777 cujus
2922 2709 3211 2767 vindictam
3238 2711 3409 2770 vitare
3444 2728 3552 2771 non
3589 2717 3800 2786 potuit;

2212 2790 2335 2858 hoc,
2364 2793 2585 2850 vulnere
2613 2797 2753 2866 quod
2782 2798 2993 2855 inﬂixit.

2283 2881 2352 2936 Χ.
2390 2882 2511 2940 JUL.
2552 2885 2653 2940 Aio
2692 2888 2833 2942 enim
2871 2906 2887 2945 :
2935 2908 2954 2942 ι
2991 2890 3127 2958 Quid
3171 2907 3300 2963 etgo
3347 2909 3502 2950 suum
3549 2896 3802 2953 diabolus

2144 2990 2175 3013 ο
2210 2975 2482 3043 cognoscit
2507 2976 2559 3031 in
2586 2977 2831 3044 sexibus,
2866 2989 2923 3034 ut
2965 2980 3193 3037 fructum
3221 2999 3432 3053 eorum,
3458 2987 3597 3042 sicut
3639 2988 3800 3056 dicis,

2205 3066 2325 3135 jure
2361 3070 2672 3139 possideat?
2717 3073 3130 3131 Diversitatem?
3167 3076 3271 3132 Sed
3310 3077 3425 3133 haec
3464 3079 3519 3133 in
3549 3082 3801 3152 corpori-

2208 3156 2309 3211 bus
2353 3169 2465 3225 est,
2496 3176 2613 3230 qua:
2644 3162 2783 3217 Deus
2826 3158 2972 3219 fecit.
3011 3165 3500 3223 Commixtionem?
3539 3170 3649 3225 Sed
3692 3187 3801 3227 non

2209 3249 2386 3305 minus
2432 3251 2859 3321 benedictionis,
2910 3272 3069 3326 quam
3119 3257 3464 3316 institutionis
3516 3263 3803 3334 privilegio

2207 3339 2526 3396 vindicatur.
2573 3344 2654 3397 An
2695 3343 2832 3400 forte
2861 3346 3031 3417 ipsam
3074 3348 3498 3406 fecunditatem?
3536 3352 3646 3408 Sed
3686 3355 3801 3424 ipsa

2207 3439 2291 3485 est
2332 3431 2555 3487 instituti
2597 3449 2759 3490 causa
2787 3438 3039 3508 conjugii.
3070 3456 3091 3491 ι
3126 3439 3263 3505 Quid
3306 3441 3393 3496 hic
3425 3458 3554 3513 ergo
3595 3460 3798 3500 novum

2208 3522 2341 3591 fuit;
2378 3526 2504 3592 quid
2540 3542 2571 3580 a
2608 3529 2885 3598 superiore
2912 3546 3071 3600 quam
3098 3532 3421 3601 probaveras
3448 3537 3801 3594 conclusione

2205 3614 2561 3683 dissentiens,
2592 3619 2736 3688 quod
2778 3630 2896 3691 post
2938 3621 3144 3677 laudem
3182 3625 3590 3695 vituperandum
3637 3638 3798 3698 puta-

2204 3707 2333 3761 res?
2360 3707 2516 3763 Certe
2541 3709 2668 3764 nihil
2698 3728 2712 3763 :
2739 3726 2803 3765 ac
2829 3726 2925 3781 per
2948 3712 3050 3769 hoc
3074 3714 3197 3783 quid
3225 3715 3291 3771 de
3320 3726 3426 3771 tam
3452 3717 3594 3773 faeda
3622 3721 3800 3777 varie-

2205 3804 2311 3853 tate
2354 3798 2667 3871 colligitur?
2711 3817 2832 3857 cum
2875 3817 2905 3857 a
2949 3819 3037 3860 me
3080 3804 3328 3861 videlicet
3374 3805 3669 3877 disputatio
3711 3812 3798 3866 in-

2203 3902 2392 3947 novata
2438 3909 2545 3949 non
2580 3894 2600 3926 ³
2637 3894 2741 3963 sit,
2782 3910 2813 3951 a
2854 3905 2906 3952 te
2944 3912 3073 3952 vero
3115 3898 3186 3953 sit
3229 3900 3512 3973 aestimatio
3542 3916 3793 3960 meorum

2200 3981 2463 4049 dictorum
2510 3996 2805 4055 permutata
2827 4028 2843 4055 ,
2874 3989 3235 4061 teterrimam
3266 4006 3388 4051 esse
3434 3992 3793 4061 intentionem

2201 4080 2366 4141 tuam,
2397 4084 2453 4131 et
2481 4077 2739 4132 rationem
2770 4077 3113 4143 imbecillam.
3561 4152 3565 4157 ι
3590 4134 3605 4143 _

2270 4164 2403 4221 Avo.
2444 4166 2650 4222 Miraris
2679 4169 2819 4237 quod
2847 4179 2967 4239 post
3010 4170 3219 4231 laudem
3245 4188 3466 4244 operum
3494 4175 3612 4243 Dei,
3647 4179 3791 4232 vitu-

2199 4256 2381 4324 peravi
2409 4256 2717 4312 insidiosam
2748 4259 3216 4330 interrogationem
3241 4272 3383 4319 tuam
3409 4282 3422 4318 :
3448 4265 3791 4343 interrogans

2197 4347 2391 4415 quippe
2418 4346 2618 4429 dixisti,
2652 4366 2670 4400 ι
2703 4349 2840 4416 Quid
2871 4350 3032 4423 igitur
3057 4367 3211 4408 suum
3238 4354 3482 4411 diabolus
3510 4360 3793 4435 cognoscit

2196 4436 2250 4491 in
2277 4426 2533 4494 sexibus?
2565 4457 2583 4492 ι
2618 4439 2686 4494 Ει
2712 4441 2897 4497 volens
2923 4444 3245 4512 persuadere
3278 4447 3420 4516 quod
3458 4426 3599 4505 nihil
3629 4432 3788 4507 Suum

2195 4540 2477 4600 cognoscat
2520 4532 2571 4591 in
2614 4533 2829 4591 sexihus
2850 4576 2866 4601 ,
2894 4550 2956 4589 ea
2992 4524 3422 4595 commemorasti
3448 4581 3463 4607 ,
3502 4557 3629 4612 qua:
3660 4560 3788 4600 vere

2193 4620 2262 4675 ad
2302 4621 2569 4677 diabolum
2618 4640 2725 4679 non
2771 4626 3090 4695 pertineant,
3135 4628 3500 4703 diversitatem
3553 4635 3829 4702 scilicet,,

2192 4726 2294 4782 qua
2338 4712 2622 4769 femininus
2659 4730 2689 4768 a
2736 4717 3029 4772 masculino
3068 4718 3313 4778 diversus
3355 4732 3438 4778 est
3477 4739 3687 4793 sexus;
3730 4739 3786 4782 et

2191 4804 2640 4872 commixtionem,
2666 4822 2766 4876 qua
2794 4818 2851 4861 ut
2880 4808 2973 4863 ﬁlii
2996 4820 3337 4889 generentur,
3364 4829 3527 4871 sexus
3552 4826 3782 4887 uterque

2190 4895 2475 4962 miscetur;
2512 4906 2567 4953 et
2600 4897 2976 4957 fecunditatem
2997 4942 3012 4968 ,
3039 4918 3143 4973 qua
3169 4904 3266 4974 ipsi
3308 4905 3399 4961 ﬁlii
3424 4923 3776 4977 generantur.

2188 4985 2316 5043 llaec
2340 4987 2518 5044 omnia
2549 4989 2776 5049 fatemur
2795 4990 2969 5047 futura
3000 4993 3162 5051 fuisse
3189 4996 3241 5051 in
3269 4997 3540 5067 paradiso,
3565 5002 3775 5057 etiamsi

2187 5094 2346 5134 nemo
2375 5090 2682 5150 peccasset:
2714 5084 2809 5139 sed
2839 5085 2924 5141 illa
2956 5086 3025 5141 ibi
3070 5087 3244 5143 futura
3285 5106 3389 5149 non
3429 5103 3581 5160 erat,
3612 5111 3776 5165 quam

2186 5179 2490 5240 senserunt,
2521 5174 2733 5242 quando
2762 5175 3002 5245 pudenda
3032 5187 3307 5245 texerunt,
3341 5182 3431 5251 qui
3461 5183 3772 5255 priusquam

2186 5270 2491 5328 peccarent,
2524 5262 2651 5318 nudi
2682 5273 2855 5333 erant,
2886 5278 2941 5322 et
2966 5284 3070 5322 non
3100 5268 3588 5329 confundebantur.
3622 5275 3772 5331 llane

2183 5359 2237 5406 tu
2267 5354 2750 5424 concupiscentiam
2781 5359 2957 5414 carnis
2976 5401 2992 5427 ,
3024 5375 3126 5431 qua
3157 5376 3282 5417 caro
3308 5366 3645 5437 concupiscit
3670 5369 3765 5422 ad-

2184 5460 2373 5503 versus
2400 5448 2643 5518 spiritum
2663 5491 2683 5517 ,.
2708 5451 2825 5507 sine
2852 5467 2955 5522 qua
2994 5452 3170 5508 nullus
3201 5453 3476 5510 hominum
3508 5460 3761 5521 nascitur,

2179 5546 2233 5593 et
2261 5536 2397 5596 hanc
2424 5539 2740 5599 discordiam
2777 5544 2954 5600 carnis
2981 5551 3038 5599 et
3068 5545 3306 5619 spiritus,
3337 5563 3498 5621 quam
3527 5550 3709 5606 didicit
3743 5551 3763 5581 ⁸

2243 5671 2261 5736 ξ
2295 5671 2781 5736 vignierius,tamen.
2828 5683 2955 5736 Mss,
2978 5684 3094 5727 tant.

2241 5733 2261 5794 ξ
2295 5740 2392 5781 Duo
2416 5743 2539 5794 Mss,
2562 5735 2862 5787 concluserit.

2241 5793 2262 5869 ξ
2294 5793 2959 5869 llic]artii'ulamlnegantem
2991 5802 3289 5869 restituimus
3312 5818 3374 5855 ex
3400 5806 3753 5869 nianuscrijtis.

2242 5857 2261 5886 ⁸
2294 5857 2451 5905 Codex
2480 5865 2622 5920 Port.,
2648 5857 2809 5911 dicit:
2834 5862 2993 5912 minus
3015 5865 3165 5915 bene.
