3950 6470
121 331 268 392 1515

119 447 410 502 catholicus
448 443 656 510 doctor,
689 441 884 512 Pelagii
908 439 1068 496 vestri
1100 448 1206 495 tam
1237 439 1568 496 excellenter
1595 455 1690 496 ore

78 519 81 536 ί
119 539 375 602 laudatus,
410 551 506 606 per
535 534 1020 606 pnevarieationem
1051 531 1206 601 primi
1248 529 1478 586 hominis
1508 532 1559 585 in
1587 545 1688 585 no-

122 638 281 682 stram
306 627 527 682 vertisse
555 635 792 680 naturam
822 623 1152 698 (Ambrosius,
1177 622 1266 677 lib.
1289 624 1321 677 Ἰ
1343 624 1394 677 in
1417 621 1542 678 Luc.
1560 623 1688 691 xu);

121 715 254 774 hanc
293 732 416 788 ergo
459 725 513 771 tu
553 730 718 786 quare
761 713 1010 770 tacuisti?
1058 714 1148 784 qui
1189 715 1522 784 interrogans
1563 712 1690 784 quid

120 821 268 860 suum
296 805 536 861 diabolus
574 813 860 876 cognoscat
903 805 955 858 in
994 803 1243 870 sexibus,
1274 803 1375 857 alia
1407 802 1691 858 nominasti

119 911 233 965 qua:
260 895 454 950 diaboli
494 910 600 950 non
647 902 804 958 sunt,
835 904 887 948 et
914 893 1016 948 hoc
1043 893 1184 963 quod
1213 892 1331 963 ejus
1357 901 1438 948 est
1477 899 1580 948 tua:
1612 893 1692 948 in-

123 984 456 1055 terrogationi
489 984 715 1040 reddere
757 983 994 1038 noluisti.
1042 983 1190 1039 [Iane
1226 984 1688 1054 interrogationem

120 1085 255 1130 tuam
298 1075 539 1130 dolosam
588 1073 936 1147 reprehendi,
985 1089 1094 1130 non
1135 1073 1312 1128 divina
1360 1088 1520 1145 Opera
1570 1088 1691 1144 qua:

115 1166 228 1234 jure
260 1164 486 1219 laudavi.
1669 1234 1671 1237 τ

187 1255 273 1308 XI.
325 1253 447 1310 Jun.
496 1253 561 1308 Et
599 1253 741 1324 quod
778 1253 960 1309 laudas
1003 1253 1302 1320 catholica,
1354 1251 1564 1324 pavoris
1615 1253 1689 1308 tui

119 1360 226 1399 esse
255 1348 295 1411 ‘,
329 1361 435 1399 non
466 1343 607 1400 ﬁdei.

185 1438 316 1492 Anc.
358 1435 451 1492 Ille
479 1436 531 1490 in
572 1435 727 1490 laude
765 1435 1022 1490 catholica
1051 1434 1197 1488 novit
1238 1444 1472 1488 nostram
1503 1433 1680 1500 ﬁdem,

129 1529 199 1598 qui
243 1543 341 1600 per
381 1529 524 1583 illam
555 1537 787 1582 vestrum
828 1526 1156 1600 demonstrat
1197 1534 1252 1581 et
1291 1534 1561 1597 expugnat
1599 1540 1688 1582 cr-

123 1634 308 1673 rorcttt.
897 1669 899 1671 ,
1447 1689 1449 1692 ⁴
1515 1681 1535 1685 η
1575 1615 1578 1618 ’

187 1709 293 1763 XII.
335 1710 454 1764 Jun.
497 1709 646 1778 Quod
689 1725 815 1781 ergo
858 1709 1065 1765 laudata
1098 1709 1400 1780 vituperas,
1433 1725 1536 1765 non
1567 1723 1689 1786 esse

123 1802 306 1870 indicii,
343 1802 436 1856 sed
469 1801 684 1856 furoris.

179 1914 311 1969 Anc.
352 1913 469 1968 Non
496 1913 706 1969 laudata
734 1913 977 1983 vitupero
1012 1932 1025 1969 :
1057 1913 1149 1970 sed
1179 1912 1390 1968 laudavi
1418 1928 1539 1984 quae
1561 1927 1688 1970 vera

131 2007 294 2060 dixisti
319 2024 335 2071 ;
368 2006 658 2076 vituperavi
688 2015 863 2061 autem
893 2006 1032 2076 quod
1059 2005 1312 2061 insidiose
1338 2007 1359 2037 '
1391 2005 1687 2075 interroga-

125 2098 212 2162 sti,
243 2098 430 2151 videns
458 2096 585 2168 quid
624 2097 716 2152 tibi
757 2096 1182 2167 reSpondendum
1226 2105 1396 2163 esset,
1428 2104 1586 2166 atque
1614 2095 1686 2151 ita

124 2192 210 2246 hoc
238 2201 425 2246 tacens
469 2191 622 2262 quasi
672 2207 776 2246 non
805 2201 966 2247 esset.
1020 2191 1130 2245 lloe
1173 2198 1347 2245 utrum
1382 2190 1566 2259 judicii
1595 2188 1684 2255 sit,

124 2300 180 2339 an
209 2287 421 2353 luroris,
451 2285 677 2353 videbis,
713 2286 758 2342 si
783 2301 812 2340 a
842 2285 1019 2340 lurore
1049 2285 1438 2356 conquieveris.

179 2377 316 2432 XIII.
355 2378 478 2433 Jun.
518 2379 632 2446 Quo
657 2378 851 2433 .I'urore
882 2376 1096 2447 quidem
1127 2391 1394 2446 nunquam
1423 2375 1686 2430 cariturus

125 2483 192 2532 es,
221 2469 317 2522 nisi
348 2471 496 2539 prius
525 2471 812 2525 obscenum
841 2468 1032 2539 dogma
1058 2467 1308 2537 rejeceris
1345 2485 1360 2521 :
1399 2467 1519 2537 quia
1549 2467 1687 2522 inter

127 2561 432 2628 paenitentia:
471 2561 726 2631 pudorem
746 2602 761 2625 ,
792 2575 1058 2631 nunquam
1093 2568 1268 2614 tamen
1312 2575 1342 2614 a
1372 2559 1686 2631 Christianis

128 2659 409 2703 aversatum
432 2691 448 2715 ,
478 2659 529 2704 et
555 2649 1026 2720 argumentationis
1056 2649 1322 2720 inopiam,
1349 2666 1534 2721 graves
1561 2665 1684 2720 per-

131 2738 280 2793 terens
308 2738 689 2811 Symplegadas
708 2781 723 2806 ,
754 2755 974 2796 necesse
1012 2749 1092 2795 est
1132 2752 1188 2794 ιιι
1228 2739 1367 2794 bona
1395 2740 1535 2795 dicta
1562 2741 1682 2811 qui-

131 2827 212 2882 bus
239 2824 500 2895 obrucris,
531 2839 619 2884 aut
649 2830 912 2900 sequaris,
943 2838 1034 2884 aut
1062 2829 1284 2885 laceres.

190 2918 309 2972 Asc.
349 2917 468 2972 Non
509 2929 629 2973 sunt
666 2919 805 2974 bona
834 2918 1004 2981 dicta,
1035 2918 1241 2973 Juliane
1262 2961 1276 2985 ,
1310 2934 1502 2988 negare
1530 2919 1685 2974 Chri-

132 3015 247 3062 stum
288 3008 520 3076 parvulis
562 3024 680 3064 esse
706 3008 886 3064 Jeum
908 3051 922 3075 ,
953 3017 1043 3063 aut
1077 3009 1259 3064 .lesum
1280 3051 1294 3074 ,
1326 3009 1375 3063 id
1405 3019 1484 3064 est
1513 3001 1685 3065 salva-4

133 3109 307 3165 torem,
359 3100 433 3154 ita
477 3115 596 3156 esse
637 3101 869 3171 parvulis
910 3100 1184 3166 conﬁteri,
1236 3101 1372 3155 sicut
1423 3101 1683 3157 universa:

132 3193 315 3247 mortali
357 3193 378 3224 ³
419 3202 709 3260 creaturm,
756 3193 894 3247 unde
940 3192 1139 3247 dictum
1189 3199 1304 3259 est,
1359 3190 1601 3246 Homines
1637 3202 1683 3248 et

130 3285 324 3356 iumenta
355 3287 522 3340 salvos
567 3275 759 3357 facies,
796 3284 1012 3340 Domine
1041 3284 1206 3358 (Psnl.
1238 3301 1387 3340 xxxv
1408 3327 1424 3351 ,
1455 3285 1532 3358 7).
1565 3285 1681 3342 Non

131 3385 385 3445 propterea
432 3377 520 3432 ille
550 3377 768 3430 veniens
799 3377 851 3430 in
895 3375 1238 3430 similitudine
1265 3375 1441 3430 carnis
1481 3373 1682 3444 peceati

131 3467 217 3520 tale
241 3483 432 3522 nomen
457 3467 660 3536 accepit
694 3482 706 3518 :
737 3465 851 3534 sed,
881 3463 1113 3530 Vocabis,
1143 3466 1216 3519 ait
1240 3465 1474 3542 angelus,
1503 3481 1684 3520 nomen

130 3549 218 3628 ejus
250 3548 462 3624 losum;
503 3558 612 3629 ipse
647 3558 778 3610 enim
820 3557 1013 3610 salvum
1052 3557 1202 3628 faciet
1247 3557 1492 3627 populum
1535 3571 1682 3610 suum

131 3664 156 3697 a
179 3650 380 3724 peccatis
410 3664 583 3703 eorum
609 3634 821 3720 (Matth.
851 3662 889 3710 ι,
921 3647 1035 3718 21).
1065 3647 1178 3701 Νοιι
1208 3656 1330 3700 sunt
1359 3645 1493 3701 bona
1519 3645 1680 3714 dicta,

129 3740 184 3793 ab
210 3739 301 3794 hoc
344 3741 540 3810 populo
587 3740 836 3810 parvulos
861 3754 1141 3809 separare,
1177 3747 1230 3794 ct
1269 3737 1388 3793 ideo
1417 3737 1681 3792 Christum

127 3829 280 3885 dicere
305 3817 465 3884 etiam
497 3831 602 3886 illis
644 3845 762 3886 esse
786 3830 965 3885 .lcsmn
988 3873 1003 3898 ,
1031 3831 1152 3900 quia
1181 3830 1356 3884 salvos
1401 3843 1495 3884 eos
1535 3828 1681 3896 facit,

125 3936 213 3975 non
248 3937 276 3976 a
319 3923 588 3992 peccatis,
633 3921 727 3977 sed
773 3911 802 3976 a
843 3921 1094 3977 seabiolis
1136 3937 1342 3976 eorum.
1391 3919 1680 3990 Ilesipisce,

125 4013 330 4069 obsecro
359 4031 374 4066 :
411 4022 538 4084 puto
577 4013 716 4084 quod
749 4029 852 4067 non
883 4029 949 4067 ex
980 4013 1284 4081 parentibus
1316 4012 1411 4066 ista
1452 4011 1680 4066 creden-

126 4107 243 4161 tibus
270 4116 427 4162 natus
452 4122 550 4173 es;
581 4116 636 4162 et
659 4115 802 4162 certe
825 4107 874 4160 in
899 4105 1135 4160 Ecclesia
1165 4120 1270 4159 non
1299 4105 1394 4159 ista
1420 4102 1681 4159 credente

125 4208 314 4252 l’CIIiIlllS
339 4214 420 4253 es.

179 4287 310 4341 XIV.
366 4287 488 4343 Jun.
539 4286 824 4342 Videamus
875 4295 1050 4340 tamen
1121 4284 1246 4356 quid
1303 4285 1682 4340 sententiarum

124 4393 336 4432 mearum
364 4379 688 4449 arripueris,
735 4377 872 4449 quod
921 4377 1137 4433 nomine
1184 4377 1381 4432 erroris
1428 4377 1680 4431 iucessas.

125 4488 140 4521 ι
172 4471 268 4525 Sed
297 4472 401 4527 iste
421 4513 436 4538 ,
471 4489 492 4524 ο
527 4471 702 4543 inquis
723 4511 739 4538 ,
772 4489 792 4524 ι
827 4471 880 4526 in
911 4471 992 4525 his
1021 4469 1266 4524 omnibus
1291 4469 1561 4524 nominare
1591 4483 1686 4524 no~

126 4581 142 4613 ι
173 4564 260 4618 luit
281 4565 763 4635 concupiscentiam
793 4563 1002 4629 carnis,
1028 4578 1146 4633 quae
1171 4577 1276 4617 non
1315 4573 1395 4617 est
1431 4578 1459 4614 a
1491 4560 1646 4616 Patre
1666 4603 1682 4629 ,

125 4671 144 4703 ι
173 4653 260 4708 sed
285 4671 351 4710 ex
381 4654 584 4709 mundo
607 4665 722 4720 est;
753 4655 905 4725 cujus
932 4654 1112 4708 mtmdi
1137 4653 1380 4724 princeps
1407 4651 1577 4707 dictus
1604 4659 1688 4707 est

125 4761 142 4794 ι
175 4744 413 4800 diabolus
443 4761 458 4800 :
491 4745 580 4815 qui
604 4761 721 4800 eam
767 4745 819 4800 in
866 4746 1090 4800 Domino
1132 4759 1236 4799 non
1282 4743 1512 4807 invenit,
1562 4743 1686 4812 quia

126 4855 142 4886 ι
176 4837 425 4892 Dominus
453 4837 612 4892 homo
641 4853 746 4891 non
780 4853 874 4907 per
903 4837 1067 4906 ipsam
1098 4835 1162 4890 ad
1207 4835 1448 4890 homines
1485 4835 1630 4889 venit
1661 4853 1681 4888 ι

121 4926 213 4980 (De
254 4927 462 4997 Nuptiis
491 4937 538 4981 et
580 4927 992 4994 Concupiscenlia
1015 4967 1030 4991 ,
1066 4926 1152 4980 lib.
1180 4925 1238 4990 2,
1267 4942 1320 4980 η.
1350 4924 1461 4996 14).
1504 4925 1688 4978 Dixisti

123 5025 254 5070 certe
277 5033 362 5071 me
388 5017 632 5072 haeresim
661 5017 1027 5084 introducere,
1067 5015 1132 5070 ad
1179 5014 1320 5086 quod
1363 5014 1688 5084 probandum

126 5108 251 5161 nulla
278 5124 394 5163 mea
423 5107 562 5162 dicta
589 5107 880 5178 sultjungis.

187 5202 317 5256 Anc.
347 5200 438 5256 Illa
464 5201 602 5256 dicta
632 5211 718 5256 tua
765 5201 1026 5271 subjungo
1045 5241 1058 5265 ,
1089 5199 1280 5270 quibus
1321 5197 1688 5270 interrogasti,

131 5309 150 5340 ι
179 5293 298 5362 quid
329 5308 484 5355 suum
514 5293 754 5348 diabolus
778 5301 1062 5362 cognoscat
1087 5292 1138 5346 in
1177 5291 1409 5346 sexibns.
1448 5309 1468 5342 ι
1501 5289 1691 5344 Dolose

129 5384 308 5454 quippe
332 5389 428 5439 ista
456 5384 705 5448 dicebas,
734 5381 946 5453 quando
970 5381 1450 5452 concupiscentiam
1479 5381 1654 5436 carnis
1672 5419 1690 5448 ,

129 5476 266 5545 cujus
291 5477 600 5548 plerumque
637 5475 866 5530 motibus
895 5488 1111 5529 necesse
1150 5480 1234 5528 est
1261 5473 1509 5528 resistere
1534 5471 1692 5527 etiam

185 5650 201 5714 ξ
236 5651 623 5714 \‘ignierins,est.
652 5657 705 5700 Αι
720 5658 990 5714 atss.,_esse.

181 5712 204 5776 ξ
233 5711 313 5762 Sic'
336 5721 436 5762 uss.
462 5712 512 5762 ιιι
534 5715 692 5776 fige”
715 5711 962 5762 insidiosa.

185 5773 206 5805 ⁸
238 5781 352 5832 Vox.
371 5769 791 5832 mortalifadditnr
811 5789 873 5823 ex
898 5772 1324 5834 manuscriptorum
1347 5769 1459 5822 (ide.

1456 327 1656 384 LIBER
1691 327 2037 396 QUARTUS.

3230 343 3374 404 1516

1796 451 1939 497 easta
1965 442 2240 514 eonjngia,
2275 445 2528 514 videbas,
2567 456 2621 504 et
2645 448 2992 516 tacebas,‘et
3030 467 3118 510 me
3142 453 3382 510 interro-

1795 533 2008 603 gatione
2048 535 2564 607 fraudulentissima,
2591 540 2741 610 quasi
2772 541 2903 596 nihil
2937 552 3078 600 esset
3119 546 3259 616 quod
3287 562 3376 601 re-

1793 624 2044 692 sponderi
2089 636 2285 696 posset,
2319 627 2563 698 urgebas.
2593 630 2698 685 Aut
2725 631 2770 686 si
2811 646 2918 688 non
2947 633 3199 702 videbas,
3236 651 3373 706 pro.

1795 713 1932 769 lecto
1959 715 2201 772 haeresim
2232 727 2461 774 vestram
2491 720 2604 790 ipsa
2632 721 2868 777 caecitate
2891 721 3286 783 introducebas.

1863 805 1979 862 XV.
2018 807 2138 863 Jun.
2190 809 2296 866 Sed
2341 810 2420 867 ais
2467 826 2554 868 me
2608 813 2844 870 noluisse
2897 816 3375 887 concupiscentiam

1793 901 1970 954 carnis
1997 902 2289 959 nominare.
2322 904 2420 974 Qui
2451 907 2595 962 nolui
2622 908 2918 976 nominare,
2949 910 3120 976 tacui;
3147 921 3202 967 et
3228 913 3274 968 si
3299 923 3378 968 ta-

1793 992 1879 1045 cui
1909 992 1946 1058 ¹,
1998 993 2128 1048 nihil
2152 995 2294 1065 quod
2344 997 2763 1067 reprehenderes
2808 1016 2925 1056 sum
2950 1001 3198 1056 locutus:
3254 1005 3375 1074 quis

1793 1097 1924 1152 ergo
1965 1099 2201 1140 errorem
2233 1089 2515 1156 persuadet
2542 1091 2810 1146 tacendo?
2848 1092 2894 1148 0
2934 1108 3067 1148 nova
3095 1095 3374 1150 criminum

1793 1172 2132 1231 ethaetenns
2158 1176 2388 1233 inaudita
2413 1187 2652 1249 portenta
2679 1183 2692 1237 !
2715 1182 2937 1240 Silentia
2966 1199 3085 1239 meo
3104 1185 3178 1240 ait
3207 1185 3229 1216 ³
3254 1201 3374 1256 pcr-

1793 1279 2003 1319 versum
2034 1266 2222 1337 dogma
2249 1269 2494 1340 compeni
2514 1273 2528 1326 l

1863 1356 1998 1413 Atta.
2029 1356 2143 1412 Non
2169 1359 2404 1428 silentio,
2435 1362 2528 1416 sed
2559 1362 2738 1419 dolosa
2767 1364 3201 1436 interrogatione.
3234 1366 3374 1422 sient

1792 1449 2037 1516 superius
2064 1449 2444 1506 demonstravi.
2472 1453 2780 1524 Quanquam
2806 1464 2860 1509 et
2883 1456 3150 1510 silentium
3181 1459 3374 1512 merito

1792 1536 2218 1606 reprehenditur,
2257 1541 2468 1611 quando
2495 1542 2545 1597 id
2587 1541 2728 1613 quod
2755 1544 3034 1600 dicendum
3075 1545 3207 1612 fuit,
3253 1546 3373 1601 ideo

1785 1641 1898 1681 non
1923 1627 2132 1695 dicitur,
2153 1645 2220 1685 ne
2241 1631 2638 1702 interrogationi
2662 1632 2968 1704 reswnderi
2990 1636 3222 1706 potuisse
3243 1652 3368 1692 cer-

1789 1729 1967 1774 natur.

1860 1809 2001 1868 XVI.
2029 1810 2147 1867 Jun.
2178 1812 2463 1884 Expendat
2489 1813 2592 1870 hoc
2632 1816 2904 1887 prudentia
2946 1819 3152 1885 omnis,
3199 1829 3252 1875 et
3295 1821 3370 1874 ri-

1790 1902 1914 1958 deat
1941 1903 1962 1935 ³
1989 1905 2242 1962 orationis
2271 1907 2517 1964 invidiam
2544 1911 2761 1966 nomine
2793 1912 3158 1968 taciturnitatis
3186 1923 3371 1968 osten-

1788 2009 1925 2050 sam.
1959 1995 2242 2053 Conliteris
2290 1998 2446 2069 igitur
2473 2015 2560 2057 me
2588 2001 2719 2057 nihil
2767 2002 2966 2059 dixisse
3007 2005 3149 2075 quod
3192 2007 3369 2076 possis

1788 2103 2035 2160 arguere.

1859 2182 1993 2237 Anc.
2027 2181 2136 2235 Iino
2175 2197 2337 2249 vero,
2366 2184 2662 2240 rectissime
2689 2186 2930 2257 arguitur
2951 2187 3094 2257 quod
3136 2188 3367 2244 interro-

1787 2269 1960 2339 gando
1987 2270 2184 2326 dixisti.
2214 2271 2286 2327 Ut
2307 2273 2448 2328 enim
2477 2275 2607 2330 nihil
2635 2291 2757 2331 esse
2785 2286 3075 2347 putaretur,
3103 2279 3243 2349 quod
3272 2280 3368 2335 tibi

1789 2360 2096 2429 responderi
2109 2371 2316 2432 posset,
2334 2362 2461 2418 illud
2473 2365 2611 2434 quod
2634 2379 2830 2436 posset,
2853 2376 2904 2422 tu
2926 2369 3104 2424 dicere
3128 2371 3365 2426 noluisti.

1786 2451 1896 2506 Aut
1918 2461 2062 2507 certe
2087 2452 2252 2524 ipsam
2301 2469 2397 2510 cur
2441 2472 2545 2511 non
2585 2471 2752 2528 arguo
2792 2459 3118 2529 czecitatem,
3165 2477 3269 2532 qua
3315 2463 3368 2518 id

1787 2557 1888 2598 nec
1912 2543 2091 2599 videre
2120 2545 2380 2614 potuisti?

1857 2630 2018 2685 XVII.
2058 2631 2176 2688 Jun.
2211 2633 2293 2688 'l‘u
2335 2649 2464 2690 sane
2497 2644 2736 2691 nostrum
2779 2639 3020 2694 vexando
3065 2640 3364 2709 silentium,

1785 2723 2045 2793 protulisti
2071 2726 2210 2795 quod
2239 2726 2364 2780 olim
2391 2727 2600 2798 quidem
2627 2728 2836 2785 defendi
2879 2747 2982 2786 non
3008 2735 3200 2803 potuit;
3222 2751 3372 2791 nunc

1786 2828 1915 2868 vero
1937 2822 2214 2885 postquam
2236 2815 2508 2872 Manichmi
2533 2820 2775 2888 epistola,
2805 2821 2956 2892 cujus
2981 2824 3032 2878 in
3051 2824 3190 2879 libro
3211 2828 3374 2881 tertio

1786 2906 2076 2961 sententias
2119 2909 2306 2978 posui,
2351 2909 2498 2966 venit
2520 2910 2587 2965 ad
2616 2913 2884 2982 publicum
2905 2955 2922 2982 ,
2952 2930 3052 2971 nec
3078 2917 3239 2973 celari
3269 2934 3370 2989 po-

1787 3003 1909 3052 test.
2243 3053 2248 3065 ,

1858 3088 1994 3144 Anc.
2025 3088 2522 3161 Concupiscentiam
2550 3092 2725 3150 carnis
2748 3110 2846 3150 nec
2873 3095 3192 3154 Manichacus
3215 3115 3372 3155 vera-

1786 3176 1921 3235 citcr
1950 3179 2214 3250 vituperat
2243 3179 2304 3248 ‘;
2335 3198 2434 3238 nec
2458 3191 2514 3237 tu
2546 3185 2804 3240 veraciter
2831 3186 3014 3242 laudas
3041 3203 3056 3240 :
3089 3189 3211 3255 ille,
3241 3193 3366 3260 quia

1788 3272 1958 3326 nescit
1987 3273 2130 3328 unde
2160 3275 2260 3329 hoc
2287 3276 2357 3330 sit
2381 3277 2610 3342 malum;
2642 3287 2727 3348 tu,
2775 3283 2894 3351 quia
2925 3298 3086 3352 negas
3113 3285 3308 3339 malum
3340 3294 3370 3336 τ’

1790 3362 1898 3429 ille,
1929 3365 2048 3433 quia
2076 3379 2192 3418 eam
2211 3367 2494 3436 permixta:
2514 3368 2705 3426 'uobis
2726 3381 2927 3426 naturae
2955 3374 3135 3429 tribuit
3155 3375 3362 3442 alienat;

1787 3461 1841 3508 tu
1865 3493 1882 3517 ,
1926 3453 2047 3522 quia
2086 3465 2429 3511 eamnostt'te
2451 3475 2554 3513 non
2584 3459 2660 3513 vis
2686 3475 2806 3516 esse
2834 3462 3027 3518 vitiata:
3053 3483 3078 3519 εν
3097 3465 3211 3529 ille,
3242 3467 3369 3536 quia

1786 3557 1882 3613 per
1908 3544 2052 3599 illam
2082 3547 2251 3601 credit
2275 3550 2540 3618 corrumpi
2566 3552 2657 3605 Dei
2689 3562 2890 3622 partem
2916 3553 2937 3586 ‘
2961 3571 2975 3620 ;
3005 3563 3089 3623 tu,
3117 3557 3240 3627 quia
3269 3573 3369 3629 per

1787 3636 1928 3692 illam
1956 3636 2310 3694 dehonestare
2335 3641 2550 3696 conaris
2569 3643 2727 3698 etiam
2752 3645 2982 3715 paradisi
3011 3645 3340 3703 felicitatem.

1857 3727 2044 3785 XVIII.
2075 3728 2194 3785 Jun.
2229 3749 2248 3782 ι
2284 3730 2494 3798 Noluit,
2532 3751 2552 3786 ι
2603 3733 2803 3805 inquit,
2835 3753 2857 3788 ι
2913 3741 3191 3801 nominare
3232 3755 3367 3796 con-

1785 3819 2162 3890 cupiscentiam
2199 3823 2401 3888 carnis,
2431 3838 2550 3894 qua:
2593 3839 2698 3880 non
2745 3836 2830 3882 est
2865 3841 2897 3883 a
2931 3827 3116 3896 Patre,
3154 3829 3253 3884 sed
3300 3846 3369 3886 ex

1785 3912 1984 3968 mundo
2009 3922 2123 3980 est;
2146 3914 2298 3986 cujus
2322 3915 2502 3973 mundi
2523 3915 2771 3987 princeps
2789 3917 2961 3974 dictus
2985 3927 3068 3974 est
3083 3919 3326 3976 diabolus
3347 3937 3365 3974 :

1785 4004 1874 4075 qui
1901 4019 2018 4060 eam
2047 4005 2100 4060 in
2130 4005 2354 4061 Domino
2383 4021 2488 4061 non
2517 4006 2747 4072 invenit,
2774 4008 2895 4078 quia
2921 4009 3177 4065 Dominus
3203 4009 3367 4065 homo

1786 4111 1891 4152 non
1916 4112 2009 4165 per
2033 4096 2199 4165 ipsam
2227 4096 2291 4150 ad
2315 4095 2558 4152 homines
2583 4099 2727 4152 venit
2751 4117 2771 4150 ι
2803 4097 2906 4170 (De
2927 4098 3134 4168 Nuptiis
3154 4110 3198 4155 ιι
3223 4101 3362 4155 Con-

1785 4189 2107 4260 cupiscentia,
2127 4187 2214 4242 lib.
2236 4188 2292 4255 2,
2323 4205 2380 4244 η.
2398 4188 2702 4261 I4).Verbis
2724 4206 2852 4260 ergo
2875 4191 3038 4260 ipsius
3061 4192 3362 4258 Manichzei,

1785 4279 2268 4349 concupiscentiam
2317 4280 2496 4334 carnis
2541 4295 2646 4334 non
2685 4294 2716 4334 a
2765 4281 2871 4336 Deo
2923 4280 3150 4345 factam,
3185 4281 3279 4337 sed
3333 4298 3365 4336 α

1786 4369 2018 4435 mundo,
2064 4369 2216 4440 cujus
2263 4379 2437 4425 tamen
2502 4368 2684 4425 mundi
2746 4369 3036 4440 principem
3097 4370 3366 4426 diabolum

1784 4461 1948 4524 dicis,
1999 4461 2266 4517 conditam
2311 4460 2598 4530 profiteris.

1857 4557 1994 4610 Anc.
2022 4552 2286 4623 Numquid
2303 4567 2401 4622 ego
2419 4553 2540 4607 dico
2559 4552 2826 4608 diabolum
2848 4551 3142 4620 principem
3158 4552 3364 4619 mundi,

1788 4645 1974 4702 ethoc
1999 4645 2251 4700 Dominus
2293 4645 2407 4713 ipse
2450 4658 2554 4699 non
2595 4643 2765 4698 dicit?
2807 4642 3071 4712 Numquid
3117 4642 3220 4699 hoc
3265 4660 3370 4715 ego

1789 4737 2039 4794 dixissem
2067 4777 2082 4800 ,
2107 4737 2213 4792 nisi
2244 4735 2414 4805 ipsum
2439 4734 2637 4790 dixisse
2666 4733 2961 4803 legissent?
2988 4733 3130 4803 quod
3156 4749 3278 4790 cum
3309 4744 3369 4791 et

1790 4829 1904 4898 ipse
1925 4828 2141 4897 legeris,
2165 4843 2258 4882 cur
2277 4825 2630 4893 objiciendum
2655 4825 2780 4879 mihi
2803 4825 2992 4894 putasti
3015 4824 3164 4881 ?Ncc
3189 4835 3367 4882 tamen

1790 4919 1911 4975 ideo
1935 4917 2175 4973 diabolus
2217 4917 2461 4986 princeps
2497 4925 2578 4970 est
2601 4916 2722 4971 cmli
2770 4924 2826 4970 et
2867 4924 3056 4980 teme,
3101 4925 3155 4972 et
3195 4917 3370 4972 omnis

1791 5008 2026 5066 cmlestis
2052 5007 2418 5076 terrestrisque
2457 5015 2749 5073 creaturae,
2791 5006 3081 5062 secundum
3115 5006 3255 5076 quod
3283 5007 3369 5061 di-

1856 5145 1873 5176 ι
1909 5141 2044 5200 Fditi,
2079 5139 2169 5192 eLi
2210 5151 2301 5189 non
2344 5137 2488 5190 tacui.
2533 5139 2702 5200 Abest,
2743 5151 2864 5201 non,
2904 5151 2932 5189 a
2955 5141 3305 5202 manuscriptis.

1856 5207 1877 5238 ³
1911 5205 2040 5266 Apud
2065 5203 2355 5266 viguierium
2373 5201 2507 5266 ,_(.jis.
2573 5210 2628 5251 ut.

1857 5267 1879 5332 ξ
1910 5263 1983 5315 sic
2005 5275 2108 5332 διεδ.
2124 5263 2188 5313 λι
2207 5263 2341 5332 editi,
2365 5263 2538 5332 videat.
2562 5325 2574 5332 .
2834 5330 2842 5332 Α
3014 5321 3028 5332 ,
3217 5321 3229 5332 .

1855 5327 1878 5360 δ
1910 5327 2040 5389 Apud
2079 5334 2193 5375 utar.
2219 5321 2336 5389 alar.
2365 5333 2416 5389 et
2453 5325 2700 5389 editiones
2719 5359 2734 5382 ,
2767 5330 2882 5375 ante
2925 5321 3158 5389 verbum,
3181 5321 3368 5389 ιιίιιιρεπ

1794 5396 1898 5448 rat,
1923 5382 2197 5451 legebatur,
2219 5392 2264 5436 et
2302 5386 2604 5438 imictissime
2627 5395 2793 5451 contra
2815 5383 3066 5451 Manio/api
3103 5393 3150 5434 et
3189 5382 3372 5451 Pelagii

1794 5446 2064 5504 sectatofes.
2110 5450 2351 5498 Glossema
2391 5463 2453 5499 ex
2489 5451 2706 5512 margine
2751 5449 2844 5512 huc
2883 5446 3189 5506 translatum,
3239 5446 3369 5508 quod

1794 5515 2076 5579 auctoritate
2107 5512 2282 5561 codicis
2303 5518 2542 5579 Portarum
2566 5511 2907 5579 eipunximus.
3288 5569 3318 5579 ﬂ

1858 5578 1880 5639 ξ
1913 5575 2172 5639 editiones,
2211 5572 2516 5636 permixtam.
2563 5572 2878 5639 Emendantur
2910 5581 2972 5619 ex
2997 5572 3368 5639 .manuscrtptis.

1861 5637 1882 5669 °
1917 5645 2040 5686 Duos
2058 5637 2133 5684 hic
2156 5634 2343 5695 versus,
2373 5648 2551 5695 nempe
2575 5647 2600 5682 a
2624 5634 2802 5692 verbis,
2825 5638 2894 5688 tu,
2924 5634 3036 5694 quia
3058 5642 3181 5689 eam,
3208 5643 3369 5695 usque

1801 5699 1858 5750 ad
1883 5700 2106 5756 verbum,
2125 5693 2335 5758 partem,
2353 5698 2400 5744 in
2442 5693 2730 5758 editionihus
2765 5695 3112 5758 praetermissos
3151 5693 3368 5743 restitui-

1802 5774 1909 5812 mns
1933 5773 1996 5811 ex
2028 5757 2459 5822 manuscrij-torum
2481 5757 2593 5809 ﬁde.
