3950 6480
580 339 718 398 15ιῖ

576 466 718 511 ctum
748 463 850 518 est,
873 449 1095 505 Mundus
1118 464 1206 519 per
1225 465 1339 503 eum
1367 448 1532 518 factus
1556 456 1627 500 est
1655 461 1672 500 :
1699 443 1791 500 sed
1817 443 1940 513 quia
1967 439 2153 496 mundi

572 546 794 602 nomine
817 543 1112 614 appellatus
1136 549 1220 596 est
1247 541 1392 595 orbis
1418 549 1572 594 terrm
1595 538 1646 592 in
1671 535 1968 590 hominibus
1985 571 2000 596 ,
2027 546 2157 601 qua-

571 637 714 692 libus
738 637 924 707 plenus
953 643 1056 698 est,
1083 631 1374 688 secundum
1400 629 1542 701 quod
1567 628 1765 683 dictum
1792 633 1897 691 est,
1920 622 1987 677 Et
2014 638 2159 676 nuut-

575 729 669 784 dus
681 745 791 783 eum
818 745 916 782 non
933 728 1158 798 cognouit
1181 724 1232 796 (J
1240 741 1357 779 ean.
1376 739 1417 791 ι,
1437 722 1524 794 10)
1543 739 1557 786 ;
1581 718 1870 776 secundum
1891 716 2029 788 quod
2045 715 2157 771 dico

571 831 659 876 tus
684 829 766 876 est
796 829 848 874 et
869 819 1112 874 diabolus
1137 818 1369 889 princeps
1393 814 1568 868 mundi
1590 813 1741 882 hujus
1770 809 1875 883 (Id.
1904 826 2000 876 xu,
2028 807 2153 881 5|);

571 909 863 965 secundum
891 909 1031 980 quod
1058 909 1254 963 dictum
1283 916 1364 962 est
1384 947 1397 969 ,
1429 905 1653 959 Mundus
1681 905 1732 957 in
1762 903 1981 974 maligno
2010 902 2154 972 posi-

567 1008 650 1053 tus
677 1009 750 1053 est
775 999 818 1068 (I
855 997 1011 1052 Joan.
1040 1013 1103 1064 v,
1137 996 1258 1067 i9);
1289 993 1577 1049 secundum
1621 992 1761 1063 quod
1806 992 2003 1047 dictum
2044 999 2152 1058 est,

575 1089 712 1156 Quia
734 1105 849 1143 vero
876 1089 939 1142 de
963 1087 1148 1142 mundo
1170 1103 1270 1140 non
1291 1085 1411 1140 estis
1435 1126 1448 1150 ,
1476 1093 1738 1154 propterea
1757 1083 1861 1138 odit
1891 1098 1978 1137 vos
2001 1097 2154 1136 mun-

569 1181 664 1232 dus
699 1178 876 1250 (Joan.
903 1194 972 1233 xv
995 1220 1010 1245 ,
1041 1176 1130 1249 l9)
1155 1193 1170 1243 ;
1200 1185 1256 1231 et
1297 1173 1704 1254 innumerabilia
1751 1173 1894 1228 talia.
1939 1173 2017 1226 Ac
2059 1186 2154 1242 per

565 1268 688 1334 hoc,
729 1270 1005 1336 mundum,
1035 1267 1320 1338 Scriptnris
1348 1265 1545 1321 sanctis
1565 1264 1898 1329 docentibus,
1931 1279 2025 1334 pro
2048 1264 2153 1319 dif-

566 1358 787 1413 ferentia
820 1360 1202 1414 scntentiarum
1222 1398 1238 1424 ,
1263 1373 1403 1412 nunc
1426 1357 1477 1411 in
1499 1356 1638 1412 bono
1659 1354 1947 1425 accipimus
1967 1395 1981 1419 ,
2011 1370 2152 1410 nunc

571 1449 624 1503 in
653 1450 814 1504 malo.
859 1449 939 1504 Ad
971 1449 1102 1503 bona
1131 1448 1246 1519 ejus
1274 1448 1540 1518 pertinent
1560 1447 1754 1503 caelum
1798 1454 1852 1500 et
1899 1454 2066 1512 terra,
2097 1455 2152 1501 et

565 1541 739 1594 omnis
762 1541 813 1594 in
840 1541 916 1594 cis
935 1540 1026 1595 Dei
1054 1549 1292 1596 creatura
1323 1539 1418 1594 :ad
1443 1539 1580 1594 mala
1604 1539 1718 1608 ejus
1737 1536 2002 1608 pertinent
2026 1553 2150 1591 con-

565 1630 873 1699 cupiscentia
897 1632 1084 1697 carnis,
1104 1639 1151 1684 et
1163 1630 1564 1701 concupiscentia
1581 1627 1860 1692 oculorum,
1887 1637 1932 1682 et
1947 1627 2150 1681 ambitio

562 1722 769 1785 swculi,
818 1721 939 1787 vel,
982 1722 1119 1776 sicut
1160 1722 1273 1792 ipse
1297 1721 1540 1791 posuisti,
1583 1720 1816 1790 superbia
1841 1720 1972 1774 uiue.
2001 1719 2150 1775 Sicut

563 1827 692 1883 ergo
720 1827 860 1866 [tunc
889 1812 941 1866 in
972 1812 1111 1867 bono
1133 1853 1149 1877 ,
1188 1827 1330 1867 nunc
1371 1812 1424 1866 in
1455 1812 1595 1866 malo
1639 1811 1831 1881 legitur
1869 1810 2096 1866 mundus
2129 1829 2145 1866 :

562 1903 640 1955 sic
667 1903 799 1972 lege,
830 1903 874 1956 si
922 1911 1092 1971 potes,
1124 1901 1407 1973 aliquando
1447 1902 1499 1956 in
1524 1901 1667 1957 bono
1695 1900 1919 1971 positam
1946 1916 2147 1956 concu-

561 1993 877 2062 piscentiam
920 1994 1117 2060 carnis,
1173 1993 1252 2048 vel
1300 1993 1783 2063 concupiscentiam
1828 1992 2144 2050 oculorum:

558 2085 651 2138 sed
689 2086 766 2140 sic
795 2101 899 2140 non
933 2086 1189 2152 invenies,
1212 2087 1348 2141 sicut
1371 2102 1470 2142 nec
1490 2087 1792 2158 superbiam
1813 2087 1935 2142 vita:
1959 2129 1974 2156 ,
2002 2088 2143 2158 quod

557 2173 661 2229 illis
681 2175 888 2230 duobus
913 2176 1067 2230 malis
1093 2177 1110 2208 ί
1141 2175 1376 2230 additum
1407 2185 1490 2232 est
1518 2177 1749 2231 tertium.

627 2264 773 2320 XIX.
800 2265 918 2321 Jun.
945 2265 1067 2322 Ideo
1091 2275 1268 2321 autem
1293 2265 1404 2321 dixi
1427 2267 1656 2337 eloquiis
1679 2276 1730 2322 te
1751 2281 1902 2323 usum
1924 2267 2143 2325 omnino

555 2355 864 2424 Manichzei,
893 2357 1016 2428 quia
1045 2357 1146 2412 etsi
1177 2358 1230 2412 in
1252 2357 1476 2428 apostoli
1501 2357 1722 2412 Joannis
1749 2358 1980 2429 Epistola
2007 2374 2143 2415 non-

553 2447 696 2501 nulla
724 2463 786 2502 ex
818 2447 900 2501 his
930 2447 1087 2502 verba
1116 2455 1423 2514 teneantur;
1455 2457 1627 2503 tamen
1654 2447 1775 2518 quia
1804 2457 2006 2505 certum
2035 2458 2137 2516 est,

552 2551 662 2591 non
690 2536 764 2590 ibi
813 2537 962 2590 illum
995 2537 1248 2592 Ecclesiae
1275 2539 1590 2609 magistrum
1617 2547 1710 2594 aut
1735 2539 1805 2595 de
1827 2554 2020 2608 carne,
2049 2551 2141 2598 aut

551 2627 620 2682 de
647 2642 805 2682 sensu
833 2627 1011 2683 carnis
1028 2669 1043 2696 ,
1071 2636 1164 2683 aut
1182 2627 1249 2683 de
1269 2629 1697 2700 concupiscentia
1718 2630 1959 2701 nuptiali,
1981 2633 2138 2704 quid-

551 2736 711 2791 quam
739 2721 842 2775 tale
879 2723 1131 2789 sensisse,
1163 2723 1320 2793 quale
1362 2723 1683 2780 Maniclucus
1712 2725 1993 2781 verborum
2023 2728 2138 2799 ejus

550 2813 892 2884 usurpatione
920 2815 1228 2887 componit;
1260 2830 1366 2871 non
1411 2817 1602 2888 injuria
1647 2817 1764 2888 ejus
1810 2820 1974 2875 verba
2017 2836 2137 2879 esse

549 2902 692 2970 dixi,
721 2903 874 2974 cujus
900 2906 1082 2960 sensui
1125 2906 1451 2974 serviebant,
1484 2916 1542 2962 ut
1583 2908 1792 2980 eloquia
1829 2910 2136 2968 intentionis

546 3008 660 3050 sua:
685 2995 875 3051 merito
904 3006 1224 3053 censeantur
1249 3014 1267 3052 :
1295 3006 1349 3053 et
1378 2999 1512 3055 sicut
1532 3000 1672 3071 apud
1699 3009 1940 3057 sanctum
1970 3003 2135 3058 Joan-

545 3101 670 3142 nem
711 3088 1002 3158 apostolica
1051 3097 1177 3144 sunt
1204 3089 1460 3160 dignitate
1490 3093 1802 3162 reverenda,
1851 3094 1973 3165 quia
2004 3095 2134 3151 insi-

549 3188 717 3235 nuant
751 3180 1030 3235 veritatem
1073 3222 1087 3247 ,
1122 3181 1192 3236 ita
1235 3181 1374 3252 apud
1425 3182 1776 3241 Manichaeum
1823 3185 2135 3242 obumbrata

544 3268 757 3324 illorum
786 3269 934 3340 signa
965 3286 1072 3325 non
1100 3286 1352 3342 evpressa
1382 3273 1681 3329 videantur.

615 3362 752 3415 Auc.
785 3359 920 3428 Quid
947 3360 1101 3416 addis
1135 3380 1156 3415 ι
1189 3361 1431 3433 nuptiali,
1472 3382 1491 3416 ι
1523 3375 1576 3419 ει
1606 3365 1742 3420 dicis
1776 3383 1795 3416 ι
1831 3365 1900 3422 de
1933 3379 2133 3423 concn~

544 3451 798 3520 piscentia
829 3453 1069 3523 nuptiali,
1107 3471 1126 3505 ι
1163 3465 1220 3509 ιιι
1243 3456 1437 3510 vestias
1478 3457 1778 3526 pudendam
1823 3471 2129 3530 susceptam

549 3551 691 3606 tuam
720 3545 936 3600 nomine
976 3545 1202 3601 honesto
1247 3548 1599 3616 nuptiarum?
1641 3551 2132 3622 Concupiscentiam

553 3636 734 3690 carnis
755 3636 897 3691 dixit
918 3638 1191 3707 apostolus
1220 3639 1487 3705 Joannes,
1516 3657 1621 3696 non
1650 3644 2134 3714 concupiscentiam

551 3727 868 3796 nuptialem;
887 3743 1004 3798 quae
1017 3739 1196 3799 posset
1217 3746 1337 3786 esse
1363 3732 1412 3785 in
1433 3733 1698 3802 paradiso,
1723 3735 1883 3790 etiam
1909 3736 1953 3791 si
1977 3753 2135 3794 nemo

546 3828 842 3888 peccasset,
879 3820 929 3874 in
958 3823 1194 3892 appetitu
1225 3821 1579 3892 fecunditatis,
1605 3840 1709 3879 non
1735 3827 1786 3880 in
1813 3828 2019 3897 pruritu
2042 3846 2135 3884 vo-

544 3908 790 3978 luptatis;
822 3919 914 3965 aut
941 3921 1087 3968 certe
1117 3913 1321 3984 spiritui
1353 3929 1566 3985 semper
1609 3917 1912 3986 snhjacens,
1944 3929 2002 3974 ut
2028 3937 2132 3977 non

543 4000 647 4054 nisi
693 4001 880 4071 spiritu
931 4003 1139 4058 volente
1185 4014 1520 4070 moveretur;
1566 4023 1832 4078 nunquam
1879 4011 2135 4068 adversus

545 4092 791 4162 spiritum
830 4096 1236 4164 concupiscens,
1270 4104 1327 4150 ut
1367 4104 1424 4152 et
1467 4099 1684 4168 spiritus
1727 4102 1985 4158 adversus
2013 4119 2131 4158 eam

545 4185 926 4254 concupiscere
956 4179 1259 4256 cogeretur.
1292 4188 1443 4243 Absit
1471 4190 1613 4245 enim
1645 4200 1702 4246 ut
1740 4192 1791 4246 in
1824 4193 1941 4248 loco
1973 4203 2133 4252 tantae

545 4273 834 4343 felicitatis,
883 4283 938 4330 et
979 4277 1031 4331 in
1059 4278 1362 4334 hominibus
1391 4279 1498 4336 illic
1529 4289 1672 4336 tanta
1721 4298 1852 4354 pace
1891 4283 2134 4344 felicibus

544 4374 687 4423 esset
715 4366 822 4422 ulla
850 4365 1114 4422 discordia
1137 4367 1314 4422 carnis
1340 4377 1394 4424 et
1421 4370 1661 4440 Spiritus.

617 4456 735 4512 XX.
762 4457 882 4513 ιω..
916 4459 1203 4528 Apostolus
1233 4461 1430 4532 quippe
1470 4460 1699 4518 Joannes
1724 4479 1844 4519 cum
1873 4465 1937 4520 ad
1964 4467 2129 4523 virtu-

544 4557 658 4604 tum
681 4550 922 4604 omnium
953 4549 1219 4621 fastigium
1246 4565 1562 4622 provocarct
1587 4554 1787 4623 lideles,
1815 4569 1870 4612 et
1898 4558 2129 4615 studium

543 4639 838 4696 sanctitatis
882 4641 948 4696 ad
992 4642 1324 4698 altitudinem
1385 4644 1669 4702 dominica:
1710 4652 2130 4708 conversationis

543 4729 881 4798 extenderet,
925 4730 990 4786 ad
1039 4734 1435 4803 compendium,
1482 4737 1665 4792 mundi
1712 4739 1874 4796 totius
1914 4742 2130 4798 nomine

546 4821 790 4877 universa
819 4828 1155 4892 praesentium
1185 4827 1444 4882 bonorum
1473 4831 1494 4862 ³
1513 4839 1565 4886 ει
1589 4831 1978 4900 jncunditatnm
2010 4837 2130 4890 irri-

545 4921 780 4966 tamenta
809 4914 1153 4980 concludens,
1190 4915 1378 4986 Nolite,
1411 4919 1601 4990 inquit,
1632 4922 1842 4991 diligere
1862 4926 2124 4994 mundum,

545 5020 702 5074 neque
731 5022 788 5060 ea
828 5023 940 5078 qua:
967 5008 1017 5062 in
1047 5011 1234 5065 mundo
1259 5021 1393 5067 sunt.
1435 5013 1496 5070 Si
1520 5015 1631 5086 quis
1657 5016 1821 5088 diligit
1851 5018 2124 5085 mundum,

545 5112 645 5150 non
669 5106 739 5150 est
766 5098 986 5153 charitas
1017 5098 1186 5155 Patris
1212 5102 1264 5156 in
1303 5120 1360 5158 eo
1395 5119 1414 5158 :
1438 5106 1674 5173 quoniam
1720 5123 1866 5161 omne
1891 5109 2028 5177 quod
2055 5119 2129 5164 εει

542 5187 593 5238 in
617 5186 804 5241 mundo
822 5229 836 5252 ,
868 5191 1264 5261 concupiscentia
1283 5195 1452 5249 carnis
1476 5235 1491 5260 ,
1514 5206 1560 5250 et
1579 5200 1981 5269 concupiscentia
2005 5217 2126 5254 ocn-

543 5274 707 5330 o'orum
732 5287 805 5330 est
829 5319 845 5344 ,
877 5287 923 5332 et
975 5280 1210 5351 superbia
1246 5283 1400 5348 vita;
1445 5301 1558 5352 qua:
1595 5303 1694 5340 non
1733 5295 1802 5341 est
1842 5305 1904 5342 ex
1947 5288 2123 5357 Patre,

542 5369 632 5423 scd
657 5386 720 5424 ea:
745 5371 933 5425 mundo
961 5381 1033 5426 est
1065 5388 1084 5427 :
1111 5382 1156 5426 et
1185 5374 1402 5428 mundus
1419 5378 1597 5431 transit
1616 5418 1630 5443 ,
1655 5389 1700 5431 et
1720 5381 2125 5451 concupiscentia

540 5462 681 5532 ejus;
710 5462 794 5532 qui
833 5471 997 5517 autem
1041 5465 1162 5535 facit
1192 5466 1494 5520 voluntatem
1519 5467 1642 5534 Dei,
1671 5481 1834 5524 manet
1879 5489 1931 5526 in
1975 5489 2123 5527 aver-

542 5569 662 5608 num
676 5553 718 5627 (l
732 5554 886 5610 Joan.
905 5572 964 5621 ll,
986 5558 1110 5612 lS-l
1123 5558 1199 5629 7).
1223 5558 1486 5626 Quantum
1501 5561 1565 5616 ad
1588 5564 1919 5635 superficiem
1934 5567 2124 5622 verbo-

2067 5649 2114 5671 /

607 5710 629 5777 ξ
661 5719 756 5762 ttoc
780 5714 924 5764 etiam
950 5713 1054 5765 loco
1071 5751 1084 5772 ,
1113 5713 1272 5774 malis,
1293 5719 1628 5777 prmtericraat
1655 5721 1909 5774 editiones.
1942 5718 1955 5723 ’

608 5773 632 5804 ⁸
661 5779 712 5824 ιιι
747 5784 851 5828 Mss.
875 5784 982 5827 tzar.
1009 5773 1421 5840 ιύι·ι.,1ιοιιο²·ιιηι.

1271 333 1514 391 OPERIS
1552 327 1962 388 lMPERFECTI
2001 321 2269 383 CONTRA
2310 322 2667 392 JULIANUM,
2708 326 2767 384 S.
2807 327 3176 387 AUGUSTINI

3703 332 3832 393 1518

2268 455 2382 493 rum
2414 441 2648 510 respicit,
2698 442 2878 497 odium
2921 443 3169 500 omnibus
3215 444 3396 501 indicit
3431 445 3749 514 elementis,
3791 461 3836 507 et

2265 534 2516 588 mundum
2543 544 2595 589 et
2617 545 2806 590 cuncta
2827 552 2944 607 quae
2971 538 3023 592 in
3063 537 3261 593 mundo
3289 547 3444 605 sunt,
3473 554 3580 595 non
3620 555 3744 597 esse
3781 557 3834 598 es

2265 621 2420 680 Patre
2438 666 2454 693 ,
2487 642 2657 697 neque
2683 627 2828 698 diligi
2855 628 3051 684 debere
3077 629 3373 685 denuntiat.

2334 736 2467 792 Auc.
2509 735 2741 794 lnaniter
2767 741 2863 794 ista
2886 741 3016 795 dicis
3047 759 3060 795 :
3089 741 3266 797 nullus
3295 743 3378 798 vel
3415 743 3575 798 idiota
3615 744 3818 798 catheli-

2260 840 2356 882 cus
2381 829 2456 882 sic
2495 829 2596 883 isto
2638 830 2756 886 loco
2791 832 2981 902 accipit
3007 834 3296 900 mundum,
3345 844 3403 890 ιιι
3448 836 3516 892 de
3563 837 3833 894 elementis

2260 919 2456 988 aliquid
2499 923 2713 990 cegitet.
2758 922 2940 994 Neque
2967 925 3108 980 enim
3139 934 3192 981 et
3221 927 3307 981 ubi
3351 927 3482 983 dicit
3505 929 3572 984 de
3615 929 3831 983 Domino

2259 1008 2498 1076 Christo,
2549 1010 2671 1083 Ipse
2715 1024 2787 1068 est
2823 1016 3112 1086 prapitiatio
3156 1028 3474 1086 peccatorum
3515 1031 3831 1080 nostrorum;

2258 1115 2358 1154 non
2382 1101 2544 1156 solum
2561 1112 2864 1168 nostrorum,
2887 1105 2976 1160 sed
2995 1116 3040 1160 et
3060 1107 3212 1161 totius
3236 1109 3411 1162 mundi
3431 1108 3468 1178 (1
3489 1107 3647 1163 Joan.
3675 1125 3733 1173 tt,
3753 1109 3827 1180 ‘2);

2257 1187 2327 1243 ita
2359 1191 2634 1262 quisquam
2663 1193 2877 1266 desipit,
2908 1205 2965 1251 ut
2984 1198 3143 1252 etiam
3168 1199 3552 1254 elementorum
3601 1201 3692 1256 hic
3727 1203 3832 1256 cxi-

2256 1281 2436 1336 stimet
2486 1284 2824 1356 intelligenda
2861 1303 2980 1344 esse
3027 1302 3263 1358 peccata.
3310 1290 3502 1346 Totum
3555 1292 3660 1348 hoc
3715 1309 3828 1363 ergo

2256 1373 2395 1442 quod
2427 1375 2530 1430 isto
2559 1377 2719 1432 modo
2759 1379 2955 1435 dicitur
2982 1381 3244 1447 mundus,
3276 1397 3380 1438 non
3412 1383 3512 1438 nisi
3551 1384 3605 1438 in
3661 1383 3827 1439 homi-

2255 1465 2412 1520 nibus
2439 1467 2768 1538 intelligitur,
2800 1472 2890 1540 qui
2935 1479 3058 1526 sunt
3087 1488 3182 1542 per
3224 1480 3391 1528 totum
3435 1474 3736 1540 mundum,
3783 1476 3826 1532 id

2253 1565 2367 1624 est,
2416 1566 2558 1624 toto,
2606 1575 3024 1631 quaquaversum
3064 1563 3332 1633 incolitur,
3371 1565 3502 1621 orbe
3547 1573 3822 1622 terrarum.

2254 1647 2427 1718 Ipsam
2455 1649 2683 1722 denique
2714 1652 3000 1708 humanam
3029 1655 3224 1722 vitam,
3256 1671 3357 1726 qua
3385 1673 3490 1711 non
3533 1656 3823 1712 secundum

2254 1739 2442 1808 Deum,
2473 1742 2566 1798 sed
2593 1744 2884 1800 secundum
2909 1745 3179 1802 hominem
3207 1747 3420 1814 vivitur,
3450 1748 3712 1803 mundum
3737 1747 3824 1805 hoc

2250 1832 2368 1888 loco
2393 1837 2678 1906 appellavit
2702 1837 3013 1908 Apostolus.
3046 1835 3172 1895 ideo
3203 1839 3348 1910 diligi
3376 1848 3519 1896 vetat
3542 1882 3558 1907 ,
3590 1849 3648 1895 et
3675 1839 3822 1908 dicit,

2253 1923 2437 1979 Omnia
2460 1943 2574 1998 qua:
2614 1928 2666 1983 in
2694 1929 2884 1984 mundo
2912 1939 3064 1998 sunt,
3092 1931 3497 2001 concupiscentia
3524 1932 3703 1993 carnis
3724 1943 3820 1999 est,

2247 2025 2294 2070 et
2323 2020 2724 2088 concupiscentia
2750 2021 3011 2076 oculorum
3030 2062 3043 2086 ,
3074 2031 3124 2076 et
3147 2023 3353 2077 ambitio
3378 2023 3556 2077 seaculi
3573 2063 3588 2088 ,
3630 2023 3718 2078 vel
3743 2041 3824 2078 ειιο

2246 2107 2418 2177 perbia
2444 2109 2589 2176 vita;
2608 2127 2722 2181 (luce
2741 2129 2841 2166 non
2865 2120 2938 2167 est
2962 2130 2994 2166 a
3026 2113 3206 2180 Patre,
3240 2113 3330 2169 sed
3379 2129 3443 2169 ea:
3490 2115 3688 2168 mundo
3737 2125 3819 2169 est.

2245 2195 2324 2249 Tu
2342 2236 2360 2263 ,
2405 2198 2450 2253 si
2479 2198 2608 2269 quid
2651 2211 2801 2270 potes
2824 2243 2840 2268 ,
2873 2203 2926 2257 in
2956 2203 3096 2258 bono
3124 2203 3408 2273 aliquando
3452 2203 3781 2259 nominatam
3806 2247 3821 2273 ,

2247 2286 2645 2358 Scripturarum
2686 2302 2990 2349 sanctarum
3020 2295 3140 2350 loco
3169 2296 3278 2352 ullo
3296 2337 3310 2362 ,
3337 2299 3821 2370 concupiscentiam

2241 2382 2419 2437 carnis
2443 2384 2665 2440 ostende
2698 2401 2713 2440 :
2743 2395 2800 2442 et
2841 2387 2952 2443 noli
2968 2389 3166 2458 apertis
3197 2389 3358 2446 rebus
3385 2391 3619 2448 nebulas
3643 2392 3823 2466 loqua-

2241 2471 2418 2528 citatis
2446 2473 2746 2532 oli‘undere.
3069 2501 3072 2504 θ

2313 2585 2454 2643 XXI.
2476 2589 2596 2645 ιω..
2623 2590 2778 2646 Certe
2793 2593 3064 2662 apostolus
3089 2605 3200 2662 est,
3229 2602 3282 2650 et
3305 2595 3570 2667 praecipua
3601 2596 3822 2654 Domino

2238 2675 2367 2733 Jesu
2395 2679 2656 2737 charitate
2685 2682 2910 2739 dilectus
2940 2701 2956 2739 :
2987 2694 3162 2741 tamen
3190 2687 3291 2742 nisi
3313 2688 3669 2744 intentionem
3695 2690 3821 2760 ejus,

2239 2770 2324 2824 vel
2355 2771 2705 2843 Evangelium
2748 2776 2887 2846 quod
2929 2778 3164 2849 scripsit,
3191 2779 3274 2834 vel
3305 2781 3672 2851 Epistolarum
3711 2799 3822 2853 gra-

2241 2861 2376 2915 vitas
2403 2862 2688 2933 indicaret,
2719 2867 2876 2922 verba
2906 2869 3006 2924 ista
3042 2885 3161 2939 qum
3186 2871 3492 2941 posuimus,
3522 2873 3596 2928 ita
3626 2875 3821 2930 nullum

2241 2961 2464 3022 possent
2489 2955 2648 3010 rebus
2671 2956 2863 3014 afferre
2887 2957 3248 3030 prirjudicium
3269 3004 3283 3030 ,
3311 2973 3370 3018 ut
3397 2964 3692 3034 Scripturis
3713 2981 3820 3022 om-

2239 3043 2424 3112 nibus,
2455 3062 2574 3116 qua:
2601 3049 2858 3106 mundum
2882 3066 2914 3106 a
2940 3051 3050 3108 Deo
3070 3051 3265 3108 factum
3286 3066 3570 3123 asserunt,
3591 3057 3786 3114 cedere
3803 3061 3819 3092 ¹

2239 3145 2574 3206 cogerentur.
2609 3138 2802 3196 Verum
2835 3142 2950 3213 ipse
2993 3143 3262 3216 Evangelii
3301 3147 3442 3219 quod
3483 3151 3820 3221 conscripsit,

2237 3230 2534 3286 reverendo
2573 3246 2632 3286 se
2661 3235 3011 3290 communivit
3056 3236 3278 3293 exordio
3307 3240 3350 3293 ί.
3399 3238 3572 3307 Deus,
3625 3241 3820 3313 inquit,

2237 3332 2344 3376 erat
2382 3321 2637 3390 Verbum;
2659 3343 2748 3396 per
2775 3327 2941 3399 ipsum
2964 3332 3100 3400 facta
3119 3341 3235 3384 sunt
3260 3332 3462 3401 omnia,
3508 3343 3558 3387 et
3585 3335 3700 3390 sine
3721 3337 3821 3407 ipso

2237 3415 2429 3485 factum
2455 3426 2529 3470 est
2557 3417 2704 3472 nihil.
2750 3417 2829 3473 Ac
2878 3419 3172 3492 deinceps:
3224 3423 3352 3478 Erat
3397 3424 3570 3481 lumen
3619 3444 3821 3493 rerum,

2236 3507 2374 3574 quod
2417 3507 2674 3563 illuminat
2724 3527 2922 3566 omnem
2966 3514 3218 3569 hominem
3267 3517 3544 3572 venientem
3592 3519 3650 3574 in
3697 3520 3822 3574 hunc

2237 3598 2522 3654 mundum:
2552 3600 2603 3654 in
2634 3601 2728 3656 hoc
2771 3605 2961 3660 mundo
3002 3616 3144 3673 erat,
3182 3617 3229 3662 et
3269 3624 3486 3664 niunaus
3527 3625 3621 3680 per
3664 3611 3822 3681 ipsum

2237 3693 2404 3760 factus
2429 3702 2521 3747 εει.
2551 3691 2786 3766 Itemque
2815 3713 2828 3751 :
2881 3695 3097 3752 Verbum
3135 3716 3253 3753 caro
3281 3703 3471 3772 factum
3495 3711 3602 3768 est,
3648 3713 3704 3756 ut
3730 3705 3820 3757 Ita-

2236 3783 2414 3840 bitaret
2439 3787 2490 3841 in
2519 3787 2660 3843 nobis
2681 3789 2860 3860 (Joan.
2893 3807 2931 3857 ι,
2963 3791 3023 3860 1,
3051 3793 3106 3860 5,
3135 3791 3197 3861 9,
3233 3793 3333 3861 10,
3366 3795 3480 3865 14).
3508 3795 3718 3862 Quibus
3742 3805 3821 3852 te-

2237 3877 2503 3936 stimoniis
2533 3879 2664 3936 nihil
2692 3881 2744 3937 in
2787 3884 3034 3940 sensibus
3053 3885 3165 3940 suis
3193 3885 3536 3942 obscuritatis
3565 3887 3779 3960 reliquit
3803 3907 3820 3944 :

2236 3971 2332 4026 sed
2358 3973 2594 4030 ostendit
2617 3976 2781 4031 Deum
2806 3992 2864 4033 se
2898 3993 3059 4033 nosse
3085 3987 3141 4034 et
3161 3993 3404 4035 asserere
3425 3980 3590 4036 totius
3615 3981 3821 4049 mundi,

2235 4071 2396 4134 atque
2419 4080 2602 4121 eorum
2621 4083 2738 4138 qum.
2759 4068 2810 4122 in
2838 4068 3038 4125 mundo
3063 4078 3189 4126 sunt
3209 4069 3445 4126 omnium
3465 4072 3824 4137 conditorem,

2236 4153 2647 4227 Maniclueisque
2695 4159 2900 4214 nullum
2950 4161 3017 4216 ad
3064 4163 3355 4218 sententias
3397 4179 3524 4219 suas
3547 4179 3824 4220 accessum

2236 4253 2420 4316 patere
2463 4249 2765 4318 perdocuit.
2796 4251 3056 4319 Quoniam
3099 4254 3190 4325 qui
3228 4256 3466 4310 omnium
3511 4266 3824 4312 natantum

2239 4336 2404 4392 Deum
2436 4343 2628 4395 asserit
2655 4352 2951 4398 creatorem
2973 4385 2986 4409 ,
3015 4344 3268 4412 abutitur,
3297 4346 3414 4402 sine
3446 4345 3571 4403 fidei
3600 4347 3822 4419 dispen-

2234 4428 2356 4495 dio,
2402 4431 2818 4488 snbstantiarum
2883 4435 3218 4504 nominibus,
3265 4436 3332 4494 ad
3376 4437 3822 4511 significationem

2233 4520 2535 4592 cupiditatis
2563 4522 2880 4582 immodicae.

2306 4637 2441 4695 Anc.
2469 4639 2575 4696 Sed
2605 4650 2659 4696 tu
2690 4641 3178 4712 concupiscentiam
3222 4643 3400 4699 carnis
3420 4685 3436 4711 ,
3481 4658 3583 4700 nec
3609 4643 3824 4714 quando

2235 4732 2516 4789 immodica
2546 4733 2688 4800 est’,
2709 4735 2790 4789 vis
2810 4734 3031 4806 intelligi
3054 4735 3254 4790 malum
3279 4751 3398 4792 esse
3417 4779 3435 4802 ,
3459 4735 3557 4791 sed
3583 4737 3779 4791 bonum
3803 4776 3821 4802 ,

2234 4842 2436 4899 eosque
2465 4829 2642 4898 potius
2669 4828 2808 4882 bono
2840 4829 2978 4883 male
3003 4828 3080 4883 uti
3099 4870 3114 4894 ,
3139 4829 3228 4900 qui
3259 4844 3321 4884 ea
3353 4838 3578 4884 utuntur
3623 4829 3822 4883 immo-

2233 4919 2372 4974 dice.
2396 4921 2473 4974 Ac
2494 4935 2588 4989 per
2608 4919 2710 4974 hoc
2730 4961 2744 4985 ,
2777 4918 2821 4974 si
2841 4919 3270 4990 concupiscentia
3287 4920 3466 4974 carnis
3482 4920 3678 4974 bonum
3697 4928 3822 4982 est;

2233 5013 2470 5085 profecto
2490 5020 2546 5068 et
2583 5013 2790 5068 modica
2810 5013 3006 5068 bonum
3023 5021 3105 5069 est
3129 5013 3417 5079 modicum,
3449 5022 3507 5068 et
3539 5012 3824 5067 immodica

2233 5106 2429 5160 bonum
2467 5113 2549 5160 est
2585 5105 2927 5161 immodicum
2960 5124 2974 5160 :
3009 5107 3102 5161 sed
3133 5107 3337 5162 modica
3368 5107 3466 5168 nti,
3501 5107 3606 5162 hoc
3633 5114 3733 5170 est,
3763 5115 3825 5159 nt

2231 5197 2385 5264 dicis,
2413 5195 2552 5252 bono
2580 5197 2716 5253 bene
2751 5199 2860 5264 uti;
2894 5197 3178 5252 immodica
3204 5213 3332 5253 vero
3360 5197 3457 5262 uti,
3490 5198 3593 5252 hoc
3631 5205 3730 5259 est,
3763 5207 3824 5250 nt

2231 5288 2385 5353 dicis,
2416 5289 2557 5344 bono
2582 5289 2721 5345 male
2761 5288 2857 5344 uti.
2889 5289 3036 5344 Sicut
3063 5290 3242 5344 vinum
3287 5290 3475 5361 procul
3519 5290 3682 5344 dubio
3722 5289 3821 5342 bo-

2232 5399 2356 5438 num
2385 5393 2501 5451 est;
2548 5385 2721 5439 omnis
2748 5385 2888 5440 enim
2914 5394 3157 5440 creatura
3191 5385 3281 5439 Dei
3313 5385 3450 5439 bona
3474 5392 3558 5439 est
3597 5383 3652 5454 (1
3683 5381 3818 5436 Tim.

2296 5537 2314 5608 ξ
2350 5536 2484 5608 Fditi,
2511 5537 2728 5608 credere.
2754 5537 2923 5587 Melius
2944 5538 3254 5608 manuscripti
3273 5573 3287 5594 ,
3312 5537 3505 5608 cedere.
3534 5597 3544 5607 O
3608 5597 3620 5608 ο

2293 5599 2314 5630 ¹
2344 5600 2419 5664 sic
2441 5606 2544 5647 Mss.
2573 5599 2691 5664 Editi
2715 5613 2850 5659 vero,
2879 5598 3184 5664 ﬁvangelium
3205 5600 3330 5663 quod
3353 5598 3663 5664 conscripsit,
3688 5610 3820 5648 νειτυ

2231 5659 2710 5734 rendo__conummii-it
2733 5660 2955 5734 exordio.
3006 5659 3026 5662 ”
3105 5723 3118 5734 _
3217 5659 3227 5663 ⁷
3283 5731 3293 5734 _
3448 5721 3461 5734 _

2295 5724 2316 5754 ³
2351 5722 2496 5780 tuliti,
2536 5723 2725 5772 modica
2771 5731 2877 5780 est;
2911 5732 2964 5774 et
3007 5723 3152 5786 ranlo
3194 5731 3329 5786 rost,
3375 5722 3461 5836 ἵ.ιεί
3510 5737 3568 5773 ea
3612 5727 3824 5795 inirentur

2295 5783 2433 5836 adice.
2470 5791 2676 5836 titrouue
2702 5783 2806 5836 loco
2832 5801 2894 5836 ex
2929 5789 3360 5836 ιιιιιιιιιειϊὶιιιυωιιι
3401 5786 3479 5836 'de
3504 5793 3816 5836 castigantur.

2231 5783 2433 5836 modice.
2470 5791 2676 5850 titroque
2702 5783 2806 5837 loco
2832 5801 2894 5837 ex
2929 5783 3360 5850 manus-ct'iptcrum
3383 5783 3479 5837 (ide
3504 5789 3816 5850 eaStigaulur-
