3950 6468
174 391 199 445 Ι
208 384 310 444 540

169 518 242 567 ιν,
269 499 342 572 ι)
371 518 386 555 :
412 507 468 554 et
489 495 579 568 qui
609 491 820 550 modico
848 487 973 544 vino
996 484 1178 551 utitur,
1206 481 1348 538 bono
1385 479 1521 536 bene
1549 481 1748 542 utitur;

167 594 255 665 qui
276 605 406 648 vero
438 566 723 644 immodico
750 581 876 636 vino
905 577 1087 644 utitur,
1116 576 1256 631 bono
1276 571 1414 627 male
1435 571 1617 625 utitur.
1648 566 1756 623 Sed

166 685 402 741 Joannes
428 691 696 747 nunquam
725 673 926 728 diceret
967 668 1146 722 vinum
1180 679 1211 719 a
1253 663 1406 718 Patre
1445 656 1550 716 non
1594 672 1713 715 esse
1737 698 1755 722 ,

167 776 307 830 sicut
333 766 820 840 concupiscentiam
848 761 1026 818 carnis
1054 757 1188 814 dixit
1227 771 1257 807 a
1298 755 1453 809 Patre
1479 767 1586 807 non
1615 765 1754 807 esse.

167 868 283 924 Non
310 867 471 938 igitur
495 861 722 925 invenis,
759 871 878 928 qua:
905 848 1332 922 concupiscentia
1359 846 1534 902 carnis
1561 859 1664 898 non
1691 843 1760 898 sit

168 979 199 1018 a
225 933 386 1018 Patre
418 975 433 1011 :
462 955 583 1027 quia
607 963 659 1009 et
682 948 960 1007 immodica
984 947 1184 1002 bontun
1214 949 1295 996 est
1315 938 1455 1009 apud
1483 947 1568 1002 te;
1595 946 1648 990 et
1674 933 1760 988 illc

159 1052 349 1124 ,potius
390 1015 495 1103 non
541 1054 622 1100 est
650 1044 841 1105 bonus,
884 1038 974 1109 qui
999 1037 1140 1092 bono
1179 1031 1464 1087 lmmodico
1493 1028 1675 1092 utitur,
1708 1015 1788 1080 id-

165 1120 271 1205 est.
302 1140 393 1212 qui
424 1140 564 1195 bono
593 1136 729 1190 male
756 1131 936 1187 utitur.
971 1127 1106 1196 Quid
1147 1139 1275 1194 ergo
1296 1121 1504 1177 dubitas
1530 1120 1764 1174 breviter

171 1210 466 1303 aperteque
511 1228 708 1288 dicere,
756 1220 898 1293 quod
947 1219 1173 1274 obscure
1219 1214 1392 1284 longis
1434 1210 1764 1266 anfractibus

133 1364 142 1374 .
170 1293 328 1389 dicis,
357 1293 499 1392 quod
520 1317 651 1372 dixit
670 1315 902 1372 Joannes
931 1309 1116 1364 falsum
1145 1320 1287 1371 esse,
1315 1312 1370 1359 et
1391 1312 1441 1358 te
1467 1293 1652 1356 verum
1677 1299 1762 1354 di-

161 1414 335 1472 cere?
365 1412 579 1467 Falsum
605 1415 688 1463 est
724 1407 864 1460 enim
895 1400 1037 1474 quod
1068 1400 1156 1454 ille
1197 1398 1290 1464 ait,
1322 1393 1764 1464 Coneupiscentia

165 1506 352 1563 carnis
395 1517 501 1558 non
529 1509 613 1557 est
654 1514 684 1553 a
713 1498 907 1563 Patre;
939 1510 968 1549 a
999 1507 1103 1564 quo
1132 1499 1257 1544 sunt
1298 1487 1475 1543 omnia
1508 1483 1764 1540 naturalia

165 1597 312 1650 bona
347 1595 435 1649 :si
477 1586 909 1660 concupiscentia
947 1583 1124 1640 carnis
1150 1582 1191 1648 ⁸,
1224 1587 1276 1634 ιιι
1317 1576 1511 1642 dicitis,
1545 1583 1600 1631 et
1640 1583 1767 1629 tunc

173 1689 310 1743 bona
343 1693 446 1749 est,
480 1698 601 1738 cum
632 1694 694 1735 ea
732 1677 958 1750 quisque
999 1671 1280 1729 immodica
1324 1668 1507 1735 utitur;
1554 1664 1648 1722 sed
1679 1665 1767 1721 ille

167 1781 351 1834 malus
375 1774 570 1844 estqui
598 1773 739 1828 bono
765 1772 786 1802 ²
811 1770 948 1825 male
979 1767 1164 1821 utitur.

244 1868 415 1924 XXII.
445 1866 562 1923 ιω..
603 1861 850 1931 Prmcipit
873 1874 999 1929 ergo
1026 1871 1132 1910 non
1161 1852 1307 1923 diligi
1350 1849 1627 1914 mundum,
1664 1861 1764 1902 ne-

179 1976 285 2030 que
311 1971 516 2028 eaqua:
560 1953 613 2008 in
658 1949 858 2006 mundo
897 1957 1056 2012 sunt;
1096 1952 1150 1998 et
1186 1943 1314 1997 dicit
1359 1939 1608 2010 quoniam
1635 1935 1769 1991 dile-

167 2025 431 2106 etoribus‘
459 2044 640 2103 saeculi
681 2041 774 2097 Dei
816 2038 1048 2094 charitas
1096 2035 1272 2089 inesse
1313 2045 1419 2085 non
1461 2025 1769 2099 possit:sed

177 2159 283 2199 non
313 2150 374 2196 ut
401 2141 504 2196 hoc
523 2137 740 2194 nomine
764 2131 1066 2190 dilectionis
1089 2144 1119 2184 a
1142 2125 1339 2183 saccqu
1363 2119 1765 2186 submovendae,

175 2235 406 2289 alterum
429 2230 544 2301 ejus
564 2241 722 2299 quant
744 2226 909 2280 Deum
934 2235 1118 2276 verum
1150 2214 1369 2286 intelligi
1399 2211 1557 2268 faciat
1584 2208 1771 2267 condi-

169 2333 388 2390 torem;
419 2299 606 2378 verum
637 2326 692 2373 ut
719 2321 1010 2387 agnoscant
1053 2309 1261 2375 ﬁdeles,
1295 2305 1466 2360 nullas
1495 2299 1772 2374 prmsentis

176 2416 299 2470 vita:
329 2411 650 2484 cupiditates
678 2402 1042 2478 praaferendas
1061 2414 1182 2456 esse
1200 2394 1502 2460 virtutibus,
1531 2406 1599 2446 ne
1620 2403 1773 2445 mens

175 2521 370 2563 eorum
399 2481 491 2557 aut
517 2495 889 2570 comparandis
927 2492 1137 2562 Opibus,
1165 2496 1257 2542 aut
1274 2481 1651 2554 conquirendis
1676 2494 1772 2534 vo—

173 2595 474 2668 iuptatibus
499 2568 776 2660 occupata,
803 2601 832 2641 a
870 2582 1193 2644 christianae,
1224 2593 1342 2648 qua:
1370 2587 1492 2629 vera
1519 2579 1622 2638 est,
1653 2568 1768 2639 phi-

178 2661 448 2758 losophia:
472 2683 764 2740 deducatur
786 2678 985 2747 vigore.
1017 2671 1268 2739 Quoniam
1295 2683 1440 2722 omne
1471 2663 1605 2736 quod
1624 2661 1775 2717 estin

180 2777 397 2843 mundo,
425 2771 825 2846 concupiscentia
865 2768 1050 2834 carnis,
1080 2773 1144 2819 'et
1172 2757 1578 2831 concupiscentia
1605 2755 1779 2811 oculo-
1815 2805 1818 2810 .

179 2887 294 2925 rum
321 2879 418 2936 est,
445 2877 492 2922 et
519 2845 749 2937 superbia
771 2863 919 2926 vitae;
943 2873 1056 2928 qua:
1085 2872 1183 2910 non
1208 2861 1280 2908 est
1304 2867 1367 2906 ea:
1402 2846 1578 2910 Patre,
1605 2845 1694 2902 sed
1716 2861 1780 2900 ea:

184 2963 376 3018 tumido
400 2971 474 3016 est
501 2975 521 3015 :
549 2968 592 3014 et
632 2953 854 3011 mundus
891 2949 1090 3016 transit,
1122 2957 1168 3002 et
1197 2940 1602 3014 concupiscentia
1630 2940 1779 3011 ejus;

181 3057 266 3126 qui
311 3064 485 3110 autem
531 3051 653 3124 facit
699 3047 1004 3103 voluntatem
1042 3039 1159 3105 Dei,
1211 3044 1377 3090 manet
1415 3035 1470 3088 in
1515 3040 1778 3089 internum.

185 3123 369 3205 iiundi
391 3123 782 3218 ergonomine,
814 3151 992 3194 mores
1021 3133 1294 3190 hominum
1331 3128 1463 3184 nihil
1493 3134 1613 3198 post
1638 3123 1780 3179 banc

186 3241 353 3296 vitam
381 3217 504 3294 esse
528 3231 934 3293 autumantium,
963 3227 1306 3295 diversasque
1343 3217 1645 3276 mortalium
1673 3224 1780 3271 tam

188 3345 415 3405 pompas
441 3341 596 3397 quam
625 3322 859 3379 luxurias
888 3316 1159 3375 indicavit.

257 3399 400 3476 Anc.
444 3417 583 3486 Ergo
623 3415 669 3470 si
713 3430 732 3465 ι
779 3409 963 3466 mundi
1003 3405 1240 3468 nomine,
1286 3413 1465 3457 mores
1505 3399 1781 3455 hominum

190 3512 321 3569 nihil
347 3517 474 3581 post
503 3507 640 3561 hanc
666 3504 828 3558 vitam
853 3513 976 3556 esse
1003 3495 1407 3558 autumantium,
1441 3490 1784 3560 diversasque

192 3601 501 3658 mortalium
545 3606 651 3652 tam
695 3606 916 3666 pompas
957 3604 1115 3662 quam
1149 3584 1386 3642 luxurias
1434 3581 1722 3644 indicavit;
1749 3582 1778 3633 ἰ

190 3696 245 3750 in
274 3692 364 3749 his
401 3697 533 3745 sunt
567 3687 654 3743 illa
683 3700 804 3756 qum
839 3697 958 3738 esse
985 3679 1120 3735 dixit
1149 3677 1202 3732 in
1230 3674 1447 3738 mundo,
1488 3682 1543 3728 et
1567 3690 1595 3725 a
1625 3672 1784 3726 Patre

194 3801 300 3841 non
322 3797 484 3847 esse;
513 3781 565 3836 in
591 3778 782 3850 quibus
805 3773 1031 3846 primum
1062 3770 1239 3824 locum
1265 3775 1414 3822 tenet
1436 3773 1521 3818 tua
1554 3763 1643 3816 illa
1672 3761 1787 3831 pul-

195 3878 324 3932 chra
348 3879 621 3942 suscepta,
650 3862 1076 3936 concupiscentia
1120 3859 1324 3915 scilicet
1359 3854 1554 3910 carnis.
1594 3852 1700 3908 Sed
1733 3862 1787 3906 tu

197 3969 415 4034 videris,
451 3967 506 4021 in
544 3962 781 4019 moribus
822 3957 1098 4012 hominum
1141 3952 1272 4006 nihil
1300 3955 1420 4020 post
1459 3947 1597 4001 hanc
1624 3945 1787 3998 vitam

199 4076 318 4116 esse
345 4055 703 4129 opinantium,
749 4048 984 4105 voluisse
1013 4042 1235 4114 intelligi
1281 4039 1558 4095 oculorum
1584 4049 1787 4090 concu-

201 4125 536 4224 piscentiam,
557 4145 805 4217 quoniam
827 4140 911 4194 his
931 4139 1089 4194 rebus
1105 4149 1237 4206 quas
1254 4131 1435 4187 vident
1452 4125 1786 4191 inluerendo,

199 4222 388 4302 nolunt
417 4258 481 4298 ea
508 4255 625 4312 quae
653 4253 756 4293 non
786 4233 972 4289 vident
996 4229 1252 4292 credere;
1281 4227 1335 4281 in
1376 4222 1583 4296 pompis
1610 4226 1790 4276 autem

203 4310 541 4400 mortalium,
577 4329 921 4385 ambitionem
952 4321 1130 4378 saeculi
1171 4317 1255 4373 vel
1293 4314 1594 4386 superbiam
1622 4310 1787 4376 vitae;

207 4437 256 4492 in
286 4431 514 4491 luxuriis
540 4442 684 4492 vero,
732 4416 1216 4491 concupiscentiam
1258 4411 1469 4477 carnis;
1512 4417 1572 4464 nt
1613 4405 1792 4463 omnia

204 4527 303 4582 tria
347 4539 471 4596 qua:
499 4521 732 4576 Joannes
779 4512 973 4586 posuit,
1018 4507 1326 4578 complexus
1355 4516 1472 4558 esse
1515 4498 1790 4555 videaris:

206 4589 564 4688 quasi'possit
591 4609 612 4640 ³
638 4621 757 4663 esse
801 4602 1008 4659 luxuria
1035 4613 1192 4670 quam
1227 4595 1513 4664 vituperas,
1542 4589 1642 4644 nisi
1667 4603 1795 4643 con-

208 4708 468 4765 sentiatur
509 4694 948 4768 concupiscentia:
985 4689 1161 4746 carnis
1204 4700 1362 4756 quam
1392 4678 1791 4751 vituperandam

207 4816 327 4857 esse
355 4809 464 4854 non
494 4802 666 4866 putas,
695 4801 748 4845 et
774 4789 970 4843 bonum
999 4779 1315 4854 appellando
1341 4778 1558 4845 insuper
1587 4770 1790 4826 laudas.

213 4893 346 4961 Quid
386 4899 472 4946 est
512 4896 687 4942 autem
718 4881 972 4944 insanius,
1002 4890 1158 4946 quam
1199 4870 1460 4926 luxuriam
1493 4865 1711 4930 malum,
1743 4870 1797 4916 ct

212 4980 690 5054 concupiscentiam
737 4972 958 5029 luxuria:
1007 4969 1203 5022 bonum
1247 4961 1468 5018 dicere?
1509 4967 1564 5014 ει
1610 4968 1795 5026 putare

215 5073 509 5148 apostolum
539 5067 730 5124 Christi
755 5063 966 5118 nomine
995 5053 1434 5126 concupiscentia:
1463 5047 1659 5113 carnis,
1687 5061 1795 5100 non

219 5144 380 5239 ipsam
427 5155 907 5231 concupiscentiam
953 5151 1148 5211 carnis,
1193 5145 1285 5202 sed
1316 5144 1488 5215 potius
1517 5151 1797 5196 accusasse

219 5246 503 5322 luxuriam,
543 5230 659 5321 qua:
697 5246 913 5302 omnino
957 5243 1095 5296 nulla
1126 5247 1226 5305 εει,
1273 5236 1374 5290 nisi
1412 5247 1532 5288 cum
1575 5230 1797 5301 quisque

219 5320 642 5421 concupiscentia
686 5338 862 5396 carnis
902 5335 1133 5399 illicitur,
1166 5329 1406 5394 trahitur,
1458 5320 1797 5396 possidetur?

280 5525 616 5589 ivlgnierins,
639 5517 724 5570 sed
767 5509 1146 5589 commisi-entia
1173 5503 1337 5589 carnis
1355 5511 1482 5589 ,Let.
1499 5498 1644 5572 paulo
1669 5504 1796 5589 post,

219 5588 262 5663 si
287 5567 964 5663 ἱιίέῗήὶέᾗὶἑῗέιῖιιαιιιιεειήιὶιὶ
988 5575 1149 5639 priore
1173 5570 1277 5621 loco
1304 5567 1503 5627 habent,
1529 5567 1608 5626 si;
1633 5569 1796 5626 poste-

221 5654 369 5710 riore,
388 5647 495 5699 sed.
693 5687 700 5690 _

283 5715 303 5744 ’
333 5710 498 5760 Codex
518 5714 646 5764 nam,
673 5702 808 5764 bona.

285 5773 306 5808 ³
338 5755 497 5827 inditi:
515 5779 609 5817 non
628 5755 788 5829 possit.
816 5758 1044 5814 Particula
1075 5768 1260 5822 negans
1299 5755 1581 5804 auctoritate
1628 5758 1774 5798 manu

225 5837 511 5903 scriptorum
533 5828 846 5893 cangitur.

1522 362 1722 422 LIBER
1759 356 2102 431 QUARTUS.

3274 359 3439 428 .1350

1863 475 2025 544 Quasi
2054 489 2158 530 non
2203 473 2464 531 invenerit
2510 481 2685 531 tantus
2729 473 2914 531 doctor
2955 474 3095 532 unde
3136 469 3300 542 illam,
3345 475 3443 532 sed

1863 566 2003 622 unde
2045 567 2371 622 luxuriosum
2417 567 2632 622 nomine
2673 566 2789 637 ejus
2828 577 3103 638 argueret;
3134 583 3254 624 cum
3282 567 3442 624 luxu-

1863 659 2035 713 riosus
2072 674 2178 713 non
2213 667 2354 714 esset
2377 657 2697 731 arguendus,
2729 658 2829 713 nisi
2868 657 2984 728 ejus
3011 659 3287 716 desideriis
3310 657 3445 716 obe-

1863 748 2019 803 diret.
2059 748 2248 804 Desine
2275 749 2494 803 multum
2525 748 2723 816 dicere,
2750 757 2804 804 et
2828 763 3013 820 parum
3042 763 3250 820 sapere.
3295 749 3446 805 Nun-

1864 857 2022 913 quam
2037 843 2253 908 efﬁcies,
2273 842 2600 913 quantolibet
2615 840 2945 912 loquacitatis
2963 849 3066 896 tua:
3083 841 3320 910 ﬂumine,
3337 857 3448 914 quo

1867 935 1918 989 in
1959 933 2216 1005 profunda
2260 935 2517 1005 raptaris;
2549 950 2766 1005 prorsus
2805 948 3080 1004 nunquam
3123 933 3341 1002 efﬁcies,
3386 942 3448 990 ut

1867 1025 2070 1080 luxuria
2097 1025 2164 1080 sit
2191 1026 2407 1090 malum,
2439 1034 2494 1081 et
2521 1027 2896 1095 concupiscere
2921 1039 3039 1094 quae
3066 1023 3133 1079 ad
3178 1024 3441 1080 luxuriam

1867 1115 2132 1186 pertinent
2162 1132 2264 1170 non
2305 1117 2374 1170 sit
2401 1117 2619 1183 malum,
2651 1117 2855 1172 etiamsi
2899 1117 2989 1171 tali
3017 1118 3035 1150 ί
3065 1116 3444 1187 concupiscen-

1869 1211 1955 1265 tia:
1984 1226 2089 1264 non
2127 1211 2504 1274 conscntiatur,
2535 1225 2600 1266 ne
2631 1209 2825 1265 malum
2853 1217 3204 1280 perpetretur.

1938 1300 2126 1355 XXIII.
2162 1301 2279 1356 Jun.
2319 1301 2407 1357 Sic
2433 1301 2574 1356 enim
2599 1310 2653 1356 et
2680 1300 2732 1355 in
2763 1300 3054 1372 Evangelio
3077 1314 3176 1355 suo
3203 1298 3444 1355 dixerat:

1871 1393 2095 1449 Mundus
2131 1411 2220 1465 per
2247 1395 2412 1464 ipsum
2447 1394 2611 1465 factus
2638 1403 2730 1459 est,
2761 1402 2808 1447 et
2836 1393 3055 1448 mundus
3094 1409 3207 1447 eum
3233 1408 3334 1447 non
3361 1406 3449 1446 ce-

1869 1487 2037 1559 gnovit
2067 1485 2245 1558 (Jorm.
2290 1503 2326 1552 ι,
2362 1486 2448 1558 l0)
2485 1504 2498 1539 :
2530 1502 2634 1542 non
2675 1487 2855 1557 utique
2896 1495 2955 1540 ut
2982 1484 3244 1540 elementa
3288 1481 3445 1539 Chri-

1870 1588 2011 1634 stum
2043 1578 2244 1632 ratione
2275 1579 2508 1633 carentia
2547 1577 2782 1648 potuisse
2807 1575 3111 1630 viderentur
3135 1573 3219 1629 vel
3244 1587 3448 1644 cogno-

1870 1685 2022 1725 scere
2062 1669 2141 1724 vel
2187 1683 2414 1739 negare;
2459 1667 2551 1723 sed
2580 1676 2639 1723 ut
2678 1667 2858 1723 mundi
2899 1666 3252 1737 appellatione
3295 1665 3446 1720 turba

1872 1759 2161 1816 inﬁdelium
2191 1760 2507 1829 signaretur.
2548 1757 2747 1813 Eodem
2777 1772 2904 1828 ergo
2938 1771 3087 1811 more
3116 1755 3166 1810 in
3199 1754 3450 1826 praesenti

1870 1864 2100 1920 quoque,
2132 1864 2289 1905 omne
2331 1847 2470 1919 quod
2498 1849 2550 1902 in
2582 1846 2779 1902 mundo
2804 1856 2905 1910 est,
2937 1844 2988 1901 id
3014 1855 3116 1911 est,
3137 1846 3314 1899 omnia
3352 1860 3446 1914 ge-

1825 1981 1828 1984 .
1872 1956 1998 1996 nera
2042 1939 2315 1996 hominum
2343 1940 2412 1994 ita
2459 1939 2814 2010 voluptatibus
2855 1937 3187 2003 inhaerentia,
3220 1946 3276 1990 ιιι
3314 1937 3450 1991 bona

1872 2041 2059 2088 cuncta
2090 2031 2417 2087 ratiOnabilis
2432 2030 2714 2086 animantis
2736 2039 2826 2084 aut
2850 2036 3169 2099 potestatum
3195 2027 3448 2098 phaleris,

1871 2134 1965 2180 aut
2005 2140 2163 2196 opum
2192 2125 2436 2190 sarcinis,
2466 2123 2712 2180 sensibus
2740 2123 3040 2186 metiantur,
3074 2135 3233 2174 exosa
3261 2121 3336 2173 ait
3360 2135 3454 2174 su-

1876 2215 2053 2287 perbia
2083 2216 2362 2286 turguisse,
2390 2231 2508 2286 quae
2536 2230 2603 2270 ex
2623 2215 2733 2270 Deo
2751 2228 2853 2268 non
2880 2221 2980 2278 est,
3011 2211 3061 2266 id
3086 2221 3189 2278 est,
3220 2211 3329 2265 Deo
3349 2225 3452 2264 non

1875 2306 2066 2377 placet,
2104 2305 2196 2360 sed
2221 2320 2284 2361 ex
2315 2305 2514 2360 mundo
2541 2314 2642 2369 est,
2670 2303 2955 2359 voluntatis
2980 2304 3182 2358 scilicet
3209 2303 3455 2356 humana:

1875 2397 2134 2468 pravitate
2158 2404 2432 2466 concepta.
2459 2395 2529 2450 Et
2550 2395 2671 2451 Ideo
2693 2408 2808 2461 vos,
2832 2395 3020 2464 inquit,
3047 2407 3142 2448 sua
3165 2408 3269 2447 non
3295 2392 3455 2447 debet

1877 2487 2212 2543 tertiulatione
2253 2500 2594 2557 corrumpere
2625 2502 2640 2540 :
2671 2486 2793 2557 quia
2831 2485 2922 2554 qui
2959 2484 3082 2540 facit
3127 2484 3450 2538 voluntatem

1878 2580 1993 2648 Dei,
2019 2588 2232 2635 aeternae
2257 2578 2315 2634 ﬁt
2340 2577 2680 2634 beatitudinis
2697 2590 2934 2646 compos,
2953 2589 3052 2629 nec
3071 2589 3190 2628 cum
3217 2586 3456 2642 pnesen-

1881 2672 2009 2726 tium
2048 2670 2331 2742 fragilitate
2355 2668 2709 2741 praetervolat.
2744 2668 2881 2738 Ergo
2913 2665 3149 2723 Joannes
3188 2663 3459 2734 apostolus

1880 2763 2002 2820 odio
2032 2763 2214 2819 haberi
2245 2761 2498 2817 mundum
2527 2760 2796 2831 praecepit,
2826 2757 3094 2830 quomodo
3119 2765 3173 2812 et
3203 2756 3460 2810 Dominus

1875 2856 1933 2910 in
1976 2854 2279 2926 Evangelio,
2316 2870 2420 2909 non
2449 2853 2619 2907 solum
2660 2864 2873 2922 corpus,
2905 2849 2999 2906 sed
3024 2850 3182 2904 etiam
3227 2848 3461 2902 animam

1881 2945 2052 3016 ipsam
2077 2952 2311 3000 nostram
2339 2943 2462 2998 odio
2488 2941 2781 2997 habendam
2807 2955 2930 2996 esse
2958 2939 3271 2995 monstravit
3295 2955 3307 2990 :
3334 2937 3457 3005 Qui,

1882 3039 2071 3111 inquit,
2117 3054 2218 3093 non
2259 3038 2364 3092 odit
2406 3046 2619 3107 patrem,
2667 3044 2758 3090 aut
2799 3035 3027 3106 fratrem,
3071 3035 3276 3104 insuper
3310 3036 3462 3088 etiam

1883 3133 2105 3186 animam
2131 3147 2294 3198 suam,
2326 3145 2427 3185 non
2456 3140 2528 3184 est
2555 3136 2632 3183 me
2656 3128 2837 3198 dignus
2864 3126 3010 3199 (an.
3037 3143 3144 3190 xw,
3178 3125 3293 3196 26).
3325 3125 3460 3180 Cum

1883 3233 2029 3280 certe
2054 3222 2285 3279 ﬁdelium
2309 3223 2516 3278 animus
2542 3237 2601 3276 se
2624 3221 2799 3277 odisse
2825 3235 2927 3273 non
2961 3219 3143 3287 possit,
3173 3218 3259 3288 qui
3281 3231 3464 3271 amore

1883 3315 2278 3376 consultissima
2323 3314 2628 3370 felicitatem
2677 3327 2825 3368 suam
2879 3310 3150 3365 doloribus
3197 3309 3357 3364 etiam
3410 3316 3466 3364 et

1887 3409 2132 3484 periculis
2151 3405 2434 3464 mercatur.
2457 3405 2594 3474 Quid
2611 3406 2766 3476 igitur
2780 3403 3022 3474 egimus?
3050 3405 3088 3457 A
3100 3402 3358 3471 postolum
3383 3402 3464 3454 vi-

1885 3503 2080 3558 delicet
2105 3501 2384 3566 Joannem,
2413 3514 2479 3554 ex
2504 3513 2653 3553 more
2677 3496 3064 3566 Scripturarum
3103 3493 3281 3548 mundi
3313 3509 3468 3547 voca.

1887 3593 2014 3650 bulo
2039 3607 2142 3647 non
2171 3601 2413 3646 naturam
2441 3589 2728 3660 perculisse
2754 3602 2951 3649 rerum,
2996 3583 3088 3639 sed
3116 3585 3238 3638 vitia
3277 3584 3434 3638 volun
3463 3612 3466 3616 ~

1889 3692 2056 3738 tntum
2087 3700 2101 3736 :
2129 3691 2288 3753 atque
2313 3681 2382 3734 ita
2421 3677 2903 3748 concupiscentiam
2944 3675 3119 3730 carnis
3149 3689 3373 3745 negasse
3400 3690 3465 3731 ex

1889 3773 2000 3828 Deo
2042 3786 2182 3838 esse,
2231 3771 2366 3826 sicut
2409 3769 2586 3824 omnia
2629 3782 2746 3838 qua:
2794 3766 2846 3820 in
2893 3764 3091 3820 mundo
3134 3774 3275 3818 sunt.
3315 3763 3465 3831 Quod

1889 3863 2207 3920 Manichazus
2245 3877 2353 3916 non
2380 3859 2666 3915 secundum
2698 3856 2936 3926 Apostoli
2967 3869 3204 3920 sensum,
3248 3853 3341 3908 sed
3381 3868 3468 3906 se-

1890 3956 2121 4012 cundum
2152 3953 2422 4024 perﬁdiam
2444 3967 2592 4006 suam
2617 3949 2758 4004 velut
2776 3955 3163 4017 consequenter
3185 3944 3466 4014 arripiens,

1890 4067 1989 4108 nec
2012 4050 2494 4121 concupiscentiam
2531 4045 2725 4109 carnis,
2767 4058 2863 4097 nec
2889 4042 3055 4110 ipsam
3100 4053 3333 4100 carnem,
3373 4051 3471 4090 nec

1895 4156 2058 4202 totum
2093 4154 2358 4215 pos-tremo
2401 4139 2654 4195 mundum
2681 4153 2711 4191 a
2740 4137 2848 4194 Deo
2876 4133 3153 4189 conﬁrmat
3177 4131 3421 4186 ell’cctum
3454 4146 3469 4183 :

1894 4253 2050 4311 quem
2078 4244 2132 4291 tu
2158 4244 2390 4298 secutus,
2419 4228 2900 4301 concupiscentiam
2925 4224 3120 4293 carnis,
3148 4238 3253 4279 non
3280 4238 3310 4277 a
3340 4222 3471 4288 Deo,

1895 4331 1987 4389 sed
2019 4346 2047 4384 a
2075 4328 2286 4384 diabolo
2312 4324 2579 4382 conditam
2610 4321 2804 4378 credis.

1966 4425 2100 4480 Anc.
2143 4420 2289 4475 lianc
2314 4433 2411 4488 ego
2433 4412 2909 4486 concupiscentiam
2929 4407 3102 4465 carnis
3126 4405 3320 4461 malum
3351 4403 3474 4457 dico

1897 4533 2034 4581 esse,
2065 4528 2222 4586 quam
2249 4509 2378 4566 dicit
2402 4508 2632 4564 Joannes
2658 4520 2687 4558 a
2720 4504 2873 4558 Patre
2900 4516 3003 4556 non
3050 4511 3190 4559 esse.
3223 4505 3275 4550 et
3313 4510 3472 4567 quam

1895 4609 2022 4664 dicit
2047 4602 2359 4661 Ambrosius
2387 4599 2439 4654 in
2485 4607 2726 4652 naturam
2751 4582 2985 4648 nostram
3019 4603 3086 4644 ex
3117 4587 3270 4658 primi
3301 4585 3474 4640 homi-

1899 4701 1979 4755 nis
2010 4693 2438 4768 praevaricatione
2462 4687 2684 4743 vertisse
2708 4682 2840 4758 (Lib.
2869 4684 2901 4737 7
2930 4681 2982 4736 in
3004 4679 3128 4734 Luc.
3160 4678 3258 4751 xu)
3286 4695 3301 4744 ;
3335 4678 3476 4732 unde

1897 4791 2126 4848 Joannes
2152 4789 2335 4842 volens
2360 4782 2600 4838 homines
2627 4777 2868 4848 intelligi,
2895 4790 3012 4831 eam
3039 4774 3168 4829 dicit
3190 4789 3255 4828 ex
3283 4771 3478 4826 Illulltlt)

1899 4897 2035 4938 esse.
2077 4880 2222 4935 Ilanc
2247 4871 2722 4943 concupiscentiam
2749 4868 2923 4924 carnis
2943 4877 2997 4922 et
3021 4865 3339 4920 Manichmus
3367 4879 3478 4917 ma-

1900 4977 2009 5032 lum
2038 4973 2195 5037 dicit;
2228 4969 2320 5024 sed
2358 4965 2497 5022 unde
2525 4965 2591 5020 sit
2620 4962 2787 5018 nescit
2819 4979 2832 5015 :
2874 4971 2929 5015 tu
2973 4968 3149 5013 autem
3177 4958 3369 5012 bonum
3398 4956 3480 5010 di-

1901 5069 1993 5134 cis,
2025 5067 2145 5138 quia
2185 5073 2239 5120 et
2267 5073 2321 5118 tu
2361 5060 2500 5116 unde
2528 5060 2600 5114 sit
2627 5055 2839 5120 nescis;
2871 5057 2923 5110 e't
2950 5069 3067 5109 eam
3099 5051 3335 5122 negando
3362 5065 3479 5103 esse

1902 5160 2044 5218 unde
2064 5158 2202 5213 illam
2231 5169 2350 5210 esse
2373 5152 2498 5208 dicit
2518 5147 2848 5210 Ambrosius,
2878 5143 3004 5200 facis
3033 5151 3088 5198 ut
3109 5151 3306 5197 naturxe
3334 5138 3474 5202 mali,

1903 5269 2058 5328 quam
2085 5252 2192 5307 Deo
2221 5257 2534 5304 comtcrnam
2561 5241 2773 5311 desipit,
2796 5247 2941 5295 recte
2972 5237 3068 5292 sibi
3099 5251 3215 5290 eam
3242 5231 3480 5287 videatur

1905 5321 2136 5400 tribuere
2181 5337 2517 5394 Manichmus.
2561 5334 2698 5402 Ergo
2744 5339 2802 5384 ut
2848 5339 2900 5383 et
2947 5336 3002 5382 tu
3051 5321 3384 5394 redargnaris
3427 5328 3482 5373 et

1903 5433 2240 5498 Mauichmus,
2285 5428 2411 5484 illttd
2450 5424 2590 5498 quod
2619 5423 2744 5479 dicit
2781 5421 3011 5476 Joannes
3049 5414 3336 5485 apostolus,
3370 5410 3482 5479 epi-

1906 5542 2099 5599 scopus
2131 5523 2348 5594 exponit
2375 5517 2704 5576 Ambrosius.
2745 5511 2895 5581 Quod
2923 5509 3065 5567 enim
3098 5523 3191 5577 per
3231 5501 3483 5574 ιιι-πνειιί-

1906 5621 2166 5678 cntionem
2198 5593 2350 5687 primi
2382 5611 2608 5668 hominis
2635 5611 2684 5664 in
2704 5614 2941 5661 naturam
2969 5599 3145 5666 vertit,
3170 5610 3274 5652 non
3301 5593 3486 5667 utique

1973 5737 1989 5769 ¹
2025 5732 2310 5795 vignierius,
2354 5723 2548 5798 etiarnsi.
2573 5714 2964 5795 concupiscentiw
2985 5711 3218 5775 ,‘omisno,
3261 5703 3489 5770 termed

1910 5799 2177 5851 restituitur
2211 5808 2272 5844 ex
2317 5798 2668 5850 ina‘lUSCt'thS.
