3990 6490
470 337 629 427 issi

470 450 593 507 Deo
616 456 941 509 comternum
967 447 1161 503 malum
1188 458 1309 513 est;
1338 455 1509 513 taceat
1534 461 1660 516 ergo
1699 443 2051 498 Manichzeus:

466 520 535 607 iet
561 552 734 595 tamen
762 541 959 594 malum
986 547 1103 599 est;
1136 548 1307 593 taceat
1330 552 1456 605 ergo
1485 537 1643 591 etiam
1668 534 1923 591 Julianus.
2022 594 2033 599 η

468 691 478 699 _
548 629 737 695 XXIV.
764 629 884 685 Jun.
912 629 1129 684 Constat
1148 628 1329 698 itaque
1344 627 1556 682 beatum
1570 625 1828 681 Joannem
1856 622 2051 679 nullam

473 722 571 775 tibi
617 720 818 775 erroris
863 719 1193 775 occasionem
1236 718 1490 775 dedisse:
1525 726 1574 771 te
1618 730 1777 786 porro
1822 713 2056 787 idquod

468 813 797 875 Nanicbazus
826 812 1041 882 protulit
1068 810 1360 866 imbibisse.
1400 810 1572 879 Atque
1600 804 1659 863 ut
1697 805 1923 877 apostoli
1945 805 2055 874 jam

460 904 867 976 existimatione
896 903 1135 967 defensa,
1164 917 1374 957 manum
1402 916 1560 971 super
1590 900 1691 954 hoc
1714 899 1799 954 vel
1827 899 2057 953 breviter

472 1003 842 1048 construamus
868 1011 882 1047 :
908 993 1035 1064 quid
1078 992 1165 1049 hic
1203 1000 1443 1047 sanctum
1483 990 1741 1046 Joannem
1784 989 2055 1045 existimas

475 1084 739 1152 intimare,
765 1098 885 1138 cum
911 1082 1390 1153 concupiscentiam
1410 1082 1585 1136 carnis
1611 1081 2055 1149 etconcupiscen-

474 1177 597 1229 tiam
625 1176 897 1231 oculoriun
927 1190 991 1230 ex
1011 1174 1121 1229 Deo
1148 1189 1253 1228 non
1282 1189 1401 1228 esse
1430 1172 1775 1243 pronuntiat?
1803 1171 2054 1229 Gcnnsnc

472 1268 645 1338 ipsum
662 1269 1121 1338 concupiscentia),
1137 1283 1255 1338 qum
1271 1283 1376 1322 non
1398 1267 1762 1322 mediocritate
1779 1281 2051 1331 concessa,

469 1359 564 1418 Sed
612 1360 883 1416 nimietate
916 1360 1182 1431 prohibita
1230 1362 1282 1414 in
1312 1359 1497 1415 vitium
1544 1358 1718 1423 cadit;
1767 1373 1833 1412 an
1878 1357 2051 1413 solum

469 1464 770 1520 excessum,
812 1451 900 1521 qui
933 1465 1036 1506 non
1066 1450 1344 1517 naturalis,
1381 1448 1477 1505 sed
1504 1448 1832 1504 voluntarius
1857 1446 2051 1518 depre-

470 1528 755 1597 uendituri

538 1633 674 1687 Auc.
713 1631 769 1687 Si
813 1632 866 1688 in
911 1631 1094 1687 vitium
1121 1631 1283 1698 cadit,
1322 1638 1445 1685 tunc
1472 1645 1589 1685 eam
1633 1630 1821 1684 saltem
1852 1627 2050 1683 malum

455 1737 585 1798 esse
611 1723 842 1779 concede
875 1743 891 1779 :
921 1724 1014 1779 sed
1043 1737 1140 1776 cur
1166 1737 1282 1777 eam
1312 1730 1436 1776 tunc
1463 1736 1676 1791 quoque
1705 1721 1899 1775 bonum
1925 1734 2046 1775 esse

465 1811 765 1880 contendis,
788 1820 842 1867 et
864 1828 987 1868 eum
1017 1811 1158 1867 bono
1187 1812 1322 1866 male
1347 1813 1420 1865 uti
1443 1811 1598 1877 dicis,
1625 1811 1713 1881 qui
1739 1824 2049 1865 concessum

464 1902 582 1971 ejus
612 1902 824 1957 modum
852 1904 1104 1958 excedit?
1133 1902 1221 1957 Sic
1246 1902 1389 1956 enim
1417 1917 1521 1955 non
1551 1901 1683 1970 ipsa,
1712 1900 1807 1955 sed
1838 1900 1927 1954 ille
1952 1914 2047 1955 ca-

456 1990 540 2069 dit
565 1993 616 2046 in
633 1993 839 2060 vitium,
862 1993 949 2063 qui
967 2008 1027 2048 ea
1051 1993 1189 2047 male
1209 1993 1391 2047 utitur.
1419 1992 1646 2047 Videsne
1661 2007 1818 2061 quam
1841 1991 2049 2047 nescias

462 2084 588 2155 quid
626 2084 881 2157 loquaris,
920 2084 1132 2157 quando
1178 2099 1277 2141 nec
1325 2085 1380 2140 in
1432 2092 1519 2139 tua
1561 2080 1869 2140 deﬁnitione
1913 2098 2048 2140 con-

463 2174 606 2232 sistis
628 2174 653 2229 ’ἲ

531 2283 700 2340 XXV.
745 2283 865 2348 Jun.
914 2284 972 2341 Si
1018 2285 1251 2353 dixeris,
1297 2284 1511 2341 nomine
1558 2284 2042 2355 concupiscentim,

460 2374 619 2431 etiam
647 2375 797 2431 illum
821 2376 991 2446 ipsum
1032 2374 1269 2442 modum,
1299 2389 1406 2445 quo
1436 2375 1578 2437 licita
1618 2391 1795 2431 rerum
1826 2382 2043 2429 natura-

459 2465 586 2518 lium
608 2464 856 2539 afﬁcitur
898 2466 1187 2534 voluptate,
1236 2472 1293 2519 ut
1320 2466 1743 2535 concupiscentia
1785 2465 1961 2520 carnis
1991 2465 2041 2519 in

462 2556 764 2615 universum
788 2557 1070 2627 reprobata
1116 2555 1353 2612 videatur
1385 2575 1397 2611 :
1426 2572 1553 2627 ergo
1581 2566 1636 2612 et
1659 2572 1873 2612 sensum
1919 2572 2046 2611 ocu-

460 2645 659 2711 lorum,
687 2654 741 2701 et
760 2644 1014 2701 mundum
1045 2646 1238 2715 ipsum,
1264 2654 1317 2701 et
1357 2646 1612 2716 quidquid
1636 2648 1685 2700 in
1718 2646 1913 2701 mundo
1937 2655 2039 2711 est,

459 2749 487 2786 a
518 2734 731 2788 diabolo
758 2734 1029 2790 conditum
1059 2736 1348 2805 profitere;
1377 2736 1499 2806 quia
1528 2736 1701 2791 omnia
1749 2735 1945 2806 pariter
1972 2751 2039 2792 ex

459 2824 568 2879 Deo
609 2840 712 2879 non
742 2839 860 2881 esse
898 2824 1162 2881 dicuntur.
1191 2823 1341 2893 Quod
1366 2836 1511 2881 certe
1539 2828 1584 2881 si
1614 2825 1887 2893 annueris,
1935 2841 2041 2883 non

455 2914 702 2972 eﬂicieris
724 2916 1079 2982 Manichacus;
1110 2931 1170 2975 es
1212 2917 1355 2972 enim
1402 2919 1561 2973 etiam
1604 2933 1746 2974 nunc
1773 2937 1787 2973 :
1814 2916 1909 2974 sed
1941 2917 2042 2975 hoc

459 3016 511 3077 te
536 3022 678 3075 esse,
704 3016 761 3065 ut
800 3009 1127 3080 argumentis
1157 3009 1259 3065 tuis
1287 3009 1438 3077 olim,
1469 3010 1540 3065 ita
1583 3025 1792 3081 quoque
1832 3010 2041 3082 profes-

448 3100 606 3157 sione
635 3101 973 3165 monstrabis.
1014 3100 1072 3157 Si
1099 3110 1279 3157 autem
1318 3101 1569 3157 nudatum
1598 3117 1831 3157 errorem
1878 3119 2041 3173 pave-

453 3204 627 3257 scens,
683 3189 883 3245 dixeris
945 3190 1257 3261 Apostolum
1322 3192 1537 3247 nomine
1598 3193 2040 3263 concupiscentia:

453 3281 629 3354 carnis
648 3289 703 3337 et
724 3281 998 3336 oculorum
1018 3282 1482 3353 concupiscentiae,
1508 3291 1561 3338 et
1585 3284 1799 3338 nomine
1824 3283 2029 3352 mundi,

454 3386 557 3425 non
589 3386 676 3427 res
704 3370 867 3441 ipsas,
898 3386 1017 3441 qua:
1053 3386 1172 3427 cum
1199 3372 1333 3426 intra
1368 3386 1654 3428 concessos
1694 3372 1824 3427 ﬁnes
1851 3382 2039 3429 tenen-

454 3469 560 3525 tur,
593 3462 837 3517 innocua:
859 3471 1022 3527 sunt;
1053 3476 1172 3518 cum
1199 3471 1376 3518 autem
1406 3462 1458 3516 in
1486 3462 1662 3516 illicita
1696 3472 2035 3532 procurrunt,

453 3550 585 3609 fiunt
625 3551 1092 3625 reprehensibiles,
1135 3551 1420 3608 adnotasse
1454 3569 1467 3606 :
1500 3552 1755 3620 clarebit,
1802 3552 1940 3624 quod
1986 3554 2037 3608 in

452 3642 625 3711 primo
666 3657 829 3713 Opere
872 3642 1100 3712 egimus,
1145 3643 1591 3711 concupiscentiae
1635 3643 1888 3698 naturalis
1929 3659 2037 3698 non

450 3748 637 3806 genus,
664 3749 771 3789 non
811 3732 1063 3806 speciem,
1097 3749 1202 3788 non
1233 3733 1468 3797 modum,
1497 3734 1591 3788 sed
1618 3748 1896 3789 excessum
1924 3742 2039 3787 tan—

450 3835 561 3887 tum
588 3825 642 3883 in
679 3825 890 3895 culpam
915 3825 1119 3891 venire.
1158 3825 1330 3895 Atque
1371 3824 1493 3879 ideo
1534 3823 1637 3880 hoc
1679 3824 2036 3879 testimonium

450 3918 689 3988 Apostoli
714 3914 783 3973 ‘in
812 3918 1073 3989 reliquum
1105 3916 1363 3988 pudenter
1390 3926 1595 3983 caveto,
1628 3932 1696 3972 nc
1722 3917 1848 3971 illud
1876 3917 1920 3971 si
1953 3917 2036 3972 vel

449 4007 550 4064 levi
567 4010 1070 4065 commemoratione
1092 4009 1364 4078 pollueris,
1383 4009 1629 4065 defensus
1648 4009 1858 4080 quidem
1879 4008 2034 4077 nihil,

450 4100 722 4169 propalam
749 4115 879 4156 vero
922 4100 1164 4180 proditus
1203 4100 1513 4170 approberis
1540 4102 1581 4154 ί.

519 4192 658 4247 Anc.
699 4190 829 4258 Sed,
874 4191 1034 4247 homo
1059 4191 1411 4254 contentiose,
1444 4190 1630 4245 modus
1658 4190 2037 4260 concupiscen-

450 4281 560 4347 tiae,
590 4295 747 4351 quem
774 4280 908 4335 dicis
936 4296 1054 4336 esse
1082 4295 1418 4346 concessum,
1448 4289 1575 4335 tunc
1616 4296 1719 4335 non
1749 4290 1990 4335 servatur
2017 4322 2032 4346 ,

448 4376 661 4448 quando
687 4376 761 4437 illi
787 4375 1077 4446 impellenti
1107 4375 1438 4431 consentitur
1486 4384 1578 4429 aut
1602 4375 1826 4443 ceditur,
1856 4384 1907 4430 et
1933 4375 2037 4430 itur

450 4467 504 4529 in
528 4472 643 4537 ejus
667 4480 943 4522 excessum
979 4483 992 4519 :
1024 4479 1129 4535 quo
1153 4472 1212 4520 ut
1240 4479 1344 4519 non
1372 4474 1543 4531 eatur,
1584 4464 1847 4519 resistitur
1872 4465 2031 4519 malo.

448 4557 578 4624 Quis
600 4558 742 4611 enim
781 4556 985 4611 dubitet
1011 4555 1205 4610 malum
1232 4569 1351 4610 esse
1376 4556 1421 4619 ’,
1453 4555 1538 4609 cui
1576 4554 1618 4609 si
1650 4555 1887 4619 obcdias,
1919 4570 2031 4608 ma-

448 4641 557 4697 lum
589 4639 751 4706 facis;
784 4641 827 4695 si
853 4655 1134 4711 repugnes,
1163 4638 1403 4695 bonum?
1428 4638 1526 4706 Qui
1554 4654 1680 4709 ergo
1703 4639 1810 4693 vult
1832 4648 2034 4709 tempe-

449 4740 628 4786 ranter
668 4730 873 4797 vivere,
915 4746 1018 4784 non
1063 4730 1361 4785 consentiat
1386 4728 1527 4783 malo
1564 4729 1703 4799 quod
1732 4729 1948 4792 laudas;
1980 4738 2034 4785 et

446 4823 535 4892 qui
571 4821 683 4876 vult
715 4820 937 4876 fideliter
960 4822 1153 4889 vivere,
1186 4836 1288 4876 non
1330 4821 1422 4875 tibi
1451 4822 1743 4875 consentiat
1767 4838 1885 4876 eum
1920 4838 2031 4876 ma-

449 4912 557 4967 lum
584 4913 805 4979 laudas;
837 4911 1057 4981 proinde
1084 4920 1141 4967 ut
1173 4926 1269 4967 vos
1310 4920 1512 4978 caveat,
1545 4912 2027 4981 concupiscentiam

444 5003 624 5058 carnis
663 5003 858 5057 malum
904 5016 1023 5057 esse
1051 5001 1218 5070 sciat;
1252 5013 1307 5057 ut
1351 5011 1527 5057 autem
1569 5010 1623 5056 et
1648 5000 1742 5057 vos
1786 5012 1839 5057 et
1868 5001 2033 5057 Mani-

449 5095 652 5161 chaeos,
684 5094 823 5149 unde
849 5094 917 5149 sit
944 5095 1098 5149 sciat.
1546 5094 1557 5108 ‘

521 5204 712 5261 XXVI.
752 5204 873 5261 Jun.
915 5204 1141 5261 Exercni
1182 5206 1319 5260 hunc
1347 5205 1519 5261 locum
1548 5206 1600 5262 in
1627 5204 1859 5263 secundo
1887 5205 2030 5277 prio-

445 5296 521 5352 ris
569 5297 746 5367 operis
792 5295 991 5362 libello,
1043 5304 1203 5366 atque
1251 5298 1481 5361 ostendi,
1527 5299 1674 5368 prius
1720 5298 1771 5351 in
1816 5297 2029 5353 homine

443 5387 925 5459 concupiscentiam
955 5388 1129 5443 carnis
1155 5404 1272 5457 qua:
1316 5389 1549 5457 speciem
1577 5389 1596 5419 ³
1626 5389 1798 5444 irritat
1825 5392 2029 5459 saporis

511 5520 529 5553 ι
563 5519 700 5579 Editi,
723 5531 810 5582 per
851 5518 1014 5584 palam
1041 5518 1713 5584 verohperdimsapparebis.
1750 5522 2029 5572 (loncinnior

447 5589 629 5653 nostra,
667 5579 777 5653 quia
801 5579 1023 5653 veterum
1047 5579 1397 5653 eminuerunt,
1420 5579 1579 5631 lectio.

513 5646 532 5673 ³
565 5640 864 5705 vignierius:
917 5640 1027 5702 (mis
1064 5642 1189 5705 enim
1214 5641 1397 5692 dubitat
1442 5656 1572 5704 esse;
1615 5643 1788 5693 omisso
1827 5643 2021 5705 nmium,

451 5703 581 5765 quod
606 5703 711 5752 erat
735 5706 783 5752 in
808 5704 1156 5765 manuscriptis.

512 5768 533 5795 ³
568 5772 615 5812 In
640 5771 766 5826 Mss,
791 5778 938 5828 simu.
967 5772 1112 5814 locus
1136 5765 1401 5829 perplexus
1427 5774 1477 5816 et
1501 5766 1807 5830 depravatus.

1194 335 1438 419 OPIZRIS
1478 331 1885 388 IMPERFECTI
1922 328 2194 385 CONTRA
2232 330 2585 398 JULIANUM,
2627 332 2683 388 S.
2726 334 3086 392 AUGUSTINI

3606 350 3629 405 Ι
3643 352 3757 409 552

2165 452 2219 497 et
2244 444 2513 500 oculorum
2553 446 2735 512 fuisse,
2764 465 2921 519 quant
2948 452 3177 521 culpam.

2233 538 2366 591 Auc.
2409 538 2538 609 lluic
2562 539 2697 595 libro
2724 551 2812 595 tuo
2838 544 3090 607 secundo,
3116 546 3245 601 satis
3273 550 3519 619 respondi
3549 567 3754 624 quarto

2156 641 2302 700 .meo.
2333 627 2463 682 Nam
2504 630 2643 685 sicut
2685 632 2776 698 ibi,
2816 632 2888 689 ita
2915 644 2967 688 et
3010 634 3096 691 hic
3143 639 3311 707 garris
3356 641 3552 698 inania.
3582 647 3753 703 Nullo

2160 717 2300 787 enim
2343 718 2503 774 modo
2543 722 2840 787 ostendisti,
2878 727 3357 795 concupiscentiam
3405 736 3600 801 carnis,
3635 753 3747 807 qua

2158 820 2283 863 caro
2312 811 2634 881 concupiscit
2660 812 2916 870 adversus
2945 817 3208 887 Spiritum,
3253 820 3396 889 prius
3423 824 3473 877 in
3522 825 3751 883 homine

2158 918 2279 959 esse
2297 907 2545 975 coepisse,
2574 923 2733 979 quam
2759 910 2985 980 culpam.
3017 912 3281 984 Quidquid
3305 916 3430 972 illud
3461 930 3564 986 est,
3591 924 3748 992 quod

2156 994 2264 1051 duo
2293 997 2365 1052 illi
2395 998 2637 1055 homines
2663 1012 2783 1071 post
2810 1013 3083 1072 peccatum
3116 1004 3167 1060 in
3194 1008 3446 1064 membris
3472 1013 3585 1071 suis
3612 1030 3752 1068 sen-

2155 1099 2343 1145 serunt
2383 1107 2601 1159 novum,
2629 1094 2770 1150 unde
2798 1095 2967 1165 pudor
3002 1112 3185 1152 eorum
3228 1100 3470 1169 pudenda
3497 1107 3749 1162 contexit

2158 1177 2309 1250 (Gen.
2334 1197 2410 1243 ιιι,
2441 1184 2528 1253 7),
2555 1185 2736 1253 procul
2761 1184 2924 1241 dubio
2948 1187 3099 1257 culpa
3128 1192 3413 1245 contraxit.

2229 1270 2438 1326 XXVII.
2467 1272 2584 1327 Jun.
2620 1274 2715 1330 llic
2753 1286 2928 1331 tamen
2967 1280 3265 1355 necessario
3309 1282 3495 1352 exigo,
3534 1285 3745 1355 quibus

2142 1360 2249 1421 tibi
2272 1363 2492 1418 somniis
2518 1365 2806 1419 revelatum
2832 1366 2918 1432 sit,
2947 1375 3005 1421 ut
3023 1369 3237 1424 nomine
3254 1373 3705 1442 concupiscentia:
3722 1415 3743 1440 ,

2154 1453 2457 1509 coeuntium
2503 1455 2775 1510 libidinem
2815 1456 3097 1513 indicatam
3131 1470 3365 1530 putares.
3394 1463 3565 1518 Salvis
3591 1468 3743 1520 enim

2153 1544 2380 1614 opibus‘
2422 1546 2693 1614 veritatis,
2741 1563 2873 1617 quas
2917 1550 3202 1621 disputatio
3247 1553 3403 1623 longa
3450 1555 3742 1623 patefecit,

2154 1642 2400 1703 putemus
2423 1636 2647 1693 necdum
2677 1636 2955 1704 claruisse,
2982 1641 3049 1694 ad
3077 1641 3323 1697 eumdem
3352 1654 3624 1701 auctorem
3650 1656 3743 1701 at-

2153 1725 2322 1781 tinere
2350 1742 2538 1782 sensus
2564 1730 2740 1785 carnis
2763 1772 2779 1797 ,
2828 1731 2895 1786 ad
2920 1748 3077 1803 quem
3106 1734 3222 1803 ejus
3251 1735 3416 1793 forma
3449 1741 3739 1808 pertineat.

2156 1868 2163 1871 .
2220 1818 2355 1874 Ave.
2374 1819 2477 1873 Alii
2498 1829 2622 1876 sunt
2648 1823 2825 1877 carnis
2852 1836 3063 1889 sensus,
3084 1826 3278 1895 quibus
3296 1842 3421 1882 caro
3441 1831 3731 1901 prmsentia

2150 1910 2443 1979 corporalia
2473 1911 2679 1982 spiritui
2704 1914 2932 1983 quodam
2958 1917 3115 1971 modo
3144 1920 3380 1983 nuntiat;
3411 1929 3465 1975 et
3490 1921 3579 1975 alii
3606 1931 3740 1977 sunt

2146 2000 2379 2056 carnalis
2403 2004 2846 2073 concupiscentia:
2871 2015 3072 2072 motus,
3107 2008 3299 2078 quibus
3323 2025 3450 2065 caro
3472 2010 3741 2067 adversus

2147 2091 2391 2161 spiritum
2421 2096 2804 2166 concupiscens
2842 2098 2894 2152 in
2920 2114 3144 2170 quaeque
3178 2101 3358 2156 illicita
3387 2112 3545 2174 atque
3572 2104 3740 2159 inho-

2147 2192 2299 2237 nesta
2327 2185 2639 2256 prazcipitat,
2666 2187 2766 2242 nisi
2786 2187 3043 2245 adversus
3060 2204 3177 2245 eam
3197 2192 3354 2247 etiam
3377 2197 3488 2264 ipse
3512 2196 3741 2264 spiritus

2146 2274 2486 2342 concupiscat
2517 2293 2530 2329 :
2563 2291 2682 2345 quze
2728 2276 2990 2333 discordia
3032 2280 3209 2336 carnis
3252 2292 3307 2336 et
3344 2285 3589 2351 spiritus,
3620 2302 3737 2341 non

2146 2367 2370 2421 creatori
2401 2370 2576 2423 carnis
2603 2378 2695 2424 aut
2726 2385 2916 2425 sensus
2935 2410 2952 2438 ,
2996 2371 3091 2426 sed
3122 2373 3260 2426 malo
3289 2377 3493 2429 suasori
3532 2388 3586 2431 et
3628 2377 3735 2430 lio-

2147 2457 2274 2510 mini
2304 2459 2696 2527 prmvaricatori
2725 2460 2971 2517 tribuitur
2994 2462 3060 2519 ab
3087 2464 3187 2530 eis,
3219 2481 3441 2534 quorum
3471 2466 3574 2522 (ide
3597 2484 3735 2524 sana

2145 2561 2297 2602 error
2324 2548 2539 2605 insanus
2558 2550 2957 2622 Pelagianorum
2979 2561 3033 2608 et
3060 2553 3468 2610 Manichaeorum
3493 2558 3692 2619 danma
3707 2589 3728 2601 ο

2146 2645 2255 2693 tur.

2214 2728 2453 2785 XXVIII.
2494 2729 2615 2785 ιω..
2658 2731 2761 2787 Sed
2802 2732 2847 2787 si
2894 2733 2995 2790 hoc
3036 2733 3260 2805 fingatur
3296 2736 3635 2807 ambiguum,
3678 2748 3737 2795 te

2142 2820 2395 2875 continuo
2419 2821 2745 2877 crassissima
2767 2822 2909 2878 dubii
2936 2825 3103 2880 nubes
3124 2826 3377 2881 involvet.
3401 2827 3510 2883 "ac
3528 2828 3735 2899 quippe

2143 2910 2571 2980 concupiscentia
2625 2912 2802 2967 carnis
2856 2915 3057 2969 nullum
3114 2916 3356 2972 absolute
3406 2920 3728 2988 genitalium

2144 3007 2354 3065 tenetur
2389 3001 2703 3056 indicium'.
2739 3005 2915 3059 Dicam
2955 3020 3082 3076 ergo
3122 3020 3279 3061 aures
3318 3006 3419 3061 hoc
3466 3010 3732 3065 vocabulo

2142 3091 2411 3147 variorum
2437 3093 2678 3150 sitientes
2704 3095 2998 3150 carminum
3022 3095 3326 3165 verberari,
3354 3096 3525 3153 dicam
3555 3102 3730 3154 casti-

2141 3183 2253 3253 gari
2281 3198 2313 3238 a
2341 3192 2525 3239 sancto
2548 3183 2754 3241 Joanne
2779 3185 3087 3241 hclluonum
3116 3188 3347 3257 palatum
3369 3230 3387 3256 ,
3416 3188 3587 3245 dicam
3608 3191 3732 3246 cul-

2142 3276 2254 3345 pari
2296 3276 2696 3331 immorientes'
2722 3277 2974 3334 odoribus
3016 3294 3201 3345 nares;
3247 3288 3411 3334 totum
3452 3291 3729 3351 postremo

2142 3377 2335 3437 prmtcr
2362 3368 2413 3422 id
2450 3367 2591 3438 quod
2622 3376 2678 3422 tu
2711 3369 2985 3424 arbitraris
3012 3387 3026 3423 :
3052 3369 3219 3425 libera
3247 3381 3330 3425 est
3366 3370 3558 3425 electio
3578 3412 3593 3437 ,
3630 3372 3728 3428 ubi

2140 3455 2387 3526 Specialis
2415 3457 2559 3513 verbi
2590 3457 2734 3512 nulla
2764 3473 3011 3529 pressura
3041 3466 3145 3514 est.
3177 3462 3282 3514 Aut
3310 3475 3436 3530 ergo
3471 3477 3603 3532 nega
3632 3464 3729 3518 illa

2140 3564 2258 3618 qua:
2276 3548 2504 3604 diximus
2522 3550 2853 3621 concupisci;
2875 3561 2928 3607 et
2942 3550 3200 3618 inliciare,
3224 3560 3282 3607 ut
3302 3553 3463 3621 soles,
3481 3556 3728 3611 omnium

2140 3641 2478 3696 conscientiae
2502 3659 2515 3696 :
2537 3651 2628 3697 aut
2653 3642 2699 3698 si
2729 3624 2954 3698 necdum
2997 3658 3063 3700 eo
3089 3658 3255 3715 usque
3284 3643 3605 3714 impudentia
3636 3646 3729 3700 in-

2140 3731 2343 3798 calluit,
2373 3740 2431 3786 ut
2458 3732 2542 3788 bis
2566 3741 2791 3789 conetur
2817 3733 3008 3801 obniti,
3036 3734 3301 3790 assentire
3325 3734 3728 3792 damnationem

2138 3822 2384 3893 genitalis
2407 3823 2753 3892 jucunditatis
2778 3838 2878 3881 nec
2904 3824 2955 3879 in
2984 3825 3323 3881 sermonibus
3348 3826 3594 3881 inveniri.

2210 3914 2343 3969 Anc.
2368 3914 2444 3969 Ita
2463 3914 2565 3969 hoc
2582 3914 2736 3980 dicis,
2754 3914 2905 3984 quasi
2930 3929 3027 3969 nos
3047 3916 3524 3986 concupiscentiam
3543 3917 3728 3973 carnis

2142 4006 2194 4061 in
2238 4006 2405 4062 solam
2454 4007 2777 4076 voluptatem
2824 4006 3133 4077 genitalium
3183 4007 3421 4064 dicamus
3468 4018 3724 4065 aestuare.

2141 4098 2366 4154 Prorsus
2406 4098 2459 4153 in
2501 4113 2835 4169 quocumque
2879 4100 3119 4170 corporis
3164 4115 3325 4155 sensu
3366 4116 3492 4157 caro
3533 4114 3727 4157 contra

2140 4189 2385 4259 spiritum
2431 4188 2788 4259 concupiscit,
2831 4189 2943 4258 ipsa
2985 4191 3439 4260 cognoscitur:et
3468 4192 3724 4261 quoniam

2140 4279 2186 4333 si
2227 4293 2333 4333 non
2373 4279 2628 4334 adversus
2655 4294 2771 4334 eam
2802 4280 3018 4349 spiritus
3046 4280 3232 4335 fortius
3252 4282 3624 4352 concupiscat,
3654 4285 3725 4340 ad

2140 4369 2275 4425 mala
2329 4368 2624 4439 pertrahit,
2682 4370 2877 4424 malum
2929 4385 3048 4426 esse
3094 4370 3444 4426 convincitur.
3498 4372 3729 4443 Propter

2140 4460 2309 4529 ipsam
2354 4461 2626 4530 Scriptura
2668 4460 2795 4515 dicit
2831 4478 2843 4514 :
2879 4460 3108 4531 Nequius
3155 4462 3298 4517 oculo
3340 4463 3461 4533 quid
3498 4474 3727 4519 creatum

2136 4560 2209 4606 est
2234 4550 2420 4624 (Eccli.
2452 4568 2583 4607 xxxi
2606 4594 2621 4618 ,
2656 4552 2785 4625 l5)?
2815 4554 2879 4608 Et
2906 4555 3084 4625 utique
3114 4555 3325 4611 oculum
3346 4598 3362 4623 ,
3391 4571 3494 4611 non
3523 4559 3724 4628 nequi—

2140 4643 2298 4709 tiam,
2330 4644 2530 4699 creavit
2562 4644 2799 4699 omnium
2830 4654 3038 4700 creator
3082 4647 3218 4701 Deus
3260 4656 3314 4702 et
3352 4662 3633 4718 corporum
3669 4659 3727 4703 ct

2136 4749 2408 4805 sensuum.
2430 4736 2567 4792 Ecce
2587 4736 2725 4792 unde
2756 4738 3014 4808 intelligas
3039 4738 3103 4808 (si
3125 4738 3328 4793 veritati
3351 4756 3453 4794 non
3477 4741 3725 4813 resistas)

2136 4827 2310 4884 inesse
2357 4829 2556 4884 malum
2603 4838 2803 4885 naturae
2842 4841 3058 4896 nostra).
3104 4832 3261 4886 etiam
3308 4848 3427 4887 cum
3472 4843 3723 4900 creatur,

2134 4918 2374 4989 quamvis
2400 4928 2611 4974 creetur
2649 4934 2679 4973 a
2718 4920 2859 4975 bono
2889 4920 3023 4975 bene
3055 4921 3273 4975 bonum.
3319 4922 3422 4977 Sed
3472 4923 3609 4978 unde
3651 4927 3724 4980 sit

2139 5010 2241 5065 hoc
2270 5011 2486 5076 malum,
2517 5010 2664 5068 disce
2690 5012 2757 5067 ab
2784 5011 3089 5079 Ambrosio,
3122 5030 3188 5068 ne
3216 5013 3281 5067 ad
3309 5015 3487 5081 aliam,
3521 5014 3571 5069 id
3603 5027 3684 5070 es:
3709 5062 3722 5082 ,

2134 5101 2257 5157 mali
2286 5114 2524 5158 naturam
2554 5103 2987 5160 introducendam
3018 5105 3126 5161 Deo
3152 5115 3496 5172 cozeternam,
3526 5108 3723 5163 suifra-

2134 5194 2274 5265 gium
2297 5196 2534 5263 prmbeas
2558 5195 2866 5251 Manichzeo.

2206 5284 2397 5339 XXIX.
2421 5285 2540 5340 Jun.
2560 5286 2694 5351 Quid
2722 5303 2847 5357 ergo
2866 5288 2955 5345 tibi
2973 5287 3219 5358 opitulari
3242 5297 3429 5359 potest,
3456 5289 3595 5357 quod
3619 5308 3725 5361 ego

2135 5376 2271 5431 inter
2309 5378 2738 5433 commixtionem
2789 5394 3047 5447 sexuum,
3094 5381 3465 5437 fecunditatem
3510 5398 3714 5437 cocum

2136 5468 2288 5535 tium,
2308 5469 2453 5523 nolui
2471 5470 2912 5539 concupiscentia:
2941 5472 3152 5529 nomine
3175 5473 3429 5539 lacerare,
3453 5489 3572 5529 cum
3597 5458 3726 5536 cam

2196 5644 2215 5716 ξ
2250 5644 2321 5716 sic
2342 5650 2448 5716 Mss.
2476 5644 3056 5716 Eilitiautem,’operibus.

2196 5708 2215 5737 ²
2248 5715 2319 5753 Sic
2341 5712 2446 5754 Mss.
2469 5714 2521 5755 At
2545 5708 2681 5763 editi,
2706 5708 2954 5761 iudii‘inm.

2200 5771 2218 5801 ³
2242 5776 2396 5822 Forte.
2418 5767 2736 5819 inmtot'mtlcs.
