3950 6470
154 401 293 461 1553

152 532 251 574 nec
271 525 329 573 tu
347 530 471 573 cum
500 513 790 570 Manichato
813 507 1126 568 diabolicam
1151 502 1385 578 potueris
1405 499 1731 574 approbare;

152 619 206 667 et
226 610 338 679 jam
365 610 481 678 ipsa
510 606 799 679 preemissa:
824 600 1194 673 disputationis
1222 594 1598 667 consequentia
1625 592 1737 646 cla-

154 704 373 769 ruisset,
393 701 463 757 ad
487 699 726 771 ejusdem
756 711 969 769 operam
999 706 1277 750 recurrere
1304 702 1520 745 sensum
1552 684 1699 740 illum
1720 724 1735 749 ,

154 811 259 868 quo
286 795 699 852 commixtorum
728 804 923 859 corpus
951 787 1210 850 afficitur,
1254 782 1317 838 ad
1344 781 1496 852 cujus
1522 776 1739 834 institu-

156 891 359 946 tionem
378 901 626 958 corpora,
654 883 899 955 conjugia
924 879 1127 936 semina
1147 873 1505 933 referrentur?

222 983 363 1037 AUC.
392 980 510 1035 Alia
538 986 622 1033 est
646 976 726 1032 vis
752 972 1048 1037 sentiendi,
1097 969 1237 1025 aliud
1281 967 1463 1022 vitium
1493 959 1746 1031 concupi-

156 1071 342 1128 scendi
370 1089 383 1126 :
409 1070 657 1127 discerne
684 1067 790 1123 duo
818 1067 915 1121 ista
942 1064 1223 1134 diligenter
1241 1101 1257 1127 ,
1300 1058 1406 1114 noli
1444 1072 1624 1113 errare
1653 1053 1746 1109 de-

157 1162 423 1222 formiter.
449 1162 561 1215 Alia
581 1167 685 1223 est,
706 1159 944 1228 inquam,
967 1155 1045 1209 vis
1073 1150 1358 1216 sentiendi,
1389 1146 1532 1203 aliud
1561 1146 1745 1200 vitium

157 1252 593 1325 concupiscendi.
622 1251 763 1321 Lege
790 1247 1167 1319 Evangelium:
1195 1244 1295 1311 Qui
1320 1242 1517 1306 viderit,
1545 1237 1747 1309 inquit,

159 1348 426 1403 mulierem
461 1345 529 1398 ad
562 1341 1015 1414 concupiscendum
1043 1355 1184 1405 eam,
1216 1337 1332 1407 jam
1376 1332 1650 1388 nuecltatus
1677 1338 1752 1383 est

160 1458 268 1495 eam
296 1440 351 1494 in
375 1438 529 1495 corde
550 1454 642 1493 suo
669 1435 881 1511 (Matth.
909 1450 961 1499 v,
995 1431 1125 1505 28):
1161 1447 1267 1487 non
1290 1428 1450 1494 dixit,
1475 1425 1576 1494 Qui
1602 1422 1751 1477 vide-

161 1533 249 1599 rit,
294 1530 441 1603 quod
477 1540 562 1586 est
598 1528 795 1585 sentire
838 1542 934 1594 per
972 1540 1095 1581 eum
1142 1536 1358 1578 sensum
1397 1513 1636 1588 corporis
1664 1512 1754 1586 qui

161 1624 360 1679 dicitur
383 1623 555 1688 visus;
584 1619 701 1687 sed,
731 1618 819 1691 qui
841 1617 1041 1683 uiderit,
1071 1614 1263 1686 inquit,
1296 1610 1363 1665 ad
1386 1609 1754 1680 concupiscen-

163 1717 284 1770 dum
304 1757 322 1781 ,
364 1714 509 1786 quod
539 1722 621 1770 est
649 1710 830 1767 videre
863 1708 930 1764 ad
966 1707 1185 1763 malum.
1227 1704 1384 1761 Visus
1410 1716 1537 1773 ergo
1566 1714 1757 1757 sensus

164 1808 345 1864 carnis
383 1816 468 1863 est
509 1799 1162 1873 bonus:coneupiscentia
1190 1812 1320 1854 vero
1362 1796 1540 1853 carnis
1582 1802 1759 1850 motus

168 1909 251 1955 est
298 1900 496 1954 malus.
527 1897 645 1967 Quo
673 1896 814 1952 malo
843 1895 888 1950 si
915 1894 1052 1949 bene
1078 1893 1244 1947 utitur
1267 1890 1609 1961 eoujugatus,
1652 1902 1758 1955 non

146 2008 296 2051 .eum
342 1992 541 2047 bonum
582 1988 740 2055 facit;
767 1987 861 2043 sed
899 1984 1046 2056 operi
1076 1985 1217 2041 bono
1241 1982 1444 2038 servire
1467 1978 1757 2050 compellit.

174 2084 328 2139 Facit
352 2082 495 2138 enim
527 2080 739 2137 nonnisi
764 2078 890 2136 boni
915 2076 1110 2149 aliquid
1135 2085 1191 2132 et
1213 2091 1310 2147 per
1339 2075 1531 2146 ipsum,
1558 2073 1603 2128 si
1629 2071 1762 2128 nihil

168 2173 334 2229 faciat
364 2182 584 2244 propter
609 2173 781 2243 ipsum
805 2188 819 2224 :
841 2170 886 2225 si
914 2178 1091 2225 autem
1124 2166 1282 2224 faciat
1304 2165 1524 2237 aliquid,
1556 2163 1651 2220 sed
1679 2172 1762 2219 ta-

174 2280 300 2319 men
329 2265 382 2318 in
412 2262 669 2334 conjuge,
699 2269 915 2333 propter
941 2260 1112 2330 ipsum
1132 2300 1148 2326 ,
1177 2273 1283 2313 non
1304 2256 1356 2313 ei
1380 2256 1588 2311 veniam
1614 2254 1766 2310 daret

171 2355 467 2426 Apostolus
502 2354 671 2427 gratia
716 2353 1017 2424 nuptiarum
1063 2348 1121 2423 (I
1154 2348 1272 2406 Cor.
1314 2363 1410 2416 vn,
1458 2346 1536 2420 6),
1571 2346 1619 2404 si
1658 2360 1762 2402 non

172 2457 495 2519 agnosceret
516 2462 635 2503 esse
661 2458 958 2518 peccatum.

244 2538 423 2595 XXX.
464 2538 584 2595 Jun.
625 2538 909 2610 Oporteret
944 2534 1163 2608 quidem
1207 2532 1338 2588 nihil
1379 2539 1500 2603 post
1535 2530 1765 2601 primum

175 2646 337 2703 opus,
365 2632 507 2702 quod
532 2630 599 2686 ad
630 2637 873 2686 sanetum
910 2627 1257 2685 Turbantium
1292 2624 1465 2690 edidi,
1492 2638 1657 2693 super
1678 2637 1771 2678 ne-

175 2726 416 2780 cessario
461 2723 782 2779 naturalium
832 2721 1035 2794 pudore
1076 2719 1371 2783 disserere;
1415 2716 1536 2786 quia
1581 2713 1650 2769 ibi
1697 2713 1770 2768 ita

179 2815 338 2885 plene
359 2823 538 2871 actum
564 2823 680 2880 est,
729 2822 786 2870 ιιι
811 2812 912 2868 nisi
938 2810 1195 2882 depositis
1220 2808 1439 2864 omnino
1467 2805 1768 2873 mentibus,

180 2906 316 2962 nihil
347 2906 473 2962 hinc
496 2907 665 2978 possit
688 2903 1045 2975 ambiguitatis
1069 2901 1290 2957 oboriri.

246 3000 392 3057 Aee.
413 2998 642 3056 Sanctus
657 2998 793 3053 forte
810 2994 1154 3062 Turbautius,
1177 2993 1293 3064 ipso
1312 3005 1475 3063 opere
1496 2999 1588 3046 tuo
1608 2990 1770 3056 lecto,

181 3090 323 3160 quod
355 3091 424 3145 ad
449 3106 572 3147 eum
600 3098 653 3146 te
678 3089 959 3160 scripsisse
998 3100 1406 3152 commemoras,
1454 3085 1617 3140 etiam
1644 3097 1772 3154 pro-

182 3191 366 3253 pterea
397 3183 451 3238 in
479 3182 796 3238 catholicam
836 3179 995 3235 fidem
1026 3177 1335 3249 respiravit,
1361 3178 1612 3248 quoniam
1641 3184 1693 3230 te
1719 3174 1771 3230 in

182 3274 268 3329 tali
296 3290 460 3331 causa
485 3273 747 3330 defecisse
776 3272 1044 3344 cognovit.

248 3365 452 3421 XXXI.
479 3365 600 3423 JUL.
627 3365 829 3423 Tamen
854 3379 978 3421 cum
1002 3362 1252 3420 defensor
1277 3360 1507 3417 traducis
1532 3375 1599 3416 ne
1630 3358 1774 3417 tenui

184 3457 401 3529 quidem
424 3457 592 3528 possit
618 3457 685 3513 ab
711 3472 776 3513 eo
805 3471 980 3528 ungue
1006 3453 1310 3519 deflectere,
1341 3468 1623 3523 meumque
1652 3451 1775 3507 rhe-

188 3549 352 3604 torica
378 3548 645 3620 elegantia
674 3548 855 3621 fatiget
880 3548 1136 3621 pudorem
1159 3588 1174 3614 ,
1217 3563 1312 3603 cur
1336 3544 1563 3603 diversis
1604 3546 1778 3600 homi-

188 3640 375 3696 nibus‘
410 3642 684 3714 negotium
734 3641 903 3712 ipsum
946 3639 1342 3698 commixtionis
1366 3640 1516 3710 juvat
1560 3639 1683 3693 hinc
1715 3653 1778 3694 ea

189 3750 303 3803 qua:
332 3732 500 3791 rebus
526 3734 661 3790 actis
685 3734 956 3802 convenit,
986 3732 1242 3805 parcitate
1270 3732 1602 3788 decernere?
1629 3732 1694 3786 Et
1727 3731 1779 3785 in

192 3825 286 3879 huc
310 3840 443 3896 ergo
467 3826 605 3893 loco,
633 3834 687 3882 et
712 3826 765 3882 in
792 3825 1153 3892 inferioribus,
1181 3825 1269 3881 ubi
1296 3840 1394 3896 ego
1419 3823 1529 3880 disi
1550 3867 1565 3891 ,
1601 3843 1620 3876 ι
1644 3824 1779 3880 Pro-

191 3924 295 3982 pter
318 3916 415 3968 hoc
444 3918 689 3987 relinquet
718 3920 868 3973 homo
909 3928 1103 3990 patrem
1138 3926 1188 3971 et
1216 3927 1446 3983 matrem,
1475 3926 1520 3972 et
1547 3917 1781 3972 adlicere-

192 4015 288 4059 seet
317 4005 503 4071 uxori;
533 4015 580 4060 et
608 4018 754 4061 erunt
794 4010 896 4062 duo
938 4009 991 4063 in
1035 4025 1187 4064 carne
1229 4026 1332 4063 una
1358 4006 1509 4081 (Gen.
1544 4025 1603 4076 ll,
1650 4008 1780 4078 24):

194 4108 250 4152 ut
280 4098 614 4171 exprimeret
638 4097 797 4155 Iidem
835 4115 1058 4171 operum
1083 4100 1343 4173 propheta
1375 4115 1542 4171 prope
1571 4101 1782 4170 pericu-

194 4188 300 4245 lum
328 4188 555 4260 pudoris
578 4191 833 4258 accessit;
861 4210 881 4244 ι
931 4192 1085 4264 quasi
1126 4191 1359 4263 praedam
1398 4192 1672 4247 inveniens
1696 4206 1787 4264 ge-

196 4283 308 4348 stit,
330 4282 585 4347 exsultat,
607 4291 662 4338 et
692 4283 887 4338 clamat
912 4302 925 4336 :
950 4283 1137 4355 Aperta
1155 4301 1384 4356 prorsus,
1410 4293 1457 4339 ct
1477 4286 1524 4338 vi
1544 4285 1782 4350 veritatis,

198 4369 398 4442 inquit,
435 4381 628 4428 extorta
663 4373 951 4444 confessio!
975 4373 1191 4429 Dicatur
1217 4393 1392 4442 causa,
1423 4393 1513 4430 cur
1536 4377 1589 4430 in
1615 4376 1788 4447 expri-

198 4464 391 4518 mendis
416 4465 647 4536 operibus
675 4466 790 4536 Dei,
816 4469 1067 4540 propheta
1093 4486 1251 4540 prope
1274 4470 1554 4542 periculum
1581 4470 1791 4541 pudoris

197 4561 478 4615 accesserit.
512 4561 663 4617 Itane
694 4579 811 4618 vero
850 4563 1074 4618 humana
1101 4580 1255 4634 Opera
1280 4564 1517 4635 pudenda
1550 4581 1657 4619 esse
1690 4581 1791 4618 non

200 4650 408 4718 debent,
454 4654 544 4708 sed
570 4655 723 4726 plane
745 4656 1044 4727 glorianda,
1085 4666 1130 4711 et
1168 4657 1338 4711 diuina
1366 4657 1604 4728 pudenda
1636 4659 1793 4713 sunt?

201 4738 351 4795 Itane
379 4758 495 4797 vero
521 4748 575 4802 in
602 4749 890 4818 eloquendis
930 4759 976 4803 ct
1004 4744 1343 4821 exprimendis
1381 4750 1611 4821 aperibus
1660 4750 1753 4805 Dei
1773 4791 1790 4817 ,

203 4850 303 4887 non
326 4834 607 4889 honoratur
631 4840 890 4907 prophetes
919 4840 995 4892 vel
1016 4858 1157 4895 amor
1179 4844 1255 4895 vel
1285 4843 1446 4907 labor,
1472 4843 1560 4896 sed
1587 4844 1790 4912 pericli-

201 4936 341 4980 tatur
364 4927 567 4995 pudor?
609 4927 744 4996 Quid
774 4929 904 4983 enim
934 4932 1091 5000 potuit
1132 4931 1266 4986 Deus
1305 4936 1490 5004 facere,
1520 4936 1656 5003 quod
1683 4936 1794 5004 ejus

203 5019 587 5086 pradicatorem
628 5020 815 5092 pudeat
845 5022 1049 5077 dicere?
1079 5021 1145 5076 Et
1169 5025 1305 5095 quod
1332 5034 1403 5078 est
1435 5026 1659 5096 gravius,
1697 5042 1794 5096 pu-

200 5113 316 5166 deat
345 5113 592 5168 hominem
620 5114 839 5187 alicujus
865 5116 1050 5186 operis,
1073 5119 1210 5188 quod
1230 5134 1329 5172 non
1355 5120 1525 5184 homo,
1554 5120 1642 5173 sed
1657 5117 1797 5174 Deus

200 5208 322 5275 fecit
348 5206 402 5260 in
430 5205 635 5261 homine
661 5222 812 5262 :cum
842 5225 1014 5263 omnes
1043 5209 1251 5279 api/ices
1274 5212 1556 5278 quantum’
1586 5222 1798 5283 possunt

200 5298 378 5355 labore
398 5309 448 5355 et
474 5300 728 5355 industria
756 5300 810 5355 id
838 5310 1021 5374 agant,
1049 5318 1112 5356 ne
1136 5302 1198 5356 de
1234 5302 1339 5357 suis
1367 5304 1600 5374 operibus
1626 5305 1800 5377 erube-

200 5393 385 5445 scant?
411 5392 518 5450 Sed
543 5398 769 5467 profecto
790 5393 921 5449 illud
943 5411 1032 5450 nos
1054 5395 1225 5465 pudet,
1248 5396 1383 5462 quod
1399 5396 1580 5466 puduit
1610 5397 1800 5468 primos

200 5484 324 5540 illos
350 5486 576 5540 homines
594 5527 610 5552 ,
648 5488 853 5557 quando
878 5488 1116 5560 pudenda
1145 5498 1373 5543 texerunt
1398 5490 1526 5544 :illn
1555 5500 1626 5545 est
1652 5506 1801 5561 paena

270 5601 288 5632 ί
315 5606 485 5661 Forte,

267 5664 292 5697 ³
325 5671 454 5731 stss.,
478 5670 671 5731 quanto.
689 5690 751 5700 —
768 5664 908 5713 Liber
931 5666 1175 5717 secundus
1194 5666 1257 5731 de
1274 5668 1456 5731 Nuptiis
1493 5674 1543 5717 et
1574 5669 1803 5730 Concupi-

196 5728 412 5793 scentia,
439 5724 500 5774 n.'
526 5724 605 5793 22,
631 5725 744 5784 fert,
786 5739 896 5775 cum
932 5740 1093 5778 onutes
1146 5724 1359 5792 opiﬁces
1388 5737 1563 5792 quanto
1607 5724 1801 5793 possunt

201 5786 525 5853 laboremum
551 5788 640 5838 hac
678 5796 840 5838 tamen
879 5798 1028 5853 nota:
1063 5809 1085 5836 ι
1109 5786 1324 5840 t‘oiidrrs
1347 5786 1473 5853 ius,
1491 5786 1616 5842 cum
1640 5805 1803 5846 omnes

211 5864 237 5892 ι
257 5849 453 5912 opiﬁces
469 5857 697 5911 quantum
722 5859 913 5914 possunt
937 5849 1115 5901 labore.
1154 5871 1174 5896 η
1252 5863 1301 5902 \t.

449 5954 673 6016 Stacr.
714 5959 991 6018 Ancusr.
1048 5957 1129 6017 X.

1504 378 1700 437 LIBER
1738 373 2079 446 QUARTUS.

3258 376 3427 450 '1354

1847 495 2057 565 peccati,
2101 493 2192 550 illa
2228 495 2379 568 plaga
2417 495 2773 566 vestigiumque
2811 496 3020 566 peccati,
3066 495 3155 550 illa
3193 494 3425 550 illet'cbra

1845 591 2097 661 famesque
2136 592 2357 662 peccati,
2403 591 2496 646 illa
2534 591 2619 646 lea;
2658 592 2710 645 in
2746 590 2976 646 membris
3012 607 3301 664 repugnans
3325 592 3427 661 legs

1844 686 2042 741 mentis.
2075 684 2243 758 Hujus
2270 686 2440 756 pudet,
2474 694 2521 739 et
2556 686 2731 740 merito
2761 684 2933 755 pudet.
2967 682 3105 738 Nam
3129 686 3173 737 si
3199 686 3295 741 hoc
3327 698 3426 738 non

1847 787 1993 841 esset,
2021 778 2143 849 quid
2166 779 2308 833 nobis
2333 788 2459 834 esset
2480 777 2749 850 ingratius,
2778 777 2900 845 quid
2928 775 3274 847 irreligiosius,
3305 776 3350 831 si
3376 776 3430 829 in

1849 870 2082 925 membris
2118 871 2302 925 nostris
2319 912 2335 937 ,
2375 887 2477 925 non
2504 871 2565 924 de
2592 871 2710 926 vitio
2734 869 2813 923 vel
2837 884 2985 941 paena
3009 877 3179 923 nostra
3197 910 3213 932 ,
3253 868 3342 922 sed
3370 868 3434 921 de

1852 959 1946 1015 Dei
1974 962 2396 1032 confunderemur
2421 962 2652 1032 operibus
2696 960 2810 1030 (De
2847 957 3056 1032 Nuptiis
3097 966 3141 1013 et
3184 956 3437 1028 Concupi-

1852 1056 2059 1119 scentia,
2092 1054 2180 1109 lib.
2220 1055 2275 1123 ἓ,
2305 1072 2357 1109 n.
2388 1054 2517 1123 22)?
2544 1052 2744 1111 Claruit
2772 1061 2916 1109 certe
2947 1052 3173 1123 qualiter
3205 1051 3434 1121 gestiat:

1851 1145 2044 1217 gaudio
2085 1160 2184 1201 suo
2209 1162 2313 1200 non
2344 1154 2518 1216 potest
2536 1144 2795 1201 adbibere
2829 1142 3046 1209 frenos;
3088 1152 3233 1198 tenet
3264 1156 3440 1196 meam

1855 1238 2193 1303 sententiam,
2241 1252 2345 1308 qua
2381 1236 2865 1307 concupiscentiam
2907 1234 3202 1289 naturalem
3243 1232 3439 1287 malam

1858 1329 2025 1400 possit
2052 1329 2356 1396 ostendere,
2388 1339 2443 1385 et
2469 1328 2661 1385 diaboli
2689 1328 2942 1399 eperibus
2968 1328 3259 1397 deputare:
3283 1340 3444 1396 qnam

1858 1422 2173 1477 sententiam
2217 1421 2284 1477 de
2323 1437 2419 1477 ore
2461 1436 2581 1477 meo
2617 1421 2749 1477 dicit
2788 1422 2837 1475 vi
2875 1421 3116 1477 veritatis
3142 1426 3441 1483 extortam,

1859 1514 2309 1584 concionaturque
2336 1512 2770 1568 scelestissimum
2813 1520 2973 1582 atque
3014 1511 3445 1582 profanissimum

1860 1620 2015 1671 esse,
2060 1605 2104 1660 si
2143 1620 2205 1660 ea
2234 1620 2353 1676 qua:
2381 1620 2411 1661 a
2445 1606 2553 1660 Deo
2589 1605 2723 1661 facta
2749 1604 3024 1671 dicamus,
3071 1603 3273 1674 pudore
3317 1617 3449 1672 ope-

1862 1695 2043 1753 rienda
2072 1694 2356 1753 fateamur.
2382 1696 2488 1753 Sed
2511 1696 2784 1752 alacritate
2805 1696 3121 1752 commotior
3144 1709 3249 1750 non
3279 1694 3451 1765 potuit

1866 1788 2162 1858 ponderare
2208 1788 2335 1858 quid
2364 1787 2610 1845 diceret:
2640 1802 2887 1844 asserens
2925 1789 3067 1843 enim
3111 1787 3163 1842 in
3199 1788 3450 1858 operibus

1866 1881 1960 1937 Dei
2007 1880 2312 1952 pudendum
2340 1880 2472 1936 nihil
2498 1895 2617 1937 esse
2639 1923 2655 1949 ,
2688 1896 2907 1953 operam
2936 1890 3114 1936 autem
3139 1880 3451 1953 genitalium

1868 1973 2167 2042 pudendam
2204 1990 2349 2039 esse,
2398 1982 2452 2030 et
2497 1974 2619 2030 ideo
2657 1989 2765 2030 non
2810 1989 2966 2044 posse
3004 1989 3121 2030 eam
3150 1972 3454 2029 Conditoris

1867 2067 2120 2137 operibus
2162 2066 2428 2133 adscribi;
2477 2066 2654 2123 subito
2697 2067 2975 2123 cnnfessus
3020 2076 3103 2122 est
3156 2067 3300 2123 illam
3347 2082 3455 2123 non

1868 2158 2040 2214 solum
2095 2157 2410 2226 honestam,
2468 2158 2563 2214 sed
2619 2158 2780 2214 etiam
2827 2160 3054 2229 justam;
3115 2175 3221 2214 non
3276 2159 3455 2215 solum

1870 2259 2087 2307 creante
2118 2249 2247 2318 Deo,
2276 2266 2460 2307 verum
2483 2253 2643 2308 etiam
2667 2252 2961 2322 judicante,
2995 2253 3192 2317 nostris
3217 2253 3458 2323 corpori-

1872 2343 1972 2399 bus
1990 2345 2006 2377 ¹
2033 2346 2361 2400 attributam.
2384 2344 2601 2402 Ostendi
2626 2346 2676 2400 in
2702 2346 2859 2401 tertio
2879 2346 3071 2415 prioris
3094 2346 3271 2417 operis
3299 2346 3455 2410 libro,

1872 2450 1979 2490 non
2004 2450 2163 2508 posse
2192 2434 2331 2492 idem
2364 2451 2577 2507 pmnam
2604 2451 2723 2492 esse
2752 2436 2895 2508 quod
2920 2437 3148 2507 culpam.

1942 2526 2079 2584 Atto.
2111 2527 2224 2582 Non
2254 2528 2571 2590 ostendisti,
2612 2527 2754 2600 quod
2809 2538 2860 2584 te
2902 2528 3202 2586 ostendisse
3232 2529 3459 2586 inaniter

1871 2617 2042 2690 jactas
2060 2637 2076 2674 :
2094 2620 2202 2675 imo
2227 2620 2388 2676 etiam
2418 2621 2531 2692 ipse
2555 2620 2784 2692 quodam
2813 2621 2930 2677 loco
2955 2622 3154 2677 oblitus
3181 2622 3307 2694 quid
3338 2633 3463 2678 ante

1875 2713 2121 2781 dixisses,
2147 2715 2422 2773 confessus
2446 2730 2505 2772 es
2531 2716 2741 2786 culpam
2766 2716 2925 2771 etiam
2955 2732 3166 2787 pinnam
3193 2732 3314 2774 esse
3339 2733 3466 2787 pec-

1876 2805 2065 2860 cantis.
2082 2805 2233 2875 Quod
2250 2820 2351 2877 ego
2372 2821 2494 2862 cum
2520 2806 2613 2863 tibi
2635 2808 2876 2877 superius
2901 2806 3281 2879 responderem
3306 2808 3465 2881 (Con-

1877 2905 1957 2952 tra
1979 2895 2278 2966 lulianum,
2308 2896 2398 2953 lib.
2430 2899 2493 2966 5,
2520 2915 2575 2952 η.
2609 2897 2721 2970 10),
2750 2900 2879 2968 satis
2908 2899 3184 2957 evidenter
3209 2901 3467 2959 ostender-

1879 3003 2029 3057 ram,
2071 2988 2231 3044 etiam
2277 3005 2373 3060 per
2409 2990 2723 3061 Apostolum
2767 2991 2997 3062 probans
3035 2992 3209 3063 puniri
3248 3002 3465 3064 peccata

1880 3082 2256 3154 peccatiszqui
2283 3098 2405 3140 cum
2443 3083 2512 3139 de
2538 3083 2854 3156 quibusdam
2884 3085 3140 3151 dixisset,
3182 3086 3324 3158 quod
3360 3089 3464 3142 im-

1882 3174 2203 3230 mutaverint
2241 3175 2465 3246 gloriam
2501 3175 2916 3247 incorruptibilis
2944 3177 3034 3233 Dei
3066 3177 3120 3233 in
3159 3176 3467 3234 similitudic

1882 3282 2003 3323 nem
2036 3268 2281 3339 imaginis
2308 3269 2671 3339 corruptibilis
2700 3270 2961 3337 hominis,
2991 3279 3046 3326 et
3075 3270 3346 3325 volucrum
3369 3313 3383 3335 ,
3414 3281 3470 3327 et

1880 3359 2304 3431 quadrupedum,
2328 3368 2381 3417 et
2407 3360 2764 3431 serpentium;
2793 3363 3035 3432 protinus
3064 3362 3164 3419 hoc
3193 3372 3469 3433 peccatum

1885 3453 2002 3509 aliis
2032 3454 2259 3523 peccatis
2286 3454 2575 3510 ostendens
2598 3469 2721 3511 esse
2749 3456 2991 3524 punitum
3012 3497 3027 3521 ,
3058 3454 3356 3526 PrOpterca,
3385 3457 3470 3512 in-

1887 3544 2033 3614 quit,
2066 3544 2274 3599 tradidit
2302 3545 2419 3600 illas
2446 3545 2586 3601 Deus
2610 3547 2663 3601 in
2693 3547 2941 3602 desideria
2966 3547 3135 3602 cordis
3158 3548 3391 3614 illorum,
3418 3548 3473 3603 in

1886 3638 2289 3705 immunditiam;
2328 3649 2381 3694 ut
2423 3640 2739 3695 contumeliis
2781 3641 2998 3712 ofﬁciant
3036 3657 3249 3713 corpora
3291 3657 3384 3696 sua
3422 3642 3474 3695 in

1886 3732 2166 3801 semetipsis
2208 3730 2385 3802 (Rom.
2415 3747 2467 3797 I,
2512 3730 2617 3799 25,
2658 3731 2771 3802 24),
2805 3742 2857 3788 et
2884 3742 3076 3788 caetera
3102 3748 3218 3802 quae
3246 3732 3314 3787 ibi
3340 3747 3473 3788 con-

1890 3826 2073 3878 texuit.
2109 3822 2218 3880 Nec
2252 3824 2306 3878 in
2344 3823 2556 3880 Psalmo
2594 3823 2903 3889 diceretur,
2935 3826 3142 3895 Appone
3163 3825 3475 3896 iniquitatem

1887 3932 2041 3987 super
2062 3916 2376 3986 iniquitatem
2400 3932 2595 3983 eorum,
2620 3926 2671 3972 et
2693 3917 2714 3948 ³
2745 3934 2845 3971 non
2868 3917 3054 3972 intrent
3082 3919 3135 3972 in
3159 3926 3296 3972 tuam
3321 3918 3475 3990 justi-
3556 3956 3559 3959 -

1890 4006 2011 4058 tiam
2060 4004 2240 4079 (l’sal.
2270 4022 2430 4060 vant
2449 4047 2465 4074 ,
2493 4005 2625 4077 28);
2656 4006 2757 4062 uisi
2786 4006 2931 4077 justo
2956 4007 3157 4078 judicio
3196 4007 3289 4064 Dei
3322 4008 3477 4078 puni-

1892 4107 2078 4155 rentur
2104 4098 2296 4154 additis
2325 4099 2680 4169 praecedentia
2715 4108 2932 4171 peccata
2963 4100 3214 4170 peccatis.

1964 4192 2180 4250 XXXII.
2213 4194 2327 4250 Jun.
2364 4194 2433 4250 Et
2470 4193 2593 4251 ideo
2631 4209 2795 4266 super
2832 4194 2935 4250 hoc
2978 4193 3329 4250 laborandum
3373 4208 3480 4250 non

1893 4294 2007 4342 est:
2032 4286 2350 4343 commendo
2379 4295 2557 4343 tamen
2580 4287 2927 4357 disputatoris
2951 4286 3294 4342 acrimoniam
3318 4286 3360 4351 ³,
3389 4287 3481 4357 qui

1894 4394 2053 4449 quam
2082 4378 2210 4434 dicit
2233 4393 2264 4434 a
2290 4379 2402 4434 Deo
2425 4378 2711 4446 redditam,
2737 4394 2843 4434 non
2863 4379 3023 4434 vulta
3051 4379 3159 4433 Deo
3182 4378 3479 4441 conditam;

1897 4470 2248 4540 pronuntians
2279 4471 2370 4527 Dei
2404 4486 2510 4525 non
2540 4470 2827 4526 convenire
2855 4470 3109 4540 Operibus
3134 4510 3149 4535 ,
3194 4468 3335 4539 quod
3375 4468 3486 4524 vult

1885 4562 2011 4633 'ejus
2038 4563 2326 4619 convenire
2349 4562 2583 4632 judiciis.

1968 4656 2102 4712 Aue.
2144 4657 2377 4726 Apparet
2419 4664 2472 4711 te
2509 4669 2613 4710 non
2660 4655 2957 4725 intelligere
2985 4654 3252 4725 quomodo
3284 4653 3485 4711 dictum

1898 4749 1988 4812 sit,
2018 4747 2156 4803 Deus
2186 4758 2394 4802 mortem
2423 4765 2523 4804 non
2549 4748 2667 4817 fecit
2700 4748 2855 4819 (Sep.
2889 4765 2936 4813 t,
2981 4748 3071 4819 15)
3093 4767 3103 4801 :
3125 4748 3274 4815 cujus
3306 4756 3487 4803 tamen

1894 4841 2094 4911 judicio
2113 4841 2203 4911 qui
2228 4851 2412 4911 peccat
2439 4840 2683 4896 moritur.
2707 4839 2969 4897 Convenit
2993 4855 3121 4913 ergo
3141 4840 3344 4910 judicio
3369 4841 3487 4910 ejus

1902 4941 1959 4988 ut
1985 4934 2241 4988 moriatur
2265 4941 2544 5002 peccator;
2592 4947 2692 4988 nec
2719 4940 2896 4988 tamen
2920 4933 3071 5003 operi
3098 4934 3214 5005 ejus
3241 4934 3493 4990 convenit

1903 5041 2068 5090 mors,
2092 5028 2215 5096 quia
2245 5024 2386 5081 Deus
2411 5035 2620 5081 mortem
2641 5041 2744 5080 non
2764 5025 2899 5095 fecit.
2924 5026 3052 5097 Ejus
3073 5027 3267 5097 quippe
3283 5027 3490 5097 justum

1902 5129 1985 5177 est
2025 5120 2283 5191 judicium
2306 5162 2321 5186 ,
2365 5129 2424 5176 ut
2467 5128 2685 5189 peccato
2714 5133 2813 5175 suo
2849 5120 3075 5191 quisque
3103 5134 3322 5191 pereat,
3368 5134 3489 5175 eum

1905 5222 2177 5285 peccatum
2217 5214 2359 5269 Deus
2402 5228 2506 5269 non
2549 5212 2707 5268 faciat
2731 5230 2745 5267 :
2769 5214 2909 5268 sicut
2939 5222 3164 5268 mortem
3194 5229 3298 5267 non
3331 5211 3488 5277 feeit,

1904 5315 1958 5360 et
1985 5314 2160 5360 tamen
2190 5320 2349 5375 quem
2380 5313 2552 5360 morte
2579 5304 2795 5377 dignum
2840 5313 3059 5369 censet,
3091 5303 3302 5358 occidit.
3334 5302 3489 5360 Unde

1907 5400 2122 5471 legitur,
2148 5399 2287 5455 Deus
2309 5409 2517 5454 mortem
2543 5416 2645 5454 non
2674 5399 2826 5469 fecit;
2850 5400 3065 5469 legitur,
3094 5396 3238 5451 Mors
3267 5404 3312 5451 et
3342 5396 3440 5449 vita
3461 5414 3494 5449 η

1906 5492 2125 5546 Domino
2155 5491 2264 5546 Deo
2290 5502 2362 5546 est
2388 5490 2577 5564 (Eccli.
2608 5507 2684 5555 xi,
2710 5491 2800 5560 14)
2825 5509 2839 5545 :
2862 5506 2982 5561 quae
3006 5489 3113 5545 duo
3138 5489 3277 5544 inter
3299 5502 3359 5544 se
3388 5505 3493 5547 non

1905 5600 2028 5641 esse
2060 5584 2326 5642 contraria
2364 5584 2605 5656 profecto
2643 5583 2822 5652 videt,
2868 5582 3105 5652 quisquis
3141 5581 3208 5635 ab
3245 5580 3497 5652 operibus

1974 5751 1987 5779 ¹
2026 5748 2178 5807 Fditi,
2216 5745 2650 5812 operibus.ttlelitts
2677 5752 2803 5799 Mss,
2826 5740 3121 5803 corporibus.

1972 5814 1992 5878 ξ
2030 5812 2303 5878 \‘ignierius
2325 5811 2519 5878 omittit,
2544 5816 2607 5878 et.
2673 5815 2712 5877 at

1975 5876 1995 5906 ³
2028 5875 2101 5923 Sic
2119 5882 2219 5921 uss.
2248 5881 2296 5921 tn
2320 5876 2477 5935 \'ign.,
2501 5875 2801 5920 «epitonium.

2599 5954 3157 6034 (Qum‘cnte-truis
3188 5956 3217 6031 )
