3962 6476
504 404 638 458 1355

499 518 899 589 divinisjudicla
922 519 1098 574 divina
1124 517 1412 573 discernit'
1443 535 1453 570 :
1475 515 1616 588 quod
1641 525 1694 570 tu
1719 515 1762 570 si
1785 512 2078 584 potuisses,

505 630 609 670 non
640 615 822 686 utique
853 613 952 667 ista
990 627 1121 667 vana
1153 611 1404 666 dixisses.

568 704 810 762 XXXIII.
853 704 972 760 ιω..
1018 705 1155 774 Ergo
1182 703 1232 757 in
1264 701 1516 772 cperibus
1543 698 1661 769 ejus
1703 697 1880 752 nullus
1916 693 2088 766 pudor

498 807 614 864 cst;
662 799 716 853 in
759 797 1041 853 sententiis
1068 805 1244 851 autem
1273 808 1478 849 summa
1508 791 1840 848 deformitas.
1871 789 2086 844 Certum

498 905 582 952 est
611 909 835 964 nempe,
880 893 1020 964 quod
1054 907 1262 964 poenam
1293 895 1558 945 mereatur
1582 895 1793 942 reatus:
1815 900 1939 940 num
1967 882 2088 938 ideo

499 998 679 1044 tamen
707 986 950 1044 confusio
975 987 1143 1057 culpae
1173 985 1370 1052 debita,
1403 984 1454 1038 in
1487 981 1714 1037 vindicta
1742 979 1999 1044 recurrit,
2031 985 2089 1031 ut

501 1079 800 1152 appelletur
839 1081 956 1135 sine
1002 1079 1208 1150 pudore
1253 1075 1393 1148 quod
1448 1075 1572 1130 fecit
1614 1089 1778 1136 reus,
1835 1069 1929 1126 sed
1981 1083 2086 1130 non

503 1174 668 1243 possit
698 1172 814 1227 sine
841 1171 1127 1243 ignominia
1155 1169 1260 1225 dici
1285 1168 1427 1240 quod
1453 1167 1740 1238 iudicando
1767 1164 1891 1221 fecit
1915 1161 2088 1218 Deus?

572 1267 708 1323 Atta.
736 1264 871 1333 Quid
897 1265 1156 1335 explicata
1185 1263 1445 1334 implicas,
1476 1270 1530 1318 et
1553 1261 1766 1316 evoluta
1793 1256 2080 1321 convolvis,

501 1367 560 1412 ut
607 1357 832 1428 ingeniis
875 1357 1230 1420 tardioribus,
1273 1355 1448 1426 qualia
1494 1355 1546 1408 in
1572 1352 1898 1412 Jtominibus
1937 1349 2088 1420 plura

499 1456 655 1516 sunt,
683 1447 910 1503 videaris
937 1448 1118 1503 dicere
1145 1447 1366 1517 aliquid,
1395 1461 1514 1500 cum
1543 1444 1690 1500 dicas
1721 1443 1883 1498 nihil?
1917 1441 2088 1496 Homo

500 1552 560 1593 es
579 1537 746 1605 enim,
777 1539 865 1609 qui
898 1539 1074 1609 potius
1109 1537 1483 1594 inverecundis
1509 1551 1666 1607 quam
1699 1533 1937 1590 facundia
1967 1548 2087 1603 per-

499 1629 726 1686 suadere
755 1631 987 1694 conaris,
1011 1629 1149 1700 quod
1177 1629 1486 1684 deformitas
1510 1629 1593 1684 vel
1623 1627 1785 1691 nulla,
1813 1625 1894 1681 vel
1926 1638 2087 1694 parva

499 1721 589 1786 sit,
621 1731 679 1776 ut
707 1735 826 1776 cum
857 1721 1094 1790 subjecta
1123 1736 1242 1776 esse
1269 1735 1395 1774 caro
1423 1719 1626 1790 spiritui
1656 1718 1867 1784 debeat,
1893 1715 2088 1771 adver-

498 1826 590 1867 sus
615 1812 859 1883 spiritum
907 1813 1282 1882 concupiscat;
1327 1821 1419 1866 aut
1455 1811 1594 1882 quod
1633 1826 1738 1865 nou
1779 1810 1848 1863 sit
1883 1808 2086 1879 justum

500 1903 594 1959 Dei
617 1903 911 1976 judicium,
956 1904 1257 1975 relinquere
1300 1903 1693 1974 deliuquentem
1713 1945 1726 1968 ,
1761 1910 1818 1956 ut
1846 1901 1959 1970 ipse
1987 1899 2086 1955 sibi

498 1993 568 2049 sit
600 2009 777 2066 pozua,
806 1995 889 2051 cui
923 1995 1063 2051 Deus
1090 1994 1260 2051 fuerat
1287 2011 1409 2051 vera
1446 1995 1699 2060 felicitas;
1731 2002 1821 2048 aut
1847 1991 1988 2064 quod
2018 1992 2088 2048 de

500 2096 721 2156 peccato
749 2086 971 2154 debeat,
1013 2102 1116 2142 nou
1144 2087 1212 2143 de
1241 2102 1394 2158 paena
1425 2102 1519 2142 sua
1550 2087 1773 2156 quisque
1800 2083 2084 2148 confundi;

499 2193 620 2233 cum
654 2178 888 2249 plerique
913 2179 980 2236 de
1003 2179 1232 2250 peccatis
1252 2181 1360 2234 suis
1386 2194 1492 2234 non
1517 2179 1854 2242 erubescant,
1875 2178 1919 2232 si
1943 2175 2083 2230 nulla

503 2287 658 2342 pmna
705 2271 862 2327 fuerit
905 2273 1189 2328 subsecuta
1233 2287 1393 2343 quam
1437 2271 1704 2338 sentiant,
1731 2278 1785 2325 et
1811 2284 1905 2324 eos
1931 2267 2087 2323 faciat

500 2379 654 2432 poma
702 2362 995 2430 confundi,
1040 2364 1182 2435 quod
1230 2379 1334 2418 non
1378 2362 1606 2418 fecisset'
1630 2361 1935 2434 impunitas.
1979 2358 2084 2415 Sed

500 2463 685 2509 contra
718 2470 804 2510 res
831 2455 1194 2524 apertissimas
1221 2471 1378 2525 quem
1420 2454 1608 2510 liberet
1646 2469 1766 2510 esse
1789 2453 2046 2509 disertum
2066 2493 2082 2519 ,

501 2545 602 2600 nisi
631 2560 662 2599 a
683 2545 904 2601 veritate
932 2545 1242 2600 desertum?
1268 2544 1566 2616 Utrumque
1594 2554 1770 2600 autem
1797 2560 1897 2600 nos
1922 2544 2086 2600 libere

498 2635 759 2702 dicimus,
787 2645 844 2693 et
871 2637 1012 2706 quod
1043 2636 1167 2692 fecit
1206 2637 1367 2693 homo
1395 2637 1614 2706 volens,
1653 2647 1707 2694 et
1732 2639 1870 2710 quod
1899 2652 2087 2710 passus

497 2737 577 2781 est
600 2727 818 2794 nolens;
849 2728 899 2782 id
925 2737 1026 2794 est,
1049 2737 1104 2785 et
1127 2729 1350 2798 spiritus
1377 2729 1812 2795 inobedientiam,
1835 2737 1890 2786 et
1907 2730 2086 2785 carnis

495 2827 680 2874 contra
720 2818 964 2890 spiritum
1005 2820 1493 2890 concupiscentiam
1522 2821 1653 2878 :sed
1683 2838 1846 2877 unum
1895 2822 2083 2877 horum

495 2909 676 2966 dicere
705 2919 759 2966 tu
789 2912 1163 2977 erubescebas,
1193 2927 1262 2966 ne
1290 2927 1389 2967 nos
1418 2911 1739 2969 admoneres
1769 2913 1909 2970 unde
1938 2921 2083 2968 tuum

495 3003 932 3060 convinceremus
961 3019 1224 3061 errorem.
1255 3004 1319 3058 Et
1347 3019 1486 3060 nunc
1514 3003 1726 3074 quando
1747 3004 1857 3076 jam
1883 3019 2084 3060 concu-

498 3094 808 3164 piscentiam
849 3096 1030 3152 carnis
1057 3106 1110 3150 et
1138 3095 1411 3150 libidinem
1456 3095 1732 3160 nominas,
1775 3111 1843 3152 ne
1883 3095 1952 3152 de
1982 3105 2086 3150 tua}

496 3197 761 3257 suscepta:
787 3187 1004 3242 nomine
1027 3185 1347 3243 erubescere
1368 3185 1598 3256 dicaris,
1628 3188 1743 3259 plus
1770 3188 2087 3244 erubescere

496 3276 676 3344 times,
708 3285 762 3332 ct
792 3292 976 3333 errare
1005 3295 1110 3333 non
1144 3279 1318 3334 times.

568 3366 808 3423 XXXIV.
836 3368 952 3424 Jun.
982 3370 1203 3425 Constat
1230 3380 1404 3426 tamen
1433 3379 1796 3426 accusatorem
1845 3381 2085 3427 nostrum

497 3460 549 3515 in
576 3460 789 3529 eodem,
809 3476 966 3532 quem
995 3470 1293 3529 aversatur,
1317 3462 1599 3520 Iutovolvi.
1623 3461 1756 3519 Cum
1784 3465 1926 3520 enim
1951 3480 2085 3520 con-

497 3554 711 3611 tinxerit
744 3555 886 3625 juste
914 3555 1173 3611 redditam
1203 3556 1439 3612 libidinis
1467 3570 1699 3627 pmnam.
1731 3565 1787 3613 et
1835 3559 1971 3614 banc
1996 3557 2086 3628 ju-

496 3646 692 3702 stitiam
720 3645 914 3702 divina:
940 3647 1165 3702 inculcat
1195 3648 1486 3704 convenire
1505 3650 1809 3713 sententize,
1834 3651 1886 3704 in
1910 3651 2086 3721 prola-

498 3736 645 3792 tione
663 3745 840 3794 autem
867 3736 1148 3794 sementim.
1178 3753 1312 3809 opus
1343 3738 1435 3794 Dei
1456 3752 1576 3795 esse
1600 3755 1706 3794 non
1747 3739 1994 3812 denegat,
2023 3757 2086 3796 ex

496 3842 598 3900 qua
621 3827 898 3884 libidinem
925 3829 1168 3886 evenisse
1190 3830 1342 3897 dicit,
1373 3847 1532 3903 quam
1560 3832 1982 3888 erubescendam
2015 3834 2092 3887 fa-

499 3930 673 3988 tetur;
703 3921 756 3977 iu
777 3936 995 3993 operam
1030 3923 1282 3979 nimirum
1327 3925 1442 3992 Dei,
1468 3925 1639 3994 illum,
1690 3941 1845 3997 quem
1876 3925 2090 3997 propul-

498 4023 729 4078 saverat,
758 4015 976 4071 reduxit
999 4015 1277 4085 pudorem.

571 4105 710 4162 Anc.
738 4103 854 4161 Jam
883 4105 976 4161 tibi
1006 4106 1211 4162 dictum
1241 4115 1346 4174 est,
1389 4106 1525 4163 Deus
1553 4118 1760 4163 mortem
1785 4126 1885 4164 non
1928 4109 2044 4180 fecit
2072 4126 2091 4162 :

501 4197 555 4251 in
582 4193 876 4267 prolatione
903 4203 1080 4250 autem
1108 4197 1387 4253 sententia:
1418 4198 1508 4254 Dei
1536 4207 1637 4264 est,
1667 4198 1832 4253 Morte
1865 4200 2093 4255 morieris

503 4285 660 4361 (Gen.
689 4303 747 4358 tt,
782 4288 891 4358 I7).
935 4288 1073 4345 Ecce
1106 4289 1245 4345 Deus
1280 4289 1379 4345 hoc
1401 4291 1620 4346 retribui
1652 4293 1916 4362 peccaturi
1946 4292 2089 4359 fecit,

497 4381 642 4454 quod
672 4383 813 4439 Deus
842 4381 955 4453 ipse
981 4398 1085 4437 non
1117 4380 1258 4438 fecit.
1294 4384 1356 4439 Et
1397 4394 1572 4439 tamen
1597 4384 1718 4455 quia
1769 4383 1908 4440 Deus
1937 4385 2092 4440 ultio-

501 4491 628 4531 eum
653 4483 738 4532 est
765 4474 939 4547 (Psal.
970 4490 1117 4539 xcut,
1153 4475 1232 4548 I),
1263 4475 1393 4531 dicit
1436 4476 1602 4532 etiam
1632 4491 1818 4532 creare
1855 4490 1917 4532 se
1955 4477 2093 4531 mala

505 4567 659 4640 (hui.
684 4584 812 4638 xcv,
843 4569 896 4640 7)
933 4587 947 4625 :
977 4577 1033 4625 et
1054 4568 1297 4640 qumdam
1339 4570 1390 4623 iu
1432 4569 1571 4625 libro
1615 4569 1989 4625 Ecclesiastico
2028 4569 2095 4624 at!

502 4662 788 4718 vindictam
846 4670 1025 4720 creata
1088 4663 1337 4721 dicuntur
1383 4659 1573 4738 (Eccli.
1607 4661 1937 4734 xxxix,33).
1989 4662 2094 4718 Sed

504 4771 624 4813 cum
646 4765 920 4828 peccatum
959 4757 1118 4812 etiam
1147 4772 1282 4826 pona
1307 4757 1508 4827 peccati
1536 4765 1640 4820 est,
1676 4770 1781 4812 non
1811 4757 1950 4812 Deus
1971 4773 2096 4828 pec-

504 4857 685 4905 catum
715 4845 1021 4918 facitopere
1047 4847 1248 4918 iniquo,
1281 4848 1374 4904 sed
1408 4858 1463 4903 ut
1510 4857 1786 4920 peccatum
1831 4849 1900 4904 sit
1939 4864 2092 4920 paena

508 4939 778 5012 peccantis
805 4939 929 4994 facit
955 4953 1117 5009 opere.
1141 4939 1303 5009 justo.
1322 4938 1453 5009 Quis
1479 4940 1623 4995 enim
1655 4947 1811 5009 neget
1833 4955 1952 4995 esse
1973 4955 2097 5009 pec-

504 5041 705 5099 catum,
728 5029 1002 5102 prophetis
1034 5032 1379 5086 mendacibus
1403 5031 1662 5087 credere?
1687 5031 1753 5086 Et
1781 5042 1954 5087 tamen
1985 5032 2096 5086 hmo

508 5126 606 5182 fuit
630 5139 786 5197 paena
819 5124 960 5194 regis
987 5123 1203 5188 Achab,
1240 5125 1419 5178 divino
1448 5124 1646 5179 inflicta
1692 5123 1912 5194 judicio,
1962 5125 2099 5179 sicut

508 5218 816 5289 Regnorum
837 5222 1066 5271 testatur
1110 5215 1329 5270 historia
1369 5215 1459 5285 (Ill
1495 5215 1619 5287 Reg.
1654 5215 1810 5285 χιιι).
1837 5215 1945 5271 Nec
1979 5216 2098 5273 ideo

505 5309 786 5381 quisquam
839 5305 911 5364 Ita
949 5305 1165 5378 desipit,
1214 5317 1271 5362 ut
1317 5307 1900 5379 pseudoprophetarum
1949 5317 2098 5378 putet

509 5400 767 5458 laudanda
794 5415 915 5458 esse
937 5399 1234 5466 mendacia,
1263 5410 1356 5456 aut
1381 5401 1642 5457 mendacii
1665 5402 1828 5457 Deum
1849 5401 2098 5458 dicatau-

509 5503 729 5559 rtorem,
784 5508 907 5550 cum
927 5491 1130 5563 judicio
1155 5493 1324 5563 justo,
1372 5493 1462 5549 ubi
1505 5493 1594 5549 tali
1632 5510 1790 5564 ιιωιιιι
1845 5495 2098 5566 perspicit

507 5585 746 5658 dignum,
800 5584 925 5640 facit
971 5584 1145 5654 decipi
1187 5599 1455 5656 quemque
1495 5585 1795 5640 mendacio.
1853 5587 2012 5657 Lege,
2044 5598 2098 5642 et

511 5759 520 5768 _
573 5699 594 5730 π
859 5696 926 5768 iu_
932 5698 1296 5768 sententiarum
1318 5695 1464 5768 libro,
1486 5700 1729 5768 sententia
1746 5700 1860 5768 303,
1881 5699 1974 5768 hoc
1995 5699 2101 5768 loco

507 5759 684 5824 inserit
707 5758 881 5824 verba
887 5758 974 5824 illa
1013 5773 1026 5824 ;
1063 5758 1179 5824 quia
1201 5759 1337 5824 aliud
1358 5767 1429 5824 est
1450 5765 1663 5812 creando
1707 5775 1800 5812 non
1844 5758 2099 5814 instituisse

511 5819 784 5896 mortalem,
831 5819 969 5873 aliud
995 5819 1275 5896 )udifaudo
1316 5820 1521 5896 plectere
1558 5830 1870 5888 permutarent.
1917 5827 2100 5876 absunt

511 5890 702 5934 ouuuno
722 5895 749 5932 a
767 5884 1103 5948 manuscriltls
1125 5884 1268 5949 hujus
1299 5884 1477 5949 aperis.

1204 399 1444 457 OPERIS
1484 397 1894 456 IIlII’EllFECTI
1934 396 2204 451 CONTRA
2247 394 2605 466 JULIANUM,
2645 399 2702 456 S.
2747 401 3108 459 AUGUSTINI

3653 408 3790 465 1556

2197 511 2463 585 intelligo;
2491 524 2546 570 et
2573 516 2679 571 noli
2712 517 2826 586 tibi,
2857 533 2923 574 ue
2960 518 3244 591 intelligas,
3280 521 3507 578 tumultu
3543 523 3786 595 loquaci-

2195 604 2318 659 tatis
2341 605 2670 677 obstrepere.

2266 695 2485 753 XXXV.
2511 697 2632 754 IUL.
2666 699 2747 756 Ad
2767 699 2910 772 quod
2937 710 3118 759 tamen
3145 706 3295 775 quasi
3321 705 3665 762 corollarium
3691 723 3786 780 pe-

2193 787 2408 844 culiaris
2426 791 2644 847 sceleris
2661 792 2922 864 adjunxit,
2954 802 3012 850 ut
3039 795 3196 852 talem
3236 811 3451 869 poenam
3490 813 3521 854 a
3566 799 3681 854 Deo
3722 800 3786 855 il-

2197 880 2356 935 latam
2387 882 2610 953 diceret,
2637 899 2756 956 quae
2784 895 2927 943 esset
2954 887 3206 944 illecebra
3235 898 3289 946 et
3333 889 3504 948 fomes
3555 893 3784 962 peccati.

2194 987 2312 1044 qua:
2339 974 2425 1031 lex
2451 976 2502 1032 in
2557 978 2814 1034 membris
2859 979 3052 1036 invicta
3089 993 3410 1052 repugnaret
3447 983 3548 1056 legi
3591 984 3787 1039 mentis

2194 1076 2392 1122 nostrae
2420 1085 2435 1122 :
2463 1084 2570 1140 quo
2591 1085 2791 1141 genere
2815 1071 3033 1127 ultionis
3057 1073 3432 1145 multiplicaret
3458 1076 3602 1131 Deus
3640 1074 3787 1146 flagi-

2195 1159 2286 1223 tia,
2317 1175 2421 1216 non
2443 1163 2687 1233 puniret;
2733 1171 2790 1220 et
2815 1165 2906 1236 qui
2933 1165 3098 1220 iratus
3143 1174 3260 1222 erat
3302 1167 3458 1222 mala:
3499 1167 3785 1231 voluntati,

2193 1264 2297 1320 qua
2328 1251 2498 1307 fuerat
2525 1262 2781 1322 erratum,
2805 1255 3067 1327 reliquum
3098 1257 3294 1313 faceret
3322 1258 3584 1328 peccandi
3610 1273 3786 1314 neces

2195 1342 2426 1398 sitatam.
2479 1344 2648 1414 Quale
2688 1349 2760 1402 sit
2807 1357 2985 1404 tamen
3032 1348 3133 1404 hoc
3171 1349 3450 1420 judicium,
3505 1349 3785 1406 Manicha-i

2195 1435 2342 1492 furor
2369 1438 2596 1494 viderit:
2618 1440 2743 1495 dum
2761 1450 2989 1507 constet,
3011 1442 3132 1513 quia
3159 1443 3246 1499 bic
3264 1443 3435 1514 judex
3455 1444 3545 1514 qui
3577 1443 3648 1498 ab
3678 1445 3787 1498 Au-

2192 1531 2402 1600 gustino
2431 1531 2665 1602 fingitur,
2688 1533 2953 1590 simularit
2974 1549 3034 1590 se
3059 1533 3280 1590 horrere
3305 1543 3602 1604 peceatum,
3633 1547 3786 1592 caete.

2194 1636 2310 1675 rum
2344 1631 2488 1678 tanto
2524 1625 2603 1680 eis
2628 1625 2867 1682 adhazret
2894 1625 3112 1692 affectu,
3143 1634 3201 1682 ut
3237 1627 3634 1698 diligentiorem
3684 1643 3782 1683 nu-

2196 1713 2400 1770 tritium
2423 1715 2664 1773 invenire
2694 1733 2802 1774 non
2820 1719 3048 1791 possint.

2263 1808 2400 1864 Auc.
2433 1807 2572 1879 Lege
2595 1810 2738 1880 quod
2767 1812 3022 1881 scriptum
3045 1821 3148 1881 est,
3177 1813 3428 1883 quoniam
3470 1830 3574 1869 non
3600 1813 3784 1884 proba-

2192 1908 2370 1953 verunt
2393 1898 2560 1954 Deum
2587 1900 2769 1956 habere
2791 1904 2846 1956 in
2889 1904 3086 1969 notitia,
3119 1905 3328 1959 tradidit
3374 1906 3493 1961 illos
3546 1906 3691 1962 Deus
3735 1906 3787 1960 in

2193 1989 2458 2057 reprobam
2519 2001 2733 2046 mentem
2753 2033 2767 2058 ,
2824 2003 2879 2047 ut
2929 1994 3122 2064 faciant
3171 2011 3286 2067 quia
3335 2014 3433 2052 non
3482 1998 3786 2052 conveniunt

2193 2078 2370 2151 (Rom.
2400 2097 2438 2146 ι,
2465 2080 2558 2154 28)
2591 2099 2604 2136 :
2631 2092 2686 2138 et
2714 2083 2834 2140 vide
2853 2085 3097 2156 quaadam
3141 2096 3359 2157 peccata
3379 2088 3542 2142 etiam
3591 2103 3783 2158 pmnas

2191 2185 2312 2226 esse
2333 2173 2686 2242 peccantium.
2704 2175 2984 2246 Quomodo
3003 2186 3185 2234 autem
3210 2177 3262 2232 id
3284 2178 3441 2234 faciat
3458 2179 3599 2235 Deus
3625 2189 3688 2234 ut
3709 2179 3784 2234 in-

2193 2262 2418 2334 telligas,
2447 2265 2626 2337 relege
2651 2267 2793 2338 quod
2834 2275 2886 2324 te
2915 2268 3168 2324 admonui
3219 2271 3465 2341 superius
3515 2271 3586 2328 de
3639 2271 3786 2342 Rege

2192 2357 2378 2414 Achab
2407 2361 2595 2431 :cujus
2623 2362 2804 2434 utique
2834 2373 3109 2434 peccatum
3137 2363 3235 2420 fuit
3293 2363 3512 2420 credere
3553 2363 3784 2434 pseudo-

2191 2451 2498 2522 prophetis;
2528 2463 2583 2510 et
2621 2464 2798 2511 tamen
2849 2456 2954 2514 hoc
2994 2466 3292 2528 peccatum,
3325 2457 3435 2514 Deo
3459 2456 3782 2520 vindicante,

2193 2541 2290 2598 fuit
2331 2545 2492 2600 etiam
2541 2561 2698 2616 poena
2736 2549 3027 2618 peccantis.
3077 2549 3179 2604 Ista
3224 2550 3525 2616 considera,
3575 2559 3632 2605 et
3678 2549 3783 2604 noli

2189 2636 2456 2693 oblatrarc
2479 2637 2714 2705 veritati,
2765 2654 2834 2695 ne
2887 2640 2940 2695 in
2992 2649 3046 2697 te
3070 2657 3284 2713 quoque
3307 2653 3633 2714 agnoscatur
3671 2641 3784 2696 [nec

2189 2743 2369 2800 pinna.

2261 2819 2503 2877 XXXVI.
2529 2821 2650 2878 Jun.
2681 2822 2819 2894 Quid
2844 2839 2972 2896 ergo
3000 2824 3100 2889 vis,
3147 2825 3496 2881 subtilissime
3541 2824 3783 2895 disputa-

2191 2913 2313 2968 tor?
2360 2915 2671 2986 sacrilegam
2711 2930 2832 2972 esse
2877 2916 2930 2971 in
2965 2917 3057 2972 Dei
3083 2917 3335 2988 operibus
3384 2916 3783 2981 verecundiam,

2189 3009 2313 3081 quia
2333 3011 2511 3065 omnia
2539 3027 2658 3082 qua:
2691 3011 2829 3067 Deus
2856 3010 3060 3077 fecerit,
3090 3012 3287 3082 passim
3317 3011 3401 3082 agi
3422 3010 3680 3076 debeant,
3713 3025 3781 3065 ne

2191 3111 2370 3158 nostra
2393 3104 2678 3174 trepidatio
2703 3105 2946 3175 opificem
2984 3105 3230 3161 videatur
3272 3104 3535 3176 arguere?
3577 3104 3785 3159 Erravit

2190 3210 2319 3268 ergo
2342 3198 2615 3269 apostolus
2641 3199 2857 3264 Paulus,
2884 3198 2976 3270 qui
3003 3199 3096 3254 Dei
3119 3213 3284 3269 opera
3305 3198 3641 3264 describens,
3669 3198 3782 3252 ait:

2199 3289 2571 3348 Verecundiam
2611 3302 2784 3347 nostra
2827 3295 3073 3364 majorem
3119 3292 3428 3347 honestatem
3467 3292 3689 3358 habent;
3737 3299 3785 3344 et

2192 3383 2332 3441 Deus
2356 3385 2644 3456 temperavit
2667 3400 2872 3455 corpus,
2901 3385 2946 3438 ei
2964 3385 3044 3438 cui
3072 3383 3245 3438 deerat
3264 3383 3638 3437 abundantiore
3665 3382 3785 3435 dato

2193 3478 2402 3546 honore,
2451 3487 2508 3532 ut
2549 3494 2650 3533 non
2689 3478 2754 3532 sit
2798 3478 3019 3533 scissura
3080 3478 3136 3532 in
3192 3491 3404 3549 corpore
3451 3475 3493 3548 (Ι
3523 3474 3646 3531 Cor.
3690 3489 3784 3541 xu,

2191 3569 2406 3640 2525).

2265 3664 2400 3720 Atto.
2428 3663 2570 3734 Lege
2597 3661 2897 3732 diligenter,
2925 3671 2975 3718 et
3003 3662 3205 3732 inspice
3233 3659 3473 3716 codicem
3514 3672 3785 3730 graecum;

2195 3769 2249 3817 et
2273 3759 2512 3816 invenies
2541 3757 2854 3828 Apostolum
2895 3747 3161 3810 inhone'sta
3181 3755 3382 3810 dixisse
3410 3751 3514 3825 (a),
3544 3766 3670 3822 qua:
3709 3753 3786 3804 0e—

2193 3851 2495 3906 recundiora
2517 3860 2573 3905 tu
2614 3849 2868 3904 diciszet
2913 3862 3158 3918 quaerens
3189 3861 3287 3902 cur
3323 3844 3610 3901 inhonesta
3663 3841 3786 3904 sint,

2195 3960 2314 4014 qua:
2343 3943 2491 4014 prius
2516 3957 2686 4014 usque
2717 3941 2852 3996 adeo
2872 3940 3082 3996 fuerant
3106 3940 3350 4004 honesta,
3385 3935 3583 3991 utnudi
3610 3943 3789 3989 essent

2195 4036 2302 4091 duo
2327 4037 2424 4103 illi,
2442 4043 2497 4091 et
2521 4049 2627 4090 non
2652 4029 3276 4102 confunderentur(0en.
3297 4045 3356 4097 ιι,
3384 4028 3499 4101 25);
3524 4029 3784 4098 reperies,

2197 4129 2242 4183 si
2267 4143 2371 4183 non
2401 4135 2454 4182 te
2472 4125 2786 4181 animositas
2813 4122 3170 4180 contentionis
3192 4129 3452 4188 excaecat,
3482 4129 3540 4174 ut
3571 4119 3679 4173 hoc
3711 4133 3792 4172 se-

2197 4231 2470 4292 queretur,
2500 4219 2840 4289 praeeessisse
2865 4227 3138 4288 peccatum
3170 4231 3184 4268 :
3209 4228 3384 4284 neque
3405 4213 3456 4267 in
3480 4211 3788 4268 hominibus

2200 4315 2384 4385 primis
2415 4313 2580 4368 Deum
2621 4309 2818 4382 aliquid
2864 4309 3053 4365 fecisse
3097 4306 3472 4371 inhonestum;
3520 4305 3664 4359 sicut
3694 4317 3787 4357 nec

2200 4414 2423 4459 mortem
2452 4403 2575 4458 fecit
2601 4403 2762 4466 Deus,
2783 4415 2904 4456 cum
2934 4414 3126 4468 corpus
3152 4413 3258 4452 non
3289 4397 3446 4453 faciat
3473 4395 3577 4450 nisi
3618 4395 3787 4453 Deus;

2200 4504 2256 4552 et
2279 4505 2475 4560 tamen,
2498 4493 2697 4565 Corpus
2728 4493 2931 4564 quidem
2959 4499 3210 4544 mortuum
3246 4498 3320 4543 est
3371 4495 3578 4559 propter
3616 4500 3786 4556 pecca-

2202 4601 2326 4654 tum,
2355 4603 2513 4643 verax
2540 4586 2666 4642 dicit
2690 4584 2975 4655 Apostolus
2997 4580 3171 4655 (Rom.
3201 4596 3315 4647 vm,
3350 4577 3459 4650 10).

2273 4679 2534 4736 XXXVII.
2564 4678 2682 4734 JUL.
2715 4676 2873 4731 Errat
2899 4675 3058 4731 etiam
3087 4673 3432 4728 honestorum
3458 4670 3658 4729 cautio,
3677 4679 3790 4733 qum

2203 4773 2531 4829 naturalibus
2577 4771 2737 4826 rebus
2762 4767 3097 4824 verecundia:
3135 4765 3413 4836 praetendit
3459 4757 3787 4812 umbracula.

2201 4867 2281 4922 Tu
2305 4882 2431 4938 ergo
2460 4865 2572 4935 ipse
2598 4862 2845 4932 reliquias
2867 4861 3105 4914 ciborum
3129 4898 3142 4920 ,
3171 4869 3305 4926 quas
3333 4861 3480 4908 certe
3519 4848 3792 4906 confiteris

2203 4974 2307 5014 non
2336 4957 2602 5028 pertinere
2628 4953 2693 5008 ad
2725 4952 3018 5014 libidinem,
3053 4948 3154 5002 sub
3182 4946 3348 5001 oculis
3377 4943 3588 5014 depelle
3618 4957 3785 5012 popu-

2203 5052 2410 5114 lorum;
2462 5048 2568 5102 imo
2617 5054 2677 5101 ut
2720 5042 2953 5114 dogmati
2999 5051 3088 5095 tuo
3119 5038 3486 5093 auctoritatem
3543 5033 3793 5089 concilies

2204 5139 2470 5210 exemplo,
2501 5137 2554 5192 in
2583 5135 2819 5191 Ecclesia
2872 5131 3033 5187 facito
3080 5130 3280 5195 omnia,
3332 5143 3450 5198 quze
3502 5125 3570 5180 ad
3613 5133 3792 5178 nutum

2204 5234 2336 5289 dicis
2377 5232 2486 5288 lieri
2535 5229 2842 5293 voluntatis,
2903 5223 3328 5293 contentusque‘
3369 5234 3588 5292 operam
3639 5217 3796 5272 solius

2204 5323 2597 5381 commixtionis
2626 5321 2888 5385 occulere,
2917 5333 2944 5370 a
2975 5331 3098 5387 qua,
3126 5325 3180 5370 ct
3207 5313 3332 5367 olim
3358 5312 3656 5382 proposito,
3694 5307 3792 5362 for-

2205 5419 2363 5485 sitan,
2395 5426 2449 5472 et
2479 5431 2618 5471 nunc
2647 5415 2796 5470 senio
2819 5411 3089 5474 destitisti,
3119 5409 3282 5464 dicito
3302 5406 3366 5461 ad
3390 5406 3595 5477 grande
3626 5400 3789 5455 sacri-

2206 5511 2400 5582 legium
2428 5509 2714 5580 pertinere,
2747 5508 2790 5562 si
2810 5522 2894 5560 res
2923 5519 3042 5575 qua:
3065 5503 3230 5556 Demn
3259 5497 3593 5553 conditorem
3618 5493 3790 5553 habet,

2207 5602 2472 5672 publicum
2503 5601 2630 5654 vitet
2657 5607 2950 5669 aspectum.
2979 5591 3213 5650 Comede
3259 5589 3415 5660 igitur
3440 5588 3494 5641 in
3537 5586 3675 5650 foro,
3710 5592 3792 5635 aut

2271 5807 2286 5836 ι
2323 5802 2478 5865 \‘ign.,
2502 5804 2899 5859 conmrentusmte.
2921 5805 3026 5847 Mss.
3045 5831 3061 5858 ,
3085 5797 3431 5855 contentusque.

2270 5887 2345 5951 (ιι)
2388 5885 2448 5937 Τὰ
2470 5884 2768 5936 asrhémoua.
