3962 6498
236 427 374 483 1557

232 548 285 600 in
312 543 624 618 synagogis,
660 542 712 598 in
736 541 928 614 quibus
954 535 1341 609 disputationes
1371 542 1473 588 tua:
1500 541 1821 604 personant;

231 647 285 693 et
312 652 438 693 cum
480 637 798 692 vestimenta
823 633 923 690 sub
948 631 1059 710 sole
1089 627 1290 684 torrido
1315 625 1512 681 fuerint
1549 626 1719 689 oneri,
1749 635 1826 681 tc-

228 742 362 799 gcns
393 728 538 783 illam
584 723 951 781 tantummodo
1005 721 1246 792 corporis
1292 718 1363 772 tui
1416 725 1623 787 partem
1665 731 1823 786 quant

226 818 478 875 diabolus
529 819 723 879 movit,
766 816 967 872 relicua
1017 813 1189 867 nudus
1236 809 1468 866 inceditu
1501 828 1514 864 :
1542 809 1664 879 quia
1697 824 1825 878 pro-

227 912 450 967 nuntias
479 911 741 983 iugratum
787 924 908 964 esse
934 915 990 963 et
1026 903 1326 977 profanum,
1375 902 1420 958 si
1447 901 1573 972 quid
1619 910 1826 972 legatur

225 1002 375 1073 quod
404 1003 498 1059 Dei
524 1001 776 1074 operibus
803 999 1141 1055 adscribitur.
1171 993 1324 1061 Quod
1366 1008 1485 1050 cum
1510 993 1700 1049 horum
1745 992 1824 1047 ni-

227 1095 298 1149 hil
323 1094 458 1150 facis
486 1095 550 1164 (si
580 1103 754 1148 tamen
771 1108 877 1148 non
902 1089 1229 1162 proficiendo
1253 1090 1268 1122 ί
1291 1087 1525 1156 feceris),
1542 1086 1670 1157 ipsis
1691 1100 1822 1157 ope-

227 1189 382 1243 ribus
406 1187 696 1244 confirmas
724 1188 948 1242 alterum
977 1185 1044 1240 de
1095 1185 1323 1251 duobus,
1352 1185 1453 1238 'aut
1496 1183 1675 1238 omnia
1724 1183 1821 1238 ista

226 1279 294 1335 ad
328 1280 605 1336 diabolum
639 1281 926 1351 pertinere,
957 1294 1075 1350 qua:
1103 1293 1206 1331 nou
1238 1277 1550 1347 exsequeris
1573 1276 1673 1332 sub
1695 1292 1822 1333 con-

227 1383 418 1444 spectu
448 1374 658 1444 publico
677 1391 690 1438 ;
712 1381 806 1428 aut
825 1372 1016 1443 dogma
1039 1380 1296 1437 vestrum,
1323 1369 1369 1426 si
1397 1385 1504 1426 non
1525 1369 1709 1439 corde,
1740 1370 1821 1425 vel

227 1474 416 1521 ventre
445 1475 535 1520 tuo
561 1475 694 1520 teste
719 1463 996 1520 cecidisse.

300 1558 438 1612 ABG.
469 1556 666 1612 Eorum
697 1571 816 1627 qua:
845 1555 1074 1609 occultat
1102 1553 1288 1624 pudor,
1318 1552 1416 1607 alia
1443 1561 1568 1608 sunt
1605 1551 1826 1607 horribi-

227 1648 319 1714 lia,
354 1649 460 1703 alia
482 1646 910 1716 concupiscibilia
941 1664 953 1701 :
979 1646 1063 1700 illa
1085 1645 1418 1710 occuluntur,
1451 1660 1519 1701 ne
1560 1645 1820 1698 horrean-

227 1751 336 1806 tur,
372 1741 513 1795 sicut
536 1738 841 1810 egestiones
893 1738 1231 1808 reliquiarum
1274 1753 1337 1792 ex
1385 1735 1680 1800 alimentis;
1722 1735 1821 1790 ista

224 1847 376 1897 vero,
409 1847 479 1886 ne
504 1831 963 1900 coucupiscautur,
994 1829 1072 1885 vel
1101 1844 1169 1884 ne
1197 1828 1249 1883 id
1277 1826 1420 1899 quod
1469 1843 1563 1898 per
1589 1843 1650 1882 ca
1700 1825 1816 1882 fieri

220 1921 387 1987 solet,
410 1921 733 1976 admoneant
772 1920 1097 1990 concupisci,
1140 1920 1276 1974 sicut
1305 1927 1429 1973 sunt
1453 1933 1518 1974 ea
1557 1917 1818 1984 membra,

223 2029 346 2083 qua:
376 2014 447 2068 ab
477 2014 591 2083 ipso
617 2012 826 2084 pudore
851 2012 1064 2083 proprie
1103 2011 1346 2082 pudenda
1373 2011 1638 2074 dicuntur,
1672 2009 1752 2065 vel
1776 2011 1819 2065 si

223 2108 302 2162 eis
330 2107 508 2177 ipsum
538 2105 980 2176 concupiscentia:
1014 2119 1148 2176 cpus
1177 2103 1368 2173 agitur.
1399 2102 1529 2157 Nam
1552 2111 1606 2157 et
1629 2113 1819 2158 caetera

219 2199 472 2269 corporis
492 2199 559 2253 ab
595 2198 675 2253 his
710 2197 1019 2264 remotiora,
1048 2211 1167 2250 cum
1183 2195 1344 2266 pudet
1367 2195 1504 2249 nuda
1523 2194 1821 2264 relinquere

223 2291 342 2345 sive
365 2290 589 2356 nudare,
618 2289 681 2344 ad
712 2290 812 2344 hoc
843 2289 1090 2359 pertinet,
1135 2287 1384 2358 quoniam
1431 2286 1820 2356 concupiscen-

223 2383 295 2436 tia
323 2382 505 2438 carnis
533 2382 688 2436 latius
711 2397 811 2452 per
848 2381 1030 2436 oculos
1057 2379 1307 2450 pascitur.
1334 2377 1486 2434 Unde
1529 2377 1604 2432 illi
1643 2379 1819 2447 impu-

221 2473 329 2529 dici
362 2474 610 2546 pudicam
639 2471 958 2536 Susannam,
987 2481 1243 2542 quantum
1282 2478 1589 2540 potuerunt,
1619 2469 1821 2525 nudare

225 2563 514 2619 voluerunt
540 2563 700 2636 (Dan.
732 2579 847 2631 xm,
869 2563 985 2633 39.).
1027 2561 1212 2617 Potest
1245 2575 1376 2631 ergo
1418 2559 1556 2615 bene
1599 2559 1818 2630 intelligi

225 2657 386 2713 etiam
431 2657 595 2723 Deus,
631 2655 873 2726 ejusdem
899 2669 1112 2727 quoque
1155 2653 1373 2724 pudoris
1417 2651 1821 2708 commendasse

121 2735 130 2747 ’
219 2764 436 2815 curam,
476 2748 690 2820 quando
735 2748 858 2802 illos
896 2748 986 2818 qui
1014 2747 1116 2801 sibi
1162 2743 1512 2800 succinctoria
1562 2743 1818 2812 fecerant,

221 2839 294 2896 de
310 2857 406 2896 sua
427 2839 666 2896 nuditate
687 2837 916 2904 confusi,
939 2838 1097 2893 etiam
1133 2836 1324 2892 tunicis
1347 2835 1553 2902 induit;
1577 2844 1820 2905 propter-

227 2948 290 2987 ea
319 2932 538 3002 quidem
565 2931 801 3002 pelliccis
830 2928 980 3002 (Gen.
1009 2945 1085 2996 ιιι,
1114 2926 1231 3002 21),
1292 2937 1349 2984 ιιι
1389 2927 1821 2998 corruptibilibus

221 3023 332 3092 jam
363 3022 682 3095 corporibus
708 3037 854 3076 mors
875 3021 1178 3091 signaretur
1205 3019 1479 3089 adjuncta.
1506 3018 1563 3073 In
1609 3018 1821 3089 publico

227 3127 406 3170 autem
453 3115 596 3170 vesci
627 3129 741 3168 mos
767 3111 1037 3184 prohibet,
1080 3125 1445 3182 quoscumque
1474 3109 1740 3181 prohibet,
1767 3119 1821 3166 et

225 3207 404 3260 facere
429 3214 618 3261 contra
640 3220 844 3260 morem
862 3203 1053 3259 merito
1075 3202 1258 3273 pudet.
1284 3201 1418 3257 Nam
1442 3202 1671 3258 Romani
1718 3218 1819 3258 an-

227 3300 382 3370 tiqui,
409 3296 556 3369 quod
581 3298 742 3352 etiam
761 3297 874 3368 ipse
892 3296 1086 3367 legisti,
1115 3296 1169 3350 in
1192 3295 1471 3366 propatulo
1495 3293 1821 3352 ctenitabant

226 3404 388 3461 atque
421 3391 806 3463 pransitabaut.
839 3389 977 3459 Quid
1001 3398 1085 3446 est
1107 3404 1236 3461 ergo
1265 3389 1424 3461 quod,
1469 3380 1574 3444 no'n
1613 3389 1822 3445 ratioci-

225 3484 440 3550 nando,
487 3484 583 3540 scd
631 3483 978 3539 conviciando
1015 3482 1264 3554 spatiaris
1306 3481 1359 3535 in
1418 3480 1679 3536 vacuum?
1725 3481 1821 3537 lie-

225 3575 373 3645 spice
404 3574 526 3629 illos
555 3574 754 3644 primos
775 3581 1045 3644 parentes,
1091 3572 1182 3643 qui
1225 3571 1354 3626 nudi
1387 3579 1562 3638 erant,
1610 3581 1665 3626 et
1713 3587 1817 3627 non

228 3665 694 3722 confundebantur
724 3665 982 3722 :attende
1021 3665 1148 3736 quid
1185 3664 1436 3731 texerint,
1480 3673 1534 3720 ct
1563 3664 1819 3720 conﬁtere

223 3763 350 3832 quid
397 3762 688 3817 senserint.
727 3761 772 3816 A
809 3759 1179 3815 succinctoriis
1234 3758 1301 3814 ad
1344 3757 1550 3813 tunicas
1601 3767 1817 3813 ventum

228 3863 339 3907 est:
365 3853 496 3908 inde
535 3853 716 3924 cmpit,
748 3860 801 3907 et
826 3851 996 3907 crevit
1014 3849 1235 3905 humani
1274 3849 1516 3920 corporis
1562 3849 1814 3920 tegimen,

224 3945 311 4000 ubi
342 3945 594 4000 humanis
631 3944 886 3999 membris
927 3942 1293 4014 pudendorum
1331 3949 1415 3996 est
1452 3941 1674 3996 inditum
1716 3956 1817 3996 no-

227 4051 367 4092 men.
399 4037 476 4091 lbi
497 4035 717 4107 pudoris
747 4034 917 4105 major
945 4043 1026 4090 est
1049 4048 1196 4101 cura,
1222 4033 1311 4089 ubi
1339 4032 1539 4088 resistit
1560 4033 1818 4102 concupi-

225 4129 444 4185 scentia
469 4128 742 4200 pudicitia.
789 4127 960 4183 Pudet
999 4127 1142 4182 enim
1190 4134 1436 4182 naturam
1501 4126 1816 4182 rationalem

228 4222 426 4294 aliquid
456 4221 654 4277 habere
683 4221 736 4276 iu
765 4236 925 4276 carne
955 4234 1071 4287 sua,
1097 4219 1184 4273 ubi
1215 4219 1257 4273 si
1291 4235 1393 4274 non
1440 4219 1554 4273 vult
1580 4233 1673 4288 per
1714 4218 1817 4273 im-

228 4315 533 4384 pudicitiam
555 4313 914 4379 dehonestari,
936 4327 1154 4368 necesse
1181 4311 1251 4367 sit
1268 4311 1534 4378 reluctari,
1560 4322 1664 4366 tam
1683 4325 1814 4367 con-

224 4407 419 4478 iugatis
444 4422 512 4463 ne
537 4405 746 4473 illicito,
781 4421 940 4476 quam
964 4403 1360 4460 continentibus
1389 4418 1456 4458 ne
1486 4403 1593 4458 ullo
1619 4417 1818 4458 concu-

228 4499 336 4554 bitu
364 4499 730 4556 sordidentur.
762 4497 888 4553 Haec
916 4495 1182 4552 discordia
1209 4497 1386 4550 carnis
1421 4505 1476 4550 et
1515 4494 1733 4565 spiritus
1763 4495 1815 4550 in

229 4590 494 4661 paradiso,
527 4590 573 4646 si
596 4604 753 4646 nemo
781 4597 1078 4662 peccasset,
1117 4588 1256 4644 absit
1290 4597 1348 4642 ut
1381 4601 1504 4644 esse
1545 4587 1814 4658 potuerit:

229 4695 332 4735 non
353 4692 537 4738 autem
567 4697 665 4738 nos
691 4697 758 4737 ex
778 4683 966 4737 aliena:
996 4690 1200 4735 natura:
1219 4680 1602 4736 commixtione
1630 4694 1816 4750 posse-

228 4768 301 4825 dit
329 4788 343 4824 :
367 4770 512 4826 unde
532 4787 659 4841 ergo
686 4771 753 4827 ad
779 4787 896 4840 nos,
926 4771 1030 4826 nisi
1057 4787 1123 4827 ex
1160 4771 1318 4841 primi
1353 4771 1584 4826 hominis
1607 4785 1814 4842 praeva-

227 4862 484 4918 ricatione
513 4861 823 4918 descendit?

291 4954 587 5011 XXXVIII.
643 4953 764 5011 Jun.
819 4955 926 5011 Res
973 4955 1165 5027 inepta:
1217 4962 1376 5022 sunt,
1424 4963 1479 5010 et
1526 4968 1645 5025 qua:
1693 4954 1816 5010 stilo

226 5055 411 5103 nostro
439 5045 738 5103 convicium
763 5047 929 5118 magis
953 5044 1152 5101 faciant
1199 5061 1357 5115 quam
1407 5045 1644 5100 laborem
1675 5062 1689 5099 :
1721 5046 1815 5101 sed

226 5139 384 5195 fidem
415 5148 560 5194 tuam
586 5140 608 5172 ⁸
640 5139 945 5195 necessario
990 5145 1405 5208 consequuntur.
1434 5136 1815 5192 Verumtamen

224 5231 419 5296 adhuc,
464 5239 526 5287 ut
565 5231 636 5287 sit
671 5231 907 5287 intentus
947 5231 1135 5296 lector,
1163 5228 1445 5285 admoneo.
1496 5229 1732 5285 Conatus
1755 5244 1816 5285 es

226 5340 419 5396 nempe
439 5339 701 5390 asserere,
731 5324 873 5396 quod
900 5324 996 5380 Dei
1040 5338 1176 5394 opus
1218 5323 1472 5394 probetur
1511 5322 1814 5393 pudendum

227 5430 331 5470 non
359 5430 510 5482 esse;
542 5416 636 5472 sed
666 5425 724 5471 ut
753 5417 853 5471 hoc
882 5415 1095 5472 efficere
1139 5414 1442 5485 nequivisti,
1477 5413 1548 5468 ita
1578 5429 1814 5484 spopon-

225 5504 347 5561 disti
369 5504 500 5560 illud
528 5505 941 5571 absolutissime,
990 5506 1208 5562 demere
1231 5513 1286 5560 te
1334 5521 1364 5560 a
1408 5504 1628 5560 libidine
1664 5521 1816 5561 vere-

223 5595 498 5660 cundiam,
543 5593 588 5649 si
616 5609 751 5664 opus
777 5594 873 5651 Dei
898 5610 1021 5651 esse
1061 5593 1346 5660 doceatur;
1378 5595 1519 5666 quod
1559 5597 1613 5650 in
1644 5598 1816 5667 primo

225 5700 390 5758 apere
413 5686 486 5741 ita
514 5686 824 5757 approbavi,
856 5695 916 5742 ut
939 5703 1042 5743 nec
1083 5697 1134 5743 te
1158 5687 1285 5743 inde
1313 5699 1493 5759 putem
1537 5689 1809 5746 dubitatu-

288 5822 308 5885 ι
342 5821 420 5885 sic
438 5829 544 5885 Mss.
571 5829 623 5872 At
641 5821 801 5884 vigu.,
825 5819 1138 5885 perﬁciendo.

286 5884 309 5914 ¹
333 5883 471 5946 aditi,
495 5885 669 5946 etiarn;
701 5883 992 5946 ’pro,'tuam.
1026 5883 1347 5934 [intendantur
1371 5896 1436 5932 ex
1459 5889 1564 5933 Mss.

1584 413 1786 470 LIBER
1824 415 2050 483 QUAiil
2068 425 2172 473 Ub.

3385 421 3521 477 1538

1935 546 2053 586 rum
2081 545 2222 597 esse,
2252 545 2372 587 cum
2401 531 2626 603 legeris:
2656 540 2830 586 tamen
2848 531 3095 602 quoniam
3127 531 3226 588 hoc
3245 545 3520 588 commcn-

1934 631 2042 676 tuin
2076 633 2221 678 tuum
2251 622 2534 695 signiﬁcat,
2563 622 2790 680 necdum
2818 623 2884 678 ad
2916 639 3103 680 manus
3130 633 3247 680 tuas
3273 624 3392 680 illos
3423 639 3518 680 ve-

1932 713 2075 770 nisse
2103 713 2286 780 libros,
2332 714 2384 770 id
2429 716 2600 785 ipsum
2631 714 2683 769 iu
2715 710 2962 785 praesenti
2990 731 3199 787 quoque
3235 715 3521 773 ostendere

1932 821 2038 860 non
2077 805 2295 877 pigebit.
2341 805 2735 861 Irralionahiles
2767 806 2926 878 igitur
2963 807 3279 875 animantes,
3329 823 3359 861 a
3412 823 3519 878 quo

1931 895 2172 951 conditas
2195 907 2370 968 putas,
2399 912 2518 968 qua:
2563 897 2724 952 certis
2764 896 3095 967 temporibus
3141 898 3517 954 ardentissima

1931 986 2146 1044 libidine
2174 998 2603 1056 commoventur,
2653 989 2724 1043 ita
2773 997 2830 1044 ut
2873 987 3030 1044 etiam
3081 986 3320 1045 feritates
3364 1003 3517 1046 acuat

1928 1079 2294 1148 singularum?
2324 1080 2474 1136 Tunc
2515 1095 2690 1137 saevus
2727 1096 2878 1152 aper,
2912 1089 3037 1137 tunc
3067 1081 3296 1152 pessima
3344 1083 3514 1154 tigris.

1931 1173 2068 1226 Ante
2094 1186 2280 1227 omnes
2326 1171 2476 1227 furor
2519 1180 2606 1229 est
2646 1173 2871 1243 insignis
2922 1188 3177 1243 equarum
3220 1171 3516 1246 (Virgilius,

1932 1262 2115 1336 Georg.
2146 1263 2232 1320 lib.
2263 1267 2318 1331 5,
2371 1282 2498 1320 vers.
2546 1265 2672 1331 248,
2703 1265 2856 1338 266).
2891 1267 3028 1323 Vere
3063 1275 3269 1323 tument
3314 1267 3514 1323 herbae.

1931 1354 2068 1410 Vere
2092 1355 2416 1411 abundantia
2449 1358 2613 1412 teucri
2639 1357 2880 1413 humoris
2906 1358 3187 1414 exuberat.
3219 1357 3286 1413 Et
3314 1359 3513 1414 coitum

1924 1447 2089 1502 certis
2113 1456 2359 1518 repetunt
2379 1457 2618 1504 armenta
2635 1449 2824 1505 diebus
2843 1447 3026 1520 (Ibid.,
3046 1448 3134 1504 lib.
3157 1448 3215 1518 2,
3238 1465 3364 1506 vers.
3388 1451 3512 1517 525,

1929 1539 2055 1608 551,
2082 1538 2230 1612 529).
2260 1540 2502 1612 Longum
2550 1551 2632 1597 est
2670 1542 2748 1597 ire
2779 1556 2880 1613 per
2914 1541 3121 1613 singula
3150 1558 3164 1598 :
3196 1544 3374 1600 omnia
3424 1559 3518 1616 ge-

1937 1647 2088 1701 nera,
2116 1649 2236 1704 quae
2278 1634 2558 1705 suspendit
2581 1634 2808 1704 volatus,
2835 1649 2955 1707 qua:
3001 1635 3258 1692 demersit
3284 1646 3514 1704 natatus,

1927 1737 2047 1794 qua:
2073 1723 2270 1796 Sparsit
2296 1734 2539 1796 vagatus,
2566 1739 2664 1796 per
2689 1739 2836 1792 aera,
2862 1740 2955 1795 per
2967 1724 3122 1792 freta,
3153 1741 3249 1796 per
3273 1741 3515 1794 nemora,

1926 1832 2029 1874 nec
2057 1825 2233 1874 tamen
2256 1827 2350 1874 aut
2373 1817 2677 1874 sublimavit
2702 1820 2859 1887 ratio,
2917 1828 3009 1874 aut
3045 1819 3200 1890 culpa
3227 1821 3513 1892 depressit,

1924 1918 2053 1966 uota
2080 1909 2603 1968 commiscendorum
2634 1925 2922 1983 corporum
2948 1911 3218 1984 voluptate
3238 1912 3516 1970 flammau-

1929 2010 2030 2057 tur.
2061 2001 2216 2057 Illum
2263 2017 2392 2074 ergo
2435 2017 2660 2059 sexuum
2718 2017 2875 2072 quem
2928 2003 3200 2073 patiuntur
3244 2004 3510 2073 ardorem,

1929 2092 2020 2148 Dei
2042 2107 2110 2148 an
2131 2092 2328 2149 diaboli
2353 2107 2520 2165 opere
2549 2093 2937 2163 susceperunt?
2965 2091 3234 2150 Clamabis
3273 2095 3389 2152 sine
3417 2096 3516 2151 du-

1927 2182 2035 2251 bio,
2067 2184 2180 2240 Dei.
2212 2184 2352 2240 Deus
2404 2198 2532 2254 ergo
2560 2197 2747 2240 sexum
2787 2183 3017 2239 naturali
3074 2185 3348 2256 voluptate
3395 2201 3516 2242 suc-

1925 2276 2135 2344 cendit;
2189 2276 2330 2348 quod
2374 2285 2522 2334 certe
2569 2277 2984 2348 conscquentius
3027 2294 3186 2350 quam
3226 2288 3298 2348 tu,
3351 2279 3516 2336 Ilani-

1925 2369 2107 2424 clusus
2127 2376 2304 2438 negat.
2327 2367 2423 2424 Ille
2449 2368 2615 2436 enim,
2649 2385 2680 2423 a
2707 2384 2813 2440 quo
2833 2371 3317 2440 conCUpiscentiam
3339 2373 3515 2428 carnis

1926 2461 2180 2517 damnare
2205 2460 2460 2529 didicisti,
2491 2460 2617 2532 quid
2646 2461 2749 2516 sibi
2789 2461 3073 2517 dicendum
3131 2471 3275 2518 esset
3311 2479 3516 2535 expen-

1925 2553 2081 2620 dens,
2112 2569 2226 2610 rem
2247 2569 2406 2624 quam
2429 2552 2746 2609 diabolicam
2773 2551 3107 2621 delinivcrat,
3157 2564 3316 2624 atque
3348 2569 3379 2609 a
3422 2555 3515 2610 Dei

1925 2647 2176 2717 operibus
2202 2654 2526 2713 removerat,
2557 2660 2984 2716 quaquaversum
3015 2660 3134 2700 eam
3164 2647 3331 2716 potuit
3360 2646 3515 2702 inve-

1927 2742 2042 2797 nire
2067 2740 2405 2812 persequitur
2435 2757 2448 2793 :
2469 2749 2523 2795 et
2543 2738 2664 2795 ideo
2691 2747 2746 2794 ut
2765 2754 2864 2812 per
2883 2738 3374 2808 concupiscentiam
3390 2754 3517 2795 cor-

1925 2849 2056 2904 pora
2078 2833 2375 2900 hominum,
2426 2833 2496 2888 ita
2529 2849 2625 2903 per
2669 2833 2936 2900 homines,
2986 2846 3175 2888 omnes
3218 2833 3518 2890 animantes

1921 2927 2139 2983 diabolo
2159 2926 2431 2997 deputavit
2456 2925 2682 2980 auctori.
2728 2924 2809 2980 Tu
2853 2933 3053 2992 autem,
3085 2941 3206 2980 cum
3243 2926 3296 2981 in
3352 2925 3520 2982 Mani-

1925 3019 2060 3076 chtei
2085 3019 2277 3075 castris
2321 3019 2579 3075 hactenus
2603 3034 2844 3086 manens,
2876 3020 3169 3076 maximum
3214 3019 3333 3091 ejus
3373 3020 3518 3076 feras

1924 3113 2245 3182 draconem,
2269 3112 2339 3169 de
2358 3127 2463 3183 quo
2494 3111 2796 3168 infelicibus
2824 3112 3092 3168 mentibus
3137 3127 3234 3184 per
3276 3114 3518 3169 naturale

1927 3203 2123 3260 malum
2153 3212 2207 3259 et
2235 3203 2458 3258 crimina
2497 3203 2801 3273 nuptiarum
2829 3201 3027 3258 lethale
3078 3203 3307 3273 inspiras
3349 3220 3514 3261 vene-

1927 3313 2076 3363 num;
2112 3311 2218 3352 non
2250 3297 2330 3352 vis
2371 3305 2546 3352 tamen
2600 3296 2654 3350 in
2685 3311 2872 3352 omnes
2918 3303 3137 3352 naturas
3189 3305 3435 3368 suggesta
3485 3314 3516 3353 a

1926 3391 2181 3460 magistro
2209 3389 2312 3444 tela
2339 3389 2563 3460 jaculari
2596 3398 2690 3444 :et
2733 3388 2902 3445 brutis
2945 3388 3262 3445 familiarior
3301 3389 3517 3465 (quibus

1922 3492 2102 3539 tamen
2127 3482 2197 3538 ob
2222 3481 2324 3537 hoc
2342 3482 2534 3552 parcis,
2556 3489 2613 3536 ut
2641 3481 3029 3537 rationabilium
3058 3489 3254 3537 statum
3275 3491 3518 3540 auctora-

1926 3578 2032 3632 tius
2056 3575 2696 3645 crimincris),consentis
2713 3575 2763 3628 in
2786 3573 3001 3629 illorum
3016 3574 3328 3646 corporibus
3350 3576 3516 3632 Deum

1927 3669 2150 3735 fecisse,
2185 3666 2328 3738 quod
2359 3668 2410 3721 in
2456 3667 2655 3722 nostris
2695 3667 2712 3698 ¹
2751 3665 3057 3721 diabolum:
3081 3681 3204 3721 cum
3249 3676 3427 3723 tamen
3463 3669 3515 3724 id

1925 3763 2119 3834 ipsum,
2141 3761 2234 3818 sed
2253 3760 2432 3819 mitius
2445 3762 2495 3816 in
2520 3761 3007 3832 hominibus,quam
3030 3762 3080 3815 in
3098 3761 3381 3831 pecoribus
3395 3776 3517 3819 esse

1925 3853 2145 3908 fateare.
2174 3851 2240 3909 Ut
2263 3866 2392 3924 ergo
2413 3852 2536 3922 quid
2555 3852 2626 3906 sit
2643 3850 2914 3920 effectum,
2936 3851 3171 3923 prudens
3188 3852 3355 3908 lector
3375 3853 3518 3909 acci-

1927 3946 2052 4016 piat,
2080 3942 2352 3999 libidinem
2379 3958 2661 4014 corporum
2692 3942 2746 3998 in
2785 3943 3103 3999 animalibus
3127 3943 3318 4000 factam
3343 3959 3374 4001 a
3405 3946 3516 4002 Deo

1925 4052 2029 4092 non
2050 4051 2234 4108 negas.
2263 4035 2380 4091 Non
2399 4044 2481 4091 est
2496 4051 2626 4107 ergo
2645 4036 2735 4092 Dei
2755 4035 3004 4106 operibus
3025 4036 3238 4107 indigna
3262 4037 3350 4092 illa
3375 4037 3512 4094 affe-

1924 4128 2054 4195 ctio,
2079 4125 2360 4199 quzeinhis
2381 4126 2694 4183 substantiis
2718 4128 2894 4182 acrior
2919 4127 3208 4196 invenitur,
3239 4144 3358 4201 qua:
3386 4131 3516 4186 nihil

1924 4219 1992 4276 de
2013 4218 2210 4275 diaboli
2242 4218 2404 4286 malo,
2447 4219 2529 4274 vel
2556 4217 2696 4273 tenui
2723 4218 2996 4274 voluntate
3023 4229 3333 4289 rapuerunt.
3368 4220 3510 4293 Ergo

1923 4314 2046 4384 quia
2093 4312 2522 4383 concupiscentia
2552 4311 2771 4368 defensa
2795 4319 2880 4368 est
2901 4311 3149 4382 exemplo
3178 4312 3510 4380 animalium,

1925 4404 2140 4461 defensa
2161 4404 2321 4460 etiam
2350 4405 2605 4476 dignitate
2656 4404 2889 4459 auctoris
2917 4403 3020 4470 sui,
3072 4417 3171 4458 nec
3213 4404 3374 4471 mala,
3415 4421 3516 4461 nec

1923 4496 2185 4552 diabolica
2212 4506 2318 4564 est,
2358 4512 2520 4568 quam
2565 4496 2691 4551 fecit
2743 4495 2884 4549 Deus
2919 4493 3176 4549 formator
3204 4508 3512 4564 corporum,

1923 4597 1978 4646 et
2002 4605 2159 4661 quam
2187 4597 2332 4644 tenet
2359 4605 2420 4644 ea
2447 4603 2566 4660 quae
2585 4596 2668 4644 est
2692 4601 2884 4658 expers
2911 4595 3096 4642 natura
3126 4589 3326 4657 peccati
3357 4605 3513 4646 :cum

1925 4683 2029 4738 hoc
2089 4697 2219 4753 ergo
2269 4681 2480 4748 claruit,
2530 4681 2740 4751 inquiro
2785 4687 2963 4735 utrum
3015 4681 3172 4736 istam
3216 4682 3511 4752 libidinem,

1920 4791 2082 4847 quam
2130 4790 2357 4846 corpora
2398 4775 2630 4830 humana
2708 4777 3058 4846 perscntiunt,
3104 4778 3273 4834 Deum
3324 4779 3515 4838 fecisse

1921 4867 2262 4925 consentias?
2299 4868 2354 4924 Si
2381 4869 2666 4936 annueris,
2713 4870 2920 4925 sublata
2973 4873 3248 4928 contentio
3291 4883 3393 4939 est,
3453 4886 3510 4931 tu

1922 4958 2258 5026 emendatus,
2290 4969 2344 5016 et
2371 4960 2695 5016 Manichacus
2721 4963 3055 5038 permanebit
3075 4966 3309 5022 attritus.
3339 4967 3395 5023 Si
3417 4984 3513 5024 au-

1925 5061 2032 5108 tem
2049 5051 2269 5118 dixeris,
2301 5052 2356 5107 In
2381 5053 2697 5123 corporibus
2725 5053 2998 5110 hominum
3027 5071 3056 5110 a
3080 5057 3188 5113 Deo
3207 5075 3312 5113 non
3343 5062 3515 5131 potuit

1921 5145 2038 5201 fleri
2073 5162 2086 5200 :
2117 5145 2316 5212 refero,
2365 5144 2510 5199 illam
2556 5145 2879 5216 voluptatem
2933 5156 2988 5203 ct
3024 5152 3511 5220 concupiscentiam

1922 5238 2118 5303 carnis,
2143 5237 2375 5293 hominis
2403 5245 2478 5305 te,
2510 5254 2616 5293 non
2661 5239 2756 5295 Dei
2806 5241 3057 5310 operibus
3099 5243 3371 5315 indignam
3417 5263 3514 5317 pu.

1924 5339 2058 5385 tare.
2108 5328 2321 5400 Ambigi
2355 5328 2552 5400 quippe
2607 5345 2713 5385 non
2755 5341 2948 5400 potest,
2983 5334 3234 5406 quoniam
3285 5337 3331 5392 si
3369 5350 3512 5410 quod

1923 5423 2196 5479 confiteris
2218 5439 2246 5476 a
2287 5421 2393 5478 Deo
2423 5422 2743 5495 ubicumque
2783 5423 3000 5490 factum,
3030 5425 3134 5482 hoc
3158 5425 3307 5483 dicas
3335 5429 3389 5484 in
3418 5430 3515 5486 bo.

1923 5517 2132 5572 mines’
2160 5515 2275 5571 fieri
2308 5516 2629 5586 nequivisse,
2660 5531 2763 5572 non
2803 5517 3246 5588 concupiscentia:
3274 5523 3519 5576 testimo-

1923 5610 2012 5666 nia
2038 5609 2218 5665 aufers
2243 5608 2442 5676 debita,
2467 5609 2559 5665 sed
2583 5608 2816 5666 humano
2832 5611 3044 5682 corpori
3064 5613 3336 5684 conquiris
3362 5615 3514 5673 indc-

1987 5767 2005 5795 ί
2042 5763 2160 5814 Ε(ιὶιὶ
2178 5797 2194 5824 ,
2216 5761 2747 5835 ηιριιὶεζιοεοκηοξινὶδ
2775 5775 2794 5814 :
2819 5771 2871 5816 et
2890 5764 2938 5814 in
2958 5773 3208 5835 sequente
3229 5780 3395 5834 versu,
3421 5783 3514 5822 mg.

1924 5839 2013 5892 nus
2028 5860 2042 5886 ,
2069 5838 2170 5888 pro,
2191 5825 2371 5892 mitius.
2396 5825 2717 5892 Fanendantur
2740 5837 2804 5876 ex
2829 5825 3184 5892 tuanusa‘iptis.

1992 5890 2010 5920 ⁸
2043 5885 2202 5950 Forte,
2222 5886 2274 5938 iu
2297 5885 2502 5939 homine.
