3990 6488
489 336 624 395 1559

484 454 613 509 bita.
648 451 778 508 Vide
799 465 928 522 ergo
951 449 1104 521 cujus
1123 450 1459 521 profauitatis
1474 451 1545 506 sit
1571 460 1730 507 sectae
1758 458 1861 506 tua:
1892 450 2010 506 finis
2031 450 2070 504 ¹.

482 543 624 599 Dicis
650 557 769 599 esse
796 542 1069 614 indignum
1101 555 1265 598 carne
1294 541 1583 608 mortalis’,
1612 541 1756 612 quod
1798 540 2073 612 indignum

481 653 587 693 non
614 636 714 693 fuit
740 649 907 706 opere
931 633 1257 691 Conditoris.
1281 633 1447 706 lgitur
1473 635 1575 689 hoc
1617 649 1780 691 sensu
1805 648 1911 689 non
1955 633 2076 690 libi-

477 728 659 784 dinem
694 725 1043 798 vituperasti;
1073 725 1172 781 sed
1200 725 1495 794 hominem,
1524 740 1683 798 quem
1709 739 1963 781 accusare
1982 740 2076 780 vo-

479 820 678 887 lueras,
704 818 963 876 extulisti.
992 816 1176 875 Talem
1214 817 1375 875 habet
1408 816 1763 874 constantiam
1809 817 2074 889 talemque

481 912 808 991 mercedem,
843 912 936 984 qui
960 910 1171 969 veritati
1201 910 1387 967 indicit
1411 910 1635 979 bellum,
1684 917 1744 966 ut
1789 910 2074 966 contrariis

478 1020 694 1077 semper
715 1007 930 1061 conatui
953 1018 1051 1060 suo
1074 1001 1298 1060 feriatur
1319 1002 1619 1060 effectibus.
1651 1002 1764 1074 Ego
1790 1016 1919 1074 ergo
1934 1016 2077 1058 nunc

481 1097 585 1153 tuis
609 1096 787 1152 verbis
815 1095 1254 1168 consequentius,
1282 1095 1423 1151 sicut
1462 1093 1640 1150 omnis
1678 1092 1957 1164 prudentia
1984 1108 2075 1148 eo-

477 1189 705 1261 gnoscit,
754 1188 996 1261 insurgo.
1046 1187 1193 1243 Itane
1221 1187 1276 1243 in
1321 1185 1566 1249 taxandis
1616 1194 1671 1241 et
1711 1185 2074 1256 exprimendis

479 1283 732 1355 Operibus
757 1282 873 1349 Dei,
907 1296 1013 1338 non
1039 1280 1254 1336 auditur
1273 1280 1430 1346 ratio,
1460 1294 1564 1335 non
1586 1278 1823 1335 omnium
1854 1285 2073 1333 natura-

478 1392 599 1431 rum
626 1373 1039 1430 considerantur
1064 1372 1308 1443 exempla
1340 1370 1442 1445 (De
1462 1369 1675 1441 Nuptiis
1726 1379 1773 1425 et
1816 1368 2072 1440 Concupi-

479 1466 686 1534 sccntia,
710 1464 799 1520 lib.
829 1465 887 1532 2,
915 1481 968 1519 π.
998 1463 1114 1536 22);
1137 1463 1233 1519 scd
1261 1463 1313 1517 in
1345 1471 1551 1517 tantum
1593 1459 1828 1515 hominis
1854 1460 2074 1516 effertur

482 1558 709 1627 insania,
736 1567 798 1613 ut
841 1563 991 1628 putet
1023 1555 1407 1610 inconveniens
1443 1553 1556 1609 suis
1598 1567 1718 1608 esse
1758 1536 2070 1615 visceribus.

479 1649 623 1722 quod
675 1665 770 1722 per
818 1648 911 1704 Dei
965 1662 1183 1719 operam
1226 1649 1277 1701 in
1307 1653 1511 1701 natura:
1540 1660 1651 1699 sua:
1679 1644 1853 1700 cernit
1895 1642 2074 1715 vigere

480 1741 856 1799 consortibus?
896 1740 1080 1812 Neque
1119 1741 1261 1795 enim
1285 1738 1386 1793 alia
1428 1744 1734 1793 nostrorum
1787 1752 2070 1809 corporum

480 1844 582 1904 est,
610 1835 694 1891 vel
722 1834 896 1906 origo,
926 1835 1013 1890 vel
1044 1833 1201 1900 ratio,
1228 1847 1388 1903 quam
1417 1840 1711 1888 mutorum.

552 1930 685 1984 Anc.
729 1928 824 1983 Dic
856 1941 985 1997 ergo
1031 1925 1476 1982 resurrectionem
1518 1933 1679 1994 atque
1711 1923 2068 1995 incorruptio-

479 2034 603 2077 nem
647 2018 1031 2091 sempiternam
1071 2017 1318 2074 humauis
1354 2016 1665 2089 corporibus
1704 2031 1812 2072 non
1851 2015 2069 2081 deberi;

478 2115 599 2186 quia
619 2114 759 2171 sicut
778 2113 1036 2182 belluina,
1057 2112 1218 2169 etiam
1240 2120 1451 2169 terrena
1479 2112 1592 2183 ipsa
1618 2119 1776 2167 sunt:
1803 2110 1890 2166 die
1913 2109 2070 2165 finem

480 2221 585 2262 nou
615 2221 739 2262 esse
764 2219 923 2277 posse
948 2205 1237 2272 diversum,
1270 2204 1358 2260 ubi
1397 2217 1502 2259 non
1531 2210 1617 2259 est
1644 2202 1794 2274 origo
1813 2200 2022 2257 diversa
2054 2218 2067 2254 :

478 2298 564 2353 dic
594 2298 723 2367 ista,
775 2297 820 2352 si
866 2297 1075 2368 placet;
1120 2304 1175 2351 et
1216 2304 1402 2351 contra
1444 2293 1776 2365 evangelicas
1819 2291 2069 2359 Litteras,

477 2396 734 2460 quantum
761 2388 1104 2444 saecularibus
1138 2386 1330 2443 litteris
1358 2385 1671 2456 profeceris,
1700 2385 1899 2456 impetu
1924 2398 2072 2439 vanae

479 2481 813 2553 loquacitatis
834 2488 1066 2537 ostenta.
1093 2476 1149 2534 Si
1175 2486 1353 2533 autem
1380 2476 1482 2533 hoc
1498 2476 1680 2534 dicere
1698 2492 1808 2534 non
1827 2474 2069 2542 audebis;

480 2573 645 2630 fatere
674 2571 969 2629 secundum
997 2570 1340 2627 christianam
1370 2569 1553 2639 fidem,
1580 2570 1741 2626 etiam
1769 2570 1926 2627 istam
1952 2582 2073 2626 esse

480 2665 713 2720 hominis
754 2678 997 2734 pinnam,
1029 2661 1170 2734 quod
1205 2671 1544 2738 comparatus
1568 2671 1653 2725 est
1678 2661 1957 2738 pecoribus
1985 2664 2071 2720 in-

479 2754 729 2822 sensatis,
772 2762 826 2813 et
862 2754 1053 2814 similis
1082 2756 1251 2814 factus
1279 2767 1362 2815 est
1387 2758 1467 2815 eis
1513 2756 1698 2831 (Psal.
1726 2773 1910 2823 vaut,
1940 2758 2008 2813 l5
2025 2755 2069 2832 ).

479 2847 616 2909 lluic
640 2865 770 2923 ergo
796 2851 897 2907 ista
941 2850 1155 2906 miseria
1199 2858 1316 2918 est,
1347 2864 1470 2905 cum
1510 2849 1705 2906 misera
1730 2863 1850 2907 esse
1880 2863 2071 2920 pecora

481 2960 587 3001 non
619 2942 825 3015 possint
851 2961 866 2999 :
892 2944 970 3000 sic
996 2950 1050 2998 et
1082 2942 1260 2998 carnis
1282 2941 1733 3014 concupiscentia,
1763 2939 1966 2996 homini
1989 2947 2074 2997 est

482 3052 661 3109 ptena,
686 3052 791 3093 non
821 3036 1025 3103 bestiae,
1055 3036 1234 3106 inqua
1257 3049 1526 3107 nunquam
1551 3048 1676 3091 caro
1694 3033 1951 3090 adversus
1965 3033 2075 3105 spi-

481 3130 640 3186 ritum
665 3129 1012 3199 concupiscit.
1042 3126 1127 3183 An
1156 3127 1330 3198 placet
1360 3126 1474 3193 tibi,
1502 3126 1582 3182 sic
1624 3140 1839 3199 aequare
1873 3134 2073 3180 morta-

482 3223 561 3278 les
584 3233 822 3286 naturas,
853 3230 907 3276 ut
939 3220 991 3276 in
1017 3219 1201 3276 bestiis
1220 3233 1431 3290 quoque
1452 3233 1661 3275 asseras
1681 3232 1901 3274 carnem
1936 3232 2072 3291 Acon-

483 3326 562 3372 tra
589 3315 835 3385 spiritum
861 3311 1284 3384 concupiscere?
1312 3311 1465 3381 Quod
1487 3312 1534 3369 si
1560 3326 1666 3369 non
1692 3311 1845 3381 facis,
1872 3327 1941 3368 nc
1964 3311 2070 3368 sic-

480 3417 540 3464 ut
558 3422 727 3479 equus
751 3417 804 3463 et
825 3407 999 3462 mulus
1024 3422 1133 3462 non
1152 3405 1353 3462 habeas
1369 3406 1697 3462 intellectum
1721 3403 1892 3478 (Psal.
1915 3420 2072 3471 xxxi,

481 3500 586 3570 9.);
618 3512 849 3571 agnosce
888 3498 1180 3565 libidinem,
1209 3498 1418 3568 qualem
1457 3496 1716 3563 dicimus,
1746 3497 1803 3552 in
1830 3495 2074 3568 paradiso

481 3592 712 3649 futuram
742 3607 847 3647 non
878 3589 1042 3646 fuisse
1059 3631 1073 3657 ,
1099 3592 1143 3645 si
1172 3604 1332 3646 nemo
1359 3598 1650 3660 peccasset,
1672 3605 1776 3663 qua
1796 3605 1921 3647 caro
1940 3607 2073 3647 con-

483 3680 709 3754 cupiscit
734 3681 991 3738 adversus
1020 3681 1284 3753 Spiritum.
1316 3679 1459 3736 Talis
1486 3679 1679 3752 quippe
1715 3681 1767 3735 in
1797 3682 2076 3750 pecoribus

484 3790 594 3831 non
612 3782 716 3841 est,
742 3790 805 3830 ex
830 3773 1024 3846 quibus
1047 3783 1150 3829 tua:
1173 3784 1435 3843 susceptae
1455 3771 1560 3828 tale
1582 3772 1929 3843 patrocinium
1951 3788 2076 3845 pro-

490 3868 701 3933 vidisti,
733 3867 821 3922 ubi
853 3867 1015 3921 mutis
1054 3865 1157 3921 illis
1186 3874 1242 3920 tu
1265 3879 1452 3936 posses
1482 3880 1605 3922 esse
1642 3866 1919 3922 verbosus.
1942 3866 2073 3922 Nam

486 3964 529 4019 si
560 3962 788 4015 humana
819 3959 1034 4015 libidine
1069 3973 1196 4014 caro
1233 3973 1337 4015 non
1377 3958 1778 4029 concupisceret
1820 3958 2077 4017 adversus

486 4053 754 4125 spiritum,
784 4050 879 4107 sed
909 4050 1073 4107 libido
1098 4050 1220 4106 talis
1248 4049 1302 4105 in
1333 4049 1643 4106 hominibus
1685 4058 1864 4116 esset,
1910 4059 1970 4105 ut
2008 4050 2075 4106 ad

489 4153 677 4203 nutum
704 4142 1005 4209 voluntatis,
1039 4158 1161 4198 cum
1201 4157 1337 4212 Opus
1368 4150 1543 4208 esset,
1576 4151 1921 4213 exsurgeret,
1953 4156 2074 4197 cum

489 4247 668 4294 autem
703 4250 805 4291 non
836 4248 972 4304 opus
999 4240 1175 4300 esset,
1206 4230 1348 4287 nulla
1377 4230 1718 4287 incitamenta
1743 4241 2073 4304 suggereret.

490 4348 611 4388 cum
630 4331 821 4403 quibus
836 4326 1151 4384 cohibendis
1166 4335 1327 4397 atque
1342 4323 1614 4380 frenandis
1630 4325 1876 4380 voluntas
1897 4335 2075 4380 nostra

495 4430 787 4495 pugnaret;
834 4419 964 4476 nihil
993 4433 1088 4475 vos
1123 4430 1509 4488 argueremus,
1550 4414 1691 4487 quod
1738 4415 1790 4470 in
1831 4415 2077 4486 paradiso

488 4531 642 4582 eam,
689 4513 793 4569 hoc
826 4520 943 4577 est,
970 4510 1025 4565 in
1055 4508 1379 4565 habitatione
1425 4515 1584 4562 tanta:
1626 4504 1898 4561 felicitatis
1919 4546 1934 4572 ,
1968 4514 2073 4561 tam

492 4605 774 4661 infeliciter
801 4604 977 4659 locare
996 4599 1221 4657 velletis.

559 4695 807 4754 XXXIX.
846 4695 968 4752 Jun.
1006 4693 1076 4751 Ut
1104 4694 1245 4749 enim
1275 4691 1555 4763 imaginem
1584 4689 1677 4746 Dei
1700 4690 1894 4747 mentis
1912 4690 2077 4745 ratio-

492 4808 560 4846 ne
597 4788 973 4859 suscepimus:
1018 4785 1090 4841 ita
1118 4770 1549 4841 communionem
1593 4780 1857 4854 pecudum
1900 4781 2079 4837 carnis

491 4881 748 4936 affinitate
773 4879 1060 4944 sentimus;
1088 4876 1238 4948 cujus
1280 4876 1403 4933 licet
1427 4875 1498 4931 sit
1542 4873 1708 4931 forma
1735 4873 1966 4938 diversa,
1994 4882 2081 4930 est

492 4987 670 5030 tamen
714 4972 781 5030 dc
809 4970 1028 5028 materia
1064 4969 1451 5026 elementorum
1493 4982 1596 5023 una
1623 4965 1952 5033 substantia;
1984 4980 2081 5035 pro

492 5063 822 5122 rationabilis
861 5076 989 5119 sane
1029 5061 1193 5116 animi
1235 5060 1440 5116 meritis
1467 5058 1818 5115 aeternitatem
1860 5057 2037 5112 visura
2062 5097 2078 5123 ,

493 5158 575 5215 vel
606 5155 858 5213 :crumnis
886 5153 1168 5219 miseram,
1199 5151 1283 5208 vel
1310 5150 1543 5221 praemiis
1562 5150 1866 5222 gloriosam.

506 5278 513 5288 -
565 5252 697 5306 Anc.
722 5247 777 5305 Si
802 5262 901 5321 pro
926 5244 1200 5302 rationalis
1222 5243 1387 5298 animi
1407 5242 1627 5307 meritis,
1648 5252 1708 5297 ut
1730 5239 1935 5308 fateris,
1957 5254 2083 5295 caro

494 5352 727 5413 terrena,
755 5348 811 5396 et
834 5338 972 5396 sicut
1009 5335 1215 5408 pecoris
1254 5332 1636 5405 corruptibilis,
1660 5341 1836 5388 tamen
1864 5333 2083 5388 aeterni-

496 5444 657 5490 tatem
696 5433 849 5504 longe
882 5429 1095 5487 diverso
1135 5427 1239 5485 fine
1264 5427 1441 5482 visura
1469 5435 1585 5491 est;
1613 5438 1708 5480 cur
1730 5440 1837 5481 non
1864 5424 2082 5497 accipis,

496 5544 592 5602 pro
621 5527 865 5598 imaginis
885 5525 977 5581 Dei
1009 5521 1212 5579 meritis
1232 5563 1248 5592 ,
1275 5536 1395 5592 qua:
1421 5518 1568 5576 nullo
1594 5517 1763 5574 fuerat
1791 5516 2082 5575 deformata

495 5627 714 5695 peccato
738 5659 754 5685 ,
784 5617 862 5674 sic
886 5616 1032 5687 prius
1063 5614 1224 5669 fuisse
1248 5612 1518 5670 conditam
1548 5625 1762 5665 carnem
1791 5651 1804 5675 ,
1836 5610 2083 5681 quamvis

564 5775 590 5845 ¹.
622 5781 757 5845 “diu.
784 5774 1025 5845 βοηυδυλιι
1195 5772 1323 5845 ﬁnis-

566 5837 591 5875 3
618 5836 755 5904 Editi,
784 5836 1015 5899 'mortuit';
1038 5836 1440 5889 dissentientibus
1464 5836 1813 5898 manuscriptis.

1161 335 1405 393 OPEllIS
1447 336 1859 393 IMPERFECTI
1897 332 2169 391 CONTRA
2206 333 2566 403 JULIANUM,
2605 334 2662 392 S.
2704 334 3071 405 AUGUSTINI

3600 349 3721 410 £360

2178 449 2247 505 de
2285 450 2507 506 materie
2534 458 2765 515 terrena,
2798 459 2855 506 ut
2881 451 2927 506 si
2969 465 3129 508 nemo
3172 466 3465 527 peccasset,
3505 470 3637 519 esset
3672 465 3722 524 in

2178 543 2473 598 :eternitate
2502 552 2662 614 atque
2688 543 2741 596 in
2772 542 3166 614 incorruptione
3196 559 3464 616 mansura;
3489 565 3582 607 nec
3597 564 3722 612 esset

2176 634 2522 706 corruptibile
2543 649 2734 705 corpus
2763 649 3055 706 aggravans
3080 636 3331 706 animam,
3362 639 3458 696 hoc
3479 651 3574 707 est,
3602 644 3721 704 ima-

2175 730 2352 799 ginem
2377 728 2507 795 Dei;
2538 727 2632 784 sed
2663 728 2732 783 ita
2763 728 2837 783 illi
2858 729 3151 797 subditum,
3177 739 3230 786 ut
3268 741 3476 804 pr0pter
3500 735 3624 792 filios
3646 754 3725 811 ge-

2178 820 2461 886 nerandos,
2493 819 2629 875 sicut
2674 827 2867 876 cmtera
2908 820 3100 891 quibus
3134 821 3329 893 aliquid
3365 839 3647 895 operamur,
3668 831 3726 886 ad

2178 920 2363 967 nutum
2381 911 2666 968 voluntatis
2681 911 2841 967 etiam
2862 911 3102 967 membra
3122 913 3365 984 genitalia
3388 928 3726 986 moverentur;

2177 1015 2270 1060 aut
2309 1004 2431 1060 talis
2469 1013 2614 1061 esset
2645 1004 2822 1061 carnis
2853 1005 3314 1076 concupiscentia,
3351 1023 3465 1078 qua:
3498 1010 3592 1066 nisi
3631 1013 3729 1068 ani-

2178 1111 2282 1165 ma,
2313 1095 2415 1152 hoc
2439 1106 2522 1152 est
2550 1096 2644 1152 Dei
2678 1097 2941 1169 imagine,
2972 1097 3188 1154 volente
3230 1114 3333 1154 non
3371 1111 3615 1173 surgeret,
3642 1120 3730 1161 nec

2175 1188 2507 1261 demergeret
2538 1189 2912 1262 cogitationem
2941 1190 3133 1246 mentis
3168 1191 3485 1248 exundantia
3515 1195 3729 1266 volupta-

2179 1284 2287 1337 tis?
2320 1284 2376 1339 Si
2406 1284 2547 1339 cnim
2578 1284 2738 1339 etiam
2770 1284 2888 1340 talis
2917 1298 3059 1339 nunc
3085 1295 3249 1352 esset,
3278 1300 3382 1340 non
3403 1285 3468 1342 de
3493 1286 3578 1343 illa
3602 1287 3729 1345 dice-

2176 1383 2356 1443 retur,
2389 1374 2527 1446 quod
2567 1389 2597 1429 a
2638 1374 2793 1431 Patre
2822 1391 2927 1431 non
2956 1385 3135 1443 esset;
3167 1375 3264 1431 sed
3299 1391 3365 1432 ex
3392 1377 3583 1433 mundo
3605 1388 3731 1436 esset

2178 1465 2215 1537 (1
2244 1465 2400 1522 Joan.
2434 1483 2491 1534 ιι,
2521 1466 2633 1537 l6),
2666 1466 2717 1522 id
2745 1474 2859 1532 est,
2888 1482 2953 1522 ex
2984 1466 3321 1536 hominibus,
3347 1468 3432 1538 qui
3459 1484 3549 1539 per
3570 1470 3727 1537 illam,

2175 1565 2230 1612 et
2256 1572 2377 1613 cum
2410 1557 2496 1612 illa
2528 1565 2819 1614 nascuntur
2848 1557 3079 1627 mundo,
3123 1568 3178 1614 et
3218 1560 3402 1631 procul
3429 1559 3580 1618 dubio
3604 1564 3729 1633 peri-

2177 1648 2278 1703 turi
2304 1657 2430 1703 sunt
2458 1647 2559 1704 nisi
2588 1659 2934 1706 renascantur
2964 1651 3094 1716 Deo.
3122 1648 3360 1706 Materiei
3402 1666 3525 1724 ergo
3562 1668 3731 1723 corpo-

2175 1741 2329 1810 ralis,
2358 1741 2512 1798 nohis
2555 1742 2940 1813 pecoribusque
2987 1742 3327 1812 communis,
3380 1745 3731 1800 convenienter

2175 1834 2408 1892 creditur
2428 1876 2445 1903 ,
2488 1836 2679 1891 merito
2702 1835 2946 1907 imaginis
2976 1836 3105 1904 Dei,
3134 1833 3370 1893 nondum
3406 1845 3612 1908 peccato
3636 1851 3732 1894 cm-

2176 1937 2267 1997 pto
2292 1927 2559 1984 diversum
2593 1927 2753 1985 fuisse
2777 1926 3042 1997 iuitium‘,
3072 1928 3210 1985 sicut
3236 1937 3453 2000 peccato
3482 1937 3732 2001 assumpto

2174 2019 2416 2075 diversus
2444 2028 2527 2075 cst
2551 2019 2693 2075 finis.

2244 2111 2357 2167 XL.
2396 2110 2516 2168 Jun.
2556 2111 2668 2182 Qua
2697 2126 2831 2184 ergo
2870 2112 3074 2168 ratione
3120 2112 3394 2184 indignum
3428 2120 3596 2180 esset,
3640 2126 3733 2167 non

2175 2203 2402 2275 imagine
2444 2203 2569 2270 Dei,
2600 2203 2723 2275 quia
2760 2203 2953 2259 animm
2978 2218 3137 2274 quam
3171 2204 3354 2260 carnis
3390 2203 3592 2259 diversa
3619 2202 3731 2258 sub-

2174 2298 2365 2353 stantia
2404 2305 2523 2362 est,
2563 2295 2657 2352 sed
2704 2296 2970 2365 mancipio
3015 2294 3315 2351 dissolubili
3362 2293 3598 2366 imaginis
3623 2294 3731 2361 Dei,

2172 2390 2314 2463 quod
2344 2389 2616 2461 indignum
2658 2404 2761 2443 non
2800 2389 2968 2444 fuerat
2993 2388 3210 2444 conditu
3254 2388 3423 2460 ipsius
3464 2386 3582 2443 Dei?
3604 2385 3735 2442 Fecit

2174 2499 2304 2555 ergo
2331 2497 2554 2552 corpora
2585 2483 2722 2539 Deus
2742 2523 2757 2548 ,
2802 2480 3046 2536 distinxit
3068 2495 3258 2536 sexum
3282 2495 3563 2552 corporum
3590 2480 3732 2544 Deus,

2174 2572 2299 2634 fecit
2316 2572 2557 2633 membra
2580 2571 2828 2647 genitalia
2857 2571 3018 2643 Deus,
3050 2570 3241 2630 indidit
3264 2570 3510 2633 affectum
3530 2584 3628 2645 quo
3648 2567 3734 2624 sibi

2176 2668 2293 2727 luce
2330 2683 2554 2740 corpora
2593 2667 2945 2723 miscerentur
2971 2666 3113 2723 Deus
3132 2707 3146 2732 ,
3177 2665 3329 2723 dedit
3354 2666 3510 2721 etiam
3538 2664 3636 2719 vim
3658 2676 3734 2718 se-

2174 2761 2378 2815 minum
2406 2760 2569 2828 Deus,
2601 2766 2852 2829 operatur
2878 2758 2931 2813 in
2971 2756 3196 2814 secretis
3221 2766 3427 2814 natura:
3450 2756 3517 2813 de
3538 2754 3734 2812 materia

2174 2852 2436 2907 seminum
2461 2849 2603 2906 Deus
2630 2866 2644 2903 :
2673 2847 2804 2904 nihil
2830 2857 3010 2904 autem
3038 2847 3259 2916 malum,
3290 2847 3422 2903 nihil
3458 2862 3603 2904 reum
3629 2844 3737 2901 facit

2179 2945 2338 3000 Deus.

2246 3041 2383 3095 Auc.
2428 3055 2447 3089 ι
2480 3035 2625 3107 Nihil
2654 3034 2875 3102 malum,
2907 3033 3041 3089 nihil
3065 3048 3216 3090 reum
3251 3031 3380 3089 facit
3409 3031 3574 3096 Deus;
3609 3046 3628 3082 ι
3654 3026 3738 3083 sed

2176 3130 2229 3186 in
2258 3135 2511 3201 quantum
2543 3128 2683 3183 Deus
2714 3125 2873 3195 facit,
2908 3142 3014 3182 non
3041 3126 3093 3181 in
3126 3134 3382 3196 quantum
3407 3138 3575 3180 massa
3604 3120 3741 3177 vitia-

2178 3234 2229 3281 ta
2257 3232 2415 3295 atque
2442 3222 2691 3279 damnata
2724 3230 2838 3289 est,
2861 3220 2930 3277 de
2954 3234 3059 3291 qua
3083 3218 3229 3275 facit.

2247 3311 2383 3369 XLI.
2423 3312 2541 3369 ιω..
2582 3311 2879 3367 Libidinem
2907 3316 2966 3365 ut
2989 3323 3264 3381 pecorum,
3292 3309 3368 3365 ita
3390 3307 3652 3363 hominum
3674 3302 3742 3360 fe—

2176 3409 2251 3466 cit
2278 3408 2418 3464 Deus
2460 3424 2475 3462 :
2513 3405 2609 3462 sed
2648 3405 2702 3461 in
2728 3404 3008 3476 pecoribus
3045 3403 3367 3459 incoercitos
3414 3399 3607 3457 dimisit
3628 3395 3743 3453 εσυ·

2177 3510 2316 3568 ctus,
2340 3500 2394 3555 in
2422 3498 2637 3555 homine
2660 3506 2838 3553 autem
2869 3494 3169 3551 rationabili
3194 3493 3414 3550 modum
3444 3493 3582 3549 Deus
3605 3486 3742 3545 insti-

2180 3593 2297 3648 tuit.
2346 3590 2612 3647 Amictum
2665 3588 2715 3644 ei
2756 3586 3033 3658 prudentia
3070 3596 3127 3642 ct
3165 3586 3422 3642 honestas
3455 3587 3742 3654 comparat,

2177 3699 2338 3756 quam
2355 3683 2504 3739 dedit
2530 3683 2688 3738 Deus.
2716 3680 2877 3752 Igitur
2906 3695 3011 3735 non
3036 3677 3278 3745 modum,
3312 3694 3420 3733 non
3441 3689 3635 3749 genus;
3660 3667 3744 3727 sed

2178 3789 2455 3832 excessum
2481 3773 2600 3845 ejus
2641 3773 2821 3843 culpat
2847 3772 3019 3837 Deus,
3053 3770 3142 3840 qui
3170 3768 3236 3824 de
3265 3767 3548 3825 insolentia
3581 3765 3745 3820 liberte

2177 3866 2465 3922 voluntatis
2485 3865 2757 3932 exoriens,
2790 3863 2929 3919 haud
2959 3871 3156 3918 statum
3175 3862 3196 3893 '
3222 3869 3450 3929 naturae,
3479 3858 3571 3915 sed
3598 3853 3742 3911 meri-

2180 3968 2293 4016 tum
2322 3959 2529 4031 agentis
2558 3965 2793 4013 accusat.

2250 4054 2387 4109 Auo.
2428 4050 2535 4108 Cur
2578 4066 2705 4122 ergo
2730 4049 2895 4106 libido
2930 4048 3138 4119 spiritui
3180 4048 3385 4104 resistit
3425 4048 3477 4104 in
3522 4043 3745 4105 homine,

2179 4142 2321 4214 quod
2352 4157 2458 4198 non
2489 4142 2615 4198 facit
2639 4143 2690 4197 in
2722 4154 2948 4212 pecore;
2980 4140 3079 4195 uisi
3105 4140 3227 4211 quia
3255 4141 3486 4211 pertinet
3516 4136 3580 4194 ad
3607 4145 3747 4192 natu-

2180 4252 2293 4292 ram
2317 4238 2548 4309 pecoris,
2575 4237 2643 4293 ad
2664 4251 2877 4309 poenam
2907 4251 3036 4292 vero
3064 4235 3295 4291 hominis
3315 4277 3330 4300 ,
3371 4235 3487 4291 sive
3514 4231 3630 4305 quia
3657 4235 3746 4290 est.

2179 4345 2302 4401 qua:
2327 4330 2469 4385 nulla
2495 4337 2659 4395 esset,
2682 4327 2796 4384 sive
2819 4328 2942 4399 quia
2969 4326 3190 4393 resistit,
3209 4343 3329 4397 qua:
3344 4325 3579 4397 subjecta
3601 4326 3748 4382 esset.
3843 4344 3850 4350 ·

2180 4424 2227 4478 si
2255 4427 2475 4493 peccato
2519 4418 2694 4475 facta'
2726 4418 2813 4475 vel
2841 4419 3023 4474 vitiata
3068 4433 3172 4474 non
3200 4415 3385 4474 esset?
3420 4415 3551 4473 Nam
3581 4412 3624 4469 si
3661 4428 3680 4464 ι
3704 4408 3751 4463 in

2181 4513 2463 4586 pecoribus
2489 4512 2628 4568 Deus
2651 4512 2972 4568 incoercitos
2997 4510 3200 4567 dimisit
3237 4508 3503 4575 allectus;
3540 4524 3560 4559 ι
3592 4499 3756 4576 profe-

2181 4614 2268 4662 cto
2288 4604 2558 4668 libidines,
2581 4602 3011 4676 quandoquidem
3038 4600 3137 4657 hos
3155 4600 3290 4658 dicis
3310 4599 3556 4668 affectus,
3582 4592 3754 4652 fateris

2182 4698 2250 4754 ab
2273 4697 2492 4754 homine
2527 4695 2766 4753 coerceri
2794 4713 2808 4751 :
2839 4695 2979 4751 nulla
3005 4703 3184 4750 autem
3220 4696 3428 4749 ratione
3452 4697 3753 4760 coemeren-

2185 4800 2290 4860 tur,
2320 4790 2424 4845 nisi
2451 4790 2642 4845 vitiose
2679 4796 3045 4844 moverentur.
3075 4786 3216 4842 Ecce
3257 4785 3400 4840 enim
3446 4782 3608 4838 Deum
3633 4773 3755 4834 dicis

2185 4883 2239 4938 in
2260 4882 2475 4938 homine
2503 4879 2717 4935 modum
2748 4878 3041 4934 instituisse
3077 4875 3282 4932 libidini
3309 4893 3324 4932 :
3354 4889 3452 4930 cur
3476 4873 3531 4929 in
3558 4885 3623 4926 eo
3648 4881 3754 4924 mo-

2185 4982 2255 5038 do
2280 4996 2387 5038 non
2412 4989 2548 5046 stat,
2580 4981 2631 5035 iu
2662 4994 2769 5050 quo
2798 4968 2891 5036 est
2915 4979 3167 5035 divinitus
3193 4976 3436 5034 instituta
3454 5014 3473 5042 ,
3501 4966 3596 5027 sed
3623 4975 3754 5028 eum.

2188 5076 2290 5131 nisi
2314 5082 2648 5141 eoerceatur,
2673 5072 2982 5143 egreditur?
3009 5070 3291 5141 Quomodo
3311 5083 3443 5140 ergo
3470 5065 3665 5121 bonum
3680 5054 3759 5111 di-

2187 5167 2345 5234 citur,
2371 5180 2491 5237 quae
2517 5172 2672 5234 urget
2691 5172 2746 5218 et
2762 5163 3035 5234 compellit
3060 5162 3329 5219 hominem
3356 5158 3533 5216 facere
3552 5148 3757 5210 malum.

2188 5258 2237 5315 si
2277 5256 2329 5312 ei
2377 5271 2483 5311 non
2531 5253 2851 5311 resistatur?
2903 5253 3135 5309 Videsne
3176 5251 3425 5308 eximiam
3473 5247 3758 5313 susceptam

2192 5359 2334 5404 tuam
2360 5347 2413 5402 in
2439 5334 2625 5402 natura
2666 5344 2900 5401 hominis
2936 5354 3030 5402 aut
3074 5360 3140 5402 ex
3187 5350 3407 5416 peccato
3431 5347 3642 5402 natam,
3679 5334 3762 5384 aut
3817 5409 3825 5412 ν

2194 5447 2411 5510 peccato
2439 5452 2562 5495 esse
2583 5435 2859 5503 vitiatam;
2887 5447 2941 5493 et
2968 5436 3090 5492 hinc
3114 5452 3237 5493 esse
3262 5433 3410 5497 illud,
3448 5426 3586 5501 quod
3616 5417 3763 5510 pruni

2196 5508 2439 5586 homines
2465 5536 2585 5600 post
2608 5537 2881 5598 peccatum
2914 5527 3157 5599 pudenda
3200 5532 3478 5589 texerunt,
3519 5518 3606 5591 qui
3647 5508 3762 5568 nudi

2251 5645 2277 5717 ,⁸
2313 5643 2432 5693 an“
2489 5640 2651 5693 rerum
2670 5676 2686 5703 θ
2740 5640 2982 5693 meritum.
3040 5641 3339 5705 castigantur
3394 5650 3456 5688 cx
3514 5624 3762 5684 manusm-

2197 5714 2386 5816 puis.Sic
2406 5773 2513 5817 Mss.
2541 5772 2588 5815 tu
2614 5768 2769 5827 \‘igu.,
2795 5772 2995 5815 tantum.

2274 5832 2286 5862 δ
2310 5833 2382 5879 sic
2406 5836 2508 5879 Mss.
2534 5829 2647 5878 illiti
2673 5837 2854 5889 autem,
2873 5827 3018 5889 fauo.
