3962 6478
214 426 344 487 r561

212 550 365 598 erant
408 549 532 596 ante
563 548 836 612 peceatum
859 581 872 608 ,
909 547 961 595 et
1002 552 1104 593 non
1133 533 1632 592 confundebantur?
1661 531 1798 602 Quid

212 643 294 690 est
333 633 479 688 enim
506 631 647 703 quod
675 632 829 700 dicis,
865 651 882 683 ι
918 631 1183 686 Amictum
1214 626 1414 684 homini
1440 624 1718 699 prudentia
1748 631 1803 680 et

214 727 471 782 honestas
498 735 794 797 comparat,
824 740 982 797 quam
1025 723 1173 780 dedit
1216 722 1396 778 Deus?
1425 741 1443 774 ι
1485 719 1644 777 Stulti
1673 733 1801 789 ergo

213 827 369 875 erant
397 826 454 874 et
480 816 779 884 inhonesti,
808 825 862 872 et
888 814 1250 886 imprudentes
1277 822 1439 885 atque
1467 810 1803 883 impudentes

215 907 466 965 homines
487 916 612 965 ante
632 915 930 980 peccatum,
953 906 1165 980 quando
1186 921 1280 963 eos
1301 903 1555 961 nuditatis
1580 917 1686 957 non
1710 916 1803 971 pu-

214 996 419 1054 debat?
445 998 657 1056 Gratias
686 1006 943 1072 peccato:
974 1012 1095 1053 nam
1123 997 1202 1052 sic
1226 996 1626 1053 remansissent.
1652 990 1804 1059 Quod

212 1090 260 1146 si
283 1088 677 1147 absurdissime
718 1089 929 1157 dicitur,
963 1086 1203 1160 profecto
1231 1085 1511 1158 prudentia
1554 1081 1807 1139 naturalis

215 1191 271 1239 et
301 1181 562 1239 honestas
599 1181 845 1255 pudenda
885 1189 1162 1248 texerunt;
1193 1178 1289 1237 sed
1323 1192 1442 1249 qute
1467 1187 1591 1231 ante
1620 1188 1809 1246 pecca-

218 1283 331 1329 tum
361 1272 611 1344 pudenda
637 1289 743 1328 non
766 1271 1002 1328 fuerunt.
1029 1259 1295 1327 Excessus
1336 1266 1555 1339 proinde
1576 1264 1810 1321 libidinis

218 1365 271 1418 in
301 1372 526 1434 peccato
553 1372 633 1420 est
663 1381 677 1418 :
709 1364 804 1420 sed
832 1363 993 1419 etiam
1025 1362 1284 1433 impulsus
1325 1361 1377 1415 in
1408 1360 1555 1414 vitio.
1603 1356 1679 1413 De
1705 1371 1811 1427 quo

218 1455 455 1527 impulsu
481 1455 810 1512 erubuerunt
835 1455 910 1510 illi
934 1496 950 1523 ,
977 1454 1065 1526 qui
1103 1453 1343 1509 membra
1363 1465 1483 1522 qute
1506 1459 1689 1506 contra
1717 1464 1812 1503 co-

221 1563 343 1601 rum
372 1548 699 1602 voluntatem
722 1555 965 1617 suscepta
995 1553 1081 1600 tua
1113 1542 1452 1608 sollicitabat,
1487 1540 1625 1596 nuda
1652 1538 1813 1595 relin-

222 1658 391 1714 quere
417 1643 725 1698 noluerunt.

295 1733 463 1790 XLII.
502 1734 624 1790 Jun.
664 1732 893 1789 Attende
921 1747 1050 1789 sane
1079 1745 1220 1787 nunc
1257 1728 1414 1802 quale
1445 1728 1547 1794 sit,
1578 1724 1718 1798 quod
1749 1723 1815 1781 de

225 1836 313 1881 tua
340 1827 599 1898 opinione
618 1826 886 1898 colligitur
912 1844 926 1881 :
960 1824 1209 1880 videlicet
1236 1821 1585 1894 operiendum
1614 1818 1816 1890 pudore

226 1936 334 1975 non
355 1936 500 1988 esse,
523 1919 776 1991 quidquid
799 1919 995 1974 bonum
1019 1917 1274 1974 creditur.
1303 1915 1411 1971 Nos
1434 1922 1608 1969 autem
1634 1911 1817 1968 docui-

226 2028 347 2068 mus
378 2013 705 2069 voluntatem
729 2014 746 2044 ¹
787 2011 933 2067 illam
969 2008 1280 2066 naturaliter
1307 2006 1524 2063 sexibus
1552 2004 1771 2059 inditam
1798 2044 1813 2069 ,

228 2113 338 2159 tam
364 2104 559 2159 malam
596 2119 703 2159 non
730 2117 870 2171 esse,
902 2117 1059 2173 quam
1088 2100 1154 2156 ad
1181 2100 1277 2156 Dei
1307 2112 1522 2170 operam
1554 2093 1821 2166 pertinen-

229 2206 363 2255 tem.
394 2199 474 2253 Ac
501 2214 596 2270 per
616 2197 719 2253 hoc
744 2206 799 2252 tu
830 2206 921 2252 aut
948 2195 1273 2266 impietatem
1303 2189 1446 2248 tuam
1469 2190 1706 2256 deseres,
1729 2195 1820 2241 aut

230 2289 516 2360 pudorem.
566 2289 672 2346 Sed
714 2289 840 2361 quid
893 2304 992 2344 nos
1036 2287 1152 2343 haec
1197 2284 1452 2342 autem“!
1500 2282 1560 2338 Si
1610 2279 1821 2335 mutabit

233 2378 484 2451 Ethiops
510 2380 688 2452 pellem
717 2397 861 2435 suam
878 2422 896 2449 ,
937 2387 1021 2432 aut
1045 2376 1241 2450 pardus
1269 2376 1559 2431 varietatem
1587 2369 1817 2443 (Jerem.

235 2490 363 2543 xm,
392 2473 468 2530 25
491 2473 549 2546 );
581 2472 652 2529 ita
682 2480 737 2529 et
774 2479 831 2528 tu
856 2486 887 2527 a
922 2469 1335 2527 Manichzcorum
1364 2465 1631 2540 mysteriis
1671 2463 1821 2520 eluc-

234 2563 330 2621 ris.

306 2655 447 2711 Anc.
488 2652 601 2709 lmo
631 2660 686 2710 tu
707 2651 1031 2709 Manicbteos
1056 2650 1309 2722 adjuvare
1328 2664 1434 2705 non
1460 2647 1697 2716 desines,
1720 2646 1824 2703 nisi

236 2745 397 2802 istam
426 2756 730 2817 susceptam
758 2754 922 2812 tuam,
964 2760 1120 2817 quam
1149 2744 1307 2800 etiam
1334 2740 1605 2797 Mauiclttei
1632 2739 1824 2795 malam

232 2854 357 2913 esse
382 2826 733 2907 convincunt,
763 2853 884 2894 cum
922 2836 1206 2893 Ambrosio
1227 2844 1280 2891 et
1310 2850 1431 2892 cum
1456 2833 1705 2890 omnibus
1729 2831 1828 2889 Ca-

243 2931 452 2988 tholicis
475 2931 695 3001 dixeris,
736 2947 802 2987 ex
829 2928 1274 3003 praevaricatione
1318 2929 1474 3001 primi
1501 2928 1735 2985 hominis
1772 2926 1827 2983 in

243 3030 479 3076 nostram
516 3023 742 3079 vertisse
784 3030 1060 3084 naturam:
1091 3037 1159 3077 ne
1198 3020 1491 3078 secundum
1528 3020 1669 3087 illos,
1695 3032 1829 3091 quos

245 3114 491 3170 nesciens
510 3112 729 3184 adjuvas
749 3111 1005 3169 nefandos
1037 3111 1341 3180 ltmreticos,
1370 3110 1479 3167 Deo
1505 3118 1831 3167 comternum

244 3204 492 3260 credatur
515 3205 715 3261 habere
743 3202 1083 3275 principium,
1107 3211 1214 3258 tam
1236 3201 1573 3259 manifestum
1601 3200 1832 3258 hominis

246 3295 451 3351 vitium.

312 3385 499 3441 XLIII.
539 3385 661 3443 ιω..
712 3384 964 3459 Sequitur
1001 3401 1130 3459 ergo
1160 3396 1220 3442 ut
1258 3384 1632 3443 verecundiam
1670 3384 1834 3456 depo-

248 3492 360 3545 nas,
388 3494 455 3535 ac
481 3489 731 3536 manente
759 3480 994 3536 amicitia
1019 3495 1141 3536 eum
1164 3480 1440 3552 magistro,
1482 3478 1694 3552 Cynicis
1730 3477 1833 3534 fte-

247 3571 451 3628 dereris
483 3590 497 3625 :
523 3588 658 3645 quos
686 3582 862 3630 tamen
891 3573 1209 3644 aliquorum,
1240 3580 1298 3628 ut
1328 3568 1513 3628 Cicero
1543 3571 1595 3627 in
1635 3569 1836 3628 Ofﬁciis

247 3665 431 3735 refert,
465 3668 627 3723 etiam
654 3666 953 3724 Stoicorum
984 3675 1293 3740 argumenta
1317 3665 1658 3723 comitantur.
1693 3683 1713 3718 α
1737 3665 1839 3720 Ar-

248 3769 412 3830 guunt
435 3760 631 3831 quippe
650 3775 989 3817 communem
1013 3760 1370 3827 honestatem,
1392 3758 1532 3829 quod
1554 3774 1615 3815 ea
1639 3774 1759 3830 quae
1779 3772 1839 3814 re

252 3850 420 3921 turpia
460 3866 567 3906 non
589 3851 715 3918 sint,
746 3851 908 3907 verbo
936 3849 1192 3923 ﬂagitiosa
1222 3850 1477 3905 ducamus
1508 3866 1521 3902 :
1547 3848 1637 3904 illa
1662 3842 1838 3904 autem

252 3956 367 4011 qua:
403 3956 465 3997 re
497 3941 671 4012 turpia
701 3942 827 4009 sint,
861 3942 1166 3998 nominibus
1201 3941 1534 4014 appellemus
1562 3940 1692 3997 suis.
1733 3938 1837 3997 La-

254 4033 537 4088 trocinium
578 4043 910 4106 perpetrare,
976 4035 1214 4091 fraudem
1270 4033 1467 4101 facere,
1518 4033 1840 4090 adulterium

254 4124 609 4191 committere,
656 4139 715 4181 re
745 4133 898 4197 turpe
932 4134 1034 4193 est,
1076 4125 1173 4182 sed
1211 4124 1406 4181 dicitur
1432 4140 1534 4179 non
1562 4125 1794 4181 obscene
1825 4142 1837 4179 :

254 4213 430 4270 liberis
460 4231 679 4287 operam
706 4216 857 4283 dare,
886 4217 1168 4273 honestum
1188 4225 1270 4275 est
1298 4233 1377 4286 re,
1408 4217 1627 4273 nomine
1652 4217 1841 4274 obsce-

258 4318 397 4359 num.
422 4305 689 4378 Pluraque
710 4307 761 4361 in
779 4322 896 4362 eam
915 4308 1255 4373 sententiam,
1278 4307 1347 4363 ab
1362 4308 1584 4374 eisdem,
1607 4327 1627 4361 ι
1651 4307 1843 4379 inquit,

260 4406 443 4453 contra
468 4399 846 4455 verecundiam
868 4399 1224 4470 disputantur.
1252 4399 1357 4456 Nos
1393 4408 1572 4455 autem
1602 4408 1844 4455 naturam

260 4506 569 4563 sequamur,
599 4501 655 4549 et
692 4508 851 4550 omne
880 4494 1022 4565 quod
1049 4494 1303 4551 abhorret
1336 4494 1405 4551 ab
1438 4493 1714 4551 oculorum
1747 4510 1845 4550 au-

260 4582 501 4655 riumque
523 4585 909 4657 approbatione
937 4586 1198 4659 fugiamus
1218 4606 1237 4641 ι
1281 4585 1382 4661 (De
1411 4587 1618 4659 Ofﬁciis,
1646 4589 1735 4645 lib.
1769 4586 1844 4661 I).

262 4672 325 4727 Et
349 4686 405 4729 tu
434 4691 595 4747 ergo,
625 4677 709 4732 cui
736 4677 979 4748 displicet
1005 4679 1103 4735 ista
1150 4679 1287 4735 ratio
1318 4681 1574 4737 naturalis
1599 4696 1847 4753 germana

263 4762 576 4834 honestatis,
623 4776 715 4823 aut
760 4767 869 4837 dic,
919 4778 975 4825 et
1009 4770 1308 4840 latrocinio,
1352 4780 1407 4828 et
1448 4772 1746 4844 sacrilegio,
1794 4782 1850 4829 et

262 4855 563 4923 parricidio,
596 4874 713 4928 qua:
740 4860 917 4915 omnia
944 4860 996 4914 in
1025 4877 1085 4917 re
1105 4861 1304 4919 habent
1332 4862 1709 4933 turpitudinem
1733 4879 1849 4919 ma-

264 4945 477 5016 ximam,
504 4948 558 5003 in
606 4950 909 5006 nominibus
956 4952 1155 5007 nullam
1208 4954 1612 5024 obscenitatem,
1663 4954 1852 5011 tetrius

263 5049 375 5093 esse
397 5047 453 5094 et
477 5038 751 5110 profanius
776 5057 991 5113 operam
1018 5042 1148 5099 dare
1173 5044 1372 5109 liberis,
1394 5060 1553 5116 quam
1581 5060 1848 5102 verecun-

263 5129 358 5187 dia;
382 5134 617 5203 reposcit
648 5134 880 5192 ofﬁcium
914 5154 927 5191 :
957 5146 1049 5194 aut
1088 5138 1134 5193 si
1164 5138 1436 5197 erubescis
1463 5155 1529 5196 eo
1559 5156 1726 5214 usque
1750 5157 1853 5198 nu-

264 5224 394 5293 ptias
418 5240 699 5296 accusare,
727 5236 787 5284 ut
813 5229 973 5285 etiam
1002 5231 1292 5287 sceleribus
1309 5232 1515 5289 collata:
1534 5234 1849 5305 prteponde‘

266 5326 417 5385 rent;
444 5318 734 5375 adhortare
770 5321 1025 5392 conjuges
1055 5331 1160 5378 tam
1187 5338 1375 5381 secure
1405 5327 1675 5398 appellare
1708 5326 1852 5383 illam

238 5459 247 5503 ἲ
326 5493 537 5569 {forte
562 5494 869 5569 υριυριαιεγης

328 5556 353 5625 ξ
370 5557 444 5629 sic
472 5556 756 5629 V_i_gnlerius
770 5567 823 5610 et
843 5560 990 5629 Morel
1010 5600 1025 5622 ,
1051 5561 1202 5629 talem.
1226 5565 1357 5629 erit"
1384 5566 1536 5629 p.6I.
1571 5573 1621 5616 tn
1644 5572 1693 5617 Β.
1720 5580 1734 5617 :
1759 5568 1851 5619 Sed

274 5617 851 5698 ."Eii'ﬁeaestm
867 5617 1125 5698 δίηξαιιψίι
1146 5617 1356 5698 «eum
1367 5617 1539 5698 ὁθιιειιι
1553 5642 1711 5698 sum
1732 5617 1851 5698 ὲ

272 5678 421 5751 at'dita
444 5679 536 5751 hac
572 5683 823 5751 notatione
849 5698 861 5734 :
893 5703 917 5732 ι
955 5693 1091 5751 Post,
1114 5687 1200 5738 sed
1233 5678 1378 5751 qu'id'
1398 5678 1527 5741 nos?
1556 5678 1857 5741 somnies:

279 5701 421 5729 multa
444 5701 536 5731 uae
573 5701 823 5754 lineatione
849 5701 861 5734 :
893 5703 917 5732 ι
955 5701 1091 5746 I'OSt,
1114 5701 1199 5738 sea
1283 5701 1351 5739 ua
1398 5702 1483 5741 nos
1502 5701 1527 5740 .7
1556 5701 1857 5741 subaudien-

279 5741 431 5816 s'lu‘m
451 5749 551 5816 eam
574 5750 925 5816 existimantis.
952 5747 1036 5816 vel
1069 5747 1194 5816 forte
1233 5701 1552 5816 (regendum;
1578 5752 1670 5802 Sed
1693 5765 1859 5816 quem-

280 5801 583 5879 scdntodrgn
634 5806 870 5879 Jereinias
925 5808 994 5861 ait
1011 5842 1026 5871 ,
1079 5809 1126 5861 Si
1171 5801 1367 5863 audebit
1430 5801 1639 5879 Μηίορξ
1657 5801 1662 5802 7
1681 5801 1855 5879 ﬁdem

283 5877 305 5907 ι
324 5876 478 5921 suam.
502 5873 600 5918 etc.
625 5882 649 5914 ι
723 5876 777 5920 Μ.

1555 404 1761 465 LIBER
1798 402 2146 473 QUARTUS.

3356 418 3490 473 I362

1909 530 2361 600 commixtionem,
2406 538 2617 602 tamque
2648 531 2827 599 libere,
2856 547 3014 604 quam
3053 531 3284 588 solemus
3316 535 3485 602 parri-

1908 625 2103 682 cidium
2128 634 2180 683 et
2205 625 2539 682 latrocinium
2559 623 2852 681 nominare.
2878 624 3127 682 Jamvero
3152 624 3196 680 si
3220 623 3492 680 addideris

1908 720 2337 790 coniunctionem
2356 733 2639 790 corporum
2660 717 2853 773 fetibus
2888 716 3226 784 destinatam,
3258 717 3329 773 ob
3370 716 3486 772 illus

1909 813 2164 881 dendum,
2184 823 2238 870 ut
2264 814 2426 880 soles,
2456 811 2672 869 auribus
2698 809 3023 878 cltristianis,
3043 810 3186 866 nulla
3214 809 3492 879 iniquitate

1912 905 2186 973 maculari,
2228 904 2321 962 sed
2350 920 2447 976 pro
2473 919 2571 961 suo
2598 902 2758 959 modo
2793 902 2985 958 bonam
3032 914 3193 972 posse
3245 900 3487 962 censeri,

1913 997 2216 1068 amplexare
2246 995 2440 1052 factum
2466 994 2594 1051 illud
2622 994 2791 1052 Crat-.e
2821 994 2838 1026 ί
2860 991 3121 1075 ᾘιοὺτηιί,
3157 990 3387 1048 hominis
3416 990 3495 1045 lo-

1913 1090 2137 1161 cupletis
2173 1098 2229 1145 et
2258 1089 2472 1157 nobilis,
2494 1088 2577 1145 cui
2605 1087 2741 1143 adeo
2765 1084 2865 1142 fuit
2888 1084 3036 1141 cordi
3081 1092 3227 1140 secta
3270 1080 3497 1155 Cynico-

1915 1197 2053 1248 rum,
2078 1191 2132 1237 ut
2156 1182 2464 1253 relinquens
2492 1189 2738 1253 paternas
2762 1194 2913 1252 opes,
2929 1177 3164 1235 Athenas
3185 1191 3306 1233 cum
3335 1190 3499 1231 uxore

1916 1275 2228 1347 migraverit
2267 1274 2587 1348 llyparcide,
2628 1273 2742 1347 pari
2769 1272 2947 1328 animo
2974 1271 3125 1327 istius
3150 1268 3499 1341 philosophiae

1916 1366 2218 1431 sectatrice,
2239 1380 2359 1421 cum
2377 1381 2478 1436 qua
2498 1380 2618 1421 cum
2640 1363 2996 1420 concumbere
3017 1363 3066 1416 in
3089 1361 3298 1432 publico
3318 1359 3496 1422 vellet,

1918 1468 1974 1513 ut
1999 1457 2158 1514 refert
2192 1458 2471 1513 Cornelius
2499 1457 2696 1529 Nepos,
2747 1466 2803 1513 et
2840 1456 2929 1511 illa
2963 1451 3260 1511 occultandi
3307 1453 3498 1524 gratia,

1917 1552 2062 1623 pallii
2093 1550 2337 1606 velamen
2379 1550 2690 1616 obduceret,
2722 1549 3001 1605 verberata
3055 1555 3136 1602 est
3187 1562 3216 1600 a
3260 1545 3453 1601 marito
3486 1560 3497 1595 :

1925 1664 1944 1697 ι
1973 1644 2100 1699 Tuis
2121 1644 2365 1700 sensibus
2383 1644 2652 1709 nimirum,
2679 1661 2698 1694 ι
2734 1641 2923 1713 inquit,
2954 1658 2973 1691 ‹
3004 1653 3188 1711 parum
3205 1635 3379 1693 adhuc
3404 1635 3505 1691 do—

1920 1747 2004 1793 cta
2029 1752 2111 1804 es,
2136 1752 2253 1807 quae
2280 1736 2418 1807 quod
2444 1747 2493 1791 te
2515 1744 2657 1791 recte
2687 1733 2861 1791 facere
2881 1732 3114 1799 noveris,
3152 1730 3203 1787 id
3223 1730 3341 1787 aliis
3366 1744 3503 1800 pra:-

1920 1831 2162 1889 seutibtts
2177 1846 2427 1887 exercere
2443 1846 2552 1886 non
2579 1829 2796 1886 audeas.
2820 1847 2839 1882 ι
2870 1829 3099 1885 Debetur
3131 1826 3350 1882 omnino
3389 1824 3507 1880 talis

1923 1924 2134 1980 habitus
2160 1923 2350 1979 vestris
2386 1922 2655 1994 gregibus,
2684 1930 2741 1977 ut
2777 1921 3057 1986 naturalia,
3105 1920 3228 1991 quia
3273 1934 3367 1991 per
3406 1918 3508 1975 hoc

1924 2015 2061 2073 bona
2090 2017 2110 2047 ’
2134 2014 2278 2087 quod
2306 2029 2336 2069 a
2360 2014 2471 2070 Deo
2486 2013 2696 2069 condita
2724 2012 2776 2068 in
2801 2010 3290 2082 multiplicationem
3318 2023 3510 2080 corpo-

1924 2122 2043 2161 rum
2097 2105 2532 2176 contprobantnr,
2590 2104 2707 2160 sine
2762 2102 2871 2158 ullu
2917 2102 3136 2174 pudoris
3190 2108 3513 2172 usurpentur

1924 2196 2156 2266 objecta.
2189 2196 2469 2252 Restituite
2512 2195 2669 2266 igitur
2708 2192 3140 2266 quadrupedibus
3179 2192 3422 2264 gratiam,
3456 2199 3514 2246 ut

1924 2290 2046 2360 quia
2082 2289 2173 2345 illa
2213 2303 2429 2344 sensum
2457 2302 2739 2358 corporum
2776 2295 3077 2342 vestrorum
3112 2300 3143 2339 a
3174 2282 3515 2357 possessione

1924 2380 2121 2437 diaboli
2148 2387 2203 2436 et
2238 2394 2333 2435 ore
2356 2377 2636 2434 Manichtei
2674 2378 2785 2434 suis
2837 2386 3050 2449 tuentur
3088 2373 3367 2446 exemplis,
3418 2387 3515 2429 vos

1925 2487 2139 2545 quoque
2183 2470 2395 2527 illorum
2422 2470 2474 2525 in
2500 2466 2743 2527 coeundo
2768 2468 3069 2524 libertatem
3108 2481 3205 2537 pro
3242 2465 3320 2522 rei
3359 2463 3516 2521 bonae

1927 2564 2266 2622 attestatione
2289 2563 2590 2622 sectemini.
2630 2560 2887 2633 Congruit
2933 2561 3131 2633 quippe
3174 2569 3232 2616 ut
3261 2567 3518 2630 praestent

1928 2672 2138 2714 morum
2157 2656 2541 2729 magisterium,
2564 2654 2756 2727 quibus
2779 2653 3129 2726 patrocinium
3160 2652 3519 2723 praestiterunt

1931 2751 2315 2809 membrorum.
2345 2751 2413 2806 Et
2433 2758 2491 2806 ut
2513 2749 2656 2821 quod
2693 2748 2898 2820 egimus
2928 2746 3245 2819 repetitione
3276 2744 3517 2816 assigne-

1931 2853 2017 2899 tur
2041 2842 2062 2876 ³
2087 2861 2101 2898 :
2124 2840 2306 2899 dixisti
2342 2840 2640 2909 libidinem,
2693 2840 2739 2896 si
2780 2838 3069 2898 eam-Deus
3105 2837 3338 2901 fecisset,
3374 2833 3522 2890 nullo

1931 2934 2280 2994 amiciendam
2302 2935 2507 3007 pudore
2533 2954 2546 2990 :
2573 2949 2673 2992 nos
2697 2934 2821 2991 licet
2840 2933 2892 2988 in
2912 2940 3143 3005 quatuor
3161 2929 3353 3003 prioris
3380 2943 3509 3000 ope-

1931 3028 2008 3086 ris
2027 3028 2175 3086 libris
2200 3027 2255 3085 id
2283 3028 2439 3100 plene
2469 3026 2738 3099 egerimus
2756 3068 2773 3094 ,
2804 3034 2981 3084 tamen
3012 3025 3065 3080 in
3100 3022 3349 3094 prmsenti
3382 3037 3520 3093 quo-

1932 3136 2038 3194 que
2061 3120 2301 3178 omnium
2341 3118 2646 3175 animalium
2677 3115 3011 3184 testimonio,
3036 3130 3155 3186 quae
3185 3130 3218 3170 a
3246 3113 3358 3170 Deo
3394 3126 3524 3168 con-

1929 3214 2046 3271 dita
2070 3213 2284 3270 interim
2310 3210 2603 3278 conﬁteris,
2627 3208 2899 3266 libidinem
2925 3222 3148 3264 sexuum
3173 3222 3203 3261 a
3231 3205 3343 3262 Deo
3366 3218 3519 3260 crea-

1936 3315 2047 3361 tam
2086 3319 2207 3363 esse
2243 3301 2676 3369 monstravimus,
2714 3316 2872 3373 quam
2906 3309 3084 3356 tamen
3118 3298 3197 3359 in
3218 3295 3525 3354 hominibus

1935 3395 2145 3469 pudore
2196 3394 2617 3453 obumbrandam
2666 3392 2894 3449 fatemur
2922 3408 2937 3447 :
2962 3399 3113 3447 tuum
3160 3403 3289 3462 ergo
3332 3387 3522 3459 dogma

1938 3487 2304 3560 consequitur,
2347 3495 2402 3543 ut
2437 3487 2597 3559 longo
2627 3484 2953 3558 postliminio
2999 3481 3324 3556 Cynicorum
3371 3480 3526 3537 nobis

1938 3588 2291 3652 repraesentes
2318 3577 2589 3646 decorem,
2620 3586 2674 3634 et
2701 3592 2763 3634 ea
2793 3592 2912 3649 qua:
2932 3574 3191 3631 naturalia
3211 3581 3364 3640 sunt,
3404 3571 3527 3642 quia

1940 3687 1971 3727 a
1994 3672 2102 3729 Deo
2124 3671 2259 3728 facta
2279 3681 2425 3740 sunt,
2454 3670 2506 3726 in
2530 3670 2698 3727 oculis
2726 3668 2955 3725 civitatis
2983 3681 3252 3724 exerceas.
3280 3664 3529 3722 Sentisne

1941 3778 2101 3835 quam
2147 3763 2400 3820 involutis
2453 3760 2743 3819 luminibus
2788 3759 3073 3815 insiliveris
3115 3758 3166 3812 in
3208 3755 3527 3813 sententiam

1943 3870 2140 3924 meam,
2163 3870 2265 3926 qna
2304 3854 2436 3920 dixi,
2474 3872 2493 3907 ι
2524 3853 2594 3910 Ut
2616 3853 2940 3924 exprimeret
2968 3850 3124 3905 ﬁdem
3150 3864 3368 3921 operum
3398 3864 3529 3920 pro-

1943 3946 2123 4019 pheta,
2151 3960 2318 4017 prope
2346 3944 2635 4016 periculum
2666 3942 2883 4014 pudoris
2903 3940 3164 3998 accessit?
3192 3957 3212 3993 ι
3236 3938 3362 3996 Ηιυο
3386 3937 3529 3995 enim

1947 4048 2004 4096 ut
2026 4048 2413 4112 consequenter
2433 4039 2589 4110 juxta
2641 4053 2766 4093 suas
2812 4035 3021 4092 fabulas
3068 4043 3361 4108 praeceptor
3413 4044 3533 4089 tuus

1945 4132 2139 4203 arguit,
2164 4132 2315 4202 cujus
2338 4131 2391 4186 in
2422 4116 2557 4187 libro
2582 4130 2734 4202 posui
2771 4129 3050 4200 superiore
3074 4135 3375 4184 commenta
3397 4166 3412 4191 ,
3444 4125 3533 4197 qui

1947 4224 2123 4280 omnia
2149 4239 2373 4294 corpora
2393 4221 2531 4277 facta
2560 4238 2591 4277 a
2623 4222 2732 4277 Deo
2753 4228 3040 4293 pernegat;
3071 4219 3144 4275 ita
3171 4228 3225 4274 tu
3251 4217 3535 4289 impuden-

1950 4326 2030 4373 ter
2053 4325 2388 4373 contrectare
2407 4330 2568 4372 ausus
2594 4331 2673 4383 es,
2693 4315 2781 4386 qui
2820 4322 3114 4369 creatorem
3146 4312 3314 4369 Deum
3354 4310 3536 4366 fateris

1951 4409 2210 4480 (timendo
2248 4408 2391 4482 licet)
2420 4423 2727 4478 corporum,
2759 4421 2985 4478 quorum
3026 4419 3241 4461 sensum
3277 4401 3537 4458 adscribis

1952 4502 2177 4575 principi
2209 4503 2543 4558 tenebrarum
2570 4518 2583 4555 :
2616 4500 2755 4572 quod
2785 4508 2929 4556 certe
2951 4507 3095 4553 tanta
3119 4496 3360 4554 veritatis
3385 4504 3537 4566 pote-

1951 4601 2089 4650 state
2113 4593 2363 4649 detritum
2385 4601 2487 4659 est,
2510 4600 2706 4663 quanta
2736 4590 2840 4645 ﬁde
2863 4590 3060 4645 dictum
3078 4588 3144 4643 ab
3169 4587 3536 4657 Evangelista,

1952 4683 2084 4752 Quia
2114 4699 2206 4753 per
2236 4684 2399 4738 Deum
2428 4683 2563 4753 facta
2598 4689 2714 4736 sunt
2752 4680 2943 4750 anmia,
2970 4689 3016 4735 et
3052 4679 3160 4736 sine
3192 4679 3305 4752 ipso
3349 4683 3539 4751 factum

1954 4784 2024 4829 est
2054 4775 2180 4829 nihil
2206 4773 2381 4845 (Joan.
2410 4790 2445 4840 I,
2466 4773 2544 4847 5).

2026 4869 2162 4925 Anc.
2204 4868 2470 4938 Numquid
2502 4882 2685 4939 posses
2714 4866 2764 4922 in
2792 4867 2970 4922 carnis
2997 4865 3426 4936 concupiscentia
3459 4864 3541 4919 vel

1959 4961 2177 5017 libidine
2203 4960 2403 5017 bestias
2420 4959 2723 5015 hominibus
2750 4973 3081 5031 comparare,
3109 4958 3211 5014 nisi
3238 4959 3398 5014 etiam
3426 4957 3546 5013 illos

1957 5055 2159 5125 primos
2183 5061 2428 5124 parentes
2458 5053 2674 5124 generis
2702 5051 2919 5107 humani
2946 5060 3196 5123 tanquam
3221 5050 3545 5120 corrnptthi«

1960 5149 2028 5205 lia
2052 5159 2299 5222 gerentes
2327 5164 2573 5220 corpora,
2592 5147 2801 5205 etiamsi
2819 5164 2924 5202 non
2943 5155 3274 5217 peccassent,
3295 5142 3547 5203 crederes

1959 5243 2124 5301 fuisse
2148 5242 2469 5300 morituros?
2495 5243 2574 5298 Ac
2614 5241 2717 5298 hoc
2742 5242 2795 5297 in
2824 5240 3045 5297 haeresis
3086 5250 3276 5296 vestra:
3312 5250 3498 5291 errore
3527 5234 3549 5265 ⁸

1961 5336 2164 5393 novitio
2192 5336 2272 5391 sic
2314 5333 2577 5391 catholica
2625 5332 2848 5391 damnat
2898 5332 3159 5397 Ecclesia,
3203 5338 3261 5386 ut
3304 5326 3549 5397 Pelagius

1962 5428 2209 5499 princeps
2246 5434 2424 5483 vester
2454 5425 2505 5481 id
2541 5425 2642 5484 sibi
2686 5425 2825 5483 inter
2851 5432 3047 5481 caetera
3091 5421 3358 5492 objectum
3404 5416 3567 5489 apud-

2027 5629 2043 5659 ¹
2080 5634 2278 5687 Nomen,
2302 5632 2481 5689 Cratre,
2506 5626 2726 5676 addimus
2750 5639 2811 5676 ex
2838 5631 2945 5677 Mss.

2027 5692 2047 5754 ξ
2081 5690 2226 5754 aditi,
2264 5686 2354 5754 pro
2389 5686 2477 5754 [ioc
2510 5689 2643 5738 bona.
2688 5689 2986 5754 (‘astigautur
3013 5699 3075 5735 ex
3118 5686 3473 5754 manuscriptis.

2030 5751 2050 5784 ³
2075 5751 2138 5799 Ad
2162 5746 2295 5800 oram
2315 5751 2492 5801 codicis
2515 5759 2755 5799 mrtarum
2778 5746 2973 5811 antiqua
2995 5763 3157 5808 tnantt,
3180 5746 3486 5812 insignietttr.

2026 5812 2050 5844 ⁸
2083 5821 2131 5861 In
2158 5813 2301 5863 editis
2337 5814 2583 5872 omissum,
2620 5824 2788 5861 errore
2817 5824 2832 5862 :
2858 5813 3050 5864 tametsi
3098 5812 3346 5863 exstetin
3380 5823 3555 5862 manu-r

1966 5877 2159 5930 scriptis
