3990 6476
518 341 674 397 ί563τ

513 457 918 528 quatuordecim
938 457 1218 530 episcOpos
1233 457 1542 524 orientales,
1561 473 1590 511 a
1619 456 1813 528 quibus
1832 453 2099 524 judicibus

513 550 850 618 audiebatur,
880 548 1236 605 damnationis
1262 563 1372 603 suae
1400 548 1590 602 timore
1615 547 1893 600 damnaret
1920 544 2018 614 (τι).
2045 541 2099 595 In

511 659 616 712 quo
638 641 841 713 judicio
863 637 1106 711 profecto
1129 639 1289 694 etiam
1332 648 1386 693 tu
1431 640 1544 709 ipse
1581 638 1859 694 damnatus
1901 651 1979 699 es,
2013 635 2102 705 qui

511 734 645 790 dicis
674 734 842 790 Adam
871 735 941 789 ita
963 733 1181 800 factum,
1207 742 1263 788 ut
1288 734 1400 789 sive
1423 741 1684 804 peccaret,
1713 731 1826 786 sive
1855 743 2104 799 nonpec-

511 833 682 892 caret,
705 824 994 881 moriturus
1011 834 1188 882 esset:
1210 824 1580 880 contradicens
1605 824 1859 894 Apostolo
1880 820 2098 887 dicenti,

513 915 711 989 Corpus
736 925 988 972 mortuum
1019 925 1090 972 est
1119 926 1321 986 propter
1348 925 1605 989 peccatum
1631 915 1809 987 (Rom.
1838 929 1952 977 vm,
1987 911 2098 983 l0).

511 1007 702 1075 Porro,
731 1007 775 1062 si
800 1023 907 1062 non
953 1006 1289 1078 praecedente
1333 1009 1547 1076 peccato
1577 1005 1830 1061 moritura
1871 1004 1960 1058 illa
1996 1017 2100 1057 non

513 1109 666 1155 erant
692 1113 936 1170 corpora,
963 1100 1144 1170 utique
1170 1114 1270 1155 nec
1298 1098 1658 1169 corruptibilia
1683 1106 1854 1163 erant,
1881 1111 1949 1151 ne
1975 1095 2104 1150 bea-

514 1202 596 1248 tas
614 1192 820 1249 animas
837 1193 953 1248 illas
969 1201 1312 1264 aggravarent
1337 1190 1569 1261 :Corpns
1594 1191 1723 1244 enim
1753 1187 2098 1258 corruptibile,

511 1285 927 1357 sicut'scriptum
957 1295 1061 1353 est,
1079 1294 1318 1356 aggravet
1343 1284 1564 1337 animum
1598 1281 1750 1355 (Sap.
1776 1297 1849 1346 Ix,
1885 1277 1994 1351 15).
2026 1280 2103 1334 Ae

511 1392 610 1446 per
635 1377 758 1444 hoc,
787 1377 1235 1449 quemadmodum
1263 1392 1408 1432 mors
1435 1386 1594 1446 atque
1618 1376 1888 1445 corruptio
1914 1373 2103 1430 bellui-

517 1469 602 1523 nis
629 1467 983 1540 humanisque
1019 1469 1332 1538 corporibus
1373 1469 1542 1538 potuit
1577 1483 1681 1522 non
1708 1481 1828 1521 esse
1855 1481 2102 1521 commu-

513 1562 618 1626 nis,
643 1563 885 1632 quamvis
921 1561 1221 1617 communis
1255 1561 1332 1616 eis
1374 1568 1516 1615 esset
1553 1570 1763 1614 terrena
1802 1558 2051 1614 materies
2084 1576 2097 1612 :

514 1656 585 1710 ita
618 1655 786 1726 potuit
815 1670 913 1710 nec
961 1655 1012 1709 in
1064 1653 1420 1726 propagandis
1476 1652 1596 1706 filiis
1647 1653 1726 1707 eis
1776 1666 1896 1707 esse
1937 1649 2103 1706 libido

512 1749 846 1814 communis;
869 1747 960 1802 sed
987 1757 1079 1802 aut
1099 1748 1315 1802 nullain
1343 1746 1743 1814 liominibus,ut
1767 1745 2104 1816 quemadmo-

521 1839 638 1905 ium
665 1838 780 1893 aliis
809 1837 1068 1893 membris
1104 1838 1170 1893 ad
1204 1852 1369 1908 opera
1417 1852 1671 1907 congrua,
1727 1837 1806 1891 sic
1851 1836 1916 1890 ad
1968 1849 2103 1906 opus

512 1929 802 2001 generandi
821 1929 1090 1984 voluntate
1103 1928 1260 1984 motis
1280 1928 1439 1984 etiam
1461 1927 1775 1998 genitalibus
1791 1935 2100 1993 uterentur;

511 2030 602 2078 aut
630 2037 736 2078 non
759 2022 881 2077 talis
909 2021 1085 2092 qualis
1114 2023 1165 2076 in
1192 2021 1398 2089 bestiis,
1427 2021 1521 2076 sed
1542 2019 1606 2075 ad
1629 2029 1816 2075 nutum
1841 2019 2100 2086 serviens,

515 2123 572 2170 ct
601 2129 870 2186 nunquam
903 2124 1136 2170 mentem
1167 2128 1198 2169 a
1231 2113 1568 2186 cogitationis
1604 2111 1802 2194 vigilia,
1845 2120 1948 2166 nec
1988 2108 2102 2180 ipsa

509 2214 782 2276 postremo
820 2206 836 2238 ³
876 2205 1146 2276 voluptate
1173 2203 1470 2275 deponens.
1500 2203 1652 2259 Nunc
1677 2211 1854 2258 autem
1897 2215 2103 2272 praace-

514 2298 676 2355 dente
703 2308 941 2370 peccato,
969 2314 1075 2370 quo
1095 2297 1324 2353 humana
1348 2298 1400 2352 in
1428 2297 1663 2352 deterius
1691 2304 1877 2351 natura
1901 2302 2103 2350 mutata

510 2400 612 2461 est,
640 2391 775 2447 facta
809 2401 933 2447 sunt
972 2393 1023 2448 ei
1059 2390 1311 2462 pcenalia,
1342 2405 1461 2461 qua:
1494 2397 1621 2444 sunt
1655 2397 1859 2444 natum
1894 2387 2103 2459 pecoris

509 2499 744 2555 congrua
787 2501 801 2537 :
847 2483 940 2538 sed
993 2483 1045 2538 in
1094 2482 1197 2538 hoc
1234 2482 1395 2548 malo,
1445 2496 1552 2553 quo
1600 2495 1728 2537 caro
1777 2479 2106 2552 concupiscit

513 2576 774 2631 adversus
812 2575 1079 2645 spiritum,
1124 2573 1296 2645 major
1340 2573 1561 2644 pudoris
1610 2581 1694 2629 est
1734 2587 1915 2637 causa,
1961 2571 2103 2642 quod

511 2667 654 2723 inter
677 2667 803 2731 duo,
835 2681 1061 2736 quorum
1089 2665 1154 2721 ad
1183 2674 1419 2721 nostram
1447 2665 1677 2735 pertinet
1700 2673 1986 2736 utrumque
2007 2676 2106 2718 na-

511 2770 706 2822 turam,
731 2770 785 2815 et
813 2775 1037 2829 quorum
1089 2759 1352 2829 imperare
1387 2774 1576 2825 unum,
1629 2757 1834 2814 servire
1875 2756 2103 2812 alterum

510 2852 691 2920 debet,
719 2861 902 2907 exorta
934 2861 1017 2906 est
1042 2866 1148 2906 non
1173 2849 1403 2905 dolenda
1433 2859 1641 2905 tantum
1663 2892 1678 2915 ,
1718 2863 1903 2904 verum
1942 2847 2102 2904 etiam

511 2945 740 3002 multum
766 2944 1130 3001 erubescenda
1171 2943 1458 2998 discordia.
1500 2942 1637 3011 Quid
1667 2943 1825 3013 igitur
1851 2942 1945 2998 tibi
1974 2957 2102 3013 pro-

515 3038 728 3094 fuerunt
753 3035 820 3092 ad
851 3051 964 3091 rem
989 3051 1094 3090 non
1117 3033 1436 3105 pertinentia
1462 3042 1752 3089 convocata
1777 3033 1972 3087 auxilia
1997 3033 2103 3106 Cy-

512 3129 790 3194 nicorum;
821 3125 1251 3198 quandoquidem
1289 3133 1342 3182 te
1378 3125 1435 3180 in
1461 3124 1562 3180 hac
1599 3124 1674 3179 tui
1707 3125 1907 3180 erroris
1931 3123 2018 3179 via
2035 3123 2104 3180 de

511 3219 594 3275 via
620 3219 981 3284 deficientem,
1015 3233 1116 3274 nec
1152 3233 1216 3273 ea
1256 3232 1376 3289 quae
1417 3215 1721 3273 hominibus
1759 3215 2099 3286 comparasti,

507 3312 750 3383 iumenta
779 3310 963 3382 juvare
987 3309 1316 3378 potuerunt?

584 3399 772 3457 XLIV.
811 3399 931 3458 Jun.
972 3400 1205 3470 Tempus
1250 3399 1504 3456 admonet
1537 3408 1596 3455 ut
1623 3399 1689 3455 ad
1722 3399 1824 3454 alia
1860 3407 2100 3454 transea-

514 3509 634 3549 mus
663 3511 678 3549 :
704 3493 798 3550 sed
829 3493 1081 3564 quoniam
1107 3501 1314 3549 certum
1339 3499 1453 3560 est,
1483 3491 1614 3546 nihil
1648 3500 1699 3548 te
1735 3490 1936 3548 habere
1961 3491 2102 3561 quod

514 3585 757 3642 vendites
787 3586 1049 3656 imperitis
1077 3587 1294 3641 auribus
1320 3592 1516 3656 prater
1537 3583 1913 3640 verecundiam
1944 3592 2103 3638 natu-

514 3677 702 3732 ratium
728 3693 744 3744 ;
771 3691 928 3748 quam
953 3675 1266 3732 brevissime
1287 3683 1494 3746 potero,
1515 3674 1658 3746 quod
1676 3684 1888 3745 putatur
1908 3689 2102 3745 super-

518 3783 672 3836 esse,
713 3769 1037 3839 contingam.
1066 3767 1196 3836 Quis
1215 3782 1342 3838 ergo
1373 3774 1549 3837 neget,
1580 3767 1912 3821 honestatem
1941 3765 2100 3834 hanc,

515 3875 618 3931 qua
639 3860 889 3931 genitalia
922 3869 1104 3916 nostra
1135 3859 1490 3930 contegimus,
1522 3873 1620 3929 pro
1655 3858 1915 3928 personis,
1948 3856 2100 3924 locis,

513 3952 707 4009 ofﬁciis
733 3953 1078 4024 moribusque
1109 3953 1334 4006 variari?
1361 3951 1450 4008 Sic
1478 3951 1530 4006 in
1571 3949 1956 4006 conventiculis
1999 3963 2101 4020 pu-

514 4045 670 4100 blicis
698 4044 981 4100 obscenior
1008 4046 1239 4111 auditas,
1292 4044 1428 4098 nihil
1471 4041 1630 4100 habet
1669 4041 2008 4113 turpitudinis
2049 4043 2100 4096 in

515 4135 762 4191 lavacris.
791 4135 881 4191 Sic
904 4135 1039 4190 alter
1062 4145 1143 4190 est
1167 4134 1486 4191 cubicularis
1522 4134 1763 4200 habitus,
1791 4132 2102 4188 seminudus

514 4237 571 4282 et
594 4240 849 4293 securus;
877 4227 1011 4282 alter
1031 4242 1157 4282 vero
1177 4226 1426 4294 forensis,
1444 4227 1719 4282 sollicitior
1739 4234 1794 4282 et
1812 4224 2097 4297 profusior.

517 4316 678 4386 Quid,
701 4317 844 4388 quod
874 4318 939 4372 ad
969 4317 1332 4373 testimonium
1369 4317 1556 4372 crebro
1585 4317 1978 4385 familiaritatis,
2010 4333 2101 4372 rc-

513 4409 670 4480 spicit
689 4409 1006 4482 negligentia
1044 4409 1331 4476 cautionis,
1389 4419 1443 4465 et
1484 4418 1684 4481 quanto
1733 4427 1960 4481 persona
2011 4420 2103 4468 aut

512 4502 745 4572 ignotior
771 4510 863 4557 aut
891 4502 1203 4558 honoratior
1227 4501 1473 4569 adfuerit,
1507 4512 1654 4557 tanto
1675 4502 1977 4574 diligentior
2003 4502 2100 4557 ba-

513 4592 656 4648 bitus
678 4595 1054 4664 comparatur?
1079 4593 1235 4663 Quid,
1259 4593 1399 4664 quod
1423 4594 1596 4649 nautis
1616 4603 1669 4650 et
1689 4594 1967 4665 opificibus
1989 4595 2102 4666 ple-

513 4684 696 4754 risque
725 4699 883 4739 nemo
911 4686 1041 4740 vitio
1067 4687 1358 4741 nuditatem
1389 4685 1572 4740 dedit?
1610 4686 1688 4740 Ac
1717 4701 1781 4740 ne
1818 4685 1916 4740 ista
1967 4687 2100 4741 sim-

514 4775 720 4845 plicitas
769 4778 1012 4847 personis
1057 4778 1224 4848 magis
1273 4794 1430 4849 quam
1485 4779 1710 4848 negotiis
1762 4779 2052 4849 imputetur
2083 4822 2096 4845 ,

515 4882 670 4924 more
703 4869 939 4924 omnium
969 4871 1129 4925 etiam
1165 4869 1354 4924 Petrus
1383 4871 1672 4941 apostolus,
1700 4879 1754 4924 et
1779 4879 1896 4940 post
1924 4886 2103 4927 resur-

512 4962 806 5018 rectionem
831 4961 1035 5016 Domini
1067 4961 1239 5017 nudus
1256 4962 1308 5016 in
1330 4963 1537 5031 navigio
1557 4964 1578 4994 ’
1598 4961 1902 5031 piscabatur
1921 4962 2096 5034 (Joan.

514 5065 631 5117 ιιι,
658 5051 738 5123 7).
763 5051 941 5122 Dirige
971 5051 1096 5107 hinc
1133 5053 1318 5107 oculos
1349 5052 1415 5106 ad
1446 5053 1800 5108 medieantum
1831 5068 2048 5108 munera
2085 5073 2097 5108 :

515 5141 717 5197 ducunt
741 5151 911 5197 artem
937 5142 1112 5198 studio
1141 5143 1328 5198 salutis
1352 5144 1402 5197 in
1430 5141 1577 5198 locos
1603 5145 1838 5213 pudoris.
1871 5144 2100 5201 Athletis

515 5234 728 5290 auditas
751 5235 909 5290 etiam
938 5234 1136 5290 decora
1161 5245 1264 5290 est.
1310 5234 1428 5289 Jam
1478 5249 1604 5289 vero
1634 5249 1739 5289 non
1767 5236 1938 5290 solum
1971 5236 2100 5291 ado-

512 5325 844 5394 iescentulis,
866 5335 921 5382 et
945 5325 1205 5397 petulanti
1233 5326 1332 5381 sibi
1359 5326 1616 5381 societate
1655 5325 1950 5397 conjunctis
1965 5369 1980 5393 ,
2001 5328 2097 5383 sed

514 5421 674 5476 etiam
695 5421 818 5476 totis
833 5419 1150 5492 quibusdam
1162 5419 1407 5492 gentibus
1419 5427 1644 5487 uterque
1664 5435 1822 5475 sexus
1843 5430 2094 5489 retectus,

513 5523 566 5565 et
607 5513 724 5568 sine
758 5511 948 5568 secreti
972 5519 1056 5567 est
1083 5511 1345 5566 electione
1389 5510 1718 5566 commixtio.
1750 5511 1886 5580 Quid
1918 5522 2094 5568 tamen

581 5628 596 5657 ε
629 5627 700 5676 sic
722 5632 827 5675 Mss.
854 5634 902 5675 Λι
933 5626 1067 5688 editi,
1095 5630 1347 5688 postrema.

521 5752 526 5756 l
579 5690 789 5796 '“vtgnq
821 5689 977 5738 nudus
999 5687 1310 5752 piseabatur;
1333 5690 1528 5750 omisso,
1552 5687 1602 5740 in
1624 5689 1812 5755 mun'gio
1829 5703 1847 5753 ,'
1871 5691 1995 5754 quod
2023 5701 2098 5744 est

521 5765 564 5796 In
587 5783 595 5796 ι
625 5765 688 5796 SS.

519 5765 564 5798 In
587 5765 688 5799 MSS.

581 5815 655 5875 (α)
687 5814 798 5862 Vale
823 5827 896 5875 su;
913 5827 981 5874 ra,
1019 5814 1079 5863 dc
1105 5816 1259 5863 Custis
1277 5812 1472 5877 Pelagii,
1499 5829 1579 5864 nn.
1606 5814 1685 5878 ΞΗ,
1703 5817 1780 5878 57,
1800 5816 1869 5868 60.

1187 341 1432 400 OPERIS
1471 335 1881 397 IMPERFECTI
1923 331 2196 390 CONTRA
2238 332 2596 401 JULIANUM,
2639 335 2699 391 S.
2740 333 3110 392 AUGUSTINI

3628 345 3750 405 1564

2213 446 2428 514 mirum,
2459 449 2501 504 si
2524 447 2576 504 id
2601 448 2792 504 Scotus
2812 451 3212 522 vicinarumque
3247 454 3475 524 gentium
3509 455 3753 517 barbaries
3786 447 3789 452 ⁴

2209 552 2361 612 agat;
2391 557 2512 598 cum
2553 553 2608 599 et
2635 541 2968 614 philosophia
2993 587 3008 610 ,
3040 544 3193 614 cujus
3220 560 3372 617 supra
3398 564 3751 610 commemora-

2212 635 2407 690 tionem
2439 634 2661 691 fecimus
2714 636 2852 690 idem
2899 639 3190 701 censuerit,
3235 648 3288 693 ct
3338 639 3752 703 Traducianorum

2211 725 2312 781 huc
2335 726 2525 799 dogma
2567 729 2905 798 pervenerit?
2950 729 3080 798 Quae
3119 745 3247 800 ergo
3280 731 3486 800 pudoris
3515 735 3751 794 tenebitur

2208 821 2495 889 quantitas,
2543 823 2701 892 quive
2755 823 2908 878 limes
2957 823 3096 878 inter
3139 831 3218 878 tot
3264 825 3376 892 ejus
3425 825 3749 895 diversitates,

2207 921 2368 983 atquc
2389 913 2528 969 inter
2546 922 2752 984 coeptus
2778 914 2966 985 partim
2994 915 3326 970 necessarios
3343 958 3356 982 ,
3397 918 3577 985 partim
3601 921 3754 974 socie-

2210 1011 2316 1060 tate
2341 1003 2611 1074 defensos,
2638 1022 2733 1076 per
2753 1022 2910 1078 quem
2933 1006 3103 1076 possit
3145 1005 3344 1073 doceri,
3379 1007 3634 1062 diabolum
3678 1027 3758 1065 na-

2209 1097 2434 1152 turalem
2455 1097 2703 1154 ardorem
2731 1097 2948 1154 senibus
2977 1097 3289 1152 miscuisse?
3316 1099 3391 1152 Ac
3439 1113 3530 1169 per
3577 1099 3686 1164 hoc,
3710 1112 3758 1156 ut

2207 1188 2511 1260 prmsidium
2539 1190 2804 1260 Opinionis
2830 1200 2936 1246 tuae
2979 1199 3209 1254 constat,
3253 1191 3457 1258 oiticiis,
3483 1190 3623 1256 locis,
3662 1207 3762 1247 mo.

2207 1281 2380 1350 ribus,
2406 1281 2629 1349 artibus,
2658 1292 2713 1338 et
2742 1282 2871 1336 totis
2895 1281 3050 1338 simul
3082 1281 3326 1352 gentibus
3351 1280 3674 1346 dissolutum;
3697 1282 3757 1337 ita

2209 1373 2468 1428 remansit
2493 1373 2769 1441 invictum,
2803 1372 2945 1443 quod
2977 1388 3076 1428 nos
3102 1373 3214 1443 ipsa
3245 1373 3448 1427 ratione
3468 1382 3520 1427 et
3542 1373 3764 1442 apostolo

2209 1466 2376 1522 Paulo
2425 1466 2653 1522 docente
2701 1466 3058 1533 defendimus,
3104 1468 3282 1522 omnia
3318 1481 3556 1537 corpora,
3606 1466 3758 1521 omnia

2209 1559 2446 1615 membra
2497 1575 2782 1630 corporum
2812 1601 2829 1628 ,
2876 1575 3170 1630 omnesque
3222 1574 3410 1616 sensus
3459 1573 3757 1629 corporum,

2208 1651 2378 1707 Deum
2427 1661 2700 1708 auctorem
2730 1653 3103 1708 universorum
3146 1667 3400 1718 creasse;
3427 1649 3518 1707 sed
3559 1650 3624 1704 ita
3647 1650 3760 1705 ordi-

2206 1760 2381 1811 nasse,
2405 1755 2466 1801 ut
2492 1746 2740 1817 quaedam
2762 1746 2814 1802 in
2838 1747 3092 1802 membris
3121 1746 3319 1801 nostris
3347 1761 3441 1816 pro
3479 1745 3762 1815 opportuni-

2209 1823 2402 1893 tatibus
2448 1846 2746 1907 temporum
2768 1839 3007 1893 amiciret
3045 1837 3236 1908 pudor,
3269 1836 3508 1907 quaedam
3541 1835 3766 1890 honestas

2209 1928 2464 1983 naturalis
2490 1927 2727 1997 offerret,
2758 1929 2950 2000 quibus
2995 1937 3100 1983 tam
3150 1927 3457 1984 indecorum
3483 1935 3618 1983 esset
3653 1925 3763 1996 tegi-

2207 2036 2330 2076 men
2356 2020 2620 2090 adhiberi,
2663 2037 2823 2093 quam
2864 2022 3172 2092 importune
3221 2021 3531 2094 genitalium
3575 2019 3764 2089 vulgare

2206 2120 2496 2167 secretum.

2279 2203 2413 2259 Ave.
2452 2203 2532 2259 Tu
2575 2203 2755 2275 potius
2813 2203 3120 2274 importune
3175 2201 3331 2274 culpa
3383 2200 3764 2273 importunitatis

2205 2294 2448 2366 aspergis
2471 2309 2585 2363 eos,
2636 2294 2703 2350 de
2747 2295 2941 2366 quibus
2975 2297 3046 2350 ait
3079 2294 3353 2367 Scriptura
3404 2295 3593 2359 divina,
3639 2291 3766 2346 Nudi

2206 2394 2368 2454 erant,
2395 2396 2560 2441 etnon
2587 2387 3023 2458 confundebantur
3061 2384 3219 2459 (Gen.
3275 2403 3331 2454 tt,
3383 2385 3497 2456 25).
3542 2385 3602 2440 Εῑ
3641 2392 3764 2438 certe

2208 2481 2425 2536 tuncita
2454 2479 2586 2536 recti
2615 2488 2787 2546 erant,
2821 2488 2878 2534 ut
2906 2479 3038 2534 recti
3079 2477 3205 2535 facti
3248 2486 3402 2535 erant
3428 2495 3442 2532 :
3468 2476 3601 2532 Fecit
3636 2474 3759 2529 enim

2206 2569 2366 2638 Deus,
2396 2571 2532 2626 sicut
2560 2570 2806 2640 legimus,
2841 2570 3092 2624 hominem
3113 2578 3307 2624 rectum
3333 2568 3526 2640 (Ecele.
3553 2583 3638 2633 vn,
3664 2564 3762 2634 '50).

2206 2659 2304 2716 Illo
2331 2675 2460 2732 ergo
2489 2671 2728 2731 tempore
2772 2668 2932 2716 tantae
2981 2659 3322 2716 rectitudinis
3371 2675 3499 2725 suae,
3543 2653 3769 2726 numquid

2207 2763 2313 2810 tam
2339 2755 2492 2826 pravi
2517 2761 2702 2821 erant,
2731 2761 2790 2808 ut
2815 2752 3201 2824 imprudenter,
3231 2750 3600 2822 impudenter,
3636 2746 3768 2802 inbo-

2207 2855 2399 2911 neste,
2449 2844 2787 2916 importune,
2853 2845 3163 2916 genitalium
3223 2851 3432 2900 secreta
3492 2836 3767 2912 vulgarent?

2206 2939 2449 3008 Agnosce
2519 2936 2680 3007 igitur
2731 2935 2966 2991 nondum
3027 2932 3191 2990 fuisse
3243 2949 3459 2990 causam
3525 2927 3765 3002 pudendi,

2205 3026 2418 3100 quando
2465 3026 2700 3084 nondum
2742 3026 2987 3097 pudenda
3037 3033 3193 3082 erant
3245 3026 3335 3081 illa
3377 3023 3622 3087 membra,
3668 3032 3768 3089 qua:

2207 3135 2348 3176 nunc
2375 3119 2589 3190 proprie
2610 3118 2854 3190 pudenda
2885 3118 3156 3173 dicuntur.
3184 3117 3304 3172 Non
3341 3117 3483 3172 enim
3530 3110 3770 3168 habitabat

2207 3214 2258 3268 in
2285 3213 2542 3269 membris
2566 3210 2653 3267 lex
2679 3226 2978 3281 repugnans
2998 3210 3101 3280 legi
3129 3210 3327 3265 mentis
3351 3251 3368 3276 ,
3394 3209 3508 3264 sine
3531 3221 3627 3277 qua
3653 3215 3772 3258 nunc

2207 3305 2443 3360 nascitur
2484 3318 2665 3359 nemo.
2705 3303 2948 3358 Nondum
2988 3302 3321 3372 fueratjusto
3344 3300 3540 3372 judicio
3568 3297 3674 3362 Dei,
3695 3292 3771 3364 qui

2208 3397 2400 3453 merito
2427 3394 2666 3452 deseruit
2689 3394 3042 3460 desertorem,
3074 3392 3407 3449 inobedienti
3451 3388 3642 3445 homini
3680 3398 3774 3439 sua:

2205 3486 2382 3542 carnis
2410 3484 2767 3541 inobedientia
2809 3484 3090 3539 retributa.
3140 3482 3330 3554 Neque
3376 3481 3518 3539 enim
3566 3494 3664 3534 non
3706 3482 3774 3530 est

2206 3580 2384 3635 carnis
2437 3578 2796 3634 inobedientia
2852 3586 3039 3633 contra
3093 3577 3344 3647 Spiritum
3398 3572 3773 3645 concupiscere,

2206 3673 2448 3744 quamvis
2475 3673 2634 3728 etiam
2678 3671 2866 3741 spiritu
2893 3679 3079 3727 contra
3106 3685 3224 3726 eam
3253 3669 3659 3740 concupiscente
3684 3676 3774 3717 non

2206 3767 2411 3820 sinatur
2436 3763 2576 3835 quod
2603 3773 2826 3818 conatur
2846 3762 3090 3832 implere.
3114 3761 3226 3816 Hoc
3240 3776 3373 3832 ergo
3400 3757 3627 3815 nondum
3652 3761 3772 3816 erat,

2206 3855 2420 3927 quando
2454 3855 2578 3911 nudi
2609 3863 2782 3921 erant,
2813 3861 2870 3910 et
2895 3869 2998 3908 non
3039 3852 3528 3909 confundebantur.
3556 3849 3662 3905 Non
3689 3847 3773 3901 ita-

2205 3964 2310 4020 que
2347 3949 2419 4004 illi
2445 3964 2570 4004 vera
2597 3948 2837 4003 nuditate
2863 3949 2879 3979 ¹
2908 3947 3210 4017 importune
3247 3946 3558 4017 genitalium
3594 3948 3773 3997 secreta

2207 4043 2524 4113 vulgabant:
2556 4027 2650 4096 Sed
2679 4040 2854 4094 adhuc
2890 4040 3250 4110 importunum
3294 4038 3427 4093 nihil
3475 4037 3526 4090 in
3554 4030 3774 4106 genitali-

2209 4136 2308 4190 bus
2350 4144 2651 4191 senserant.
2683 4134 2818 4204 Quid
2846 4134 3052 4204 colligis
3101 4135 3260 4189 verba
3297 4134 3496 4197 inania,
3549 4140 3772 4200 tanquam

2207 4225 2329 4282 folia
2356 4227 2515 4293 levia,
2540 4228 2730 4296 quibus
2755 4233 2810 4282 et
2835 4235 2888 4280 tu
2915 4236 3165 4297 conlegas
3192 4227 3465 4281 carnalem
3499 4218 3774 4280 contentio-

2205 4333 2328 4373 nem
2356 4325 2498 4372 tuam
2520 4326 2704 4372 contra
2731 4317 3062 4388 spiritualem
3081 4317 3475 4384 auctoritatem,
3501 4314 3644 4386 quasi
3664 4326 3773 4366 con-

2205 4410 2568 4481 cupiscentem
2603 4418 2790 4463 contra
2823 4408 3064 4478 Spiritum
3116 4409 3379 4463 carnem?
3421 4406 3557 4475 Quid
3601 4399 3776 4474 quaeris

2205 4517 2322 4572 quae
2361 4500 2580 4571 pudoris
2610 4499 2848 4556 tenenda
2877 4501 2945 4554 sit
2973 4501 3242 4570 quantitas
3262 4542 3275 4565 ,
3304 4503 3417 4556 sive
3438 4500 3589 4554 limes
3608 4539 3622 4564 ,
3655 4495 3778 4548 inter

2206 4602 2283 4647 tot
2307 4595 2422 4662 ejus
2441 4592 2801 4660 diversitates,
2824 4607 2941 4662 quac
2958 4591 3328 4646 tiuntdiversis
3352 4587 3762 4646 necessitatibus,

2205 4685 2430 4752 artibus,
2452 4684 2814 4754 opinionibus,
2839 4683 3099 4748 moribus,
3140 4683 3253 4737 sive
3292 4684 3477 4750 rectis,
3519 4681 3628 4736 sive
3664 4691 3774 4747 per-

2207 4777 2418 4833 versis?
2436 4778 2574 4833 Ecce
2590 4777 2758 4832 habes
2778 4756 3172 4842 bominesfnon
3196 4775 3422 4845 alicujus
3441 4772 3633 4846 gentis,
3655 4771 3777 4825 sicut

2205 4869 2417 4937 Scotos,
2444 4867 2540 4923 sed
2584 4876 2838 4939 parentes
2871 4867 3106 4921 omnium
3146 4868 3427 4937 gentium;
3471 4881 3575 4920 non
3617 4861 3774 4930 aliqua

2206 4975 2363 5030 prava
2394 4960 2644 5030 opinione
2683 4960 3020 5030 depravatos,
3043 4959 3181 5014 sicut
3213 4958 3465 5030 Cynicos,
3497 4964 3553 5012 et
3589 4950 3776 5026 quosli-

2204 5054 2295 5108 bet
2312 5052 2446 5107 alios
2467 5052 2656 5106 similis
2677 5051 3038 5107 irreverentia:
3058 5050 3399 5105 deformitate
3426 5048 3669 5111 foedatos,
3691 5039 3776 5098 sed

2204 5160 2232 5198 a
2268 5145 2383 5200 Deo
2403 5143 2647 5199 conditos
2663 5153 2841 5199 rectos
2863 5157 2878 5210 ;
2906 5157 3012 5196 non
3032 5156 3196 5212 opere
3219 5141 3444 5211 alicujus
3461 5133 3776 5195 necessitatis

2204 5235 2510 5299 obstrictos,
2531 5235 2667 5290 sicut
2695 5233 2837 5289 Petri
2867 5232 3078 5286 nuditas
3108 5230 3228 5298 fuit,
3252 5247 3354 5302 qua
3383 5239 3434 5285 te
3455 5227 3644 5300 putasti
3671 5236 3776 5279 esse

2203 5330 2512 5396 velandum,
2536 5329 2631 5383 sed
2670 5330 2720 5383 in
2746 5327 3052 5383 deliciarum
3093 5325 3341 5397 paradiso
3391 5319 3775 5387 liberos:ipsos

2202 5423 2382 5491 aspice
2404 5463 2418 5485 ,
2455 5429 2583 5475 ante
2618 5428 2894 5490 peccatum
2933 5427 3292 5473 ostentatores
3337 5415 3617 5478 libertatis,
3668 5414 3777 5479 post

2203 5523 2476 5585 peccatum
2503 5513 2749 5569 doctores
2772 5512 3007 5582 pudoris.
3031 5513 3169 5566 Ante
3183 5519 3455 5580 peceatum
3470 5507 3593 5564 nudi
3613 5509 3772 5564 erant,

2203 5615 2258 5660 et
2307 5619 2411 5658 non
2453 5603 2952 5658 confundebantur:
2986 5610 3106 5672 post
3138 5610 3412 5673 peccatum
3441 5599 3509 5655 dc
3553 5596 3774 5652 nuditate

2269 5765 2281 5792 '
2324 5760 2486 5820 Morel,
2508 5760 2652 5809 tilem.
2675 5762 2808 5817 Ct'it.,
2831 5772 2939 5820 pag.
2956 5757 3066 5818 281,
3083 5757 3190 5820 9.82,
3210 5759 3279 5811 sic
3303 5756 3427 5820 legit
3449 5756 3576 5807 hunc
3595 5752 3740 5803 locum
3759 5761 3768 5794 :

2207 5831 2236 5872 Λ
2247 5836 2304 5871 ett
2331 5822 2490 5882 itaque
2508 5821 2577 5870 illi
2596 5822 2740 5872 fil-'t’l't'!
2755 5820 2986 5871 nuditate.
3055 5827 3110 5868 ιιι.
