3962 6502
219 381 361 441 1565

215 495 428 556 confusi
457 504 601 556 sunt.
629 495 769 555 Ante
795 504 1069 569 peccatum
1116 492 1366 567 genitalia
1417 492 1650 548 nondum
1702 507 1802 562 pu-

214 591 399 647 denda
412 591 533 648 sine
556 589 809 663 tegimine
832 590 1159 661 reliquerunt
1181 603 1196 642 :
1219 595 1338 658 post
1362 595 1636 659 peccatum
1657 586 1808 657 geni-

218 683 345 737 talia
369 682 480 754 jam
508 682 758 754 pudenda
789 691 1055 739 texerunt.
1089 682 1150 736 l-li
1179 695 1310 752 ergo
1337 688 1502 737 testes
1529 679 1657 735 satis
1687 677 1805 734 ido-

216 774 327 841 nei,
379 784 438 831 et
476 774 880 848 Pelagianorum
924 774 1301 848 pervicaciam,
1349 780 1406 829 et
1456 770 1806 844 quarumdam

215 865 460 935 gentium
488 866 918 940 Cynicorumque
945 864 1349 936 impudentiam,
1393 862 1542 935 prius
1568 876 1675 918 non
1706 876 1806 932 pu-

215 955 392 1012 denda
420 966 480 1013 et
503 966 689 1031 postea
719 955 963 1030 pudenda
986 956 1226 1013 nuditate
1248 971 1344 1012 sua
1367 955 1712 1013 convincunt.

285 1048 455 1105 XLV.
493 1051 614 1108 Jun.
655 1051 769 1107 Hoc
797 1052 956 1123 igitur
979 1051 1033 1107 in
1057 1049 1305 1122 praesenti
1332 1063 1517 1121 opere,
1544 1055 1799 1120 quantum

215 1155 305 1197 res
330 1151 453 1199 acta
479 1143 715 1214 pertulit,
739 1143 1003 1212 absoluto,
1033 1143 1191 1199 venio
1209 1142 1274 1198 ad
1302 1141 1433 1198 illud
1452 1140 1594 1214 quod
1610 1140 1808 1207 dixisti,

219 1232 272 1288 in
287 1232 514 1291 Christo
534 1234 674 1292 hanc
689 1237 983 1292 naturalem
998 1235 1483 1307 concupiscentiam
1503 1248 1609 1290 non
1630 1232 1809 1289 fuisse.

215 1322 306 1381 Sic
324 1325 479 1381 enim
510 1326 819 1399 obloqueris
847 1327 977 1383 mihi
1008 1344 1022 1380 :
1059 1345 1080 1380 ι
1113 1326 1223 1383 Sed
1252 1327 1352 1383 iste
1376 1326 1430 1381 in
1459 1324 1542 1382 his
1566 1323 1816 1380 omnibus

216 1415 390 1472 noluit
404 1417 684 1475 nominare
699 1419 1184 1490 concupiscentiam
1203 1420 1401 1488 carnis,
1424 1433 1544 1490 quae
1564 1431 1670 1473 non
1686 1425 1766 1474 est
1783 1432 1815 1473 a

217 1508 398 1575 Patre,
426 1510 523 1567 sed
551 1526 618 1568 ex
644 1512 844 1568 mundo
865 1520 981 1578 est;
1004 1512 1154 1584 cujus
1170 1511 1353 1567 mundi
1374 1511 1619 1582 princeps
1641 1509 1818 1567 dictus

222 1610 300 1659 est
322 1603 572 1660 diabolus
601 1621 615 1659 :
646 1605 738 1677 qui
762 1620 881 1660 eam
924 1603 978 1660 in
1015 1604 1244 1661 Domino
1287 1618 1394 1658 non
1440 1602 1667 1670 invenit,
1695 1602 1817 1673 quia

223 1694 489 1752 Dominus
532 1695 697 1752 homo
726 1711 835 1753 non
889 1712 985 1768 per
1024 1696 1194 1767 ipsam
1221 1695 1289 1752 ad
1332 1694 1581 1752 homines
1607 1693 1754 1749 venit
1790 1711 1810 1746 ι

220 1784 331 1857 (De
348 1785 564 1860 Nuptiis
588 1797 636 1843 et
659 1787 1096 1860 Coneupisceutia,
1124 1786 1214 1843 tib.
1241 1787 1299 1856 2,
1326 1802 1443 1858 cap.
1465 1786 1546 1859 ὅ).
1571 1786 1819 1842 Pronun-

218 1876 367 1931 tiasti
404 1892 537 1949 ergo
564 1876 856 1946 Christum,
903 1893 1063 1949 quem
1090 1892 1279 1935 verum
1304 1893 1399 1948 per
1438 1876 1617 1933 omnia
1645 1875 1820 1930 homi-

220 1980 348 2022 nem
376 1966 513 2022 fides
533 1967 798 2024 catholica
817 1967 1122 2035 conﬁtetur,
1145 1967 1284 2023 hanc
1308 1967 1816 2039 concupiscentiam,

218 2071 385 2129 quam
412 2057 546 2115 dicit
584 2058 821 2116 Joannes
846 2059 1144 2131 apostolus,
1185 2060 1239 2116 in
1273 2072 1369 2116 sua
1418 2073 1524 2115 non
1570 2057 1821 2115 habuisse

219 2162 409 2205 carne.
441 2149 551 2207 Sed
576 2150 812 2208 Joannes
829 2193 847 2220 ,
880 2159 940 2207 ut
965 2151 1082 2223 ejus
1109 2151 1250 2209 dicta
1279 2150 1597 2218 docuerunt,
1621 2164 1819 2206 concu-

222 2238 541 2309 piscentiam
567 2242 765 2308 carnis,
786 2250 842 2297 et
866 2241 1347 2314 concupiscentiam
1374 2241 1674 2307 oculorum,
1697 2254 1820 2297 cum

221 2330 370 2385 omni
391 2331 597 2388 mundo
617 2347 685 2388 ex
712 2332 872 2390 Patre
898 2346 1006 2390 oon
1028 2347 1150 2390 esse
1176 2333 1481 2405 pronuntiat
1513 2332 1730 2407 (lJoan.
1760 2349 1818 2400 ιι,

224 2420 353 2492 ιδ);
380 2420 527 2494 quod
558 2437 658 2480 nos
681 2423 1126 2496 quemadmodum
1151 2424 1375 2498 intelligi
1400 2424 1621 2482 deberet
1642 2434 1823 2482 osten-

220 2511 424 2570 diuus.

295 2606 441 2665 Luc.
471 2606 769 2665 Ostandisti
790 2607 1030 2681 quidem,
1060 2607 1156 2665 sed
1180 2607 1632 2681 quemadmodum
1658 2615 1715 2664 tu
1736 2608 1821 2665 in-

230 2699 523 2772 telligeres,
544 2701 631 2758 vel
650 2702 828 2773 potius
847 2717 955 2759 non
977 2702 1324 2775 intelligeres,
1345 2716 1452 2758 non
1472 2700 1822 2773 quemadmo-

229 2789 355 2846 dum
380 2790 611 2849 deberet
634 2793 858 2866 intelligi
888 2811 907 2852 :
931 2793 1001 2851 de
1027 2809 1132 2866 qua
1158 2808 1219 2852 re
1242 2794 1336 2850 tibi
1375 2794 1430 2850 in
1453 2794 1567 2866 ipsa
1594 2803 1684 2850 tua
1715 2807 1820 2851 non

230 2884 426 2950 veraci,
454 2885 554 2942 sed
573 2885 782 2959 loquaci
808 2886 1186 2959 disputatione,
1212 2887 1453 2944 certans‘
1485 2901 1582 2958 pro
1598 2886 1824 2945 veritate

231 2978 504 3049 respondi.

297 3068 489 3127 XLVI.
525 3069 650 3128 Jun.
688 3070 773 3128 Tu
792 3085 925 3128 vero
947 3086 1142 3129 nomen
1174 3070 1348 3143 ipsum
1374 3070 1822 3144 concupiscentia

234 3162 587 3235 amplexatus,
610 3164 693 3221 vis
716 3179 747 3221 a
772 3163 969 3220 Christi
992 3178 1220 3234 corpore
1261 3173 1366 3220 tam
1391 3162 1668 3222 oculorum
1695 3177 1821 3222 sen-

233 3271 348 3312 sum
373 3255 632 3326 abfuisse,
654 3270 812 3329 quam
837 3256 1122 3314 viseerum.

301 3349 442 3407 Anc.
481 3346 590 3405 Ista
627 3364 734 3405 non
774 3349 1018 3416 diceres,
1055 3349 1103 3407 si
1128 3359 1185 3408 tu
1212 3361 1402 3407 sanum
1438 3363 1677 3419 sensum,
1714 3363 1822 3406 non

233 3442 492 3514 corporis,
518 3441 616 3499 sed
642 3442 806 3499 animi
830 3441 1077 3500 haberes.

298 3535 511 3594 XLVII.
527 3536 647 3594 Jun.
667 3536 763 3594 llic
776 3538 937 3609 igitur
955 3544 1012 3593 ut
1029 3535 1171 3593 adsit
1194 3545 1305 3593 toto
1331 3536 1512 3592 animo
1532 3534 1717 3603 lector,
1736 3534 1825 3591 ad-

234 3641 426 3685 moneo
454 3627 693 3685 :videbit
719 3629 861 3686 enim
905 3627 1402 3699 Apollinaristarum
1441 3625 1710 3696 haeresim,
1726 3626 1822 3684 sed

233 3734 351 3776 cum
376 3720 659 3779 Παιήοὴεί
688 3736 784 3793 per
809 3730 862 3778 te
885 3721 1186 3793 adjectionc
1217 3721 1477 3792 reparari.
1499 3718 1823 3791 Apollinaris

235 3813 429 3885 quippe
458 3812 635 3884 primo
663 3814 822 3870 talem
864 3813 1283 3870 incarnationem
1327 3812 1524 3870 Christi
1549 3811 1823 3869 induxisse

233 3901 419 3972 fertur,
452 3914 511 3961 ut
534 3904 741 3962 diceret
762 3906 934 3961 solum
959 3919 1155 3976 corpus
1179 3905 1246 3961 de
1266 3905 1497 3960 humana
1526 3904 1822 3961 substantia

234 3990 565 4067 assumptum
590 3996 778 4064 videri,
810 4011 908 4068 pro
928 3998 1104 4053 anima
1128 4009 1257 4053 vero
1282 3995 1450 4067 ipsam
1469 3996 1641 4053 fuisse
1662 3995 1822 4052 deita-

236 4094 337 4141 tem
353 4103 370 4154 ;
387 4086 740 4159 Christusque
754 4102 864 4145 non
885 4088 1180 4154 hominem,
1202 4087 1295 4145 sed
1311 4087 1543 4144 cadaver
1555 4087 1823 4145 videretur

236 4177 468 4238 hominis
495 4183 816 4253 suscepisse.
853 4181 1009 4253 Quod
1047 4190 1388 4253 posteaquam
1417 4182 1580 4253 coepit
1605 4190 1711 4238 tam
1736 4196 1821 4238 ra-

240 4273 396 4330 tionis
430 4289 594 4347 quam
623 4275 897 4347 Evangelii
938 4277 1278 4333 attestatione
1299 4276 1547 4344 convelli,
1576 4274 1823 4332 videlicet

236 4367 352 4436 quia
382 4367 487 4422 hoc
515 4367 633 4439 ipso
653 4383 876 4425 necesse
892 4379 1009 4425 erat
1033 4377 1200 4423 totum
1226 4367 1355 4425 illud
1381 4368 1623 4425 falsitatis
1648 4367 1820 4440 argui,

239 4458 375 4528 quod
405 4459 677 4516 hominem
718 4475 779 4517 se
815 4461 1059 4517 Chrisms
1093 4461 1328 4530 dixerat,
1358 4477 1517 4533 quem
1542 4462 1821 4518 veritatem

237 4549 466 4606 locutum
491 4552 950 4624 persequebantur
974 4552 1167 4622 Judaei,
1194 4554 1238 4609 si
1265 4562 1380 4611 erat
1408 4554 1475 4611 ab
1500 4570 1566 4611 eo
1590 4570 1716 4611 caro
1735 4569 1825 4611 so-

238 4643 282 4697 la
319 4655 592 4717 suscepta,
637 4661 759 4703 cum
809 4647 969 4703 homo
1002 4647 1102 4702 nisi
1148 4648 1324 4702 anima
1369 4648 1527 4704 simul
1553 4657 1607 4704 et
1626 4662 1822 4719 corpus

235 4751 347 4793 esse
375 4754 483 4794 non
527 4748 742 4809 posset;
771 4739 855 4796 vel
879 4739 1020 4811 quod
1067 4739 1122 4794 in
1153 4740 1442 4810 Evangelio
1477 4740 1704 4807 dixerat,
1753 4737 1823 4794 In

240 4837 480 4896 putatote
508 4830 667 4886 habeo
694 4848 879 4903 ponere
900 4832 1126 4885 animum
1162 4847 1347 4898 meam,
1392 4841 1442 4887 et
1485 4831 1541 4886 in
1580 4839 1823 4902 potestate

237 4920 385 4976 habeo
412 4922 597 4977 iterant
635 4938 833 4978 sumere
874 4940 985 4978 eam
1030 4923 1209 4995 (Joan.
1253 4939 1311 4988 x,
1357 4921 1470 4997 l8).
1514 4924 1643 4995 Quae
1677 4925 1821 4981 enim

234 5013 402 5068 anima
433 5022 743 5084 poneretur,
771 5015 815 5070 si
850 5024 1121 5086 assumpta
1147 5031 1253 5072 non
1294 5016 1511 5073 fuerat?
1535 5016 1671 5073 Cum
1693 5032 1822 5091 ergo

234 5108 551 5164 auctoritate
579 5107 763 5164 talium
793 5110 1221 5167 testimoniorum
1251 5119 1308 5167 ct
1334 5111 1626 5183 perspicua:
1652 5113 1821 5169 ratio-

236 5196 314 5253 nis
355 5213 580 5258 eversus
626 5200 843 5269 fuisset,
871 5201 1191 5274 excogitavit
1213 5201 1359 5259 aliud
1394 5203 1538 5260 unde
1574 5204 1689 5275 ejus
1712 5204 1823 5261 ha:-

235 5290 392 5358 resis,
425 5308 549 5365 qua:
588 5294 841 5364 perdurat
867 5294 1148 5362 hactenus,
1185 5306 1531 5365 nasceretur;
1571 5307 1627 5355 et
1666 5296 1818 5366 dixit,

237 5382 458 5438 animam
483 5384 701 5454 quidem
728 5385 1014 5442 humanam
1044 5386 1099 5443 in
1125 5386 1338 5444 Christo
1364 5386 1549 5456 fuisse,
1571 5388 1666 5445 sed
1692 5404 1842 5455 senx

240 5485 323 5527 sus
368 5474 420 5528 iu
448 5489 520 5531 eo
563 5477 809 5547 corporis
854 5493 963 5534 non
1002 5478 1203 5549 fuisse,
1240 5489 1401 5551 atque
1440 5480 1819 5552 impassibilem

240 5578 350 5619 eum
372 5566 733 5637 pronuntiavit
756 5569 777 5601 ⁸
803 5570 1065 5626 universis
1091 5571 1361 5628 exstitisse
1385 5573 1637 5643 peccatis.

300 5738 320 5817 ξ
350 5716 642 5817 addidimus,
666 5749 872 5817 certans,
899 5758 963 5817 ex
988 5747 1241 5817 veteribus
1262 5746 1416 5798 libris.

241 5800 333 5916 m2
351 5803 610 5920 ﬁnitima
628 5800 970 5870 pronuntiavit.
994 5810 1127 5875 Hinc,
1151 5822 1272 5873 esse,
1296 5810 1594 5863 removimus
1609 5816 1812 5864 auctori.

1572 371 1774 430 LIBER
1812 369 2153 440 QUARTUS.

3366 376 3501 434 I368

1990 489 2124 547 Aue.
2166 489 2376 546 Sancta:
2412 491 2684 547 memoria:
2711 491 2932 564 Cyprius
2967 493 3247 564 cpiscopus
3269 492 3502 564 Epipha-

1915 580 2032 635 nius
2051 580 2103 636 in
2128 581 2384 652 opusculo
2397 580 2540 653 quod
2559 580 2627 638 de
2642 582 2931 639 ha'rcsibus
2953 583 3135 652 edidit,
3154 581 3283 639 dixit
3305 582 3505 654 Apolli-

1916 675 2235 731 naristarum
2263 675 2521 746 quosdam
2553 676 2608 731 iu
2633 673 2855 732 Domino
2874 676 2999 732 Jesu
3019 675 3232 732 Christo
3258 673 3506 731 divinita-

1916 767 1954 823 ti
1978 782 2174 838 eorpus
2200 768 2651 825 consubstantiale
2671 769 2903 833 dixisse;
2931 769 3064 824 alios
3087 777 3260 826 autem
3283 782 3506 841 negasse

1915 858 2056 929 quod
2079 859 2310 915 animam
2354 860 2675 933 sumpserit;
2717 860 2853 916 alios
2892 869 3109 931 propter
3133 859 3276 932 quod
3304 859 3505 916 dictum

1916 958 2020 1019 est,
2048 949 2264 1008 Verbum
2283 968 2402 1009 caro
2427 953 2616 1023 factum
2637 962 2709 1008 est
2730 950 2911 1025 (Joan.
2943 968 2983 1019 I,
3008 950 3118 1026 ll),
3144 951 3496 1021 contendisse,

1917 1038 2022 1100 non
2048 1060 2169 1102 eum
2212 1061 2429 1103 carnem
2464 1046 2757 1117 sumpsisse
2797 1044 2864 1102 de
2901 1052 3081 1101 creata
3105 1058 3289 1111 carne,
3321 1041 3376 1099 id
3400 1052 3500 1109 est,

1921 1136 2135 1208 Mariae,
2174 1139 2271 1195 sed
2313 1138 2547 1196 Verbum
2593 1155 2813 1197 carnem
2869 1140 3100 1206 factum;
3143 1145 3328 1210 postea
3378 1151 3507 1192 vero

1920 1228 2105 1287 nescio
2148 1229 2276 1302 quid
2304 1232 2598 1303 cogitantes
2643 1231 2846 1287 dixisse
2885 1229 3028 1302 quod
3063 1244 3171 1286 non
3217 1226 3510 1299 sumpserit

1919 1329 2175 1377 mentem.
2220 1320 2375 1390 Quod
2411 1337 2541 1394 ergo
2574 1322 2808 1379 afiirmas
2846 1321 3251 1393 Apollinrtristas
3285 1334 3503 1376 asseve-

1920 1427 2071 1468 rasse
2096 1412 2149 1467 in
2178 1411 2398 1470 Christo
2420 1427 2611 1471 sensus
2638 1414 2881 1485 corporis
2903 1429 3009 1471 non
3033 1412 3197 1470 fuisse
3213 1414 3255 1482 ¹,
3281 1427 3511 1482 eumque

1922 1503 2043 1559 illos
2073 1506 2447 1574 pronuntiasse
2465 1505 2877 1578 impassibilem;
2907 1521 3009 1563 nec
3027 1508 3235 1577 uspiam
3257 1504 3376 1577 legi,
3403 1504 3512 1561 nisi

1922 1595 1975 1649 in
2003 1595 2106 1651 hoc
2131 1594 2271 1650 libro
2299 1604 2414 1665 tuo,
2447 1612 2547 1654 nec
2570 1597 2856 1669 aliquando
2881 1599 2949 1653 alt
2968 1598 3149 1669 aliquo
3175 1596 3374 1654 audivi.
3402 1596 3510 1653 Sed

1919 1688 2172 1759 quoniam
2199 1688 2361 1745 video
2401 1699 2453 1745 te
2487 1704 2736 1761 quaerere
2775 1690 2863 1746 ubi
2895 1690 3169 1762 expaodas
3202 1691 3505 1762 vaniloquia

1923 1789 2034 1849 tua,
2055 1791 2114 1837 ut
2137 1796 2261 1837 cum
2286 1781 2360 1837 sis
2379 1782 2658 1845 verbosus.
2688 1783 2925 1841 videaris
2944 1800 3068 1840 esse
3096 1786 3369 1855 copiosus,
3399 1784 3508 1840 cito

1922 1872 2254 1944 respondeo:
2277 1873 2530 1945 Quisquis
2551 1874 2722 1931 credit
2742 1876 2826 1932 vel
2848 1875 2936 1930 illa
2961 1891 3079 1947 qua:
3108 1875 3512 1947 Apollinaristas

1922 1962 2104 2020 dicere
2129 1979 2289 2035 supra
2318 1967 2757 2037 commemoravi,
2798 1966 2884 2024 vel
2927 1983 3036 2024 non
3081 1967 3332 2025 habuisse
3352 1967 3512 2025 ειπε-

1922 2062 2061 2111 stum
2095 2056 2342 2127 corporis
2365 2071 2575 2127 sensus,
2596 2068 2755 2129 atque
2776 2059 3159 2131 impassibilem
3181 2058 3365 2128 fuisse,
3385 2074 3515 2116 ana-

1926 2146 2105 2205 thema
2152 2149 2241 2204 sit.
2302 2149 2372 2207 Ut
2411 2165 2539 2207 vero
2586 2159 2642 2208 te
2680 2167 2893 2224 quoque
2944 2152 3119 2223 possis
3169 2166 3508 2224 agnoscere:

1923 2237 2174 2311 Quisquis
2198 2240 2365 2297 credit
2391 2257 2608 2299 carnem
2637 2243 2836 2300 Christi
2867 2253 3054 2300 contra
3083 2244 3330 2316 Spiritum
3370 2259 3508 2300 con-

1923 2334 2161 2403 cupisse,
2187 2332 2468 2389 anathema
2499 2336 2590 2390 sit.

1998 2424 2230 2481 XLVIII.
2270 2425 2392 2483 Jun.
2432 2426 2548 2483 Non
2576 2428 2666 2499 qui
2688 2428 2885 2485 virtute
2907 2428 3092 2499 judicii
3131 2427 3326 2485 delicta
3355 2428 3515 2486 vitas-

1924 2530 2038 2587 set;
2082 2518 2180 2576 sed
2208 2520 2298 2593 qui
2344 2520 2596 2576 felicitate
2635 2522 2812 2577 carnis
2850 2537 2882 2577 a
2925 2522 3124 2579 nostris
3149 2521 3399 2577 sensibus
3422 2534 3513 2577 se-

1924 2619 2228 2683 questratae,
2250 2613 2592 2683 cupiditatem
2620 2614 2867 2669 vitiorum
2887 2614 3085 2670 sentire
3105 2613 3449 2684 nequivisset.

1996 2706 2131 2763 Aue.
2170 2703 2286 2760 Non
2317 2705 2546 2762 dicimus
2565 2720 2686 2774 nos,
2714 2724 2735 2759 ε
2766 2704 3041 2763 Christum
3065 2704 3313 2761 felicitate
3338 2704 3516 2760 carnis

1924 2811 1956 2852 a
1986 2797 2184 2854 nostris
2211 2800 2458 2856 sensibus
2476 2808 2844 2871 sequestratae,
2886 2799 3231 2879 cupiditatem
3268 2799 3515 2856 vitiorum

1927 2889 2128 2947 sentire
2153 2904 2260 2947 non
2282 2891 2556 2962 potuisse:
2598 2910 2618 2947 ι
2652 2892 2747 2950 sed
2770 2891 3019 2961 dicimus,
3039 2908 3160 2950 eum
3184 2891 3517 2963 perfectione

1926 2982 2155 3051 virtutis,
2183 2992 2240 3041 et
2265 2999 2372 3040 non
2398 2999 2493 3056 per
2519 2985 2700 3043 carnis
2728 2985 3217 3057 concupiscentiam
3241 2994 3515 3057 procreata

1924 3087 2110 3141 carne,
2138 3073 2486 3146 cupiditatem
2518 3093 2624 3132 non
2667 3076 2918 3135 habuisse
2948 3078 3218 3134 vitiorum.
3249 3075 3404 3132 Aliud
3434 3084 3518 3133 est

1925 3165 2071 3222 enim
2099 3179 2205 3221 non
2223 3164 2475 3225 habuisse
2489 3167 2831 3240 cupiditatem
2854 3168 3048 3225 malam
3070 3184 3085 3238 ;
3114 3167 3254 3223 aliud
3273 3183 3380 3223 non
3396 3183 3516 3224 eam

1930 3259 2167 3329 potuisse
2206 3259 2409 3317 sentire
2441 3278 2457 3317 :
2488 3261 2745 3318 sensisset
2777 3262 2923 3318 enim
2961 3261 3006 3317 si
3052 3261 3360 3328 habuisset;
3408 3276 3514 3318 non

1927 3351 2072 3407 enim
2093 3366 2285 3408 sensus
2308 3352 2357 3408 ei
2388 3351 2559 3410 deluit
2592 3368 2699 3425 quo
2723 3369 2840 3410 cam
2872 3353 3121 3421 sentiret,
3148 3354 3516 3412 scd-voluntas

1925 3439 2094 3497 adfuit
2117 3457 2221 3512 qua
2251 3458 2355 3498 non
2383 3442 2626 3500 haberet.
2648 3442 2760 3501 Nec
2773 3445 2987 3502 mireris
3011 3444 3303 3515 Christum,
3325 3463 3516 3519 quam-

1925 3532 2006 3588 vis
2034 3532 2307 3592 hominem
2332 3551 2541 3605 vcrum,
2585 3546 2761 3594 tamen
2805 3554 2899 3610 per
2933 3540 3111 3595 omnia
3141 3539 3362 3610 bonum,
3411 3556 3513 3597 no-

1933 3621 2097 3681 luisse
2141 3623 2342 3683 babere
2382 3628 2727 3699 cupiditatem
2755 3630 2972 3686 malam.
3001 3630 3132 3687 Nam
3175 3614 3295 3704 quis
3321 3641 3517 3704 praeter

1927 3728 2023 3770 vos
2065 3716 2410 3786 cupiditatem
2454 3727 2613 3791 negat
2656 3736 2779 3778 esse
2826 3722 3039 3788 malam,
3089 3738 3192 3795 qua
3231 3722 3518 3795 capiuntur

1928 3803 2109 3860 mala?
2135 3806 2276 3877 quis,
2305 3808 2541 3880 inquam,
2574 3819 2768 3880 prmlcr
2807 3825 2902 3869 vos
2929 3812 3249 3883 persttadere
3274 3824 3503 3873 conatur

1927 3910 2032 3950 non
2079 3911 2200 3953 esse
2240 3899 2445 3966 vitium,
2483 3916 2639 3971 quam
2684 3902 3030 3974 cupiditatem
3069 3905 3357 3962 confitetur
3395 3921 3517 3962 esse

1926 3986 2206 4054 vitiorum;
2233 3998 2286 4045 et
2331 4006 2435 4046 non
2474 4007 2595 4048 esse
2638 3993 2860 4062 malum,
2906 3995 2992 4051 cui
3034 3996 3280 4053 suadenti
3306 3997 3353 4053 si
3381 4013 3517 4054 con-

1925 4078 2182 4135 sentiatur
2213 4082 2270 4138 fit
2297 4098 2435 4153 opus
2462 4084 2700 4142 malum?
2724 4086 2876 4144 lianc
2908 4088 3255 4159 cupiditatem
3273 4088 3518 4147 Christus

1925 4181 1977 4226 et
2006 4173 2210 4229 sentire
2240 4185 2439 4245 posset,
2470 4176 2516 4233 si
2559 4176 2815 4245 haberet;
2861 4191 2916 4237 et
2945 4180 3204 4248 habere‘,
3235 4183 3282 4240 si
3314 4183 3475 4240 vellet
3500 4203 3513 4238 :

1926 4264 2022 4320 sed
2046 4265 2188 4323 absit
2214 4276 2273 4324 ut
2318 4268 2497 4326 vellet.
2533 4268 2910 4330 Verumtamen
2936 4274 2983 4329 si
3018 4275 3237 4331 haberet
3258 4277 3520 4348 cupidita-

1927 4363 2035 4413 tem
2062 4359 2278 4427 malam,
2311 4368 2472 4433 atque
2497 4372 2556 4418 ut
2605 4372 2696 4419 tuo
2736 4366 2899 4421 verbo
2936 4374 3074 4432 utar,
3108 4384 3128 4419 ς
3174 4368 3517 4437 cupiditatem

1927 4449 2200 4519 vitiorum,
2237 4468 2259 4505 ι
2289 4451 2358 4509 ab
2387 4451 2555 4524 ipsius
2579 4455 2850 4513 voluntate
2875 4456 2927 4512 in
2954 4457 3044 4513 illo
3073 4473 3193 4515 esse
3219 4458 3512 4528 erupisset;

1923 4540 2049 4611 quia
2072 4556 2179 4598 non
2206 4557 2328 4599 cum
2346 4543 2435 4599 illa
2464 4553 2548 4601 est
2574 4555 2751 4614 natus,
2783 4557 2840 4603 ut
2866 4563 2982 4603 nos.
3017 4550 3092 4604 Ac
3123 4564 3217 4620 per
3234 4549 3354 4617 hoc,
3376 4550 3517 4607 illius

1927 4632 2095 4688 virtus
2123 4631 2238 4688 haec
2280 4641 2418 4702 erat,
2449 4649 2567 4691 eam
2598 4651 2703 4691 non
2739 4636 2977 4695 habere:
3009 4648 3189 4694 nostra
3219 4640 3388 4697 virtus
3410 4649 3514 4704 est,

1925 4724 1973 4779 ei
1996 4739 2100 4779 non
2129 4727 2471 4795 consentire;
2496 4737 2552 4784 ct
2576 4729 2629 4785 in
2651 4729 2754 4785 hoc
2779 4730 2923 4786 illum
2942 4732 3157 4800 imitari,
3187 4736 3518 4806 utqucmad~

1927 4814 2144 4869 modum
2175 4815 2291 4888 ipse
2319 4829 2598 4888 peccatum
2627 4836 2732 4878 non
2756 4821 2903 4893 fecit,
2931 4838 3051 4881 eant
3094 4842 3204 4882 non
3247 4827 3513 4894 habendo,

1926 4903 1998 4960 ita
2029 4921 2129 4964 nec
2159 4921 2259 4963 nos
2283 4906 2562 4980 faciamus,
2595 4927 2699 4969 non
2727 4913 2777 4985 ei
2803 4917 3224 4984 consentiendo;
3257 4926 3518 4990 ctquem-

1925 4996 2210 5054 admodum
2232 4999 2347 5069 ipse
2367 5016 2484 5058 eam
2507 5004 2671 5060 voluit
2695 5013 2750 5062 et
2775 5008 2942 5078 potuit
2971 5024 3076 5066 non
3106 5009 3326 5079 habere,
3356 5012 3435 5069 sic
3453 5029 3516 5068 ea

1931 5107 2031 5148 nos
2076 5093 2325 5162 velimus,
2365 5097 2489 5168 quia
2534 5101 2844 5170 poterimus,
2889 5117 3097 5161 carere.
3144 5104 3274 5176 Ejus
3320 5106 3519 5178 quippe

1923 5184 2094 5255 gratia
2122 5200 2221 5242 nos
2242 5184 2485 5245 liberabit
2512 5189 2579 5245 de
2605 5205 2833 5262 corpore
2865 5196 3057 5253 mortis
3075 5193 3256 5267 hujus,
3285 5194 3387 5253 hoc
3412 5208 3512 5261 cst,

1926 5275 1993 5331 de
2028 5291 2195 5334 carne
2225 5283 2446 5350 peccati,
2490 5283 2578 5354 qui
2611 5285 2759 5342 venit
2797 5284 2864 5342 ad
2896 5302 2997 5344 nos
3033 5287 3084 5342 in
3111 5287 3518 5345 similitudinem

1924 5369 2100 5425 carnis
2120 5372 2345 5442 peccati,
2374 5388 2479 5429 non
2510 5375 2561 5431 in
2589 5390 2752 5435 carne
2780 5380 3006 5450 peccati.

1998 5462 2187 5518 XLIX.
2228 5464 2347 5521 Jun.
2381 5466 2513 5523 Tam
2552 5470 2723 5540 gravi,
2776 5481 2835 5527 ut
2886 5488 2973 5531 res
3016 5472 3234 5541 indicat,
3267 5472 3321 5531 in
3352 5475 3513 5534 fidem

1924 5558 2641 5621 Catholicoruntadulatione
2656 5565 2697 5632 ³,
2734 5583 2839 5621 non
2870 5566 3046 5622 solum
3089 5568 3220 5625 nihil
3261 5585 3515 5627 necessa-

1988 5695 2002 5763 ξ
2040 5694 2187 5765 Hicin
2212 5695 2356 5765 editis
2393 5697 2642 5757 omissum,
2668 5696 2926 5765 ingrltrt'sto
2969 5712 3134 5750 sensus
3168 5713 3388 5765 corpora
3422 5715 3518 5756 non

1923 5755 2087 5824 fuisse.
2113 5759 2478 5824 Restituiturex
2497 5762 2851 5824 niauusa-iptis.

1988 5820 2007 5849 ²
2030 5820 2101 5867 sic
2124 5828 2228 5868 mss.
2258 5827 2310 5869 AI.
2334 5821 2468 5879 editi,
2487 5820 2696 5871 haberet.

1990 5882 2009 5912 ³
2040 5880 2189 5930 Edit't:
2218 5890 2324 5931 ram
2349 5883 2583 5940 graviter,
2601 5888 2651 5934 ut
2675 5894 2753 5935 res
2782 5881 2983 5944 iudicat.
3006 5887 3055 5939 in
3077 5884 3229 5941 finem
3264 5892 3515 5944 cautolt'ro-
