3962 6478
494 335 627 391 I367

498 457 593 522 ria,
627 467 809 510 verum
847 452 1006 507 etiam
1034 451 1275 523 profana.
1307 451 1440 509 Cum
1482 454 1622 509 enim
1653 452 1767 509 vult
1793 449 2077 507 ostendere

492 546 609 617 plus
628 544 828 616 aliquid
850 544 1012 600 fuisse
1036 544 1090 600 in
1105 544 1302 601 Christi
1329 559 1576 616 corpore,
1600 560 1669 601 ne
1682 544 1860 600 carnis
1879 551 2077 599 nostrae

487 636 863 693 communione
891 635 1190 701 vilesceret,
1223 637 1542 692 naturalium
1562 651 1686 693 eum
1715 649 1967 691 sensuum
1990 634 2077 693 iu-

491 732 738 800 trgritate
798 728 1095 796 fraudavit;
1151 744 1260 786 non
1321 730 1506 786 videns
1546 730 1600 785 in
1660 737 1915 799 quantum
1974 729 2077 784 iret

492 822 731 877 exitium
755 821 1009 878 damnum
1058 814 1296 878 veritatis
1327 822 1409 878 vel
1433 821 1743 878 adulatione
1783 829 2071 891 corruptae.

486 911 769 969 infremuit
795 914 991 985 quippe
1029 930 1062 970 a
1105 913 1394 972 Catholicis
1434 915 1666 971 excitata
1712 913 2070 984 praescriptio;

487 1005 615 1075 quia
672 1005 812 1076 apud
868 1007 1029 1062 talem
1082 1006 1241 1063 fidem
1289 1007 1462 1079 majus
1513 1006 1766 1062 damnum
1819 1005 2073 1078 mysteria

485 1094 710 1161 Christi,
750 1112 910 1167 quam
932 1096 1175 1154 membra
1218 1097 1538 1169 perferrent.
1566 1099 1641 1156 Si-
1668 1098 1811 1153 enim
1859 1106 2076 1168 propter

482 1186 609 1255 hoc,
655 1187 919 1259 inquiunt,
973 1190 1141 1247 ﬂictus
1180 1201 1264 1248 est
1300 1190 1544 1249 Christus
1581 1208 1648 1249 ex
1671 1192 1878 1249 semine
1909 1190 2071 1247 David

483 1278 656 1352 (Rom.
690 1296 729 1346 t,
769 1278 848 1352 5),
895 1282 1066 1340 factus
1107 1301 1174 1340 ex
1217 1284 1460 1352 muliere,
1510 1285 1783 1357 factusque
1828 1284 1928 1342 sub
1954 1286 2071 1356 lege

482 1370 681 1443 (Colat.
710 1387 786 1441 tv,
813 1374 896 1444 4),
926 1386 984 1429 ut
1008 1376 1163 1432 nobis
1182 1377 1336 1434 daret
1364 1380 1690 1449 exemplum,
1722 1389 1778 1434 et
1806 1394 2066 1449 sequere-

482 1478 605 1519 mur
630 1466 848 1537 vestigia
874 1466 1007 1538 ejus,
1037 1469 1125 1538 qui
1155 1481 1428 1539 peccatum
1454 1488 1562 1527 non
1588 1471 1735 1540 fecit,
1763 1487 1861 1527 nec
1881 1473 2071 1528 inven-

485 1570 571 1612 tus
597 1569 681 1613 est
706 1558 858 1615 dolus
899 1561 953 1616 in
978 1577 1072 1618 ore
1098 1562 1216 1634 ejus
1243 1564 1297 1636 (ι
1315 1564 1461 1621 Patr.
1505 1582 1561 1631 tt,
1588 1567 1675 1635 l2,
1703 1567 1834 1638 2‘2);
1864 1582 1967 1623 nec
1994 1577 2072 1622 ta-

486 1665 612 1706 men
652 1667 747 1722 per
778 1654 957 1710 omnia
995 1656 1307 1714 substantia:
1344 1669 1544 1716 nostrae
1572 1661 1743 1717 induit
1772 1662 2070 1732 proprieta-

483 1750 614 1808 tem,
641 1743 686 1798 si
735 1746 825 1800 vel
865 1759 1082 1803 carnem
1125 1749 1244 1806 sine
1270 1752 1467 1819 anima,
1517 1752 1602 1808 vel
1643 1752 1915 1810 hominem
1953 1756 2070 1809 sine

483 1835 752 1902 sensibus,
783 1837 985 1907 quibus
1002 1855 1102 1896 nos
1122 1842 1312 1897 imbuit
1338 1854 1545 1910 natura,
1568 1846 1815 1916 gestavit,
1838 1848 2069 1916 exempli

481 1924 707 1982 formam
731 1938 788 1983 et
810 1929 941 2001 legis
968 1947 1078 1987 non
1105 1933 1327 1990 docetur
1350 1935 1622 2006 implesse.
1644 1937 1782 2005 Quid
1804 1940 1945 1995 enim
1972 1939 2069 1995 fuit

478 2016 638 2076 laude
660 2019 904 2092 dignum,
929 2033 1275 2082 contemnere
1297 2026 1579 2085 illecebras
1616 2044 1890 2099 sensuum,
1930 2046 2067 2103 qua-

477 2124 598 2166 rum
648 2111 873 2184 ineapax
913 2126 1031 2172 erat
1070 2114 1332 2176 beneficio
1376 2122 1619 2177 naturae?
1659 2122 1796 2191 Quid
1850 2123 2065 2192 mirum,

477 2203 735 2262 cohibere
780 2208 968 2274 oculos
1005 2209 1183 2266 carnis
1226 2227 1338 2267 suae
1366 2214 1569 2269 auxilio
1621 2229 1727 2268 non
1772 2216 2066 2286 vagantes?

476 2296 619 2363 Quid
642 2313 917 2371 magnum,
941 2301 1212 2360 abducere
1238 2304 1307 2360 ab
1332 2305 1663 2362 illecebrosis
1689 2306 1946 2364 odoribus
1971 2326 2068 2365 na-

475 2404 588 2456 res,
619 2393 812 2463 quibus
840 2396 1110 2452 nescirent
1136 2398 1356 2467 patere?
1376 2398 1513 2467 Quid
1542 2401 1882 2471 stupendum,
1920 2411 2068 2460 tene-

475 2498 537 2538 re
556 2485 777 2541 arduam
805 2488 1043 2558 quotidie
1070 2489 1123 2545 in
1146 2491 1315 2561 epulis
1347 2492 1684 2564 parcitatem,
1713 2510 1937 2566 quarum
1966 2513 2064 2552 ne-

476 2576 662 2646 quibat
690 2578 1028 2637 irritamenta
1055 2584 1302 2640 sentire?
1330 2585 1467 2654 Quid
1489 2598 1760 2657 postremo
1784 2588 1938 2644 ardui
1970 2591 2065 2645 ha-

471 2669 666 2727 berent
710 2672 763 2728 in
815 2675 1278 2747 quadragesimum
1325 2678 1469 2735 diem
1510 2680 1974 2753 prolata’jejunia,
2017 2684 2063 2739 si

473 2763 681 2820 esuries
707 2766 932 2823 molesta
955 2783 1076 2825 esse
1104 2785 1210 2825 non
1251 2772 1498 2842 poterat?
1522 2772 1661 2840 Quid
1702 2775 2062 2831 venerationis

470 2854 759 2927 disciplina
788 2861 995 2916 aurium
1021 2873 1340 2932 mereretur,
1381 2880 1649 2937 nunquam
1676 2866 1780 2922 nisi
1811 2866 2061 2925 honesta-

477 2962 598 3004 rum
624 2965 815 3007 vocum
850 2955 1135 3024 receptrix,
1164 2955 1207 3010 si
1245 2956 1476 3013 nativam
1499 2958 1799 3027 patiebatur
1827 2960 1879 3014 in
1910 2959 2060 3016 inde-

473 3038 611 3095 bitas
652 3041 1009 3099 surditatem?
1050 3044 1181 3114 Qua:
1219 3055 1397 3102 autent
1446 3047 1615 3118 gloria
1654 3050 1947 3116 castitatis,
2011 3051 2058 3107 si

469 3129 695 3187 virilitas
720 3134 889 3206 magis
918 3135 1104 3192 aberat
1132 3152 1290 3207 quam
1334 3138 1598 3205 voluntas,
1629 3148 1684 3195 et
1712 3141 1857 3212 quod
1903 3152 2056 3212 puta-

469 3220 631 3278 batur
672 3221 786 3279 fieri
834 3226 903 3281 de
949 3227 1132 3298 vigore
1183 3228 1370 3295 animi,
1411 3230 1662 3287 veniebat
1685 3230 1755 3287 de
1781 3230 2055 3289 debilitate

464 3313 828 3371 membrorum
846 3316 870 3370 ?

544 3412 680 3467 Avo.
720 3410 908 3465 Merito
952 3411 1202 3468 dicuntur
1250 3414 1386 3481 haec,
1415 3430 1522 3470 non
1566 3426 1753 3471 contra
1779 3417 2053 3488 Apollina-

468 3521 586 3562 rem
615 3504 700 3562 vel
735 3504 1238 3576 Apollinei-istarum
1270 3508 1523 3578 aliquem,
1561 3524 1698 3580 quos
1720 3510 1919 3566 dixisse
1947 3526 2054 3566 non

464 3598 697 3653 arbitror
722 3595 921 3653 Christi
945 3612 1160 3652 carnem
1196 3613 1302 3654 non
1334 3599 1585 3657 habuisse
1606 3602 1820 3658 humani
1854 3619 2050 3674 corpo-

463 3690 540 3745 ris
568 3704 778 3756 sensus,
803 3690 899 3746 sed
929 3699 1113 3745 contra
1155 3691 1447 3762 quemlibet
1493 3693 1733 3765 quisquis
1764 3695 1865 3750 hoc
1898 3696 2047 3753 dicit.

461 3784 573 3840 Nos
599 3794 776 3840 autem
808 3783 955 3838 illum
994 3791 1049 3838 et
1090 3783 1308 3853 pulchra
1354 3799 1419 3841 ac
1445 3785 1705 3841 deformia
1733 3803 1829 3858 per
1865 3791 2049 3846 oculos

461 3876 706 3933 sensisse
729 3875 977 3943 dicimus,
1006 3884 1061 3931 et
1081 3878 1440 3933 suaveolentia
1460 3888 1517 3935 et
1540 3881 1900 3950 graveolentia
1926 3897 2049 3937 sen-

459 3968 596 4025 sisse
625 3983 721 4039 per
748 3982 926 4036 nares,
953 3976 1008 4023 et
1031 3982 1192 4025 sensu
1217 3970 1424 4026 aurium
1452 3972 1755 4043 percepisse
1775 3989 1968 4030 canora
1996 3984 2052 4032 et

459 4058 714 4126 absurda,
736 4068 791 4115 et
813 4075 843 4114 a
873 4059 1118 4116 dulcibus
1140 4075 1322 4117 amara
1343 4062 1662 4121 discrevisse
1682 4067 1966 4136 gustando,
1995 4078 2050 4123 et

459 4166 649 4223 aspera
673 4167 737 4208 ac
758 4153 920 4221 lenia,
945 4152 1079 4210 dura
1106 4168 1169 4209 ac
1197 4153 1397 4222 mollia,
1428 4154 1615 4227 frigida
1645 4168 1695 4212 et
1719 4159 1888 4213 calida
1909 4159 2050 4230 diju-

460 4244 670 4303 dieasse
710 4245 1011 4318 tangendo;
1050 4256 1105 4303 et
1145 4247 1403 4319 quidquid
1445 4250 1585 4305 aliud
1616 4253 1859 4322 corporis
1884 4268 2043 4310 sensu

458 4332 646 4388 sentiri
708 4340 764 4388 et
818 4333 1018 4404 percipi
1093 4343 1304 4404 potest,
1365 4336 1565 4391 sentire
1630 4352 1693 4392 ac
1767 4339 2043 4408 percipere

458 4424 732 4495 potuisse;
766 4426 937 4482 nee-ci
970 4427 1401 4497 possibilitatem,
1427 4428 1472 4484 si
1500 4430 1777 4498 voluisset,
1807 4431 2045 4489 defuisse

455 4519 867 4589 generandi-:ct
916 4529 1089 4575 tamen
1131 4520 1248 4591 ejus
1295 4535 1511 4579 carnem
1545 4540 1812 4595 nunquam
1858 4536 2044 4583 centra

454 4613 707 4683 spiritum
730 4614 1064 4685 concupisse.
1098 4614 1248 4682 Quod
1275 4616 1320 4670 si
1363 4626 1643 4688 propterea
1674 4634 1921 4691 magnum
1949 4622 2043 4677 bo-

452 4719 582 4759 num
606 4692 714 4771 est,
738 4714 795 4760 ut
824 4716 997 4775 putas,
1026 4706 1297 4764 abstinere
1323 4723 1354 4763 a
1382 4708 1613 4776 delictis,
1645 4712 1767 4782 quia
1800 4728 1903 4767 non
1942 4714 2041 4770 de-

455 4810 577 4855 sunt
613 4801 860 4858 libidines
896 4818 1016 4874 qum
1054 4805 1351 4873 vincantur,
1400 4820 1506 4862 non
1552 4817 1733 4864 autem
1791 4825 2038 4881 magnum

455 4901 631 4957 esset,
666 4892 711 4946 si
758 4892 1049 4950 defuissent
1089 4914 1103 4950 :
1149 4904 1296 4951 tanto
1324 4897 1551 4968 quisque
1598 4902 1702 4955 erit
1746 4902 1797 4955 in
1848 4902 2040 4959 virtute

452 4983 787 5051 laudabilior,
808 4994 1008 5056 quanto
1023 4985 1184 5042 fuerit
1204 4988 1257 5043 in
1290 5003 1454 5044 carne
1469 4989 1822 5046 libidinosior.
1844 4993 1920 5048 Ac
1947 5009 2042 5064 per

448 5076 554 5132 hoc
596 5075 861 5144 Christus,
913 5079 1208 5135 secundum
1244 5080 1400 5135 istam
1448 5089 1676 5138 vestram
1732 5083 2037 5142 horribilem

450 5178 506 5225 et
534 5168 907 5225 detestabilem
941 5170 1276 5240 pravitatem,
1317 5172 1457 5229 sicut
1486 5173 1539 5229 in
1569 5175 1762 5231 virtute
1798 5178 2036 5235 omnium

449 5259 765 5316 hominum‘
806 5265 1093 5327 maximus,
1131 5262 1201 5316 ita
1231 5264 1432 5319 esscin
1461 5276 1623 5321 carne
1661 5265 2037 5326 libidinosissi-

448 5370 569 5413 mus
594 5355 802 5412 debuit.
831 5356 983 5425 Quod
1003 5364 1198 5428 quanta
1227 5357 1488 5415 sentiatur
1515 5360 1805 5431 impietate,
1836 5364 1879 5419 si
1910 5379 2034 5420 scn-

448 5448 538 5516 tis,
561 5448 879 5504 sententiam
903 5457 1110 5505 mutare
1131 5464 1198 5505 ne
1223 5448 1437 5506 dideras
1458 5469 1472 5518 ;
1490 5460 1544 5507 et
1562 5452 1812 5511 libidines
1832 5455 2034 5513 discer-

445 5637 558 5736 ἷῶιη
579 5622 868 5680 adulatione.
897 5631 951 5676 At
973 5639 1146 5678 omnes
1167 5634 1292 5689 Mss,
1309 5627 1460 5692 gravi.
1484 5633 1537 5679 Et
1555 5642 1616 5678 ex
1638 5629 1714 5680 his
1734 5632 1890 5683 codex
1904 5640 2031 5697 ttae,

516 5696 607 5735 em.

443 5682 851 5859 ﬁdﬂignit‘z?us,
878 5748 1089 5801 omnium
1106 5750 1382 5814 maximus;
1407 5755 1599 5817 omisso,
1621 5754 1878 5819 hominum,
1905 5760 2031 5820 quod

443 5826 508 5859 ex
538 5818 637 5859 Stas.
669 5825 897 5859 ultimus.

442 5826 508 5862 ex
538 5818 637 5861 Stas.
669 5818 897 5860 atlthtnus.

1160 334 1404 393 OPElllS
1444 333 1853 393 IMPERFECTI
1889 330 2157 390 CONTRA
2198 333 2555 408 JULIANUM,
2596 339 2653 397 S.
2694 340 3061 402 AUGUSTINI

3636 358 3775 421 ιδω

2189 466 2319 509 nere
2345 470 2376 509 a
2427 457 2695 528 sensibus,
2735 475 2858 532 qua:
2899 464 3203 523 sentiuntur
3238 470 3418 539 potius
3468 473 3524 530 in
3552 475 3774 546 quibus-

2184 561 2318 617 que,
2370 566 2530 621 quam
2587 555 2875 611 sentiunt:
2925 573 2995 615 ne
3045 568 3195 617 tanto
3250 565 3474 637 quisque
3529 569 3776 628 videatur

2183 654 2342 696 sensu
2358 642 2373 673 ¹
2391 657 2512 699 esse
2538 646 2792 715 vivacior,
2822 660 3021 720 quanto
3037 652 3199 710 fuerit
3217 656 3437 715 libidine
3455 661 3774 731 ardentior;

2183 740 2238 787 et
2262 741 2407 789 tanto
2434 736 2680 793 Christus
2706 742 2907 798 arsisse
2945 745 3195 802 credatur
3219 748 3528 810 libidinibus
3550 756 3775 812 acriori-

2181 820 2301 887 bus,
2328 836 2528 894 quanto
2555 828 2723 900 viguit
2740 833 3047 903 purioribus
3075 839 3343 897 sensibus.

2253 914 2318 973 L.
2345 916 2462 973 Jun.
2492 919 2623 989 Quae
2669 932 2942 993 postremo
2982 930 3158 998 palma
3179 933 3500 1005 tolerantiae,
3528 938 3576 994 si
3622 939 3777 997 dolor

2182 1006 2459 1064 vulnerum
2500 1023 2556 1067 et
2584 1014 2864 1073 verberum
2882 1059 2900 1085 ,
2941 1019 3237 1095 intercepto
3260 1025 3451 1084 itinere
3473 1043 3734 1087 sensuum
3757 1077 3772 1100 ,

2181 1102 2485 1194 pertingere
2509 1105 2578 1162 ad
2605 1108 2843 1166 animum
2883 1127 2989 1169 non
3013 1115 3263 1174 valebat?
3287 1120 3404 1187 Quo
3427 1137 3561 1194 ergo
3588 1125 3772 1194 profe-

2179 1192 2252 1247 cit
2273 1194 2596 1264 Apollinaris
2622 1199 2901 1260 adulatio?
2932 1204 3189 1266 Videlicet
3215 1218 3273 1266 ut
3308 1213 3483 1269 omnis
3494 1192 3773 1273 uirtutum

2181 1283 2518 1351 pulchritudo
2536 1331 2554 1355 ,
2583 1305 2738 1361 quam
2780 1294 2835 1349 in
2859 1309 2920 1352 se
2943 1294 3186 1356 Christus
3210 1313 3553 1372 expresserat
3569 1349 3587 1374 ,
3618 1307 3772 1365 inde-

2181 1375 2303 1432 hitis
2327 1388 2530 1438 natum
2569 1384 2686 1454 ejus
2714 1386 2961 1446 laudibus
2988 1403 3210 1450 vacuata
3233 1395 3578 1457 ﬂaccesceret
3598 1441 3616 1468 ,
3644 1417 3776 1458 eun-

2178 1476 2371 1540 ctoque
2389 1473 2632 1531 veritatis.
2647 1490 2760 1534 sua:
2782 1481 3068 1551 splendore
3086 1485 3280 1543 nudata
3297 1503 3506 1547 sacrum
3524 1478 3775 1565 magistr:-

2178 1561 2314 1659 rium
2342 1562 2649 1624 Mediatoris
2684 1570 3128 1634 oﬂ'erretirrisui.
3161 1579 3277 1637 Huc
3313 1561 3773 1659 accedebatqu-

2175 1652 2319 1709 niam
2354 1671 2464 1713 non
2511 1659 2683 1716 solum
2708 1678 2930 1735 operum
2975 1682 3196 1728 suorum
3223 1674 3479 1744 perdebat
3497 1652 3733 1750 insignia
3754 1725 3770 1749 ,

2177 1746 2503 1817 nativitate,
2533 1767 2641 1808 non
2701 1756 2896 1814 virtute
2936 1758 3179 1828 felicior;
3216 1764 3314 1821 sed
3351 1768 3514 1825 etiam

2176 1836 2492 1929 criminibus
2520 1845 2824 1916 urgebatur,
2846 1850 2893 1904 si
2919 1851 3178 1910 indiceret
3200 1858 3535 1929 mortalibus,
3565 1863 3772 1920 Exten-

2175 1926 2364 1985 dimini
2389 1931 2458 1988 ad
2488 1935 2801 2010 patientiam
2830 1940 3061 1999 hominis
3086 1944 3218 2001 nihil
3256 1926 3570 2019 sentientis,
3594 1962 3655 2009 et
3678 1969 3772 2011 ve-

2174 2024 2287 2079 nite
2324 2039 2422 2094 per
2446 2042 2600 2084 veras
2627 2046 2818 2089 cruces
2847 2034 2914 2090 ad
2943 2036 3165 2095 virtutes
3201 2042 3444 2112 corporis
3483 2044 3605 2102 falsi
3636 2047 3773 2104 nihil

2173 2115 2440 2187 dolentis;
2485 2122 2600 2191 vel,
2652 2124 2938 2184 lmitamini
2985 2131 3316 2202 castitatem,
3362 2146 3510 2194 certa
3563 2150 3773 2198 natura:

2174 2219 2364 2267 vestrae
2413 2212 2745 2273 irritamenta
2795 2220 3105 2293 vincentes,
3154 2225 3298 2283 illius
3323 2244 3480 2299 quem
3521 2231 3772 2289 debilitas

2172 2299 2297 2358 fecit
2340 2305 2589 2374 pudicum
2638 2310 2828 2368 videri.
2885 2315 3045 2373 certe
3092 2319 3225 2374 nihil
3274 2321 3547 2392 profanius
3569 2368 3583 2392 ,
3633 2327 3770 2384 nihil

2171 2394 2452 2453 scelestius
2494 2399 2686 2459 talibus
2733 2406 3021 2477 excogitari
3081 2414 3401 2469 commentis
3448 2425 3647 2485 potest.
3703 2419 3770 2474 Et

2170 2485 2494 2555 Apollinaris
2530 2492 2709 2548 omnia
2754 2494 2855 2550 ista
2885 2511 2991 2553 non
3016 2496 3265 2556 dixerat:
3295 2518 3389 2573 per
3427 2505 3557 2561 illud
3596 2523 3769 2564 unum

2169 2576 2314 2647 quod
2352 2583 2720 2649 pronuntiant
2741 2627 2758 2653 ,
2787 2584 2990 2644 homini
3014 2588 3234 2649 Christo
3257 2593 3493 2654 defuisse
3517 2613 3614 2656 eos
3641 2612 3770 2657 scn-

2166 2851 2474 2924 praejudicio
2490 2857 2758 2930 Opinionis
2777 2877 2889 2919 sua:
2904 2825 3082 2921 mutus
3102 2871 3331 2940 excepit.
3348 2870 3553 2929 ilontm

2163 2952 2491 3003 cunctorum’
2521 2949 2878 3011 affirmatione
2927 2960 3257 3017 construitur
3299 2963 3561 3021 catholica
3592 2967 3766 3034 fides,

2163 3055 2391 3111 quorum
2418 3045 2700 3115 negatione
2723 3048 2806 3105 vel
2830 3054 3210 3110 consecutione
3238 3056 3568 3127 Apollinaris
3592 3060 3766 3117 haere-

2162 3132 2239 3189 sis
2287 3145 2563 3206 compacta
2609 3148 2696 3195 est
2740 3149 2900 3213 atque
2941 3143 3212 3201 damnata.
3256 3147 3337 3204 Tn
3367 3150 3529 3221 igitur
3553 3152 3768 3223 conjice

2162 3223 2290 3293 quid
2315 3224 2382 3281 de
2409 3234 2459 3281 te
2484 3227 2675 3285 debeat
2688 3230 2937 3301 judicari,
2954 3235 3047 3305 qui
3065 3240 3501 3297 commixtionem
3532 3255 3765 3300 sexuum

2160 3313 2406 3385 damnas,
2428 3328 2484 3374 ut
2502 3319 2843 3389 Manicbmus;
2864 3337 3111 3382 naturam
3136 3332 3312 3387 carnis
3333 3329 3538 3388 Christi
3556 3349 3589 3387 a
3615 3350 3767 3390 com.

2160 3406 2414 3465 munione
2436 3409 2710 3468 hominum
2736 3426 3067 3487 sequestras,
3083 3420 3376 3477 secundum
3404 3422 3764 3490 Manichacus;

2160 3500 2647 3570 concupiscentiam
2671 3506 2849 3561 carnis
2868 3522 3110 3574 accusas,
3129 3510 3283 3581 juxta
3312 3516 3670 3586 praeceptoris
3691 3517 3765 3571 tui

2158 3589 2298 3646 dicta
2328 3591 2602 3650 Manichaai
2627 3612 2642 3661 ;
2671 3596 2806 3654 dicis
2836 3601 3321 3672 concupiscentiam
3372 3619 3639 3662 sensuum
3662 3610 3683 3640 ²
3710 3608 3765 3663 in

2157 3679 2355 3739 Christi
2373 3699 2603 3756 corpore
2617 3703 2722 3743 non
2747 3688 2912 3746 fuisse
2932 3731 2947 3757 ,
2979 3692 3062 3751 vel
3087 3695 3379 3751 secundum
3403 3697 3762 3766 Manichaeos,

2156 3774 2241 3829 vel
2286 3776 2578 3833 secundum
2615 3780 3066 3850 Apollinaristas:
3097 3794 3152 3840 et
3199 3794 3375 3843 tamen
3410 3790 3489 3844 vis
3527 3804 3561 3844 a
3604 3791 3766 3846 nobis

2157 3879 2256 3920 nec
2279 3865 2660 3936 Apollinarista
2682 3912 2698 3938 ,
2726 3887 2826 3929 nec
2849 3872 3169 3933 Manichmus
3197 3879 3395 3934 vocari.
3434 3878 3761 3952 Quanquam

2153 3952 2224 4010 do
2253 3971 2475 4026 manus,
2501 3970 2802 4033 prtestoque
2826 3963 3168 4034 beneficium;
3198 3982 3299 4024 nec
3328 3984 3426 4025 nos
3451 3970 3767 4028 liberaliter

2155 4045 2223 4102 tis
2252 4048 2473 4118 ptenitet
2494 4066 2510 4117 ;
2534 4067 2632 4121 per
2650 4067 2738 4110 me
2761 4063 2819 4109 ut
2836 4055 3165 4127 Apollinaris
3188 4068 3425 4118 sectator
3442 4078 3555 4119 non
3574 4064 3765 4121 videa-

2151 4140 2229 4196 ris
2248 4140 2460 4198 licebit:
2481 4144 2702 4202 minoris
2725 4148 2921 4219 quippe
2944 4159 3026 4207 est
3050 4150 3140 4208 ille
3161 4153 3444 4224 impietatis
3465 4157 3761 4215 inventor.

2153 4250 2249 4307 per
2286 4245 2340 4295 te
2375 4249 2555 4298 autem
2587 4258 2695 4300 non
2719 4243 2845 4303 licet
2886 4253 2946 4302 ut
2973 4249 3180 4306 voceris
3216 4250 3362 4307 aliud
3387 4267 3550 4323 quam
3584 4254 3765 4310 Mani-

2151 4329 2351 4387 chains.

2221 4422 2359 4479 A06.
2386 4423 2497 4481 Nec
2534 4426 2913 4497 Apollinarista
2936 4471 2951 4497 ,
2984 4447 3086 4489 nec
3122 4433 3445 4493 Manicharus
3476 4435 3590 4494 fuit
3613 4482 3633 4507 ,
3663 4442 3763 4496 sed

2150 4510 2527 4573 hmreticorum
2569 4530 2901 4590 expugnator
2943 4524 3297 4594 Ambrosius,
3327 4528 3417 4598 qui
3464 4544 3571 4599 per
3608 4540 3764 4586 tuam

2149 4615 2452 4677 susceptam
2481 4609 2734 4681 quidquid
2773 4613 3048 4670 hominum
3076 4627 3387 4675 nasceretur
3413 4618 3435 4651 ³
3456 4660 3473 4687 ,
3508 4621 3641 4677 sine
3666 4623 3766 4678 de-

2149 4697 2276 4753 licto
2303 4699 2440 4758 dixit
2461 4716 2581 4759 esse
2610 4719 2719 4760 non
2742 4719 2902 4775 posse
2925 4748 2941 4775 ,
2966 4710 3267 4778 apostolum
3312 4710 3542 4767 Paulum
3565 4754 3583 4779 ,
3617 4715 3769 4772 sicut

2148 4790 2413 4859 oportuit,
2440 4801 2494 4847 et
2522 4793 2821 4865 intelligens
2860 4805 2915 4852 et
2951 4812 3248 4869 exponens.
3271 4800 3349 4856 Tu
3379 4810 3567 4858 autem
3606 4815 3768 4861 tanto

2147 4882 2315 4953 magis
2338 4883 2560 4954 adjuvas
2598 4885 2949 4954 Manichacus,
2980 4888 3126 4959 quod
3162 4891 3461 4962 smpissime
3489 4897 3722 4952 ostendi
3748 4941 3762 4962 ,

2145 4983 2345 5045 quanto
2364 4976 2532 5048 magis
2554 4976 2622 5033 ab
2639 4978 2718 5035 eis
2740 4990 2795 5036 te
2810 4995 2930 5037 esse
2951 4981 3224 5039 arbitraris
3251 4983 3485 5041 alienum
3515 5004 3532 5041 :
3562 5003 3635 5044 es
3660 5005 3764 5044 au-

2148 5073 2255 5123 tem
2283 5084 2454 5126 novus
2492 5068 2780 5129 haereticus
2799 5073 3148 5146 Pelagianus,
3179 5078 3234 5132 in
3264 5077 3642 5148 disputatione
3676 5083 3767 5139 lo.

2144 5160 2536 5230 quacissimus,
2586 5161 2644 5218 in
2688 5165 3030 5223 contentione
3076 5167 3605 5227 calumniosissimus
3634 5214 3655 5239 ,
3708 5174 3767 5227 in

2144 5251 2475 5323 professione
2523 5252 2915 5317 fallacissirnus.
2960 5257 3100 5317 Nihil
3129 5261 3271 5317 enim
3316 5261 3459 5334 quod
3483 5263 3648 5321 dicas
3682 5265 3769 5322 iu-

2208 5488 2225 5522 ί
2258 5490 2358 5547 Hic,
2383 5502 2542 5550 sema,
2566 5491 2755 5543 additur
2778 5495 3062 5545 auctoritate
3084 5501 3193 5546 Mss.

2206 5553 2228 5583 ³
2261 5552 2417 5602 codex
2437 5560 2586 5612 Port.,
2607 5568 2843 5611 sexuum;

2206 5613 2229 5644 ³
2260 5615 2469 5695 verbum
2494 5652 2508 5674 ,
2536 5624 2830 5695 posceretur
2846 5655 2878 5695 ,_
2901 5618 3168 5695 addidimus
3218 5634 3279 5695 ex
3312 5620 3447 5695 Alide.
3480 5629 3567 5695 tus.
3623 5632 3761 5675 Part.

2142 5677 2665 5756 ﬁgspircit‘augustinus
2686 5679 2744 5756 ad
2766 5682 3013 5756 'Ambrosii
3034 5682 3190 5756 locum
3215 5685 3413 5755 citatum
3435 5685 3589 5756 infra2
3602 5699 3761 5756 capp.

2143 5703 2349 5752 Iit-ollius
2372 5703 2665 5738 augustum;
2686 5703 2744 5727 uu
2784 5703 3013 5754 Λιιιυιυὶιι
3034 5703 3190 5732 locum
3215 5703 3413 5755 υιιειψω
3435 5703 3588 5741 11111⁷3,
3602 5703 3756 5799 Capit.

2138 5738 2538 5852 ix),‘36,cilﬁtglog
2568 5754 2732 5852 auriga,
2748 5741 2811 5792 de
2836 5751 3018 5806 Nuptiis
3049 5752 3100 5796 et.
3121 5747 3541 5809 (buettptsccntia,
3574 5746 3674 5798 liii.
3740 5786 3756 5808 ,

2139 5812 2187 5847 n.
2214 5812 2291 5861 ου,
2319 5812 2370 5851 et
2389 5812 2470 5852 un.
2497 5812 2543 5862 ιι,
2568 5815 2613 5851 u.
2650 5812 2720 5853 ιδ.
