3962 6490
162 415 283 474 I369

160 533 382 593 veniens,
412 524 587 582 inania
617 522 775 577 multa
798 518 962 580 dicis,
999 514 1184 571 falsum
1213 511 1415 566 crimen
1442 504 1728 562 Catholicis

160 621 373 693 objiciis.
397 617 714 676 catholicum
749 622 798 666 le
829 624 947 666 esse
973 605 1234 662 mentiris.

222 689 298 770 I.I.
322 711 444 767 Jun.
471 706 691 765 Ostendi
715 702 926 775 quidem
952 701 1005 755 in
1036 697 1191 754 tertio
1221 692 1400 749 libello
1426 689 1581 761 primi
1599 702 1731 756 epe-

161 809 225 864 ris
250 803 354 859 mei
379 843 395 868 ,
424 796 820 856 irrefutabil‘ter
845 805 1067 849 necesse
1105 803 1225 844 esse
1251 784 1353 841 dici
1388 784 1547 838 etiam
1574 780 1731 835 Chri-

161 909 283 955 stum
314 902 521 949 reatum
562 890 630 946 de
653 888 831 943 Mariae
872 899 1033 942 carne
1061 880 1288 937 traxisse
1312 920 1326 943 ,
1353 877 1398 932 si
1425 872 1737 931 crederetur

162 986 387 1045 naturale
412 988 686 1055 peccatum
706 995 721 1045 ;
745 991 973 1046 eumque
993 990 1021 1028 a
1047 982 1099 1028 te
1121 970 1220 1027 sub
1248 974 1515 1040 potestate
1539 961 1735 1020 diaboli

163 1075 397 1133 collocari
423 1118 439 1140 ,
465 1073 553 1143 qui
577 1072 872 1128 aflirmares
897 1067 962 1123 ad
980 1066 1067 1137 jus
1091 1061 1287 1119 diaboli
1314 1059 1588 1115 hominum
1620 1056 1738 1109 uni-

163 1182 358 1223 versam
388 1165 658 1235 pertinere
687 1156 1059 1216 substantiam.

223 1261 354 1315 Aue.
385 1257 538 1327 Quod
568 1256 621 1310 in
653 1254 813 1310 tertio
838 1263 928 1307 tuo
944 1249 1082 1305 libro
1111 1256 1162 1303 te
1187 1244 1486 1301 ostendisse
1503 1253 1740 1298 comme-

165 1366 349 1419 moras,
379 1350 565 1421 quinto
595 1363 714 1402 meo
743 1356 792 1402 te
819 1360 927 1399 non
947 1341 1247 1398 ostendisse
1276 1336 1501 1393 convici.

222 1441 328 1496 LII.
359 1441 479 1497 Jun.
516 1440 583 1495 Et
609 1438 731 1494 ideo
772 1438 873 1491 hoc
916 1435 969 1490 in
997 1431 1400 1506 prresentiarum
1430 1426 1616 1483 relicto
1637 1468 1651 1492 ,
1679 1425 1742 1479 il-

165 1536 240 1592 lud
256 1534 493 1606 efflagito
511 1575 527 1601 ,
561 1533 646 1587 ubi
671 1540 726 1587 tu
748 1528 941 1602 legeris
961 1526 1229 1583 Christum
1258 1520 1558 1578 eunuchum
1580 1517 1743 1572 fuisse

165 1626 483 1684 naturaliter.

223 1719 358 1773 Aue.
384 1717 464 1771 Tu
488 1715 628 1772 enim
662 1715 746 1769 ubi
775 1728 861 1768 me
886 1712 990 1766 hoc
1016 1706 1214 1765 dixisse
1249 1704 1420 1776 legisti
1444 1746 1459 1771 ,
1494 1701 1591 1757 nisi
1620 1699 1743 1772 quia

165 1809 530 1873 calunmiaris,
567 1815 627 1861 ut
666 1806 849 1861 soles?
876 1803 1029 1859 Aliud
1080 1810 1163 1857 est
1215 1797 1536 1869 possibilitas
1574 1794 1744 1850 semi-

166 1901 452 1959 nandorum
484 1900 711 1955 filiorum
738 1941 753 1965 ,
776 1912 933 1967 quam
973 1892 1172 1950 Christi
1202 1891 1346 1947 carni
1377 1887 1609 1942 defuisse
1640 1900 1746 1940 non

166 1994 402 2060 dicimus,
433 1991 569 2047 sicut
593 1990 781 2046 deesse
806 1989 951 2043 carni
983 1985 1229 2041 novimus
1255 1981 1620 2036 cunuchorum
1653 1995 1666 2031 :
1694 1986 1749 2032 et

168 2085 290 2142 aliud
322 2093 407 2139 est
432 2083 693 2153 cupiditas
724 2080 993 2146 vitiorum,
1024 2090 1183 2148 quam
1224 2083 1278 2128 tu
1311 2071 1632 2142 persuadere
1652 2082 1747 2122 co-

169 2178 300 2233 naris
330 2176 584 2247 habuisse
613 2173 885 2229 Christum
910 2213 922 2234 ,
969 2178 1024 2225 et
1057 2168 1227 2239 jactas
1276 2174 1328 2220 te
1353 2176 1472 2219 esse
1496 2157 1748 2216 christia—

169 2284 322 2333 num;
354 2269 480 2338 quia
505 2266 777 2331 videlicet,
810 2264 950 2318 sicut
978 2261 1135 2332 paulo
1160 2265 1284 2312 ante
1309 2255 1508 2318 dixisti,
1543 2272 1562 2304 ί
1594 2251 1751 2307 Chri-

170 2369 272 2416 stus
323 2359 487 2414 etiam
534 2355 733 2412 fraudis
771 2352 1084 2410 criminibus
1128 2355 1433 2420 urgeretur,
1464 2345 1509 2400 si
1552 2343 1753 2398 diceret

171 2451 477 2507 mortalibus
494 2493 509 2517 ,
545 2446 904 2504 Extendimini
931 2445 998 2499 ad
1023 2442 1329 2514 patientiam
1355 2437 1591 2493 hominis
1619 2434 1753 2489 nihil

172 2543 484 2599 sentientis:
524 2561 542 2595 ι
572 2540 723 2612 quasi
753 2546 1008 2610 sequatur
1027 2577 1043 2603 ,
1074 2544 1131 2590 ut
1156 2548 1261 2588 non
1300 2530 1497 2588 sentiat
1525 2526 1755 2583 inﬂictos

172 2637 373 2691 dolores
393 2677 408 2702 ,
454 2633 544 2705 qui
568 2634 681 2689 vult
705 2638 758 2686 et
789 2637 964 2701 potest
990 2638 1097 2683 non
1132 2625 1329 2681 habere
1355 2623 1522 2677 malas
1554 2617 1755 2690 cupidi-

174 2740 296 2785 tates
327 2746 342 2783 :
383 2729 470 2783 vel
515 2726 560 2782 si
602 2726 837 2792 diceret,
871 2732 928 2779 ut
967 2733 1054 2778 tua
1084 2721 1241 2776 verba
1272 2719 1388 2789 ipse
1430 2713 1709 2787 componis
1737 2755 1753 2783 ,

179 2839 197 2873 ί
222 2819 506 2876 Imitamini
545 2819 884 2884 castitatem,
920 2823 1065 2872 certa
1094 2821 1299 2868 natura:
1342 2819 1532 2866 vestrae
1579 2808 1757 2863 irrita-

176 2924 341 2969 menta
359 2913 638 2968 vincentes
662 2951 678 2977 ,
708 2910 850 2965 illius
888 2922 1048 2979 quem
1077 2904 1324 2961 debilitas
1360 2901 1483 2958 fecit
1506 2897 1757 2973 pudicum

174 3008 351 3064 videri.
389 3026 412 3060 ι
441 3007 531 3062 Sic
574 3005 715 3061 enim
754 3018 814 3060 es
859 3010 1066 3057 amator
1113 2998 1352 3070 egregius
1381 2998 1670 3059 castitatis,
1703 3000 1761 3048 ut

179 3100 260 3155 tibi
282 3099 487 3154 castior
502 3096 763 3164 videatur,
784 3095 876 3167 qui
896 3093 1210 3149 concubitus
1237 3090 1453 3146 illicitos
1477 3088 1644 3159 cupit,
1665 3085 1760 3141 sed

178 3200 227 3245 ut
268 3207 373 3246 non
420 3197 688 3262 perpetret
713 3231 729 3257 ,
759 3203 872 3242 sua:
916 3184 1193 3257 cupiditati
1233 3183 1458 3249 resistit;
1487 3194 1643 3251 quam
1671 3179 1760 3249 qui

179 3285 291 3339 talia
322 3283 461 3338 mala
488 3299 586 3338 nec
613 3282 800 3338 saltem
824 3280 988 3350 cupit,
1020 3292 1127 3332 non
1158 3292 1253 3347 per
1280 3272 1762 3346 impossibilitatem

179 3377 367 3443 carnis,
399 3375 492 3431 sed
517 3390 611 3447 per
629 3373 989 3430 summitatem
1015 3369 1503 3440 perfectionemque
1515 3364 1721 3421 virtutis
1746 3381 1760 3418 :

181 3469 280 3525 imo
328 3469 420 3524 ille
446 3471 517 3523 sit
542 3477 719 3523 castus
741 3508 756 3534 ,
787 3466 889 3521 iste
934 3472 1113 3519 autem
1160 3461 1380 3517 omnino
1410 3475 1507 3515 nec
1532 3459 1641 3525 sit,
1671 3456 1765 3511 sed

181 3575 293 3615 esse
322 3558 692 3613 tantummodo
734 3555 1009 3620 videatur;
1047 3553 1319 3624 quoniam,
1363 3549 1655 3606 secundum
1689 3558 1762 3615 te,

181 3653 221 3706 si
247 3662 426 3707 castus
468 3658 652 3716 esset,
681 3648 820 3705 mala
850 3649 949 3703 ista
990 3654 1211 3716 cuperet
1250 3658 1346 3714 per
1370 3653 1610 3697 naturam
1629 3683 1643 3707 ,
1671 3640 1766 3695 scd

182 3735 419 3800 eamdem
459 3744 757 3798 naturalem
796 3740 1137 3811 cupiditatem
1168 3738 1363 3792 virtute
1406 3734 1567 3790 animi
1612 3749 1769 3789 coer-

183 3846 344 3893 ceret.
376 3838 444 3892 Ita
476 3836 570 3901 fit,
598 3843 659 3891 ut
685 3844 734 3889 te
762 3834 850 3888 illa
880 3831 1181 3897 horribilis,
1211 3829 1348 3884 sicut
1380 3826 1490 3897 jam
1522 3825 1770 3897 superius

186 3927 429 3995 ostendi,
479 3933 735 3996 sequatur
776 3922 1116 3987 absurditas,
1148 3928 1297 3974 tanto
1343 3931 1462 3973 esse
1506 3929 1772 3986 quemque

185 4020 452 4073 voluntate
477 4018 782 4081 castiorem,
812 4021 1010 4085 quanto
1046 4015 1301 4082 majorem
1332 4019 1535 4064 natura:
1571 4023 1680 4062 sua:
1702 4005 1771 4062 li-

189 4113 417 4168 bidinem
463 4112 677 4177 vicerit,
730 4123 831 4164 nec
876 4108 928 4162 in
957 4105 1164 4175 aliquos
1202 4117 1458 4159 excessus
1512 4099 1770 4165 luxuriae,

188 4204 475 4274 quamlibet
517 4202 604 4256 illa
648 4211 837 4271 magna
876 4199 975 4265 sit,
1005 4196 1154 4252 exire
1187 4193 1492 4265 permiserit
1522 4210 1534 4246 :
1565 4191 1652 4262 qui
1681 4206 1776 4245 au-

192 4304 295 4350 tem
338 4296 597 4350 minorem
644 4291 963 4362 flagitiorum
1004 4287 1277 4343 libidinem
1325 4284 1571 4350 cohibet,
1599 4283 1776 4337 minus

191 4405 311 4445 esse
329 4399 552 4455 castum;
580 4386 832 4458 quoniam
854 4398 1013 4455 quem
1039 4397 1145 4437 non
1174 4362 1302 4437 libet
1331 4378 1467 4449 quod
1493 4392 1596 4432 non
1629 4376 1773 4438 licet,

192 4481 478 4537 secundum
524 4488 669 4535 tuam
715 4475 1066 4548 sapientiam,
1094 4471 1177 4529 vel
1219 4471 1395 4541 potius
1442 4468 1773 4531 amentiam,

192 4574 405 4628 omnino
433 4587 535 4628 nec
577 4578 758 4627 castus
785 4576 887 4624 est.
917 4567 1057 4621 Ecce
1080 4562 1222 4635 quod
1248 4560 1461 4617 Christo
1488 4559 1778 4625 importare

193 4668 397 4722 conaris
441 4667 631 4722 insane
652 4706 668 4731 ,
699 4671 758 4719 ut
780 4670 967 4717 natura
1012 4657 1171 4713 fuerit
1193 4655 1430 4711 omnium
1457 4650 1780 4708 libidinosis-

193 4762 394 4826 simus,
448 4762 573 4831 quia
621 4760 691 4812 ita
734 4763 919 4828 posset
963 4752 1255 4809 Voluntatis
1301 4750 1497 4804 virtute
1539 4746 1777 4800 omnium

195 4867 315 4907 esse
342 4852 693 4906 castissimus.
736 4848 909 4904 Tanto
938 4848 1135 4917 quippe
1160 4844 1212 4898 in
1239 4857 1326 4907 eo,
1355 4839 1491 4896 sicut
1518 4837 1777 4907 diSputas,

194 4945 532 5002 continentia:
573 4943 792 5016 spiritus
842 4940 1014 5010 major
1049 4944 1196 4994 esset
1221 4936 1239 4967 ¹
1261 4977 1275 5001 ,
1299 4941 1496 5005 quanto
1525 4929 1782 5001 majorem

196 5037 366 5093 carnis
409 5034 902 5106 concupiscentiam
948 5036 1240 5086 coerceret.
1288 5024 1368 5080 Ad
1409 5025 1549 5078 hunc
1610 5029 1661 5076 te
1705 5019 1784 5074 in-

198 5132 403 5187 teritum
429 5140 518 5186 tua
543 5136 790 5198 suscepta
817 5124 1038 5180 nimium
1063 5122 1253 5178 dilecta
1288 5117 1554 5190 perduxit.

171 5235 188 5245 ‘
272 5222 400 5278 LIII.
427 5221 550 5278 Jun.
573 5220 677 5289 Qui
701 5218 800 5274 etsi
825 5224 1045 5288 propter
1070 5214 1281 5286 signum
1310 5219 1466 5265 natus
1494 5222 1559 5263 ex
1580 5203 1787 5276 virgine

196 5323 313 5382 est,
358 5324 410 5370 et
451 5324 631 5368 tamen
668 5311 741 5366 ita
769 5317 1047 5365 aversatus
1072 5321 1179 5361 non
1217 5312 1300 5360 est
1328 5315 1512 5357 sexum
1540 5298 1742 5353 virilem
1768 5336 1784 5363 ,

200 5415 259 5461 ut
300 5407 413 5477 ejus
460 5404 760 5473 susciperet
786 5400 1064 5456 veritatem
1090 5440 1105 5465 ,
1139 5397 1343 5467 integer
1369 5408 1464 5465 per
1502 5390 1678 5447 omnia
1707 5386 1788 5442 vi-

197 5512 425 5566 scerum,
444 5499 657 5568 integer
683 5493 925 5565 corporis
942 5535 957 5559 ,
984 5491 1147 5546 homo
1176 5502 1358 5555 verus,
1385 5487 1468 5541 vir
1494 5482 1786 5557 perfectus,

200 5594 247 5648 si
276 5593 431 5649 Petro
459 5590 702 5663 apostolo
728 5586 966 5644 creditur
1003 5586 1057 5640 in
1088 5583 1309 5640 Actibus
1341 5577 1623 5637 disserenti
1654 5576 1788 5650 (Act.

202 5702 240 5741 ll
266 5727 283 5751 ,
306 5687 395 5751 2'2,
423 5686 556 5755 5‘5);
582 5683 779 5737 intacta
804 5679 1053 5736 castitate
1077 5676 1427 5746 conspicuus,
1460 5680 1514 5728 et
1554 5670 1790 5725 animum

204 5787 262 5831 et
288 5778 465 5834 oculos
496 5787 764 5846 nunquam
800 5771 1027 5827 remisso
1051 5768 1230 5825 cordis
1255 5769 1433 5839 vigore
1453 5762 1789 5829 custodiens;

277 5910 292 5943 '
322 5913 393 5962 sic
414 5918 521 5962 uss.
542 5909 663 5959 Editi
681 5919 816 5967 vero,
836 5902 1016 5969 species
1040 5902 1193 5965 major
1217 5910 1301 5953 eat.

1492 386 1694 445 LIBER
1733 378 2078 455 QUARTUS.
2654 356 2663 365 ’
2702 359 2714 387 ‘

3294 387 3433 447 I370

1843 504 1936 559 sed
1962 503 2105 576 quod
2134 502 2237 560 hoc
2266 510 2433 559 totum
2464 504 2659 561 virtute
2680 505 2878 562 mentis
2896 547 2910 573 ,
2944 520 3050 564 non
3076 504 3252 562 carnis
3280 505 3431 561 infir-

1839 595 2024 652 mitate
2054 596 2369 667 perfecerit,
2400 598 2884 667 concupiscentiam
2912 599 3087 655 carnis
3118 598 3278 654 totius
3306 612 3433 654 cor-

1841 689 1986 759 poris
2021 689 2315 744 immixtam
2357 691 2638 759 sensibus,
2666 699 2721 746 ct
2746 692 3022 746 veritatem
3052 707 3115 747 ac
3152 693 3433 748 sanitatem

1841 781 2311 853 conditionemque
2350 783 2715 838 membrorum
2757 782 2918 839 fuisse
2941 783 3103 851 ineo,
3130 793 3185 839 et
3210 798 3434 839 somnus

1842 870 1960 942 ejus
1981 914 1999 941 ,
2021 882 2076 929 et
2099 874 2248 929 cibus
2274 917 2288 941 ,
2319 885 2376 931 et
2404 875 2565 931 barba
2584 917 2601 944 ,
2643 885 2695 931 et
2720 874 2903 943 sudor,
2932 885 2986 931 ct
3013 875 3183 943 labor,
3220 885 3274 930 et
3302 890 3437 931 crux

1843 971 2090 1031 testatur,
2136 974 2190 1020 et
2232 965 2440 1021 lancea.
2467 963 2583 1021 Non
2628 980 2758 1037 ergo
2805 979 2998 1021 sensus
3042 965 3284 1036 corporis
3328 981 3437 1021 non

1843 1052 2030 1111 habuit
2049 1054 2166 1123 ille,
2195 1054 2290 1111 sed
2336 1055 2494 1112 rexit.
2526 1056 2637 1113 Iloc
2682 1065 2767 1114 est
2796 1056 2937 1113 unde
2971 1055 3265 1124 Gentibus,
3294 1054 3436 1112 unde

1843 1148 2149 1205 Manichazis
2185 1149 2405 1206 insultat
2432 1150 2829 1207 Catholicornm
2860 1149 2991 1206 fides
3015 1191 3029 1217 ,
3059 1151 3183 1221 quia
3213 1147 3437 1205 verbum

1844 1253 1903 1298 ut
1948 1242 2121 1299 crucis
2155 1285 2171 1311 ,
2201 1243 2273 1298 ita
2298 1242 2473 1298 carnis
2502 1243 2618 1315 ejus
2642 1285 2657 1311 ,
2687 1242 3030 1314 pereuntibus
3058 1240 3281 1297 stultitia
3317 1248 3399 1294 est
3420 1281 3436 1307 ,

1846 1333 2007 1389 salvis
2026 1342 2205 1390 autem
2228 1332 2421 1390 futuris
2447 1335 2616 1390 virtus
2644 1334 2756 1389 Dei.
2786 1333 2899 1390 Hoc
2926 1344 3008 1391 est
3032 1349 3139 1406 quo
3164 1349 3440 1390 commen-

1847 1425 1989 1481 davit
2019 1425 2333 1483 charitatem
2364 1427 2382 1459 ¹
2409 1442 2561 1482 suam
2605 1426 2658 1482 in
2697 1426 2880 1493 nobis;
2911 1426 3162 1497 quoniam
3208 1440 3327 1496 quae
3355 1422 3438 1478 la-

1846 1526 1994 1573 cerat
2014 1516 2258 1589 impietas
2299 1517 2608 1585 Manichmi,
2641 1533 2703 1574 ea
2728 1518 2905 1573 omnia
2939 1517 3109 1587 pietas
3132 1514 3441 1572 Mediatoris

1848 1612 2154 1682 assumpsit.
2193 1609 2335 1667 Nihil
2379 1625 2506 1682 ergo
2535 1626 2621 1665 me
2659 1611 2821 1682 pudet
2850 1609 2903 1664 in
2935 1609 3163 1665 Domino
3192 1622 3313 1664 meo
3340 1625 3353 1661 :
3385 1606 3440 1661 in

1848 1719 1967 1775 quae
2015 1711 2233 1774 propter
2282 1702 2507 1759 salutem
2543 1718 2715 1759 meam
2750 1705 2928 1770 venit,
2958 1712 3113 1758 teneo
3160 1701 3440 1758 veritatem

1849 1797 2250 1865 membrorum,
2288 1805 2346 1852 ut
2374 1796 2603 1868 exempli
2631 1796 2748 1868 ejus
2789 1796 3110 1852 soliditatem
3156 1810 3443 1867 arcemque

1849 1891 2156 1963 suscipiam.

1920 1985 2056 2041 Auc.
2086 1983 2241 2039 Aliud
2269 1992 2352 2040 est
2370 1985 2567 2039 veritas
2595 1983 2979 2047 membrorum,
3009 1998 3166 2052 quam
3192 1981 3441 2039 christia-

1853 2092 1956 2131 nus
1981 2076 2157 2131 omnis
2182 2076 2426 2147 agnoscit
2452 2076 2504 2130 in
2535 2074 2749 2131 Christo
2765 2077 2786 2106 ²
2822 2093 2836 2129 :
2860 2074 3005 2129 aliud
3030 2073 3293 2144 cupiditas
3319 2089 3447 2144 pec-

1852 2178 2092 2226 catorum
2111 2210 2127 2237 ,
2161 2185 2318 2241 quam
2360 2178 2418 2225 tu
2446 2169 2735 2240 importare
2763 2167 2845 2223 vis
2871 2167 3106 2224 Christo.
3138 2166 3281 2222 Dicis
3304 2167 3446 2222 enim

1854 2262 2348 2333 concupiscentiam
2373 2263 2581 2330 carnis,
2613 2262 2715 2317 hoc
2753 2270 2837 2317 est
2864 2260 3163 2330 libidinem,
3188 2275 3347 2331 quam
3380 2260 3448 2314 li-

1855 2354 2069 2411 bentius
2122 2370 2282 2411 vocas
2331 2354 2814 2425 concupiscentiam
2861 2352 3193 2419 naturalem,
3249 2350 3448 2406 bonum

1856 2462 2009 2513 esse;
2051 2454 2106 2502 et
2142 2447 2220 2501 sic
2246 2446 2425 2518 arguis
2448 2447 2565 2517 ejus
2609 2430 2887 2500 excessum
2913 2485 2930 2511 ,
2962 2452 3022 2499 ut
3062 2442 3304 2514 quisquis
3330 2459 3449 2498 eam

1857 2552 2147 2596 concessos
2191 2538 2325 2594 fines
2381 2536 2681 2609 transgredi
2729 2536 2952 2602 siverit,
3008 2544 3258 2605 tanquam
3313 2534 3452 2588 male

1859 2643 2016 2688 utens
2042 2631 2206 2696 bono,
2233 2629 2444 2702 culpam
2484 2627 2765 2685 contrahat
2790 2644 2805 2693 ;
2838 2626 3078 2698 quisquis
3098 2635 3275 2681 autem
3306 2624 3452 2679 illaut

1862 2741 2030 2799 usque
2068 2723 2136 2779 ad
2170 2722 2314 2778 licita
2352 2730 2407 2779 et
2434 2736 2691 2778 concessa
2733 2719 2979 2791 ingredi,
3011 2734 3110 2774 nec
3153 2719 3288 2773 ultra
3330 2732 3455 2789 pcr-

1861 2817 2114 2875 miserit’
2143 2815 2422 2889 progredi,
2460 2823 2710 2885 tanquam
2746 2812 2889 2869 bono
2936 2810 3077 2868 bene
3096 2819 3259 2873 utens
3302 2807 3458 2864 laude

1861 2913 1933 2969 sit
1975 2912 2187 2983 dignus.
2232 2908 2463 2965 Proinde
2507 2907 2755 2979 quoniam
2792 2904 3038 2960 videmus
3064 2903 3197 2959 alios
3242 2903 3312 2957 ita
3338 2916 3459 2958 esse

1864 3015 2042 3072 natos,
2070 3013 2128 3059 ut
2154 3002 2355 3073 majore
2381 3001 2601 3057 libidine
2629 3006 2937 3071 urgeantur,
2969 2997 3105 3053 alios
3129 3004 3185 3050 ut
3211 2995 3417 3049 minore
3439 3035 3455 3061 ,

1865 3098 1910 3155 si
1940 3097 1990 3153 ei
2012 3096 2320 3152 resistentes
2347 3092 2556 3163 utrique
2581 3091 2688 3147 sint
2714 3088 2878 3157 casti,
2904 3086 3112 3159 cogeris
3132 3085 3310 3142 dicere
3341 3082 3460 3140 illos

1865 3187 2069 3259 majore
2092 3227 2107 3251 ,
2136 3185 2270 3240 istos
2299 3183 2506 3238 minore
2533 3183 2675 3237 bono
2705 3179 2843 3234 bene
2886 3178 2982 3232 uti.
3025 3176 3142 3233 Erit
3180 3176 3339 3247 igitur
3358 3216 3374 3242 ,
3405 3181 3459 3228 te

1867 3280 2108 3339 doctore.
2132 3276 2272 3331 bono
2294 3275 2397 3330 isto
2419 3282 2508 3328 tuo
2536 3272 2761 3343 quisque
2781 3278 2926 3325 tanto
2947 3264 3234 3339 copiosior,
3257 3271 3458 3337 quanto

1868 3367 2220 3433 libidinosior;
2251 3376 2305 3421 et
2334 3370 2481 3419 tanto
2506 3362 2823 3419 laboriosior
2864 3368 3047 3416 contra
3091 3373 3243 3414 suam
3282 3355 3462 3412 libidi-

1868 3476 1993 3517 nem
2021 3474 2117 3531 pro
2143 3458 2387 3514 castitate
2411 3452 2667 3510 certando
2691 3494 2705 3519 ,
2737 3458 2935 3523 quanto
2978 3449 3333 3506 abundantior
3367 3462 3463 3502 na-

1872 3553 2026 3609 turali
2056 3551 2158 3605 isto
2202 3549 2376 3615 bono;
2415 3555 2470 3603 et
2497 3546 2618 3602 ideo
2662 3545 2825 3601 etiam
2867 3550 3017 3599 tanto
3063 3540 3382 3599 laudabilior
3407 3539 3464 3595 in

1872 3644 1973 3698 hac
2001 3641 2195 3696 virtute
2214 3681 2228 3705 ,
2257 3647 2456 3710 quanto
2496 3635 2686 3692 fortius
2724 3634 3019 3691 reluctatur
3062 3633 3250 3704 majori
3279 3630 3422 3686 bono
3442 3671 3462 3698 ,

1871 3750 2029 3806 quam
2059 3732 2104 3787 si
2135 3731 2327 3786 minori
2380 3729 2754 3785 reluctaretur.
2803 3725 2938 3793 Quia
2969 3739 3099 3795 ergo
3123 3723 3370 3779 Christus
3409 3721 3464 3776 in

1872 3840 2032 3880 carne
2062 3821 2272 3878 mortali
2292 3822 2530 3877 omnium
2558 3818 2741 3889 procul
2768 3815 2930 3872 dubio
2946 3815 3274 3871 castissimus
3305 3812 3461 3880 vixit,

1876 3925 2022 3974 tanto
2050 3917 2099 3972 ei
2132 3916 2386 3985 majorem
2418 3913 2691 3967 libidinem
2721 3910 2875 3967 dabis
2901 3908 3200 3965 naturalem
3220 3948 3237 3974 ,
3264 3914 3467 3978 quanto

1876 4012 1929 4066 in
1959 4009 2179 4067 libidine
2216 4005 2518 4063 cohibenda
2546 4019 2652 4060 non
2700 4009 2857 4073 potes
2902 4000 3141 4056 invenire
3166 3998 3467 4054 fortiorem.

1876 4103 1967 4161 Sic
2011 4102 2151 4157 enim
2199 4101 2315 4155 sine
2345 4097 2544 4153 fraudis
2587 4096 2813 4152 crimine
2840 4093 2952 4149 suis
2976 4092 3119 4148 dicet
3139 4133 3154 4158 ,
3186 4089 3471 4146 Imitamini

1877 4197 2173 4254 castitatem
2226 4205 2430 4258 meam,
2461 4197 2608 4246 certa
2658 4195 2863 4243 naturae
2902 4195 3098 4241 vestrae
3139 4183 3470 4238 irritamenta

1878 4289 2196 4344 vincentes:
2229 4284 2342 4339 haec
2386 4282 2583 4354 quippe
2626 4279 2956 4335 irritamenta
3004 4276 3142 4331 bona
3185 4281 3338 4339 sunt;
3377 4272 3473 4328 sed

1881 4392 2059 4437 tamen
2107 4362 2400 4433 cohibenda
2440 4382 2599 4443 atque
2627 4369 2922 4434 vincenda;
2963 4367 3100 4422 sicut
3133 4380 3233 4435 ego
3271 4363 3469 4431 habui,

1880 4474 1975 4530 sed
2033 4470 2243 4528 cohibui
2298 4467 2508 4537 vicique
2560 4463 2803 4533 majora;
2880 4475 2949 4515 ne
3002 4457 3248 4512 diceretis
3303 4453 3470 4520 mihi,

1882 4566 2006 4621 Ideo
2031 4561 2235 4627 vicisti,
2263 4559 2383 4614 ideo
2407 4555 2740 4613 castissimus
2768 4554 2821 4606 in
2852 4560 2939 4606 tua
2967 4546 3174 4604 mortali
3204 4559 3367 4601 carne
3391 4543 3471 4601 vi.

1881 4652 2312 4724 xisti,quoniam
2353 4656 2556 4704 naturae
2598 4644 2851 4699 felicitate
2899 4640 3148 4696 minimas
3195 4635 3474 4702 libidines,

1883 4761 2015 4818 quas
2040 4743 2317 4799 facillimas
2343 4738 2365 4771 ⁵
2393 4739 2637 4793 vinceres
2661 4778 2675 4802 ,
2705 4730 2958 4789 habuisti.
3001 4729 3189 4786 Estote
3219 4743 3346 4799 ergo
3389 4743 3480 4782 ca-

1884 4810 1951 4895 sti
1974 4880 1990 4904 ,
2019 4836 2143 4908 quia
2174 4842 2233 4889 ut
2262 4832 2413 4887 vobis
2441 4829 2508 4885 ad
2538 4844 2624 4883 me
2654 4825 2968 4882 imitandum
3007 4821 3281 4879 obstacula
3311 4810 3479 4876 excu-

1885 4927 2108 4985 sationis
2149 4924 2416 4979 auferrem
2445 4962 2459 4987 ,
2489 4917 2826 4975 libidinosior
2847 4915 2999 4971 vobis
3047 4913 3193 4969 nasci
3220 4910 3399 4977 volui,
3427 4919 3483 4966 et

1889 5028 2066 5076 tamen
2121 5016 2407 5072 maximam
2472 5011 2742 5067 libidinem
2792 5022 2966 5064 meam
3013 5018 3301 5063 concessos
3348 5002 3482 5057 fines

1888 5126 2156 5184 nunquam
2204 5108 2431 5165 transire
2475 5103 2717 5176 permisi.
2759 5101 2886 5158 llam
2927 5100 3203 5156 horribilia
3244 5106 3482 5153 monstra

1890 5204 2099 5278 peperit
2126 5199 2348 5257 hmresis
2375 5206 2572 5254 vestra.

1961 5297 2097 5356 LIV.
2126 5294 2247 5353 Jun.
2275 5292 2516 5350 Praedico
2540 5304 2756 5347 onmem
2787 5289 2842 5344 in
2865 5302 2932 5344 eo
2958 5284 3292 5343 sanctitatem
3320 5280 3484 5335 bene-

1893 5394 2014 5451 ficio
2036 5390 2229 5459 animi,
2260 5403 2366 5444 non
2390 5385 2570 5444 carnis
2607 5384 2821 5441 stetisse
2846 5378 3173 5453 prmjudicio.
3201 5374 3291 5430 Sic
3336 5372 3480 5428 enim

1893 5498 1949 5545 et
1969 5496 2157 5543 natura
2184 5492 2289 5540 tam
2332 5479 2641 5538 conditione
2677 5475 2795 5548 ejus
2820 5487 2980 5546 quam
3010 5466 3352 5539 susceptione
3380 5463 3479 5519 de-

1961 5641 1978 5706 ?
2013 5637 2132 5706 Editi
2147 5673 2162 5698 ,
2177 5647 2408 5706 cantem;
2427 5629 2813 5706 repugnantibus
2832 5622 3190 5706 manusgiptis.

1960 5704 1981 5736 ’
2014 5685 2352 5763 meum;
2374 5685 2585 5763 agnosci?
2606 5707 2631 5763 _:
2649 5690 2808 5763 aliud,
2841 5696 2956 5751 etc,
2978 5685 3174 5745 omisso.
3197 5686 3250 5740 in
3280 5685 3489 5749 Clum.

1898 5764 2027 5833 quod
2045 5757 2356 5833 Aauct'ori‘utt‘e.
2372 5757 2479 5808 M'ss.
2499 5757 2815 5833 restituimns.
3067 5774 3077 5783 ο

1966 5829 1986 5859 ³
2016 5827 2088 5875 sic
2107 5832 2212 5875 Mss.
2238 5829 2285 5871 tn
2312 5822 2469 5884 γὶςςιι.2
2482 5818 2593 5884 erit.

1967 5891 1988 5922 ⁸
2019 5886 2177 5939 Codex
2205 5894 2351 5947 t‘ort.,
2365 5880 2617 5946 'j‘acillime.
