3990 6494
551 352 682 408 1571

551 465 802 528 fenditur,
834 470 889 518 et
917 461 1024 516 vita
1066 459 1342 516 hominum
1373 458 1626 513 virtutum
1673 455 1816 510 illius
1854 450 2148 506 imitatione

549 558 812 630 dirigitur.
845 557 918 612 De
945 555 1026 611 his
1055 553 1264 610 duobus
1294 569 1402 608 non
1442 558 1619 624 potest
1649 549 1880 604 alterum
1924 545 2040 601 sine
2066 543 2148 598 al-

552 652 722 707 terius
741 651 968 705 veritate
997 647 1204 704 laudari
1229 665 1242 702 :
1270 656 1472 701 tantum
1501 643 1674 700 aderit
1696 639 1969 711 dignitatis
1994 635 2143 708 operi

550 757 728 808 sacro,
757 749 1012 812 quantum
1049 739 1267 794 humani
1294 737 1534 808 corporis
1562 733 1794 790 adfuerit
1821 729 2068 792 veritati;
2097 735 2151 780 et

555 843 762 889 tantum
801 831 976 887 aderit
1014 830 1310 886 defensioni
1351 826 1528 883 carnis
1553 867 1568 893 ,
1599 835 1856 896 quantum
1896 819 2151 876 sanctitas

555 925 982 983 conversationis
1008 924 1264 995 exegerit.
1288 923 1462 993 Atque
1493 936 1523 975 e
1549 919 1769 991 regione
1787 959 1803 984 ,
1830 912 2150 985 vituperatio

555 1018 712 1073 unius
759 1018 972 1089 utrique
1013 1015 1335 1087 participat:
1366 1013 1616 1084 quoniam
1660 1017 1864 1064 tantum
1895 1007 1962 1062 de
1987 1008 2155 1060 virtu-

557 1109 699 1164 tibus
731 1107 881 1177 ejus,
931 1115 1185 1178 quantum
1227 1104 1295 1160 de
1341 1103 1563 1158 artubus
1603 1101 1620 1132 ί
1663 1099 1974 1163 auferetur;
2003 1109 2066 1151 ac
2105 1094 2151 1148 si

553 1200 680 1272 quid
706 1199 774 1256 de
808 1199 1124 1256 substantiae
1161 1196 1334 1253 solido
1377 1194 1626 1260 radatur,
1659 1192 1904 1248 universa
1943 1202 2152 1243 morum

555 1302 874 1350 ornamenta
921 1292 1246 1363 depereunt,
1286 1298 1444 1360 atque
1489 1287 1556 1342 ad
1583 1282 1862 1342 tolerantis
1904 1279 2152 1352 injuriam

556 1395 840 1443 recurrunt
884 1386 1078 1441 damna
1120 1384 1429 1440 nascentis:
1458 1389 1730 1452 postremo
1764 1378 1809 1432 si
1836 1374 2011 1432 carnis
2037 1373 2154 1444 ejus

555 1477 852 1534 substantia
897 1477 1072 1548 aliqua
1127 1475 1443 1530 naturalium
1501 1472 1778 1541 ereptione
1814 1470 1835 1501 ²
1863 1475 2149 1529 tenuetur,

555 1571 806 1626 universa
851 1569 1122 1625 evanescit
1164 1581 1356 1637 pompa
1409 1565 1684 1619 virtutum.
1737 1560 1877 1616 Nihil
1925 1573 2053 1630 ergo
2098 1558 2152 1612 in

559 1662 819 1717 membris
859 1659 1169 1716 Mediatoris
1198 1658 1319 1712 facti
1345 1673 1415 1712 ex
1445 1655 1665 1710 muliere
1689 1696 1705 1722 ,
1737 1651 1877 1723 quod
1913 1649 2154 1705 naturale

556 1760 804 1818 constat,
836 1751 1064 1823 negabo.
1109 1751 1176 1806 Et
1201 1748 1318 1804 vide
1362 1763 1519 1819 quam
1549 1745 1744 1802 diversi
1786 1745 1892 1799 sint
1934 1741 2155 1796 rationis

558 1843 812 1910 termini,
859 1858 1019 1914 quam
1066 1841 1328 1913 pudoris:
1361 1855 1468 1894 non
1516 1836 1783 1893 erubescit
1825 1835 1956 1891 fides
1995 1833 2151 1890 Chri-

557 1945 851 1991 stianorum
872 1976 890 2004 ,
918 1935 1100 1990 dicere
1124 1933 1396 1989 Christum
1427 1931 1678 1986 habuisse
1703 1928 1953 2000 genitalia
1978 1944 1993 1994 ;
2026 1941 2148 1982 cum

560 2039 736 2084 tamen
781 2044 844 2085 ea
890 2029 943 2084 in
986 2027 1178 2095 nobis,
1223 2042 1381 2098 quam
1424 2022 1802 2080 honestissime
1833 2033 2151 2092 possumus,

559 2121 891 2178 occulamus.

625 2213 763 2270 Anc.
790 2212 907 2268 Non
955 2211 1170 2284 quidem
1214 2209 1486 2267 erubescit
1530 2207 1663 2262 fides
1686 2204 2150 2269 Christianorunt,

553 2305 734 2362 dicere
772 2305 1042 2361 Christum
1085 2303 1338 2359 habuisse
1361 2296 1612 2373 genitalia
1663 2315 1679 2354 :
1719 2296 1813 2352 sed
1867 2307 1921 2351 tu
1963 2293 2156 2350 erube-

547 2401 710 2463 scere
738 2397 999 2464 debuisti,
1031 2396 1110 2450 vel
1133 2394 1309 2465 potius
1337 2390 1784 2454 contremisccre,
1816 2402 1882 2442 ne
1906 2385 2113 2441 diceres
2133 2383 2155 2416 ³

554 2488 753 2544 Christi
791 2488 1040 2559 genitalia
1097 2485 1415 2556 aliquando,
1469 2491 1528 2539 et
1577 2482 1793 2537 nolente
1845 2479 1962 2550 ipso
2027 2479 2154 2550 (non

555 2581 698 2635 enim
723 2581 824 2634 hoc
854 2594 1088 2650 unquam
1132 2577 1269 2633 velle
1297 2575 1570 2632 debuisset
1603 2574 1691 2645 qui
1722 2572 1883 2628 vitam
1909 2571 2152 2628 czelibem

556 2669 767 2744 duxit),
815 2680 993 2726 tamen
1037 2668 1255 2724 libidine
1302 2667 1467 2722 fuisse
1511 2673 1813 2730 commota,
1857 2671 1911 2718 et
1939 2663 1990 2717 in
2017 2677 2155 2716 uou-

561 2763 740 2817 nullos
786 2761 1001 2817 illicitos
1031 2774 1158 2815 usus
1186 2767 1371 2815 contra
1401 2757 1516 2828 ejus
1554 2763 1794 2812 sanctum
1825 2753 2155 2826 propositum

557 2868 618 2908 se
647 2852 789 2906 illam
825 2861 1031 2921 partem
1069 2850 1239 2907 sancti
1268 2851 1384 2922 ejus
1417 2847 1658 2920 corporis
1687 2850 1942 2902 erexisse.
1972 2845 2155 2900 Talem

555 2944 754 3016 quippe
792 2943 1069 2999 libidinem
1109 2943 1307 3013 patitur
1334 2941 1496 2997 etiam
1524 2955 1685 2996 omne
1726 2954 1895 3010 genus
1939 2943 2156 2993 sancto-

557 3050 714 3102 rum,
760 3034 972 3106 qualem
1011 3034 1206 3091 Sancto
1252 3042 1559 3090 sanctorum
1598 3030 1810 3086 conaris
1853 3030 2069 3085 inferre.
2099 3028 2155 3085 Si

557 3143 688 3182 vero
713 3127 964 3198 genitalia
989 3126 1182 3182 Christi
1213 3126 1328 3197 ipso
1383 3125 1549 3180 invito
1585 3121 1911 3179 commoveri
1944 3127 1999 3176 et
2025 3119 2156 3191 erigi

558 3222 733 3276 solere
750 3221 771 3252 ⁸
797 3219 1038 3288 libidine,
1056 3236 1162 3277 non
1176 3219 1342 3274 audes
1360 3218 1539 3274 dicere
1559 3235 1573 3285 ;
1602 3231 1698 3272 cur
1722 3214 1888 3270 audes
1911 3213 2153 3280 credere,

559 3312 772 3379 infelix,
824 3329 921 3368 cur
969 3312 1136 3368 audes
1181 3312 1340 3367 talem
1390 3309 1664 3366 libidinem
1712 3319 1915 3363 naturae
1959 3304 2156 3361 Christi

560 3407 828 3474 tribuere,
877 3414 935 3460 ut
959 3405 1102 3476 quod
1142 3419 1250 3460 non
1284 3402 1447 3459 audes
1488 3401 1705 3469 dicere,
1734 3398 2026 3470 compellas
2056 3397 2158 3452 lto—

560 3500 732 3554 mines
757 3499 1032 3570 cogitare?

630 3591 739 3647 LV.
768 3590 886 3646 Jun.
916 3589 993 3644 lta
1022 3597 1206 3644 natura
1232 3586 1557 3658 prmscripsit
1588 3600 1708 3641 esse
1732 3583 1976 3655 qumdam
1997 3625 2011 3651 ,
2039 3598 2157 3654 qua:

562 3692 619 3736 ut
645 3682 811 3750 ratio,
831 3682 911 3744 ita
940 3681 1074 3736 ﬁdes
1095 3695 1216 3734 cum
1249 3679 1506 3750 religione
1532 3677 1865 3748 pronuntiet;
1897 3689 1952 3733 et
1976 3685 2156 3731 tamen

561 3773 730 3843 pudor
756 3780 810 3827 et
836 3772 1080 3828 decentia
1102 3770 1526 3826 conversationis
1552 3769 1718 3824 oculis
1747 3784 1854 3824 non
1885 3768 2159 3839 permittat

557 3864 774 3934 exponi.
809 3863 921 3919 lloc
953 3863 1113 3919 modo
1143 3862 1391 3933 Magister
1415 3861 1574 3916 etiam
1601 3861 1854 3917 Gentium
1879 3861 2156 3915 veritatem

559 3957 707 4010 carni
734 3956 849 4025 ejus
875 3956 1141 4026 assignat,
1171 3962 1228 4010 et
1255 3955 1463 4024 spiritui
1493 3955 1848 4010 sanctitatem.
1883 3954 2152 4025 Magnum,

561 4048 766 4118 inquit,
813 4049 1011 4118 pietatis
1036 4058 1445 4113 sacramentum,
1485 4049 1623 4119 quod
1659 4049 2041 4119 manifestatum
2084 4055 2156 4102 est

559 4140 614 4192 in
639 4156 818 4206 carne,
840 4141 1183 4209 justi/iratum
1221 4148 1294 4194 est
1321 4140 1375 4193 in
1408 4140 1590 4210 spiritu
1609 4180 1623 4205 ,
1659 4140 1900 4209 apparuit
1931 4140 2153 4211 Angelis,

561 4230 890 4300 praedicatum
921 4240 993 4284 est
1015 4231 1066 4284 in
1089 4231 1318 4300 gentibus
1339 4272 1353 4296 ,
1381 4231 1628 4284 creditura
1649 4239 1722 4285 est
1750 4231 1802 4284 in
1828 4231 1921 4284 hoc
1946 4233 2152 4299 mundo,

557 4330 878 4393 assumptum
897 4330 972 4376 est
992 4322 1044 4375 in
1068 4321 1252 4392 gloria.
1275 4321 1426 4390 Quod
1451 4321 1588 4377 sicut
1611 4322 2009 4377 commendavit
2034 4339 2155 4378 cum

561 4413 785 4468 veritate
825 4412 1189 4479 credendum,
1235 4413 1307 4468 ita
1345 4413 1743 4485 impugnatores
1783 4415 1901 4485 ejus
1949 4417 2000 4470 iu
2050 4415 2156 4473 fine

558 4503 893 4560 denuntiavit
935 4503 1118 4560 steculi
1147 4504 1448 4560 nascituros
1476 4523 1491 4559 :
1520 4520 1642 4559 nam
1671 4505 1850 4560 statim
1879 4507 2150 4577 sequitur,

562 4595 630 4652 In
654 4598 938 4653 novissimis
963 4607 1131 4652 autem
1157 4597 1460 4669 temporibus
1483 4597 1712 4652 recedent
1739 4597 1947 4669 quidam
1972 4616 2002 4652 a
2027 4599 2151 4668 ﬁde,

559 4689 871 4744 attendentes
898 4690 1160 4761 spiritibus
1187 4689 1564 4758 seductoribus,
1593 4689 1836 4745 doctrinis
1875 4691 2154 4746 daemonio-

559 4798 676 4834 rum
719 4781 774 4836 in
818 4782 1077 4854 hypocrisi
1129 4783 1392 4838 mendacia
1435 4784 1776 4857 loquentium,
1824 4788 2154 4841 cauteriotam

561 4873 798 4930 habentes
834 4876 1190 4930 conscientiam
1209 4917 1225 4941 ,
1255 4875 1629 4946 prohibentium
1658 4878 1875 4943 nubere,
1908 4879 2154 4934 abstinere

559 4984 592 5020 a
617 4967 739 5021 cibis
757 5009 771 5034 ,
820 4983 946 5038 quos
975 4967 1112 5022 Deus
1156 4969 1341 5022 creavit
1367 4967 1437 5021 ad
1463 4968 1843 5040 percipiendum
1887 4986 2000 5023 cum
2027 4987 2150 5042 gra-

558 5061 747 5114 tiarum
770 5059 966 5114 actione
987 5059 1254 5129 ﬁdelibus,
1294 5067 1341 5114 et
1368 5060 1445 5114 his
1465 5060 1552 5130 qui
1581 5073 1920 5132 cognoverunt
1963 5064 2149 5118 verita-

557 5162 694 5220 tem;
715 5151 951 5222 quoniam
977 5151 1140 5205 omnis
1160 5160 1390 5206 creatura
1412 5151 1509 5206 Dei
1532 5153 1664 5208 bona
1693 5154 1737 5225 (Ι
1771 5153 1903 5209 Tim.
1930 5163 2016 5222 ιιι,
2044 5156 2147 5225 16;

556 5261 644 5312 ιν,
689 5244 770 5317 4).
815 5244 962 5300 Ilanc
1006 5259 1133 5315 ergo
1197 5243 1556 5301 Ecclesiarum
1599 5248 2147 5319 contaminationem,

557 5353 718 5408 quam
762 5337 830 5394 de
858 5337 1136 5394 Manichtei
1167 5337 1566 5396 consectatione
1593 5341 1842 5396 vomuisti
1862 5383 1878 5411 ,
1921 5351 1978 5399 et
2011 5343 2148 5400 hanc

620 5513 635 5545 ¹
671 5513 744 5565 sic
775 5521 880 5564 Mss.
906 5514 1042 5574 Editi,
1065 5513 1126 5564 de
1149 5513 1352 5566 actibus.

617 5577 637 5640 ξ
672 5583 719 5625 tn
746 5586 872 5635 Mss,
896 5576 1191 5640 exceptione.

618 5639 639 5669 ³
672 5641 809 5697 Editi,
831 5653 918 5690 nec
943 5635 1135 5703 dicere;
1163 5648 1215 5690 et
1237 5639 1381 5703 paulo
1403 5645 1528 5702 post,
1551 5638 1669 5691 velte
1701 5635 1939 5690 debuisse.
1977 5644 2143 5689 tamen.

553 5697 729 5764 dantur
749 5709 957 5764 utroque
983 5702 1087 5751 loco
1111 5697 1172 5751 ex
1198 5697 1300 5751 Mss.

553 5761 658 5871 “si
674 5764 828 5824 Viam.
855 5761 1140 5816 coinmovcri
1161 5764 1352 5825 solere;
1373 5766 1570 5825 omisso,
1592 5770 1636 5816 ct
1655 5763 1792 5827 erigi,
1809 5765 1936 5828 quod
1955 5778 2018 5817 ex
2037 5772 2139 5814 MSS.

663 5837 784 5871 "ius.

663 5837 784 5874 ntus.

1225 340 1468 402 OPERIS
1498 336 1914 397 IMPERFECTI
1953 333 2228 391 CONTIH
2271 331 2636 398 JllLlANUM,
2677 331 2734 388 S.
2776 329 3140 390 AUCUSTINI

3677 341 3792 397 1372

2255 461 2284 500 a
2313 446 2416 502 [ide
2445 446 2805 503 recedentium
2837 448 3325 518 pratvaricationem
3343 491 3359 519 ,
3387 464 3503 522 qua“:
3529 451 3578 508 in
3605 467 3789 512 natura-

2258 538 2322 593 lis
2352 538 2476 593 mali
2507 539 2879 609 praedicatione
2913 547 2969 597 et
3012 541 3066 597 in
3108 543 3495 601 commixtionis
3539 549 3796 620 coniugalis

2256 629 2596 687 damnatione
2631 633 2878 688 consistit
2895 677 2910 698 .
2935 643 2992 690 et
3016 636 3300 704 Apostolus
3326 637 3562 706 praevidit
3587 651 3638 695 et
3663 645 3795 712 puni-

2256 725 2364 792 vit,
2394 740 2499 780 non
2527 726 2700 781 solum
2743 728 2869 798 quid
2909 729 3206 797 diceretur,
3246 731 3342 788 sed
3371 733 3526 788 etiam
3555 735 3672 805 quid
3693 751 3799 793 cono

2256 828 2570 890 sequeretur
2599 822 2907 878 ostendens.

2327 912 2461 968 Anc.
2490 913 2557 967 Et
2583 922 2757 969 tamen
2791 924 2878 982 tu,
2918 915 3006 986 qui
3046 931 3152 971 non
3176 924 3326 986 potes
3351 915 3454 973 nisi
3495 928 3690 977 ructare
3726 936 3801 978 ca-

2257 1004 2518 1075 lumnias,
2573 1017 2628 1063 et
2682 1024 2900 1064 vomere
2945 1009 3326 1079 contumelias,
3370 1012 3544 1068 verbis
3584 1013 3797 1073 catholici

2258 1095 2491 1153 hominis
2517 1099 2652 1168 Dei,
2678 1115 2837 1171 quem
2877 1099 3226 1156 Manichazum
3271 1117 3378 1157 non
3425 1111 3569 1174 potes
3607 1104 3795 1175 dicere,

2254 1200 2364 1246 non
2407 1206 2568 1249 ausus
2595 1207 2654 1247 es
2681 1192 3049 1249 contradicere
3068 1235 3084 1262 ,
3115 1193 3425 1250 suffocantis
3450 1204 3532 1260 te,
3562 1207 3706 1267 atque
3729 1200 3799 1253 di-

2257 1284 2460 1349 centis,
2491 1299 2559 1340 ex
2605 1286 2985 1342 commixtione
3033 1287 3195 1342 maris
3237 1296 3295 1344 et
3340 1288 3546 1343 femina:
3572 1289 3799 1346 uasciex-

2256 1383 2464 1445 pertem
2485 1374 2668 1432 delicti
2695 1378 2964 1433 neminem
2988 1393 3146 1448 posse
3169 1376 3501 1451 (Ambrosius,
3523 1380 3575 1434 in
3599 1379 3799 1452 Isaiam).

2256 1464 2495 1536 Namque
2523 1467 2623 1522 ista
2652 1468 2814 1524 verba
2844 1467 2961 1540 ejus
3003 1477 3062 1524 et
3099 1469 3151 1524 in
3179 1470 3354 1539 primo
3380 1470 3447 1524 ad
3479 1469 3724 1526 Valerium
3745 1472 3799 1527 li-

2257 1557 2356 1613 bro
2397 1559 2842 1629 commemoravi,
2873 1577 3033 1632 quem
3079 1560 3230 1617 libris
3256 1571 3483 1632 quatuor
3525 1561 3803 1634 redarguere

2257 1659 2518 1716 conatus,
2569 1651 2857 1723 quidquam
2903 1652 3030 1709 inde
3075 1654 3342 1724 attingere
3388 1653 3639 1729 timuisti;
3681 1656 3799 1710 etin

2259 1741 2360 1797 isto
2378 1784 2394 1811 ,
2423 1742 2510 1799 cui
2552 1759 2694 1800 nunc
2726 1745 3022 1816 respondes
3041 1786 3058 1814 ,
3085 1745 3275 1801 eadem
3305 1745 3420 1816 ipsa
3450 1760 3551 1801 non
3571 1747 3697 1802 tacui
3721 1745 3804 1816 (De

2259 1832 2470 1906 Nuptiis
2511 1843 2559 1891 et
2597 1835 3045 1909 Concupiscentia,
3090 1837 3178 1892 lib.
3208 1838 3233 1893 l
3259 1879 3274 1904 ,
3327 1855 3386 1892 n.
3412 1837 3512 1905 40,
3554 1847 3600 1892 et
3633 1839 3712 1893 lib.
3745 1837 3804 1904 2,

2257 1946 2346 1983 nn.
2375 1929 2442 1983 14
2464 1969 2480 1994 ,
2516 1929 2606 2000 l5)
2626 1970 2640 1996 ,
2667 1938 2722 1985 et
2750 1928 3006 1985 adversus
3036 1929 3125 1984 illa
3150 1929 3328 1984 adhuc
3355 1940 3530 1985 mutus
3549 1969 3562 1994 ,
3599 1930 3806 2000 quamvis

2257 2019 2376 2090 ejus
2401 2019 2618 2075 nomine
2645 2022 2836 2087 tacito,
2883 2020 2969 2076 cui
2998 2021 3273 2077 adversari
3304 2022 3478 2093 palam
3508 2036 3610 2077 non
3634 2021 3804 2083 audes,

2259 2109 2400 2167 hunc
2427 2112 2476 2166 in
2504 2126 2590 2168 me
2611 2128 2716 2167 non
2739 2111 2934 2168 metuis
2959 2113 3259 2170 criminari.

2329 2203 2462 2258 LVI.
2488 2203 2607 2260 Jun.
2635 2203 2770 2260 Nam
2801 2205 2903 2261 hoc
2925 2205 3066 2276 quod
3092 2207 3200 2272 ait,
3234 2206 3504 2262 abstinere
3526 2221 3555 2261 a
3577 2205 3698 2263 cibis
3717 2205 3798 2260 do-

2258 2294 2486 2350 cendum
2531 2295 2678 2364 fore,
2729 2311 2834 2351 non
2878 2298 3059 2368 utique
3110 2297 3250 2368 apud
3299 2298 3607 2368 prudentem
3657 2299 3803 2369 arguit

2257 2385 2684 2442 Christianorum
2731 2389 3044 2458 parcitatem
3067 2431 3082 2457 ,
3112 2399 3204 2445 aut
3236 2390 3516 2446 denuntiat
3547 2406 3690 2463 posse
3711 2390 3803 2446 exi-

2258 2485 2401 2534 stere
2432 2478 2678 2535 homines
2722 2481 2812 2551 qui
2855 2480 3046 2537 inediae
3073 2482 3367 2539 discrimen
3404 2483 3633 2539 indicant
3675 2499 3689 2536 :
3729 2482 3805 2538 sed

2258 2569 2512 2639 ostendit,
2539 2571 2792 2642 quoniam
2816 2587 2938 2628 cum
2969 2573 3332 2644 exorirentur,
3358 2575 3450 2646 qui
3467 2575 3689 2631 dicerent
3708 2573 3803 2628 ani-

2261 2663 2416 2718 malia
2442 2664 2621 2719 omnia
2662 2664 2888 2721 victibus
2913 2681 2943 2720 a
2976 2667 3086 2722 Deo
3123 2679 3305 2723 creata
3347 2669 3672 2734 mortalium,
3709 2665 3806 2738 quia

2259 2751 2329 2807 de
2351 2753 2779 2824 concupiscentia
2805 2764 2860 2812 et
2883 2756 3264 2813 commixtione
3289 2772 3449 2814 sexus
3468 2767 3805 2824 nascerentur,

2259 2843 2522 2901 diabolico
2545 2845 2688 2901 malo
2733 2861 2853 2903 esse
2883 2847 3112 2916 polluta,
3142 2849 3272 2920 quid
3315 2858 3710 2921 consequeretur
3731 2863 3808 2904 ex-

2261 2938 2487 3008 pressit,
2530 2938 2780 2996 videlicet
2829 2942 3242 2998 renuntiandum
3287 2959 3410 3001 esse
3457 2943 3736 3009 alimentis,
3771 2943 3807 2998 si

2260 3047 2446 3088 eorum
2494 3035 2801 3106 propagatio
2833 3035 3092 3091 diabolica
3140 3037 3472 3096 crederetur.
3516 3038 3660 3096 Unde
3683 3047 3730 3094 et
3766 3047 3810 3093 lu

2261 3121 2399 3179 hanc
2441 3123 2838 3181 infamationem
2868 3127 3265 3184 commixtionis
3308 3145 3586 3202 corporum
3623 3128 3684 3184 ab
3719 3128 3809 3182 ani-

2263 3213 2487 3270 malibus
2529 3231 2810 3281 removes,
2857 3226 2915 3272 ut
2957 3217 3212 3274 subsistat
3235 3222 3378 3276 ratio
3406 3220 3694 3276 simulandi.
3722 3219 3809 3274 llo-

2262 3305 2435 3362 mines
2457 3315 2631 3362 tamen
2658 3308 2747 3378 qui
2773 3309 2841 3363 ad
2869 3309 3152 3381 imaginem
3175 3312 3274 3368 Dei
3304 3312 3428 3370 laeti
3455 3323 3598 3380 sunt,
3627 3319 3810 3385 pr0pler

2261 3395 2401 3452 hanc
2447 3398 2617 3468 ipsam
2664 3401 3151 3470 concupiscentiam
3175 3406 3572 3476 generantium,
3616 3406 3733 3460 dicis
3755 3403 3809 3458 ad

2255 3489 2346 3560 jus
2365 3492 2624 3549 daemonis
2649 3494 2936 3564 pertinere.
2967 3496 3142 3552 Ambo
3167 3498 3349 3570 igitur,
3375 3509 3429 3556 tu
3453 3509 3508 3556 et
3532 3499 3810 3556 Manichacus

2263 3598 2422 3639 unam
2454 3584 2661 3644 habetis
2684 3601 2900 3642 causam
2925 3588 3347 3645 substantiarum
3380 3589 3808 3663 vituperandarum

2261 3686 2317 3734 et
2360 3679 2880 3735 transcribendarum
2922 3681 3136 3738 diabolo
3174 3684 3316 3739 :scd
3355 3684 3444 3740 ille
3471 3693 3673 3756 propter
3698 3681 3810 3737 hanc

2261 3769 2597 3851 affectionem
2635 3787 2756 3843 qua:
2783 3773 3011 3828 sentitur
3032 3773 3087 3830 in
3125 3777 3356 3832 naturali
3398 3792 3587 3848 opere,
3629 3775 3809 3829 univer-

2261 3879 2349 3918 sas
2381 3865 2398 3894 ¹
2429 3863 2648 3920 damnat
2675 3865 3006 3930 animantes;
3054 3875 3112 3922 tu
3137 3875 3318 3922 autem
3362 3883 3466 3924 non
3509 3882 3711 3932 omnes,
3734 3861 3809 3919 sed

2260 3954 2402 4026 quod
2429 3964 2510 4010 est
2545 3956 2770 4022 foedius,
2801 3957 3070 4013 meliores.
3096 3959 3346 4016 Absolvis
3385 3960 3526 4016 enim
3567 3974 3713 4025 sues,
3738 3969 3811 4010 ωε

2262 4063 2394 4116 nes,
2437 4057 2490 4104 et
2517 4049 2728 4118 asinos,
2781 4058 2841 4104 ut
2884 4049 3208 4106 Manichazos
3233 4052 3406 4108 vitare
3443 4051 3692 4115 videaris;
3734 4045 3810 4102 sed

2261 4140 2482 4196 damnas
2501 4183 2517 4210 ,
2550 4151 2766 4213 propter
2794 4143 2898 4198 hoc
2925 4143 3064 4198 idem
3094 4145 3233 4214 quod
3277 4145 3628 4212 Maniclucus,
3654 4154 3811 4198 omnes

2262 4233 2508 4290 homines
2548 4235 2637 4306 qui
2673 4235 2741 4291 ad
2781 4235 3066 4307 imaginem
3112 4236 3204 4291 Dei
3251 4236 3376 4293 facti
3406 4247 3571 4293 sunt:
3613 4249 3671 4290 ac
3711 4245 3813 4288 nus-

2261 4341 2420 4396 quam
2474 4328 2673 4383 malum
2730 4328 2973 4382 naturale
3013 4329 3344 4384 constituens
3387 4329 3490 4385 nisi
3531 4329 3583 4383 in
3619 4324 3813 4394 imagine

2265 4415 2394 4484 Dei,
2423 4418 2758 4473 concionaris
2783 4427 2968 4475 contra
2995 4434 3095 4475 nos
3113 4459 3128 4486 ,
3158 4430 3437 4478 accusator
3458 4429 3742 4478 sanctorum
3762 4422 3806 4470 et

2263 4517 2517 4577 patronus
2543 4509 2838 4565 asinorum.

2331 4600 2466 4656 Anc.
2493 4600 2629 4668 Quid
2658 4609 2742 4657 est
2785 4601 2926 4672 quod
2969 4601 3136 4672 dicis,
3165 4604 3516 4660 calumniator
3551 4599 3814 4658 Catholico-

2260 4707 2377 4746 rum
2405 4701 2459 4747 et
2500 4692 2712 4763 adjutor
2756 4693 3204 4751 Manichaeorum?
3231 4697 3360 4768 quid
3387 4706 3472 4754 est
3510 4695 3643 4768 quod
3669 4689 3814 4748 dicis?

2259 4800 2416 4855 quem
2451 4793 2612 4840 tanta:
2656 4785 2964 4841 stoliditatis
2991 4787 3192 4858 pudere
3221 4788 3476 4855 deberet,
3517 4785 3709 4842 etiamsi
3737 4781 3813 4835 tibi

2258 4877 2464 4932 asinina
2510 4877 2658 4933 frons
2701 4888 2864 4934 esset.
2908 4878 3099 4936 Nonne
3140 4891 3418 4937 accusator
3453 4887 3735 4936 sanctorum
3773 4881 3816 4927 et

2260 4974 2519 5036 patronus
2539 4968 2811 5024 asinorum
2831 5011 2847 5037 ,
2878 4971 2947 5026 ab
2983 4971 3200 5028 homine
3226 4973 3384 5044 hujus
3407 4972 3581 5030 cordis
3615 4969 3750 5038 cujus
3771 4972 3814 5018 et

2258 5059 2374 5130 ipse
2399 5076 2460 5117 es
2476 5101 2492 5128 ,
2524 5063 2782 5133 appellari
2821 5073 3036 5135 posset,
3061 5066 3152 5138 qui
3175 5067 3412 5135 diceret,
3437 5063 3715 5139 ignorantia
3739 5073 3814 5114 ve-

2257 5152 2430 5210 ritatis
2468 5153 2712 5210 homines
2757 5155 2870 5212 ﬁeri
2899 5157 3125 5214 miseros
3173 5174 3363 5230 posse,
3391 5161 3566 5216 asinos
3591 5169 3710 5212 vero
3733 5165 3812 5208 nc-

2259 5245 2479 5302 sciendo
2509 5247 2789 5304 veritatem
2816 5249 3044 5306 miseros
3069 5265 3318 5307 essenon
3348 5251 3542 5322 posse?
3569 5250 3632 5305 Et
3657 5257 3808 5302 tamen

2256 5340 2535 5402 verissime
2584 5340 2804 5398 diceret.
2847 5342 2958 5400 Cur
3000 5359 3130 5415 ergo
3173 5361 3282 5400 non
3325 5345 3597 5415 intelligis,
3641 5341 3806 5401 asine,

2255 5431 2500 5488 similiter
2528 5447 2647 5488 esse
2673 5437 2893 5501 verum,
2923 5451 2989 5492 ex
3018 5437 3397 5492 commixtione
3421 5436 3577 5492 maris
3603 5443 3651 5504 et
3673 5428 3806 5486 femi-

2259 5538 2342 5578 nae
2366 5533 2616 5595 expertes
2649 5525 2828 5581 delicti
2857 5525 3102 5583 homines
3130 5530 3275 5585 nasci
3307 5544 3410 5584 non
3439 5543 3619 5599 posse,
3645 5533 3693 5580 et
3716 5521 3806 5576 asi-

2257 5632 2355 5673 nos
2379 5619 2572 5690 posse?
2597 5619 2678 5673 An
2709 5620 2828 5674 ideo
2860 5628 2911 5676 te
2940 5620 3216 5679 arbitraris
3241 5623 3473 5694 effugere
3502 5621 3806 5688 insequentes

2258 5709 2439 5782 plagas
2478 5711 2812 5767 auctoritatis
2859 5723 3018 5783 atque
3068 5715 3320 5787 rationis,
3353 5717 3472 5789 quia
3500 5714 3552 5771 in
3580 5711 3804 5771 societate

2321 5825 2336 5856 ¹
2371 5824 2444 5875 sic
2467 5832 2569 5876 MSS.
2593 5832 2641 5876 tn
2659 5827 2815 5890 vign.,
2845 5824 3100 5880 imit'crsos.
