3962 6494
153 372 276 430 1575

150 481 366 542 libidinis
387 521 404 544 ,
439 477 506 533 ad
546 491 761 534 currum
792 474 863 530 tui
911 472 1110 530 erroris
1130 515 1143 538 ,
1174 471 1416 528 homines
1440 483 1492 528 et
1535 473 1713 527 asinos

145 572 343 651 jungis?
382 571 498 626 Non
541 569 609 626 de
641 568 918 640 pecoribus
939 609 955 632 ,
986 565 1079 621 sed
1106 565 1173 621 de
1199 565 1500 620 hominibus
1526 566 1713 636 loque-

151 675 287 724 batur
313 665 660 728 Ambrosius,
692 655 778 716 ubi
806 661 918 715 ait:
955 677 974 711 ε
1009 659 1287 714 Servatum
1318 657 1584 728 estigitur
1605 697 1621 722 ,
1657 665 1716 712 ut

149 777 202 814 cx
231 758 338 810 viro
366 763 422 810 et
447 753 669 808 muliere
688 795 700 815 ,
730 751 782 805 id
806 760 888 805 cst
908 791 921 816 ,
953 766 1046 820 per
1073 749 1216 804 illam
1252 762 1532 818 corporum
1563 761 1714 801 eom-

150 847 476 909 mixtionem,
519 858 676 898 nemo
717 841 958 897 videatur
987 855 1177 911 expers
1220 854 1339 894 esse
1366 837 1543 892 dciiCti
1570 855 1589 889 ι
1626 836 1714 911 (In

152 936 367 1010 Isaiam).
421 937 570 991 Itane
617 937 749 1002 iste,
794 935 893 989 iste
933 933 1120 989 doctor
1160 933 1407 989 Ecclesiae
1440 935 1456 966 ¹
1497 948 1717 986 accusa-

149 1044 221 1087 tor
243 1037 356 1084 erat
402 1035 742 1094 sanctorum,
789 1035 842 1082 et
873 1035 1125 1095 patronus
1167 1023 1479 1079 asinorum?
1514 1022 1717 1093 Nempe

150 1117 480 1186 corruptibile
503 1131 700 1187 corpus
726 1125 810 1172 est
835 1124 888 1170 et
912 1115 1046 1170 asini
1073 1124 1126 1170 et
1149 1113 1416 1180 hominis;
1455 1122 1508 1168 ct
1539 1122 1716 1168 tamen

150 1228 242 1268 non
265 1209 403 1265 asini
434 1217 714 1279 aggravat,
763 1207 856 1262 sed
887 1207 1115 1262 hominis
1142 1207 1374 1260 animam
1405 1223 1418 1259 :
1450 1204 1518 1260 de
1544 1204 1718 1258 homi-

153 1319 207 1358 ne
231 1299 431 1372 quippe
468 1299 740 1368 Scriptura
767 1297 928 1362 dicit,
960 1295 1154 1364 Corpus
1179 1294 1506 1368 corruptibile
1534 1312 1718 1367 aggra-

150 1401 222 1448 rat
267 1392 494 1445 animam
546 1389 700 1461 (δίῳ.
753 1404 840 1453 Ix,
891 1385 999 1460 15).
1031 1387 1119 1443 Sic
1145 1401 1273 1456 ergo
1311 1395 1364 1440 ct
1410 1385 1461 1439 in
1506 1383 1720 1439 libidine

151 1498 368 1556 agnosce
388 1524 404 1548 ,
435 1491 489 1536 et
525 1481 733 1550 pecoris
765 1489 1034 1544 naturam,
1061 1487 1115 1534 et
1145 1477 1372 1532 hominis
1399 1491 1604 1546 pmnam
1628 1517 1643 1542 ,
1674 1475 1719 1530 si

152 1575 367 1630 animam
397 1588 501 1626 non
526 1571 692 1626 habes
716 1571 1000 1625 asininam.

211 1686 366 1743 LVII.
392 1686 513 1742 JUL.
547 1685 790 1740 Christus
820 1684 979 1754 igitur
1003 1698 1108 1737 non
1136 1681 1312 1736 minus
1341 1681 1504 1736 homo
1526 1694 1718 1746 verus,

151 1794 290 1850 quam
340 1793 499 1832 verus
547 1777 725 1841 Deus,
771 1774 902 1829 nihil
951 1774 1017 1829 de
1066 1772 1396 1828 naturalibus
1423 1772 1596 1826 minus
1625 1772 1722 1826 ha-

150 1871 248 1924 buit
272 1887 284 1922 :
320 1867 416 1923 sed
438 1867 640 1938 justum
660 1875 777 1920 crat
801 1875 855 1920 ut
879 1865 968 1936 qui
993 1862 1156 1918 dabat
1181 1863 1519 1935 perfectionis
1537 1878 1721 1919 exem-

152 1961 279 2030 plum
305 2001 322 2026 ,
373 1957 619 2012 omnibus
662 1957 914 2011 virtutum
942 1955 1129 2010 studiis
1153 1955 1497 2010 antecelleret
1515 1997 1529 2019 ,
1561 1953 1724 2008 casti-

151 2061 328 2119 tasque
353 2049 471 2118 ejus
495 2047 746 2103 continua
776 2046 1074 2116 integritate
1099 2045 1238 2100 celsa
1259 2085 1276 2111 ,
1309 2044 1455 2099 nullo
1485 2053 1722 2114 permota

153 2141 373 2196 libidinis
399 2141 658 2211 appetitu,
689 2154 807 2210 qua:
835 2141 856 2171 ²
883 2139 1032 2210 virgo
1056 2147 1252 2193 sancta:
1279 2137 1472 2192 mentis
1502 2137 1722 2192 exstite-

150 2245 248 2302 rat,
273 2243 331 2290 et
358 2236 596 2290 omnium
624 2247 875 2288 sensuum
901 2230 1153 2286 domitrix
1201 2228 1364 2284 animi
1395 2227 1722 2300 magnitudo,

151 2339 194 2384 et
214 2326 508 2398 superatrix
525 2325 789 2398 dolorum,
817 2324 1021 2380 cunctis
1039 2321 1300 2385 ﬁdelibus,
1318 2329 1373 2376 et
1396 2319 1728 2376 humanitate

151 2419 411 2475 imitabilis
439 2418 622 2485 ﬁeret,
656 2427 711 2473 et
746 2416 1069 2472 sublimitate
1095 2413 1371 2469 mirabilis.

211 2512 344 2566 Anc.
381 2509 525 2564 Dicis
568 2509 864 2563 castitatem
895 2504 1094 2561 Christi
1132 2505 1383 2560 continua
1426 2501 1727 2573 integritate

151 2602 333 2658 celsam
367 2619 381 2654 :
411 2601 506 2657 sed
535 2601 695 2655 homo
728 2615 786 2654 es
806 2640 820 2665 ,
850 2598 934 2653 cui
972 2615 1078 2653 nan
1111 2597 1316 2651 videtur
1343 2595 1557 2651 castitas
1586 2595 1726 2650 inte-

151 2711 234 2764 gra
253 2737 267 2761 ,
297 2693 386 2748 ubi
417 2691 779 2763 magnitudine
814 2698 869 2746 et
893 2688 1221 2761 perfectione
1263 2687 1549 2742 voluntatis
1573 2687 1728 2741 bonae

153 2803 244 2842 non
269 2787 443 2842 solum
469 2800 578 2841 non
618 2783 1022 2840 committuntur
1040 2823 1056 2850 ,
1106 2781 1201 2838 sed
1229 2795 1330 2836 nec
1355 2779 1639 2850 cupiuntur
1665 2778 1730 2832 il-

154 2881 304 2935 licita.
349 2878 484 2934 Nam
536 2879 626 2949 qui
677 2875 1002 2947 concupiscit
1059 2875 1230 2941 mala,
1283 2873 1388 2929 etsi
1428 2871 1728 2928 resistens'

156 2975 592 3044 concupiscentia:
613 2988 722 3028 sua:
741 2987 848 3027 non
877 2985 940 3027 ea
968 2977 1275 3040 perpetrat,
1308 2967 1492 3038 implet
1515 2965 1728 3037 quidem

154 3065 280 3136 quod
298 3066 556 3134 scriptum
584 3072 701 3131 est,
735 3060 860 3115 Post
895 3059 1326 3131 concupiscentia:
1353 3068 1467 3111 tuas
1507 3073 1607 3111 non
1647 3071 1731 3110 eas

158 3156 326 3224 (Eccli.
355 3169 484 3210 xvm
503 3195 518 3219 ,
550 3153 642 3227 50)
672 3171 685 3207 :
710 3152 805 3208 sed
835 3167 940 3208 non
969 3151 1153 3222 implet
1179 3149 1320 3222 quod
1351 3150 1426 3204 ait
1451 3149 1536 3204 lex
1559 3189 1575 3215 ,
1608 3146 1731 3202 Non

154 3249 460 3319 concupisces
488 3245 686 3317 (Exodi
715 3260 790 3298 xx
811 3285 828 3310 ,
869 3243 981 3314 17).
1016 3242 1258 3298 Christus
1292 3255 1420 3313 ergo
1439 3241 1528 3312 qui
1559 3241 1729 3312 legem

158 3339 534 3408 perfectissime
562 3337 834 3408 implevit,
865 3335 1005 3389 nulla
1035 3334 1213 3388 illicita
1237 3333 1568 3403 concupivit;
1608 3332 1731 3403 quia

158 3428 464 3484 discordiam
496 3427 674 3482 carnis
700 3435 756 3482 et
799 3425 1048 3496 spiritus,
1091 3441 1210 3496 qua:
1247 3425 1300 3479 iu
1329 3424 1601 3479 hominum
1633 3438 1729 3478 na—

163 3532 316 3575 turam
344 3537 410 3577 ex
439 3519 875 3591 przevaricatione
913 3518 1070 3588 primi
1102 3517 1333 3572 hominis
1357 3518 1545 3584 vertit,
1578 3532 1731 3587 pror-

161 3629 243 3666 sus
270 3613 353 3667 illc
386 3628 492 3664 non
540 3611 757 3677 habuit,
796 3610 884 3679 qui
930 3608 998 3664 de
1037 3608 1239 3678 Spiritu
1269 3617 1322 3662 et
1371 3607 1588 3677 Virgine
1625 3623 1732 3661 non

164 3719 248 3772 per
269 3703 751 3773 concupiscentiam
778 3702 954 3756 carnis
982 3709 1064 3755 est
1097 3708 1271 3753 natus.
1300 3697 1356 3752 In
1385 3699 1538 3752 nobis
1557 3706 1732 3752 autem

168 3811 288 3851 caro
311 3796 642 3866 concupiscit
666 3803 850 3849 contra
881 3793 1124 3863 spiritum
1169 3792 1348 3847 illicita
1374 3832 1388 3858 ,
1431 3791 1500 3844 ita
1531 3799 1588 3844 ut
1615 3804 1733 3843 om-

167 3888 282 3942 nino
329 3887 604 3958 perficiat,
647 3886 746 3940 nisi
797 3893 850 3938 ct
896 3892 1078 3939 contra
1128 3898 1342 3938 carnem
1392 3881 1609 3951 spiritus
1663 3880 1734 3935 ita

165 3982 523 4051 concupiscat,
582 3989 639 4034 ut
681 3979 875 4032 vincat.
923 3977 1064 4031 Dicis
1111 3985 1342 4030 mentem
1373 3973 1567 4028 Christi
1615 3988 1733 4027 om-

167 4075 300 4128 nium
329 4087 582 4128 sensuum
611 4070 944 4126 domitricem
976 4067 1106 4122 :sed
1137 4067 1238 4121 hoc
1265 4065 1585 4120 domandum
1613 4072 1695 4119 est
1717 4105 1732 4131 ,

166 4164 297 4233 quod
324 4163 523 4219 resistit
572 4180 586 4216 :
636 4177 762 4216 caro
788 4169 966 4214 autem
993 4157 1190 4214 Christi
1233 4156 1364 4212 nihil
1397 4155 1624 4210 habebat
1652 4155 1734 4210 in-

168 4257 439 4324 domitum,
469 4271 571 4312 nec
601 4255 652 4310 in
679 4255 856 4324 aliquo
897 4251 1103 4322 spiritui
1130 4249 1444 4313 resistebat,
1476 4257 1533 4302 ut
1556 4249 1622 4303 ab
1648 4248 1737 4302 illo

168 4362 276 4402 eam
289 4347 484 4402 domari
498 4354 786 4417 oporteret.
800 4344 916 4411 Quo
929 4342 1198 4413 proposito
1214 4340 1554 4412 perfectionis
1567 4355 1742 4395 exem-

174 4439 282 4508 plo,
312 4440 373 4493 ad
403 4439 505 4494 hoc
550 4453 610 4493 se
639 4437 799 4492 debet
843 4436 1018 4490 omnis
1058 4433 1294 4489 imitator
1331 4433 1650 4497 extendere,
1684 4443 1740 4488 ut

171 4531 615 4602 eoneupiscentias
647 4529 856 4593 carnis,
901 4543 1033 4598 quas
1062 4533 1206 4580 vetat
1243 4524 1529 4594 Apostolus
1559 4524 1738 4594 perﬁci

177 4623 356 4692 (Colat.
384 4641 415 4676 v
433 4665 451 4691 ,
483 4624 575 4693 IG)
595 4663 611 4690 ,
642 4623 840 4676 nitatur
868 4628 1024 4690 atque
1044 4625 1190 4686 optet
1217 4616 1427 4687 penitus
1450 4632 1555 4670 non
1578 4615 1742 4674 habe-

174 4729 232 4769 re
259 4731 272 4769 :
298 4715 370 4769 sic
393 4716 538 4769 enim
562 4729 653 4768 cas
677 4721 849 4782 potest
874 4717 1126 4782 provectu
1149 4707 1458 4779 quotidiano
1478 4707 1738 4775 minuere,

174 4820 295 4875 quas
318 4805 484 4860 nullas
510 4803 705 4858 habeat
723 4803 892 4856 salute
918 4799 1172 4870 perfecta.

241 4918 408 4974 LVIII.
435 4918 554 4974 JUL.
589 4916 670 4971 Tu
696 4915 858 4985 igitur
877 4955 892 4980 ,
938 4921 996 4968 ut
1019 4911 1198 4966 omnia
1219 4951 1236 4978 ,
1265 4907 1636 4980 profanissime
1659 4907 1742 4962 cf-

177 5008 304 5064 fatus
337 5023 428 5075 es,
475 5008 530 5062 in
559 5005 760 5062 Christi
802 5017 964 5060 carne
993 5017 1099 5056 non
1140 5000 1303 5054 fuisse
1331 4997 1471 5068 quod
1499 4997 1744 5054 humanae

177 5111 362 5156 natura:
389 5110 473 5158 est
504 5118 518 5154 :
545 5097 689 5170 quod
729 5104 874 5152 certe
914 5095 981 5150 de
1008 5093 1155 5150 nulla
1193 5092 1482 5161 Scriptura:
1509 5083 1744 5145 ra'liona-

177 5195 288 5251 bilis
310 5211 439 5251 vena
457 5237 473 5260 ,
503 5191 599 5250 sed
629 5192 696 5247 de
719 5189 837 5246 solo
869 5186 1282 5244 Manichaaorum
1311 5199 1468 5241 emno
1495 5184 1746 5253 deceptus

180 5289 403 5344 hausisti.
436 5288 633 5344 Verum
663 5296 719 5339 ut
757 5283 928 5352 major
951 5279 1104 5352 c0pia
1132 5277 1479 5336 defendenda:
1508 5276 1746 5332 veritatis

178 5389 452 5450 appareat,
479 5376 840 5433 concedamus
878 5382 931 5430 te
955 5372 1251 5429 somniasse
1271 5411 1286 5436 ,
1318 5370 1371 5424 iu
1396 5370 1606 5425 Christo
1631 5383 1749 5424 car-

179 5473 254 5526 nis
286 5488 439 5543 quam
481 5471 617 5527 dicis
661 5465 1149 5538 concupiscentiam
1195 5479 1302 5519 non
1352 5462 1545 5528 fuisse;
1601 5462 1744 5533 quod

182 5574 313 5622 certe
340 5568 391 5621 in
412 5562 690 5622 Manichaei
719 5561 867 5632 prius
886 5603 902 5625 ,
931 5569 1116 5632 postea
1143 5559 1196 5612 in
1225 5557 1546 5627 Apollinaris
1575 5555 1749 5612 furore

240 5703 254 5764 ε
291 5702 583 5764 vtgnierius:
611 5705 737 5748 nunc
753 5696 918 5764 doctor
941 5694 1028 5746 iste
1045 5690 1285 5744 Ecclesia).
1355 5699 1409 5740 ιι.

241 5763 258 5793 ³
287 5759 438 5812 uidex
467 5771 614 5818 Port.,
633 5759 872 5820 quonimn.

243 5825 260 5855 ³
290 5826 399 5875 anu
423 5857 438 5885 ,
462 5830 507 5874 cl
538 5816 628 5873 non
648 5816 887 5872 resistens.
917 5820 1214 5881 Castigantur
1235 5816 1293 5865 al
1318 5824 1416 5865 uss.

1452 355 1652 412 LIBER
1689 356 2037 426 QUARTUS.

3249 366 3385 424 1574

1822 475 2130 530 damnatum
2157 482 2280 530 esu
2314 481 2405 531 tuo
2453 481 2630 532 tamen
2675 477 2801 549 quid
2831 479 2996 550 possit
3023 479 3261 552 dogmati
3289 481 3399 535 suf-

1827 563 2054 635 fragari;
2083 579 2204 620 cum
2249 580 2354 620 non
2386 566 2640 622 continuo
2687 581 2998 638 sequeretur
3025 571 3220 626 malum
3247 584 3365 625 esse
3384 612 3396 635 ,

1821 656 1866 710 si
1893 657 2018 726 quid
2045 657 2136 712 ille
2178 672 2455 713 assumere
2483 658 2740 714 noluisset
2767 660 2825 714 ’ἲ
2851 661 3112 728 Quoniam
3141 661 3400 732 gradatim

1821 749 2186 804 crescentibus
2241 750 2446 804 meritis
2489 749 2789 819 bonorum,
2840 752 3107 808 diceretur
3156 755 3260 808 isse
3307 766 3400 822 per

1821 839 2019 908 optima
2040 881 2055 907 ,
2088 855 2189 895 nec
2215 839 2354 895 bona
2389 850 2566 897 tamen
2597 841 2730 896 infra
2761 859 2820 898 se
2858 843 3028 898 locata
3065 844 3398 913 superiorum

1822 930 2082 986 electione
2104 931 2406 988 damnasse.
2430 933 2707 1001 Quomodo
2732 934 2874 988 enim
2906 934 3117 1004 nuptias
3141 948 3245 988 non
3274 932 3406 985 infa-

1821 1021 2022 1090 mavit,
2070 1024 2424 1095 integritatem
2461 1035 2674 1081 secutus
2708 1044 2720 1079 :
2749 1026 2819 1080 ita
2848 1041 2947 1081 nec
2976 1040 3192 1080 sensum
3231 1025 3406 1078 carnis

1821 1115 2066 1185 genitalis
2112 1115 2447 1184 damnasset,
2497 1117 2543 1172 si
2586 1117 2703 1188 ejus
2745 1117 3154 1189 possibilitatem
3201 1130 3301 1172 nec
3353 1131 3407 1169 In

1823 1205 2115 1259 substantia
2137 1221 2231 1262 sua
2257 1205 2454 1262 habere
2478 1207 2750 1263 voluisset.

1893 1293 2031 1350 Avo.
2052 1294 2168 1350 Jam
2199 1298 2443 1366 superius
2470 1298 2615 1367 dixi,
2645 1297 2785 1368 quod
2827 1297 3072 1353 Christus
3099 1311 3204 1352 non
3234 1296 3407 1350 solmu

1824 1400 1930 1440 non
1961 1388 2322 1456 perpetravit,
2373 1388 2466 1444 sed
2497 1404 2595 1444 nec
2644 1391 2948 1460 concupivit
2974 1387 3205 1454 illicita,‘
3229 1395 3284 1443 ut
3312 1388 3410 1441 im-

1825 1477 1996 1548 pleret
2022 1479 2192 1550 legem
2222 1479 2507 1549 dicentem,
2529 1480 2648 1536 Non
2673 1483 3006 1553 concupisces.
3038 1482 3148 1536 Iloc
3170 1491 3316 1536 certe
3344 1479 3411 1534 de

1825 1578 2023 1624 sancta:
2048 1569 2336 1642 Scriptura:
2362 1589 2492 1628 vena
2511 1615 2526 1640 ,
2557 1589 2663 1629 non
2691 1575 2760 1630 dc
2801 1591 2957 1631 cceno
2996 1574 3408 1629 Manichaeorum

1827 1669 2007 1716 manat
2047 1662 2099 1717 in
2142 1663 2303 1718 corda
2336 1664 2570 1720 fidelium
2591 1709 2606 1733 ,
2639 1668 2780 1738 quod
2819 1676 3058 1723 vestrum
3089 1667 3277 1738 dogma
3318 1682 3412 1722 ex-

1825 1751 2044 1822 stinguit
2065 1753 2393 1810 haereticum.
2421 1755 2732 1814 Somniasse
2781 1774 2867 1814 me
2895 1759 3060 1826 dicis,
3093 1775 3198 1814 non
3245 1759 3411 1814 fuisse

1827 1842 1880 1897 in
1923 1841 2136 1900 Christo
2182 1847 2359 1901 carnis
2388 1849 2873 1918 concupiscentiam
2911 1843 3118 1921 spiritui
3157 1851 3411 1906 resisten-

1829 1941 1969 2001 tem;
2021 1936 2173 2007 cujus
2215 1946 2271 1992 tu
2315 1940 2474 1993 etiam
2520 1939 2650 2010 ipsis
2698 1942 2919 1998 somniis
2958 1957 3062 1998 non
3105 1943 3410 2014 pepercisti.

1835 2027 2106 2083 Dormisse
2135 2030 2330 2100 quippe
2372 2031 2616 2086 novimus
2651 2031 2954 2099 Christum,
2985 2035 3036 2088 in
3080 2049 3186 2104 quo
3216 2034 3259 2087 si
3300 2044 3415 2088 erat

1828 2118 1928 2173 ista
1971 2127 2061 2174 tua
2103 2131 2384 2191 suscepta,
2419 2123 2655 2194 profecto
2699 2125 2902 2195 sopitos
2947 2125 3063 2194 ejus
3106 2140 3294 2180 sensus
3319 2125 3415 2178 ali-

1827 2210 2039 2280 quando
2084 2227 2180 2282 per
2219 2213 2342 2268 talia
2391 2215 2598 2270 somnia
2634 2216 2946 2284 deludebat,
2995 2226 3053 2270 ut
3077 2217 3177 2272 sibi
3207 2219 3228 2248 ²
3255 2217 3414 2271 etiam

1828 2303 2183 2359 concumbere
2228 2305 2536 2373 videretur,
2577 2316 2737 2377 atque
2777 2308 2849 2362 ita
2878 2323 3003 2362 caro
3027 2307 3143 2378 ejus
3178 2307 3280 2362 isto
3326 2315 3415 2361 tuo

1829 2395 1970 2450 bono
1999 2395 2306 2452 stimulante
2344 2407 2609 2452 commota
2629 2440 2644 2464 ,
2677 2409 2731 2454 et
2767 2400 2821 2454 in
2867 2401 3071 2454 irritum
3099 2399 3417 2455 extenderet

1829 2484 2078 2554 genitalia
2104 2495 2158 2541 et
2187 2487 2334 2541 irrita
2361 2487 2662 2544 effunderet
2687 2489 2913 2544 semina.
2939 2491 2994 2546 Si
3021 2499 3198 2546 autem
3218 2491 3318 2547 hoc
3347 2490 3415 2545 de

1830 2575 2027 2632 Christi
2057 2593 2217 2634 carne
2239 2579 2260 2611 ³
2285 2580 2506 2637 credere
2534 2583 2903 2638 contremiscis
2930 2583 3058 2656 (non
3085 2584 3226 2638 enim
3257 2583 3333 2638 sic
3356 2598 3418 2638 es

1831 2666 2101 2738 lapideus,
2149 2677 2207 2724 ut
2243 2685 2348 2726 non
2379 2673 2792 2742 contremiscas,
2823 2673 2965 2745 quod
3007 2690 3106 2746 ego
3127 2714 3144 2742 ,
3171 2673 3416 2744 quamvis

1832 2767 1890 2814 ut
1927 2767 1979 2815 te
2018 2760 2423 2833 redarguerem,
2463 2763 2580 2820 sine
2606 2765 2785 2819 cordis
2833 2773 3008 2820 tamen
3053 2775 3284 2820 tremore
3310 2780 3414 2818 non

1831 2853 2000 2925 dixi);
2032 2853 2273 2925 profecto
2314 2855 2469 2911 fateri
2497 2856 2693 2925 debes,
2721 2866 2925 2912 natura:
2950 2857 3147 2913 Christi
3177 2872 3282 2912 non
3325 2872 3416 2912 so-

1833 2943 1943 2998 lum
1987 2945 2103 3000 sine
2149 2944 2428 3016 dispendio
2475 2946 2709 3002 defuisse
2744 2947 2904 3003 talem
2948 2947 3123 3002 carnis
3158 2946 3414 3016 concupi-

1833 3038 2113 3103 scentiam,
2138 3053 2322 3093 verum
2348 3039 2507 3094 etiam
2538 3053 2658 3094 cum
2685 3038 3036 3108 perfectarum
3068 3038 3224 3094 laude
3251 3039 3414 3092 virtu-

1834 3135 1978 3194 tum,
2011 3128 2219 3198 qualem
2265 3129 2750 3199 concupiscentiam
2782 3131 3026 3184 novimus
3069 3129 3216 3184 carni
3255 3137 3418 3184 caste-

1832 3233 2015 3272 rorum
2065 3218 2336 3272 hominum
2374 3228 2428 3275 et
2457 3219 2690 3289 ipsorum
2736 3235 2841 3274 non
2869 3219 3058 3274 deesse
3087 3229 3414 3274 sanctorum.

1833 3308 1984 3376 Quod
2027 3318 2203 3363 autem
2231 3309 2368 3364 dicis
2387 3351 2403 3377 ,
2450 3324 2555 3364 non
2582 3324 2700 3364 esse
2729 3325 3059 3380 consequens
3087 3317 3144 3364 ut
3169 3309 3271 3364 hoc
3297 3324 3414 3363 ma-

1834 3402 1941 3456 lum
1973 3401 2074 3467 sit,
2106 3402 2313 3456 etiamsi
2343 3401 2607 3456 concedas
2637 3400 2689 3456 id
2728 3399 2995 3456 Christum
3025 3401 3257 3456 noluisse
3287 3415 3408 3455 sus-

1837 3491 2054 3561 cipere;
2083 3491 2219 3546 sicut
2253 3506 2358 3545 non
2395 3491 2515 3546 ideo
2541 3491 2812 3546 damnavit
2840 3492 3069 3562 nuptias,
3102 3492 3222 3562 quia
3251 3491 3420 3544 noluit

1836 3583 2036 3638 habere
2063 3583 2366 3654 conjugium
2396 3603 2410 3639 :
2447 3583 2548 3637 hoc
2585 3583 2651 3636 de
2677 3582 2894 3637 libidine
2925 3598 3175 3653 pecorum
3197 3582 3298 3637 dici
3327 3597 3420 3651 po-

1837 3684 1939 3729 test
1962 3717 1976 3741 ,
2009 3675 2201 3744 quibus
2243 3674 2363 3728 ideo
2393 3689 2497 3728 non
2541 3681 2628 3728 est
2673 3675 2868 3728 malum
2889 3715 2905 3740 ,
2937 3675 3057 3744 quia
3090 3690 3193 3728 non
3224 3673 3422 3728 habent

1837 3765 2060 3820 rationis
2090 3765 2318 3830 bonum,
2366 3764 2505 3818 unde
2550 3779 2676 3817 caro
2716 3779 2902 3818 eorum
2935 3780 3038 3819 non
3078 3764 3421 3832 concupiscat

1837 3855 2090 3910 adversus
2129 3856 2402 3924 Spiritum;
2433 3855 2572 3924 quod
2602 3870 2730 3908 vero
2761 3855 2960 3909 resistit
2990 3855 3198 3924 spiritui
3246 3855 3421 3908 homi-

1840 3945 1923 3999 nis
1966 3946 2194 3999 volentis
2245 3945 2417 4000 facere
2460 3945 2690 4010 bonum,
2733 3945 3061 4015 quantalibet
3098 3945 3422 4015 loquacitate

1839 4036 1933 4090 abs
1975 4044 2025 4090 te
2053 4034 2400 4102 defendatur,
2448 4051 2551 4089 non
2581 4044 2662 4090 est
2709 4035 2926 4089 bonum.
2955 4035 3042 4090 Sic
3086 4035 3244 4104 igitur
3267 4036 3422 4091 Chri-

1841 4137 1951 4181 stus
1981 4127 2234 4182 abstinuit
2255 4143 2283 4179 a
2312 4136 2529 4196 peccato
2549 4169 2564 4194 ,
2595 4135 2654 4181 ut
2679 4126 2968 4182 abstineret
2995 4127 3152 4182 etiam
3180 4127 3246 4182 ab
3277 4128 3421 4182 omni

1841 4218 2128 4289 cupiditate
2174 4219 2375 4287 peccati
2429 4235 2442 4272 :
2497 4233 2600 4272 non
2631 4227 2689 4272 ut
2736 4219 2786 4273 ei
2825 4219 3071 4274 existenti
3117 4219 3424 4286 resisteret,

1842 4313 1935 4368 sed
1959 4323 2014 4368 ut
2041 4314 2125 4368 illa
2154 4329 2422 4383 nunquam
2451 4329 2668 4383 prorsus
2689 4313 2975 4379 existeret;
3004 4329 3109 4367 non
3135 4314 3275 4383 quod
3304 4328 3426 4367 eam

1844 4420 1949 4458 non
1994 4414 2170 4474 posset
2212 4404 2409 4459 habere
2446 4405 2490 4458 si
2537 4406 2725 4468 vellet,
2757 4405 2849 4458 sed
2890 4419 2994 4458 non
3034 4413 3180 4459 recte
3222 4404 3423 4469 vellet,

1843 4493 1982 4565 quod
2013 4510 2134 4549 eum
2157 4510 2280 4548 caro
2310 4494 2512 4564 peccati
2539 4510 2696 4564 quam
2728 4510 2833 4547 non
2861 4495 3109 4563 gerebat,
3141 4493 3299 4547 etiam
3335 4493 3418 4547 in-

1845 4585 2009 4639 vitum
2041 4584 2240 4639 habere
2270 4600 2374 4638 non
2396 4594 2628 4654 cogeret.
2658 4583 2886 4638 Proinde
2913 4584 3001 4638 ille
3027 4585 3108 4638 vir
3137 4583 3429 4653 perfectus,

1845 4691 1950 4731 non
1982 4691 2079 4745 per
2123 4675 2606 4744 concupiscentiam
2656 4684 2842 4740 natus,
2892 4692 3012 4746 qua:
3061 4675 3433 4732 indifferenter

1845 4769 2046 4838 appetit
2071 4775 2124 4822 ct
2169 4767 2353 4821 illicita
2396 4775 2448 4822 et
2479 4767 2647 4832 licita,
2695 4767 2789 4820 sed
2817 4766 2884 4821 de
2927 4765 3126 4837 Spiritu
3165 4775 3350 4822 sancto
3375 4777 3431 4824 et

1847 4862 2049 4930 virgine
2089 4860 2249 4916 Maria
2270 4903 2285 4929 ,
2322 4860 2571 4931 quidquid
2603 4861 3134 4930 concupivit,'licuit;
3168 4861 3427 4932 quidquid

1849 4969 1953 5008 uon
1996 4952 2171 5019 licuit,
2202 4969 2309 5006 non
2335 4953 2659 5022 concupivit.
2689 4952 2854 5008 Natus
2882 4953 3023 5007 enim
3051 4953 3119 5009 de
3147 4969 3308 5009 carne
3333 4968 3430 5024 per

1849 5052 2088 5100 sanctum
2119 5043 2452 5112 concipiente
2477 5043 2766 5113 Spiritum,
2791 5043 2928 5098 absit
2966 5052 3023 5098 ut
3047 5045 3098 5098 in
3124 5059 3184 5100 se
3211 5043 3433 5100 haberet

1851 5137 2165 5193 discordiam
2195 5137 2369 5192 carnis
2396 5143 2450 5189 et
2475 5136 2710 5206 spiritus.

1922 5230 2057 5286 LIX.
2089 5229 2207 5284 Jun.
2241 5229 2308 5283 Et
2334 5236 2391 5281 ut
2408 5243 2495 5283 res
2517 5227 2670 5298 plana
2690 5228 2868 5298 aliquo
2887 5226 3232 5283 confirmetur
3252 5243 3434 5283 exem-

1857 5321 1960 5391 plo,
1993 5320 2183 5374 melius
2211 5328 2294 5373 est
2321 5317 2516 5373 habere
2548 5317 2806 5372 rationem
2826 5359 2842 5385 ,
2875 5332 3031 5388 quam
3061 5333 3166 5370 non
3199 5316 3433 5372 habere:

1855 5415 2098 5470 homines
2127 5421 2300 5467 autem
2341 5411 2682 5468 rationabiles
2725 5410 2848 5465 facti
2885 5419 3041 5478 sunt,
3079 5425 3267 5480 pecora
3308 5425 3438 5465 vero

1857 5503 2232 5561 irrationabilia
2261 5520 2274 5559 ε
2307 5519 2413 5557 non
2454 5511 2628 5558 tamen
2665 5501 2786 5557 ideo
2824 5501 2945 5572 quia
2983 5500 3211 5555 humana
3252 5509 3437 5556 natura

1923 5693 1938 5721 ι
1974 5686 2262 5749 vignierius,
2287 5682 2521 5749 voluisset.
2547 5685 2718 5749 Verius
2735 5689 2860 5743 ttss.,
2884 5678 3122 5731 noluisset.

1925 5753 1943 5781 ³
1980 5743 2278 5811 \‘iiguierius,
2388 5753 2591 5811 M41352,
2611 5743 2719 5795 sibi.

1930 5814 1948 5844 ³
1981 5805 2060 5862 sit?
2073 5817 2174 5859 Mss.
2204 5816 2255 5858 Al
2281 5808 2413 5868 editi,
2433 5805 2613 5858 dicere.
