3962 6502
563 382 702 441 1375

558 501 987 572 quadrupedibus
1015 509 1242 556 antestat
1264 544 1278 568 ,
1309 500 1671 573 quadrupedia
1700 507 1790 553 aut
1816 497 2012 552 malum
2045 495 2141 551 ali-

557 593 697 661 quod
718 634 733 658 ,
764 604 857 649 aut
884 594 1073 649 diaboli
1104 609 1237 664 opus
1265 609 1385 649 esse
1420 592 1642 649 dicenda
1671 600 1812 646 sunt.
1853 588 1960 644 Fac
1990 604 2139 659 ergo,

556 685 805 751 quoniam
831 684 1096 753 Christus,
1122 701 1242 740 cum
1269 701 1363 741 sua
1390 684 1626 741 membra
1653 682 1924 747 formaret,
1956 680 2142 735 nolue-

555 772 627 827 rit
650 774 729 828 eis
759 790 972 830 sensum
1003 775 1298 831 admiscere
1325 774 1654 846 genitalium,
1684 788 1789 844 quo
1816 786 2004 827 usurus
2034 785 2141 825 non

555 876 672 919 erat
701 883 713 918 :
745 881 870 921 num
898 867 1016 923 ideo
1044 883 1163 922 cum
1193 865 1340 922 Isaac
1358 909 1373 934 ,
1399 866 1594 932 Jacob,
1627 875 1681 921 et
1705 864 1940 920 omnium
1968 877 2142 918 mem-

557 954 652 1010 bra
675 956 924 1027 fingebat,
948 960 1130 1029 eisque
1152 968 1205 1014 et
1225 974 1408 1013 sexum
1429 957 1587 1012 dabat
1610 965 1665 1012 et
1684 971 1920 1023 sensum,
1944 953 2139 1009 malum

556 1043 754 1115 aliquid
783 1047 1046 1103 faciebat?
1072 1050 1174 1103 Aut
1198 1046 1269 1103 ad
1290 1048 1404 1103 hmc
1430 1048 1648 1103 veniens
1670 1048 1709 1113 ³,
1741 1047 1795 1101 in
1822 1044 2141 1116 adjutorium

556 1138 849 1195 advocabat
882 1140 1147 1196 diabolum
1168 1182 1184 1206 ,
1216 1151 1273 1196 ut
1298 1140 1551 1196 membris
1579 1153 1697 1209 qua:
1725 1138 1836 1208 ipse
1861 1133 2142 1207 compege-

556 1240 673 1296 rat,
706 1234 1006 1287 necessaria
1033 1232 1417 1287 oblectamenta
1446 1230 1731 1285 misceret?
1760 1228 1867 1284 Nec
1894 1228 2140 1297 exiguum

555 1319 843 1390 quidquam
871 1322 1028 1392 igitur
1051 1322 1269 1378 omnino
1299 1322 1458 1394 (sicut
1484 1333 1537 1376 et
1567 1322 1620 1376 in
1651 1322 1779 1386 hoc,
1809 1329 1863 1375 et
1888 1319 1940 1374 in
1968 1320 2144 1389 priore

556 1425 738 1481 opere,
768 1414 876 1469 Deo
905 1415 1187 1485 adjuvante
1214 1412 1646 1486 monstravimus)
1675 1430 1771 1485 per
1798 1412 1992 1467 Christi
2023 1427 2143 1482 per-

557 1518 744 1561 sonam
782 1517 965 1562 contra
996 1508 1172 1563 divina
1199 1524 1361 1579 opera
1388 1509 1630 1563 obtinere
1663 1507 1900 1578 potuisti.
1943 1504 2146 1561 Claruit

557 1595 698 1649 enim
727 1598 857 1652 nihil
886 1599 1059 1654 minus
1085 1600 1151 1654 de
1176 1609 1363 1655 natura
1390 1599 1686 1664 hominum,
1713 1596 2003 1654 Salvatoris
2025 1612 2144 1651 cor-

558 1702 656 1754 pus
685 1687 952 1744 habuisse.

629 1780 765 1836 Auc.
794 1781 904 1836 lino
932 1782 1121 1837 claruit
1152 1783 1423 1839 hominum
1452 1793 1717 1851 naturam,
1749 1783 1815 1838 ad
1841 1783 1983 1839 illam
2010 1783 2145 1839 inte-

557 1880 821 1940 gritatem,
850 1874 1243 1943 rectitudinem,
1268 1876 1515 1944 salutem,
1546 1876 1596 1930 in
1621 1890 1725 1946 qua
1754 1875 1996 1946 primitus
2019 1891 2143 1931 con-

557 1960 667 2016 dita
696 1973 777 2017 est
796 2005 810 2028 ,
846 1964 1023 2020 minus
1052 1966 1165 2021 haec
1196 1966 1390 2022 habere
1430 1982 1571 2023 nunc
1597 1968 1793 2022 omnia.
1826 1966 1973 2023 Ilanc
2000 1967 2146 2023 venit

556 2052 799 2110 Christus
828 2057 1223 2129 redintegrare,
1256 2059 1542 2131 corrigere,
1575 2070 1733 2131 atque
1760 2076 1971 2129 sanare,
2006 2062 2143 2118 inte-

554 2161 648 2216 ger
676 2148 791 2204 sine
822 2150 923 2204 ulla
961 2151 1334 2221 corruptione,
1369 2160 1549 2208 rectus
1581 2153 1698 2209 sine
1728 2153 1833 2207 ulla
1864 2154 2141 2223 pravitate,

554 2237 738 2292 salvus
765 2240 879 2295 sine
907 2241 1007 2295 ulla
1036 2243 1325 2313 cupiditate
1355 2244 1578 2313 peccati.

626 2327 739 2383 LX.
772 2331 891 2387 Jun.
921 2333 999 2388 Ac
1028 2350 1123 2404 per
1146 2334 1270 2402 hoc,
1305 2336 1355 2390 in
1382 2351 1446 2390 ea
1475 2344 1661 2391 natura
1689 2352 1793 2391 non
1825 2346 1999 2407 potest
2026 2353 2147 2395 esse

556 2429 854 2489 peceatum,
887 2438 1006 2477 cum
1036 2423 1087 2478 in
1115 2424 1204 2479 illo
1227 2425 1280 2480 in
1306 2442 1410 2496 quo
1437 2434 1546 2482 tota
1571 2435 1673 2494 est,
1697 2427 1826 2483 nihil
1853 2428 2146 2499 iniquitatis

558 2521 829 2565 IIIVCIIIUIH
858 2522 959 2567 est.

631 2601 764 2656 Auc.
806 2602 1141 2670 lmmaniter,
1180 2604 1419 2673 Iuliane,
1458 2605 1832 2678 blasphemas,
1863 2622 2145 2680 cetequans

557 2706 769 2748 carnem
800 2693 997 2751 Christi
1040 2705 1353 2753 cancrorum
1398 2698 1669 2753 hominum
1713 2697 1893 2765 cami;
1938 2715 2035 2755 nec
2064 2700 2145 2755 vi-

557 2784 691 2839 dens
718 2785 862 2841 illum
890 2788 1101 2845 venisse
1129 2805 1234 2844 non
1266 2791 1317 2844 in
1346 2806 1507 2846 carne
1531 2792 1757 2862 peccati,
1789 2791 1884 2847 sed
1917 2794 1966 2846 in
1992 2794 2145 2848 simi-

557 2876 781 2932 litudine
801 2879 976 2933 carnis
996 2881 1197 2951 peccati
1225 2880 1398 2952 (Rom.
1422 2898 1534 2945 vin,
1559 2881 1636 2953 5),
1660 2882 1801 2953 quod
1823 2883 1966 2938 nullo
1987 2883 2146 2941 modo

557 2983 742 3022 vermn
769 2979 930 3036 esset,
961 2970 1062 3026 nisi
1091 2982 1405 3028 caeterorum
1435 2984 1578 3029 esset
1605 2990 1730 3030 caro
1756 2975 1980 3045 peccati.

628 3058 764 3114 LXI.
796 3059 916 3115 JUL.
953 3061 1397 3134 Concupiscentia
1443 3067 1621 3138 itaque
1662 3083 1881 3123 sexuum
1901 3111 1916 3134 ,
1949 3071 2062 3124 sive
2090 3069 2146 3125 in

557 3148 756 3205 Christi
801 3167 963 3209 carne
1005 3154 1137 3225 fuit,
1181 3158 1293 3212 sive
1322 3173 1426 3212 non
1460 3158 1582 3226 fuit,
1616 3158 1755 3213 mala
1795 3168 1850 3214 et
1886 3158 2146 3217 diabolica

561 3256 666 3296 non
697 3240 939 3299 docetur.

628 3335 765 3392 Anc.
796 3335 1236 3408 Concupiscentia
1265 3340 1442 3396 carnis
1466 3340 1604 3397 mala
1631 3353 1712 3397 est
1731 3383 1747 3408 ,
1776 3350 1830 3398 et
1856 3343 2067 3415 quando
2094 3345 2146 3401 ei

560 3440 668 3481 non
694 3429 1023 3484 consentitur
1051 3429 1116 3484 ad
1144 3431 1341 3485 malum
1370 3449 1384 3485 :
1416 3432 1527 3502 ipsa
1559 3442 1641 3487 est
1674 3432 1849 3500 enim,
1887 3448 1990 3504 qua
2019 3450 2146 3492 caro

557 3519 886 3588 concupiscit
914 3520 1173 3577 adversus
1196 3523 1476 3593 spiritum;
1507 3524 1716 3579 etiamsi
1745 3525 2000 3581 adversus
2026 3541 2145 3582 eam

556 3609 966 3678 concupiscente
991 3611 1178 3681 spiritu
1199 3654 1213 3681 ,
1241 3628 1348 3668 non
1382 3613 1620 3685 perficiat
1648 3615 1791 3687 quod
1818 3625 2061 3687 conatur,
2094 3619 2146 3674 id

557 3704 661 3765 est,
694 3714 828 3770 opus
862 3700 1081 3756 malum.

626 3790 785 3847 LXII.
817 3792 936 3849 Jun.
969 3794 1051 3850 Ad
1076 3795 1176 3851 alia
1205 3795 1284 3853 ire
1310 3795 1504 3854 festino
1524 3840 1538 3866 ,
1571 3798 1665 3855 sed
1691 3799 1913 3854 multum
1945 3800 2033 3856 hic
2062 3816 2147 3856 re-

554 3898 673 3937 rum
702 3882 1054 3940 admiratione
1082 3885 1305 3958 deligor.
1340 3887 1439 3955 Qui
1482 3887 1534 3942 in
1562 3888 1723 3943 alium
1744 3890 1765 3921 ²
1797 3898 1973 3945 tantus
2003 3889 2148 3946 furor

555 3982 667 4039 est,
692 3984 752 4029 ut
778 3975 823 4029 si
850 3974 1153 4047 Scripturas
1181 3993 1288 4033 non
1324 3978 1574 4050 intelligis
1593 4021 1609 4048 ,
1638 3980 1720 4036 vel
1748 3989 1835 4036 tua
1870 3980 2009 4037 dicta
2040 3996 2147 4037 non

556 4064 860 4135 penderes?
884 4066 978 4122 sed
1017 4068 1090 4123 ita
1118 4071 1504 4140 argumentaris
1526 4070 1758 4141 jugiter,
1801 4080 1858 4127 ut
1892 4072 2148 4143 quidquid

553 4155 771 4224 jeceris,
798 4168 1039 4212 recurrat
1062 4158 1115 4213 in
1145 4168 1195 4215 te
1224 4159 1423 4231 impetu
1448 4161 1754 4232 grandiore.
1785 4162 1972 4217 Dixisti
1997 4177 2147 4217 nem-

558 4259 645 4316 pe,
668 4246 869 4302 nullam
898 4262 1018 4304 esse
1043 4264 1257 4304 causam
1286 4248 1525 4320 pudoris,
1550 4261 1744 4321 praeter
1763 4252 2149 4323 concupiscen-

558 4337 683 4392 tiam
711 4338 890 4394 carnis
916 4338 970 4394 in
995 4339 1313 4410 genitalibus
1335 4341 1356 4372 ⁸
1384 4342 1615 4397 motibus
1640 4353 2001 4414 apparentem.

626 4429 760 4485 Auc.
786 4428 903 4485 Non
934 4430 1035 4487 hoc
1063 4431 1193 4486 dixi.
1221 4431 1356 4488 Sunt
1384 4432 1525 4487 enim
1555 4441 1609 4489 et
1632 4433 1751 4489 aliae
1776 4449 1951 4490 causae
1981 4434 2147 4506 pudo-

556 4520 653 4587 ris,
683 4521 797 4578 sive
826 4538 894 4578 ne
923 4521 1015 4579 Iiat
1040 4523 1240 4596 aliquid
1267 4524 1407 4596 quod
1436 4540 1542 4580 non
1569 4525 1743 4595 decet,
1774 4526 1887 4583 sive
1913 4526 2037 4599 quia
2067 4527 2147 4583 fa-

556 4620 701 4667 ctum
742 4622 844 4671 est.
891 4615 997 4671 Sed
1043 4615 1201 4686 hujus
1243 4614 1462 4685 pudoris
1504 4616 1572 4674 de
1613 4633 1719 4690 quo
1754 4634 1894 4675 nunc
1921 4619 2145 4690 agimus,

556 4719 677 4761 cum
720 4706 976 4776 quaeritur
1015 4722 1205 4777 causa,
1251 4707 1343 4763 illa
1383 4709 1663 4765 verissima
1710 4710 2004 4781 reperitur,
2044 4725 2148 4781 qua

555 4795 753 4851 factum
783 4805 867 4852 est
895 4806 952 4852 ut
977 4797 1093 4854 hare
1120 4798 1357 4855 membra
1385 4800 1632 4870 pudenda
1658 4802 1871 4871 pr0prie
1892 4816 2149 4859 vocaren-

556 4895 672 4953 tur,
703 4902 820 4956 qum
848 4888 995 4958 prius
1021 4889 1268 4960 pudenda
1298 4906 1403 4946 non
1434 4891 1676 4961 fuerunt,
1707 4892 1919 4965 quando
1946 4893 2020 4948 illi
2048 4891 2150 4948 ho-

556 4977 730 5032 mines
755 4978 883 5034 recti
912 4987 1072 5050 atque
1098 4979 1318 5051 perfecti
1347 4981 1475 5037 nudi
1504 4991 1677 5049 erant,
1707 4992 1761 5038 et
1787 4998 1890 5038 non
1918 4983 2151 5055 pudebat

554 5084 668 5125 eos.
697 5069 847 5137 Quod
887 5072 931 5126 si
973 5072 1263 5143 prudenter
1296 5072 1532 5144 cogitare
1572 5073 1862 5140 voluisses,
1896 5089 2002 5130 non
2035 5075 2151 5146 ipse

554 5160 889 5229 impudenter
916 5161 1124 5218 veritati
1153 5162 1600 5220 manifestissima:
1629 5163 1935 5220 restitisses.

624 5250 807 5306 LXIII.
839 5251 959 5307 Jun.
1005 5252 1139 5309 Esse
1178 5261 1357 5309 autem
1405 5253 1739 5326 sacrilegium
1767 5253 1809 5324 ’⁵,
1841 5253 2148 5326 pudendum

552 5341 750 5413 aliquid
780 5343 921 5414 quod
950 5344 1089 5400 Deus
1117 5343 1310 5401 fecisse
1336 5345 1613 5413 credatur,
1647 5354 1841 5417 praeter
1866 5347 2007 5405 hanc
2030 5363 2149 5405 ear-

554 5435 637 5491 nis
662 5434 1146 5507 concupiscentiam
1171 5435 1413 5508 judicare
1443 5456 1457 5492 :
1483 5438 1752 5494 Christum
1774 5456 1903 5496 vero
1927 5456 2032 5496 non
2055 5440 2149 5496 hac

621 5612 637 5675 ξ
672 5611 833 5675 codex
856 5620 1001 5675 Port.,
1025 5618 1109 5675 aut
1130 5612 1235 5664 Ilth
1256 5612 1447 5665 veniens
1461 5626 1479 5675 ,°
1500 5615 1697 5672 omisso,
1722 5615 1805 5665 ad.

618 5674 637 5740 ξ
672 5674 790 5723 Editi
814 5688 826 5722 :
849 5673 1156 5740 minutiam.
1180 5673 1482 5740 castigantur
1502 5690 1599 5740 ope
1622 5677 1799 5727 codicis
1822 5683 1945 5728 Port.

617 5734 639 5798 ἒ
674 5742 821 5798 Port.,
845 5735 1137 5798 genitalium.

619 5795 639 5825 ⁸
674 5796 747 5845 sic
769 5795 875 5865 Mss:
907 5805 962 5865 At
998 5797 1132 5858 editi,
1156 5800 1459 5865 sacrilegum.
1506 5807 1560 5865 Et
1582 5798 1703 5865 infra
1733 5799 1987 5859 ferebant,
2013 5796 2144 5865 iudi-

553 5868 697 5920 care,
722 5870 825 5923 pro,
844 5856 1075 5922 judicare
1104 5856 1127 5914 ς’
1146 5875 1201 5914 ac
1218 5898 1233 5928 ,
1253 5856 1638 5929 invErecundt'w,
1662 5862 1796 5926 loco,
1821 5856 2138 5915 t'erecwtdt'a'.

1231 378 1474 438 ΟΡΕῆιὸ
1510 377 1923 436 IMPERFECTI
1964 374 2234 434 CONTRA
2273 373 2636 446 JULIANUM,
2676 375 2731 433 S.
2774 375 3142 436 AUGUSTINI

3702 383 3837 440 1376

2247 491 2424 547 buisse
2454 491 2590 546 hanc
2615 491 3095 563 concupiscentiam
3128 492 3330 559 carnis,
3371 508 3489 565 qua:
3518 497 3831 552 mortalibus

2247 581 2372 637 facit
2396 598 2610 638 causam
2640 584 2875 654 pudoris.
2910 585 3046 654 Quid
3085 584 3245 657 igitur
3268 584 3336 641 ad
3362 584 3834 653 hmc’occurreret,

2246 690 2355 729 non
2384 673 2589 738 vidisti,
2631 675 2880 731 videlicet
2907 675 3107 731 nudum
3146 691 3268 732 eum
3289 717 3305 745 ,
3348 676 3397 732 id
3432 686 3517 733 est
3540 677 3835 743 Christum,

2247 763 2630 819 conventiculis
2649 764 2898 822 debuisse
2923 765 3171 831 misceri;
3199 781 3301 822 nec
3322 766 3553 838 aliquem
3579 784 3836 825 veream-

2246 854 2349 911 dize
2375 855 2570 912 habere
2595 867 2918 927 reSpcctum,
2947 873 3014 913 ne
3042 858 3375 931 sacrilegium
3401 859 3541 931 quod
3565 875 3838 917 commen-

2247 949 2377 1004 taris
2411 949 2741 1018 incurreret,
2770 951 2821 1005 in
2847 967 3007 1008 carne
3034 951 3281 1009 videlicet
3308 967 3402 1008 sua
3422 995 3439 1021 ,
3480 969 3600 1025 quae
3637 969 3836 1010 concu-

2248 1040 2560 1112 piscentiam
2600 1058 2707 1099 non
2750 1042 3013 1112 habebat,
3050 1044 3117 1100 de
3151 1045 3263 1100 suis
3298 1055 3354 1101 et
3380 1045 3553 1101 Patris
3585 1046 3838 1117 operibus

2248 1132 2590 1190 erubescens.
2624 1133 2679 1189 Si
2720 1144 2896 1192 autem
2935 1137 2984 1192 ei
3029 1144 3083 1191 et
3119 1120 3550 1207 concupiscentia
3580 1153 3690 1193 non
3720 1136 3833 1204 fuit,

2248 1234 2302 1281 et
2328 1235 2506 1281 tamen
2532 1226 2620 1282 ille
2648 1236 2731 1283 est
2760 1227 2977 1297 pudoris
3008 1225 3217 1283 functus
3255 1227 3465 1294 oflicio;
3500 1227 3835 1283 irrefutabili-

2250 1325 2331 1371 ter
2354 1317 2514 1372 etiam
2544 1317 2833 1373 secundum
2864 1327 2918 1373 te
2942 1319 3287 1388 approbatur,
3315 1320 3696 1376 verecundiam
3720 1334 3834 1376 cor-

2248 1409 2362 1479 pori
2394 1408 2625 1464 humano
2650 1409 2879 1465 debitam
2903 1452 2918 1478 ,
2951 1425 3053 1466 non
3081 1411 3265 1467 calori.

2318 1500 2452 1557 Auc.
2487 1499 2589 1555 Ista
2617 1509 2704 1556 tua
2730 1502 2936 1556 ratione
2963 1510 3070 1556 tam
3097 1511 3249 1558 acuta
3278 1510 3333 1561 et
3354 1503 3650 1573 exquisita,
3678 1502 3833 1560 debet

2248 1593 2429 1663 negari
2454 1592 2748 1663 baptismus
2776 1593 2993 1650 Joannis
3020 1593 3173 1651 datus
3200 1595 3360 1651 fuisse
3389 1597 3442 1649 in
3472 1596 3832 1665 paenitentiam

2250 1694 2609 1755 peccatorum,
2636 1687 2759 1758 quia
2785 1703 2850 1743 eo
2873 1687 3168 1758 baptizatus
3192 1696 3275 1744 est
3301 1687 3574 1754 Christus,
3603 1687 3694 1758 qui
3719 1689 3835 1743 nul-

2248 1777 2358 1834 lum
2390 1779 2619 1834 habebat
2647 1779 2866 1834 omnino
2900 1788 3196 1850 peccatum.
3231 1779 3290 1835 Si
3319 1788 3496 1834 autem
3529 1779 3703 1850 potuit
3739 1780 3831 1834 alia

2247 1884 2429 1938 causa,
2458 1885 2562 1927 non
2592 1887 2653 1927 ea
2679 1888 2781 1943 qua
2808 1874 3006 1938 caeteri,
3042 1872 3295 1942 baptizari
3316 1914 3332 1939 ,
3366 1871 3416 1927 id
3440 1880 3549 1937 est,
3579 1887 3690 1926 non
3716 1887 3834 1941 pro-

2249 1970 2367 2032 pter
2392 1977 2609 2017 carnem
2639 1963 2863 2033 peccati,
2893 1979 3051 2034 quam
3077 1978 3182 2017 non
3209 1961 3472 2027 habebat;
3505 1962 3600 2018 sed
3624 1971 3836 2033 prepter

2248 2053 2645 2109 similitudinem
2668 2054 2845 2109 carnis
2869 2055 3089 2125 peccati,
3117 2069 3275 2125 quam
3300 2069 3396 2125 pro
3420 2053 3697 2109 liberanda
3721 2069 3838 2124 pec-

2248 2144 2350 2200 cati
2379 2158 2539 2199 carne
2577 2153 2924 2213 susceperat:
2955 2145 3126 2216 potuit
3156 2144 3316 2200 etiam
3355 2145 3596 2200 membra
3639 2152 3833 2216 tegere,

2248 2249 2354 2289 non
2385 2249 2449 2290 ea
2475 2248 2633 2289 causa
2660 2250 2762 2305 qua
2789 2235 3005 2301 caeteri;
3038 2233 3134 2291 sed
3175 2244 3232 2290 ut
3267 2235 3344 2289 sic
3381 2242 3705 2305 congrueret
3744 2251 3835 2305 pu-

2248 2326 2420 2382 denda
2457 2326 2784 2397 tegentibus,
2814 2326 2946 2382 nihil
2985 2327 3185 2383 habens
3213 2327 3552 2399 pudendum;
3582 2327 3836 2398 quemad-

2248 2417 2463 2473 modum
2481 2418 2775 2488 baptizatus
2789 2421 3035 2490 congruit
3052 2420 3451 2491 paenitentibus,
3470 2420 3602 2475 nihil
3619 2420 3839 2478 abluens

2248 2509 2634 2580 paenitendum.
2676 2510 2947 2567 Decebant
2987 2513 3183 2582 quippe
3221 2511 3626 2567 similitudinem
3668 2513 3838 2567 carnis

2249 2600 2487 2670 peccati,
2516 2614 2578 2656 ea
2604 2600 2794 2672 quibus
2822 2600 3092 2675 indigebat
3116 2617 3242 2657 caro
3266 2600 3491 2674 peccati.
3522 2601 3838 2673 Quanquam

2247 2700 2303 2749 et
2328 2692 2441 2762 ipsa
2469 2693 2677 2763 species
2702 2692 2921 2748 humani
2950 2693 3191 2764 corporis
3221 2692 3381 2762 nudi,
3411 2693 3738 2765 ubicumque
3766 2694 3840 2749 in-

2248 2784 2405 2841 solita
2434 2792 2538 2851 est,
2570 2782 2858 2841 humanum
2888 2784 3109 2842 oll‘endit
3136 2795 3433 2857 aspectum.
3463 2784 3621 2843 Unde
3647 2795 3705 2841 et
3731 2787 3838 2841 An-

2248 2875 2352 2948 geli
2398 2877 2487 2948 qui
2537 2876 2812 2933 hominum
2864 2878 3065 2935 similes
3114 2878 3419 2935 hominibus
3460 2886 3836 2951 apparuerunt,

2246 2968 2423 3023 vestiti
2452 2982 2710 3039 apparere
2741 2970 3060 3033 voluerunt.
3093 2970 3229 3025 sicut
3258 2969 3486 3025 humana
3512 2969 3838 3025 consuetudo

2249 3060 2520 3131 poscebat.
2552 3059 2659 3117 Sed
2686 3059 2801 3116 haec
2826 3061 3156 3117 consuetudo
3181 3062 3225 3117 si
3249 3061 3392 3118 unde
3412 3062 3676 3133 originem
3704 3075 3841 3116 sum-

2249 3155 2416 3224 pserit
2455 3153 2834 3221 recordemur,
2876 3155 3108 3210 occurrit
3134 3154 3290 3225 primi
3318 3169 3477 3210 causa
3509 3153 3753 3225 peccati,
3792 3153 3839 3209 in

2248 3246 2352 3302 illis
2373 3244 2701 3315 hominibus,
2730 3248 2817 3318 qui
2848 3247 3153 3318 priusquam
3183 3254 3484 3318 peccarent,
3512 3246 3771 3304 decenter
3793 3256 3841 3303 et

2248 3336 2474 3393 honeste
2498 3347 2651 3393 erant
2676 3336 2728 3393 in
2750 3338 2871 3393 loco
2891 3346 3051 3393 tanta:
3071 3337 3411 3394 beatitudinis
3429 3337 3579 3405 nudi,
3607 3338 3839 3393 nondum

2249 3427 2451 3483 scilicet
2478 3428 2545 3484 de
2572 3444 2668 3484 sua
2694 3443 2856 3483 carne
2876 3469 2893 3497 ,
2923 3443 3043 3499 quae
3073 3427 3386 3484 inobediens
3414 3427 3840 3485 inobedientibus

2200 3564 2209 3573 .
2248 3518 2456 3575 reddita
2482 3527 2597 3587 est,
2638 3528 2823 3575 contra
2861 3520 3104 3589 spiritum
3134 3519 3588 3590 concupiscente‘
3614 3519 3836 3575 confusi.

2248 3609 2387 3666 Nihil
2411 3625 2537 3683 ergo
2564 3621 2616 3667 te
2643 3611 2857 3682 adjuvat
2881 3612 3078 3667 Christi
3102 3611 3287 3681 vestis,
3312 3619 3372 3668 ut
3394 3611 3840 3683 concupiscentia

2248 3702 2425 3757 carnis
2452 3701 2701 3758 defensor
2729 3701 3010 3773 impudens
3040 3718 3147 3758 non
3176 3705 3270 3759 sis.

2322 3791 2508 3848 LXIV.
2537 3792 2656 3849 Jun.
2699 3793 2860 3849 Vides
2897 3793 3055 3864 igitur
3099 3792 3295 3849 frustra
3337 3802 3390 3850 te
3430 3802 3711 3864 peccatum
3749 3807 3841 3849 vo-

2249 3897 2431 3951 casse,
2461 3884 2506 3938 si
2526 3885 2548 3916 ⁸
2573 3885 2626 3939 in
2655 3883 2740 3941 his
2768 3884 3017 3955 cperibus
3035 3926 3050 3950 ,
3091 3899 3211 3956 qute
3239 3885 3379 3939 Deus
3404 3883 3531 3940 fecit
3550 3926 3567 3953 ,
3597 3886 3839 3940 velamen

2250 3972 2510 4029 fateamur
2532 3974 2912 4043 adhibendum,
2939 3975 3080 4046 quod
3106 3975 3365 4031 Dominus
3386 3983 3570 4031 noster
3591 3984 3652 4031 et
3676 3974 3841 4031 homi-

2250 4065 2336 4121 nis
2365 4067 2620 4122 formator
2650 4067 2911 4135 instituit,
2952 4076 3007 4122 et
3043 4066 3205 4122 homo
3241 4066 3413 4124 factus
3450 4069 3715 4124 exercuit.
3747 4068 3841 4124 Det

2250 4170 2379 4213 sane
2419 4158 2628 4214 veniam
2667 4159 2965 4214 reverentia
2996 4158 3402 4229 Redemptoris,
3443 4160 3567 4230 quia
3595 4160 3663 4215 ad
3693 4175 3839 4215 asse-

2250 4247 2471 4305 rendam
2500 4248 2779 4305 veritatem
2807 4249 3068 4321 mysterii,
3094 4248 3617 4322 Manichaeorumque
3647 4251 3837 4321 ﬂagitia

2250 4342 2570 4399 destruenda
2591 4383 2606 4410 ,
2636 4342 2903 4413 loquimur
2936 4341 3005 4397 de
3039 4357 3199 4398 carne
3228 4343 3345 4413 ejus
3373 4342 3665 4409 audacter;
3703 4343 3839 4412 quod

2250 4433 2353 4490 nisi
2388 4432 2520 4488 fides
2546 4432 2813 4504 exigeret,
2850 4432 3149 4489 reverentia
3175 4432 3416 4488 modesta
3445 4448 3552 4488 non
3581 4441 3837 4505 tangeret.

2321 4524 2458 4582 Aue.
2487 4523 2605 4580 Non
2633 4523 2889 4579 audacter
2926 4522 2992 4580 de
3017 4538 3179 4579 carne
3202 4521 3399 4577 Christi
3430 4523 3671 4593 loqueris
3698 4537 3838 4587 vera,

2251 4618 2345 4675 sed
2371 4617 2652 4673 infeliciter
2678 4616 2846 4683 falsa;
2879 4630 2983 4670 non
3013 4615 3081 4671 ad
3107 4615 3518 4671 Manichaeorum
3539 4657 3554 4681 ,
3585 4615 3727 4671 sicut
3753 4614 3840 4670 tibi

2250 4709 2507 4767 blandiris
2525 4751 2540 4777 ,
2569 4709 2764 4781 ﬂagitia
2793 4708 3115 4764 destruenda
3137 4750 3153 4776 ,
3186 4707 3281 4764 sed
3312 4708 3487 4779 potius
3522 4705 3837 4778 adjuvanda.

2252 4801 2308 4858 Si
2338 4800 2683 4857 Manichreum
2727 4800 2929 4871 cogitas
2970 4799 3223 4866 vincere,
3273 4798 3382 4853 noli
3427 4797 3608 4854 dicere
3649 4798 3839 4855 bonum

2252 4908 2373 4950 esse
2398 4893 2540 4964 quod
2570 4901 2652 4950 est
2678 4893 2912 4959 malum;
2944 4892 3041 4949 sed
3068 4892 3153 4948 dic
3178 4891 3320 4947 unde
3344 4891 3416 4947 sit
3436 4891 3639 4948 malum
3658 4933 3674 4958 ,
3705 4890 3841 4961 quod

2252 4984 2538 5040 ostendere
2566 4999 2672 5041 non
2712 4992 2867 5055 potes
2904 4983 3122 5039 bonum.
3156 4982 3269 5039 Hoc
3294 4982 3439 5037 enim
3467 4996 3590 5038 esse
3615 4982 3688 5037 de
3710 4995 3843 5054 pm

2252 5077 2580 5133 varieatione
2602 5076 2756 5148 primi
2781 5076 3015 5132 hominis
3037 5076 3165 5131 dum
3189 5090 3297 5131 non
3320 5075 3403 5131 vis
3420 5089 3544 5131 cum
3563 5072 3841 5131 Ambrosio

2251 5155 2434 5227 dicere
2461 5168 2798 5244 (Antor-ocius,
2826 5170 2914 5224 lib.
2940 5169 2972 5223 7
2996 5170 3051 5223 in
3077 5167 3206 5224 an.
3229 5166 3325 5241 xu)
3342 5209 3358 5235 ,
3388 5167 3632 5238 profecto
3657 5166 3839 5233 efﬁcis,

2254 5269 2312 5317 ut
2357 5260 2427 5318 de
2472 5260 2645 5317 aliena
2696 5268 2885 5317 natura
2934 5257 3256 5316 Manichacus
3302 5274 3491 5316 verum
3539 5272 3601 5316 se
3643 5258 3843 5330 jaetitet
3882 5298 3897 5318 ι

2252 5352 2452 5410 dicere.

2323 5442 2484 5500 LXV.
2517 5442 2636 5499 Jun.
2677 5460 2699 5496 ‹
2725 5442 2834 5500 Sed
2863 5444 2992 5510 iste,
3021 5460 3042 5496 ι
3074 5442 3251 5514 inquis
3270 5484 3285 5508 ,
3319 5460 3340 5495 ι
3370 5441 3545 5499 noluit
3572 5442 3842 5498 nominare

2249 5534 2732 5606 concupiscentiam
2756 5534 2966 5601 carnis;
2996 5541 3136 5589 tacet
3158 5533 3281 5604 quia
3309 5531 3493 5603 pudet,
3530 5547 3598 5589 ac
3617 5532 3771 5599 mira,
3795 5531 3840 5585 si

2250 5626 2353 5684 dici
2380 5633 2575 5698 potest,
2599 5624 2818 5696 pudoris
2842 5623 3168 5696 impudentia
3188 5623 3468 5680 nominare
3489 5623 3678 5694 pudet,
3698 5618 3837 5691 quod

2315 5804 2332 5895 ί
2366 5798 3247 5895 mendam:-
3271 5798 3331 5850 ad
3353 5803 3461 5849 uss.
3486 5801 3597 5846 tm.
3622 5772 3849 5895 et

2313 5867 2332 5896 ι
2366 5863 2637 5915 addidimus
2655 5894 2672 5922 .
2694 5863 2751 5926 si,
2773 5875 2838 5915 ex
2860 5868 2941 5915 Ms.
2968 5869 3091 5915 Port.
3826 5902 3830 5913 .
