3962 6492
123 379 241 439 i577

118 494 312 552 laudare
334 508 438 552 non
461 493 621 566 pudet
650 511 669 544 ι
703 489 802 565 (De
825 487 1031 560 Nuptiis
1061 493 1105 539 et
1136 484 1567 555 Concupiscentia,
1591 483 1679 538 lib.

118 587 165 653 2,
182 604 229 640 ιι.
258 583 372 655 I7).
398 585 651 656 Displicet
679 582 837 654 igitur
866 579 981 646 tibi,
1008 577 1130 648 quia
1158 576 1400 631 novimus
1426 589 1685 630 verecun-

118 675 244 733 dior:
282 684 498 744 nostra,
529 673 819 731 secundum
861 668 1206 741 Apostolum,
1241 665 1540 722 necessaria
1579 663 1682 718 ho-

120 778 303 827 nestate
344 768 567 826 velanda
597 766 648 842 (l
676 766 794 822 Cor.
830 781 940 832 xu,
975 760 1106 834 25);
1138 760 1259 832 quia
1290 760 1342 814 in
1373 759 1476 813 hoc
1502 757 1682 813 consi-

120 864 227 917 lium
263 862 540 933 sequitur‘
578 859 920 925 Conditoris,
966 866 1025 912 ut
1065 853 1207 926 quod
1255 853 1342 909 ille
1385 850 1439 907 in
1480 860 1685 908 secreta

119 952 343 1023 corporis
363 959 516 1023 parte
539 950 832 1017 constituit,
862 962 959 1004 nos
987 945 1204 1004 totidem
1229 942 1533 1000 verecundo
1559 958 1688 1015 ope-

120 1046 296 1100 riamus
326 1042 561 1099 obtectu.

175 1137 306 1192 Anc.
334 1134 446 1193 Res
468 1135 604 1191 dicis
630 1132 920 1202 mirabiles,
948 1140 1073 1188 tunc
1097 1129 1266 1186 Adam
1293 1136 1346 1185 et
1365 1128 1526 1184 Evam
1549 1127 1688 1183 Con-

122 1226 286 1285 ditoris
310 1242 433 1283 esse
457 1236 667 1284 secutos
688 1225 992 1289 consilium,
1024 1222 1239 1295 quando
1263 1223 1378 1293 ejus
1400 1222 1688 1277 deseruere

122 1328 463 1391 przeoeptum,
515 1317 788 1389 sequendo
833 1316 1114 1372 consilium
1166 1313 1484 1385 deceptoris.
1535 1312 1690 1367 Prius

121 1412 239 1469 enim
283 1427 446 1482 quam
490 1409 594 1466 hoc
635 1410 833 1466 malum
877 1415 1310 1480 perpetrassent,
1354 1422 1476 1462 cum
1517 1406 1690 1462 adhuc

122 1509 280 1556 essent
303 1499 438 1556 recti
457 1508 617 1571 atque
640 1498 880 1570 perfecti,
902 1515 1009 1554 non
1029 1498 1388 1570 sequebantur
1408 1497 1688 1553 consilium

123 1592 429 1661 Conditoris,
456 1592 676 1664 utquod
698 1592 792 1649 ille
817 1591 873 1647 in
899 1599 1104 1648 secreta
1128 1590 1372 1662 corporis
1396 1598 1546 1662 parte
1564 1604 1692 1645 con-

122 1685 297 1751 stituit,
337 1684 536 1739 nudum
579 1684 975 1754 relinquerent,
1016 1696 1118 1738 nec
1145 1680 1447 1738 verecundo
1475 1680 1692 1736 obtectu

123 1777 314 1850 aperire
339 1776 625 1832 curarent?
654 1775 825 1831 Homo
852 1773 1345 1846 impudentissime,
1385 1772 1524 1844 quod
1564 1788 1689 1828 sen-

124 1878 286 1925 serunt
321 1868 539 1940 quando
575 1868 931 1937 erubuerunt,
965 1867 1184 1924 laudare
1222 1867 1374 1938 pejus
1409 1876 1493 1923 est
1531 1881 1690 1938 quam

124 1960 324 2014 nudare.

180 2048 359 2104 LXVI.
396 2048 519 2104 Jun.
560 2047 667 2105 Has
713 2058 890 2105 tamen
931 2048 1289 2107 elocutionum
1334 2047 1689 2116 diversitates,

124 2156 234 2212 quas
259 2151 318 2197 tu
346 2157 454 2198 non
480 2142 655 2198 solum
682 2157 792 2198 non
820 2142 1043 2198 imitaris
1061 2183 1077 2209 ,
1107 2158 1290 2198 verum
1326 2142 1483 2198 etiam
1509 2142 1692 2197 crimi—

125 2237 264 2299 naris,
292 2250 524 2305 quarum
551 2249 650 2290 nos
676 2234 992 2306 adjuvamur
1019 2233 1229 2301 ofﬁciis,
1260 2249 1366 2289 non
1396 2234 1693 2305 linguarum

126 2327 365 2390 omnium,
389 2325 486 2382 sed
502 2340 696 2397 graeca:
714 2333 770 2382 et
787 2324 967 2382 latinae
986 2325 1158 2381 cultus
1184 2325 1403 2381 invenit.
1431 2324 1694 2381 Caeterum

126 2419 297 2488 lngua:
336 2417 490 2484 alia),
521 2432 639 2489 quas
677 2418 948 2474 naturales
985 2426 1275 2484 vocantur,
1307 2417 1377 2474 ob
1415 2417 1516 2474 hoc
1551 2417 1695 2490 quod

124 2510 236 2564 nihil
261 2511 346 2565 eis
380 2518 475 2565 aut
510 2524 672 2580 opum
708 2517 803 2586 aut
843 2508 1033 2565 nitoris
1074 2508 1246 2565 studia
1284 2516 1464 2564 secuta
1504 2517 1695 2565 contu-

127 2600 297 2665 lerint,
349 2600 681 2672 simplicibus
719 2600 938 2657 omnino
981 2599 1285 2659 nominibus
1332 2599 1696 2655 membrorum

125 2695 397 2749 abutuntur
424 2712 439 2749 :
469 2693 609 2750 unde
634 2702 690 2751 et
711 2693 852 2765 apud
882 2693 1167 2759 Hebmos,
1197 2708 1426 2764 quorum
1448 2707 1698 2749 sermone

125 2784 500 2855 Scriptus-arum
539 2785 739 2857 peritas
767 2785 1097 2854 continetur,
1134 2785 1363 2856 propriis
1386 2784 1565 2842 omnia
1595 2800 1696 2842 vo-

126 2875 310 2931 cahulis
351 2875 672 2932 indicantur.

184 2967 319 3025 Ana.
346 2967 570 3025 Multum
592 2965 795 3043 falleris
823 2984 838 3022 :
868 2968 1018 3039 quasi
1044 2968 1097 3024 in
1117 2966 1335 3026 hebrmo
1354 2969 1567 3041 eloquio
1588 2985 1697 3027 non

125 3058 185 3113 sit
211 3059 415 3128 tropica
452 3059 688 3127 locutio,
735 3059 787 3115 in
823 3074 926 3130 qua
957 3060 1139 3131 utique
1166 3075 1271 3117 non
1314 3062 1564 3132 propria,
1603 3062 1699 3119 sed

128 3150 364 3204 translata
409 3161 538 3206 sunt
580 3150 762 3205 verba.
808 3151 1008 3207 Verum
1054 3152 1156 3207 hoc
1193 3152 1577 3223 qualecumque
1603 3153 1697 3223 sit,

125 3237 232 3310 quid
258 3248 314 3297 te
344 3228 642 3313 adjuvat’?
668 3242 729 3298 In
759 3242 986 3299 hebrwis
1014 3252 1160 3301 certe
1191 3245 1356 3301 sacris
1381 3245 1596 3303 Litteris
1623 3247 1702 3303 le-

124 3332 274 3402 gitur,
302 3341 364 3387 et
387 3334 607 3405 quando
630 3334 702 3391 illi
731 3335 888 3406 primi
916 3335 1160 3392 homines
1189 3337 1314 3393 nudi
1344 3337 1573 3407 fuerint,
1600 3354 1701 3396 nec

125 3424 355 3493 puduerit
378 3440 513 3492 eos;
544 3436 599 3483 et
623 3426 837 3498 quando
861 3427 928 3484 de
952 3443 1045 3485 sua
1073 3428 1313 3486 nuditate
1335 3430 1541 3487 confusi
1568 3432 1696 3503 sint,

128 3527 302 3590 etqua:
338 3519 585 3577 membra
613 3522 839 3577 texerint
866 3521 1017 3596 (Gen.
1043 3540 1108 3590 ιι,
1131 3524 1322 3597 ἳό-ιιι,
1350 3525 1440 3598 7);
1481 3535 1542 3585 ιιι
1579 3543 1702 3599 pos-

126 3624 286 3666 scmus
312 3627 479 3668 nosse
504 3613 630 3684 quid
659 3615 947 3683 senserint,
976 3625 1031 3671 et
1059 3616 1200 3673 unde
1229 3618 1432 3675 confusi
1462 3621 1591 3676 sint.
1619 3622 1699 3678 Tu

124 3702 163 3756 si
186 3703 259 3758 vis
283 3706 336 3759 in
371 3704 476 3760 hac
504 3719 666 3760 causa
697 3713 748 3761 te
776 3706 915 3763 unde
952 3706 1294 3765 eonfunderis
1335 3718 1547 3782 tegere,
1577 3722 1696 3769 tan-

124 3793 226 3849 dem
265 3804 405 3852 tace.

181 3886 381 3943 LXVII.
425 3887 548 3944 Jun.
590 3888 894 3960 Eademque
939 3891 1242 3959 securitate,
1293 3888 1398 3964 qda
1442 3894 1608 3965 pedes
1645 3906 1701 3953 et

122 3993 295 4047 genua,
324 3980 493 4035 etiam
518 3980 768 4051 genitalia
799 3981 1074 4055 utriusque
1102 3998 1262 4041 sexus
1289 3995 1562 4042 vocantur.
1591 3989 1699 4046 Nos

124 4082 235 4123 sane
260 4084 360 4124 nec
387 4085 516 4125 cum
546 4070 645 4126 ista
675 4071 995 4142 suﬂ'ragetur
1018 4074 1327 4143 auctoritas,
1363 4077 1700 4148 pudentioris

122 4158 294 4228 eloquii
336 4159 665 4216 adminicula
715 4161 1045 4232 negleximus
1076 4181 1090 4218 :
1122 4165 1245 4234 quia
1295 4168 1698 4237 reprehensioni

120 4247 412 4314 justissima:
448 4259 615 4320 patet,
647 4252 764 4307 sine
799 4252 908 4307 ullo
947 4255 1278 4324 negotiorum
1304 4267 1488 4314 coactu
1517 4261 1701 4332 negle-

120 4348 222 4395 ctus
237 4341 477 4407 decoris,
507 4343 597 4412 qui
628 4358 733 4398 non
761 4343 936 4399 minus
961 4345 1013 4399 in
1047 4346 1222 4403 verbis
1247 4364 1404 4417 quam
1436 4351 1488 4405 in
1519 4354 1698 4423 operi-

122 4430 226 4499 bus,
245 4443 506 4505 quantum
533 4435 808 4507 pertulerit
843 4452 1019 4493 cause
1052 4439 1209 4505 ratio,
1248 4442 1559 4500 retinendus
1593 4455 1696 4502 est.

121 4521 266 4593 Igitur
286 4527 419 4596 quia
443 4526 877 4597 concupiscentia
918 4528 1176 4585 naturalis
1220 4546 1319 4586 nec
1359 4533 1577 4602 pudnris
1605 4551 1702 4607 op-

120 4616 318 4684 probrio
347 4618 526 4689 potuit
552 4620 787 4690 coargui,
813 4628 868 4675 et
887 4619 1191 4676 Conditoris
1218 4624 1297 4678 sui
1324 4624 1579 4695 dignitate
1603 4628 1701 4685 de-

119 4706 252 4764 fensa
276 4718 383 4776 est,
415 4708 484 4764 ad
520 4708 622 4764 hoc
644 4710 814 4765 solum
834 4751 851 4778 ,
900 4725 1006 4766 non
1033 4720 1090 4765 ut
1118 4713 1268 4784 quasi
1318 4731 1566 4786 magnum
1599 4718 1696 4775 bo-

119 4815 253 4868 num,
278 4801 484 4872 quippe
509 4800 651 4871 quod
679 4800 786 4855 sit'
813 4800 1117 4857 hominibus
1147 4805 1531 4878 pecoribusque
1553 4823 1700 4864 com-

118 4909 284 4960 mune,
316 4893 420 4950 scd
444 4894 599 4965 quasi
625 4895 985 4950 necessarium
1014 4895 1232 4951 sexibus
1263 4897 1696 4969 instrumentum,

106 5001 130 5038 a
162 4987 276 5056 jure
294 4988 609 5045 daemonum
631 4987 914 5053 vindicata,
935 4987 1074 5043 inter
1089 4987 1205 5057 ejus
1224 5004 1386 5060 opera
1413 4991 1697 5062 locaretur,

117 5079 195 5147 qui
214 5079 476 5135 mundum
498 5078 623 5133 fecit
647 5086 710 5133 et.
723 5092 946 5148 corpora
972 5093 1002 5133 a
1030 5079 1173 5133 nullo
1194 5089 1372 5136 autem
1400 5092 1697 5153 accusatur,

116 5170 205 5225 nisi
232 5186 265 5225 a
303 5170 625 5233 Manichaee,
654 5177 710 5225 et
737 5168 1072 5225 Traduciano
1100 5168 1214 5241 ejus
1252 5170 1465 5228 hmrede
1490 5190 1505 5227 :
1534 5189 1701 5245 appa-

115 5259 226 5314 ret‘
250 5261 518 5316 naturalis
537 5260 762 5331 peccati,
796 5263 947 5330 cujus
978 5274 1137 5316 omne
1168 5262 1469 5333 praesidium
1507 5264 1559 5321 in
1604 5281 1699 5321 na-

170 5460 183 5490 ¹
218 5466 388 5516 ινα-ιε,
410 5456 676 5521 sequimur.

165 5524 185 5552 ’
219 5521 450 5592 medius
471 5519 680 5592 omissus
706 5520 1023 5592 iste__versus:
1053 5527 1224 5573 Verum
1247 5519 1339 5592 hoc
1358 5523 1704 5592 qualecumque

109 5582 187 5658 sit,
356 5589 405 5656 te
425 5580 990 5658 adjuvatjihttestituitur
1003 5596 1074 5658 ex
1105 5580 1454 5658 manuscripts:

108 5647 189 5755 sit:
221 5642 538 5709 nguierius,
584 5642 723 5696 absit.
788 5651 898 5695 alar.
945 5643 1097 5708 ειυ..
1152 5647 1300 5701 adsit.
1346 5642 1519 5702 'Oodex
1554 5659 1697 5717 Port.,

166 5746 185 5798 ἶ
221 5768 510 5840 vignierius
524 5801 541 5826 ,
563 5773 767 5840 apparet
790 5775 965 5820 niuem.
986 5770 1233 5823 nedundat
1250 5773 1495 5837 particula,
1523 5782 1702 5839 manu,

107 5843 195 5880 nec
218 5839 299 5882 est
324 5831 378 5879 in
419 5831 766 5893 manumiptis.

1456 363 1657 421 LIBER
1697 363 2042 435 QUARTUS.

3230 376 3370 434 I378

1791 491 1923 540 tura:
1970 485 2431 545 criminationibus
2480 487 2735 559 hmrcbat,
2784 498 2950 548 totum
2979 494 3260 552 evanuisse
3307 496 3387 552 Ωο.

1788 588 2081 647 gmcntum.

1861 670 1997 727 Auc.
2040 672 2176 729 Ecce
2197 671 2370 730 adhuc
2395 674 2526 731 dicis
2549 677 3030 749 concupiscentiam
3053 682 3370 749 naturalem,

1790 775 1914 816 ecce
1937 761 2113 818 adhuc
2145 772 2400 835 quantum
2426 776 2597 838 potes,
2626 778 2926 840 susceptam
2958 780 3122 840 tuam,
3154 790 3220 829 ne
3246 791 3374 846 pose

1791 851 1862 906 sit
1888 868 2007 922 quae
2034 854 2102 908 sit
2127 854 2616 930 intelligi,contegis
2627 860 2870 932 ambigua
2900 871 3047 919 veste
3067 865 3371 921 verborum.

1791 940 1897 998 Cur
1916 944 2058 999 enim
2084 960 2189 1001 non
2209 947 2359 1015 dicis,
2389 947 2831 1021 Concupiscentia
2859 955 3069 1020 carnis;
3100 956 3196 1014 sed
3215 957 3372 1024 dicis,

1799 1051 1818 1085 ι
1849 1036 2276 1105 concupiscentia
2324 1040 2662 1096 naturalis?»
2701 1041 2898 1101 Nonne
2940 1049 3372 1118 concupiscentia

1793 1124 2134 1184 beatitudinis
2158 1138 2241 1185 est
2277 1133 2706 1203 concupiscentia
2735 1137 3027 1192 naturalis?
3065 1138 3175 1193 Cur
3205 1139 3378 1195 ambi-

1790 1231 1894 1288 gue
1918 1218 2188 1290 loqueris?
2215 1221 2383 1290 Quam
2413 1224 2661 1280 tuendam
2697 1228 3006 1298 suscepisti,
3045 1230 3248 1301 appella
3276 1246 3376 1286 suo

1794 1309 2010 1366 nomine
2041 1327 2056 1366 :
2086 1311 2214 1381 quid
2242 1314 2481 1370 vereris?
2521 1318 2602 1370 An
2636 1317 2687 1371 in
2723 1320 2861 1373 mala
2898 1335 3059 1375 causa
3093 1321 3210 1391 ejus
3241 1322 3378 1380 forte

1794 1402 2054 1470 turbatus,
2084 1404 2281 1461 oblitus
2309 1422 2368 1463 cs
2393 1408 2519 1479 quid
2544 1412 2798 1466 vocetur?
2832 1411 2946 1468 Imo
2968 1428 3092 1469 vero
3125 1414 3377 1486 vigilante

1795 1495 2072 1562 memoria,
2092 1512 2197 1552 non
2218 1497 2296 1553 vis
2307 1513 2425 1553 eam
2439 1502 2613 1556 carnis
2633 1503 3113 1576 concupiscentiam
3129 1510 3375 1563 nomina-

1794 1598 1881 1639 re:
1901 1587 2037 1640 nosti
2059 1588 2198 1642 enim
2224 1589 2375 1645 laude
2396 1590 2510 1660 ejus
2530 1592 2726 1648 offendi
2740 1610 2855 1663 eos,
2878 1597 2966 1667 qui
2984 1596 3088 1653 hoc
3111 1614 3303 1655 nomen
3321 1598 3376 1655 in

1794 1671 2081 1745 Scripturis
2099 1680 2294 1735 sanctis
2315 1696 2419 1735 non
2444 1683 2541 1737 nisi
2560 1683 2611 1738 in
2628 1686 2708 1740 rei
2732 1686 2884 1743 malae
2902 1689 3287 1759 significatione
3303 1692 3380 1748 le-

1793 1778 2005 1837 gerunt.
2024 1767 2127 1823 Isto
2140 1779 2314 1826 autem
2332 1774 2549 1830 nomine
2562 1783 2735 1841 utens,
2753 1786 2805 1832 et
2820 1781 3093 1849 appellans
3115 1798 3232 1837 eam
3249 1799 3381 1839 con-

1795 1859 2172 1928 cupiscentiam
2200 1866 2514 1933 naturalem,
2539 1867 2676 1922 inter
2695 1868 2811 1939 ejus
2827 1886 2987 1940 opera
3009 1873 3187 1930 locare
3217 1891 3379 1931 cona-

1794 1950 1889 2018 ris,
1913 1953 2023 2023 qui,
2053 1963 2108 2009 ut
2125 1954 2255 2011 dicis
2272 1965 2325 2012 et
2343 1972 2522 2013 verum
2534 1969 2644 2028 est,
2667 1963 2912 2017 mundum
2927 1965 3042 2036 fecit
3071 1977 3116 2020 et
3129 1984 3341 2040 corpora
3359 1986 3379 2025 :

1795 2056 1916 2097 cum
1937 2042 2078 2100 dicat
2103 2062 2220 2102 eam
2249 2047 2481 2105 Joannes
2507 2067 2538 2107 a
2564 2052 2720 2109 Patre
2750 2071 2853 2109 non
2891 2072 3011 2113 esse
3053 2058 3101 2131 (1
3129 2058 3286 2115 Joan.
3318 2080 3377 2130 ιι,
3438 2074 3443 2079 ·

1796 2132 1911 2205 16).
1945 2134 2085 2191 Deus
2113 2137 2326 2208 quidem
2366 2141 2620 2197 mundum
2662 2143 2789 2200 fecit
2813 2156 2866 2201 et
2898 2162 3124 2219 corpora
3161 2167 3382 2222 prorsus

1797 2226 1978 2280 omnia
2009 2245 2024 2282 :
2056 2228 2150 2285 sed
2175 2239 2234 2285 ut
2260 2246 2452 2302 corpus
2480 2238 2822 2307 corruptibile
2848 2251 3099 2312 aggravet
3123 2244 3379 2317 animam,

1797 2327 1851 2372 et
1871 2331 1996 2373 caro
2021 2323 2358 2390 concupiscat
2380 2325 2635 2382 adversus
2654 2329 2915 2399 spiritum,
2946 2348 3052 2387 non
3079 2343 3161 2391 est
3185 2351 3385 2405 prtece-

1798 2406 1932 2463 dens
1961 2419 2145 2465 natura
2172 2411 2402 2469 hominis
2440 2415 2694 2486 instituti,
2735 2421 2829 2477 sed
2856 2438 3186 2497 consequens
3229 2445 3385 2499 paena

1799 2498 2055 2556 damnati.
2086 2502 2132 2556 Α
2160 2504 2323 2573 nullo,
2352 2506 2548 2578 inquis,
2575 2521 2864 2579 accusatur,
2891 2515 2989 2571 nisi
3013 2534 3046 2570 a
3074 2498 3383 2589 Manis/tau),

1799 2602 1847 2647 et
1871 2591 2194 2651 Traduciano
2215 2599 2324 2669 ejus
2353 2599 2570 2655 luerede.
2605 2602 2965 2661 Contumelias
3009 2618 3124 2664 tuas
3157 2626 3276 2666 cum
3304 2613 3387 2670 his

1799 2700 1887 2741 me
1911 2686 2155 2757 accipere
2178 2689 2384 2760 gaudeo
2405 2733 2421 2759 ,
2463 2709 2598 2763 quos
2642 2695 2696 2750 in
2737 2712 2823 2753 me
2862 2699 3076 2769 culpare
3111 2702 3306 2772 audes,
3334 2714 3391 2760 ct

1800 2776 2076 2834 nominare
2113 2794 2218 2833 non
2261 2781 2445 2836 audes.
2485 2781 2634 2839 Itane
2680 2802 2786 2842 non
2831 2802 3043 2845 accusat
3085 2805 3387 2866 susceptam

1801 2872 1967 2936 tuam,
2004 2869 2093 2940 qui
2122 2868 2248 2925 dicit
2272 2874 2756 2944 concupiscentiam
2786 2881 2967 2937 carnis
2996 2868 3253 2942 adversus
3277 2887 3389 2958 spi-

1800 2960 1960 3015 ritum
2000 2976 2064 3017 ex
2096 2964 2529 3032 prtevaricatione
2568 2970 2724 3039 primi
2771 2971 3004 3030 hominis
3052 2977 3113 3032 in
3152 2990 3387 3036 nostram

1800 3051 2025 3107 vertisse
2069 3061 2311 3110 naturam
2355 3056 2695 3130 (Ambrosius,
2730 3063 2816 3118 lib.
2858 3066 2888 3119 7
2912 3067 2964 3120 in
2995 3066 3124 3122 Luc.
3162 3067 3300 3142 xu)?
3326 3074 3391 3127 Et

1801 3143 1921 3212 quis
1950 3150 2032 3198 est
2053 3143 2172 3199 hic?
2202 3146 2292 3202 Ille
2317 3148 2541 3217 scilicet,
2574 3153 2725 3222 cujus
2758 3155 2914 3212 Iidem
2953 3169 3006 3213 et
3042 3163 3387 3230 purissimum

1802 3233 1854 3287 in
1882 3232 2170 3306 Scripturis
2198 3253 2435 3308 sensum,
2466 3243 2603 3298 sicut
2642 3260 2762 3300 eum
2793 3248 3033 3321 Pelagius
3055 3264 3241 3310 auctor
3268 3265 3390 3314 tuus

1802 3325 2054 3394 praedicat
2081 3325 2366 3400 (Pelagius,
2413 3332 2475 3385 de
2510 3331 2691 3390 Libero
2726 3338 2966 3405 Arbitrio,
3010 3343 3097 3396 lib.
3145 3345 3208 3412 ὅς
3251 3348 3390 3418 apud

1800 3414 2158 3488 Augustinum,
2190 3421 2252 3474 de
2279 3420 2454 3477 Gratia
2484 3424 2691 3492 Christi,
2725 3447 2814 3484 nu.
2844 3432 2932 3501 46,
2962 3436 3174 3508 47),,ιιο
3207 3414 3389 3495 ὶιιὶιιιί-

1802 3524 1896 3565 cus
1921 3512 2134 3582 quidem
2160 3530 2323 3570 ausus
2364 3528 2447 3572 est
2490 3521 2901 3590 reprehendere.
2943 3528 3213 3587 Adversus
3249 3532 3391 3589 hunc

1802 3614 2164 3661 accusatorem
2207 3617 2346 3663 tuam
2387 3610 2612 3669 defende
2643 3629 2966 3689 susceptam.
3010 3621 3143 3677 Iluic
3183 3623 3389 3681 doctori

1802 3711 1944 3764 meo,
1970 3706 2023 3752 et
2052 3698 2122 3752 illi
2165 3699 2419 3756 laudatori
2449 3703 2566 3772 ejus
2590 3706 2791 3762 doctori
2830 3719 2939 3777 tuo,
2970 3727 3066 3782 pro
3096 3714 3180 3768 illa
3204 3718 3386 3771 eonvi-

1803 3787 1965 3855 ciare,
1994 3799 2245 3859 quantum
2270 3801 2439 3861 potes,
2487 3807 2543 3848 ut
2586 3799 2934 3865 patrocinium
2975 3812 3121 3858 tuum
3164 3807 3388 3863 liberum

1802 3879 1932 3934 satis
1961 3887 2016 3935 et
2043 3879 2196 3936 fidele
2225 3881 2595 3953 demonstres;
2641 3904 2706 3943 ne
2753 3897 2805 3945 te
2847 3892 3186 3951 defensorem
3233 3912 3388 3953 suum

1806 3981 2051 4044 tanquam
2071 3973 2308 4030 timidum
2329 3976 2492 4032 libido
2512 3978 2724 4035 deserat
2742 3998 2757 4048 ;
2775 3986 3015 4054 quamvis
3039 3973 3260 4045 alterum
3284 4009 3389 4047 non

1804 4063 2055 4129 inveniat,
2084 4067 2172 4137 qui
2204 4084 2299 4138 pro
2328 4070 2413 4124 illa
2445 4072 2622 4128 minus
2653 4076 2953 4134 erubescat.

1877 4157 2105 4214 LXVIII.
2147 4159 2266 4216 Jun.
2308 4165 2384 4218 Ac
2424 4180 2520 4235 per
2559 4166 2660 4222 hoc
2702 4174 3005 4229 necessarie
3047 4175 3387 4249 interrogavi,

1802 4247 1927 4318 quid
1957 4265 2109 4305 suum
2132 4265 2479 4321 cognosceret
2507 4256 2751 4314 diabolus
2778 4261 2829 4315 iu
2860 4264 3095 4333 scxibns,
3124 4283 3219 4338 per
3247 4247 3388 4340 quod

1806 4339 2033 4396 fructum
2086 4358 2272 4399 eorum
2317 4345 2438 4416 jure
2480 4348 2829 4427 decerperet;
2886 4358 2975 4425 qui
3029 4375 3129 4415 nec
3174 4339 3388 4417 carnem

1803 4446 2160 4507 compegerat,
2194 4454 2295 4496 nec
2334 4442 2573 4497 membra
2620 4444 2956 4515 formaverat,
3004 4467 3101 4507 nec
3135 4455 3388 4523 genitalia

1802 4525 2045 4595 dederat,
2072 4544 2170 4586 nec
2198 4531 2515 4590 distinxerat
2542 4551 2749 4602 sexum,
2782 4556 2880 4596 nec
2908 4543 3213 4615 conjugium
3239 4548 3388 4603 ordi-

1804 4629 2042 4686 naverat,
2071 4638 2170 4679 nec
2190 4626 2644 4695 commixtionem,
2674 4631 2790 4687 sine
2815 4650 2916 4702 qua
2942 4636 3247 4708 conjugium
3268 4656 3392 4699 esse

1805 4728 1909 4768 non
1934 4722 2126 4784 potest,
2154 4724 2244 4770 aut
2271 4716 2591 4775 fecunditate
2614 4721 2987 4795 honoravcrat,
3011 4738 3103 4785 aut
3123 4731 3392 4804 voluptate

1805 4814 2149 4874 resperscrat.

1876 4898 2010 4955 Auo.
2052 4898 2192 4954 Nihil
2240 4900 2426 4956 horum
2466 4904 2680 4973 quidem
2727 4907 2928 4967 fecerat
2961 4913 3206 4974 diabolus
3240 4937 3255 4974 :
3295 4920 3390 4976 sed

1807 4991 2215 5047 inobedientiam
2247 5008 2581 5064 persuaserat
2603 5000 2783 5057 animo
2811 5002 3066 5075 humano,
3095 5025 3252 5079 quam
3278 5029 3394 5085 pm-

1809 5083 1943 5138 nalis
1972 5091 2025 5139 et
2053 5085 2294 5156 pudenda
2325 5089 2505 5143 carnis
2534 5089 2887 5150 inobcdicntia
2918 5111 3259 5170 sequeretur;
3282 5083 3391 5159 un-

1806 5174 1875 5231 de
1905 5186 2176 5247 peccatum
2217 5180 2472 5250 originale
2504 5183 2835 5253 traheretur,
2865 5205 2959 5260 per
3001 5194 3141 5264 quod
3182 5196 3393 5253 diabolo

1807 5266 2125 5324 subderetur
2147 5272 2234 5340 qui
2268 5281 2593 5342 nasceretur,
2617 5291 2738 5334 eum
2763 5281 2955 5340 eodem
2987 5287 3250 5354 periturus
3274 5288 3392 5345 dia-

1809 5356 1931 5413 bolo
1959 5358 2056 5413 uisi
2080 5371 2470 5417 renasceretur.

1878 5448 2065 5504 LXIX.
2104 5449 2223 5505 Jun.
2265 5451 2360 5507 llis
2387 5453 2564 5526 itaque
2595 5466 2648 5514 tu
2679 5460 3084 5521 dissertionibus
3108 5467 3145 5533 ¹,
3176 5470 3396 5527 cervino

1812 5550 1975 5607 metu,
2007 5551 2060 5598 et
2082 5545 2302 5615 vulpino
2326 5546 2450 5604 dolo
2476 5550 2687 5611 obviam
2716 5555 2792 5611 ire
2823 5567 3071 5626 conatus,
3116 5560 3184 5615 ita
3219 5562 3394 5634 impo-

1811 5636 1962 5692 suisti
1989 5649 2211 5707 patrono
2239 5648 2331 5697 tuo
2358 5642 2422 5698 ad
2452 5659 2610 5715 quem
2637 5649 2859 5718 scribis,
2901 5660 2958 5707 ut
2993 5655 3238 5721 rcferres,
3268 5673 3396 5730 pro-

1779 5751 1791 5767 ς
1815 5735 1931 5797 pter
1954 5743 2168 5784 sensum
2197 5734 2435 5804 carparis
2464 5740 2755 5795 naturalem
2774 5785 2789 5807 ,
2819 5740 2867 5795 id
2894 5752 2976 5799 est
3013 5752 3398 5820 concupiscen-

1880 5841 1893 5873 ί
1931 5843 2088 5894 codex
2117 5853 2259 5910 rore,
2287 5846 2666 5903 discessionibus.
