3962 6484
623 407 761 466 1579

620 525 743 577 tiam
768 521 963 582 carnis,
995 519 1259 576 dominari
1283 519 1531 590 operibus
1559 528 1613 576 et
1639 516 1848 588 imagini
1873 517 1964 571 Dei
1990 514 2190 586 princi-

619 631 737 685 pem
786 613 1122 668 tenebrarum
1168 632 1181 667 :
1225 629 1345 668 cum
1385 629 1603 669 necesse
1645 621 1789 668 esset
1832 609 1898 666 ad
1939 609 2190 666 eumdem

613 715 854 775 Spectare
874 716 1142 760 auctorem
1163 720 1376 760 sensum
1402 705 1595 772 carnis,
1626 703 1693 760 ad
1715 718 1873 775 quem
1889 701 2048 758 etiam
2068 716 2189 757 car-

615 798 694 851 nis
723 806 908 851 natura
937 796 1241 866 respiceret.

683 891 816 945 Anc.
855 888 988 956 Quid
1019 889 1247 958 loquaris
1281 889 1511 958 ignoras.
1543 885 1698 942 Aliud
1725 894 1810 943 est
1845 900 2040 940 sensus
2065 899 2187 940 ear-

611 980 712 1046 nis,
743 981 884 1034 aliud
923 981 1347 1050 concupiscentia
1368 980 1563 1043 carnis,
1607 993 1726 1049 qua:
1763 978 1986 1033 sentitur
2027 991 2186 1030 sensu

607 1082 660 1126 «ιι
689 1075 880 1128 mentis
900 1081 953 1128 et
971 1074 1146 1127 carnis
1165 1091 1179 1127 :
1200 1073 1335 1126 sicut
1356 1071 1507 1125 dolor
1526 1071 1703 1126 carnis
1725 1087 1828 1124 non
1858 1071 1969 1140 ipse
1997 1083 2187 1135 sensus

607 1172 705 1223 est.
740 1163 830 1217 sed
876 1163 973 1217 nisi
1017 1177 1205 1218 sensus
1230 1162 1384 1228 adsit,
1413 1163 1597 1216 sectili
1631 1177 1734 1215 non
1779 1167 1970 1230 potest.
2013 1159 2185 1214 Sensu

607 1257 783 1326 itaque
807 1257 982 1309 carnis
1009 1255 1097 1325 qui
1129 1264 1297 1310 tactus
1327 1265 1562 1319 vocatur,
1591 1269 1779 1324 aspera
1818 1263 1870 1306 et
1914 1253 2049 1306 lenia
2079 1251 2184 1307 dif-

606 1347 843 1402 fereuter
891 1358 947 1401 ut
979 1358 1167 1401 czctcra
1206 1349 1505 1401 sentiuntur
1543 1366 1556 1401 :
1603 1345 2027 1416 concup'scentia
2058 1359 2185 1399 vero

603 1439 780 1492 carnis
829 1437 1186 1492 indifferenter
1226 1438 1404 1491 illicita
1446 1447 1499 1492 et
1541 1437 1680 1491 licita
1718 1437 2020 1506 capiuntur,
2065 1451 2183 1504 qua:

601 1546 707 1583 non
755 1529 1197 1599 concupiscendo,
1250 1529 1347 1583 sed
1399 1529 1739 1598 intelligendo
1784 1528 2178 1598 dijudicantur;

603 1637 701 1676 nec
729 1622 797 1676 ab
820 1620 1010 1676 illicitis
1037 1621 1352 1686 abstinetur,
1377 1622 1477 1675 nisi
1498 1621 1939 1690 concupiscentiae
1966 1620 2182 1675 resista-

603 1721 706 1766 tur.
757 1712 871 1766 Non
917 1712 1074 1782 igitur
1111 1721 1362 1766 caventur
1391 1728 1548 1782 Opera
1594 1713 1753 1777 mala,
1801 1713 1899 1766 nisi
1944 1712 2181 1767 freuetur

601 1805 1028 1874 concupiscentia
1084 1805 1241 1866 mala,
1289 1821 1406 1874 (pne
1446 1804 1540 1857 abs
1578 1814 1658 1868 te,
1700 1803 1965 1858 horrenda
2007 1803 2179 1872 impu-

599 1893 774 1950 dentia
811 1895 892 1950 vel
936 1895 1108 1965 potius
1147 1896 1398 1959 amentia,
1429 1894 1623 1949 dicitur
1653 1894 1788 1949 bona
1817 1913 1830 1948 :
1863 1910 1960 1950 nec
1987 1895 2180 1951 erube-

597 1991 724 2057 scis,
756 2006 857 2045 nec
883 1990 1226 2061 horresciste
1255 1989 1319 2042 ad
1357 1997 1554 2043 tantum
1583 1989 1814 2044 dedecus
1849 1989 2172 2059 pervenisse,

595 2089 654 2134 ut
683 2095 840 2134 nemo
866 2080 1118 2134 liberetur
1138 2097 1166 2133 a
1191 2095 1288 2134 suo
1315 2083 1472 2144 malo,
1506 2080 1603 2134 nisi
1634 2095 1739 2134 non
1766 2081 2061 2134 consentiat
2086 2089 2176 2134 tuo

593 2168 755 2226 bono.
797 2170 1234 2241 Concupiscentia
1279 2171 1436 2242 igitur
1490 2173 1697 2236 carnis,
1741 2187 1843 2242 qua
1894 2173 2177 2241 capiuntur

591 2277 710 2332 qua:
737 2263 1100 2332 prohibentur,
1133 2279 1236 2316 non
1270 2272 1350 2317 est
1371 2279 1400 2317 a
1431 2263 1606 2317 Patre.
1638 2263 1854 2318 Frustra
1885 2274 2058 2334 putas,
2089 2266 2174 2320 vel

590 2352 769 2422 potius
818 2353 898 2407 vis
941 2357 1135 2422 putari,
1177 2353 1266 2407 ubi
1297 2353 1398 2407 hoc
1440 2353 1673 2407 Joannes
1705 2355 1975 2424 apostolus
2016 2355 2169 2424 dixit,

587 2443 1070 2512 concupiscentiam
1100 2444 1276 2496 carnis
1304 2444 1526 2513 positam
1556 2460 1652 2513 pro
1684 2445 1908 2500 luxuria.
1935 2447 2162 2503 Prorsus

588 2533 634 2586 si
664 2549 770 2587 non
799 2541 922 2587 csta
953 2534 1106 2586 Patre
1133 2534 1359 2597 luxuria,
1393 2549 1492 2588 nec
1520 2534 1605 2589 illa
1634 2545 1719 2590 est
1746 2551 1776 2590 a
1803 2536 1962 2592 Patre
2015 2538 2100 2592 cui
2125 2539 2169 2593 si

587 2623 968 2687 consentiatur,
1000 2623 1227 2692 concipit
1256 2624 1497 2694 paritquc
1527 2625 1809 2680 luxuriam.
1842 2625 1973 2680 Nam
2007 2629 2168 2683 moti-

588 2712 688 2768 bus
715 2712 846 2780 suis,
875 2713 1076 2782 'quibus
1115 2713 1399 2785 jubemur‘
1441 2715 1720 2780 obsistere,
1761 2716 1884 2787 quid
1924 2728 2166 2786 conatur,

586 2819 787 2874 qumso,
829 2805 928 2859 nisi
979 2805 1044 2860 ad
1089 2805 1347 2860 luxuriam
1398 2809 1711 2877 pervenire?
1758 2809 2037 2878 Quomodo
2088 2823 2170 2869 est

585 2909 713 2966 ergo
740 2896 959 2965 bonum,
990 2914 1106 2968 qua:
1138 2900 1412 2968 pervenire
1436 2911 1661 2956 conatur
1684 2902 1749 2957 ad
1777 2904 2016 2960 malum?
2037 2923 2168 2978 quo-

590 2984 752 3040 modo
779 2995 862 3040 est
885 2996 1121 3042 nostrum
1153 2988 1367 3055 bonum,
1400 3007 1519 3061 qua:
1547 2995 1826 3062 pervenire
1852 3005 2075 3052 conatur
2096 2999 2165 3054 ad

587 3077 824 3131 malum?
849 3075 1126 3146 Quomodo
1151 3088 1234 3134 est
1261 3089 1498 3135 nostrum
1523 3082 1736 3147 bonum,
1760 3100 1878 3154 qua:
1905 3102 2003 3141 uos
2017 3103 2166 3143 cout-

592 3167 738 3236 pellit
779 3167 845 3221 ad
883 3168 1150 3223 malum”?
1188 3169 1490 3226 Sanandum
1518 3185 1599 3228 est
1624 3173 1783 3244 igitur
1811 3177 1913 3232 hoc
1942 3179 2162 3244 malum,

581 3258 810 3327 Iuliane,
851 3259 1024 3315 divina
1056 3261 1319 3329 bonitate;
1362 3279 1467 3318 non
1509 3264 1738 3321 humana
1765 3269 2017 3339 vanitate,
2058 3271 2166 3326 ini-

579 3351 801 3422 quitate,
831 3351 1102 3422 impietate
1125 3353 1441 3410 laudandum
1465 3355 1506 3409 ⁸.

649 3441 810 3496 LXX.
850 3442 970 3497 Jun.
1011 3443 1086 3498 Te
1110 3459 1237 3513 ergo
1264 3456 1479 3515 apparet
1510 3461 1612 3501 non
1643 3448 1907 3505 studuisse
1931 3459 1987 3505 ut
2011 3452 2164 3523 obje-

579 3542 662 3587 cta
689 3533 994 3598 refelleres;
1023 3534 1114 3588 sed
1149 3544 1204 3588 ut
1229 3545 1453 3605 patrono
1473 3545 1585 3604 tuo,
1608 3538 1674 3592 ad
1696 3555 1850 3608 quem
1869 3542 2158 3610 scribebas,

578 3627 952 3681 miserabiliter
979 3626 1262 3694 illuderes;
1297 3637 1610 3699 putaretque
1640 3639 1690 3686 te
1720 3630 1852 3687 rude
1890 3633 2160 3703 quidpiam

576 3717 834 3774 detulisse
877 3718 1016 3788 quod
1051 3719 1172 3789 jure
1216 3719 1491 3776 morderes
1537 3738 1550 3773 :
1593 3738 1715 3776 cum
1751 3721 1804 3776 id
1846 3723 1955 3794 jam
2001 3741 2158 3796 supe-

577 3809 775 3863 riorum
825 3810 1171 3864 concessione
1226 3819 1281 3866 et
1333 3824 1616 3881 corporum
1667 3813 1999 3871 institutione
2043 3815 2158 3871 Iau-

576 3899 781 3956 dasses.

647 3995 781 4048 Auc.
825 3991 1211 4048 Institutionem
1247 3993 1454 4050 laudavi
1501 4011 1815 4067 corporum,
1859 4015 1980 4070 qua:
2020 4000 2160 4058 bona

575 4095 660 4140 est
689 4085 848 4138 etiam
875 4083 928 4138 in
953 4085 1092 4140 malo
1122 4085 1356 4153 homine,
1384 4103 1490 4142 non
1529 4089 1748 4153 malum,
1786 4089 1901 4146 sine
1931 4109 2036 4162 quo
2070 4109 2161 4148 na-

577 4177 743 4232 scitur
787 4191 942 4231 nemo
972 4195 984 4229 :
1013 4177 1153 4247 quod
1201 4187 1256 4234 tu
1297 4180 1482 4235 nolens
1523 4196 1644 4235 cum
1675 4182 1958 4239 Ambrosio
1981 4185 2161 4242 dicere

577 4268 719 4324 unde
745 4269 834 4335 sit,
857 4268 1073 4339 adjuvas
1094 4269 1439 4326 Manichaeum
1460 4272 1723 4329 dicentem
1742 4275 1882 4345 quod
1903 4293 1968 4331 ex
1986 4277 2160 4334 aliena

575 4369 764 4414 natura
793 4359 884 4414 sit.

647 4447 831 4504 LXXI.
865 4448 982 4505 Jun.
1025 4449 1215 4506 Fateor
1246 4461 1444 4522 tamen,
1468 4452 1624 4510 nimis
1651 4465 1704 4510 te
1727 4456 2010 4527 cogitasse,
2033 4460 2158 4530 quid

574 4541 814 4605 diceres;
853 4550 906 4596 et
934 4540 1201 4612 ingentium
1233 4549 1377 4596 tuum
1408 4552 1646 4613 apparet,
1677 4553 1730 4600 et
1752 4545 1986 4601 studium
2018 4565 2030 4601 :
2063 4564 2155 4604 so-

537 4644 544 4648 ·
580 4630 860 4684 lertissime
886 4646 1104 4700 prorsus
1127 4631 1252 4702 quid
1281 4633 1624 4688 asserendum
1655 4645 1799 4692 esset
1832 4652 1930 4707 pro
1956 4641 2156 4708 peccati

578 4722 793 4777 traduce
820 4725 1149 4792 ponderasti;
1196 4740 1352 4780 nemo
1370 4726 1506 4780 alter
1524 4727 1767 4783 callidius
1801 4730 2034 4786 scribere
2057 4746 2156 4802 po-

580 4815 768 4869 tuisset
802 4831 896 4884 pro
922 4817 1148 4870 naturali
1178 4817 1354 4872 malo:
1385 4818 1525 4888 quod
1551 4819 1763 4889 quidem
1807 4837 1906 4877 nec
1948 4831 2004 4878 tu
2042 4823 2156 4894 ipse

575 4913 682 4957 tam
725 4905 922 4957 urbane
969 4905 1192 4975 implere
1229 4907 1511 4975 potuisses,
1555 4908 1655 4962 nisi
1698 4909 1966 4980 ingenium
2006 4921 2152 4968 tuum

574 4993 809 5064 magistri
837 4995 1033 5050 veteris
1056 5005 1355 5050 commenta
1377 4995 1658 5066 juvisscnt.

646 5089 784 5142 Avo.
825 5086 1129 5157 Magistrum
1161 5089 1313 5159 plane
1340 5105 1535 5153 meum,
1567 5100 1622 5145 et
1645 5099 1830 5146 contra
1859 5103 1912 5149 te
1938 5103 1992 5149 et
2020 5110 2153 5152 eon-

574 5187 655 5232 tra
682 5177 1050 5242 Mauichmum,
1083 5179 1283 5249 glorior
1311 5194 1428 5234 esse
1467 5179 1669 5246 Jesum,
1699 5197 1858 5252 quem
1896 5185 2155 5242 conﬁteor

571 5269 737 5342 (quod
766 5279 818 5323 tu
850 5267 1033 5340 negas)
1064 5269 1222 5325 etiam
1266 5271 1601 5340 parvulorum
1629 5287 1748 5328 esse
1776 5273 1955 5329 Jesum
1987 5294 2002 5330 :
2029 5277 2151 5347 quia

571 5361 726 5429 periit
752 5359 940 5427 Adam,
969 5369 1023 5414 et
1053 5363 1102 5414 in
1144 5362 1231 5415 illo
1259 5378 1441 5418 omnes
1483 5364 1750 5433 perierunt
1783 5366 2148 5438 (Ambrosius,

571 5452 656 5504 lib.
683 5452 712 5503 7
730 5452 780 5504 in
801 5450 923 5504 Luc.
948 5465 1038 5515 xv,
1057 5450 1178 5522 9.4);
1206 5467 1302 5508 nec
1327 5454 1426 5508 nisi
1456 5454 1625 5509 abillo
1641 5457 1727 5526 qui
1748 5459 1893 5512 venit
1911 5475 2152 5529 quaerere

633 5567 647 5630 ξ
693 5567 916 5630 verbum,
932 5563 1176 5630 jubemur,
1204 5580 1266 5615 ex
1290 5568 1622 5630 manuscriptis
1644 5569 1959 5620 restituimus.

633 5628 653 5657 ι
691 5627 817 5688 Apud
845 5629 1170 5694 \‘ignicrium_:
1193 5628 1432 5694 (nionde
1451 5627 1658 5694 estergo
1681 5630 1866 5691 bonum,
1907 5645 2018 5694 qua?
2037 5646 2149 5694 per-

565 5699 726 5736 remre
751 5694 947 5756 cmzqtur
969 5702 1034 5756 {ut
1063 5689 1299 5756 malum?
1327 5691 1572 5756 Quomodo
1597 5689 1672 5742 est
1695 5689 2114 5746 nostrnm'bouitm
2132 5731 2148 5756 ,

565 5759 679 5824 qua:
696 5759 784 5824 nos
883 5750 1061 5824 nullum
1081 5748 1363 5824 compellit?
1381 5753 1747 5824 saltandique“
1761 5789 1780 5824 ,
1807 5763 1902 5824 etc.
1947 5765 2022 5824 .51.

566 5809 817 5919 όαῖηΑριῧι
884 5809 1216 5876 \‘ignicrium',
1263 5813 1511 5878 iniquitate
1562 5820 1610 5867 et
1653 5809 1893 5880 imﬂetetc
1940 5816 2145 5869 (mutan-

603 5881 702 5920 unt.
765 5881 822 5920 Η.

1291 400 1534 458 OPERIS
1573 398 1982 456 IMPERFECTI
2019 395 2289 452 CONTRA
2331 395 2692 466 JULIANUM,
2733 398 2788 453 S.
2832 399 3197 456 AUGUSTINI

3743 403 3874 461 1380

2297 513 2438 584 quod
2475 515 2733 585 perierat(
2757 515 2878 569 Luc.
2908 526 3023 582 xix,
3059 517 3124 572 10
3145 515 3233 588 ),a
3264 515 3557 586 perditione
3581 518 3870 575 salvantur.

2367 603 2574 661 LXXII.
2612 605 2730 661 JUL.
2775 607 3076 661 Intellexisti
3107 609 3330 678 quippe,
3381 609 3616 678 parvulis
3648 609 3780 664 nihil
3807 611 3872 667 de

2294 711 2391 753 suo
2419 700 2783 765 merentibus,
2829 715 3160 770 nequaquam
3193 717 3347 770 posse
3375 701 3492 756 sine
3529 701 3873 758 damnatione

2294 805 2606 861 corporum,
2652 792 2851 847 crimen
2894 792 3036 863 afﬁgi
3067 809 3081 847 :
3126 804 3180 848 et
3211 794 3330 848 ideo
3366 809 3499 864 opus
3526 809 3646 849 esse
3679 795 3877 850 auxilio

2293 881 2586 948 Mauichmi,
2615 884 2702 953 qui
2735 886 3213 955 concupiscentiam
3241 887 3416 941 carnis
3439 902 3470 941 a
3503 887 3594 942 Dei
3621 888 3874 958 operibus

2292 974 2616 1038 excluderet,
2651 983 2706 1030 et
2735 985 2838 1029 tam
2865 977 3072 1046 nuptias
3091 991 3247 1047 quam
3277 978 3388 1047 ipsa
3417 991 3642 1047 corpora
3662 977 3873 1034 diabolo

2291 1065 2570 1136 deputaret
2597 1068 2820 1123 auctori.

2362 1161 2495 1216 Auc.
2540 1161 2650 1228 Ego
2691 1177 2795 1214 non
2834 1176 2968 1230 opus
3009 1159 3181 1216 habeo
3218 1162 3410 1215 auxilio
3438 1161 3752 1218 Manichazi:
3783 1165 3872 1219 sed

2291 1251 2464 1320 potius
2487 1261 2667 1305 contra
2697 1268 2816 1306 enm
2846 1268 3102 1322 pugnans,
3132 1253 3385 1308 auxilium
3413 1255 3554 1325 quod
3582 1264 3637 1310 tu
3665 1256 3713 1310 ei
3741 1272 3871 1326 pra:-

2287 1351 2417 1406 stas,
2447 1359 2694 1414 expugno
2718 1346 2916 1399 auxilio
2948 1347 3059 1399 Dei.
3093 1346 3242 1415 Quod
3296 1348 3422 1402 mihi
3457 1359 3676 1418 prmstat
3714 1353 3868 1405 etiam

2288 1449 2381 1504 per
2406 1452 2532 1490 suos
2559 1437 2881 1491 clarissimos
2901 1437 3146 1504 comites,
3177 1453 3278 1492 non
3303 1439 3473 1492 solum
3502 1440 3797 1509 Prophetas
3821 1452 3870 1496 et

2285 1527 2588 1596 Apostolos,
2617 1546 2841 1598 quorum
2875 1531 3086 1584 conaris
3126 1546 3407 1600 pervorsus
3430 1533 3447 1564 ¹
3487 1533 3624 1587 dicta
3658 1549 3871 1604 pt-rver-

2287 1630 2428 1686 tere;
2461 1638 2642 1676 verum
2663 1623 2822 1676 etiam
2850 1624 3173 1693 posteriores
3192 1624 3440 1679 Ecclesiae
3461 1640 3571 1680 sum
3599 1626 3865 1690 doctores,

2286 1711 2562 1776 Irenaeum,
2585 1712 2930 1782 Cyprianum,
2963 1713 3240 1777 Ililarium,
3274 1715 3636 1778 Ambrosium,
3673 1717 3871 1787 Grego-

2282 1801 2438 1867 rium,
2471 1803 2744 1868 Basilium,
2767 1802 3051 1870 Joannem,
3079 1805 3315 1875 aliosque
3349 1806 3628 1874 plurimos,
3661 1806 3766 1862 ﬁde
3795 1809 3870 1864 in-

2282 1895 2612 1963 tegerrimos,
2657 1894 2868 1965 ingenio
2905 1896 3216 1963 acerrimos,
3258 1897 3498 1952 doctrina
3545 1899 3864 1964 uberrimos,

2281 1985 2415 2038 fama
2444 1987 2819 2041 celeberrimos
2849 2005 2862 2040 :
2893 1985 2986 2057 qui
3005 2001 3212 2051 omnes,
3239 1988 3384 2043 salva
3405 1989 3557 2044 laude
3580 2006 3864 2061 corporum

2277 2085 2332 2130 et
2359 2077 2678 2145 nuptiarum,
2702 2075 2933 2131 confessi
2959 2087 3084 2130 sunt
3107 2077 3361 2147 originale
3380 2088 3676 2147 peccaturo,
3695 2083 3866 2136 scien-

2280 2172 2358 2220 tes
2387 2165 2678 2232 Christum,
2713 2167 2852 2237 quod
2885 2168 3045 2238 impie
3062 2182 3155 2222 vos
3177 2171 3400 2240 negatis,
3428 2172 3587 2227 etiam
3615 2174 3863 2242 parvulo-

2277 2273 2394 2311 rum
2432 2271 2552 2312 esse
2591 2257 2792 2312 Jesum.
2837 2257 2955 2327 Ipse
2997 2257 3142 2313 enim
3188 2260 3394 2328 salvum
3441 2262 3562 2316 facit
3609 2263 3862 2333 populum

2275 2363 2449 2413 sumn,
2475 2349 2525 2402 in
2551 2363 2655 2418 quo
2683 2359 2737 2403 et
2765 2349 2836 2402 illi
2866 2350 3067 2418 parvuli
3094 2360 3238 2418 sunt,
3269 2367 3376 2406 non
3397 2367 3428 2406 a
3453 2353 3695 2408 febribus
3721 2354 3864 2409 aliis-

2274 2455 2377 2508 que
2409 2439 2706 2508 hujnsmodi
2750 2441 2989 2510 pestibus
3021 2450 3183 2512 atque
3225 2443 3456 2508 casibus,
3486 2445 3633 2515 quod
3666 2453 3721 2500 et
3761 2461 3860 2501 non

2272 2527 2586 2584 Christianis
2615 2531 2900 2586 abundanti
2939 2547 3098 2602 super
3124 2549 3341 2590 omnem
3379 2551 3596 2591 carnem
3627 2537 3860 2594 bonitate

2272 2618 2519 2688 largitur;
2573 2621 2664 2674 sed
2712 2621 2850 2675 sicut
2891 2621 3253 2689 Christianos,
3297 2638 3328 2679 a
3383 2626 3614 2695 peccatis
3674 2641 3860 2682 eorum

2272 2709 2482 2777 (Matth.
2504 2728 2540 2775 I,
2557 2711 2615 2765 '2!
2632 2718 2669 2783 ).
2697 2712 2804 2766 IIos
2822 2721 2962 2770 totet
2976 2721 3153 2770 tantos
3173 2715 3448 2770 catholiczr
3460 2715 3716 2772 Ecclesia:
3730 2718 3860 2773 ﬁlios

2271 2811 2324 2855 et
2353 2811 2527 2871 patres
2545 2844 2561 2868 ,
2579 2803 2667 2872 qui
2687 2803 2787 2858 hoc
2799 2818 2916 2859 eam
2930 2805 2981 2859 in
2999 2805 3114 2874 ejus
3125 2805 3285 2876 positi
3297 2808 3527 2863 culmine
3539 2807 3856 2875 docuerunt,

2268 2893 2408 2962 quod
2432 2895 2482 2946 in
2505 2893 2620 2963 ejus
2645 2893 2806 2949 ubere
2819 2894 3142 2962 didicerunt,
3175 2896 3498 2952 Manichmos
3517 2897 3701 2955 dicere
3743 2915 3846 2955 non

2269 2982 2602 3050 reformidas;
2621 2995 2675 3040 et
2689 3002 2810 3040 cum
2828 3002 2913 3042 me
2933 3003 3095 3042 unum
3115 2988 3266 3058 quasi
3285 2999 3468 3058 aperte
3487 2992 3720 3061 appetis,
3743 2992 3857 3048 illos

2267 3086 2465 3144 quanto
2503 3077 2786 3147 obliquius,
2833 3086 2981 3133 tanto
3025 3079 3359 3148 insidiosius;
3411 3091 3465 3137 et
3493 3093 3696 3153 quanto
3729 3085 3856 3139 iusi-

2265 3167 2490 3233 diosius,
2522 3177 2667 3224 tanto
2694 3169 2980 3226 scelestius
3005 3172 3327 3227 criminaris.
3362 3171 3418 3227 In
3441 3173 3544 3229 hoc
3571 3183 3725 3230 tanto
3747 3191 3857 3231 see-

2267 3258 2398 3327 Iere,
2425 3268 2510 3315 tua
2541 3269 2591 3315 te
2617 3261 2837 3316 omnino
2859 3263 3018 3317 verba
3038 3264 3380 3318 convincunt.
3408 3264 3523 3319 Non
3553 3267 3698 3319 enim
3733 3267 3854 3320 mihi

2265 3350 2336 3405 ob
2361 3351 2503 3406 aliud
2532 3360 2636 3406 tam
2660 3353 2862 3408 nefario
2887 3357 3102 3410 nomine
3127 3355 3487 3426 calumniaris,
3522 3358 3625 3412 nisi
3647 3374 3775 3430 quia
3793 3359 3854 3414 de

2263 3453 2486 3514 peccato
2510 3445 2751 3514 originali
2773 3445 2893 3500 dico
2921 3446 3064 3516 quod
3090 3447 3294 3503 dicunt.

2335 3536 2568 3591 LXXIII.
2609 3537 2726 3592 Jun.
2769 3537 2920 3606 Quod
2960 3555 3088 3610 ergo
3129 3555 3158 3594 a
3207 3539 3435 3596 veritate
3481 3539 3852 3605 defunderis’,

2265 3629 2404 3699 quod
2451 3629 2680 3700 fugaris,
2725 3645 2900 3685 causa:
2947 3629 3072 3686 fecit
3117 3631 3426 3687 deformitas
3462 3648 3622 3703 quam
3671 3636 3850 3690 tueris.

2262 3718 2528 3774 Caeterum
2575 3720 2619 3774 si
2663 3719 2729 3774 ad
2789 3720 3095 3777 Catholieos
3137 3724 3362 3778 transire
3404 3725 3604 3791 velles,
3657 3737 3853 3796 quanto

2267 3819 2376 3864 tute
2394 3809 2436 3876 ³,
2470 3809 2522 3865 id
2553 3811 2692 3902 ηειοά
2725 3827 2823 3867 nos
2860 3812 3170 3882 asserimus,
3199 3815 3496 3886 elegantius
3527 3831 3850 3886 exsequere-

2264 3901 2338 3955 ris
2361 3911 2414 3956 et
2445 3901 2672 3971 plenius.

2335 3993 2471 4049 Ave.
2513 3991 2811 4047 Ofrontem
2849 3993 3157 4065 linguatam,
3199 4006 3541 4068 mentemque
3562 4003 3848 4054 cxcatam!

2265 4083 2409 4138 Itane
2435 4098 2563 4138 vero
2581 4084 2828 4140 catholici
2859 4102 2963 4141 non
2990 4098 3135 4154 sunt,
3164 4089 3357 4160 quibus
3386 4091 3628 4146 inltzcreo
3664 4094 3717 4147 in
3762 4093 3854 4148 bu-

2258 4175 2345 4245 jus
2373 4174 2494 4230 ﬁdei
2521 4178 2791 4242 societate,
2823 4194 2981 4248 quam
3008 4190 3192 4235 contra
3219 4190 3305 4236 tua
3331 4199 3464 4237 vana
3487 4184 3628 4239 dicta
3656 4195 3711 4240 et
3738 4201 3851 4240 ωηο

2264 4267 2452 4322 chicta
2481 4267 2743 4324 defendo?
2785 4269 3042 4326 Catholici
3070 4287 3176 4328 non
3202 4285 3347 4342 sunt,
3378 4285 3433 4330 ut
3459 4276 3596 4332 alios
3625 4287 3848 4345 taceam,

2263 4359 2586 4430 eosdemque
2628 4371 2884 4432 repetam,
2929 4363 3182 4431 Irenmus,
3227 4365 3545 4438 Cyprianus,
3597 4369 3847 4435 Hilarius,

2263 4451 2595 4520 Ambrosius,
2637 4453 2948 4526 Gregorius,
2991 4457 3237 4526 Basilius,
3278 4459 3515 4516 Joannes
3542 4461 3850 4517 Consumi-

2262 4546 2632 4615 nopolitanus;
2678 4558 2730 4602 et
2769 4549 3017 4604 catholici
3061 4561 3186 4604 sunt.
3220 4551 3497 4622 Pelagius,
3539 4551 3848 4619 leestius,

2259 4633 2538 4691 Julianus?
2567 4637 2716 4692 Aude
2743 4637 2921 4693 dicere
2947 4639 3069 4706 ista,
3092 4641 3137 4694 si
3166 4652 3335 4710 potes.
3364 4641 3516 4710 Quod
3544 4643 3592 4697 si
3621 4660 3725 4698 non
3759 4661 3848 4697 au-

2259 4727 2375 4796 des,
2403 4743 2498 4783 cur
2522 4744 2625 4783 non
2654 4729 2828 4800 potius
2847 4729 2912 4784 ad
2941 4731 3058 4797 hos,
3091 4746 3120 4785 a
3147 4732 3342 4802 quibus
3367 4749 3468 4804 ego
3497 4749 3606 4789 non
3633 4737 3847 4800 recedo,

2260 4830 2316 4877 tu
2359 4822 2535 4878 redis?
2577 4821 2690 4878 Cur
2728 4838 2812 4878 me
2851 4823 3128 4890 admones,
3159 4834 3215 4879 ut
3242 4825 3310 4881 ad
3338 4826 3648 4883 Catholieos
3675 4840 3850 4884 trans-

2259 4915 2412 4969 eam?
2442 4914 2579 4969 Ecce
2599 4915 2858 4969 catholica
2876 4915 3096 4980 lumina,
3119 4917 3302 4972 oculos
3328 4919 3474 4988 aperi
3509 4937 3520 4973 :
3554 4930 3610 4974 tu
3630 4920 3696 4974 ad
3720 4921 3850 4974 istos

2259 5009 2446 5075 transi,
2477 5009 2667 5079 quibus
2687 5009 3030 5065 calumniaris
3051 5010 3101 5064 in
3124 5025 3239 5078 me;
3269 5020 3323 5067 et
3340 5013 3599 5068 continuo
3626 5023 3676 5068 te
3701 5029 3852 5069 com-

2260 5116 2444 5170 ρθεοοε
2463 5112 2619 5171 atque
2645 5101 2983 5156 obmutesces
3003 5118 3032 5156 8
3056 5118 3164 5158 me.

2328 5191 2560 5246 LXXIV.
2607 5192 2723 5248 Jun.
2757 5192 3008 5259 Quamvis
3049 5209 3154 5247 non
3199 5193 3424 5248 audeam
3457 5197 3809 5265 pronuntiare
3832 5238 3845 5257 .

2257 5281 2468 5352 ingenio
2505 5293 2555 5337 te
2591 5283 2837 5339 aﬁ‘ectum
2875 5285 2984 5339 acri
3009 5292 3062 5338 ct
3087 5283 3264 5355 vigili,
3295 5284 3449 5356 cujus
3493 5287 3546 5341 in
3583 5287 3848 5342 electione

2255 5373 2578 5444 suscipiendi
2607 5375 2802 5446 negotii
2833 5374 2988 5430 video
3018 5385 3122 5431 tam
3156 5377 3363 5432 tardum
3395 5393 3459 5433 ac
3489 5378 3733 5436 deforme
3759 5381 3849 5451 ju-

2255 5465 2471 5519 dicium.

2325 5556 2456 5610 Avo.
2516 5554 2608 5610 Dic
2651 5555 2787 5610 tardi
2829 5555 3039 5628 ingenio
3091 5557 3230 5614 unde
3266 5570 3563 5616 nascuntur
3605 5577 3619 5614 :
3667 5577 3850 5632 neque

2251 5646 2391 5700 enim
2438 5647 2557 5701 talis
2591 5655 2673 5702 est
2721 5647 2887 5702 Adam
2924 5649 3092 5705 factus
3123 5668 3139 5706 :
3172 5652 3262 5723 qui
3296 5669 3406 5708 non
3455 5653 3536 5710 vis
3575 5668 3672 5726 per
3733 5655 3850 5725 ejus

2317 5761 2334 5826 ξ
2368 5759 2441 5826 sic
2462 5765 2570 5810 Ilss.
2596 5768 2649 5810 At
2673 5761 2810 5819 editi,
2830 5775 3047 5826 prorsus.

2313 5822 2335 5888 ξ
2371 5821 2587 5888 Aderam
2619 5829 2742 5872 Port.
2777 5821 2879 5874 Ms'..
2903 5824 3209 5888 dimmderu.

2317 5883 2336 5914 ³
2373 5884 2657 5947 \igntcrius,
2681 5891 2747 5934 tu.
2776 5895 2830 5935 At
2855 5883 2983 5949 nsi;
2996 5891 3112 5940 tum.
