3962 6472
133 378 257 432 1581

125 501 401 562 malum
429 491 480 546 in
505 489 742 545 deterius
767 488 1054 544 humanam
1087 495 1336 543 mutatam
1370 489 1533 544 fuisse
1558 495 1711 543 natu—

124 599 276 648 ram;
301 594 356 640 et
386 585 488 640 hoc
516 583 582 638 ad
600 584 779 639 omnia
804 583 929 638 vilia
951 598 1070 654 qua:
1095 583 1385 654 patiuntur,
1413 583 1605 639 obesse
1624 597 1717 638 na-

123 676 408 731 scentibus
437 678 476 728 ¹.

197 767 415 822 LXXV.
455 766 576 823 Jun.
604 767 660 822 Si
694 767 1289 836 enim,ineolumissima
1322 764 1454 834 ﬁde,
1489 765 1720 820 scholari

125 873 281 913 more
302 858 370 913 ad
398 858 756 914 ostendendas
773 857 1138 914 tantummodo
1167 857 1482 914 eruditionis
1513 867 1615 911 tum
1639 857 1722 910 vi-

129 965 219 1006 res
241 992 256 1015 ,
299 965 365 1006 ea
409 959 643 1006 tentares
669 966 788 1020 qua:
830 958 956 1005 sunt
996 949 1193 1004 invicta
1223 959 1544 1014 concutere;
1573 948 1724 1002 ﬁnito

131 1052 310 1097 tamen
360 1042 666 1098 certaminis
720 1041 946 1105 ludicro,
991 1039 1076 1095 his
1115 1040 1308 1111 quibus
1352 1038 1726 1109 obloquebaris

131 1133 368 1202 palmam
391 1132 642 1196 daturus;
674 1131 1022 1202 probaremus
1041 1133 1334 1187 litterarum
1361 1132 1613 1194 studium,
1632 1129 1726 1185 sed

135 1223 489 1293 irreligiosum
517 1224 900 1293 castigaremus
924 1225 1253 1293 exemplum.
1289 1223 1456 1278 Porro
1487 1238 1607 1277 cum
1633 1221 1728 1278 do-

132 1331 252 1385 gma
280 1330 384 1370 nec
411 1315 885 1370 verisimilitudinis
903 1325 1156 1386 corrupto
1180 1315 1369 1370 saltem
1401 1313 1581 1370 colore
1607 1329 1728 1384 per-

135 1406 332 1471 fusum,
357 1405 498 1476 quod
523 1405 683 1460 nullis
713 1405 846 1476 legis
874 1406 1191 1462 testimoniis
1218 1406 1434 1479 (quippe
1461 1420 1726 1476 nunquam

135 1497 332 1551 rationi
369 1496 868 1570 prtejudieantibus)
899 1500 1119 1568 potestis
1146 1499 1312 1566 tueri,
1335 1508 1390 1554 et
1419 1497 1522 1554 hoc
1552 1507 1728 1553 tamen

135 1589 412 1658 impietate
441 1603 534 1643 sua
562 1587 820 1657 horrens,
849 1589 1072 1644 stultitia
1101 1590 1309 1660 jacens,
1333 1605 1593 1660 nusquam
1629 1589 1730 1644 nisi

137 1681 278 1736 inter
315 1681 532 1751 inguina
567 1681 899 1736 voluntatum
924 1683 969 1748 ³,
1001 1681 1306 1746 honestate,
1339 1681 1729 1752 disputatione,

137 1787 400 1843 sacraque
426 1773 542 1842 lege
567 1772 895 1834 confossum,
929 1773 1234 1842 turpissima
1263 1772 1623 1828 obstinatione
1646 1787 1734 1828 se-

137 1866 334 1931 cteris;
372 1867 718 1937 consequitur
743 1881 808 1921 ex
851 1865 1018 1921 tribus
1050 1881 1210 1921 unum
1233 1908 1249 1932 ,
1282 1875 1340 1921 ut
1367 1875 1458 1921 aut
1500 1866 1731 1935 plumbei

139 1956 204 2010 ad
235 1956 645 2027 intelligendum
678 1956 972 2022 acuminis,
1005 1966 1097 2011 aut
1121 1955 1369 2012 maleﬁcii
1415 1956 1557 2011 illius
1591 1953 1734 2025 quod

141 2047 557 2103 Manichaeorum
587 2049 856 2121 mysteriis
884 2048 1080 2117 teneri,
1110 2047 1270 2103 fando
1291 2048 1616 2119 accepimus,
1641 2063 1735 2102 ca-

142 2148 316 2204 tenas,
348 2146 442 2194 aut
467 2148 753 2210 utrumque
777 2138 934 2193 simul
960 2140 1166 2209 perpeti
1188 2139 1469 2209 judiceris.

211 2233 352 2287 Anc.
388 2230 734 2298 Quantalibet
773 2229 995 2285 rationis
1022 2231 1239 2285 nomine
1266 2238 1451 2285 contra
1495 2230 1738 2285 testimo-

143 2321 228 2376 nia
269 2320 489 2386 divina,
522 2337 641 2392 quae
679 2319 1000 2392 proferimus
1027 2321 1151 2387 tibi,
1196 2337 1434 2392 pugnare
1472 2321 1736 2387 videaris,

143 2427 249 2468 non
270 2411 365 2466 illa
390 2412 662 2468 subvertis
682 2428 698 2478 ;
721 2411 815 2467 sed
843 2419 897 2467 te
919 2420 1132 2479 vexant,
1154 2427 1276 2467 cum
1299 2413 1320 2444 ³
1344 2421 1526 2468 contra
1553 2413 1742 2468 stimu-

147 2506 253 2560 lum
292 2505 492 2560 calces.
535 2505 662 2570 Dic,
700 2514 957 2575 quantum
987 2513 1174 2575 potes,
1219 2506 1357 2560 inter
1406 2506 1618 2575 inguina
1647 2520 1743 2560 vo-

147 2597 412 2650 luntatum
431 2636 447 2662 ,
476 2615 495 2648 »
529 2595 621 2666 qui
651 2595 743 2650 tibi
763 2595 912 2662 dicit,
943 2605 1215 2665 expertem
1246 2611 1353 2651 non
1378 2612 1498 2652 esse
1523 2596 1738 2662 delicti,

150 2688 435 2759 utriusque
465 2703 628 2744 sexus
649 2687 1029 2743 commixtione
1043 2696 1360 2758 conceptum
1392 2687 1740 2761 (Ambrosius,

148 2780 200 2834 in
219 2777 471 2850 Isaiam).
496 2778 811 2834 Ambrosius
829 2788 914 2834 est
942 2778 1062 2844 iste,
1092 2777 1335 2833 Juliane:
1358 2779 1471 2849 ipse
1488 2787 1539 2833 te
1559 2777 1741 2843 vineit,

148 2886 309 2941 quem
337 2887 446 2925 non
475 2871 646 2926 audes
671 2885 870 2942 negare
894 2870 1215 2926 catholicum
1233 2910 1250 2937 ,
1293 2887 1563 2940 nunquam
1599 2879 1745 2926 certe

149 2964 393 3019 dicturus
421 2978 480 3018 cs
517 2963 890 3020 Manichaeum.
919 2963 1057 3031 Quin
1087 2964 1247 3018 etiam
1279 2979 1363 3018 me
1389 2974 1481 3019 aut
1509 2963 1745 3034 plumbei

149 3070 270 3110 esse
299 3055 564 3109 acuminis
597 3055 664 3110 ad
693 3055 1094 3126 intelligendum
1119 3097 1136 3122 ,
1169 3063 1261 3110 aut
1287 3057 1456 3111 teneri
1484 3055 1746 3113 maleﬁcio

151 3145 456 3211 Maniehmi,
485 3154 576 3200 aut
613 3155 898 3216 utrumque
930 3145 1088 3200 simul
1137 3147 1338 3216 perpeti
1375 3145 1632 3203 afﬁrmas.
1671 3148 1748 3204 De

151 3237 436 3292 Manichzei
465 3236 730 3292 maleﬁcio
768 3237 849 3291 vel
883 3246 973 3292 tuo
1017 3238 1298 3304 convicio,
1325 3237 1436 3308 jam
1483 3239 1578 3295 tibi
1605 3254 1747 3312 saepe

151 3325 554 3395 respondimus,
576 3335 629 3382 et
645 3328 1016 3397 opportunius,
1037 3343 1158 3383 cum
1175 3342 1310 3398 opus
1324 3343 1445 3385 esse
1461 3328 1744 3396 videbitur,

153 3415 330 3472 adhuc
358 3417 586 3472 forsitan
627 3417 1089 3488 respondebimus.
1130 3418 1282 3474 Nunc
1314 3419 1381 3474 de
1410 3419 1656 3489 plumbeo
1681 3418 1748 3474 ad

153 3507 566 3580 intelligendum
595 3511 872 3576 acumine‘,
904 3510 1156 3566 hmretiee
1185 3512 1436 3578 verbose,
1464 3513 1746 3583 responde.

153 3599 325 3655 Nemo
342 3610 430 3656 est
455 3610 601 3658 certe
624 3603 920 3673 quinollet,
941 3604 986 3658 si
1014 3603 1066 3658 id
1085 3614 1230 3660 esset
1258 3604 1309 3659 in
1339 3605 1573 3660 hominis
1593 3615 1744 3676 pote-

154 3701 315 3757 state,
337 3692 557 3762 ingenio
578 3693 785 3749 vividus
809 3703 969 3766 atque
988 3695 1054 3750 ad
1076 3697 1472 3767 intelligendum
1499 3697 1748 3753 acutissi-

154 3801 272 3841 Inus
300 3785 492 3851 nasci;
519 3796 572 3841 et
596 3801 755 3858 quam
784 3787 890 3842 rari
915 3789 1022 3844 sint
1044 3789 1165 3859 quis
1185 3791 1424 3860 ignorat?
1451 3789 1551 3859 Qui
1571 3799 1746 3846 tamen

151 3893 346 3934 omnes
391 3878 495 3948 ipsi
548 3879 891 3948 paucissimi,
948 3880 992 3934 si
1021 3879 1254 3936 hominis
1296 3882 1387 3952 qui
1427 3881 1632 3951 primus
1668 3891 1750 3936 est

156 3970 350 4037 factus,
373 3979 756 4040 comparentur
781 3971 1015 4042 ingenio,
1035 3972 1611 4043 plumbeijudicantur.
1632 3972 1746 4028 Non

157 4063 297 4116 enim
323 4070 476 4126 tunc,
507 4063 645 4118 sicut
666 4078 826 4129 nunc,
849 4078 1046 4134 corpus
1068 4065 1412 4134 corruptibile
1432 4065 1752 4135 aggravabat

156 4155 389 4208 animam
432 4152 586 4227 (Sap.
634 4170 720 4218 ix.
769 4153 880 4226 15).
929 4155 1033 4208 Aut
1070 4155 1214 4210 enim
1253 4155 1596 4225 corruptibile
1641 4170 1750 4209 non

159 4255 291 4310 erat,
339 4245 465 4315 quia
498 4260 602 4298 nun
628 4253 744 4300 erat
767 4246 1054 4300 moriturus
1075 4245 1266 4311 Adam,
1304 4247 1405 4301 nisi
1431 4255 1705 4316 peccasset
1733 4264 1747 4302 :

159 4345 244 4391 aut
276 4337 344 4397 si.
371 4345 431 4390 ut
455 4351 550 4390 vos
577 4338 696 4391 novi
720 4336 954 4392 haeretici
976 4337 1166 4404 dicitis,
1193 4340 1292 4395 etsi
1324 4355 1427 4394 non
1451 4348 1748 4410 peccasset,

160 4429 455 4483 moriturus
479 4437 657 4493 esset;
696 4445 802 4483 non
836 4437 1013 4484 tamen
1045 4430 1114 4484 ita
1151 4439 1232 4484 est
1257 4430 1560 4497 institutus,
1590 4447 1748 4502 quem

161 4519 333 4589 primo
356 4519 503 4575 Deus
530 4517 750 4587 fecerat,
777 4529 831 4576 et
848 4521 937 4591 qui
962 4521 1085 4576 mali
1111 4521 1284 4577 adhuc
1314 4523 1444 4576 nihil
1475 4521 1678 4580 fecerat
1705 4522 1746 4588 ⁸,

162 4621 215 4666 ιιι
257 4611 376 4682 ejus
406 4613 585 4667 anima
625 4627 852 4684 corpore
891 4624 1222 4684 gravaretur.
1263 4615 1393 4682 Quis
1436 4617 1578 4672 enim
1616 4616 1752 4673 hanc

161 4719 280 4760 esse
309 4719 524 4776 penam
555 4717 740 4776 neget,
768 4706 868 4760 nisi
898 4707 987 4778 qui
1007 4708 1235 4777 amplius
1259 4711 1478 4763 caneris
1493 4725 1750 4780 aggrava-

161 4799 277 4852 tur?
309 4798 366 4853 Si
405 4813 535 4869 ergo
562 4797 887 4854 Manichmus
923 4800 1244 4872 interroget,
1269 4801 1406 4855 unde
1425 4803 1495 4857 sit
1516 4801 1616 4858 hoc
1647 4811 1752 4857 tar-

161 4890 345 4945 ditatis
367 4893 588 4955 malum,
608 4907 715 4946 non
744 4891 795 4945 in
812 4893 1144 4962 corporibus,
1170 4893 1263 4948 sed
1291 4895 1342 4948 in
1367 4895 1514 4963 ipsis,
1542 4895 1630 4948 ubi
1659 4895 1749 4950 Dei

161 4993 238 5036 est
262 4983 439 5054 imago
460 4984 686 5054 ingeniis
707 4983 976 5051 humanis,
997 5000 1117 5054 qua:
1140 4986 1358 5040 tarditas
1381 4987 1754 5058 pervenitgra-

161 5073 325 5129 datim
361 5091 531 5146 usque
567 5075 634 5130 ad
657 5076 953 5141 ridendam,
987 5077 1068 5131 vel
1089 5079 1287 5146 potius,
1319 5079 1455 5134 sicut
1482 5077 1751 5148 Scriptura

159 5177 471 5223 commonet
499 5207 516 5234 ,
565 5183 730 5238 usque
772 5167 837 5222 ad
895 5167 1176 5238 lugendam
1223 5168 1516 5224 fatuitatem
1561 5169 1750 5244 (Eccli.

161 5272 276 5311 xxii
299 5299 314 5322 ,
349 5257 472 5330 l0):
501 5259 884 5328 rc5pondemus
907 5275 1022 5327 nos,
1052 5270 1106 5316 et
1133 5261 1246 5316 haec
1273 5271 1327 5316 et
1351 5265 1527 5318 omnia
1561 5277 1752 5322 Caetera

160 5349 328 5416 mala,
369 5365 493 5404 cum
531 5351 724 5420 quibus
760 5353 940 5406 nascill
962 5395 978 5420 ,
1018 5368 1216 5424 negare
1251 5355 1333 5409 vel
1374 5355 1618 5414 dubitare
1645 5375 1750 5414 non

223 5461 240 5490 ⁸
280 5461 664 5528 utsponsionem
691 5462 830 5528 (hanc
871 5464 1119 5528 augustini
1154 5471 1302 5514 totam
1328 5476 1626 5528 prmtereunt
1650 5470 1754 5519 edi-

157 5521 341 5579 tiones,
376 5521 570 5592 tametsi
597 5535 655 5572 ea
689 5525 738 5571 in
762 5521 985 5592 omnibus
1018 5521 1578 5592 Δ(ἒξειρῑ-ῃιτιιρξιδειήριίδ,
1612 5531 1755 5581 Julia-

153 5593 277 5654 num
289 5584 796 5654 Δ(ξεῖιοδῐιξγει-ςιιιῐιεῆιιιο
817 5589 996 5648 premit
1017 5587 1168 5649 infra,
1193 5588 1277 5638 lib.
1304 5590 1351 5652 5,
1377 5584 1480 5654 cap'.
1512 5584 1585 5641 ll.

224 5646 246 5675 ²
280 5644 444 5694 Codex
470 5644 620 5707 Pori,
643 5644 950 5710 υοιιιριὰιιηη.

221 5711 243 5742 ³
277 5713 361 5761 mc
383 5711 607 5762 addimus
623 5749 638 5771 ,
663 5723 790 5769 cum,
820 5725 882 5761 ex
903 5711 1068 5762 codice
1092 5719 1218 5764 Fort.

221 5773 244 5803 δ
278 5772 449 5844 isthmc
474 5774 655 5833 verba,
697 5773 863 5844 etuqui
884 5773 1014 5844 mali"
1035 5774 1195 5844 adhuc
1217 5775 1338 5827 nihil
1375 5779 1582 5844 fecerat,
1609 5782 1755 5832 resti~

157 5842 365 5884 tuantur
390 5849 454 5884 ex
482 5844 708 5884 veterum
734 5837 963 5884 librorum
987 5836 1093 5888 ﬁde.

222 5898 246 5929 ³
282 5902 422 5946 Forte
443 5897 733 5952 addendum.
757 5897 983 5949 homines.

1480 364 1684 420 LIBER
1722 362 2063 431 QUARTUS.

3271 370 3409 430 1382

1828 500 2131 556 possumus,
2161 485 2452 556 primorum
2485 485 2713 541 duorum
2750 495 2805 542 et
2827 487 3052 545 aliorum
3077 489 3271 547 deinde
3313 506 3410 562 pa-

1828 585 2036 633 rentum
2075 577 2307 646 peccatis
2347 591 2468 633 esse
2508 577 2820 644 tribuenda;
2849 581 3099 649 quoniam
3128 597 3234 637 non
3281 597 3408 652 pos-

1829 675 1953 722 sunt
1997 666 2157 722 tribui
2201 668 2534 723 nascentium
2565 667 2842 723 voluntati.
2884 669 3004 724 Alia
3051 671 3251 742 quippe
3297 672 3412 728 ani-

1830 758 2008 823 malia,
2033 767 2090 812 ut
2126 774 2248 814 eum
2272 759 2384 814 suis
2401 759 2614 830 generis
2649 759 2792 814 vitiis
2813 762 3067 817 nonnulla
3104 775 3409 832 nascantur,

1829 849 1956 918 quid
1996 849 2189 904 mirum
2228 851 2274 906 si
2308 850 2575 922 accipiunt
2614 850 2729 906 hmo
2769 852 2913 907 noxii
2961 853 3178 923 Spiritus
3219 856 3271 910 in
3315 872 3411 926 po-

1834 947 2098 1006 testatem,
2122 941 2570 1011 quemadmodum
2595 957 2808 1014 porcos,
2833 951 2892 997 ut
2911 944 3174 1012 novimus,
3195 960 3418 1017 accepe—

1833 1039 1958 1084 runt
1979 1029 2190 1101 (Matth.
2220 1048 2340 1099 vin,
2367 1031 2502 1104 52)?
2539 1033 2640 1101 Qui
2679 1034 2894 1104 maligni
2923 1035 3143 1104 spiritus
3171 1045 3414 1105 possunt,

1834 1122 1970 1176 sicut
1997 1122 2242 1178 homines
2270 1124 2658 1180 irrationalium
2697 1125 2938 1180 membra
2965 1126 3277 1182 animalium
3295 1169 3314 1194 ,
3342 1127 3414 1182 ita

1836 1213 2083 1268 illictiam
2131 1215 2242 1284 ipsa
2277 1215 2480 1270 semina
2511 1216 2720 1272 vitiare.
2755 1217 2830 1271 De
2860 1215 3165 1272 hominibus
3191 1218 3420 1288 qumstio

1835 1315 1945 1371 est,
1975 1305 2242 1375 inquibus
2271 1306 2364 1360 Dei
2392 1306 2565 1378 imago
2594 1323 2864 1378 nunquam
2895 1308 3229 1364 diversorum
3261 1309 3419 1364 vitio-

1837 1412 1954 1451 rum
1975 1437 1990 1461 ,
2018 1411 2140 1452 eum
2169 1397 2361 1468 quibus
2385 1413 2478 1453 eos
2504 1399 2649 1454 nasci
2676 1399 2916 1454 videmus
2934 1441 2948 1465 ,
2981 1415 3169 1470 pmnas
3207 1409 3418 1470 patere-

1838 1497 1958 1554 tur,
1989 1503 2121 1559 quas
2159 1489 2267 1560 pati
2305 1503 2410 1544 non
2436 1499 2619 1560 posset
2652 1491 2904 1561 iniustas,
2946 1493 3048 1547 nisi
3076 1495 3305 1563 peccatis
3337 1494 3424 1564 gi-

1835 1581 2107 1651 gnentium
2130 1581 2553 1651 priecedentibus
2581 1600 2596 1638 :
2615 1583 2757 1653 quod
2772 1600 2867 1640 vos
2887 1593 3162 1655 negantes,
3191 1595 3243 1640 et
3264 1585 3424 1641 ﬁdem

1837 1675 2154 1730 catholicam
2194 1676 2471 1742 deseritis,
2501 1684 2556 1732 et
2590 1676 2863 1731 Manichaei
2886 1677 3079 1748 dogma
3122 1678 3385 1734 nefarium
3406 1719 3422 1744 ,

1838 1774 2093 1837 quantum
2118 1775 2304 1836 optare
2330 1782 2437 1821 non
2467 1781 2628 1822 ausus
2654 1777 2756 1832 est,
2783 1766 3064 1837 adjuvatis,
3097 1776 3155 1823 ut
3182 1769 3282 1824 sibi
3307 1783 3426 1824 cer-

1841 1868 1924 1912 tus
1948 1873 2275 1928 securusque
2303 1859 2562 1924 videatur,
2588 1858 2864 1914 hominum
2885 1861 3129 1930 opiﬁcem
3169 1877 3274 1916 non
3296 1878 3427 1918 con-

1841 1951 1978 2006 ﬁteri
2015 1966 2200 2006 verum
2238 1952 2438 2016 Deum,
2466 1950 2562 2010 sed
2589 1960 2803 2022 gentem
2838 1953 2854 1983 ¹
2897 1952 3233 2009 introducere
3276 1962 3428 2010 tene-

1840 2038 2078 2095 brarum.

1912 2153 2147 2209 LXXVI.
2175 2155 2292 2211 ιυι.
2321 2155 2428 2210 Nos
2457 2170 2586 2210 vero
2608 2155 2740 2210 nihil
2779 2155 3054 2223 habemus,
3079 2157 3220 2228 quod
3250 2159 3300 2213 in
3329 2174 3427 2215 no-

1841 2253 1955 2301 stro
1981 2246 2350 2302 admirandum
2375 2247 2655 2302 credamus
2676 2247 2909 2318 ingenio,
2928 2247 3052 2318 quia
3081 2250 3428 2320 intelligimus

1843 2350 1943 2391 nec
1971 2345 2245 2406 peceatum
2276 2338 2391 2393 sine
2416 2337 2686 2393 voluntate
2708 2380 2722 2402 ,
2752 2354 2851 2394 nec
2890 2340 3005 2395 sine
3031 2341 3142 2397 Deo
3165 2357 3388 2413 corpora
3410 2385 3426 2410 ,

1845 2445 1944 2485 nec
1971 2431 2089 2485 sine
2113 2431 2427 2500 corporibus
2453 2445 2641 2486 sensus
2665 2446 2972 2502 corporum,
3004 2449 3105 2488 nee
3133 2434 3250 2489 sine
3275 2451 3424 2490 com-

1845 2523 2102 2579 mixtione
2131 2523 2406 2595 conjugis,
2436 2539 2536 2580 nec
2563 2524 2680 2578 sine
2725 2525 2835 2580 Deo
2881 2535 3164 2595 operatore
3200 2528 3433 2584 existere

1846 2629 2008 2685 posse
2037 2624 2320 2670 nascentes
2348 2632 2361 2668 :
2386 2624 2440 2670 et
2468 2614 2826 2670 indubitatum
2854 2625 3123 2681 tenemus,
3159 2634 3329 2690 neque
3355 2620 3436 2674 di-

1847 2705 2026 2760 vinum
2057 2721 2197 2774 esse,
2230 2706 2372 2776 quod
2397 2706 2654 2762 doceatur
2673 2707 2924 2777 injustum
2947 2725 2962 2774 ;
2988 2723 3162 2779 neque
3187 2710 3331 2780 quod
3358 2710 3438 2765 di-

1849 2797 2034 2851 vinum
2062 2797 2152 2863 sit,
2177 2811 2335 2867 posse
2366 2797 2620 2868 injustum
2649 2797 2852 2853 doceri.
2881 2798 2998 2854 Non
3026 2801 3203 2855 minus
3230 2810 3434 2868 autem,

1849 2902 2010 2958 quam
2039 2901 2104 2943 ea
2129 2902 2248 2958 qua:
2275 2887 2527 2955 diximus,
2553 2889 2755 2944 relucet
2783 2905 2902 2945 esse
2937 2891 3198 2961 iniquum,
3231 2891 3276 2947 si
3299 2893 3436 2947 alio-

1852 2993 1973 3033 rum
2000 2987 2221 3050 peccata
2245 2979 2381 3044 aliis,
2417 2980 2505 3050 qui
2539 2979 2610 3034 ibi
2635 2995 2736 3036 nee
2755 2981 2970 3046 fuerint,
2995 2983 3191 3038 nedum
3210 2998 3439 3038 consen-

1849 3069 2052 3138 serint,
2107 3071 2454 3141 imputentur.
2497 3071 2728 3128 Proinde
2781 3073 2865 3127 his
2904 3074 3180 3129 illuminati
3235 3074 3438 3130 solibus

1845 3161 1970 3232 jure
1991 3163 2193 3234 optimo
2208 3163 2620 3220 Manichaeorum
2645 3166 2668 3197 ⁸
2690 3175 2841 3220 antra
2868 3166 3210 3236 despicimus,
3233 3169 3321 3238 qui
3346 3185 3441 3236 pu-

1851 3261 1968 3310 tant
1992 3254 2075 3310 vel
2099 3269 2221 3309 esse
2257 3269 2418 3325 posse
2445 3255 2562 3311 sine
2589 3255 2866 3310 voluntate
2893 3265 3166 3326 peceatum
3186 3300 3201 3324 ,
3225 3259 3308 3313 vel
3335 3272 3439 3312 non

1851 3361 1882 3400 a
1910 3347 2019 3402 Deo
2044 3345 2289 3402 homines
2319 3346 2466 3413 fleri,
2500 3349 2586 3403 vel
2617 3348 2684 3402 ad
2713 3349 2876 3404 alium
2904 3358 3178 3406 auctorem
3224 3365 3441 3408 sensqu

1851 3454 2170 3510 corporum,
2198 3448 2254 3495 et
2281 3440 2347 3494 ad
2376 3440 2538 3494 alium
2567 3455 2791 3510 corpora
2822 3442 3122 3511 pertinere;
3153 3443 3237 3498 vel
3268 3443 3437 3498 Deum

1851 3545 1992 3596 esse,
2047 3532 2139 3602 qui
2181 3533 2524 3602 iniquitatum
2575 3533 2892 3588 criminibus
2937 3535 3302 3606 opprimatur;
3353 3547 3445 3591 aut

1852 3625 2057 3681 scelere
2087 3624 2383 3695 iniquitatis
2409 3625 2582 3696 urgeri
2609 3641 2764 3693 eum,
2812 3627 2902 3696 qui
2945 3636 3178 3683 a:ternus
3205 3628 3444 3683 omnium

1853 3715 2098 3772 conditor
2119 3717 2452 3782 aestimetur;
2482 3727 2574 3772 aut
2613 3717 2860 3772 umbram
2887 3719 3120 3789 aliquam
3144 3729 3325 3776 tenere
3352 3722 3442 3790 ju-

1851 3808 2049 3875 stitiae,
2099 3809 2144 3863 si
2197 3809 2421 3864 aliorum
2470 3810 2769 3866 voluntates
2811 3811 3041 3867 aliorum
3101 3815 3442 3884 applicentur

1855 3900 2151 3955 exortibus.
2185 3902 2261 3955 Ae
2289 3915 2385 3971 per
2418 3901 2520 3957 hoc
2551 3902 2738 3958 merita
2777 3904 3005 3974 partium
3038 3906 3264 3975 negotiis
3285 3949 3298 3973 ,
3333 3922 3439 3962 non

1855 3989 2080 4060 ingeniis
2109 3991 2449 4061 imputamus.

1926 4084 2061 4140 Avo.
2089 4082 2204 4138 Jam
2231 4084 2322 4138 tibi
2344 4083 2411 4140 ad
2440 4085 2617 4140 omnia
2640 4087 2892 4156 respondi
2924 4106 2936 4142 :
2960 4103 3061 4144 nec
3082 4088 3202 4146 ideo
3221 4090 3438 4145 ﬁrman-

1859 4186 1946 4232 tur
1973 4176 2232 4232 adversus
2257 4193 2365 4245 me,
2393 4179 2514 4249 quia
2538 4189 2642 4234 tam
2671 4195 2813 4250 saepe
2836 4191 2891 4236 et
2919 4183 3105 4238 odiose
3133 4194 3448 4254 repetuntur

1856 4281 1886 4320 a
1921 4276 1992 4322 te.
2022 4267 2118 4323 Dic
2148 4268 2340 4338 potius,
2375 4269 2418 4324 si
2449 4277 2620 4339 potes,
2650 4272 2790 4327 unde
2826 4272 3055 4328 humana
3085 4275 3294 4346 ingenia
3321 4291 3444 4332 cum

1856 4365 2001 4413 tanta
2020 4359 2333 4430 plerumque
2359 4360 2644 4416 vitiositate
2675 4373 2992 4429 nascantur;
3019 4380 3141 4421 cum
3179 4367 3318 4420 inter
3346 4383 3447 4422 nos

1855 4452 2136 4506 conveniat
2153 4451 2314 4508 totius
2337 4451 2568 4508 hominis
2599 4469 2718 4509 esse
2740 4455 2984 4524 opificem
3025 4457 3190 4512 Deum
3209 4457 3439 4527 justum,

1857 4549 1913 4597 et
1933 4557 2028 4597 vos
2054 4544 2257 4614 negatis
2274 4544 2296 4576 ³
2318 4544 2480 4600 ullum
2507 4545 2764 4615 originale
2785 4547 3098 4616 peccatum?
3119 4547 3238 4603 Non
3265 4559 3443 4606 autem

1857 4635 2067 4691 diceres
2100 4637 2327 4691 aliorum
2373 4647 2587 4707 peccata
2630 4653 2729 4693 nos
2769 4639 2886 4693 aliis
2915 4639 3212 4710 imputare,
3243 4643 3332 4712 qui
3373 4643 3445 4698 ibi

1858 4726 2073 4796 quando
2096 4728 2384 4782 commissa
2431 4737 2588 4795 sunt,
2638 4744 2743 4783 non
2793 4728 3044 4798 fuerunt,
3094 4731 3138 4786 si
3185 4733 3451 4790 recoleres

1857 4818 2000 4889 quod
2038 4819 2294 4888 scriptum
2333 4829 2445 4886 est,
2488 4820 2540 4874 in
2573 4819 2766 4875 lumbis
2803 4819 3032 4876 Abrahae
3068 4821 3234 4879 fuisse
3281 4824 3446 4889 Levi,

1858 4911 2073 4981 quando
2102 4911 2348 4966 eumdem
2390 4911 2659 4966 Abraham
2693 4912 3084 4970 Melchisedech
3119 4916 3209 4971 Dei
3250 4918 3452 4972 excelsi

1859 5003 2141 5057 decimavit
2167 5003 2388 5057 antistes
2421 5003 2616 5074 (Hebr.
2654 5021 2743 5069 vu,
2776 5005 2830 5068 9,
2861 5003 2981 5078 10).
3017 5006 3088 5062 lbi
3130 5009 3274 5063 enim
3306 5009 3452 5063 vitle-

1860 5109 1982 5162 res,
2024 5096 2068 5150 si
2110 5107 2160 5151 te
2194 5097 2488 5166 pervicacia
2534 5113 2637 5150 non
2679 5108 2934 5165 caecaret,
2986 5099 3038 5154 in
3085 5099 3277 5156 lumbis
3321 5100 3451 5154 Atlze

1862 5187 2024 5242 fuisse
2072 5205 2238 5259 genus
2301 5188 2630 5257 humanum,
2687 5190 2899 5261 quando
2945 5193 3268 5262 perpetravit
3323 5193 3450 5246 illud

1861 5280 2063 5350 grande
2094 5291 2392 5350 peccatum.

1932 5369 2190 5425 LXXVII.
2221 5371 2340 5427 Jun.
2365 5372 2472 5428 Sed
2501 5383 2557 5427 ut
2582 5384 2918 5430 revertamur
2942 5373 3006 5430 ad
3029 5390 3266 5438 causam,
3299 5385 3450 5446 post-

1861 5477 2019 5533 quam
2041 5463 2242 5528 dixisti,
2271 5481 2356 5520 me
2389 5485 2406 5517 α
2435 5466 2554 5522 ideo
2573 5469 2810 5524 noluisse
2835 5468 3323 5537 concupiscentiam
3355 5485 3452 5523 uo-

1864 5555 2090 5619 minare,
2122 5556 2243 5624 quia
2286 5572 2391 5611 non
2419 5571 2562 5613 esset
2582 5575 2649 5614 ex
2677 5559 2854 5625 Patre,
2884 5559 2977 5614 sed
3003 5574 3066 5614 ex
3095 5558 3330 5626 mundo;
3360 5576 3452 5616 cu-

1857 5645 1946 5715 jus
1977 5647 2162 5702 mundi
2209 5650 2456 5722 princeps
2484 5652 2658 5708 dictus
2697 5663 2780 5708 est
2807 5651 3048 5707 diabolus
3078 5669 3090 5705 :
3120 5655 3209 5723 qui
3237 5668 3355 5708 eam
3397 5653 3452 5710 in

1927 5784 1946 5854 ξ
1979 5782 2096 5854 [aditi
2119 5797 2228 5834 cum
2251 5793 2360 5854 Mair.
2386 5787 2524 5844 clm,
2553 5796 2769 5854 mentem.
2796 5790 2957 5851 Altius
2980 5796 3126 5852 Port.,
3146 5799 3353 5854 gentem.

1926 5847 1949 5912 ξ
1980 5847 2053 5895 sic
2073 5853 2178 5896 Mss.
2208 5856 2254 5898 In
2277 5853 2431 5912 \‘ign.,
2460 5849 2725 5901 Maniclta-‘i.

1931 5907 1950 5938 ³
1983 5913 2138 5971 t’orte,
2165 5907 2355 5972 urgetis.
