3990 6466
547 357 683 414 1585

547 475 778 531 Domino
817 485 924 529 non
955 471 1190 535 invenit;
1232 472 1354 541 quia
1386 471 1641 525 Dominus
1682 471 1842 525 homo
1885 486 1990 524 non
2035 484 2130 539 per

540 585 709 640 ipsam
729 569 796 623 ad
824 567 1068 625 homines
1101 564 1247 618 venit
1277 583 1295 615 1
1325 564 1426 636 (De
1452 563 1672 633 Nuptiis
1691 575 1735 617 et
1757 561 2130 632 Concupiscet:-

548 665 631 727 tia,
657 661 746 716 lib.
773 660 831 728 2,
869 677 921 714 n.
950 656 1070 727 41.)
1103 656 1203 713 Ubi
1241 655 1530 710 notandum
1555 665 1666 720 est,
1692 655 1811 725 quia
1834 669 1955 709 cum
1980 652 2048 708 de
2072 668 2133 708 re

545 754 769 810 naturali
803 750 1117 820 loquereris,
1151 763 1377 819 eamque
1403 762 1469 802 ex
1497 746 1696 801 mundo
1722 761 1843 800 esse
1875 743 2131 809 dixisses,

541 845 819 903 subdidisti
837 843 1017 898 mundi
1043 843 1205 897 totius
1225 841 1514 912 principem
1529 839 1796 895 diabolum
1810 837 1953 892 credi
1975 852 2136 907 Opor-

543 951 685 1005 tere;
709 950 886 993 11111011
909 948 1122 994 actuum
1142 938 1580 1002 volunutriorum,
1599 935 1693 990 sed
1713 933 2028 989 naturalium
2049 947 2138 988 re-

541 1049 682 1097 rum,
707 1033 887 1103 utique
911 1042 1239 1096 naturarum,
1271 1029 1512 1084 fatereris
1535 1043 1655 1082 eum
1682 1036 1974 1082 auctorem.

617 1124 750 1179 Anc.
787 1121 886 1177 Ubi
915 1123 1065 1192 posui
1102 1139 1121 1173 1
1147 1119 1631 1190 concupiscentiam
1651 1118 1849 1182 carnis,
1879 1136 1896 1168 1
1925 1123 1981 1169 ιιι
2007 1114 2132 1170 abs-

543 1214 707 1267 tulisti
740 1212 864 1267 111110
906 1213 1196 1278 (01111118,1
1251 1212 1389 1281 quod
1432 1224 1533 1280 ego
1576 1209 1682 1264 dixi
1717 1228 1728 1261 :
1759 1218 1814 1263 et
1853 1207 1940 1262 ubi
1985 1207 2131 1273 dixi,

548 1304 732 1374 «cujus
759 1303 942 1358 mundi
971 1304 1144 1358 dictus
1165 1311 1247 1357 est
1279 1303 1523 1373 princeps
1551 1301 1826 1362 diabolus;
1855 1317 1874 1351 1
1907 1307 1961 1352 111
1979 1297 2134 1353 addi-

544 1393 667 1448 disti
706 1411 725 1444 (
762 1394 940 1459 totius,
971 1412 990 1446 1
1019 1403 1071 1448 01
1093 1393 1293 1458 dixisti,
1326 1410 1346 1442 1
1373 1393 1534 1446 totius
1560 1390 1776 1456 mundi,
1814 1409 1831 1442 1
1867 1389 2007 1459 quod
2035 1404 2134 1457 ego

544 1501 650 1540 non
684 1485 813 1540 dixi.
844 1485 956 1556 Age
977 1495 1034 1539 ut
1064 1486 1250 1554 placet,
1282 1483 1367 1537 (110
1397 1483 1537 1552 quod
1562 1482 1654 1535 tibi
1679 1481 1872 1550 placet,
1909 1482 1993 1536 vel
2030 1480 2135 1534 illis

542 1577 702 1631 etiam
752 1576 944 1645 quibus
1000 1574 1198 1644 places.
1272 1575 1382 1644 Ego
1426 1573 1907 1643 concupiscentiam
1958 1571 2134 1628 carnis

545 1667 687 1730 dixi,
730 1681 886 1736 quam
921 1667 1053 1721 dicit
1091 1665 1326 1721 Joannes
1365 1680 1469 1719 non
1504 1679 1626 1720 esse
1663 1679 1692 1716 a
1723 1664 1912 1729 Patre,
1945 1662 2037 1718 sed
2069 1679 2132 1718 ex

542 1758 743 1812 mundo
787 1757 1008 1828 (lloan.
1052 1773 1110 1824 11,
1164 1757 1252 1829 16)
1281 1798 1295 1822 ,
1342 1756 1393 1810 id
1425 1765 1542 1822 est,
1574 1771 1636 1809 ex
1690 1753 1994 1808 hominibus
2043 1753 2132 1824 qui

542 1865 574 1902 n
610 1859 832 1904 scuutur
877 1850 930 1904 in
985 1848 1217 1914 mundo,
1273 1848 1491 1918 perituri
1542 1847 1644 1902 nisi
1688 1854 2036 1903 renascantur
2081 1847 2134 1902 111

539 1939 774 1993 Christo.
812 1939 938 1994 11100
974 1940 1404 2009 concupiscentia
1439 1939 1615 1993 carnis
1641 1955 1746 1992 non
1785 1948 1868 1994 est
1903 1939 2130 2005 luxnria,

539 2029 752 2100 quando
787 2030 835 2084 ei
870 2030 1170 2098 resistitur,
1213 2031 1307 2085 sed
1344 2031 1556 2100 quando
1587 2029 1889 2100 perﬁcitur,
1937 2030 1988 2085 id
2015 2038 2129 2097 est,

539 2121 752 2190 quando
780 2122 1023 2190 pervenit
1052 2138 1156 2192 quo
1185 2121 1599 2192 impellit.Unde
1623 2131 1677 2176 et
1698 2124 1970 2192 apostolus
1991 2124 2131 2178 Pau-

541 2213 624 2267 Itts
653 2229 667 2266 :
701 2213 900 2284 Spiritu
920 2255 934 2280 ,
971 2215 1170 2284 inquit,
1199 2215 1485 2279 ambulate,
1526 2223 1570 2268 et
1595 2214 1850 2268 desideria
1875 2217 2043 2268 carnis
2069 2232 2133 2269 ne

541 2305 846 2376 pet-feceritis
865 2303 1062 2378 (Galat.
1088 2322 1140 2372 v,
1167 2306 1278 2377 16).
1305 2305 1418 2359 Non
1441 2307 1536 2370 ait,
1555 2304 1636 2360 Ne
1672 2305 1968 2360 habueritis
1993 2324 2006 2360 :
2032 2322 2130 2361 no-

540 2405 688 2452 verat
720 2398 916 2468 quippe
944 2397 1045 2452 hoc
1069 2413 1261 2451 munus
1298 2397 1534 2451 I'uturum
1565 2395 1779 2466 quidem
1810 2412 1930 2452 esse
1954 2397 2127 2464 nobis,

538 2489 634 2544 sed
665 2490 785 2544 vitae
829 2504 934 2544 non
961 2505 1079 2544 esse
1120 2491 1422 2559 111-1118011118.
1457 2491 1566 2560 Ego
1608 2489 1899 2560 principem
1945 2491 2129 2548 mundi

539 2582 806 2637 diabolum
848 2582 957 2636 dixi
983 2624 999 2648 ,
1035 2583 1174 2638 sicut.
1206 2599 1328 2637 ctun
1367 2584 1599 2653 appellat
1637 2583 1910 2653 Scriptura
1949 2583 2129 2640 divina

539 2671 720 2742 (Joan.
755 2689 848 2739 xu,
881 2675 979 2738 3|;
1015 2689 1129 2739 xw,
1163 2674 1266 2739 50;
1295 2689 1404 2741 xvi,
1440 2673 1552 2744 II),
1585 2689 1690 2728 non
1722 2676 1861 2729 sicut
1888 2675 2128 2746 suspica-

539 2773 627 2820 tur
646 2766 726 2820 vel
751 2766 1105 2820 calumniatur
1119 2767 1323 2821 vanitas
1349 2775 1458 2827 tua.
1481 2766 1600 2822 Non
1621 2767 1798 2838 itaque
1819 2776 2129 2824 naturarum

537 2865 811 2911 auctorem
854 2856 1123 2911 diabolum
1165 2856 1304 2924 dixi,
1335 2857 1429 2912 sed
1464 2858 1757 2928 principem
1805 2859 2030 2927 mundi,
2075 2859 2128 2916 id

536 2957 655 3014 est,
689 2949 985 3018 hominum,
1017 2949 1209 3020 quibus
1256 2950 1308 3004 in
1355 2951 1483 3006 orbe
1529 2959 1789 3006 terrarum
1832 2954 2021 3022 plenus
2047 2961 2130 3008 est

540 3039 792 3108 mundus,
814 3042 906 3111 qui
927 3049 1218 3096 nascuntur
1246 3041 1301 3095 in
1325 3040 1545 3109 mundo,
1574 3057 1672 3096 nec
1698 3050 2050 3098 renascuntur
2073 3044 2127 3099 in

539 3132 773 3189 Christo.
818 3133 900 3188 Ab
929 3133 1008 3188 eis
1044 3134 1242 3204 quippe
1276 3134 1366 3204 qui
1409 3141 1761 3188 renascuntur
1800 3135 1852 3189 in
1877 3134 2127 3202 Christo,

540 3228 786 3298 princeps
809 3227 990 3282 mundi
1015 3227 1241 3281 mittitur
1263 3224 1411 3281 foras
1439 3244 1452 3280 :
1483 3226 1625 3297 quod
1649 3228 1901 3299 mysteria
1921 3227 2128 3298 signiti-

537 3331 683 3387 cant,
708 3321 920 3392 quando
939 3321 1098 3376 etiam
1127 3320 1331 3390 parvuli
1358 3320 1658 3392 baptizandi
1680 3323 2056 3376 exoreizantur
2074 3330 2129 3376 et

535 3413 900 3470 exsulilantur.
932 3413 1015 3468 Ad
1058 3412 1174 3469 haec
1201 3413 1496 3484 responde,
1542 3413 1588 3468 si
1627 3422 1800 3483 potes.
1832 3412 1950 3468 Noli
1981 3412 2121 3469 velle

537 3508 794 3563 lectorem
829 3517 916 3562 tua
945 3505 1321 3577 loquacissima
1351 3506 1583 3560 vanitate
1609 3521 1933 3571 vanescere,
1967 3515 2022 3562 et
2057 3506 2126 3561 ab

537 3614 606 3656 eo
639 3599 782 3671 quod
805 3601 997 3671 agitur,
1045 3599 1212 3654 averti
1259 3608 1417 3669 atque
1438 3598 1620 3654 seduci
1652 3615 1666 3651 :
1709 3599 1825 3660 die,
1857 3600 1901 3653 si
1937 3599 2125 3665 audes,

539 3691 738 3746 bonum
771 3707 891 3748 esse
919 3690 1299 3762 concupiscere
1334 3689 1552 3744 malum.
1583 3689 1680 3744 Dic
1704 3731 1718 3754 ,
1752 3691 1891 3743 mala
1915 3690 2127 3760 quidem

536 3800 697 3856 opera
717 3799 748 3838 a
770 3783 924 3839 Patre
953 3798 1058 3838 non
1079 3797 1220 3847 esse,
1242 3780 1337 3838 sed
1353 3781 1838 3850 concupiscentiam
1864 3781 2128 3836 malorum

537 3892 759 3947 operum
789 3891 819 3930 a
851 3876 1006 3932 Patre
1033 3891 1172 3932 esse.
1216 3874 1344 3941 Dic,
1370 3873 1640 3929 diabolum
1673 3887 1777 3928 non
1804 3873 2128 3944 appellatum

538 3970 836 4039 principem
867 3969 1073 4023 mundi.
1106 3969 1222 4036 Dic,
1251 3967 1509 4022 mundum
1540 3983 1647 4022 non
1666 3967 1772 4022 dici
1803 3968 2047 4023 homines
2075 3969 2130 4024 in

540 4061 740 4116 mundo
765 4061 1103 4115 constitutos.
1133 4061 1249 4126 Dic,
1280 4059 1535 4114 mundum
1566 4061 1618 4114 in
1660 4061 1800 4114 malo
1831 4075 1937 4113 non
1967 4074 2127 4130 posse

539 4151 763 4222 intelligi
802 4151 1046 4206 homines
1077 4150 1353 4216 infideles,
1389 4151 1579 4220 quibus
1618 4151 1668 4204 iu
1696 4151 1827 4206 orbe
1867 4160 2128 4206 terrarum

539 4244 731 4316 plenus
755 4251 838 4298 est
866 4241 1127 4308 mundus;
1167 4251 1221 4296 et
1246 4257 1453 4309 rursus,
1480 4242 1531 4295 in
1556 4242 1698 4295 bono
1727 4242 1972 4298 homines
2001 4243 2132 4299 [ide-

538 4336 640 4403 Ics,
675 4336 866 4406 quibus
901 4335 1022 4390 licet
1063 4335 1422 4404 paucioribus,
1461 4345 1635 4390 tamen
1687 4335 1849 4390 etiam
1895 4336 2024 4406 ipsis
2077 4338 2128 4390 111

541 4429 672 4484 orbe
703 4437 964 4484 terrarum
993 4428 1184 4498 plenus
1211 4434 1296 4482 est
1323 4425 1574 4491 mundus,
1603 4427 1818 4483 nomine
1849 4427 2030 4482 mundi
2053 4428 2129 4482 si-

539 4519 739 4574 militer
775 4519 1070 4590 appellari;
1110 4520 1248 4573 sicut
1285 4517 1574 4573 absurdum
1605 4533 1710 4572 non
1737 4528 1852 4586 est,
1885 4528 1944 4573 ut
1968 4520 2130 4575 arbor

541 4611 697 4682 plena
738 4611 938 4680 pomis,
962 4611 1168 4667 dicatur
1207 4610 1358 4681 plena
1388 4617 1440 4665 et
1471 4609 1628 4666 loliis.
1665 4611 1791 4673 Dic,
1843 4611 2088 4681 parvulos
2111 4653 2127 4678 ,

541 4720 664 4760 cum
694 4703 1052 4772 baptizantur,
1079 4719 1183 4758 non
1228 4703 1343 4758 erui
1377 4703 1446 4760 de
1473 4712 1734 4774 potestate
1763 4704 2124 4770 tenebrarum,

541 4804 598 4850 et
619 4809 738 4849 eum
771 4808 957 4863 magna
994 4792 1183 4860 injuria
1217 4794 1308 4848 Dei
1348 4809 1444 4863 per
1479 4793 1780 4848 universam
1811 4794 2128 4850 catholicam

544 4885 832 4942 Ecclesiatn
864 4885 1153 4939 cxorcizari
1195 4895 1250 4939 et
1273 4886 1542 4940 exsumari
1575 4886 1834 4957 imagines
1866 4888 1957 4942 Dei
1992 4905 2004 4940 :
2038 4897 2132 4943 aut

540 4981 647 5046 dic,
670 4995 763 5035 eos
783 4995 812 5034 a
838 4978 1055 5034 diabolo
1082 4978 1342 5048 possideri
1373 4980 1487 5034 sine
1516 4980 1622 5034 ulla
1655 4981 1982 5052 obligatione
2003 4997 2129 5052 pee-

540 5073 666 5128 cati.
699 5072 824 5128 11ωο
859 5071 906 5126 si
931 5071 1153 5128 audebis
1178 5071 1388 5138 dicere,
1417 5087 1540 5127 mox
1575 5074 1856 5144 apparebis
1889 5091 1904 5128 :
1941 5074 1988 5130 si
2023 5091 2129 5130 non

538 5164 782 5229 audebis,
809 5180 908 5221 nec
934 5165 1014 5221 sic
1043 5164 1253 5219 latebis.

612 5256 890 5313 LXXVIII.
927 5257 1044 5313 Jun.
1079 5258 1365 5327 Postquam
1394 5273 1523 5330 ergo
1541 5259 1640 5314 hoc
1664 5258 1855 5314 ell'atus
1875 5275 1956 5326 es,
1986 5260 2128 5316 intu-

541 5351 681 5414 lisli,
725 5349 909 5406 «Unde
953 5349 1083 5405 dicit
1123 5351 1288 5406 etiam
1333 5352 1447 5422 ipse
1479 5353 1734 5406 Dominus
1760 5395 1775 5420 ,
1829 5354 1962 5409 Ecce
1999 5359 2130 5411 venit

540 5444 775 5513 princeps
801 5443 974 5497 mundi
994 5442 1163 5513 hujus,
1189 5453 1236 5497 et
1263 5445 1316 5498 in
1346 5460 1424 5497 me
1449 5444 1578 5498 nihil
1603 5445 1789 5498 invenit
1820 5463 1839 5496 1
1874 5443 1984 5518 (111.
2017 5463 2124 5512 xlv,

539 5534 642 5606 50)
679 5533 976 5604 :addisque
1014 5533 1084 5590 de
1123 5542 1246 5598 tuo,
1295 5552 1314 5587 1
1338 5534 1467 5589 nihil
1517 5535 1702 5606 utique
1747 5538 1982 5606 peccati,
2031 5554 2130 5594 nec

537 5626 677 5696 quod
696 5641 725 5679 a
754 5634 1004 5681 nascente
1029 5625 1278 5693 trahitur,
1300 5641 1399 5681 nec
1414 5626 1556 5696 quod
1572 5641 1602 5681 a
1623 5627 1833 5683 vivente
1857 5629 2087 5686 additur.
2103 5651 2121 5684 1

539 5719 775 5775 Ostende
797 5719 955 5790 igitur
982 5719 1183 5776 dixisse
1213 5721 1494 5776 Dominum
1526 5721 1576 5776 in
1609 5721 1914 5794 Evangelia,
1942 5741 2045 5782 non
2069 5741 2127 5783 sc

541 5813 735 5866 habere
767 5819 1040 5883 peccatum
1061 5813 1202 5885 quod
1228 5829 1257 5871 a
1290 5823 1542 5871 nascente
1571 5813 1892 5871 traheretur.

1217 355 1461 413 OPERIS
1499 353 1911 411 IMPERFECTI
1949 352 2224 408 CONTRA
2266 352 2631 423 JULIANUM,
2671 355 2731 413 S.
2774 355 3139 415 AUGUSTINI

3679 359 3815 418 1581

2316 467 2450 523 Auc.
2487 467 2564 522 Tu
2601 469 2823 525 ostende
2850 469 3051 525 dixisse
3079 469 3386 539 Dominum,
3414 485 3522 526 non
3547 486 3611 529 se
3631 473 3833 531 habere

2240 559 2453 614 sordem
2477 601 2492 626 ,
2524 561 2642 616 sine
2667 577 2769 632 qua
2791 561 2894 617 Job
2913 562 3044 617 dicit
3071 578 3172 619 nec
3195 562 3448 619 infantem
3491 565 3658 621 ullum
3688 581 3831 634 esse,

2241 651 2391 722 cujus
2431 661 2512 708 cst
2547 654 2702 708 unius
2732 654 2839 709 diei
2883 655 2988 710 vita
3035 671 3196 727 super
3237 664 3436 712 terram
3467 656 3488 727 (
3501 655 3603 711 Job
3635 674 3747 726 xiv,
3778 657 3831 727 ι,

2241 759 2340 799 sec.
2388 744 2577 817 LXX).
2625 745 2695 800 Et
2724 755 2904 802 tamen
2947 746 3038 802 ubi
3093 747 3190 814 ait,
3240 747 3374 802 Ecce
3429 749 3560 802 venit
3600 749 3834 821 princeps

2241 838 2416 892 mundi
2439 839 2612 910 hujus,
2639 846 2686 894 et
2708 839 2761 894 in
2777 857 2856 893 me
2873 840 3088 894 inveniet
3112 840 3260 908 nihil,
3289 854 3391 896 nec
3417 840 3585 911 ipsam
3616 841 3831 897 sordem

2242 931 2602 1002 intelligimus,
2633 933 2678 988 si
2704 941 2850 988 recte
2878 931 3247 1002 intelligimus.
3273 931 3406 987 Nam
3441 933 3485 988 si
3510 945 3575 987 ex
3594 947 3661 989 eo
3691 934 3832 1003 quod

2241 1021 2394 1088 dixit,
2441 1037 2549 1076 non
2587 1030 2670 1077 est
2715 1022 3118 1092 intelligendum
3176 1021 3468 1092 quodnon
3521 1022 3688 1087 dixit;
3737 1038 3835 1078 nec

2240 1111 2507 1168 diabolum
2530 1114 2840 1180 nominavit,
2869 1112 2964 1169 sed
2992 1112 3288 1184 principem
3317 1112 3500 1168 mundi
3531 1132 3546 1170 :
3574 1122 3620 1167 et
3650 1116 3705 1168 in
3732 1131 3831 1180 me,

2243 1204 2447 1274 inquit,
2499 1204 2628 1260 nihil
2654 1205 2901 1270 inveniet;
2933 1219 3038 1259 non
3067 1203 3173 1267 ait,
3219 1202 3276 1257 lu
3312 1218 3400 1259 me
3438 1217 3544 1259 non
3597 1205 3834 1259 inveniet

2240 1307 2542 1367 peccatum.
2573 1298 2640 1352 Et
2668 1307 2844 1353 tamen
2875 1311 2974 1352 nos
2998 1313 3061 1352 ea
3091 1296 3346 1364 dicimus,
3379 1313 3499 1368 quae
3521 1311 3629 1352 non
3654 1297 3830 1363 dixit;

2241 1387 2333 1442 sed
2357 1403 2422 1442 ex
2446 1387 2528 1441 his
2556 1388 2846 1451 intellecta,
2871 1403 2991 1458 quae
3020 1386 3177 1442 dixit.

2312 1477 2691 1534 LXXIXJUL.
2737 1479 2872 1548 Quid
2898 1479 3291 1534 circumscribis
3320 1478 3556 1534 infelices
3601 1480 3829 1547 animas,

2239 1580 2299 1627 ut
2323 1572 2598 1630 mentiaris
2649 1571 2936 1626 iudicatum
2965 1573 2982 1603 ⁸
3010 1586 3150 1634 0880,
3181 1571 3323 1641 quod
3349 1586 3455 1626 non
3494 1580 3576 1626 est
3599 1573 3624 1624 Ἰ
3645 1573 3831 1626 Domi-

2241 1676 2342 1717 nus
2361 1662 2486 1718 dicit
2506 1663 2556 1716 in
2570 1662 2881 1732 Evangelia,
2911 1661 3042 1715 Ecce
3063 1663 3195 1715 venit
3215 1662 3450 1734 princeps
3463 1662 3638 1716 mundi
3655 1664 3828 1733 hujus,

2240 1755 2359 1809 etin
2384 1755 2669 1809 meinvenit
2707 1754 2858 1808 nihil.
2903 1753 3120 1810 Certum
3151 1764 3234 1810 est
3275 1755 3408 1810 nihil
3435 1757 3636 1826 peccati
3676 1757 3732 1811 in
3770 1773 3834 1813 eo

2240 1846 2508 1902 diabolum
2557 1845 2884 1901 oIl‘endisse:
2929 1847 3178 1917 quoniam
3225 1847 3278 1900 in
3330 1848 3494 1913 omni,
3546 1847 3629 1903 vel
3672 1864 3832 1918 quam

2238 1939 2515 2003 esurienti,
2540 1937 2622 1993 vel
2653 1953 2812 2008 quam
2840 1946 3028 2008 postea
3052 1937 3381 2009 praedicanti,
3411 1946 3664 2008 tanquam
3708 1955 3831 2009 per-

2239 2038 2512 2086 secutores
2541 2043 2666 2084 suos
2709 2028 3041 2096 admoverat,
3086 2029 3382 2084 tentatione
3409 2037 3698 2099 superatus
3728 2041 3829 2085 est.

2239 2122 2520 2176 Profitetur
2563 2136 2692 2192 ergo
2716 2120 2980 2189 Salvator,
3011 2121 3143 2176 nihil
3181 2122 3237 2175 in
3257 2135 3318 2176 se
3340 2121 3611 2176 diabolum
3633 2123 3831 2192 depre-

2237 2211 2488 2268 hendisse
2507 2212 2729 2281 peccati.
2753 2211 2808 2266 111
2840 2227 2947 2282 quo
2975 2220 3121 2267 certe
3161 2211 3472 2279 invenisset,
3523 2211 3570 2268 si
3598 2214 3729 2283 quid
3767 2214 3833 2269 de

2235 2306 2414 2362 carnis
2457 2305 2761 2361 conditione
2784 2306 3086 2361 traheretur
3115 2320 3132 2360 :
3159 2306 3409 2376 quoniam
3437 2316 3491 2361 et
3511 2307 3626 2376 ipse
3656 2305 3832 2362 factus

2235 2399 2488 2455 fueratex
2511 2399 2756 2466 muliere,
2778 2398 2847 2455 de
2868 2399 3074 2455 semine
3095 2398 3258 2454 David
3285 2407 3342 2454 et
3367 2398 3434 2454 de
3462 2399 3631 2455 Adam
3661 2401 3832 2470 stirpe

2235 2503 2511 2565 prognata.

2305 2585 2439 2642 Anc.
2468 2584 2572 2641 Sed
2594 2599 2699 2640 non
2727 2599 2851 2640 eum
2873 2600 2971 2655 per
2999 2584 3484 2656 concupiscentiam
3507 2585 3689 2640 carnis
3720 2586 3827 2641 vir-

2233 2690 2301 2747 go
2325 2684 2678 2747 conceperat:
2704 2686 2760 2732 et
2784 2677 2904 2732 ideo
2925 2677 2976 2730 in
3001 2691 3124 2732 eum
3144 2677 3262 2732 sine
3288 2677 3579 2748 propagine
3605 2680 3822 2746 peccati

2234 2772 2412 2826 carnis
2432 2785 2665 2842 propago
2687 2770 3016 2840 pertransiit,
3059 2778 3117 2825 ut
3146 2778 3289 2825 esset
3335 2771 3388 2824 in
3437 2784 3502 2825 eo
3546 2785 3652 2825 non
3695 2785 3826 2826 caro

2234 2865 2460 2933 peccati,
2489 2864 2582 2918 sed
2605 2863 2897 2918 similitudo
2936 2863 3114 2919 carnis
3153 2863 3374 2933 peccati,
3408 2877 3624 2918 carnem
3655 2865 3834 2918 salva-

2235 2966 2352 3010 tura
2398 2957 2620 3026 peccati.
2667 2955 2899 3012 Proinde
2945 2954 3138 3020 Adam,
3190 2956 3497 3026 priusquam
3552 2967 3829 3026 peccaret,

2234 3064 2332 3105 nec
2354 3065 2570 3105 carnem
2603 3049 2801 3120 peccati
2829 3049 3035 3117 habuit,
3082 3065 3182 3106 nec
3217 3050 3620 3108 similitudinem
3647 3054 3833 3108 carnis

2234 3141 2468 3210 peccati;
2501 3141 2625 3211 quia
2649 3157 2758 3196 non
2787 3149 2906 3196 erat
2930 3142 3239 3206 moriturus,
3259 3143 3360 3198 nisi
3391 3153 3666 3213 peccasset
3700 3163 3713 3199 :
3739 3146 3835 3201 sed

2235 3241 2580 3304 posteaquam
2609 3235 2872 3304 peccavit,
2896 3233 3006 3304 jam
3028 3249 3155 3289 caro
3176 3235 3376 3304 peccati
3403 3237 3584 3306 genuit
3599 3252 3832 3292 carnem

2250 3326 2476 3394 peccati,
2507 3326 2627 3396 quia
2653 3341 2772 3396 ,per
2794 3325 2935 3380 illam
2973 3327 3454 3395 concupiscentiam
3475 3329 3651 3383 carnis
3674 3345 3798 3384 eam
3815 3331 3837 3361 '

2233 3418 2454 3488 genuit,
2515 3434 2634 3490 quae
2662 3426 2787 3474 ante
2816 3427 3091 3489 peccatum
3122 3420 3205 3473 vel
3254 3420 3397 3475 nulla
3447 3419 3502 3474 in
3551 3421 3646 3475 illo
3693 3431 3834 3485 erat,

2234 3510 2316 3564 vel
2338 3510 2546 3580 spiritui
2577 3525 2680 3564 non
2711 3511 3016 3577 resistebat,
3048 3522 3267 3581 propter
3303 3511 3444 3582 quod
3475 3528 3597 3567 eum
3627 3513 3837 3569 nudum

2235 3618 2354 3658 esse
2376 3603 2503 3657 nihil
2530 3602 2780 3672 pudebat.
2803 3602 3046 3657 Christus
3067 3602 3244 3658 autem
3273 3603 3360 3672 qui
3389 3619 3493 3657 111111
3539 3619 3635 3674 per
3689 3605 3839 3659 illam

2236 3694 2719 3763 concupiscentiam
2745 3694 2922 3748 carnis
2947 3703 3030 3748 est
3058 3704 3235 3761 natus,
3260 3695 3375 3749 sine
3407 3704 3622 3765 peccato
3667 3705 3835 3750 natus

2234 3791 2338 3849 est,
2369 3783 2510 3853 quod
2540 3784 2701 3838 trahit
2752 3784 2926 3838 01111118
2971 3799 3098 3839 01110
3137 3787 3363 3854 peccati,
3421 3787 3605 3856 procul
3653 3787 3832 3841 dubio

2236 3886 2453 3948 propter
2477 3893 2633 3948 quam
2684 3880 2981 3932 moriuntur
3005 3892 3216 3945 omnes,
3246 3893 3458 3933 carnem
3489 3894 3592 3932 non
3625 3879 3842 3935 habens

2235 3967 2348 4038 ipse
2366 3968 2563 4037 peccati
2595 3986 2608 4022 :
2637 3967 2731 4023 sed
2756 3976 2930 4023 tamen
2960 3978 3015 4022 et
3061 3969 3172 4039 ipse
3193 3978 3433 4024 mortuus
3478 3977 3560 4025 est
3612 3979 3844 4040 preptcr

2235 4059 2636 4115 similitudinem
2666 4060 2841 4115 carnis
2873 4061 3094 4129 peccati.
3123 4061 3255 4115 Nam
3285 4061 3331 4116 si
3368 4077 3469 4116 nec
3507 4073 3842 4128 moreretur,

2236 4166 2341 4206 non
2385 4152 2556 4206 solum
2584 4166 2798 4205 carnem
2830 4152 3030 4221 peccati
3081 4168 3186 4207 non
3237 4152 3483 4221 haberet,
3533 4155 3673 4209 sicut
3730 4171 3844 4209 non

2237 4243 2506 4309 habebat;
2548 4243 2643 4298 sed
2700 4258 2799 4298 nec
2857 4244 2972 4313 ejus
3026 4244 3335 4300 ostenderet
3401 4245 3842 4314 similitudinem,

2235 4350 2394 4404 quam
2422 4350 2518 4404 pro
2545 4343 2726 4389 nostra
2756 4335 2929 4390 salute
2971 4348 3297 4406 susceperat.
3323 4337 3402 4392 Tu
3422 4337 3578 4409 igitur
3602 4340 3698 4409 qui
3730 4355 3836 4395 ne-

2235 4443 2361 4498 gare
2389 4443 2493 4482 11011
2526 4436 2675 4498 potes
2694 4427 2966 4484 Christum
2985 4443 3090 4483 non
3108 4430 3158 4484 in
3181 4445 3343 4487 carne
3362 4433 3572 4487 venisse
3597 4435 3838 4502 peccati,

2235 4521 2330 4575 sed
2377 4521 2430 4574 in
2459 4535 2620 4575 carne
2668 4519 2880 4590 quidem
2937 4537 3097 4590 vera,
3143 4531 3322 4578 tamen
3373 4525 3423 4578 in
3481 4525 3848 4582 similitudine

2235 4612 2411 4666 carnis
2448 4613 2675 4682 peccati,
2722 4613 2889 4668 debes
2914 4613 3286 4671 demonstrare
3313 4631 3529 4672 carnem
3565 4621 3788 4687 peccati
3827 4637 3842 4676 :

2236 4707 2485 4777 quoniam
2533 4710 2578 4762 si
2622 4707 2766 4763 nulla
2809 4718 2912 4776 est,
2961 4710 3199 4779 profecto
3247 4726 3347 4767 nec
3390 4713 3687 4767 similitudo
3720 4717 3848 4786 ejus

2235 4800 2339 4854 ulla
2361 4809 2461 4856 est.
2487 4801 2653 4856 Porro
2669 4803 2790 4872 quia
2817 4803 2964 4857 solus
2988 4802 3236 4860 Christus
3283 4805 3467 4861 habuit
3518 4809 3845 4864 similitudi-

2236 4910 2358 4950 nem
2385 4896 2560 4950 carnis
2590 4897 2813 4966 peccati,
2841 4912 2960 4968 quae
2999 4914 3103 4952 non
3133 4908 3275 4955 esset
3300 4917 3427 4956 caro
3462 4904 3688 4972 peccati,
3711 4908 3848 4976 quia

2235 5001 2342 5041 non
2372 5001 2441 5042 ex
2486 4988 2863 5043 commixtione
2890 5004 3111 5044 sexuum
3141 5000 3296 5047 natus
3315 5001 3435 5047 est:
3465 4993 3589 5064 quid
3638 5005 3848 5060 restat,

2233 5080 2336 5135 nisi
2356 5089 2416 5135 ut
2432 5080 2636 5151 peccati
2661 5094 2786 5134 caro
2805 5080 2874 5136 sit
2901 5085 3162 5150 omnium,
3177 5084 3264 5153 qui
3284 5084 3351 5140 de
3375 5085 3462 5139 tali
3484 5087 3849 5144 commixtio-

2235 5188 2302 5226 ne
2331 5182 2638 5236 nascuntur,
2672 5171 2996 5241 pertinentes
3018 5173 3083 5227 ad
3120 5175 3396 5240 mundum,
3430 5177 3580 5245 cujus
3607 5185 3694 5231 est
3719 5179 3850 5231 dia-

2236 5263 2389 5317 bolus
2409 5265 2675 5333 princeps,
2701 5278 2731 5316 a
2753 5278 2859 5333 quo
2885 5262 3025 5318 malo
3063 5279 3169 5319 non
3212 5265 3521 5331 liberantur,
3546 5268 3590 5322 si
3631 5285 3748 5324 non
3793 5271 3851 5326 in

2234 5353 2449 5408 Christo
2469 5353 2859 5409 renascuntur?

2307 5445 2517 5500 LXXX.
2541 5446 2660 5501 JUL.
2693 5446 2989 5502 Invenisset
3033 5462 3160 5518 ergo
3191 5448 3245 5502 in
3293 5464 3358 5504 eo
3391 5449 3636 5505 diabolus
3667 5462 3847 5508 natu-

2237 5537 2346 5592 rale
2375 5538 2597 5602 crimen,
2613 5537 2657 5591 si
2681 5537 2844 5592 ullum
2860 5547 3004 5593 esset
3029 5556 3044 5593 :
3076 5547 3281 5596 teneret
3299 5557 3492 5612 corpus
3508 5543 3844 5612 obnoxium,

2237 5631 2280 5686 si
2310 5629 2437 5685 illud
2459 5629 2540 5685 vel
2564 5631 2616 5684 111
2644 5630 2815 5700 primo
2838 5641 3080 5701 parente,
3110 5635 3192 5688 vcl
3221 5637 3272 5688 in
3321 5635 3432 5705 ipsa
3461 5635 3707 5706 pariente
3743 5654 3850 5694 ve-

2303 5771 2317 5800 ¹
2353 5768 2426 5817 sic
2449 5775 2550 5816 Mss.
2585 5772 2634 5815 In
2662 5767 2815 5830 \‘ign,
2831 5767 3124 5829 ⁸ἱηιέἰείιιηυι.

2305 5834 2323 5862 ¹
2357 5837 2406 5878 111
2427 5838 2550 5892 3155.,
2575 5843 2701 5879 cum.
