3962 6554
230 488 368 548 I385

219 613 512 672 'nenasset;
542 617 640 661 nec
665 604 909 673 referret,
933 611 1111 660 utrum
1154 603 1544 660 conditionibus
1572 603 1810 659 materiae

227 713 335 754 suae
364 713 484 754 sera
529 707 583 754 et
610 696 854 754 inefﬁcax
893 697 1179 753 resultaret
1219 697 1504 753 voluntatis
1543 695 1810 753 intentio:

226 800 408 846 contra
437 799 679 845 naturam
706 790 900 856 nitens,
933 806 1040 844 non
1071 790 1310 860 expiaret
1341 797 1544 854 natum,
1575 788 1667 844 sed
1720 802 1812 843 ex-

224 893 498 952 asperaret
526 892 805 955 tyrannum
833 899 846 948 ;
891 883 1042 938 salvo
1069 898 1133 938 eo
1156 882 1295 952 quod
1345 899 1450 938 non
1481 890 1661 952 posset
1692 896 1812 937 esse

224 973 470 1027 voluntas
521 973 706 1039 libera,
761 974 804 1028 si
851 974 1043 1029 fuisset
1088 981 1274 1028 natura
1318 973 1548 1044 captiva.
1598 972 1652 1028 Si
1685 987 1812 1044 ergo

224 1075 366 1120 esset
395 1065 448 1120 in
477 1065 640 1135 ipsius
663 1064 839 1120 carnis
870 1080 1030 1120 sensu
1069 1074 1122 1121 et
1171 1065 1479 1120 conditione
1504 1073 1806 1134 peccatum,

222 1158 266 1212 si
287 1158 402 1228 ipsa
425 1167 609 1213 natura
632 1159 906 1214 hominum
929 1159 994 1213 ad
1027 1157 1320 1213 dominium
1363 1157 1622 1212 dmmonis
1650 1156 1812 1227 perti-

223 1260 407 1314 neret;
457 1250 702 1307 Christus
721 1261 812 1306 aut
850 1267 974 1306 reus
996 1258 1111 1306 erat
1146 1249 1370 1315 futurus,
1393 1259 1482 1304 aut
1509 1249 1670 1303 homo
1701 1263 1807 1303 non

223 1340 453 1397 futurus.
489 1342 628 1414 Ergo
655 1343 698 1398 si
729 1343 1048 1398 adscribitur
1094 1342 1434 1398 maledictum
1483 1351 1687 1396 naturae
1715 1342 1813 1394 hu-

224 1435 537 1501 manitatis;
593 1434 669 1491 illi
716 1451 948 1508 quoque,
972 1435 1061 1507 qui
1091 1451 1219 1490 caro
1246 1433 1418 1490 factus
1442 1442 1522 1490 est
1554 1443 1609 1488 ut
1655 1433 1810 1488 habi-

224 1536 361 1582 taret
389 1527 442 1580 in
491 1526 668 1596 nobis,
713 1536 804 1583 aut
847 1527 1049 1583 crimen
1092 1525 1325 1597 dabitur,
1369 1532 1461 1580 aut
1511 1523 1812 1581 humanitas

220 1616 518 1672 auferetur.

291 1713 429 1767 Anc.
451 1710 560 1767 Nec
587 1711 786 1767 crimen
829 1711 876 1767 ei
902 1711 1132 1780 dabitur,
1161 1712 1214 1767 in
1244 1726 1352 1783 quo
1378 1711 1628 1782 princeps
1653 1725 1808 1765 mun-

217 1800 270 1856 di
306 1804 510 1857 nullum
538 1803 706 1873 potuit
732 1804 967 1860 invenire
1011 1814 1284 1875 peccatum
1316 1820 1330 1856 :
1359 1818 1457 1858 nec
1505 1802 1810 1857 humanitas

218 1894 516 1962 auferetur,
549 1895 599 1949 in
645 1910 752 1966 quo
794 1903 849 1951 ct
899 1895 1073 1950 anima
1103 1903 1151 1951 et
1201 1910 1329 1950 caro
1379 1893 1610 1949 humana
1653 1901 1807 1959 erat;

218 1988 467 2058 quamvis
493 2002 599 2044 non
636 1996 752 2044 erat
779 2003 903 2044 caro
926 1988 1154 2060 peccati,
1183 1987 1280 2045 sed
1316 1987 1608 2045 similitudo
1633 1986 1812 2043 carnis

223 2082 452 2152 peccati.

290 2173 534 2230 LXXXI.
562 2173 679 2230 Jun.
710 2172 864 2243 Quod
891 2182 1174 2244 utrumque
1199 2171 1324 2228 fecit
1352 2170 1690 2236 Maniclueus,
1718 2169 1807 2242 qui

217 2277 616 2346 commentatus
644 2269 696 2324 in
735 2284 894 2324 carne
917 2267 1113 2323 malum
1136 2282 1255 2324 esse
1305 2265 1634 2331 naturaliter,
1681 2263 1816 2320 dixit

218 2361 270 2415 in
301 2360 522 2418 Christo
549 2377 653 2417 non
702 2361 866 2419 fuisse
893 2376 1130 2428 carnem,
1181 2376 1249 2418 ne
1289 2358 1640 2421 confiteretur
1669 2358 1721 2412 in
1748 2371 1812 2413 eo

218 2451 391 2508 fuisse
408 2452 766 2525 iniquitatem.

291 2545 429 2601 Anc.
465 2543 787 2602 Manichzeus
805 2544 1088 2600 haereticus
1111 2559 1328 2600 carnem
1371 2551 1529 2615 negat
1567 2539 1803 2599 Christi:

220 2635 540 2707 Pelagianus
563 2636 844 2693 hmreticus
868 2651 1082 2693 carnem
1111 2637 1314 2708 peccati
1352 2637 1501 2692 carni
1533 2637 1548 2668 ¹
1569 2649 1815 2706 coaequa-

218 2745 279 2784 re
303 2730 418 2784 vult
445 2729 678 2786 Christi:
711 2730 1042 2786 Christianus
1080 2731 1374 2788 catholicus
1417 2730 1814 2786 similitudinem

218 2821 399 2877 carnis
425 2823 628 2893 peccati
653 2822 904 2878 discernit
949 2838 978 2877 a
1004 2837 1165 2879 carne
1206 2823 1429 2894 peccati,
1453 2837 1520 2878 ne
1561 2820 1813 2893 blasphe-

219 2921 333 2969 met
356 2930 576 2970 carnem
602 2913 816 2970 Christi.
887 2943 893 2950 -

295 3003 560 3061 LXXXII.
599 3004 718 3064 Jun.
763 3008 832 3061 At
867 3005 1011 3061 hunc
1041 3005 1172 3064 fides
1199 3005 1458 3062 catholica
1485 3007 1540 3062 in
1587 3014 1816 3078 utroque

219 3099 509 3154 contrivit:
537 3099 972 3155 malum-scilicet
1001 3099 1054 3155 in
1081 3115 1241 3156 carne
1296 3115 1402 3155 non
1430 3115 1550 3157 esse
1591 3113 1810 3157 natura-

222 3190 362 3258 liter,
391 3200 552 3264 atque
577 3193 646 3247 ob
674 3192 776 3248 hoc
794 3192 1009 3248 Christo
1035 3209 1132 3248 nec
1153 3193 1349 3264 aliquid
1368 3193 1603 3250 defuisse
1630 3195 1816 3250 huma-

223 3283 425 3352 nitatis,
450 3300 552 3340 nec
571 3284 854 3357 quidquam
877 3285 1167 3356 iniquitatis
1190 3284 1424 3339 adfuisse
1441 3286 1810 3355 pronuntians.

219 3372 431 3430 Clamat
458 3391 586 3447 ergo
638 3376 1048 3446 dispensationis
1093 3391 1204 3432 sua:
1229 3377 1494 3442 conscius,
1528 3375 1659 3432 Ecce
1684 3379 1816 3434 venit

223 3467 463 3537 princeps
515 3467 666 3538 hujus
708 3468 904 3533 mundi,
963 3477 1009 3522 et
1042 3468 1232 3522 invenit
1271 3468 1325 3523 in
1372 3485 1450 3523 me
1488 3469 1655 3524 nihil:
1684 3469 1814 3526 nihil

221 3560 469 3628 profecto
488 3560 631 3630 quod
677 3560 846 3632 possit
869 3575 1110 3632 arguere,
1147 3560 1269 3631 quia
1311 3575 1415 3617 non
1447 3570 1658 3630 poterat
1683 3561 1818 3617 infa-

223 3666 370 3707 mare
392 3661 663 3720 naturam,
694 3653 848 3725 cujus
868 3652 934 3708 ad
978 3663 1195 3724 peccata
1245 3667 1354 3708 non
1402 3651 1682 3711 inﬂexerat
1717 3670 1814 3710 vo-

223 3741 509 3800 Iuntatem.

288 3837 432 3892 Anc.
460 3835 574 3891 lmo
603 3850 728 3892 vero
762 3835 894 3891 nihil
924 3835 1146 3906 peccati,
1179 3849 1277 3891 nec
1309 3834 1452 3906 quod
1489 3850 1518 3890 a
1561 3843 1816 3892 nascente

225 3926 478 3994 trahitur,
501 3928 623 3999 quia
649 3928 702 3982 in
730 3927 871 3983 nulla
922 3928 1198 4000 iniquitate
1240 3935 1534 3998 c0nceptus
1570 3936 1686 3994 est;
1718 3941 1818 3984 nec

224 4021 364 4091 quod
387 4036 417 4075 a
444 4021 659 4076 vivente
685 4020 920 4087 additur,
950 4021 1072 4092 quia
1116 4021 1260 4076 nulla
1301 4021 1596 4076 tentationc
1645 4019 1809 4077 dece-

223 4123 345 4181 ptus
373 4119 495 4167 est:
526 4127 752 4183 quorum
778 4111 1004 4168 duorum
1028 4127 1188 4166 unum
1217 4120 1299 4166 est
1323 4121 1544 4181 pr0pter
1564 4111 1705 4182 quod
1733 4111 1815 4166 le-

221 4205 420 4276 gimus,
447 4202 513 4259 In
558 4205 900 4275 iniquitatibus
951 4213 1216 4276 conceptus
1244 4221 1353 4258 sum
1379 4204 1397 4277 (
1422 4202 1570 4258 Psal.
1594 4218 1646 4272 ι,
1698 4203 1814 4276 7);

221 4295 453 4351 alterum
480 4303 698 4367 propter
721 4295 861 4366 quod
890 4296 1135 4361 dicimus,
1171 4293 1254 4351 Ne
1276 4311 1368 4351 nos
1387 4295 1603 4351 inducas
1631 4296 1683 4350 in
1711 4303 1817 4351 ten-

223 4392 467 4444 tationem
499 4388 518 4458 (
542 4387 729 4447 Hatth.
757 4406 830 4456 vr,
857 4389 924 4445 15
943 4387 990 4461 ).
1016 4424 1022 4431 -

293 4480 587 4536 LXXXIII.
615 4481 738 4538 Jun.
786 4481 900 4552 Ipsa
939 4481 1097 4537 etiam
1143 4479 1192 4536 ei
1235 4495 1391 4536 causa
1445 4480 1680 4536 tentandi
1721 4478 1818 4534 fuit

225 4572 502 4628 Christum
531 4589 548 4639 ;
584 4573 832 4645 quoniam
880 4588 1029 4653 more
1052 4573 1181 4628 artis
1207 4587 1318 4628 sua:
1363 4572 1575 4628 volebat
1624 4587 1817 4642 capere

223 4667 603 4736 persuadendo
627 4709 644 4735 ,
701 4682 823 4722 cum
885 4666 1152 4723 neminem
1209 4672 1390 4738 posset
1441 4665 1629 4722 vitiare
1659 4679 1814 4722 'con.

225 4759 426 4816 dendo.

297 4860 438 4913 Auc.
468 4855 584 4911 Non
635 4854 912 4912 condendo
952 4855 1122 4922 vitiat,
1161 4855 1250 4925 qui
1298 4853 1568 4910 neminem
1595 4852 1814 4910 condit:

219 4948 319 5003 sed
357 4949 501 5002 male
540 4947 814 5004 suadendo
857 4947 1080 5013 vitiavit,
1111 4947 1250 5018 quod
1296 4948 1495 5003 bonum
1539 4946 1814 5003 conditum

217 5038 451 5094 invenit.
474 5038 594 5096 Non
621 5039 767 5096 enim
799 5046 1002 5095 natura;
1028 5048 1213 5096 auctor
1238 5048 1342 5108 est,
1369 5055 1488 5112 qua:
1531 5039 1626 5096 Dei
1664 5039 1819 5096 boni-

215 5132 413 5187 tatein
447 5133 664 5188 homine
707 5130 986 5197 conditur;
1020 5131 1116 5188 sed
1143 5132 1331 5202 culpae,
1377 5146 1499 5187 eum
1529 5145 1630 5201 qua
1656 5129 1817 5187 homo

211 5239 288 5278 ex
319 5224 612 5295 propagine
641 5223 944 5278 vitiatarum
972 5223 1268 5294 primorum
1313 5223 1585 5278 hominum
1612 5221 1679 5278 de
1719 5239 1816 5292 pa-

211 5315 473 5371 rentibus
493 5317 748 5372 nascitur.
768 5315 904 5384 Quid
916 5324 1094 5371 autem
1121 5316 1333 5382 mirum,
1359 5315 1405 5371 si
1423 5315 1646 5370 tentavit
1669 5330 1813 5384 eum,

206 5409 277 5466 in
295 5425 408 5480 quo
435 5425 542 5465 non
594 5418 711 5466 erat
733 5425 858 5465 caro
887 5409 1087 5480 peccati
1112 5426 1127 5476 ;
1155 5425 1272 5480 quae
1298 5423 1397 5464 nec
1434 5408 1487 5463 in
1537 5408 1640 5463 illis
1679 5418 1819 5480 erat,

204 5517 366 5573 quos
411 5501 588 5572 primo
634 5500 890 5556 tentando
917 5500 1132 5572 dejecit,
1169 5515 1263 5572 per
1300 5515 1525 5572 quorum
1565 5500 1820 5571 concupi-

199 5593 490 5652 scentiam
507 5593 705 5658 carnis,
724 5593 793 5649 de
813 5607 914 5663 qua
951 5592 1157 5648 confusi
1196 5601 1340 5661 sunt,
1371 5606 1496 5647 caro
1521 5600 1602 5648 est
1628 5605 1819 5662 propa-

196 5695 347 5760 gata
380 5685 608 5756 peccati,
638 5701 796 5756 quam
821 5694 1036 5742 sanaret
1078 5685 1146 5740 ab
1176 5685 1278 5740 hoc
1303 5685 1465 5751 malo,
1490 5685 1695 5741 nullum
1717 5685 1816 5741 ha-

196 5779 363 5838 bens
383 5779 585 5833 malum
609 5777 901 5834 similitudo
923 5777 1102 5836 carnis
1127 5777 1368 5850 peccati?

278 5991 308 6026 ι
344 5997 470 6054 vox,
494 5982 652 6044 carni,
671 5987 751 6039 hic
772 5986 960 6038 additur
985 5999 1051 6038 ex
1070 5996 1174 6039 Mss.

471 6097 501 6147 μ
604 6083 706 6132 cr.
740 6073 1017 6154 Anausr.
1052 6073 1137 6134 Χ.

1562 475 1763 543 LIBER
1798 477 2142 552 QUARTUS.

3363 483 3505 544 1588

1990 600 2273 657 LXXXIV.
2313 603 2431 657 Jun.
2491 601 2720 659 Proinde
2776 603 3068 661 incarnatio
3119 605 3322 662 Christi
3367 619 3509 678 opus

1917 709 2028 750 sua:
2055 694 2344 750 divinitatis
2367 705 2563 763 tuetur,
2603 695 2694 767 qui
2730 695 2958 751 all'erens
3003 698 3068 752 ad
3116 715 3202 754 me
3257 708 3504 757 naturam

1917 803 2090 843 meam
2112 799 2162 844 et
2190 789 2514 846 voluntatem
2540 805 2711 856 suam,
2742 791 2892 861 cujus
2917 791 3044 846 mihi
3066 795 3339 864 speculum
3364 793 3502 851 offe-

1917 879 2066 934 rebat
2086 881 2403 950 ctregulam,
2432 883 2882 952 pronuntiansque
2909 883 3040 937 nihil
3059 884 3110 937 in
3137 899 3197 939 se
3230 885 3507 947 diabolum

1917 969 2182 1026 invenisse
2213 972 2436 1042 peccati,
2467 965 2698 1028 ostendit
2721 974 2931 1046 culpam
2963 974 3157 1030 nonde
3180 976 3357 1031 carnis
3370 992 3504 1034 con-

1916 1059 2050 1126 ditu,
2078 1061 2170 1116 sed
2195 1062 2261 1117 de
2301 1065 2412 1118 sola
2445 1065 2639 1133 suscipi
2684 1066 2974 1120 voluntate.
3027 1067 3264 1136 Denique
3294 1077 3352 1122 ut
3379 1083 3507 1136 ltus-

1917 1167 2074 1222 quam
2121 1154 2170 1208 in
2198 1152 2484 1224 Scripturis
2535 1156 2726 1226 legitur
2768 1157 3039 1212 Christum
3090 1156 3290 1228 fugisse
3320 1175 3510 1229 pecca.

1919 1253 2048 1310 tum,
2081 1245 2222 1316 quod
2261 1262 2289 1299 a
2320 1248 2656 1305 nascentibus
2689 1247 2823 1303 trahi
2853 1259 3068 1316 nosset;
3098 1251 3168 1305 ita
3192 1251 3352 1306 etiam
3378 1253 3507 1310 illud

1916 1337 2061 1392 claro
2083 1339 2386 1394 testimonio
2435 1341 2770 1410 perdocctur,
2803 1343 2945 1413 quod
2981 1345 3214 1415 suscepti
3266 1347 3500 1408 hominis

1909 1427 2117 1500 justitia
2150 1447 2254 1488 non
2283 1433 2347 1488 de
2401 1443 2602 1491 naturae
2629 1435 2958 1505 diversitate,
2990 1436 3084 1493 sed
3114 1437 3181 1494 de
3209 1438 3512 1499 voluntaria

1903 1516 2125 1580 'actione
2150 1525 2465 1581 substiterit.

1987 1617 2121 1672 Anc.
2158 1636 2177 1668 ι
2206 1617 2476 1687 Nusquam
2507 1619 2762 1690 scriptum
2785 1636 2906 1678 esse
2941 1641 2960 1676 ι
2995 1622 3150 1690 dicis,
3185 1641 3204 1677 ι
3237 1622 3512 1680 Christum

1917 1705 2113 1778 fugisse
2139 1717 2436 1778 peccatum,
2466 1709 2606 1780 quod
2631 1727 2661 1766 a
2683 1713 3025 1768 nascentibus
3054 1713 3190 1769 trahi
3217 1715 3401 1770 nosset
3429 1730 3443 1767 :
3484 1731 3506 1768 ι

1916 1799 2042 1870 quid
2095 1801 2234 1855 enim
2282 1800 2506 1872 fugeret,
2535 1804 2676 1874 quod
2727 1803 2852 1887 ipse
2880 1820 2989 1860 non
3017 1814 3271 1873 traxerat,
3299 1803 3394 1862 sed
3416 1817 3516 1861 eos

1917 1903 2136 1949 venerat
2181 1893 2387 1950 salvare
2417 1896 2507 1966 qui
2553 1895 2860 1953 traherent?
2902 1898 3060 1967 Quid,
3120 1899 3356 1972 inquam,
3395 1899 3513 1970 ipse

1902 1984 2144 2058 fugeret,
2186 1987 2326 2058 quod
2356 2004 2386 2044 a
2424 1990 2634 2045 nemine
2663 1989 2889 2060 fugitur,
2939 1991 3039 2046 nisi
3071 2008 3193 2047 cum
3238 1992 3307 2048 ad
3336 1992 3513 2062 ipsum

1915 2080 2214 2150 contegitur
2239 2080 2262 2134 ?
2293 2081 2434 2136 Dicis
2462 2083 2644 2150 etiam,
2671 2101 2689 2133 ε
2716 2083 2863 2138 claro
2881 2083 3186 2138 testimonio
3205 2083 3510 2154 perdoceri,

1915 2171 2058 2240 quod
2108 2173 2339 2242 suscepti
2390 2173 2620 2229 hominis
2680 2174 2884 2244 justitia
2941 2173 3081 2229 Filio
3136 2176 3231 2231 Dei
3286 2191 3391 2230 non
3439 2175 3513 2232 de

1919 2272 2120 2318 natura:
2144 2263 2472 2332 diversitate,
2511 2267 2606 2323 sed
2637 2267 2705 2322 de
2741 2268 3038 2323 voluntaria
3065 2268 3278 2324 actione
3306 2267 3510 2323 substi-

1919 2354 2061 2412 terit.
2092 2373 2112 2408 ι
2145 2355 2288 2412 Itane
2311 2372 2457 2422 vero,
2479 2374 2546 2414 ne
2577 2357 2678 2413 hoc
2713 2359 2929 2430 quidem
2965 2359 3214 2417 Christus
3239 2359 3513 2415 diversum

1918 2445 2102 2504 habuit
2152 2449 2203 2504 in
2249 2442 2456 2517 natura,
2487 2452 2631 2522 quod
2680 2454 2750 2507 ita
2778 2469 2844 2507 ex
2873 2454 3079 2523 virgine
3121 2461 3280 2509 natus
3302 2463 3402 2520 est,
3453 2459 3517 2509 ut

1913 2536 2023 2610 jam
2055 2551 2196 2596 esset
2221 2557 2326 2597 non
2349 2543 2518 2598 solum
2567 2543 2819 2612 hominis,
2851 2545 2946 2601 sed
2976 2545 3138 2600 etiam
3173 2546 3268 2602 Dei
3293 2545 3460 2601 Filius
3487 2545 3514 2602 2

1919 2632 2128 2704 Ergone
2159 2635 2259 2690 ista
2280 2638 2567 2707 susceptio,
2595 2653 2713 2708 qum
2759 2638 2922 2693 Deum
2949 2646 3004 2694 et
3045 2637 3319 2695 hominem
3347 2653 3516 2697 unam

1919 2725 2044 2782 fecit
2071 2741 2192 2783 esse
2217 2743 2521 2798 personam,
2546 2728 2676 2783 nihil
2707 2729 2781 2784 illi
2809 2729 3012 2784 homini
3037 2729 3202 2785 valuit
3228 2730 3294 2785 ad
3325 2729 3516 2787 excel-

1920 2817 2136 2873 lentiam
2161 2818 2402 2889 justitiae,
2436 2835 2595 2890 quam
2625 2819 2760 2876 dicis
2779 2819 2830 2874 ei
2859 2819 2930 2876 de
2962 2821 3258 2880 voluntaria
3287 2820 3505 2877 actione

1919 2910 2260 2966 substitisse?
2281 2911 2489 2968 Siccine
2531 2927 2628 2968 vos
2657 2918 2845 2967 contra
2871 2911 2966 2968 Dei
2996 2913 3222 2984 gratiam
3262 2911 3512 2969 defensio

1921 3000 2077 3057 liberi
2107 3003 2311 3058 arbitrii
2343 3003 2642 3074 prrccipites
2666 3004 2793 3076 agit,
2833 3012 2889 3059 ut
2917 3004 3081 3060 etiam
3112 3005 3282 3077 ipsum
3308 3005 3512 3060 Media-

1924 3105 2113 3164 torem,
2139 3105 2194 3152 ut
2218 3108 2363 3153 esset
2391 3097 2481 3153 Dei
2510 3097 2680 3153 Filius
2708 3097 2916 3166 unicus,
2944 3097 3214 3154 voluntate
3265 3114 3358 3154 sua
3391 3114 3510 3154 me-

1920 3187 2092 3242 ruisse
2119 3187 2328 3253 dicatis,
2361 3197 2414 3244 et
2453 3187 2642 3243 falsum
2698 3203 2816 3244 esse
2864 3189 3006 3259 quod
3062 3197 3172 3243 tota
3211 3190 3504 3244 confitetur

1922 3276 2184 3346 Ecclesia,
2207 3279 2428 3334 credere
2458 3293 2516 3334 se
2562 3279 2615 3334 in
2640 3277 2824 3334 Jesum
2873 3277 3143 3334 Christum
3196 3278 3387 3336 Filium
3417 3279 3516 3336 Dei

1921 3368 2095 3425 Patris
2134 3370 2517 3441 omnipotentis
2556 3369 2770 3426 unicum
2802 3370 3085 3427 Dominum
3114 3381 3381 3438 nostrum,
3410 3388 3514 3427 na-
3602 3403 3614 3417 ι

1923 3468 2032 3516 ῑυιη
2058 3460 2126 3518 de
2169 3461 2368 3532 Spiritu
2396 3472 2582 3518 sancto
2616 3470 2672 3519 et
2712 3463 2918 3533 virgine
2966 3463 3128 3519 Maria
3154 3465 3179 3516 τ
3207 3462 3518 3522 Secundum

1920 3567 2018 3608 vos
2069 3553 2211 3609 enim
2232 3594 2248 3620 ,
2285 3568 2394 3608 non
2430 3569 2460 3608 a
2484 3553 2658 3609 Verbo
2689 3553 2781 3609 Dei
2809 3553 2970 3609 homo
3013 3565 3292 3627 susceptus
3319 3563 3424 3623 est,
3458 3563 3522 3611 ut

1922 3662 1990 3704 ex
2044 3647 2250 3718 virgine
2296 3657 2648 3714 nasceretur;
2677 3645 2770 3704 sed
2821 3656 2978 3703 natus
3015 3664 3082 3705 ex
3126 3649 3346 3721 virgine,
3401 3664 3517 3704 suae

1924 3750 2106 3812 postea
2133 3741 2420 3796 voluntatis
2452 3741 2644 3797 virtute
2667 3741 2910 3812 profecit,
2940 3751 2994 3798 et
3020 3741 3145 3798 fecit
3175 3751 3230 3798 ut
3268 3758 3300 3798 a
3336 3741 3517 3797 Verbo

1925 3833 2021 3889 Dei
2047 3833 2445 3904 susciperetur;
2476 3848 2581 3888 non
2609 3833 2766 3890 talem
2817 3849 2882 3890 ac
2931 3843 3129 3889 tantam
3181 3834 3513 3890 voluntatem

1924 3926 2011 3982 illa
2061 3927 2401 3998 susceptione
2440 3925 2665 3995 habens,
2716 3926 2813 3983 sed
2841 3927 2908 3983 ad
2937 3927 3078 3984 illam
3119 3929 3517 3999 susceptionem

1923 4017 2015 4073 tali
2042 4025 2097 4073 et
2138 4025 2284 4073 tanta
2311 4017 2583 4074 voluntate
2629 4018 2948 4089 perveniens
2976 4037 2990 4074 :
3023 4035 3124 4076 nec
3163 4020 3396 4077 Verbum
3419 4035 3518 4076 ca-

1923 4126 1986 4168 ro
2011 4109 2206 4167 factum
2234 4119 2318 4166 est
2359 4111 2410 4166 in
2442 4119 2596 4168 utero
2646 4112 2910 4184 virginis;
2941 4113 3036 4168 sed
3085 4123 3269 4183 postea
3309 4114 3505 4169 merito

1923 4205 2089 4276 ipsius
2116 4204 2366 4276 hominis,
2399 4214 2455 4261 et
2503 4204 2620 4274 ejus
2669 4203 2918 4262 humanae
2949 4205 3367 4277 voluntariaeque
3391 4207 3506 4263 vir-

1925 4301 2071 4356 tutis.
2100 4299 2178 4354 Ex
2199 4313 2304 4369 quo
2334 4313 2428 4355 vos
2477 4300 2717 4370 sequitur
2757 4299 2920 4355 etiam
2949 4299 3098 4368 illud,
3130 4310 3188 4354 ut
3234 4300 3510 4371 quomodo

1925 4392 2074 4448 illum
2099 4392 2319 4449 creditis
2345 4407 2374 4447 a
2397 4391 2574 4448 Verbo
2603 4393 2693 4448 Dei
2721 4403 3000 4464 propterea
3030 4402 3333 4463 susceptum
3363 4409 3506 4463 esse,

1923 4484 2044 4556 quia
2083 4484 2248 4539 voluit
2279 4501 2294 4549 ;
2322 4484 2401 4540 sic
2430 4483 2626 4539 multos
2670 4484 2901 4540 credatis
2926 4485 2995 4538 ita
3022 4484 3218 4554 suscipi
3249 4485 3510 4555 potuisse,

1922 4578 1968 4634 si
1990 4578 2148 4634 etiam
2171 4577 2268 4647 ipsi
2295 4577 2540 4634 similiter
2565 4577 2880 4644 voluissent,
2907 4577 2989 4630 vel
3004 4591 3180 4646 posse,
3211 4577 3257 4632 si
3286 4578 3450 4633 velint
3488 4596 3504 4633 :

1921 4686 1985 4727 ac
2011 4686 2110 4743 per
2152 4671 2276 4739 hoc,
2305 4672 2526 4741 segnitia
2568 4669 2813 4725 humanae
2845 4669 3129 4725 voluntatis
3173 4669 3306 4739 fieri,
3340 4679 3398 4728 ut
3423 4670 3515 4728 ille
3579 4681 3582 4686 ‘

1925 4765 2118 4820 unicus
2146 4763 2234 4827 sit,
2272 4776 2392 4817 cum
2421 4761 2602 4831 plures
2631 4775 2750 4816 esse
2775 4769 3012 4832 possent,
3061 4761 3106 4815 si
3137 4760 3382 4818 homines
3401 4761 3513 4818 vel-

1923 4855 2052 4912 lent.
2077 4854 2200 4909 Haec
2221 4854 2265 4908 si
2287 4853 2482 4917 dicitis,
2515 4853 2605 4908 ubi
2635 4861 2718 4908 est
2741 4861 2920 4908 vestra
2942 4851 3129 4908 frons?
3157 4852 3202 4908 si
3231 4866 3337 4908 non
3368 4853 3506 4909 dici-

1924 4949 2010 5014 tis,
2033 4947 2120 5002 ubi
2153 4955 2234 5002 est
2261 4945 2486 5001 hzcresis
2513 4953 2689 5000 vestra
2716 4943 2741 4998 ’ἒ

1991 5038 2254 5097 LXXXV.
2285 5039 2405 5096 JUL.
2455 5039 2646 5094 Petrus
2671 5053 2902 5110 namque
2946 5038 3218 5110 apostolus
3242 5040 3335 5106 ait,
3359 5037 3482 5095 Chri
3511 5075 3515 5079 -

1921 5143 2028 5192 stus
2071 5151 2162 5206 pro
2205 5133 2347 5188 nobis
2373 5133 2390 5164 ‘
2415 5141 2642 5186 mortuus
2693 5140 2785 5199 est,
2834 5132 2972 5186 vobis
3010 5131 3297 5203 relinquens
3343 5147 3511 5186 exeat»

1924 5228 2084 5300 plum,
2106 5236 2158 5280 ut
2185 5224 2461 5297 sequamini
2482 5213 2688 5295 vestigia
2716 5224 2827 5295 ejus
2853 5223 2980 5294 ;qui
3015 5235 3274 5293 peccatum
3303 5238 3402 5276 non
3431 5226 3506 5294 fe-

1923 5323 2011 5387 cit,
2040 5337 2128 5375 nec
2153 5321 2381 5373 inventus
2410 5325 2482 5372 est
2510 5316 2658 5371 dolus
2682 5318 2735 5369 in
2762 5333 2848 5370 ore
2871 5316 2980 5388 ejus
3009 5316 3026 5388 (
3057 5315 3073 5368 I
3105 5314 3246 5370 Petr.
3276 5331 3332 5381 ιι,
3360 5313 3422 5367 21
3458 5313 3501 5385 ).

1923 5413 2080 5470 Certe
2107 5409 2346 5481 Apostoli
2391 5408 2652 5464 sententia
2680 5423 2801 5463 cum
2833 5408 3102 5462 Dominica
3130 5421 3260 5462 voce
3285 5420 3483 5460 concor

1923 5506 2033 5564 dat.
2062 5505 2198 5560 Dicit
2221 5503 2311 5557 ille
2337 5502 2391 5557 in
2420 5501 2730 5572 Evangelio,
2769 5499 2914 5555 Venit
2952 5501 3185 5571 princeps
3209 5499 3381 5554 mundi
3403 5499 3505 5552 Im-

1914 5597 2027 5670 jus,
2060 5603 2108 5650 et
2138 5590 2190 5650 in
2211 5609 2290 5653 me
2317 5593 2446 5647 nihil
2482 5593 2667 5648 invenit
2695 5590 2889 5664 (Joan.
2922 5607 3032 5655 xw,
3066 5593 3134 5647 50
3164 5590 3202 5662 ).
3232 5591 3344 5646 Hoc
3366 5590 3506 5645 idem

1924 5684 2264 5746 commendat
2307 5685 2558 5755 magister
2593 5683 2869 5750 Ecclesiae,
2919 5682 3151 5752 dicitque
3191 5682 3245 5736 in
3296 5680 3510 5736 Christo

1925 5781 2127 5838 nullum
2156 5777 2319 5833 fuisse
2352 5775 2604 5832 delictum
2637 5794 2648 5830 :
2683 5775 2778 5830 sed
2833 5789 2928 5845 per
2955 5775 3080 5844 quid
3123 5789 3230 5828 non
3263 5773 3512 5828 habuerit

1926 5879 2202 5944 peccatum
2219 5867 2395 5923 veraci
2411 5865 2750 5922 attestatione
2765 5865 3124 5934 commendat,
3147 5863 3300 5932 Quia,
3315 5863 3510 5936 inquit,

1992 5986 2007 6017 ί
2043 5989 2170 6043 Mss,
2190 5992 2279 6045 pro
2300 5979 2444 6056 vobis.

2513 6061 3202 6144 [Quarantc-quatrc.)
