3962 6474
218 365 354 428 I339

216 478 532 538 Placerctne
568 473 698 548 tibi,
728 485 787 534 ut
819 475 979 536 etiam
1011 476 1254 536 Christus
1292 479 1386 550 tali,
1422 482 1802 550 consuetudine

215 580 572 641 premeretur,
600 585 823 643 eamque
851 581 1155 644 superaret,
1189 581 1246 630 ut
1273 582 1414 629 esset
1433 616 1447 639 ,
1477 585 1682 629 remota
1710 589 1807 630 eo-

215 676 331 716 rum
352 661 717 732 excusatione,
741 661 932 718 talibus
954 661 1270 719 imitandus?
1293 667 1369 719 An
1394 673 1481 720 tua
1504 665 1809 739 vaniloquia

209 753 320 824 jam
349 755 569 822 ridebis,
597 766 651 810 et
676 771 708 811 a
734 755 886 811 nobis
913 755 1151 814 tacebis?

289 847 625 903 LXXXVIII.
647 847 764 905 Jun.
785 847 983 906 Verum
1008 850 1091 922 his
1111 858 1169 905 ut
1186 866 1270 905 res
1297 852 1594 922 postulabat
1616 851 1805 924 imple-

213 937 303 1006 tis,
328 938 480 1010 juvat
507 949 560 996 te
584 941 667 996 vel
691 939 1028 997 mediocriter
1051 937 1354 1012 convenire,
1384 961 1485 1016 qua
1513 929 1709 1002 ﬁducia
1728 955 1801 1016 tu,

210 1045 336 1086 cum
357 1030 666 1104 Hieronymi
692 1033 887 1104 scripta
911 1033 1200 1101 collaudes,
1223 1035 1368 1090 dicas
1393 1036 1445 1090 in
1467 1037 1678 1094 Christo
1700 1052 1804 1092 non

210 1122 380 1180 fuisse
409 1134 715 1196 peccatum,
749 1141 867 1181 cum
899 1125 990 1182 ille
1026 1127 1078 1181 in
1120 1125 1338 1199 Dialogo
1367 1129 1485 1196 illo,
1517 1146 1676 1206 quem
1707 1129 1808 1185 sub

211 1217 434 1272 nomine
475 1217 634 1273 Attici
676 1226 729 1273 et
765 1217 1055 1282 Critoboli,
1088 1219 1222 1276 mira
1260 1231 1313 1275 et
1350 1229 1428 1300 ut.
1451 1223 1609 1277 talem
1648 1222 1807 1280 fidem

209 1309 441 1365 decebat
476 1319 755 1367 venustate
791 1312 1117 1382 composuit,
1163 1312 1323 1368 etiam
1363 1315 1528 1385 quinti
1566 1315 1806 1386 Evange-

210 1402 263 1458 lii
297 1401 397 1474 (a),
429 1403 570 1476 quod
600 1419 627 1456 a
655 1419 716 1459 se
745 1404 1055 1458 translatum
1083 1403 1247 1474 dicit,
1278 1407 1584 1462 testimonio
1610 1408 1807 1466 nitatur

211 1494 519 1564 ostendere,
542 1493 814 1552 Christum
837 1511 944 1552 non
964 1496 1134 1552 solum
1157 1498 1416 1564 naturale,
1440 1514 1623 1555 verum
1645 1499 1804 1556 etiam

211 1585 570 1642 voluntarium
601 1585 850 1645 habuisse
878 1597 1150 1664 peccatum
1169 1631 1183 1656 ,
1217 1598 1430 1661 propter
1455 1589 1597 1660 quod
1624 1605 1684 1646 se
1708 1605 1805 1648 co-

208 1680 458 1750 gnoverit
481 1679 701 1735 Joannis
725 1681 1038 1749 baptismate
1063 1679 1392 1737 diluendum.
1419 1682 1494 1738 De
1518 1683 1623 1739 alio
1644 1684 1805 1740 etiam

211 1773 522 1832 testimonio
559 1772 779 1828 Joannis
821 1773 1191 1845 evangelistae,
1222 1773 1477 1846 ﬂagitium
1515 1775 1562 1831 ei
1600 1777 1805 1831 assuit1

209 1863 456 1920 falsitatis
488 1863 585 1940 (ὁ).
629 1864 704 1919 De
737 1879 844 1937 quo
873 1881 1037 1936 opere
1066 1875 1123 1922 tu
1155 1865 1208 1920 in
1240 1865 1323 1920 illa
1358 1866 1578 1936 epistola
1599 1910 1614 1936 ,
1646 1884 1805 1941 quam

209 1956 593 2013 Alexandriam
622 1956 933 2023 destinasti,
967 1957 1037 2013 ita
1071 1957 1348 2036 gloriaris,
1381 1966 1440 2013 ut
1465 1957 1612 2015 dicas
1650 1959 1805 2015 l’ela-

209 2048 350 2120 gium
375 2091 392 2114 ,
425 2048 819 2119 Scripturarum
850 2048 918 2104 ab
941 2064 1006 2104 eo
1034 2063 1347 2124 oppressum
1375 2050 1634 2117 molibus,
1664 2052 1807 2108 arbi-

209 2144 372 2202 trium
402 2143 628 2198 liberum
655 2141 923 2200 vindicare
953 2157 1057 2197 non
1087 2156 1266 2213 posse.
1289 2141 1484 2198 Verum
1508 2143 1583 2200 illi
1603 2144 1751 2214 operi
1776 2160 1806 2199 a

209 2235 480 2291 catholico
501 2235 637 2303 viro,
660 2235 749 2308 qui
773 2235 1008 2306 pulsatus
1029 2233 1219 2300 fuerat,
1243 2233 1511 2291 obviatum
1531 2243 1633 2290 est.
1655 2233 1808 2293 Nunc

210 2342 344 2384 vero
363 2329 433 2384 ad
457 2328 559 2383 hoc
579 2311 1140 2385 commemorationem
1159 2326 1274 2398 ejus
1295 2327 1660 2402 tantummodo
1682 2327 1803 2398 feci,

207 2432 265 2488 ut
291 2432 344 2479 te
372 2438 790 2495 recognosceres
819 2438 924 2478 non
953 2422 1124 2478 solum
1153 2421 1440 2495 Scripturis
1467 2419 1684 2496 sanctis,
1711 2420 1807 2478 sed

208 2530 310 2571 nec
335 2514 470 2586 ipsis
500 2515 574 2570 tui
603 2515 867 2586 dogmatis
891 2514 1222 2586 adjutoribus
1250 2529 1571 2570 consonare.

279 2607 422 2663 Anc.
447 2606 505 2664 Si
529 2608 800 2679 posuisses
825 2608 985 2664 verba
1012 2607 1340 2679 Hieronymi,
1365 2605 1606 2663 fortassis
1630 2618 1810 2664 osten-

208 2688 395 2766 derent
426 2700 694 2776 quomodo
722 2700 1027 2774 accipienda
1067 2710 1250 2757 essent
1285 2700 1402 2756 sine
1441 2701 1802 2774 blasphemia,

207 2805 370 2868 quam
406 2801 460 2848 tu
490 2791 562 2846 illi
594 2792 883 2864 importare
906 2792 1117 2848 conaris
1146 2809 1160 2846 :
1189 2792 1328 2864 quod
1355 2793 1400 2847 si
1427 2808 1531 2848 non
1563 2809 1805 2865 possem,

211 2899 321 2938 non
350 2893 532 2939 tamen
556 2883 672 2955 ejus
698 2883 880 2954 fidem,
909 2900 1066 2956 quam
1097 2900 1216 2940 cum
1244 2885 1361 2941 aliis
1386 2885 1810 2958 praeclarissimis

210 2976 472 3032 Ecclesiae
501 2977 776 3033 catholicae
807 2976 1114 3034 doctoribus
1149 2977 1342 3046 tenuit,
1375 2977 1498 3033 ideo
1526 2978 1814 3053 repudian-

210 3067 334 3122 dam
367 3076 642 3142 putarem,
675 3069 797 3141 quia
825 3067 1023 3126 dixisse
1052 3069 1249 3140 aliquid
1277 3070 1625 3139 inveniretur,
1659 3072 1704 3125 si
1733 3080 1810 3126 ta-

209 3176 336 3216 men
383 3161 744 3230 inveniretur,
783 3162 835 3216 in
872 3178 978 3234 quo
1016 3161 1120 3218 illis
1155 3178 1263 3218 non
1299 3172 1635 3218 consonaret.
1676 3162 1810 3220 Illud

209 3263 394 3308 autem
425 3253 553 3308 mihi
585 3269 651 3310 ex
681 3252 839 3325 hujus
873 3253 1103 3309 hominis
1132 3269 1358 3326 persona
1387 3265 1573 3310 contra
1603 3263 1655 3312 te
1681 3255 1810 3312 satis

209 3357 316 3419 est,
340 3346 485 3417 quod
510 3362 628 3402 cum
654 3345 704 3401 id
730 3346 925 3402 sentiat
945 3345 1011 3402 de
1033 3355 1252 3418 peccato
1276 3347 1540 3422 originali,
1565 3346 1707 3419 quod
1732 3348 1812 3404 sic

209 3443 484 3498 aversaris
503 3483 518 3510 ,
549 3451 607 3497 ιιι
634 3441 775 3498 idem
796 3443 817 3474 ²
846 3441 1086 3514 appelles
1112 3441 1462 3497 Manichacum
1481 3484 1497 3511 ,
1530 3441 1698 3513 ipsum
1727 3449 1808 3496 ta-

210 3549 340 3592 men
369 3534 475 3590 Itoe
503 3535 772 3607 appellare
800 3549 906 3589 non
935 3533 1120 3591 audes.
1153 3532 1256 3590 Ubi
1288 3542 1338 3589 te
1365 3544 1582 3606 apparet
1611 3534 1809 3604 impru-

213 3626 400 3684 (lentia
442 3627 586 3696 falli,
617 3627 710 3684 sed
738 3635 922 3685 contra
949 3627 1284 3697 prudentiam
1328 3637 1468 3682 tuam
1499 3625 1627 3683 mihi
1663 3623 1811 3684 calu-

213 3722 434 3785 mniari.
471 3721 583 3793 Ego
615 3737 742 3777 sane
773 3737 877 3778 non
903 3719 1231 3792 Hieronymi,
1261 3719 1354 3776 sed
1383 3719 1676 3789 Ambrosii;
1708 3736 1810 3778 nec

212 3815 355 3882 meis
380 3822 877 3882 commemoratam,
901 3811 994 3869 sed
1021 3811 1196 3867 verbis
1221 3813 1336 3882 ejus
1361 3826 1668 3882 expressam
1689 3827 1809 3868 sen-

214 3906 440 3962 tentiam
467 3905 555 3960 tibi
584 3906 804 3976 opposui
828 3905 932 3978 (De
958 3903 1167 3976 Nuptiis
1191 3913 1236 3960 et
1261 3902 1693 3974 Concupiscentia,
1718 3902 1807 3960 lib.

214 3997 267 4062 1,
302 4014 354 4051 n.
385 3995 474 4061 40,
507 4006 552 4050 et
580 3996 668 4051 lib.
695 3996 751 4061 2,
780 4013 867 4050 nn.
894 3996 982 4064 M,
1011 3996 1121 4068 15),
1144 4011 1244 4067 qua
1265 3995 1534 4051 Christum
1555 3994 1682 4050 dicit
1705 4011 1810 4052 non

213 4088 375 4143 aliter
403 4095 675 4159 expertem
700 4086 880 4143 delicti
905 4101 1023 4142 esse
1049 4087 1307 4156 potuisse,
1338 4085 1438 4141 nisi
1463 4101 1654 4158 expers
1678 4085 1811 4144 fuis-

212 4191 300 4238 set
336 4183 480 4237 illius
518 4181 912 4253 conceptionis,
944 4196 1101 4253 quam
1140 4181 1445 4236 commixtio
1474 4180 1571 4237 viri
1604 4190 1658 4237 et
1689 4197 1810 4236 mu-

214 4271 365 4330 lieris
391 4283 661 4345 operatur.
694 4273 792 4330 Ubi
817 4274 993 4329 cernis
1019 4287 1139 4328 esse
1169 4288 1529 4344 consequens,
1557 4282 1613 4328 ut
1642 4273 1686 4329 si
1711 4289 1811 4346 ego

280 4407 300 4479 ξ
332 4408 473 4479 t_-:dit_i,
497 4407 665 4479 aﬂuit;
689 4414 917 4471 corrupte
932 4420 1036 4472 pro,
1058 4406 1225 4460 aautit.

278 4471 301 4501 ί
334 4476 494 4530 Forte,
517 4470 631 4521 inde
652 4483 745 4520 me.

277 4532 353 4594 (a)
387 4529 712 4596 calumniandi
748 4531 1052 4596 occasionem
1087 4531 1255 4596 arripit
1298 4529 1496 4596 expillis
1536 4531 1812 4596 Hieronymi

211 4591 384 4644 verbis
425 4595 477 4657 in
519 4594 716 4657 Dialogo
759 4600 928 4644 contra
970 4591 1254 4657 Pelagianos
1275 4594 1569 4657 tertio,eap.
1599 4595 1620 4644 1
1650 4607 1664 4644 :
1711 4591 1739 4643 ἰ
1759 4602 1811 4650 tn

219 4606 384 4644 verbis
425 4607 495 4668 tn.
519 4606 716 4667 D_tatogo
759 4606 928 4644 contra
970 4606 1254 4705 reggtanos
1275 4606 1569 4666 teruo,.eap.
1599 4606 1620 4644 ι
1650 4607 1664 4644 :
1711 4610 1739 4643 ι
1759 4606 1811 4650 In

219 4673 244 4704 ι
267 4655 529 4718 Evangebo
546 4663 684 4729 )HX_I._8
703 4657 1064 4729 Hebrmosquu.
1120 4653 1362 4729 chaldatco
1376 4654 1573 4729 qutdem
1601 4669 1811 4729 syroquc

219 4733 243 4765 ι
266 4713 519 4778 sermone,
543 4713 633 4768 sed
653 4717 898 4767 hebraicis
918 4713 1094 4780 IItt'eris
1114 4713 1466 4780 scripmnrest,
1493 4731 1590 4780 quo
1609 4713 1812 4780 utuniur

219 4796 244 4827 -
265 4792 431 4843 υείιυθ
452 4776 600 4854 ludis
621 4779 1158 4854 ιδοιρνφίιρφμηάυω
1172 4776 1441 4854 Αβοεεοιοῆ
1460 4776 1645 4854 δίθεψ
1661 4778 1811 4854 Pieri:

221 4859 244 4890 ι
269 4841 370 4904 que
396 4848 665 4914 autumant,
693 4841 837 4906 juxta
866 4841 1154 4902 Matthaeum,
1193 4841 1322 4907 quod
1356 4842 1479 4892 etin
1517 4843 1812 4914 Caesareensi

219 4920 243 4950 ι
267 4903 481 4975 habetur
501 4901 815 4975 bibliotheca,
841 4909 1003 4975 narrat
1023 4903 1220 4975 historia
1244 4916 1257 4952 ε
1283 4907 1420 4975 Hcce.
1440 4909 1596 4975 mater
1627 4908 1811 4975 genum

218 4983 244 5013 ι
269 4973 322 5015 et
343 4965 525 5037 fratres
548 4965 657 5027 ejus
678 4965 906 5037 dicebant
929 4964 976 5014 ei
1001 4978 1014 5012 :
1048 4971 1262 5037 Joannes
1293 4966 1500 5037 gaptista
1535 4965 1740 5037 haptizat
1761 4965 1812 5015 in

218 5045 240 5074 ι
266 5026 611 5077 remissmnem
633 5032 972 5090 peccatorum;
1007 5038 1192 5087 eamus,
1218 5033 1270 5076 et
1295 5026 1604 5090 ,baptizemttr
1627 5026 1688 5090 ab
1729 5039 1807 5090 eo.

218 5108 239 5137 α
265 5089 396 5139 Dixit
416 5098 582 5140 autem
607 5088 679 5138 eis
702 5102 714 5137 :
736 5088 855 5148 Quid
899 5091 1110 5150 peccavi,
1135 5095 1190 5138 ut
1219 5088 1404 5147 vadani,
1429 5094 1482 5137 et
1514 5088 1728 5149 baptizer
1751 5089 1813 5138 ab

217 5168 241 5197 ι
268 5166 330 5201 eo
344 5152 369 5201 ἲ
403 5152 500 5213 Μειί
522 5151 647 5201 forte
669 5151 762 5201 hoc
780 5150 1082 5213 ipsumquod
1102 5150 1204 5202 dixi
1224 5151 1494 5212 Ignorantia
1517 5156 1610 5200 est.
1628 5165 1652 5196 ι
1681 5151 1813 5213 Quod

215 5212 528 5276 .ivangelium
549 5225 581 5276 a_
598 5226 655 5262 se
679 5213 728 5276 in
750 5210 1293 5276 graecum—latinumque
1307 5224 1585 5276 sermonem
1606 5210 1812 5276 transla-

214 5272 459 5339 ‘tumfnon
483 5289 543 5339 eo
565 5272 660 5339 loci
681 5272 795 5324 dicit
817 5276 1149 5339 Hieronymus,
1173 5272 1261 5339 sed
1284 5275 1333 5339 in
1350 5273 1590 5339 (:atalogo
1609 5273 1812 5339 scripto-

207 5349 322 5399 rum
347 5335 808 5396 ecclesiasticorum,
829 5334 1075 5399 capite'de
1092 5337 1268 5399 .tactrbo
1288 5334 1442 5399 fratre

277 5398 350 5460 (b)
555 5395 856 5464 Hieronymi,
869 5395 1020 5464 quem
1042 5395 1490 5464 lulianusmaligne
1520 5399 1813 5464 interpreta-

205 5459 309 5520 tur,
331 5459 521 5524 bialogi
562 5467 639 5510 est
659 5459 1020 5524 secundi,'rcap.
1045 5459 1093 5524 6,
1132 5461 1216 5510 ubi
1252 5459 1317 5524 de
1356 5459 1555 5510 Domino
1594 5459 1806 5524 legitur:

215 5538 244 5568 ι
266 5530 422 5586 negat
443 5521 674 5587 fratribus
703 5529 757 5572 et
777 5521 1058 5587 propinquis
1078 5523 1154 5573 ire
1175 5534 1236 5574 se
1261 5521 1326 5587 ad
1343 5521 1736 5587 scenqmgiam;
1761 5531 1814 5574 et

215 5538 244 5568 ι
266 5536 422 5586 negat
443 5536 674 5573 tramnus
703 5536 757 5572 et
777 5536 1058 5587 propinquis
1078 5536 1154 5573 tre
1175 5536 1236 5574 se
1261 5536 1326 5573 aa
1720 5536 1733 5572 :
1761 5536 1812 5574 et

217 5599 245 5631 ι
267 5594 440 5696 postea
461 5585 694 5656 scriptum
718 5591 811 5646 est,
843 5589 900 5636 Ut
923 5592 1084 5647 autem
1115 5582 1434 5656 ascenderunt
1479 5536 1654 5656 Fratres
1688 5582 1812 5647 ejus,

211 5660 242 5695 ι
289 5658 380 5696 unc
397 5653 446 5711 et
469 5659 573 5711 ipse
595 5641 810 5711 ascendit
831 5641 896 5696 ad
934 5645 1294 5708 solenmttatem,
1317 5659 1411 5711 nm;
1433 5647 1699 5711 manifeste,
1725 5647 1812 5697 sed

212 5682 244 5756 ἓ
267 5682 1295 5773 ἦῐῖεί”ἧ’ἇὶ”εεΐὶι”ἔέῖἇῖἰίῖι”ευ”πιῖ’ξὲ“ιὶἓξξιῖῖὶἱζ
1318 5682 1814 5773 ὲῗξθέἒῖξέιῖἆνῦι-ΐῐιέ

210 5789 244 5822 ι
268 5771 558 5837 negaverat.
594 5777 750 5844 Latrat
772 5771 1431 5844 Porphyrius,_ineon_stantite
1461 5783 1518 5820 ac
1539 5771 1813 5844 mutationis

213 5850 248 5885 ι
269 5831 480 5894 acc'usat,
498 5835 728 5886 nesciens
748 5831 904 5885 omnia
927 5831 1164 5884 scandala
1193 5833 1254 5886 ad
1288 5845 1484 5884 carnem
1518 5845 1632 5884 esse
1664 5832 1797 5884 refe-

216 5898 492 5961 βω»

1559 345 1765 426 LIBER
1800 369 2144 439 QUARTUS.

3351 383 3493 452 5390

1918 495 2137 558 propter
2159 485 2296 543 hanc
2319 489 2635 546 sententiam
2664 505 2783 550 sum
2808 492 3160 574 Manichacus,
3187 501 3256 555 sit
3279 509 3337 557 et
3362 503 3496 557 Am-

1914 576 2169 635 brosius:
2201 579 2322 652 quia
2353 597 2479 638 vero
2508 581 2595 638 ille
2633 599 2743 639 non
2779 594 2896 653 est,
2925 588 3192 646 neminem
3230 590 3389 647 faciat
3415 594 3503 650 vel

1915 672 2161 730 ostendat
2189 674 2289 729 Ista
2318 676 2578 731 sententia
2610 675 2979 735 Manichaeum.
3018 681 3131 738 Hoc
3164 699 3282 742 cum
3311 685 3501 742 videas

1916 765 2046 834 (non
2073 765 2212 821 enim
2239 766 2346 822 tale
2369 777 2451 822 est
2479 775 2534 822 ut
2561 783 2665 823 non
2692 770 2866 842 possis
2892 769 2995 826 hoc
3022 772 3231 841 videre,
3257 775 3342 830 vel
3371 791 3498 848 pos-

1914 858 1988 914 sis
2015 857 2116 915 hoc
2143 876 2246 928 non
2274 858 2497 935 videre),
2524 871 2727 918 tantum
2755 873 2932 920 tamen
2956 880 3132 924 causa:
3154 867 3388 924 bonitate
3408 869 3474 924 de

1913 953 2141 1017 scrcris,
2173 962 2229 1007 ut
2256 952 2597 1010 calumnieris
2637 954 2764 1008 mihi
2799 955 3014 1014 nomine
3051 955 3353 1025 Manichmi,
3392 975 3498 1016 non

1913 1042 2247 1114 imprudente
2277 1047 2589 1120 ignorantia,
2622 1048 2714 1104 sed
2745 1047 2977 1120 pudente
3005 1048 3213 1108 fallacia
3237 1052 3278 1106 ³.

1984 1133 2268 1191 LXXXIX.
2302 1135 2422 1194 JUL.
2451 1138 2583 1195 Nam
2616 1127 2935 1196 Manichacos
2962 1139 3164 1197 deseris
3200 1142 3251 1196 in
3289 1143 3500 1215 vitupe-

1911 1227 2118 1288 ratione
2147 1244 2300 1288 suum
2337 1239 2392 1288 et
2421 1247 2732 1302 caprarum,
2765 1249 2897 1308 quos
2927 1233 2980 1292 in
3015 1233 3262 1293 humana:
3299 1248 3501 1306 natura:

1912 1318 2284 1388 criminatione
2309 1323 2616 1398 comitaris;
2645 1313 2766 1381 cum
2796 1327 2988 1400 quibus
3017 1329 3175 1383 etiam
3207 1329 3259 1384 in
3285 1328 3502 1388 Christo

1912 1423 2018 1464 non
2058 1411 2290 1480 speciem
2329 1415 2533 1482 carnis,
2579 1416 2671 1471 sed
2715 1417 2975 1472 rationem
3018 1419 3211 1476 evertis
3250 1422 3498 1493 exempli.

1911 1499 2206 1559 Submoves
2227 1503 2387 1559 etiam
2408 1520 2438 1560 a
2458 1505 2672 1561 Christo
2692 1507 2867 1564 verbis
2891 1508 3103 1566 interim
3127 1510 3365 1567 naturale
3387 1528 3504 1584 pec-

1911 1602 2107 1661 catum,
2139 1611 2206 1652 ne
2231 1604 2285 1651 et
2307 1596 2482 1670 ipsum
2507 1598 2605 1654 sub
2630 1609 2892 1672 potestate
2918 1600 3116 1657 diaboli
3141 1602 3404 1660 collocare
3426 1604 3505 1659 vi-

1911 1686 2106 1755 dearis,
2131 1689 2270 1760 quod
2297 1705 2403 1764 non
2431 1688 2553 1746 fecit
2578 1692 2662 1746 vel
2683 1690 2797 1764 ipse
2818 1691 3154 1750 Manichacus.
3185 1694 3290 1751 Sed
3318 1695 3508 1768 laudas~

1912 1777 2314 1852 Hieronymum,
2343 1782 2432 1854 qui
2452 1783 2473 1814 ²
2504 1782 2572 1837 ita
2604 1798 2726 1842 eum
2759 1800 2864 1839 non
2893 1785 3077 1842 metuit
3106 1785 3500 1860 blasphemare,

1911 1879 1969 1924 ut
1995 1868 2137 1926 dicat
2171 1869 2317 1926 illum
2353 1871 2771 1930 familiaritatem
2799 1891 2920 1931 cum
2952 1877 3266 1936 voluntariis
3293 1895 3502 1952 quoque

1911 1959 2093 2018 iniisse
2116 1961 2445 2020 criminibus.
2473 1962 2546 2020 Ita
2573 1965 2712 2022 inter
2736 1966 2974 2024 diversas
2998 1969 3290 2025 amicorum
3316 1972 3505 2032 sordes

1911 2063 1966 2124 et
1993 2066 2291 2111 commenta
2320 2056 2590 2114 volutatus
2616 2059 2734 2116 sine
2760 2058 2994 2138 deﬂexu,
3025 2061 3076 2116 in
3105 2061 3502 2119 Catholicorum

1909 2147 2083 2205 solum
2119 2149 2358 2206 ell'eraris
2390 2149 2640 2222 injurias,
2674 2153 2796 2224 quia
2832 2152 3017 2209 dicunt
3055 2153 3220 2210 Deum
3252 2155 3376 2210 mali
3405 2171 3502 2211 au-

1912 2250 2115 2296 ctorem
2141 2257 2247 2297 non
2277 2256 2418 2312 esse,
2445 2241 2690 2300 homines
2718 2245 2809 2316 qui
2835 2244 2902 2301 ab
2929 2261 2996 2302 eo
3024 2243 3177 2313 ﬁunt,
3203 2245 3370 2302 malos
3396 2262 3504 2302 non

1912 2348 2032 2390 esse
2060 2335 2389 2401 naturaliter,
2420 2334 2564 2410 leges
2593 2336 2685 2392 Dei
2707 2337 2878 2408 justas
2906 2354 3046 2408 esse,
3079 2337 3366 2413 imaginem
3390 2340 3506 2412 ejus

1911 2441 2071 2498 posse
2091 2427 2358 2485 declinare
2377 2444 2408 2484 a
2428 2429 2568 2486 malo
2588 2441 2642 2486 et
2662 2429 2840 2488 facere
2863 2431 3058 2488 bonum
3075 2450 3091 2501 ;
3114 2433 3383 2490 Christum
3403 2413 3509 2507 nec

1911 2518 1967 2574 in
1996 2520 2285 2588 membris,
2315 2536 2418 2578 nec
2445 2521 2496 2576 in
2528 2521 2846 2594 praeceptis,
2880 2539 2978 2580 nec
3007 2525 3060 2580 in
3092 2525 3308 2595 judiciis
3337 2525 3506 2582 ullum

1911 2620 2248 2683 perpetrasse
2273 2623 2570 2684 peccatum.
2599 2615 2774 2686 Atque
2801 2614 2920 2672 ideo
2945 2617 2990 2672 si
3018 2626 3072 2672 tu
3098 2619 3395 2676 assertione
3415 2635 3508 2678 ve—

1911 2701 2086 2757 ritatis
2112 2717 2410 2775 tegrescas,
2438 2703 2710 2760 credimus
2739 2713 2915 2762 tamen
2955 2707 3246 2778 prudentes
3279 2691 3505 2790 instrui,

1912 2793 2304 2868 nonnullosque
2331 2794 2492 2851 etiam
2519 2794 2587 2852 de
2613 2794 2697 2852 his
2724 2813 2858 2878 quos
2885 2798 3162 2874 mendacia
3185 2809 3275 2872 tua
3301 2801 3508 2878 saucia-

1913 2893 2059 2951 runt,
2088 2901 2245 2956 posse
2273 2887 2471 2942 sanari.
2751 2873 2756 2886 ’

1982 2976 2120 3035 Ave.
2165 2978 2240 3034 De
2277 2976 2476 3058 Christi
2517 2979 2762 3049 exemplo
2800 2980 3047 3052 superius
3085 2981 3177 3038 tibi
3221 2985 3505 3058 respondi,

1913 3067 2060 3140 quod,
2099 3084 2273 3140 neque
2317 3084 2513 3142 negare
2536 3069 2796 3128 debemus
2823 3073 2942 3143 ejus
2977 3075 3370 3148 excellentiam,
3401 3065 3505 3152 qua

1913 3159 2038 3217 licet
2054 3159 2218 3217 homo
2241 3160 2638 3233 integerrimus,
2667 3173 2846 3219 tamen
2871 3163 2939 3220 de
2969 3164 3166 3237 Spiritu
3193 3177 3371 3236 natus,
3404 3155 3506 3225 nec

1912 3268 2074 3311 carne
2092 3255 2506 3325 concupiscente
2527 3255 2548 3288 ³
2573 3265 2884 3328 conceptus,
2921 3273 3083 3330 super
3117 3277 3304 3318 omnes
3333 3263 3504 3336 homi-

1910 3362 2010 3404 nes
2049 3347 2136 3403 hic
2167 3347 2329 3404 vitam
2365 3347 2716 3420 justissimam
2757 3351 2941 3418 duxit;
2972 3369 3070 3408 nec
3105 3363 3326 3428 propter
3365 3358 3504 3430 hanc

1911 3439 2281 3496 excellentiam
2307 3455 2408 3497 nos
2433 3457 2708 3508 excusare,
2735 3452 2794 3498 ut
2818 3459 2924 3499 non
2945 3460 3068 3514 eum
3093 3461 3192 3519 pro
3218 3448 3380 3505 modo
3403 3446 3504 3518 no-

1912 3538 2026 3586 stro
2053 3529 2361 3588 studeamus
2407 3533 2622 3588 imitari.
2675 3533 2794 3590 Non
2830 3537 2974 3591 enim
3016 3537 3270 3611 conjuges
3318 3539 3504 3600 fideles

1912 3623 2219 3679 caelibatum
2246 3622 2362 3695 ejus
2387 3623 2689 3692 imitantur;
2713 3636 2772 3685 at
2797 3634 2995 3696 tamen,
3025 3637 3084 3684 ut
3107 3628 3367 3687 adulteria
3385 3647 3501 3690 om-

1913 3733 2076 3774 nesve
2137 3717 2448 3774 concubitus
2515 3717 2726 3775 illicitos
2793 3736 2901 3788 non
2956 3731 3306 3793 perpetrent,
3376 3725 3487 3781 imi-

1915 3819 2094 3866 tantur
2145 3808 2295 3866 illum
2337 3827 2350 3865 :
2386 3825 2487 3866 nec
2532 3809 2577 3866 si
2622 3826 2745 3867 eum
2803 3811 3036 3884 amplius
3065 3803 3358 3871 imitantur
3409 3817 3503 3890 qui

1913 3913 2100 3961 sancte
2154 3903 2356 3960 ducunt
2400 3903 2647 3960 cwlibem
2696 3903 2900 3973 vitam,
2957 3905 3076 3961 ideo
3132 3905 3185 3963 in
3223 3905 3328 3964 hoc
3367 3925 3504 3986 quo-

1913 4009 2018 4066 que
2060 3993 2253 4048 imitari
2292 4009 2412 4050 eum
2451 4003 2694 4065 possunt,
2739 3993 2880 4066 quod
2926 3994 3019 4051 ille
3055 4012 3159 4051 non
3186 3996 3359 4053 solum
3395 3989 3501 4055 non

1913 4084 2057 4154 fecit,
2085 4101 2267 4141 verum
2296 4099 2397 4140 nec
2415 4084 2935 4155 concupivitillicita.
2963 4085 3154 4142 (Ζωιίδί
3177 4097 3354 4144 autem
3379 4106 3505 4145 san-

1914 4186 2013 4232 ctae
2039 4176 2162 4232 vita:
2197 4175 2512 4232 concubitus
2539 4186 2621 4232 est
2649 4177 2822 4232 omnis
2853 4177 3088 4245 illicitus,
3117 4179 3205 4236 cui
3232 4197 3331 4237 nec
3374 4198 3506 4239 con-

1909 4269 2104 4342 iugalis
2126 4278 2207 4326 est
2232 4269 2426 4326 licitus.
2455 4268 2594 4338 Quid
2622 4285 2752 4342 ergo
2773 4270 2989 4339 mirum,
3015 4271 3063 4344 si
3087 4282 3242 4330 natus
3269 4273 3337 4331 de
3375 4274 3498 4348 Spi-

1914 4368 2018 4423 ritu
2043 4365 2066 4398 "
2086 4365 2359 4440 etvirgine
2385 4379 2494 4421 non
2521 4364 2574 4419 in
2601 4379 2661 4420 se
2686 4361 2872 4420 habuit
2897 4364 3062 4435 ullum
3099 4367 3339 4422 malum?
3367 4367 3498 4436 Quis

1915 4475 2063 4527 vero,
2096 4459 2197 4514 nisi
2226 4458 2564 4530 gravioribus
2591 4457 2878 4530 depressus
2904 4457 3079 4526 malis,
3108 4468 3267 4532 neget
3293 4461 3494 4517 malum

1915 4568 2054 4622 esse,
2077 4561 2260 4609 contra
2283 4551 2426 4624 quod
2451 4553 2608 4608 etiam
2637 4551 2806 4607 sancti
2823 4550 3059 4623 quotidie
3074 4561 3264 4625 rogant
3286 4553 3498 4626 Patrem

1915 4664 1979 4719 ex
2008 4647 2173 4717 ipsius
2199 4645 2406 4702 Domini
2433 4644 2776 4716 magisterio?
2801 4642 2930 4700 Cum
2961 4646 3103 4700 enint
3135 4645 3382 4718 dicimus,
3416 4649 3501 4704 Ne

1915 4756 2006 4794 nos
2034 4738 2225 4808 inferas
2246 4738 2638 4793 intentationem
2664 4734 2877 4806 (Matth.
2907 4751 2982 4805 Vl,
3009 4737 3098 4811 l5)
3122 4756 3136 4807 ;
3169 4750 3354 4796 contra
3371 4756 3495 4798 con-

1915 4828 2294 4901 cupiscentiam
2344 4838 2578 4884 nostram
2632 4844 2878 4901 rogamus
2922 4828 3114 4886 Deum.
3155 4829 3503 4906 Unusquisque

1916 4924 2047 4976 enim
2091 4928 2328 4986 tentatur,
2371 4929 2430 4976 ut
2472 4921 2726 4991 scriptum
2757 4932 2859 4988 est,
2895 4939 2928 4975 a
2963 4923 3367 5012 concupiscentia
3408 4943 3500 4982 sua

1916 5014 2196 5068 abstractus
2222 5023 2268 5067 et
2291 5011 2486 5068 illectus
2517 5010 2718 5084 (Jacobi
2739 5029 2778 5080 I,
2807 5013 2916 5085 15).
2948 5010 3169 5072 Avertat
3189 5033 3317 5090 ergo
3347 5034 3376 5074 a
3406 5036 3500 5076 no-

1915 5104 2000 5162 bis
2039 5107 2161 5173 iste,
2192 5121 2348 5175 quem
2382 5119 2648 5180 rogamus,
2688 5105 2866 5172 Pater,
2897 5117 2950 5161 ut
2988 5105 3168 5166 dicere
3211 5109 3502 5169 audeamus

1917 5197 2059 5272 quod
2099 5213 2132 5254 a
2164 5197 2320 5253 Patre
2349 5195 2564 5268 quidem
2597 5212 2703 5270 non
2741 5198 2829 5266 sit,
2857 5197 2924 5255 ad
2952 5198 3093 5270 quod
3124 5216 3222 5258 nos
3250 5205 3502 5276 concupi-

1919 5292 2122 5348 scentia
2147 5290 2326 5346 carnis
2354 5289 2535 5358 trahit,
2561 5289 2655 5346 sed
2684 5305 2716 5345 a
2755 5289 2912 5347 Patre
2933 5289 3003 5346 sit
3026 5292 3139 5363 ipsa
3164 5310 3283 5365 quae
3309 5294 3502 5363 trahit,

1917 5383 2001 5438 vel
2050 5383 2246 5436 malum
2289 5381 2359 5436 sit
2408 5381 2474 5437 ad
2517 5380 2659 5453 quod
2711 5381 2892 5450 trahit,
2939 5392 2993 5439 et
3034 5381 3230 5438 malum
3280 5400 3388 5440 non
3437 5387 3506 5442 sit

1983 5583 2003 5648 ξ
2032 5582 2108 5648 _sle
2128 5592 2302 5648 omnes
2452 5581 2569 5648 editi
2609 5594 2745 5644 vero,
2780 5593 2874 5636 non
2909 5579 3184 5647 imputem
3215 5579 3496 5648 ignorantia,

1915 5643 2004 5699 sed
2023 5640 2301 5707 impudente
2311 5641 2519 5706 fallacia.

1985 5710 2005 5780 ξ
2042 5704 2195 5780 tigri”
2221 5704 2351 5769 quia.
2380 5713 2525 5776 \‘etus
2543 5705 2697 5780 codex
2716 5712 2865 5780 fet-1.,

1985 5767 2184 5838 fEditi,
2234 5767 2650 5838 ratwupiscentiw.
2938 5775 3080 5838 less,
3130 5767 3506 5838 concupiscam.

1983 5831 2004 5864 ι
2038 5831 2335 5896 \‘iguicrius,
2378 5827 2555 5894 Spiritu
2601 5835 2780 5881 sancto.
2820 5827 3004 5895 Abest.
3342 5843 3511 5892 mam

1921 5895 2127 5959 scriptis.
