3990 6480
423 425 554 486 1391

417 547 532 617 ipsa
576 554 693 612 quae
747 534 925 592 trahit.
965 535 1148 596 Porro,
1196 532 1243 588 si
1287 547 1405 585 eam
1435 529 1628 584 malum
1659 541 1777 581 esse
1804 524 1997 578 veritas

416 638 644 696 clamat;
677 630 916 701 profecto
943 641 1061 682 eam
1087 625 1176 695 qui
1207 624 1321 677 sine
1360 623 1468 675 ullo
1513 621 1652 674 malo
1689 626 1846 673 natus
1895 623 1996 680 est,

417 743 535 784 non
574 723 822 786 habebat,
853 733 916 775 ac
940 734 1036 789 per
1065 717 1185 780 hoc,
1214 723 1489 785 peccatum
1531 713 1667 766 sicut
1706 725 1810 764 non
1852 707 1991 771 fecit,

419 820 494 876 ita
539 832 637 872 nec
675 814 996 884 concupivit.
1038 809 1146 865 Nos
1190 808 1367 878 itaque
1408 807 1676 861 imitamur
1704 819 1846 868 eum,
1877 817 1995 856 cum

420 919 699 982 peccatum
729 923 833 960 non
867 903 1108 970 facimus,
1139 916 1246 954 non
1285 897 1485 969 peccati
1514 893 1997 965 concupiscentiam

418 1017 529 1060 non
576 999 838 1063 habendo,
869 997 961 1053 sed
993 1011 1100 1050 non
1128 994 1176 1050 ei
1206 988 1587 1048 consentiendo
1621 985 1898 1059 :quamvis
1929 985 2000 1039 ita

418 1092 692 1149 imitemur
727 1090 872 1143 illum
900 1088 1153 1142 Sanctum
1180 1092 1516 1149 sanctorum,
1555 1096 1675 1136 cum
1711 1080 1847 1134 bene
1875 1077 2003 1130 vivi-

422 1200 565 1250 mus,
590 1193 648 1237 ut
687 1192 862 1236 tamen
904 1196 1013 1234 non
1059 1178 1200 1233 desit
1227 1175 1365 1230 unde
1391 1174 1626 1229 dicamus
1668 1173 1718 1226 in
1763 1169 2004 1224 oratione

419 1284 626 1336 nostra,
658 1273 868 1326 Dimitte
910 1270 1050 1324 nobis
1084 1269 1248 1322 debita
1275 1277 1446 1322 nostra
1506 1263 1734 1336 (Matth.
1766 1278 1843 1328 vi,
1869 1261 1935 1315 12

422 1367 538 1440 Ego
564 1375 740 1421 autem
772 1379 880 1419 non
920 1364 996 1418 sic
1040 1361 1247 1416 laudavi
1292 1360 1705 1429 Hieronymum,
1739 1353 2005 1425 quomodo

423 1458 670 1529 Pelagius
720 1455 953 1510 laudavit
1007 1453 1368 1516 Ambrosium,
1401 1448 1542 1519 quod
1591 1447 1708 1517 ejus
1757 1445 1912 1499 fidem
1953 1451 2006 1498 et

423 1552 763 1624 purissimum
787 1549 840 1603 in
865 1547 1154 1616 Scripturis
1183 1560 1403 1600 sensum
1429 1559 1495 1597 ne
1517 1541 1760 1595 inimicus
1789 1538 2026 1619 quidem.

421 1660 584 1700 ausus
611 1653 692 1699 est
712 1639 1106 1711 reprehendere
1128 1639 1228 1708 (De
1253 1638 1414 1710 gratia
1436 1635 1642 1699 Christi,
1667 1652 1754 1688 nn.
1780 1633 1869 1697 46,
1893 1631 2002 1701 47).

423 1738 502 1792 Ac
525 1751 618 1806 per
644 1737 745 1790 hoc
771 1735 812 1789 si
830 1732 958 1804 quid
983 1731 1116 1786 mihi
1136 1729 1400 1799 displicet,
1422 1726 1754 1797 reprehendo
1775 1725 1825 1778 in
1852 1718 2008 1778 amici

421 1827 636 1898 scriptis
664 1828 703 1891 ¹,
739 1826 874 1880 sicut
896 1824 951 1879 in
981 1824 1133 1878 meis.
1163 1821 1269 1878 Sed
1291 1819 1433 1875 aliud
1458 1827 1542 1875 est
1564 1818 1757 1874 alicubi
1791 1816 2010 1872 catholi-

426 1935 548 1975 cum
575 1933 777 1981 errare,
811 1917 954 1972 aliud
983 1915 1159 1986 magni
1182 1913 1382 1969 erroris
1402 1913 1561 1968 etiam
1606 1911 1852 1965 hmresim
1883 1923 2013 1963 con-

422 2010 548 2068 dere
572 2012 656 2066 vel
683 2018 884 2066 tenere.

497 2103 609 2159 XC.
641 2103 757 2158 ιω..
791 2099 894 2157 Sed
928 2100 1050 2155 hinc
1090 2100 1188 2154 ista
1225 2097 1493 2154 sufficiant
1525 2095 1842 2150 :veniamus
1873 2107 2014 2147 nunc

427 2195 493 2251 ad
528 2196 680 2262 illud,
710 2196 759 2249 in
802 2210 906 2265 quo
933 2209 1058 2265 pars
1087 2193 1285 2265 negotii
1325 2206 1516 2262 magna
1557 2197 1835 2253 versatur;
1860 2187 2014 2257 cujus

426 2289 662 2360 potentia
692 2288 1023 2342 examinatus
1051 2295 1104 2341 et
1139 2285 1475 2341 exanimatus
1505 2282 1910 2336 Manichaeorum
1941 2280 2018 2332 le-

427 2389 604 2452 gatus,
639 2389 744 2434 tam
798 2378 968 2434 fidelis
1015 2375 1384 2448 responsionis
1434 2374 1752 2428 documenta
1798 2370 2018 2441 protulit

431 2488 594 2544 quam
630 2472 890 2540 elegantis
935 2469 1150 2539 ingenii.
1185 2467 1316 2522 Nam
1365 2475 1642 2537 postquam
1686 2465 1826 2519 dicta
1872 2479 2013 2531 mea,

427 2580 549 2636 quae
575 2579 732 2634 supra
758 2563 931 2633 posui,
962 2563 1103 2617 nulla
1132 2577 1190 2616 re
1220 2576 1354 2616 nova
1387 2560 1769 2625 intercedente,
1790 2558 2020 2614 laudavit

430 2663 488 2712 et
516 2654 779 2725 probavit,
811 2653 876 2707 ad
907 2667 1024 2708 eam
1061 2662 1261 2722 partem
1304 2668 1405 2723 qua
1451 2651 1739 2721 disputatio
1785 2667 1814 2705 a
1867 2652 2020 2706 nobis

432 2743 696 2815 promissa
726 2744 1091 2814 supplebatur,
1120 2744 1345 2800 accessit
1369 2762 1382 2798 :
1405 2753 1677 2815 quaerente
1699 2759 1783 2797 me
1800 2743 2016 2814 quippe,

432 2851 532 2907 per
561 2835 684 2906 quid
707 2836 805 2890 sub
831 2833 1042 2890 diabolo
1065 2845 1263 2902 essent,
1287 2850 1420 2906 quos
1448 2836 1586 2889 Deus
1606 2835 1762 2900 fecit;
1791 2834 1856 2889 ad
1878 2833 2020 2905 quod

434 2929 687 3000 respondi
711 2929 876 2998 ipsius
906 2929 1142 2994 nomine,
1175 2927 1278 2982 Per
1309 2937 1584 3000 peccatum,
1611 2946 1711 2982 non
1762 2945 1850 2998 per
1876 2937 2024 2981 natu-

436 3039 550 3078 ram
573 3039 593 3078 :
622 3032 676 3076 ιιι
698 3020 858 3078 retuli
886 3021 953 3078 de
976 3037 1116 3090 meo,
1147 3021 1272 3088 Sed,
1295 3025 1422 3076 sicut
1447 3023 1555 3092 ipse
1568 3022 1748 3077 annuis
1773 3032 1813 3086 ²,
1842 3031 1898 3075 ut
1923 3039 2023 3076 non

439 3123 598 3186 potest
623 3131 728 3168 esse
747 3114 853 3169 sine
878 3113 1077 3170 sexibus
1104 3117 1253 3182 fetus,
1282 3113 1352 3166 ita
1381 3129 1468 3168 nec
1489 3114 1595 3168 sine
1621 3113 1872 3168 voluntate
1891 3113 2024 3167 deli-

438 3215 592 3261 ctum.
629 3205 829 3259 Habent
859 3205 1015 3278 igitur
1043 3213 1262 3276 tempore
1288 3213 1554 3276 conceptus
1581 3205 1679 3272 sui,
1713 3205 1912 3274 parvuli
1940 3221 2027 3257 vo-

439 3299 712 3364 luntatem,
739 3297 827 3368 qui
865 3295 1030 3350 adhuc
1075 3297 1296 3349 animam
1334 3313 1434 3350 non
1477 3295 1690 3360 habent;
1728 3305 1815 3349 aut
1844 3297 2027 3351 habent

441 3398 663 3460 tempore
681 3397 880 3442 exortus
907 3388 1005 3450 sui,
1025 3387 1109 3458 qui
1123 3388 1289 3440 adhuc
1304 3388 1514 3440 rationis
1531 3405 1676 3442 usum
1703 3405 1803 3442 non
1823 3389 2023 3444 habent.

439 3478 574 3536 Cum
600 3480 665 3534 ad
697 3480 836 3534 hunc
865 3479 1026 3549 igitur
1047 3479 1285 3534 venisset
1310 3478 1508 3542 locum,
1529 3478 1630 3533 hoc
1659 3480 1827 3534 solum
1847 3480 1911 3535 de
1933 3497 2028 3534 no-

443 3571 570 3627 stris
598 3570 876 3641 proposuit
915 3569 1159 3641 objectis,
1188 3568 1240 3623 id
1267 3577 1369 3636 est,
1396 3569 1502 3624 Sed
1526 3578 1582 3622 ut
1618 3587 1717 3624 non
1747 3580 1902 3640 potest
1923 3589 2030 3626 esse

443 3665 552 3720 sine
576 3664 774 3719 sentibus
801 3667 950 3735 fetus,
977 3660 1050 3716 ita
1077 3679 1165 3716 nec
1201 3661 1310 3716 sine
1348 3661 1600 3716 voluntate
1636 3662 1872 3717 delictum
1896 3681 1914 3718 :
1939 3680 2028 3719 re-

444 3757 783 3830 sponditque,
814 3754 899 3810 Ita
931 3772 1064 3822 vero,
1094 3755 1164 3809 ita
1191 3764 1263 3809 est
1284 3771 1304 3809 :
1328 3755 1400 3810 sic
1427 3755 1556 3809 enim
1600 3774 1618 3807 ι
1649 3772 1736 3826 per
1758 3773 1913 3810 unum
1938 3757 2030 3810 ho-

445 3853 630 3907 minem
657 3860 916 3921 peccatum
939 3848 1142 3904 intravit
1179 3848 1232 3902 in
1263 3847 1529 3915 mundum,
1560 3856 1604 3902 et
1639 3865 1727 3919 per
1771 3857 2028 3919 peccatum

445 3961 614 4009 mors;
640 3954 684 3998 et
706 3945 775 3998 ita
804 3944 858 3998 in
880 3959 1050 3998 omnes
1069 3941 1293 3997 homines
1325 3941 1631 4012 pertransiit,
1662 3941 1713 3994 in
1743 3957 1839 4012 quo
1859 3958 2030 3996 omnes

444 4042 769 4110 peccaverunt
793 4053 812 4086 ›
841 4032 1016 4105 (Rom.
1041 4047 1097 4100 v,
1129 4031 1242 4103 12).
1277 4030 1376 4085 Per
1399 4031 1549 4106 unius
1569 4031 1704 4085 illius
1727 4033 2030 4086 voluntatem

446 4127 638 4180 malum
665 4140 835 4179 omnes
856 4124 908 4176 in
932 4140 989 4177 eo
1015 4131 1363 4194 peccaverunt,
1393 4122 1592 4192 quando
1609 4139 1778 4176 omnes
1799 4124 1884 4177 ille
1900 4139 2028 4177 unus

450 4222 673 4291 fuerunt,
717 4218 781 4274 de
825 4235 922 4290 quo
948 4229 1211 4290 prapterea
1251 4219 1437 4290 singuli
1485 4228 1742 4289 peccatum
1785 4218 2030 4290 originale

449 4323 707 4369 traxerunt
734 4311 836 4385 (De
857 4311 1072 4385 Nuptiis
1098 4322 1143 4367 et
1171 4312 1586 4384 Concupisceutia
1608 4353 1620 4375 ,
1644 4311 1730 4366 lib.
1751 4311 1806 4379 2,
1835 4329 1887 4369 n.
1914 4310 2026 4383 15).

449 4403 729 4462 Lectorem
759 4405 914 4475 igitur
938 4403 1212 4470 adhortor,
1245 4412 1305 4458 ut
1332 4403 1638 4459 conflictum
1671 4412 1908 4458 nostrum
1945 4404 2028 4458 vi-

449 4499 676 4570 gilanter
705 4498 969 4569 inspiciat.
1005 4496 1139 4564 Quid
1178 4496 1270 4551 tibi
1304 4494 1522 4566 profuit,
1554 4495 1911 4550 eruditissime
1949 4495 2031 4550 bi-

448 4589 668 4660 pedum,
696 4604 868 4658 meam
893 4604 1001 4644 non
1041 4589 1290 4659 supplere
1323 4587 1670 4653 sententiam;
1701 4603 1820 4643 cum
1855 4587 1952 4642 etsi
1977 4587 2028 4642 in

452 4698 516 4740 ea
538 4694 706 4752 parte,
734 4699 891 4754 quam
913 4683 1254 4753 suppressisti
1277 4682 1470 4753 prioris
1498 4682 1622 4737 dicti
1651 4681 1912 4752 expositio
1947 4691 2028 4736 te-

453 4784 691 4842 neretur,
723 4785 897 4830 tamen
937 4776 1096 4830 etiam
1124 4774 1175 4827 in
1218 4775 1326 4840 illo,
1359 4774 1498 4844 quod
1527 4773 1620 4828 tibi
1651 4773 1908 4842 objecisti,
1951 4773 2030 4827 vis

454 4882 604 4937 aeque
631 4876 741 4920 tota
771 4866 1054 4921 consistat?
1075 4865 1331 4936 Proposui
1357 4866 1552 4936 quippe
1581 4865 1827 4932 ﬁdeliter,
1857 4874 1914 4921 ut
1942 4874 2029 4921 tua

451 4975 662 5032 quoque
686 4958 1041 5014 manifestavit
1066 4959 1086 4992 ⁸
1107 4960 1364 5028 assensio,
1383 4959 1523 5030 quod
1544 4974 1573 5013 a
1596 4968 1646 5014 te
1661 4959 1799 5014 solet
1821 4958 2026 5027 referri,

450 5061 505 5108 et
542 5052 875 5122 interrogans
911 5065 1006 5121 per
1045 5051 1169 5123 quid
1209 5051 1310 5106 sub
1348 5050 1560 5108 diabolo
1599 5060 1777 5106 essent
1808 5050 2028 5120 parvuli,

453 5159 587 5214 quos
612 5142 819 5197 fecisset
842 5142 1001 5212 Deus,
1031 5142 1277 5214 reSpondi
1298 5142 1413 5198 vice
1427 5151 1537 5210 tua,
1567 5159 1585 5194 ι
1610 5142 1708 5196 Per
1731 5150 2026 5212 peccatum,

453 5251 557 5292 non
591 5253 687 5306 per
716 5244 980 5291 naturam.
1019 5256 1038 5290 ι
1079 5237 1256 5304 Certe,
1284 5236 1432 5290 vides
1461 5251 1545 5290 me
1573 5235 1694 5290 hinc
1725 5235 1922 5289 nullam
1949 5233 2028 5289 fe-

451 5329 587 5384 cisse
613 5327 873 5382 fraudem.
907 5328 1023 5382 Dixi
1057 5327 1197 5396 quod
1227 5327 1278 5381 in
1305 5343 1399 5382 ore
1423 5325 1737 5381 Traduciani
1768 5335 1878 5392 est,
1910 5327 2032 5382 licet

452 5418 556 5474 hoc
597 5433 702 5473 non
746 5419 816 5472 sit
854 5419 903 5471 in
930 5417 1196 5488 dogmate.
1229 5417 1307 5471 Ad
1336 5417 1478 5488 quod
1505 5418 1678 5483 retuli,
1712 5417 1816 5472 Sed
1845 5428 1899 5471 ut
1928 5435 2029 5474 non

455 5517 616 5579 potest
643 5525 747 5563 esse
772 5509 880 5563 sine
903 5507 1102 5562 sexibus
1143 5511 1290 5579 fetus,
1315 5509 1386 5562 ita
1414 5525 1506 5562 nec
1532 5509 1637 5569 sine
1662 5509 1912 5564 voluntate
1937 5509 2028 5564 de-

451 5599 644 5654 lictum.
673 5599 752 5655 Tu
794 5601 894 5656 hoc
931 5598 1224 5670 impudenti
1263 5599 1448 5656 fraude
1493 5599 1662 5656 fecisti
1707 5601 1976 5659 dividuum
2012 5621 2027 5660 :

514 5777 536 5849 ξ
567 5777 702 5849 ξΔὶιὶ,
726 5777 778 5849 in
1004 5778 1213 5849 scriptis.
1234 5779 1400 5832 Melius
1429 5787 1556 5842 Mss,
1579 5781 1632 5832 in
1649 5781 1792 5834 amici
1812 5783 2025 5849 scriptis.

513 5839 537 5908 ξ
564 5839 719 5908 cedes
747 5847 890 5908 ιτοτιρ,
913 5839 1210 5908 membris-

515 5900 538 5932 ³
568 5901 855 5966 vignierius,
877 5900 1221 5967 manifestatur.
1246 5911 1374 5970 Mss,
1394 5905 1725 5972 manifestavit.

1093 415 1339 473 ΟΡΕῆιὲ
1381 407 1786 470 IMPERFECTI
1827 407 2102 465 CONTRA
2140 402 2495 472 JULIANUM,
2537 403 2594 461 S.
2636 400 3004 462 AUGUSTINI

3551 395 3696 456 1393

2105 535 2230 577 nam
2261 535 2684 577 commemorans
2711 519 2850 590 quod
2871 535 2967 575 nos
2995 517 3316 585 dixeramus,
3345 514 3464 586 quia
3497 524 3555 570 ut
3583 531 3693 571 non

2110 624 2252 670 esset
2279 615 2480 686 absque
2511 614 2724 670 sexibus
2744 613 2898 678 fetus,
2932 614 3002 668 ita
3029 629 3126 669 nec
3153 612 3268 667 sine
3297 614 3569 666 voluntate
3593 610 3692 666 dc-
3727 627 3734 636 ί

2110 707 2319 774 lictum;
2356 708 2479 763 illud
2509 707 2649 779 quod
2678 707 2996 778 sequebatur
3030 706 3096 760 de
3137 705 3470 777 parvulorum
3499 703 3694 758 volun-

2111 809 2218 857 tate
2244 802 2472 868 tacuisti,
2515 811 2566 856 et
2604 801 2913 871 respondes,
2951 799 3032 853 Ita
3062 815 3195 862 vero,
3228 801 3296 854 ita
3323 809 3394 855 est
3418 816 3437 853 :
3459 799 3530 853 sic
3559 797 3697 851 enim

2118 914 2136 948 ι
2173 913 2261 967 per
2288 913 2442 950 unum
2474 897 2724 950 hominem
2751 905 3007 966 peccatum
3031 895 3235 948 intravit
3261 894 3311 947 in
3337 891 3584 945 mundum
3612 907 3630 944 :
3669 908 3690 942 ι

2114 1007 2202 1060 per
2225 991 2372 1045 unius
2395 991 2535 1045 illius
2555 991 2862 1044 voluntatem
2888 989 3074 1042 malam
3102 1005 3271 1042 omnes
3299 989 3348 1041 in
3373 1005 3428 1041 eo
3451 1000 3696 1056 peceauev

2111 1092 2248 1136 runt.
2281 1085 2508 1138 lloccine
2530 1092 2612 1138 est
2640 1082 2998 1152 respondere?
3020 1081 3238 1136 hoccine
3265 1081 3533 1148 disputare
3565 1085 3648 1132 est
3676 1076 3699 1130 ?

2114 1174 2335 1229 hoccine
2378 1184 2647 1244 postremo
2681 1174 2764 1228 vel
2797 1174 3100 1229 sobrietatis
3131 1172 3325 1226 habere
3351 1179 3649 1240 respectum
3677 1169 3700 1222 ?

2114 1265 2336 1321 Ridetur
2363 1277 2507 1323 certe
2537 1267 2602 1322 ab
2631 1266 2851 1322 eruditis
2881 1265 3140 1342 calliditas
3164 1265 3572 1335 sopliismatum,
3604 1260 3699 1316 ubi

2118 1375 2211 1428 per
2234 1360 2659 1415 communionem
2687 1359 2958 1413 nominum
2983 1356 3301 1427 simplicitati
3322 1354 3702 1425 reSpondcntis

2117 1450 2352 1503 illuditur
2385 1469 2397 1502 :
2429 1450 2520 1504 sed
2542 1449 2626 1503 illa
2659 1451 2769 1519 ipsa
2800 1449 3122 1519 SOphismata
3153 1448 3276 1503 licet
3299 1463 3402 1501 non
3425 1450 3528 1500 sint
3558 1446 3704 1499 veri-

2119 1550 2225 1597 tate
2264 1543 2451 1606 solida,
2481 1543 2679 1596 urbana
2711 1551 2883 1597 tamen
2916 1542 3196 1610 superficie
3221 1541 3561 1605 colorantur;
3596 1539 3705 1594 hoc

2119 1636 2454 1705 autemquod
2495 1647 2787 1690 monstrum
2835 1635 3208 1705 disputationis
3249 1643 3368 1700 est,
3411 1632 3554 1705 quod
3598 1647 3705 1688 nec

2119 1726 2341 1780 veritate
2372 1725 2599 1780 solidum
2627 1736 2727 1792 est,
2761 1743 2859 1782 nec
2875 1727 3200 1796 s0phismate
3230 1725 3536 1797 levigatum.
3579 1724 3706 1780 Dixi

2119 1829 2264 1874 certe
2296 1835 2398 1872 non
2425 1834 2578 1888 posse
2598 1835 2716 1874 esse
2743 1821 2857 1876 sine
2889 1819 3053 1876 libera
3081 1821 3351 1876 voluntate
3374 1829 3652 1891 peccatum
3687 1836 3702 1872 :

2120 1925 2226 1978 quo
2253 1925 2529 1977 concesso,
2559 1920 2792 1965 vestrum
2822 1910 3013 1982 dogma
3054 1909 3403 1980 consumitur,
3433 1912 3518 1983 qui
3547 1920 3710 1983 puta-

2123 2001 2188 2055 tis
2214 2016 2333 2056 esse
2355 2001 2406 2055 in
2434 2010 2619 2056 natura
2649 2001 2919 2058 hominum
2937 2004 3052 2059 sine
3072 2003 3175 2059 ulla
3199 2005 3468 2060 voluntate
3483 2019 3709 2060 reorum

2122 2091 2391 2145 delictum.

2196 2185 2328 2239 Aac.
2360 2183 2472 2254 Ego
2500 2184 2550 2238 id
2579 2186 2748 2240 solum
2774 2185 2842 2241 de
2857 2201 3022 2257 opere
3051 2186 3141 2242 illo
3168 2194 3260 2242 tuo
3283 2187 3535 2259 legeram,
3558 2188 3710 2259 quod

2123 2273 2360 2329 chartula
2387 2292 2504 2346 quae
2535 2275 2663 2331 mihi
2683 2279 2843 2333 missa
2871 2288 2970 2344 est,
2989 2279 3313 2335 continebat.
3336 2279 3468 2336 Nam
3487 2288 3711 2350 postea-

2124 2384 2280 2439 quam
2306 2369 2488 2424 libros
2502 2378 2641 2439 tuos,
2667 2371 2732 2426 de
2774 2372 2966 2442 quibus
3008 2373 3134 2428 illud
3161 2374 3340 2429 nescio
3371 2374 3489 2444 quis
3517 2389 3713 2428 excero

2126 2462 2476 2536 psit,iuveni,
2513 2461 2578 2517 ad
2622 2472 2809 2518 cuncta
2839 2465 3110 2534 respondi.
3146 2466 3381 2520 Dicimus
3429 2475 3604 2520 autem
3653 2474 3714 2521 et
3769 2457 3774 2462 ’

2126 2567 2244 2618 nos,
2283 2569 2388 2608 non
2419 2569 2575 2636 posse
2603 2570 2722 2609 esse
2747 2556 2860 2610 sine
2887 2557 3052 2612 libera
3080 2559 3347 2612 voluntate
3387 2566 3665 2628 peccatum
3691 2574 3708 2622 ;

2125 2660 2225 2700 nec
2256 2645 2374 2700 ideo
2397 2655 2594 2716 tamen,
2615 2658 2671 2702 ut
2699 2649 2852 2717 dicis,
2886 2659 3126 2705 nostrum
3146 2651 3336 2721 dogma
3353 2653 3712 2716 consumitur,

2126 2755 2245 2796 cum
2277 2741 2565 2797 asserimus
2594 2757 2716 2798 esse
2757 2743 3013 2814 originale
3046 2754 3312 2813 peccatum
3346 2763 3357 2799 :
3387 2747 3507 2816 quia
3551 2753 3606 2801 et
3641 2744 3716 2800 ad

2128 2829 2229 2885 hoc
2260 2831 2277 2862 ¹
2306 2831 2506 2900 peccati
2544 2849 2711 2902 genus
2759 2848 2826 2888 ex
2877 2834 3040 2888 libera
3081 2835 3351 2890 voluntate
3394 2845 3714 2906 perventum

2129 2933 2227 2990 est,
2264 2939 2367 2978 non
2406 2925 2521 2995 ejus
2551 2927 2762 2998 propria
2793 2928 2882 2996 qui
2930 2927 3187 2996 nascitur,
3221 2928 3315 2982 sed
3355 2929 3470 2998 ejus
3505 2929 3558 2983 in
3601 2943 3718 3000 quo

2129 3031 2314 3070 omnes
2335 3016 2664 3087 originaliter
2692 3019 2908 3073 fuerunt
2933 3061 2946 3084 ,
2979 3019 3190 3089 quando
3233 3034 3568 3074 communem
3609 3035 3718 3074 na-

2132 3119 2300 3164 turam
2333 3111 2469 3164 mala
2498 3111 2770 3168 voluntate
2806 3111 3031 3167 vitiavit.
3072 3112 3185 3166 Non
3217 3113 3413 3169 habent
3437 3130 3564 3184 ergo
3591 3129 3720 3183 par-

2129 3204 2234 3258 vuli
2265 3213 2502 3274 tempore
2528 3215 2813 3275 conceptus
2836 3207 2915 3261 vel
2943 3215 3090 3260 ortus
3110 3207 3188 3260 sui
3209 3217 3230 3247 ι
3248 3206 3497 3276 peccandi
3525 3208 3722 3262 volun-

2133 3303 2292 3350 tatem
2329 3295 2462 3350 :sed
2517 3295 2606 3350 ille
2659 3307 2896 3366 tempore
2951 3298 3401 3366 praevaricationis
3441 3313 3551 3352 sua:
3593 3314 3717 3354 ma-

2131 3405 2292 3460 gnum
2340 3388 2465 3444 illud
2514 3399 2786 3458 peccatum
2841 3390 3004 3445 libera
3040 3390 3311 3445 voluntate
3354 3389 3639 3455 commisit,
3684 3405 3718 3445 a

2133 3497 2234 3552 qua
2263 3482 2536 3552 originalis
2563 3483 2763 3552 peccati
2806 3482 3107 3552 contagium
3145 3484 3222 3538 sic
3252 3483 3479 3537 humana
3521 3493 3720 3538 natura

2132 3574 2415 3640 contraxit,
2442 3581 2500 3627 ut
2529 3574 2806 3629 verissime
2833 3573 3035 3629 diceret
3069 3583 3284 3629 sanctus
3303 3617 3318 3642 ,
3347 3573 3413 3628 In
3433 3574 3721 3644 iniquitati-

2133 3665 2224 3719 bus
2250 3675 2516 3736 conceptus
2539 3682 2652 3720 sum
2681 3665 2699 3736 (
2726 3665 2869 3719 Psal.
2902 3681 2952 3732 1.,
2987 3665 3017 3719 7
3043 3666 3095 3734 );
3138 3674 3192 3720 et
3221 3666 3354 3720 alius
3375 3666 3554 3720 itidem
3583 3679 3719 3720 san-

2133 3765 2270 3823 ctus,
2297 3755 2420 3821 Quis
2440 3757 2570 3810 enim
2610 3757 2826 3810 nmndus
2857 3765 2927 3810 est
2952 3774 2984 3810 a
3010 3757 3197 3811 sorde?
3229 3755 3336 3811 Nec
3370 3757 3540 3827 infans
3566 3760 3722 3826 cujus

2134 3860 2205 3904 est
2232 3849 2382 3904 unius
2409 3850 2509 3903 diei
2520 3849 2619 3903 vita
2641 3866 2792 3920 super
2814 3859 2997 3902 terram
3017 3850 3136 3919 (Job
3161 3865 3273 3914 xlv,
3309 3850 3364 3916 4,
3396 3865 3494 3903 sec.
3519 3848 3717 3920 LXX).

2136 3940 2260 3996 llmc
2283 3941 2492 4011 eloquia
2519 3941 2760 3997 veritatis
2805 3941 3135 3997 subsanuant
3158 3941 3445 3996 vanitatem
3483 3941 3721 4011 loquaci-

2137 4036 2259 4090 tatis
2292 4044 2412 4089 tute.

2205 4127 2339 4190 XCI.
2369 4127 2485 4184 ιω..
2516 4127 2629 4195 Qua
2650 4142 2774 4198 ergo
2802 4134 2856 4182 tu
2883 4127 3203 4198 impudentia
3226 4135 3280 4183 et
3300 4129 3560 4200 approbas
3590 4145 3720 4185 sen-

2136 4222 2355 4277 tentiam
2402 4235 2597 4287 meam,
2640 4230 2694 4273 et
2744 4228 2890 4274 tuum
2933 4218 3119 4289 dogma
3165 4235 3268 4274 non
3302 4219 3536 4284 deseris;
3589 4235 3719 4276 cum

2135 4312 2415 4370 sentcntiae
2462 4311 2734 4380 utriusque
2761 4311 2924 4380 partis
2975 4311 3043 4365 ita
3081 4310 3225 4364 nullo
3255 4311 3459 4382 possint
3507 4310 3721 4367 fuedere

2136 4407 2395 4478 copulari,
2421 4414 2480 4460 ut
2507 4406 2899 4460 cnuntiatorum
2926 4405 3166 4476 opposita
3196 4406 3394 4475 pariter
3414 4420 3517 4460 non
3549 4407 3722 4474 parti-

2135 4501 2315 4569 cipant
2342 4496 2900 4564 veritati?Quomodo
2947 4512 3075 4568 ergo
3121 4511 3222 4567 ego
3265 4496 3308 4550 si
3353 4496 3721 4551 consentirem

2136 4589 2376 4646 naturale
2405 4603 2524 4643 esse
2550 4598 2825 4658 peccatum
2853 4630 2868 4655 ,
2902 4603 3122 4643 necesse
3150 4597 3265 4643 erat
3311 4596 3366 4642 ut
3413 4587 3723 4645 deciderem

2136 4683 2204 4738 de
2229 4683 2348 4752 jure
2375 4682 2687 4748 sententiae,
2719 4695 2837 4752 quae
2867 4679 3186 4749 prteseribit,
3223 4679 3324 4733 nisi
3357 4679 3408 4732 in
3441 4678 3723 4736 voluntate

2137 4775 2304 4830 libera
2353 4783 2625 4844 peccatum
2669 4789 2789 4828 esse
2832 4789 2937 4827 non
2983 4788 3184 4843 posse:
3216 4773 3285 4828 ita
3323 4781 3377 4828 tu
3420 4789 3450 4828 e
3499 4774 3723 4842 regione

2135 4867 2480 4923 consentiens
2503 4881 2586 4921 me
2613 4866 2749 4922 bene
2777 4866 2992 4930 dixisse,
3021 4867 3109 4936 qui
3141 4866 3473 4936 pronuntiavi
3512 4867 3722 4924 nullum

2138 4975 2257 5015 esse
2282 4960 2397 5015 sine
2424 4959 2694 5014 voluntate
2720 4965 3016 5028 peccatum,
3046 4958 3268 5027 rejieere
3293 4959 3468 5013 statim
3487 4958 3724 5014 debuisti

2137 5054 2282 5109 illam
2311 5053 2643 5124 Opinionem,
2674 5067 2773 5122 qua
2804 5062 3076 5121 peccatum
3101 5052 3338 5107 naturale
3366 5051 3644 5106 credebas.

2208 5148 2342 5203 Ana.
2370 5145 2524 5200 Aliud
2553 5153 2637 5200 est
2665 5145 2780 5200 sine
2809 5145 3081 5199 voluntate
3112 5144 3276 5198 libera
3299 5153 3574 5213 peccatum
3597 5158 3727 5200 esse

2139 5256 2245 5296 non
2269 5255 2446 5311 posse,
2475 5238 2617 5310 quod
2651 5249 2704 5293 et
2743 5253 2838 5293 nos
2869 5239 3092 5293 dicimus
3113 5280 3126 5304 ,
3163 5237 3285 5308 quia
3329 5251 3428 5294 nec
3460 5235 3732 5306 originale

2137 5350 2255 5392 esse
2285 5334 2542 5406 potuisset
2587 5332 2702 5387 sine
2731 5331 2903 5401 ἰιι-ἰτηί
2934 5330 3165 5385 hominis
3211 5329 3377 5384 libera
3409 5328 3728 5395 voluntate;

2138 5437 2192 5484 et
2211 5427 2353 5484 aliud
2382 5435 2483 5494 est,
2516 5425 2782 5497 quomodo
2813 5424 2924 5494 ipse
2943 5422 3143 5490 dixisti,
3171 5423 3270 5478 nisi
3293 5423 3345 5476 in
3371 5422 3628 5476 voluntate
3659 5422 3729 5475 tiu

2139 5523 2253 5576 bera
2279 5530 2534 5592 peccatum
2563 5536 2668 5575 esse
2692 5535 2792 5573 non
2830 5533 2992 5590 posse,
3034 5515 3176 5588 quod
3206 5531 3311 5572 non
3350 5513 3727 5570 concedimus.

2137 5613 2403 5687 Originale
2428 5629 2654 5685 namque
2683 5620 2958 5684 peccatum
2981 5625 3088 5668 non
3125 5618 3205 5668 est
3230 5610 3282 5665 in
3304 5608 3574 5666 voluntate
3608 5621 3728 5684 lla-3

2200 5848 2218 5880 ι
2251 5848 2323 5896 sic
2343 5852 2448 5896 Mss.
2475 5844 2608 5907 [quia
2629 5845 2696 5896 ad
2717 5843 2848 5908 [tam]

2199 5911 2220 5942 ³
2251 5911 2332 5960 uio
2354 5909 2471 5961 editi
2488 5905 2688 5975 addunt,
2713 5905 2929 5962 liberius.
