3962 6480
202 482 207 485 ’
259 474 398 535 i395

261 576 460 635 scentis
488 590 503 629 :
535 572 634 630 sed
655 585 828 645 neque
854 570 910 628 in
936 568 1051 642 ipsa
1076 575 1161 625 est
1187 567 1464 624 voluntate
1483 566 1644 639 primi
1667 565 1840 624 homi-
1892 610 1899 617 .

262 671 364 740 nis,
378 668 624 740 quamvis
645 668 762 724 sine
787 666 904 738 ipsa
919 679 1040 721 esse
1066 678 1175 720 non
1190 670 1393 734 posset.
1415 661 1578 718 Aliud
1595 670 1841 733 estergo,

258 762 374 819 Non
400 768 578 830 potest
616 774 737 815 esse
780 758 899 814 sine
938 756 1214 813 voluntate
1260 765 1572 825 peccatum;
1602 762 1657 810 et
1699 753 1845 809 aliud

258 864 361 920 est,
390 853 509 910 Non
534 860 711 925 potest
729 866 850 908 esse
885 850 988 906 nisi
1014 849 1068 906 in
1097 849 1369 905 voluntate
1392 856 1689 918 peccatum.
1734 845 1845 902 Ne-

258 962 363 1019 que
391 946 559 1015 enim,
592 946 636 1000 si
660 952 807 1000 recte
821 942 1068 1011 dicimus,
1093 943 1220 999 Sine
1245 948 1505 1011 conceptu
1527 948 1709 1013 partus
1734 955 1845 996 non

258 1050 435 1115 potest
460 1054 607 1106 esse;
641 1038 762 1095 ideo
782 1038 943 1093 etiam
963 1045 1108 1092 recte
1133 1034 1348 1103 dicitur,
1375 1034 1487 1090 Nisi
1506 1035 1556 1089 in
1580 1042 1845 1106 conceptu

257 1145 440 1207 partus
465 1149 568 1190 non
597 1140 775 1204 potest
800 1145 941 1188 esse.
971 1130 1077 1186 Sed
1111 1130 1215 1185 hoc
1241 1130 1311 1184 ita
1338 1136 1422 1185 est
1448 1127 1715 1184 diversum
1740 1168 1757 1195 ,
1787 1134 1846 1182 ut

260 1243 435 1299 neque
464 1227 516 1281 in
546 1236 804 1295 conceptu
829 1232 1238 1301 partus,-neque
1267 1223 1318 1277 in
1346 1231 1499 1292 partu
1528 1221 1700 1294 possit
1724 1235 1844 1277 esse

257 1330 565 1392 conceptus.
612 1320 893 1375 Peccatum
930 1333 1059 1374 vero
1097 1318 1149 1371 in
1182 1316 1454 1372 voluntate
1493 1323 1674 1386 potest
1698 1329 1839 1382 esse,

257 1413 395 1470 sicut
424 1411 522 1468 fuit
550 1410 706 1482 primi
737 1409 1003 1474 hominis;
1036 1415 1217 1480 potest
1237 1407 1399 1464 etiam
1430 1422 1535 1463 non
1577 1408 1629 1462 in
1652 1406 1845 1461 volun-

228 1512 402 1569 tate,
452 1503 593 1559 sicut
635 1501 895 1572 originale
947 1499 1331 1570 cujuscumque
1378 1498 1648 1555 nascentis
1700 1497 1842 1567 quod

256 1595 477 1650 omnino
500 1600 582 1649 est
605 1593 658 1648 in
689 1592 962 1648 voluntate
990 1590 1220 1655 nullius;
1249 1590 1342 1647 sed
1367 1606 1473 1645 non
1504 1590 1621 1645 sine
1650 1589 1843 1644 volun-

258 1697 366 1744 tate
390 1688 546 1758 primi
566 1686 728 1743 illius.
748 1686 841 1742 llle
856 1700 1067 1757 quoque
1087 1692 1304 1740 sanctus
1332 1684 1421 1755 qui
1446 1683 1580 1738 dixit
1608 1682 1738 1750 Deo,
1756 1680 1844 1737 Si-

256 1780 425 1851 gnasti
442 1787 646 1850 peccata
665 1795 775 1834 mea
798 1779 851 1832 in
866 1777 1092 1843 sacculo,
1111 1786 1156 1831 et
1180 1776 1435 1831 adnotasti
1454 1776 1498 1831 si
1521 1775 1649 1845 quid,
1662 1775 1845 1829 invitus
1868 1836 1874 1842 ,

259 1870 443 1926 admisi
461 1870 836 1941 (Job.x|v,i7);
852 1886 957 1925 non
980 1870 1157 1940 utique
1174 1868 1357 1923 habuit
1373 1869 1426 1923 in
1444 1869 1716 1923 voluntate
1731 1882 1846 1937 pec-

258 1972 458 2031 eatum,
475 1963 615 2034 quod
635 1963 903 2018 commisit
927 1962 1142 2017 invitus.
1160 1960 1296 2030 Quid
1326 1961 1414 2016 ille
1439 1961 1528 2032 qui
1548 1960 1696 2025 dicit,
1723 1958 1844 2014 Non

253 2055 391 2126 quod
406 2056 538 2120 uolo,
557 2054 690 2126 facio
706 2055 911 2115 bonum;
928 2068 1157 2124 moxque
1171 2051 1559 2123 subjungil,sed
1578 2051 1713 2121 quod
1727 2050 1845 2105 nolo

255 2147 466 2212 malum,
494 2146 589 2201 hoc
607 2163 703 2219 ago
733 2144 912 2217 (Rom.
940 2161 1035 2212 vn,
1066 2144 1194 2215 15)?
1229 2142 1556 2215 numquidin
1574 2143 1846 2198 voluntate

253 2240 514 2296 dicendus
526 2250 607 2295 est
623 2239 819 2296 habere
835 2246 1131 2310 peccatum,
1151 2235 1443 2292 secundum
1464 2250 1561 2291 vos
1574 2235 1737 2305 ipsos,
1755 2235 1845 2305 qui

254 2346 376 2387 eum
396 2331 558 2387 vultis
574 2332 793 2403 intelligi
808 2333 858 2387 vi
877 2330 1277 2388 consuetudinis
1289 2330 1404 2400 cogi
1424 2342 1645 2399 peccare
1656 2328 1845 2383 nolen-

256 2430 360 2477 tem
377 2422 403 2475 ?
432 2422 627 2478 Desine
653 2422 811 2494 igitur
842 2421 910 2478 de
934 2422 1205 2477 vicinitate
1224 2420 1535 2491 subrepere,
1563 2428 1617 2474 et
1644 2419 1845 2476 sensim

256 2512 481 2569 limitem
510 2513 825 2585 transgredi,
850 2522 910 2569 ut
931 2514 1182 2584 quoniam
1199 2513 1424 2568 dicimus
1442 2512 1558 2567 sine
1573 2512 1847 2568 voluntate

257 2606 455 2673 libera,
488 2615 545 2662 tu
578 2622 679 2663 nos
707 2607 889 2663 dicere
930 2606 1188 2674 afﬁrmes,
1236 2604 1340 2661 nisi
1382 2605 1434 2660 iu
1484 2605 1753 2660 voluntate
1782 2604 1847 2658 li-

256 2696 405 2763 bera,
440 2711 561 2753 esse
604 2713 709 2753 non
753 2711 914 2769 posse
939 2705 1213 2767 peccatum
1245 2712 1258 2748 :
1289 2702 1540 2767 tanquam
1566 2696 1610 2751 si
1640 2695 1848 2751 dicere-

168 2782 173 2787 ’
257 2804 399 2857 mus,
427 2789 547 2845 sine
578 2789 710 2861 'igne
742 2789 1002 2845 carbones
1040 2802 1161 2845 esse
1203 2803 1308 2844 non
1340 2803 1524 2858 posse;
1561 2797 1615 2843 et
1664 2796 1717 2842 tu
1746 2800 1846 2843 nos

257 2882 556 2939 afﬁrmares
604 2883 803 2951 dicere,
850 2883 952 2937 nisi
996 2883 1050 2938 in
1104 2882 1224 2953 igne
1269 2881 1529 2937 carbones
1570 2895 1693 2937 esse
1739 2895 1846 2936 non

251 2987 436 3051 posse.
466 2973 597 3030 limo
624 2975 668 3030 si
699 2973 1000 3041 nesciebas,
1028 2973 1288 3028 conﬁtere
1314 2982 1367 3028 te
1400 2987 1506 3028 non
1546 2971 1713 3027 fuisse
1759 2971 1845 3026 in-

262 3068 592 3139 telligentem
614 3067 997 3138 disputatorcm
1033 3067 1115 3121 :si
1141 3077 1318 3122 autem
1358 3065 1584 3131 sciebas,
1618 3079 1725 3120 non
1764 3064 1849 3120 in-

257 3162 586 3233 telligentem
615 3176 863 3232 sperasse
889 3160 1192 3215 habiturum
1220 3167 1272 3215 te
1293 3173 1414 3214 esse
1430 3158 1703 3214 lectorem.

329 3250 486 3325 XCII.
516 3253 637 3308 Jun.
658 3251 921 3324 Quidquid
938 3252 1079 3308 enim
1107 3250 1346 3305 naturale
1360 3258 1464 3311 est,
1488 3247 1843 3304 voluntarium

254 3360 366 3401 non
390 3357 519 3401 esse
541 3346 881 3401 manifestum
907 3353 1011 3399 est.

328 3437 465 3493 Anc.
507 3436 563 3493 Si
578 3435 831 3508 quidquid
847 3444 933 3492 est
953 3434 1209 3498 naturale,
1226 3432 1582 3488 voluntarium
1604 3446 1707 3487 non
1724 3446 1846 3488 esse

255 3528 597 3584 manifestum
625 3536 739 3594 est;
780 3544 885 3582 non
927 3536 1009 3583 est
1039 3541 1166 3597 ergo
1192 3525 1462 3590 naturale,
1491 3523 1632 3595 quod
1672 3524 1843 3591 salvi,

175 3676 181 3681 ,
256 3618 395 3689 quod
427 3619 569 3674 beati
607 3633 726 3674 esse
753 3619 1019 3691 volumus.
1059 3616 1210 3686 Quod
1256 3615 1434 3672 dicere
1460 3617 1580 3687 quis
1621 3615 1842 3684 audeat,

256 3712 356 3766 nisi
386 3720 444 3767 tu
469 3710 495 3765 ?
518 3720 609 3767 aut
636 3710 965 3777 admonitus,
992 3710 1218 3765 fortasse
1244 3724 1343 3765 nec
1365 3708 1438 3764 tu.

329 3802 514 3859 XCIII.
539 3802 661 3859 Jun.
688 3803 745 3858 Si
761 3817 889 3873 ergo
915 3811 998 3857 est
1022 3801 1261 3857 naturale
1290 3807 1565 3871 peccatum
1586 3841 1602 3867 ,
1631 3812 1735 3854 non
1762 3809 1846 3855 est

259 3898 616 3952 voluntarium
641 3913 655 3950 :
687 3897 733 3951 si
762 3905 845 3951 est
868 3894 1254 3961 voluntarium,
1287 3908 1392 3949 non
1423 3900 1505 3947 est
1527 3892 1841 3962 ingenitum.

257 3988 379 4046 Istat
406 3989 529 4045 dum
554 3988 891 4045 deﬁnitiones
916 3996 1021 4043 tam
1063 3986 1344 4041 contrarias
1377 3985 1476 4040 sibi
1503 3992 1656 4051 sunt,
1683 3999 1841 4054 quam

256 4088 585 4137 contrarium
614 4088 696 4135 est
723 4080 1013 4135 necessitas
1032 4088 1085 4132 et
1100 4077 1364 4144 voluntas,
1392 4091 1613 4146 quarum
1642 4075 1843 4131 conﬁr-

259 4177 422 4230 matio
447 4191 513 4230 ex
544 4182 727 4229 mutua
752 4172 1030 4244 negatione
1059 4179 1358 4240 generatur.
1389 4167 1521 4232 Nam
1549 4169 1687 4224 sicut
1711 4166 1843 4223 nihil

257 4268 498 4324 estaliud
525 4268 877 4321 voluntarium
897 4307 913 4331 ,
939 4280 1095 4336 quam
1120 4279 1227 4320 non
1277 4272 1551 4328 coactum;
1597 4262 1669 4317 ita
1713 4261 1844 4318 nihil

255 4368 338 4415 est
360 4359 507 4415 aliud
531 4368 770 4415 coactum
787 4399 802 4424 ,
820 4371 1104 4429 quamnon
1130 4355 1505 4410 voluntarium.
1528 4352 1693 4409 Simul
1717 4368 1845 4424 ergo

256 4462 473 4506 exstare
492 4493 509 4517 ,
537 4460 590 4508 et
612 4450 758 4506 velut
782 4450 983 4516 vivere,
1022 4447 1128 4503 duo
1156 4447 1257 4502 ista
1301 4461 1406 4501 non
1437 4453 1690 4515 possunt;
1720 4445 1844 4514 quia

254 4543 378 4599 talis
405 4558 591 4598 eorum
617 4550 804 4597 natura
830 4550 932 4608 est,
956 4550 1013 4595 ut
1040 4548 1164 4595 tunc
1188 4536 1333 4593 aliud
1363 4538 1527 4604 vivat,
1549 4553 1669 4592 cum
1695 4536 1843 4592 aliud

239 4635 627 4705 exstinguitur.

322 4726 460 4781 Anc.
504 4725 642 4781 Cur‘
673 4739 781 4780 non
809 4723 1038 4780 attendis
1086 4737 1205 4778 esse
1243 4729 1518 4793 peccatum
1544 4719 1705 4775 etiam
1735 4735 1843 4775 non

256 4816 651 4883 voluntarium,
678 4824 824 4872 certe
852 4815 902 4870 iu
934 4815 1026 4869 illo
1052 4814 1142 4885 qui
1168 4813 1311 4877 dicit,
1333 4826 1665 4882 quacumque
1683 4826 1842 4866 causa

254 4906 361 4961 hoc
387 4905 564 4974 dicat,
597 4905 659 4962 Si
685 4918 851 4961 autem
874 4905 1006 4976 quod
1033 4906 1150 4959 nolo
1171 4920 1282 4975 ego,
1309 4903 1404 4958 hoc
1431 4903 1598 4975 facio;
1610 4903 1726 4973 jam
1741 4919 1844 4956 non

254 5016 348 5071 ego
377 5017 561 5072 operor
584 4999 732 5065 illud,
748 4999 837 5054 sed
854 5000 988 5071 quod
1007 4998 1197 5053 habitat
1220 4999 1271 5051 in
1299 5014 1379 5053 me
1390 5007 1647 5067 peccatum
1664 4995 1841 5068 (Rom.

253 5107 346 5159 vn,
385 5090 476 5164 19)
510 5090 667 5146 ?Cur
693 5107 797 5147 non
826 5090 1056 5146 attendis
1095 5105 1213 5147 esse
1249 5090 1406 5145 etiam
1436 5089 1804 5146 necessitatem
1824 5130 1839 5155 ,

252 5199 359 5254 qua
376 5198 602 5239 necesse
622 5192 707 5239 est
727 5183 952 5239 velimus
978 5183 1131 5238 beate
1146 5183 1354 5247 vivere;
1386 5188 1441 5236 et
1458 5180 1652 5236 clausis
1675 5180 1844 5237 oculis
1864 5212 1875 5225 ε

253 5275 335 5330 sic
354 5275 511 5330 alteri
540 5274 759 5331 alteram
787 5275 1064 5344 Opponis’,
1091 5273 1240 5344 quasi
1273 5272 1517 5328 voluntas
1548 5271 1841 5329 necessita-

256 5365 326 5420 tis
344 5408 360 5431 ,
387 5374 480 5422 aut
509 5367 801 5422 necessitas
824 5366 1112 5421 voluntatis
1139 5380 1259 5422 esse
1289 5382 1393 5421 non
1422 5364 1631 5436 possit?

324 5453 514 5517 XCIV.
544 5459 664 5516 Jun.
701 5459 837 5541 _Cum
877 5474 1004 5530 ergo
1042 5460 1144 5516 hoc
1192 5460 1264 5515 ita
1316 5459 1690 5516 inconcussum
1737 5459 1840 5525 sit,

252 5560 313 5606 ut
360 5552 507 5607 nulla
544 5561 704 5622 queat
752 5552 1206 5623 argumentatione
1256 5551 1481 5606 convelli
1533 5569 1546 5606 :

253 5623 438 5699 utrum
469 5646 656 5711 mavis,
703 5653 759 5699 et
806 5644 891 5701 vel
922 5652 1155 5699 nostram
1177 5685 1192 5712 ,
1225 5643 1310 5700 vel
1341 5653 1481 5698 tuam
1531 5651 1840 5699 constanter

252 5734 465 5790 affirma
493 5737 845 5803 sententiam;
874 5743 933 5791 ut
976 5746 1063 5792 aut
1090 5735 1394 5793 necessitati
1420 5777 1434 5804 ,
1469 5744 1560 5790 aut
1587 5734 1845 5793 voluntati

323 5850 349 5913 ξ
377 5850 670 5913 vignierius,
704 5863 815 5913 cum
839 5859 964 5912 Mss.,
988 5865 1094 5902 cur.

327 5909 671 5985 f‘v‘tgnierius,
703 5910 774 5963 sic
804 5909 1012 5985 alterum
1045 5914 1277 5979 opponis;
1314 5914 1504 5973 omisso,
1531 5909 1689 5973 alteri,
1716 5909 1847 5975 quod

256 5973 489 6024 exstabat
509 5975 560 6023 in
580 5975 928 6040 manuscriptis.

1604 465 1815 522 LIBER
1852 459 2197 535 QUARTUS.

1608 5560 1663 5606 tu
1709 5551 1845 5623 elige
1893 5564 1909 5585 ι

1952 566 2183 637 imputes
2209 562 2441 637 culpam.
2469 562 2605 619 Cum
2630 571 2809 620 autem
2830 563 2971 635 dico,
2995 572 3175 623 utrum
3196 566 3366 623 mavis
3386 609 3403 637 ,
3427 584 3538 627 non

1952 658 2030 714 sic
2055 656 2340 723 admoneo,
2368 657 2518 727 quasi
2549 662 2636 710 tua
2662 655 2837 712 adhuc
2874 656 3034 713 lateat
3057 658 3238 729 opinio
3257 698 3275 727 ,
3304 660 3396 733 qui
3424 660 3538 717 cri-

1951 751 2095 806 mina
2122 757 2327 805 naturae
2346 763 2443 820 per
2469 747 2818 804 Manichaeum
2842 742 3130 819 importare
3156 750 3386 807 didicisti
3406 770 3419 808 :
3438 749 3536 809 sed

1954 841 2077 898 ideo
2105 841 2207 898 hoc
2219 854 2556 912 commoneo,
2584 849 2645 897 ut
2667 840 3041 913 disputationis
3079 851 3185 899 tum
3214 846 3413 905 veritas
3437 846 3538 904 de-

1957 943 2189 992 notetur.
3148 938 3149 941 “

2024 1028 2160 1082 Anc.
2179 1025 2326 1083 Velis
2339 1026 2498 1093 nolis,
2517 1027 2768 1098 quoniam
2784 1042 2927 1100 saepe
2937 1026 3042 1105 hoc
3056 1029 3211 1095 dicis,
3229 1040 3372 1103 saepe
3380 1046 3538 1105 opor-

1951 1127 2029 1174 tet
2042 1127 2098 1174 ut
2115 1117 2319 1185 audias,
2337 1134 2444 1175 non
2462 1102 2983 1177 fuisseManiehazum
3013 1122 3104 1193 qui
3137 1121 3274 1178 dixit
3290 1102 3504 1190 ,dissen
3527 1154 3541 1167 η

1952 1211 2155 1266 sionem
2174 1211 2350 1266 carnis
2359 1219 2415 1267 et
2426 1212 2641 1282 spiritus
2659 1228 2754 1282 per
2768 1214 3255 1284 praevaricationem
3273 1216 3427 1286 primi
3443 1215 3540 1272 he-

1952 1302 2111 1357 minis
2133 1302 2184 1357 in
2200 1312 2445 1358 naturam
2459 1303 2685 1360 vertisse
2703 1303 3038 1377 (Ambrosius,
3057 1307 3146 1363 lib.
3164 1307 3196 1362 7
3209 1307 3261 1362 in
3276 1306 3537 1376 Lutum).

1952 1394 2119 1463 Quam
2138 1404 2191 1450 tu
2206 1410 2420 1451 causam
2435 1397 2561 1453 mali
2574 1396 2732 1468 hujus
2751 1414 2972 1470 negans,
2991 1414 3111 1457 cum
3127 1417 3233 1473 quo
3249 1403 3389 1459 malo
3409 1405 3424 1436 ³
3446 1418 3540 1458 na-

1952 1488 2251 1544 sciomnem
2268 1487 2539 1547 hominem
2556 1505 2750 1563 negare
2766 1506 2872 1549 non
2884 1494 3075 1558 sineris
3088 1535 3105 1563 ,
3129 1494 3261 1551 facis
3290 1505 3348 1553 ut
3376 1496 3515 1552 Mani
3532 1526 3544 1538 -

1952 1580 2133 1637 chteus
2158 1583 2279 1637 alite
2298 1591 2501 1639 natura:
2519 1587 2950 1643 commixtionem
2974 1589 3127 1646 nobis
3160 1588 3337 1646 inesse
3372 1589 3539 1659 dicat,

1952 1682 2008 1731 et
2027 1675 2201 1731 vincat
2229 1675 2330 1733 nisi
2359 1686 2534 1733 tecum
2560 1678 2732 1735 victus
2759 1680 3002 1738 intereat.

2023 1789 2183 1847 XCV.
2211 1790 2331 1847 Jun.
2361 1791 2499 1858 Quid
2529 1793 2688 1864 igitur
2712 1793 2844 1849 mihi
2870 1796 3210 1867 responderis
3232 1797 3467 1869 prudens
3485 1808 3542 1856 et

1951 1882 2211 1940 sollicitus
2247 1883 2458 1940 auditor
2483 1886 2769 1955 expendat.
2823 1888 2899 1944 De
2952 1890 3186 1960 parvulis
3225 1902 3372 1949 certe
3423 1894 3542 1965 agi-

1951 1990 2092 2044 mus,
2118 1975 2311 2053 quibus
2335 1977 2476 2032 nulla
2504 1979 2732 2049 propriae
2761 1980 2956 2037 mentis
2982 1981 3137 2038 adest
3162 1984 3438 2051 voluntas,
3467 1985 3539 2043 de

1951 2068 2143 2139 quibus
2163 2071 2419 2140 qumritur
2430 2086 2527 2142 per
2555 2072 2683 2144 quid
2709 2073 2818 2129 sint
2845 2075 2944 2130 sub
2967 2075 3201 2142 diabolo,
3230 2094 3365 2148 quos
3394 2079 3538 2136 Deus

1952 2158 2077 2215 fecit
2098 2200 2111 2225 ,
2134 2176 2257 2217 cum
2278 2161 2411 2217 nihil
2436 2164 2561 2218 mali
2592 2165 2739 2235 ipsos
2764 2166 2938 2237 egisse
2962 2168 3286 2225 consentias.
3317 2170 3398 2226 Tu
3443 2186 3540 2228 eos

1951 2253 2298 2309 concionatus
2338 2269 2398 2310 es
2420 2296 2436 2323 ,
2476 2256 2542 2311 ad
2566 2256 2654 2327 jus
2678 2257 2937 2315 daemonis
2977 2269 3196 2332 propter
3223 2270 3498 2333 peccatum
3520 2302 3537 2329 ,

1953 2358 2059 2399 non
2106 2352 2323 2416 propter
2364 2355 2607 2401 naturam
2653 2349 2935 2418 pertinere.
2976 2351 3057 2406 Ad
3100 2350 3203 2408 hoc
3253 2352 3538 2413 insurrexit

1952 2446 2138 2491 nostra
2166 2435 2444 2507 responsio
2470 2453 2485 2490 :
2515 2436 2652 2494 «Sed
2678 2448 2738 2495 ut
2760 2455 2867 2495 non
2893 2449 3070 2511 potest
3097 2457 3217 2498 esse
3244 2444 3360 2499 sine
3388 2444 3538 2500 sexi—

1951 2525 2054 2581 bus
2082 2527 2248 2593 fetus,
2278 2527 2349 2582 ita
2372 2543 2473 2611 nec
2502 2529 2619 2585 sine
2646 2530 2917 2588 voluntate
2942 2531 3250 2588 delictum.»
3280 2534 3362 2590 Ad
3392 2537 3534 2605 quod

1953 2624 2008 2673 tu
2048 2619 2276 2675 retulisti
2297 2637 2309 2674 :
2334 2638 2354 2673 ι
2384 2620 2458 2675 lta
2484 2636 2632 2689 vero,
2676 2622 2750 2678 ita
2776 2631 2861 2678 est
2892 2641 2906 2677 :
2941 2642 2962 2676 ι
2987 2624 3042 2679 id
3066 2633 3180 2691 est,
3208 2642 3314 2681 non
3363 2635 3541 2697 potest
3602 2668 3609 2677 .

1900 2764 1904 2769 .
1952 2725 2073 2767 esse
2112 2710 2229 2767 sine
2254 2712 2526 2769 voluntate
2566 2713 2839 2770 delictum.
2871 2713 3069 2771 Verum
3094 2715 3189 2787 qui
3214 2720 3316 2774 hoc
3338 2718 3540 2774 conﬁr-

1951 2816 2216 2867 maveras,
2244 2818 2349 2875 qua
2378 2804 2702 2877 impudentia
2722 2805 3001 2863 subdidisti
3020 2810 3063 2874 ⁸,
3087 2828 3107 2861 ‹
3126 2808 3232 2865 Sed
3261 2825 3356 2881 per
3375 2827 3539 2866 unum

1953 2891 2223 2949 hominem
2247 2904 2521 2965 peccatum
2560 2897 2778 2954 intravit
2824 2898 2878 2954 in
2919 2899 3214 2969 mundum,
3265 2918 3359 2972 per
3385 2904 3541 2960 unius

1952 2983 2098 3041 illius
2120 2985 2486 3043 voluntatem?
2519 3006 2540 3040 ι
2881 3009 2885 3013 ν

2023 3080 2162 3136 Anc.
2191 3079 2474 3152 Numquid,
2493 3080 2741 3153 quoniam
2766 3082 2835 3140 de
2861 3084 3096 3154 parvulis
3113 3086 3387 3155 agebatur,
3418 3087 3540 3143 ideo

1951 3171 2094 3241 quod
2117 3188 2302 3229 verum
2329 3174 2534 3240 dixisti,
2556 3190 2662 3230 non
2690 3174 2848 3231 debui
2876 3177 3161 3233 ostendere
3179 3179 3339 3234 etiam
3360 3195 3538 3235 meam

1951 3278 2059 3319 non
2092 3264 2353 3336 impedire
2377 3268 2696 3323 sententiam
2716 3308 2731 3333 ,
2760 3268 2812 3323 id
2837 3280 2939 3338 est,
2968 3285 3073 3325 non
3097 3286 3218 3327 esse
3242 3287 3401 3342 posse
3420 3271 3538 3329 sine

1952 3358 2221 3414 voluntate
2240 3358 2487 3414 delictum
2506 3376 2522 3426 ;
2545 3361 2971 3433 quandoquidem
2989 3363 3148 3419 etiam
3163 3364 3423 3435 originale
3439 3365 3538 3422 de-

1952 3447 2132 3504 lictum
2161 3465 2266 3505 non
2294 3450 2454 3505 habet
2481 3466 2693 3506 causam
2715 3494 2728 3515 ,
2763 3453 2862 3508 nisi
2909 3468 2972 3508 ex
3005 3454 3146 3509 illius
3172 3455 3473 3524 voluntate,
3505 3473 3537 3511 ιι

1950 3542 2184 3612 quoipsa
2212 3542 2361 3613 origo
2389 3542 2708 3599 deducitur?
2737 3544 2870 3600 lllud
2899 3559 3028 3617 ergo
3057 3560 3176 3602 cum
3203 3546 3425 3603 adversa
3453 3548 3537 3604 in-

1951 3632 2185 3688 tentione
2203 3633 2451 3700 dixisses,
2480 3649 2591 3689 non
2619 3635 2748 3690 mihi
2777 3644 2954 3692 tamen
2988 3637 3271 3694 adversum
3301 3654 3423 3697 esse
3444 3655 3535 3697 re-

1950 3724 2178 3794 spondi,
2201 3733 2256 3780 et
2278 3741 2461 3781 verum
2488 3741 2608 3782 esse
2628 3729 2897 3794 concessi;
2921 3737 2975 3784 et
2992 3730 3132 3800 quod
3165 3740 3221 3786 tu
3251 3747 3358 3786 non
3388 3730 3538 3787 vide-

1949 3830 2058 3883 ras,
2078 3816 2347 3887 quomodo
2369 3816 2498 3872 mihi
2519 3833 2624 3873 non
2641 3819 3031 3887 adversaretur,
3053 3822 3279 3877 ostendi.
3308 3822 3535 3881 Potuisti

1908 3944 1925 3955 η.
1948 3906 2091 3961 enim
2138 3907 2315 3963 dicere
2357 3909 2647 3964 secundum
2688 3910 3035 3967 intentiOuem
3058 3923 3244 3983 tuam,
3270 3929 3379 3970 non
3414 3930 3537 3973 esse

1951 4012 2109 4068 posse
2128 3998 2377 4054 delictum
2392 4000 2520 4055 sine
2542 4000 2683 4056 illius
2701 4043 2716 4070 ,
2739 4002 2890 4073 cujus
2918 4002 3171 4060 delictum
3188 4015 3299 4074 est,
3320 4007 3537 4078 propria

1950 4092 2253 4149 voluntate:
2277 4093 2418 4164 quod
2442 4095 2487 4149 si
2517 4094 2762 4160 dixisses,
2790 4112 3122 4169 nequaquam
3146 4099 3535 4169 concederem;

1949 4184 2067 4239 sine
2082 4186 2295 4255 propria
2315 4186 2481 4241 enim8
2499 4189 2766 4244 nascentis
2780 4189 3052 4246 voluntate
3065 4190 3290 4247 trahitur
3304 4192 3539 4264 origina-

1904 4336 1905 4339 η
1950 4279 2001 4334 le
2027 4289 2322 4351 peccatum.
2343 4281 2446 4338 Sed
2478 4292 2653 4339 tamen
2674 4298 2857 4340 verum
2886 4284 3088 4353 dixisti,
3108 4300 3215 4341 non
3237 4301 3396 4356 posse
3414 4301 3537 4345 esse

1951 4372 2067 4427 sine
2094 4373 2365 4427 voluntate
2404 4384 2676 4442 peccatum
2704 4392 2718 4430 :
2741 4375 2863 4444 quia
2882 4386 2935 4431 et
2962 4377 3130 4448 ipsum
3160 4377 3418 4447 originale
3440 4392 3539 4432 vo-

1951 4462 2127 4518 luntas
2147 4463 2265 4534 ejus
2292 4463 2485 4531 eﬁ'ccit,
2507 4467 2596 4532 qui
2627 4466 2827 4535 primus
2852 4481 2935 4533 ca,
2953 4482 3055 4536 qua
3080 4477 3266 4522 natura
3294 4467 3530 4523 humana

1949 4558 2129 4613 vitiata
2155 4567 2256 4635 est,
2285 4560 2556 4615 voluntate
2586 4560 2856 4630 peccavit;
2884 4560 2954 4613 ita
2984 4568 3042 4615 ut
3065 4559 3321 4631 quidquid
3354 4559 3534 4617 homi-

1950 4665 2076 4705 num
2101 4659 2407 4706 nasceretur
2427 4665 2522 4720 per
2538 4650 2713 4705 carnis
2737 4650 3242 4722 concupiscentiam,
3266 4666 3384 4723 quas
3409 4668 3535 4711 reo-

1950 4757 2065 4796 rum
2087 4739 2399 4796 confusione
2428 4742 2599 4796 velata
2628 4751 2730 4811 est,
2760 4742 2986 4817 liberum
3013 4758 3119 4799 non
3136 4742 3290 4802 ﬁeret
3306 4759 3340 4800 a
3357 4755 3530 4817 reatu,

1950 4834 2050 4889 nisi
2081 4844 2450 4889 renasceretur
2476 4850 2575 4904 per
2593 4834 2810 4907 spiritus
2829 4837 3073 4907 gratiam.

2019 4924 2202 4981 XCVI.
2229 4924 2347 4982 JUL.
2377 4926 2640 4996 Numquid
2661 4927 2729 4983 de
2753 4927 3201 5000 Adamroperibus
3234 4931 3538 5002 interroga-
3636 4932 3643 4935 ’

1952 5028 2033 5074 tus
2059 5016 2200 5085 eius,
2225 5027 2315 5073 aut
2332 5020 2612 5088 quaesitum
2659 5018 2863 5088 fuerat,
2904 5028 3081 5076 utrum
3126 5021 3217 5076 ille
3260 5022 3535 5080 voluntate

1950 5119 2225 5182 peccasset
2261 5111 2285 5165 ?
2327 5110 2469 5181 quod
2508 5111 2720 5181 quidem
2751 5120 2935 5168 contra
2987 5121 3039 5168 te
3091 5129 3212 5169 mox
3243 5122 3531 5184 quaeretur.

1948 5203 2097 5269 Esto,
2124 5203 2241 5258 aliis
2269 5210 2321 5260 te
2348 5202 2823 5263 delectetilludere
2847 5223 2862 5260 :
2889 5205 3039 5277 cujus
3059 5204 3413 5275 deformitatis
3426 5215 3531 5274 est,

1947 5304 2007 5351 ut
2033 5306 2088 5350 tu
2112 5293 2319 5350 tibimet
2342 5294 2626 5365 imponas?
2647 5296 2843 5368 quippe
2872 5295 3013 5351 haud
3047 5296 3178 5351 mihi
3222 5295 3374 5352 valeo
3403 5311 3534 5366 per--

1949 5388 2177 5444 suadere
2197 5429 2212 5454 ,
2238 5387 2380 5457 quod
2410 5398 2605 5444 tantam
2635 5389 3026 5446 deformitatem
3053 5388 3403 5456 non‘fraude,
3435 5390 3532 5447 sed

1949 5480 2197 5551 opinione
2224 5480 2460 5551 patiaris.
2484 5481 2542 5535 In
2566 5498 2670 5537 uno
2711 5481 3004 5552 eodemque
3029 5497 3184 5537 versu
3214 5481 3492 5557 assentiris
3513 5523 3530 5550 ,

1949 5590 2053 5630 non
2081 5590 2237 5645 posse
2269 5590 2389 5631 esse
2414 5575 2529 5657 sine
2549 5575 2819 5631 voluntate
2842 5575 3111 5641 deiictum,
3127 5586 3180 5630 et
3199 5574 3386 5649 subdis
3411 5591 3538 5646 pro-

1951 5668 2112 5729 tinus,
2145 5676 2419 5737 peccatum
2447 5667 2587 5739 quod
2616 5668 2731 5723 sine
2756 5675 2901 5721 motu
2931 5665 3092 5721 animi
3116 5665 3285 5722 libero
3313 5680 3535 5725 manere

2014 5787 2031 5852 ξ
2065 5784 2201 5845 Editi,
2232 5782 2429 5852 malum.
2453 5786 2738 5835 Coucinnius
2756 5789 2882 5843 Mss,

2013 5850 2034 5879 ²
2070 5853 2217 5898 Vetus
2236 5848 2395 5897 codex
2418 5854 2677 5910 Portarum,
2697 5859 2794 5910 qua
2823 5845 3068 5910 patientia.

2014 5910 2035 5971 ἒ
2066 5910 2139 5959 sic
2158 5916 2241 5958 Ms.
2277 5914 2401 5957 Port.
2436 5907 2527 5971 AAlii
2566 5902 2682 5959 vero
2711 5902 3026 5971 'man'uscripti
3067 5919 3178 5958 cum
3224 5905 3367 5958 editis
3408 5902 3535 5969 loco,

1955 5970 2097 6034 enim,
2123 5971 2321 6033 habent,
2352 5969 2537 6020 eadem
2866 6010 2867 6013 η
