3990 6476
469 583 580 631 rion
601 573 846 640 dixeras,
898 570 1231 630 nimum
1269 567 1578 628 hominibus
1621 568 1739 626 sine
1783 567 2060 625 voiuntate

472 673 716 740 regnare.

553 762 688 820 Anc.
713 759 854 832 Quid
882 759 1140 832 supponis
1166 758 1390 815 verbum
1415 766 1562 814 tuum
1586 757 1740 830 quasi
1767 769 1946 811 meum
1965 797 1981 824 ,
2006 763 2065 810 ut

467 863 581 910 non
599 854 864 930 sentiente
893 853 983 925 qui
1001 851 1110 908 ‘boc
1137 850 1286 908 audit
1308 853 1400 906 aut
1425 849 1585 922 legit,
1612 847 1895 906 subtrahas
1939 863 2062 904 sen-

471 963 591 1003 sum
617 962 796 1003 menm
822 946 980 1019 ‘iEgo
1007 961 1111 1001 non
1130 945 1261 1012 dixi,
1290 944 1406 1000 sine
1426 943 1698 998 voluntate
1719 956 1937 997 manere
1949 956 2062 996 non

467 1049 640 1112 posse
667 1049 981 1112 peceatum,
1021 1037 1115 1094 sed
1146 1053 1265 1095 esse
1317 1049 1422 1093 non
1453 1050 1612 1110 posse
1640 1055 1652 1091 :
1679 1046 1934 1109 quantum
1964 1051 2061 1090 au-

473 1141 582 1188 tem
611 1133 850 1202 intersit,
879 1145 944 1188 ex
990 1131 1093 1188 ruis
1131 1130 1311 1186 verbis
1336 1130 1593 1202 aperiam.
1626 1128 1728 1185 Ubi
1755 1129 1897 1183 enim
1927 1127 2062 1182 dixi-

473 1226 562 1290 sti,
598 1243 617 1277 t
640 1225 754 1280 Non
783 1227 959 1296 potest
991 1229 1121 1279 ‘csse
1173 1222 1290 1278 sine
1318 1221 1533 1277 sexibus
1561 1219 1731 1287 fetus;
1763 1237 1782 1273 ι
1809 1223 1927 1289 quis
1952 1234 2060 1275 non

469 1323 526 1374 te
553 1331 737 1373 verum
765 1315 965 1372 dixisse
987 1312 1333 1370 consentiat?
1360 1312 1530 1369 Aliter
1560 1313 1702 1368 enim
1734 1327 1844 1366 non
1871 1311 2064 1367 existit

470 1410 629 1474 fetus,
677 1408 782 1464 nisi
834 1410 900 1464 ex
947 1407 1108 1462 maris
1151 1414 1206 1462 et
1245 1403 1458 1462 femina
1499 1404 1736 1460 scribus.
1787 1399 1847 1459 Si
1881 1412 2060 1459 autem

464 1503 698 1559 dixisses
720 1544 735 1569 ,
763 1498 880 1557 Non
909 1508 1086 1572 potest
1111 1509 1328 1555 manere
1348 1498 1465 1554 sine
1492 1495 1710 1553 sexibus
1737 1496 1908 1562 ictus;
1941 1496 2062 1567 quis

464 1596 566 1652 tibi
588 1595 693 1652 hoc
717 1609 903 1651 verum
928 1601 1055 1651 ‘esse
1079 1592 1440 1651 concederet?
1457 1591 1638 1648 Manet
1660 1591 1803 1647 enim
1827 1591 1943 1646 sine
1969 1604 2063 1660 pa-

466 1698 681 1746 rentum
712 1688 929 1744 sexibus
972 1687 1132 1754 ictus,
1162 1687 1279 1742 sine
1326 1685 1521 1756 quibus
1565 1691 1747 1740 tamen
1793 1697 1912 1738 esse
1952 1695 2060 1738 non

467 1792 684 1854 posset;
707 1797 808 1838 nec
835 1783 1056 1837 omnino
1079 1781 1179 1851 ipsi
1209 1780 1411 1837 iaciunt
1437 1787 1496 1835 ut
1521 1787 1755 1845 manest,
1786 1777 1877 1849 qui
1922 1775 2064 1834 fece-

463 1885 593 1932 runt
621 1886 677 1930 ut
699 1883 868 1932 esset.
891 1875 983 1932 Sic
1007 1889 1133 1946 ergo
1155 1883 1433 1945 peceatum
1455 1911 1473 1942 ,
1504 1872 1647 1945 quod
1676 1886 1798 1929 esse
1821 1872 1944 1928 sine
1964 1884 2062 1926 vo-

469 1970 674 2025 luntate
699 1987 807 2025 non
828 1977 1048 2040 potest,
1104 1983 1324 2024 manere
1365 1969 1482 2024 sine
1535 1967 1810 2042 voluntate
1860 1973 2056 2036 potest.

467 2061 652 2133 itaque
673 2061 834 2117 etiam
854 2069 1132 2134 peccatum
1160 2064 1193 2114 ,⁵.
1204 2059 1308 2128 dae,
1339 2059 1592 2132 quoniam
1615 2058 1790 2129 ipsum
1813 2065 1898 2115 est
1917 2057 2060 2128 quod

463 2153 800 2224 originaiiter
845 2160 1027 2208 manet
1077 2153 1129 2208 in
1176 2152 1408 2223 posteris
1434 2151 1583 2222 ejus,
1615 2150 1718 2206 nisi
1757 2149 1954 2221 quibus
2006 2150 2058 2204 in

463 2245 687 2302 Christo
701 2245 1008 2314 remittitur,
1026 2244 1268 2318 proiecto
1292 2260 1414 2300 eum
1439 2243 1635 2299 dicitur
1653 2251 1708 2299 et
1726 2242 1779 2298 in
1795 2243 1924 2313 ipsis
1943 2242 2061 2298 sine

465 2338 737 2394 voluntate
757 2349 867 2394 non
893 2352 1014 2394 esse
1031 2378 1048 2403 ,
1071 2337 1141 2392 ad
1166 2337 1308 2393 illius
1332 2335 1658 2391 voluntatem
1685 2334 1936 2401 refertur,
1955 2349 2062 2406 qua

467 2431 668 2487 factum
687 2439 772 2487 est
798 2439 856 2485 ut
882 2429 1188 2501 essetquod
1218 2428 1486 2484 manendo
1506 2436 1562 2483 et
1581 2428 1636 2483 in
1652 2427 1880 2498 posteris
1895 2434 2058 2493 esset,

475 2539 584 2578 non
612 2538 717 2594 qua
749 2522 945 2578 factum
973 2529 1058 2578 est
1085 2527 1148 2576 ut
1175 2528 1423 2576 maneret
1467 2519 1610 2592 quod
1658 2531 1713 2575 et
1736 2519 1850 2574 sine
1874 2519 2063 2574 volun-

465 2623 577 2670 tete
597 2613 706 2684 iam
736 2621 940 2684 posset.
963 2612 1024 2670 Si
1050 2619 1227 2669 autem
1243 2613 1348 2669 hoc
1365 2611 1502 2669 dicis
1519 2625 1658 2678 esse,
1681 2611 1826 2684 quod
1843 2621 1922 2667 est
1947 2625 2060 2666 ma-

467 2721 637 2772 nere;
665 2721 774 2764 non
795 2695 1065 2763 contendo
1087 2704 1288 2772 verbis,
1319 2706 1415 2763 sed
1445 2707 1604 2778 plane
1621 2705 1746 2762 dico
1762 2746 1778 2773 ,
1801 2714 2057 2776 quantum

467 2800 661 2855 attinet
674 2797 742 2854 ad
773 2798 1142 2869 manendum‘,
1161 2799 1278 2855 sine
1290 2798 1563 2854 voluntate
1586 2811 1708 2854 esse
1728 2810 1886 2868 posse
1901 2810 2060 2852 omne

467 2899 772 2960 peccatum.
792 2890 922 2960 Quis
947 2899 1037 2948 est
1060 2889 1204 2948 enim
1229 2891 1320 2962 qui
1345 2899 1625 2962 peceatum
1645 2890 1789 2961 quod
1816 2891 1932 2945 sine
1958 2903 2057 2945 vo-

470 2981 674 3038 luntate
703 2997 810 3038 non
837 2981 995 3051 fecit,
1017 2998 1234 3039 manere
1263 2982 1422 3038 etiam
1451 2981 1626 3038 velit?
1651 2982 1716 3037 Et
1734 2989 1912 3038 tamen
1941 2995 2058 3038 ma-

469 3082 564 3130 net
592 3073 808 3131 nolente
835 3085 1116 3146 peccatore
1157 3082 1466 3146 peccatum,
1516 3073 1660 3145 quod
1706 3088 1736 3128 a
1787 3075 2060 3132 voluntate

462 3167 818 3224 commissum
889 3176 993 3224 est.
1059 3168 1237 3224 Manet
1285 3181 1414 3240 ergo
1461 3166 1633 3224 donec
1686 3168 1990 3223 remittatur
2041 3185 2055 3223 :

467 3269 522 3315 et
547 3260 590 3315 si
613 3276 882 3332 nunquam
905 3260 1228 3326 remittatur,
1246 3259 1481 3316 "tenebit
1503 3259 1560 3315 in
1577 3267 1868 3326 retentum;
1888 3273 2060 3331 neque

469 3352 614 3406 enim
663 3350 995 3408 mendaciter
1023 3351 1082 3406 in
1109 3350 1396 3422 Evangelio
1423 3349 1622 3406 dictum
1653 3358 1736 3406 est
1759 3393 1774 3418 ,
1808 3348 1944 3405 Reus
1966 3350 2061 3405 erit

470 3446 646 3499 τρεΜὶ
684 3444 876 3515 peccati
909 3443 1121 3514 (Marc.
1153 3460 1230 3513 ut,
1260 3442 1378 3514 29).

546 3535 751 3592 XCVII.
779 3535 899 3592 Jun.
933 3535 1131 3592 Deinde
1155 3537 1278 3606 quia
1326 3535 1493 3590 multa
1520 3534 1576 3590 in
1609 3534 2060 3605 propositionibus

471 3627 742 3683 invenitur
763 3627 1049 3683 diversitas
1076 3629 1118 3691 ',
1149 3626 1366 3682 dixeras
1399 3643 1418 3677 ‹
1447 3641 1554 3681 non
1577 3639 1702 3680 esse
1725 3627 1844 3680 sine
1869 3626 2057 3679 volun-

473 3727 581 3777 tate
599 3720 890 3788 delictum;
920 3737 941 3773 ι
961 3727 1017 3775 et
1035 3718 1378 3792 respondisti,
1403 3736 1424 3772 α
1441 3718 1536 3772 sed
1555 3730 1653 3787 per
1679 3717 1833 3771 unius
1866 3717 2059 3771 volun-

468 3821 637 3869 tatem
663 3827 787 3871 esse
811 3813 1088 3869 delictum.
1104 3829 1124 3866 ι
1146 3811 1411 3883 Numquid
1435 3811 1674 3868 concinit
1693 3811 1954 3881 superiori
1974 3810 2061 3866 de-

471 3907 723 3970 ﬁnitioni,
758 3921 879 3979 qua:
905 3907 1120 3962 ablativi
1170 3919 1329 3962 casus
1385 3904 1760 3976 praepositione
1803 3904 2057 3970 munitur,

489 4009 657 4055 .ccuta
701 4001 982 4071 responsio
1007 4016 1103 4071 per
1129 3999 1562 4070 praepositionem
1588 3997 1875 4054 accusativi
1904 4011 2062 4054 casus

481 4089 621 4148 iiiuta
650 4093 675 4144 ‘t
709 4093 1008 4159 Quasnam
1046 4101 1164 4147 erat
1190 4101 1367 4146 utrum
1415 4098 1560 4145 esset
1585 4089 1791 4144 crimen
1822 4089 1939 4145 sine
1962 4101 2059 4143 vo-

477 4186 702 4250 luntate,
731 4183 873 4255 quod
899 4197 1006 4240 non
1027 4198 1185 4254 posse
1210 4185 1560 4240 constiterat:
1591 4191 1646 4237 tu
1663 4182 1945 4238 subdidisti
1970 4195 2080 4253 per"

467 4292 638 4332 unum
657 4275 935 4334 hominem
965 4275 1192 4331 intrasse
1219 4285 1492 4346 peccatum
1517 4316 1533 4342 ,
1554 4289 1676 4330 cum
1705 4289 1812 4330 non
1839 4274 2064 4330 referret

473 4385 574 4441 per
597 4361 1025 4440 qui‘cuepisset,
1053 4367 1149 4425 sed
1171 4368 1290 4424 sine
1317 4380 1426 4438 quo
1439 4380 1560 4422 esse
1581 4379 1687 4421 non
1715 4375 1936 4441 posset.

547 4465 686 4522 Ave.
708 4462 823 4534 Ego
847 4461 929 4519 sic
953 4461 1069 4518 dixi
1092 4469 1368 4533 peccatum
1387 4459 1505 4515 sine
1522 4458 1793 4515 voluntate
1817 4469 1936 4515 esse
1955 4473 2063 4515 non

477 4569 634 4626 posse
653 4596 667 4621 ,
697 4553 967 4626 quomodo
991 4553 1220 4609 dicimus
1245 4566 1403 4624 poma
1423 4551 1508 4607 vel
1537 4550 1804 4606 frumenta
1830 4552 1946 4607 sine
1973 4567 2030 4607 ra
2046 4583 2061 4593 -

474 4647 682 4704 uicibus
718 4659 840 4704 esse
888 4661 999 4702 non
1035 4658 1198 4717 posse
1224 4664 1240 4702 :
1265 4645 1354 4701 ubi
1381 4645 1547 4702 etiam
1595 4643 1712 4701 sine
1767 4644 2063 4701 oli‘cnsioue

458 4739 941 4810 grammaticorum
966 4748 1255 4811 possumus
1280 4737 1458 4794 dicere
1476 4779 1492 4805 ,
1518 4751 1676 4808 poma
1693 4737 1777 4793 vel
1801 4737 2063 4793 frumenta

477 4832 577 4885 nisi
630 4845 727 4901 per
772 4830 1006 4887 radicem
1053 4844 1175 4887 esse
1229 4845 1335 4885 non
1389 4843 1567 4901 posse.
1598 4830 1733 4886 Cum
1759 4844 1889 4901 ergo
1918 4839 2063 4886 recte

481 4931 769 4994 utrumque
793 4921 1022 4989 dicatur,
1049 4923 1295 4994 quamvis
1320 4922 1450 4978 illud
1482 4937 1578 4993 per
1597 4922 1833 4990 ablativi,
1854 4922 1952 4977 hoc
1967 4938 2065 4993 per

475 5015 766 5072 accusativi
791 5029 950 5071 casus
982 5014 1418 5086 prmpositionem
1444 5014 1780 5080 enuntietur;
1812 5013 1939 5084 quid
1981 5023 2066 5068 est

474 5114 618 5186 quod
646 5114 800 5170 nobis
820 5114 1033 5170 casibus
1071 5112 1367 5179 nominum,
1391 5111 1536 5167 velut
1564 5111 1805 5167 cassibus
1843 5121 2066 5164 aranea-

471 5221 624 5275 rum,
671 5216 872 5278 quanto
921 5205 1204 5270 subtilius,
1233 5211 1377 5260 tanto
1417 5202 1676 5258 lnilrmius
1717 5201 1889 5257 tendis
1933 5201 2065 5255 iusi-

471 5298 595 5354 dias
625 5295 874 5366 YQuaare
917 5311 1130 5353 muscas
1178 5295 1483 5363 morituras,
1519 5309 1652 5365 quas
1678 5293 1793 5348 istis
1831 5293 2066 5348 reticulis

477 5391 678 5463 capias.
735 5389 851 5447 Non
903 5389 1004 5446 hoc
1043 5399 1198 5445 erant
1239 5388 1352 5453 illi,
1396 5399 1532 5457 quos
1585 5386 1709 5441 ideo
1755 5385 2062 5455 sequimur,

472 5490 540 5538 "ut
593 5489 715 5540 tuas
763 5482 1059 5539 tendieuias
1103 5480 1440 5550 dissipemus.
1481 5476 1599 5532 Non
1639 5478 1739 5532 hoc
1779 5485 1894 5532 erat
1926 5476 2067 5546 Apo-

481 5574 680 5647 stolas,
731 5575 824 5648 qui
865 5575 1004 5631 dixit
1032 5571 1266 5638 :Corptts
1302 5570 1503 5641 quidem
1550 5580 1800 5625 mortuum
1833 5579 1906 5625 est
1949 5555 2067 5641 pro-

545 5789 567 5824 ¹
597 5787 891 5856 Meritis,
909 5793 1138 5856 (mentum
1159 5784 1303 5856 altius
1324 5783 1390 5835 ad
1411 5781 1716 5835 manendum.
1749 5782 2067 5845 umipti,

487 5849 1324 5918 ωεωηᾷηααὺιοίααεηφτεηάυηι-
1477 5905 1508 5918 .-
1583 5905 1614 5918 ..
1793 5904 1825 5918 ..
1880 5902 1892 5918 ρ

539 5905 564 5948 ἰ
760 5919 885 5980 Fort.
907 5926 919 5961 :
943 5909 1126 5980 peiurio
1155 5923 1248 5980 cur
1255 5909 1369 5980 jam
1389 5905 1539 5960 multa
1561 5904 1855 5959 dissonantia
1872 5904 1922 5955 in
1941 5918 2072 5970 prte-

491 5971 792 6033 positiortt'bua
810 5973 1045 6025 invenitur
1070 5971 1337 6023 deorum.

1145 454 1392 514 OPERIS
1428 447 1844 511 lMPERFEC‘ﬂ
1876 400 2152 513 summa
2177 399 2537 522 iisunum,
2579 452 2638 511 s.
2678 449 3048 513 AUGUSTINI

3618 431 3767 513 uel

2175 577 2288 642 pter
2315 577 2574 641 peccatum
2595 569 2772 641 (Rom.
2805 583 2913 637 rm,
2948 567 3190 640 10).Nott
3221 568 3324 625 hoc
3345 575 3461 624 erat
3495 565 3756 636 Hilarius,
3798 587 3806 597 '

2170 664 2262 733 qui
2306 663 2440 718 dixit
2469 680 2482 716 :
2517 681 2535 715 ε
2561 663 2637 717 Ex
2693 671 2915 733 peccato
2959 663 3136 717 omnis
3164 677 3290 716 caro
3311 669 3429 729 est,
3462 675 3492 716 a
3536 672 3763 732 peccato

2122 759 2126 764 “
2169 754 2374 810 scilicet
2401 754 2567 809 Adam
2587 755 2822 824 parentis
2842 756 2858 787 ⁸
2883 753 3129 809 deducta.
3153 771 3176 806 ι
3202 753 3318 808 Non
3349 753 3450 808 hoc
3479 764 3598 810 emt
3625 756 3764 809 Am-

2170 847 2404 917 brosius,
2417 849 2505 918 qui
2521 848 2682 904 dixit:
2704 867 2724 901 ‹
2742 846 2942 904 Omnes
2957 849 3057 903 sub
3080 855 3298 918 peccato
3315 850 3608 915 nascimur,
3628 863 3766 919 quo-

2169 957 2287 1000 rum
2317 945 2432 1016 ipse
2460 954 2607 1000 ortus
2657 946 2708 1001 in
2739 947 2870 1002 vitio
2897 955 3007 1002 est»
3039 944 3141 1017 (De
3166 943 3468 1000 Parnitenli‘a
3493 986 3507 1007 ,
3556 959 3676 1014 cap.
3723 941 3766 996 2

2167 1037 2247 1092 re!
2271 1037 2347 1109 5).
2389 1037 2602 1094 Utinam
2633 1046 2687 1093 tu
2732 1038 2906 1109 potius
2947 1038 3170 1092 istorum
3200 1037 3398 1092 Christi
3427 1036 3763 1107 piscatorum

2170 1130 2378 1185 retibus
2405 1132 2665 1185 tenaciter
2701 1129 3093 1201 salubriterque
3137 1131 3402 1200 capiaris:
3434 1139 3558 1183 tunc
3595 1142 3764 1182 accu-

2167 1224 2397 1279 sativum
2426 1238 2607 1280 casum
2629 1266 2645 1292 ,
2681 1237 2787 1295 quo
2811 1226 2928 1295 ipse
2956 1235 2987 1280 a
3015 1232 3068 1279 te
3109 1227 3227 1294 ipso
3250 1238 3310 1278 es
3337 1229 3617 1278 accusatus
3636 1263 3651 1285 ,
3707 1227 3765 1275 et

2166 1315 2480 1382 ablativum,
2507 1330 2614 1386 quo
2641 1315 2710 1372 de
2739 1315 2978 1371 Ecclesia
3005 1315 3267 1370 catholica
3295 1329 3353 1369 es
3374 1313 3613 1378 ablatus,
3636 1327 3764 1367 cor-

2167 1416 2350 1463 rectus
2375 1407 2564 1462 melius
2589 1407 2901 1463 deciinabis.
2941 1407 3354 1477 Przepositiones
3371 1415 3553 1460 autem
3593 1405 3641 1459 si
3671 1419 3765 1460 re-

2167 1504 2252 1552 cte
2281 1507 2438 1568 atque
2465 1499 2669 1569 integre
2696 1499 3078 1569 sequeris,-cur
3099 1512 3206 1552 non
3223 1498 3355 1554 istos
3375 1497 3628 1552 doctores
3659 1495 3762 1551 Ec.

2165 1589 2347 1644 clesize
2371 1589 2488 1655 tibi,
2521 1589 2762 1661 deposita
2793 1591 3042 1655 elatione,
3079 1589 3395 1662 praeprnisi

2239 1677 2467 1738 XCViii.
2515 1681 2635 1738 Jun.
2668 1683 2909 1753 Apparet
2954 1692 3101 1738 certe
3158 1684 3355 1737 furtum
3401 1681 3760 1748 detestabile,

2167 1773 2308 1846 quod
2346 1773 2560 1845 quidem
2606 1773 2886 1830 confestim
2917 1791 3000 1839 ea,
3047 1789 3164 1846 qua:
3209 1778 3442 1845 peccatis
3485 1774 3762 1841 adbzerct,

2169 1867 2370 1922 ultione
2387 1868 2628 1937 punitum
2661 1875 2763 1934 est,
2797 1867 3045 1923 videlicet
3071 1876 3132 1923 ut
3157 1877 3441 1940 antequam
3469 1867 3524 1922 in
3546 1877 3762 1939 pestem

2166 1959 2483 2030 procederet
2510 1959 2862 2024 audientium,
2925 1975 3080 2015 suum
3127 1961 3537 2017 circumveniret
3573 1969 3769 2016 aucto—
3859 1978 3862 1982 ί

2164 2065 2301 2107 rem.
2335 2053 2473 2108 Ecce
2497 2053 2644 2108 enim
2671 2066 2776 2108 non
2802 2053 3058 2108 abnuitur
3083 2054 3313 2124 primum
3340 2053 3612 2108 hominem
3656 2054 3764 2109 ali-

2166 2146 2308 2218 quod
2349 2147 2638 2203 incurrisse
2685 2156 2994 2218 peccatum;
3040 2149 3134 2203 sed
3184 2148 3440 2219 qumritur
3486 2148 3764 2219 quomodo

2165 2239 2268 2296 hoc
2295 2249 2569 2312 peccatum
2600 2251 2780 2314 posset
2809 2242 2859 2296 in
2903 2242 3248 2296 nascentibus
3286 2240 3533 2296 inveniri.
3585 2239 3766 2296 Deiini

2165 2343 2241 2400 tu,
2279 2335 2482 2406 peccati
2513 2336 2670 2406 primi
2695 2335 2906 2406 qualem
2947 2343 3102 2404 putes
3143 2334 3502 2389 conditionem
3553 2332 3763 2390 fuisse:

2165 2424 2320 2497 dicis,
2350 2447 2370 2483 ι
2407 2427 2664 2484 Voluntas
2711 2428 2808 2484 fuit
2837 2428 3032 2493 libera,
3063 2441 3168 2483 non
3213 2426 3358 2484 enim
3405 2436 3584 2496 potest
3639 2441 3768 2483 esse

2165 2519 2281 2575 sine
2311 2520 2584 2575 voluntate
2611 2530 2888 2591 peccatum
2923 2538 2938 2574 :
2975 2538 2996 2572 ι
3033 2534 3130 2574 nos
3171 2517 3275 2574 hoc
3317 2519 3626 2589 probamus.
3678 2518 3767 2574 Τιι

2167 2629 2295 2670 vero
2319 2613 2523 2680 subdis,
2558 2632 2576 2666 ι
2606 2613 2710 2669 Sed
2744 2613 2846 2668 hoc
2894 2621 3170 2683 peccatum
3193 2655 3207 2679 ,
3241 2610 3382 2682 quod
3423 2612 3541 2667 sine
3564 2611 3766 2666 volun-

2167 2717 2276 2764 tate
2299 2723 2419 2765 esse
2443 2723 2550 2763 non
2578 2715 2791 2780 potest,
2823 2705 2992 2763 haeret
3018 2708 3133 2762 sine
3161 2707 3436 2781 voluntate
3483 2706 3766 2760 nascenti-

2163 2799 2284 2857 bus.
2299 2820 2319 2854 ι

2239 2895 2374 2950 Auc.
2415 2893 2597 2949 litaret
2627 2906 2722 2963 per
2747 2891 3051 2962 contagium
3073 2933 3088 2958 ,
3118 2904 3223 2944 non
3250 2903 3351 2961 per
3377 2887 3686 2944 arbitrium.

2234 2981 2422 3042 XCIX.
2451 2982 2574 3040 JUL.
2602 2981 2814 3039 Falsum
2842 2991 3067 3053 estergo
3089 2981 3229 3052 quod
3253 2995 3624 3047 concessera's,
3642 2995 3762 3037 non

2164 3092 2285 3134 esse
2313 3078 2429 3132 sine
2448 3077 2719 3131 voluntate
2749 3083 3054 3146 peccatum;
3079 3075 3126 3128 si
3161 3073 3287 3129 licet
3314 3075 3662 3130 commissum
3693 3075 3769 3129 sit

2166 3184 2261 3240 per
2281 3168 2610 3224 voluntatem
2629 3208 2644 3234 ,
2673 3174 2849 3222 tamen
2875 3165 2943 3220 ad
2964 3165 3098 3221 alios
3140 3165 3314 3236 potuit
3337 3165 3454 3221 sine
3483 3166 3768 3221 voluntate

2167 3261 2412 3316 transire.

2235 3353 2371 3408 Ave.
2400 3349 2516 3406 Non
2545 3358 2628 3406 est
2656 3348 2848 3405 falsum
2877 3347 3020 3420 quod
3043 3362 3416 3405 concesseram
3439 3392 3454 3416 ,
3484 3349 3611 3420 quia
3639 3349 3764 3406 sine

2163 3447 2436 3502 voluntate
2461 3444 2632 3510 illius,
2663 3457 2692 3498 a
2713 3457 2818 3515 quo
2845 3453 2926 3498 est
2944 3445 3095 3514 origo
3122 3443 3455 3497 nascentium
3486 3483 3502 3509 ,
3535 3453 3644 3497 nun
3679 3452 3768 3498 est

2165 3540 2362 3595 factum
2387 3538 2640 3609 originale
2662 3547 2938 3609 peccatum
2973 3555 2986 3589 :
3016 3539 3187 3606 potuit
3212 3543 3392 3591 autem
3414 3535 3480 3590 ad
3510 3535 3645 3590 alios
3667 3549 3768 3605 per

2166 3632 2470 3701 contagium
2494 3631 2610 3684 sine
2632 3630 2904 3684 voluntate
2929 3629 3176 3694 transire,
3206 3627 3346 3697 quod
3375 3641 3478 3680 non
3504 3626 3676 3696 potuit
3696 3627 3770 3679 ab

2167 3724 2260 3779 illo
2301 3723 2416 3779 sine
2455 3722 2727 3778 voluntate
2776 3720 3057 3776 committi.
3104 3721 3181 3776 Ac
3219 3733 3313 3791 per
3352 3721 3453 3774 hoc
3477 3760 3492 3786 ,
3523 3719 3638 3774 sine
3673 3735 3771 3774 το-

2167 3815 2370 3872 iuntate
2421 3821 2541 3870 esse
2606 3829 2713 3869 non
2757 3823 2974 3884 posset,
3028 3822 3090 3868 ut
3130 3821 3276 3869 esset
3321 3811 3461 3882 quod
3519 3813 3572 3865 in
3628 3813 3771 3867 alios

2169 3909 2286 3963 sine
2349 3897 2622 3962 voluntate
2670 3908 2690 3938 ³
2747 3905 2998 3960 transiret
3053 3920 3067 3960 :
3125 3905 3263 3958 sicut
3316 3905 3576 3956 frumenta
3643 3903 3772 3958 sine

2169 4001 2435 4056 radicibus
2455 4014 2576 4056 esse
2603 4015 2706 4055 non
2729 4007 2979 4070 possent,
3005 4008 3061 4052 ut
3084 4007 3266 4053 essent
3295 4013 3415 4068 quze
3443 3997 3495 4052 in
3516 3997 3618 4051 alia
3643 3996 3772 4052 ioca

2169 4094 2399 4149 transire
2428 4093 2544 4148 sine
2574 4092 2842 4146 radicibus
2871 4097 3114 4162 possent.

2238 4185 2300 4240 C.
2332 4184 2451 4242 JUL.
2483 4184 2577 4239 Est
2606 4197 2734 4255 ergo
2757 4184 2865 4252 jam
2887 4185 3003 4238 sine
3019 4183 3289 4237 voluntate
3308 4186 3614 4250 peccatum,
3634 4193 3771 4235 cum

2169 4279 2435 4336 invenitur
2460 4279 2512 4333 in
2537 4277 2620 4332 his
2651 4276 2841 4345 quibus
2866 4275 3064 4330 malam
3088 4275 3250 4344 eripis
3276 4273 3606 4328 voluntatem
3636 4271 3682 4325 ³.

2239 4375 2375 4429 Ave.
2410 4355 2504 4426 Est
2522 4370 2740 4424 omnino
2768 4369 2885 4425 sine
2904 4369 3173 4423 voluntate
3193 4377 3472 4439 peccatum
3494 4407 3508 4431 ,
3545 4364 3604 4420 id
3639 4374 3726 4420 est
3746 4407 3767 4434 ,

2170 4471 2367 4518 manet.
2399 4460 2514 4517 Non
2557 4463 2700 4515 enim
2748 4465 3020 4524 maneret,
3069 4458 3170 4513 nisi
3217 4466 3360 4513 esset
3393 4457 3576 4527 utique
3615 4457 3771 4526 quod

2171 4564 2412 4613 maneret
2441 4572 2456 4610 :
2481 4552 2575 4609 sed
2606 4561 2663 4607 ut
2681 4560 2827 4608 esset
2849 4551 2989 4623 quod
3018 4560 3259 4606 maneret
3306 4551 3421 4605 sine
3460 4549 3769 4616 voluntate,

2170 4665 2276 4705 non
2324 4656 2408 4704 est
2453 4645 2649 4702 factum
2694 4645 2795 4700 nisi
2841 4644 3112 4699 voluntate
3145 4661 3157 4696 :
3187 4643 3233 4697 si
3266 4652 3441 4696 tamen
3479 4651 3771 4711 peccatum

2172 4739 2539 4799 tantummodo
2593 4748 2865 4812 peccatum
2894 4735 2994 4805 sit,
3032 4750 3139 4792 non
3186 4737 3347 4790 etiam
3395 4749 3600 4805 poena;
3663 4733 3774 4790 ltac

2171 4834 2312 4889 enim
2339 4825 2579 4904 "quisque
2626 4840 2809 4901 peccat
2857 4830 3077 4885 invitus.
3119 4827 3258 4885 Sic‘
3298 4841 3426 4898 ergo
3476 4835 3775 4880 utrumoue

2169 4939 2356 4981 verum
2380 4932 2495 4988 est,
2523 4931 2723 4979 etesse
2765 4937 2870 4978 nou
2914 4937 3071 4992 posse
3096 4922 3210 4978 sine
3252 4919 3521 4974 voluntate
3553 4933 3721 4988 pecca
3770 4941 3778 4947 μ

2172 5025 2282 5072 tum
2306 5058 2320 5082 ,
2353 5023 2408 5070 et
2429 5028 2548 5070 esse
2585 5028 2742 5084 posse
2772 5014 2886 5069 sine
2927 5013 3198 5068 voluntate
3243 5019 3515 5082 peccatum
3562 5025 3579 5075 ;
3635 5025 3781 5076 quo-

2171 5108 2329 5164 modo
2367 5116 2647 5176 utrumque
2693 5121 2877 5160 verum
2915 5113 3030 5172 est,
3077 5113 3276 5160 etesse
3317 5118 3425 5158 non
3463 5114 3620 5172 posse
3653 5103 3783 5159 sine

2173 5210 2451 5273 parentum
2481 5197 2696 5253 sexibus
2721 5196 2905 5262 fetum,
2937 5205 2992 5250 et
3014 5211 3133 5251 esse
3156 5209 3313 5264 posse
3339 5194 3455 5249 sine
3481 5202 3779 5262 parentum
3835 5190 3848 5206 ’

2174 5289 2393 5345 sexibus
2422 5289 2607 5343 fctum.
2657 5287 2789 5342 illud
2820 5289 2961 5344 enim
3002 5287 3199 5342 dictum
3228 5295 3340 5350 est,
3385 5285 3506 5353 quia
3533 5283 3651 5337 sine
3691 5283 3778 5338 ius
3879 5281 3916 5320 ¹

2175 5398 2280 5437 non
2305 5391 2476 5451 potest
2501 5380 2733 5436 existere
2767 5398 2780 5435 :
2809 5380 2911 5434 hoc
2941 5388 3115 5434 autem
3140 5422 3153 5444 ,
3189 5378 3309 5449 quia
3341 5377 3455 5431 sine
3479 5375 3563 5428 his
3592 5383 3778 5445 potest

2177 5490 2411 5531 manere.
2444 5475 2585 5530 Bene
2620 5474 2833 5544 quidem
2870 5475 2982 5543 ipse
3009 5487 3116 5526 uno
3147 5472 3268 5527 loco
3290 5514 3304 5536 ,
3333 5469 3492 5544 etde
3519 5479 3778 5539 peccato,

2241 5595 2258 5626 ί
2295 5599 2360 5642 tta
2381 5591 2460 5642 hic
2479 5597 2589 5640 Mss.
2615 5595 2671 5642 At
2691 5589 2827 5649 editi,
2853 5591 3081 5653 parente;
3103 5593 3158 5636 ut
3180 5586 3230 5636 in
3251 5583 3336 5635 lib.
3365 5585 3388 5634 1
3413 5589 3583 5634 contra
3629 5581 3783 5631 Julia-

2175 5665 2308 5715 num,
2341 5669 2390 5704 n.
2414 5654 2463 5704 9.

2240 5721 2261 5752 a
2291 5707 2378 5782 hic
2401 5729 2466 5767 αι
2489 5715 2828 5779 ιηωιιιωτὶρῑίι
2855 5711 3091 5782 addimus
3623 5775 3652 5782 _
3671 5769 3703 5782 ..

2244 5782 2265 5813 ³
2295 5781 2369 5829 sic
2412 5786 2494 5828 Ms.
2529 5784 2654 5826 Pori.
2695 5769 2749 5827 Αἰ
2784 5781 2916 5836 Man,
2940 5769 3085 5824 mata'
3110 5770 3260 5838 eripis
3303 5769 3575 5822 votwttatia.
3623 5769 3747 5819 Ediil

2178 5841 2333 5894 malas
2355 5839 2507 5895 eripis
2527 5837 2806 5890 voluntates.

2242 5906 2265 5936 δ
2299 5903 2604 5973 Vignierius,
2640 5900 2700 5951 si.
2740 5902 3033 5951 auctoritate
3070 5898 3248 5949 eodic's
3280 5901 3530 5947 Portium
3564 5895 3786 5946 correxi-

2180 5978 2306 6026 mus,
2331 5976 2420 6015 διο.
