3962 6486
209 577 268 622 et
301 565 372 620 de
403 562 512 620 fetu
533 561 747 616 loeutus
775 570 868 621 es,
911 557 1134 609 dicens:
1171 566 1194 602 ‹
1220 544 1292 604 Ut
1317 560 1424 602 non

213 945 279 988 ut
305 935 413 999 sit;
465 942 522 988 et
562 931 684 985 ideo
725 929 840 983 sine
883 927 1168 996 parentum
1215 934 1335 981 esse
1380 914 1595 972 scribus
1617 921 1809 982 posse,

211 1028 346 1098 quia
373 1028 493 1082 sine
522 1024 604 1078 his
646 1030 818 1093 potest
855 1031 1110 1081 manere,
1135 1029 1264 1069 eum
1303 1011 1414 1082 iam
1439 1008 1656 1063 sitzcur
1704 1015 1811 1056 non

214 1121 294 1174 ita
323 1117 663 1188 intelligimus
692 1114 852 1168 etiam
875 1116 1158 1182 peceatum
1182 1113 1237 1161 et
1256 1102 1374 1158 sine
1393 1100 1670 1156 voluntate
1692 1103 1814 1150 ease

223 1227 334 1266 non
359 1224 525 1282 posse
550 1248 564 1274 ,
591 1208 713 1278 quia
733 1206 850 1261 sine
876 1203 963 1260 illa
993 1216 1099 1256 non
1128 1204 1305 1269 potest
1325 1193 1559 1250 existere
1578 1230 1594 1254 ,
1625 1196 1684 1244 ut
1706 1188 1812 1253 sit;

225 1314 286 1362 et
331 1305 450 1360 sine
479 1303 748 1356 voluntate
787 1312 908 1354 esse
937 1305 1128 1368 posse,
1175 1291 1300 1365 quia
1345 1289 1468 1373 sine
1500 1287 1599 1343 illa
1639 1290 1819 1355 potest

225 1407 482 1463 zmanere,
507 1412 625 1450 cum
651 1395 762 1464 jam
783 1391 887 1447 sit?

303 1492 388 1547 Gl.
421 1490 540 1547 Jun.
573 1489 702 1544 Vide
722 1501 851 1557 ergo
875 1498 982 1557 quo
1001 1491 1092 1539 tua
1115 1479 1364 1536 acumina
1385 1473 1746 1547 pervenantcr
1767 1470 1783 1500 ⁸
1807 1487 1820 1524 :

235 1585 562 1656 persuadere
584 1581 791 1637 conaris
809 1620 827 1644 ,
865 1580 981 1634 rem
1009 1576 1240 1646 aliquam
1275 1587 1371 1644 per
1397 1571 1505 1627 hoc
1532 1568 1637 1624 non
1665 1579 1786 1623 esse
1808 1607 1824 1632 ,

237 1694 336 1748 per
355 1676 495 1748 Quod
524 1683 699 1746 potest
723 1685 862 1731 esse.

312 1775 446 1826 Asc.
477 1768 612 1838 Quid
657 1767 798 1822 enim
853 1773 906 1820 tu
927 1806 943 1832 ,
991 1779 1027 1818 ο
1055 1767 1248 1832 tingue
1275 1759 1362 1814 ille
1384 1798 1400 1825 ,
1449 1756 1611 1813 etiam
1644 1761 1832 1809 contra

235 1866 462 1936 gratiam
491 1864 615 1928 Dei,
647 1860 897 1916 defensor
929 1856 1079 1914 liberi
1107 1853 1350 1910 arbitrii?
1387 1849 1677 1922 negabisne
1701 1860 1830 1918 pec-

234 1967 421 2014 eatum
441 1954 654 2026 aliquod
685 1969 777 2023 per
801 1953 1027 2008 liberum
1052 1948 1334 2004 arbitrium
1365 1959 1470 1999 non
1509 1953 1632 1998 esse
1649 1982 1664 2009 ,
1692 1939 1832 2010 quod

1770 2029 1841 2085 sit

245 2237 290 2291 si
317 2235 484 2299 velit;
516 2240 571 2290 et
597 2234 654 2287 ﬁt
679 2239 737 2287 ut
760 2241 870 2286 non
907 2228 978 2285 sit
1005 2233 1282 2298 peccatum
1312 2237 1408 2293 per
1435 2220 1662 2275 liberum
1693 2215 1839 2271 arbi-

249 2328 429 2393 trium,
454 2341 578 2382 cum
605 2326 764 2380 homo
781 2338 892 2378 non
920 2325 1102 2393 peccat
1121 2321 1164 2374 st
1193 2315 1347 2372 nolit.
1379 2313 1520 2370 Ecce
1542 2309 1846 2366 invenimus

250 2421 487 2493 aliqtﬁd,
519 2431 574 2477 et
619 2418 922 2490 hocipsnm
965 2413 1034 2470 de
1086 2426 1195 2485 quo
1238 2412 1591 2480 disputamus,
1647 2405 1698 2460 id
1740 2411 1844 2470 est,

254 2523 534 2586 peccatum
559 2526 658 2582 per
684 2511 786 2566 hoc
813 2521 921 2564 non
947 2519 1100 2573 esse,
1122 2519 1219 2576 per
1248 2501 1390 2574 quod
1411 2508 1591 2572 potest
1619 2512 1736 2553 esse
1755 2537 1770 2563 ,
1795 2495 1852 2551 id

255 2615 370 2674 est,
405 2621 503 2677 per
535 2606 764 2661 liberum
804 2601 1104 2657 arbitrium.
1137 2597 1276 2666 Quid
1317 2603 1438 2660 est,
1476 2588 1850 2648 contentiose?

1558 421 1764 486 nam
1795 412 2141 488 ausurus.

1467 549 1646 616 potest
1681 551 1802 595 esse
1907 541 2014 598 que
2056 539 2166 579 non
2206 534 2328 578 esse
2353 530 2409 574 tn
2449 520 2680 588 parvulis
2704 517 3066 579 voluntatem;
3095 514 3344 569 contorto
3367 516 3496 581 gut-

1913 629 2031 676 ture
2081 616 2288 689 cogeris
2327 625 2564 669 sonuere
2613 611 2822 667 nullum
2863 607 3030 663 in'his
3065 620 3188 664 esse
3220 614 3500 676 peccatum

256 2700 486 2756 hiccine
505 2711 625 2754 mea
647 2697 890 2752 acumina
913 2689 1302 2765 pervehuntur?
1324 2689 1406 2743 An
1427 2687 1515 2743 hic
1537 2694 1623 2742 tua
1650 2684 1853 2740 lumina

259 2793 428 2848 aciem
481 2789 869 2862 perdiderunt?
920 2786 1038 2842 Noli
1081 2795 1209 2841 esse
1236 2793 1480 2855 pr:eceps
1509 2799 1522 2835 :
1551 2779 1744 2836 melius
1771 2784 1858 2834 est

259 2882 540 2940 attendere
563 2883 690 2956 quid
705 2881 871 2948 dicas,
898 2891 1058 2952 quam
1078 2879 1404 2936 contendere
1421 2885 1482 2930 ut
1500 2871 1856 2930 contradicas.

333 2974 439 3031 Cll.
475 2975 602 3031 Jun.
624 2973 683 3030 ld
710 2981 813 3041 est,
837 2979 1111 3044 peccatum
1141 2985 1240 3042 per
1264 2969 1368 3024 hoc
1393 2973 1514 3024 esSe
1531 2965 1652 3023 sine
1675 2965 1862 3021 velun-

267 3080 373 3126 tate
393 3111 408 3136 ,
434 3085 534 3141 per
557 3068 702 3141 quod
729 3083 835 3124 non
863 3076 1040 3139 potest
1064 3081 1183 3122 esse
1213 3066 1330 3121 sine
1353 3063 1646 3118 voluntate.

338 3165 475 3220 Atto.
502 3162 619 3219 Non
657 3173 786 3218 sane
811 3167 1089 3233 peccatum
1127 3161 1225 3230 per
1256 3158 1358 3214 hoc
1395 3161 1478 3212 e’st
1505 3155 1621 3210 sine
1668 3153 1862 3208 volun-

266 3263 412 3324 tate,
444 3263 541 3328 per
559 3256 704 3328 quod
740 3269 846 3310 non
877 3261 1052 3324 potest
1100 3251 1220 3308 esse
1259 3251 1375 3306 sine
1422 3245 1735 3313 voluntate:
1769 3245 1866 3301 sed

270 3348 501 3404 diversis
541 3347 762 3419 quidem
807 3345 1016 3410 causis;
1075 3343 1252 3398 tamen
1305 3349 1484 3412 potest
1530 3341 1862 3408 utrumque:

273 3451 395 3495 nam
417 3440 538 3495 sine
560 3439 831 3522 voluntate
841 3441 946 3492 non
963 3441 1141 3507 potest
1157 3445 1294 3502 esse,
1313 3435 1435 3506 quia
1460 3434 1578 3490 sine
1595 3431 1870 3487 voluntate

271 3543 388 3586 non
410 3537 592 3602 potest
623 3521 856 3586 existere
880 3536 940 3584 nt
967 3529 1078 3595 sit;
1109 3529 1229 3584 sine
1265 3525 1445 3582 autem
1471 3524 1747 3581 voluntate
1772 3521 1873 3596 po.

278 3634 384 3682 test
411 3635 536 3682 esse
555 3667 570 3693 ,
602 3625 725 3696 quia
774 3625 893 3681 sine
940 3621 1212 3680 vdlutit'ate
1246 3625 1423 3694 potest
1462 3617 1682 3676 manere
1729 3615 1874 3691 quod

278 3721 482 3775 existit.

348 3813 485 3870 απ.
527 3813 647 3870 Jun.
693 3801 765 3871 Ut
817 3809 1180 3869 cenditi‘onem
1223 3807 1373 3866 suam
1423 3797 1731 3865 conditione
1778 3823 1874 3863 sua

284 3907 512 3977 perdat,
543 3914 598 3962 et
623 3906 691 3962 sit
719 3906 918 3977 absque
943 3905 1081 3973 hoc,
1116 3903 1232 3959 s'l‘ne
1267 3917 1373 3974 quo
1417 3909 1524 3957 non
1560 3915 1717 3971 posse
1758 3895 1879 3956 esse

285 3999 564 4057 deﬁnitum
590 4007 688 4056 est.
714 3997 827 4054 Hoc
852 4005 936 4054 est
955 3989 1178 4052 inli'ci‘ari
1194 3995 1373 4050 rebus.
1391 3988 1532 4061 Quid
1556 3991 1661 4048 tale
1680 3992 1883 4046 Anaxa-

285 4103 446 4163 goras
464 4134 480 4158 ,
509 4091 598 4162 qui
627 4091 805 4147 nivem
834 4090 1040 4163 nigram
1066 4099 1186 4145 esse
1211 4087 1464 4143 dicebat?
1490 4085 1883 4142 Commentaris

288 4185 372 4240 rei
400 4183 626 4256 alicujus
667 4181 910 4239 natill‘am
940 4182 1052 4238 suis
1097 4169 1354 4237 l‘ruclibtis
1396 4179 1578 4251 negari
1611 4196 1623 4232 :
1654 4175 1885 4247 eumque

291 4277 711 4334 sitcontrari’uitl
753 4275 1046 4334 necessitas
1075 4285 1129 4330 et
1157 4273 1438 4339 voluntas,
1473 4271 1542 4325 ita
1601 4278 1694 4335 ut,
1747 4271 1888 4324 sicut

295 4375 456 4444 supra
507 4359 857 4439 ostendimus,
914 4365 1095 4425 mutua
1139 4367 1197 4424 se
1251 4365 1652 4437 impugnatione
1695 4376 1890 4418 consu-

299 4468 480 4532 mant;
515 4474 570 4520 tu
615 4462 756 4520 novo
807 4459 1225 4534 lmpd'ssibiliq‘ue
1267 4455 1560 4534 fcedcreac
1593 4453 1891 4533 necessituo

301 4551 425 4613 dine
454 4555 800 4614 monstruosa
840 4529 1068 4610 alterum
1092 4529 1312 4606 alterius
1350 4533 1533 4604 subdis
1563 4529 1770 4601 cllectui
1793 4587 1808 4611 ,
1840 4550 1896 4599 et

303 4649 436 4705 dicis
455 4647 827 4704 necessitatem
851 4643 915 4702 de
945 4625 1204 4700 lructibus
1227 4638 1515 4696 velunlatis
1543 4633 1805 4702 erortam,
1838 4643 1896 4689 ut

307 4743 552 4798 voluntas
580 4755 674 4797 sua
717 4743 777 4796 se
824 4735 1262 4808 multiplicatione
1291 4731 1570 4798 deleverit,
1612 4738 1666 4786 et
1696 4723 1894 4785 statum

279 4835 581 4905 .proprium
633 4837 851 4902 cperata
893 4825 1205 4892 motaveri't;
1239 4826 1432 4895 atque,
1487 4834 1545 4877 ut
1579 4837 1692 4877 rem
1725 4824 1896 4891 ipsam

313 4930 419 4985 suis
449 4925 721 4984 vocabulis
762 4923 1154 4996 exprimamus,
1189 4928 1469 4991 postquam
1517 4916 1682 4988 ccepit
1705 4914 1898 4968 volun-

317 5030 392 5079 tas
422 5036 543 5078 esse
572 5019 615 5087 ⁸,
664 5017 908 5073 voluntas
950 5011 1068 5071 esse
1115 5011 1353 5068 desierit.
1385 5001 1502 5078 Quo
1532 5003 1657 5087 quid
1706 5015 1902 5077 potest,

319 5133 418 5170 non
450 5113 574 5171 dic‘o
617 5110 862 5184 obtusius
881 5151 895 5175 ,
925 5106 1021 5164 scd
1048 5105 1297 5161 furiosius
1323 5099 1579 5173 cogitari?
1608 5085 1742 5156 Cum
1774 5097 1902 5168 ergo

321 5210 428 5265 lucc
456 5208 560 5262 d'uo
589 5201 751 5259 simul
781 5207 904 5257 ess‘e
932 5215 1036 5254 non
1073 5196 1296 5269 possint,
1330 5194 1380 5250 id
1406 5201 1510 5258 est,
1532 5190 1821 5247 necessitas
1851 5198 1908 5244 et

318 5303 581 5364 voluntas,
638 5305 801 5368 tuque
851 5289 1254 5349 contirmavcris
1294 5283 1437 5359 quod
1491 5283 1750 5347 diximus,
1801 5296 1909 5336 non

322 5409 478 5466 posse
497 5406 618 5447 esse
638 5367 754 5445 sine
786 5385 1058 5443 voluntate
1085 5373 1341 5440 delictum
1360 5419 1377 5448 ,
1420 5367 1736 5435 assentiaris
1775 5369 1908 5446 quo-

384 5643 405 5675 ⁸
436 5638 602 5702 ωορκ
621 5641 771 5697 mw
1169 5689 1181 5702 .

385 5705 407 5736 θ
1073 5685 1347 5742 arbitrium
1368 5682 1696 5736 mandatum
1720 5679 1784 5730 ad
1816 5690 1920 5736 rna-

327 5771 740 5889 ῃἮέίςιιῗῗέτίιιεν
763 5827 959 5888 propter
978 5815 1132 5889 .quod
1171 5813 1386 5889 υοιιὲπειέξ
1415 5807 1560 5889 £9.“
1583 5812 1917 5889 £“f:._l!§§;_t

1583 5872 1634 5921 in
1676 5865 1922 5932 augustinl

332 5876 579 6005 postme
623 5876 835 5937 voluntas
854 5876 1028 5948 'cmpt’t'
1049 5893 1152 5932 esse
1167 5892 1184 5940 ,°
1232 5885 1282 5928 et
1314 5877 1384 5925 sic
1419 5876 1436 5924 i

3347 386 3492 455 ωε

1911 910 2077 969 posse
2098 909 2205 949 non
2226 893 2434 948 diceres
2450 925 2466 954 ~,
2495 889 2538 944 si
2569 887 2666 944 tibi
2684 885 2902 942 daretur
2919 897 3082 948 nosse
3103 879 3246 954 quod
3265 879 3506 936 diceres.

1919 991 2054 1048 Cum
2081 989 2222 1045 enim
2245 987 2312 1042 sit
2337 983 2600 1040 moriendi
2627 980 2954 1046 necessitas,
2996 975 3120 1048 quis
3164 981 3322 1044 neget
3361 975 3509 1043 quod

1923 1088 2091 1158 possit
2115 1097 2233 1138 esse
2253 1089 2305 1136 et
2331 1075 2618 1134 voluntas?
2657 1073 2810 1131 Unde
2849 1072 2924 1127 ait
2966 1067 3280 1140 Apostolus,
3304 1079 3476 1122 cttncu
3498 1095 3514 1107 ε

1923 1154 2235 1249 piscemiam
2267 1187 2326 1228 se
2371 1169 2569 1244 habere
2609 1165 2827 1222 dissolvi
2851 1203 2867 1232 ,
2907 1169 2962 1218 et
2987 1174 3106 1216 esse
3145 1173 3267 1214 cum
3296 1154 3518 1213 Christo

1923 1266 2183 1339 (Philipp.
2215 1279 2251 1331 ι,
2281 1261 2397 1334 23).
2422 1258 2554 1315 Cum
2582 1273 2711 1327 ergo
2746 1255 2860 1311 vult
2888 1251 3057 1319 mori,
3098 1265 3254 1322 quem
3287 1261 3515 1304 necesse

1929 1369 2012 1416 est
2041 1355 2198 1420 mori,
2229 1353 2387 1410 simul
2415 1358 2541 1407 sunt
2564 1347 2858 1406 necessitas
2885 1353 2940 1401 et
2966 1342 3217 1399 voluntas
3245 1359 3260 1394 :
3286 1339 3430 1412 quod
3458 1347 3517 1395 tu

1931 1450 2223 1522 ﬁeriposse
2251 1462 2384 1501 vana
2411 1443 2684 1499 voluntate
2703 1481 2718 1506 ,
2761 1438 2905 1494 nulla
2937 1434 3258 1492 necessitate
3280 1444 3521 1503 negave-

1931 1558 2038 1599 ras.
2061 1540 2213 1611 Quod
2239 1548 2418 1594 autem
2460 1537 2551 1591 liat
2591 1534 2757 1590 etiam
2795 1547 2863 1588 ex
2907 1531 3184 1585 voluntate
3226 1523 3526 1582 necessitas

1935 1638 2244 1708 plerumque
2287 1629 2552 1688 contraria
2596 1625 2892 1692 voluntati,
2945 1637 3164 1694 prorsus
3211 1619 3528 1688 insipienter

1935 1730 2202 1786 abnuitur.
2229 1727 2328 1796 Qui
2359 1726 2501 1780 enim
2540 1737 2600 1778 se
2639 1721 2828 1776 volens
2855 1717 2991 1774 mori
3039 1714 3310 1772 lethaliter
3336 1725 3531 1786 percu-

1941 1824 2037 1889 tit,
2066 1821 2289 1876 moritur
2311 1816 2416 1874 etsi
2442 1815 2597 1872 nolit.
2641 1813 2773 1869 Item
2802 1811 2891 1882 qui
2932 1809 3118 1866 volens
3145 1807 3271 1863 fecit
3297 1806 3312 1839 ¹
3339 1819 3531 1876 pecca-

1943 1928 2075 1980 tum,
2107 1913 2294 1968 nolens
2323 1910 2483 1966 habet
2512 1914 2824 1980 peceatum;
2852 1903 3038 1959 volens
3072 1899 3396 1972 impudicus,
3426 1911 3531 1953 no-

1942 2007 2060 2063 lens
2082 2020 2209 2061 reus
2237 2022 2251 2059 :
2277 2017 2343 2059 eo
2367 2001 2566 2074 quippe
2613 1997 2828 2054 nolente
2855 2004 3131 2066 peccatum
3171 1997 3386 2058 manet,
3423 2002 3536 2062 quo

1945 2098 2162 2154 nolente
2190 2112 2296 2151 non
2341 2093 2511 2149 ﬁeret.
2545 2094 2622 2148 Ac
2653 2105 2752 2161 per
2782 2090 2884 2144 hoc
2904 2127 2920 2155 ,
2965 2098 3021 2142 et
3063 2100 3170 2141 non
3211 2089 3389 2155 petest
3412 2095 3540 2139 esse

1949 2188 2065 2245 sine
2091 2187 2360 2243 voluntate
2385 2191 2662 2256 peccatum
2680 2223 2695 2248 ,
2729 2180 2852 2252 quia
2885 2194 2990 2234 non
3018 2177 3076 2232 tit
3099 2176 3201 2232 nisi
3217 2174 3536 2239 voluntate;

1951 2289 2006 2338 et
2029 2287 2206 2352 potest
2222 2293 2343 2335 esse
2379 2281 2495 2332 sine
2523 2275 2795 2331 voluntate
2834 2278 3132 2344 peccatum,
3181 2266 3306 2340 quia
3352 2269 3542 2322 manet

1952 2372 2114 2428 etiam
2155 2370 2273 2426 sine
2301 2368 2596 2434 voluntate,
2624 2363 2768 2436 quod
2797 2361 2994 2419 factum
3027 2368 3120 2416 est
3142 2359 3418 2415 voluntate
3445 2373 3459 2410 :
3486 2362 3546 2412 et

1953 2472 2036 2520 est
2059 2462 2170 2533 jam
2196 2459 2488 2516 necessitas
2521 2457 2684 2513 etiam
2723 2455 2839 2510 sine
2881 2453 3170 2518 voluntate,
3218 2463 3379 2522 quam
3417 2447 3548 2505 fecit

1955 2558 2200 2615 voluntas
2226 2554 2345 2612 sine
2374 2550 2708 2609 necessitate.
2740 2546 2874 2604 Nam
2898 2555 2954 2603 et
2983 2547 3072 2601 ille
3095 2546 3186 2616 qui
3205 2541 3337 2599 dicit
3360 2581 3378 2610 ,
3419 2537 3546 2596 Non

1955 2649 2092 2725 quod
2117 2649 2252 2717 uolo,
2282 2663 2400 2720 ago,
2431 2653 2576 2702 certe
2614 2639 2907 2698 secundum
2937 2654 3035 2695 vos
3073 2635 3393 2694 necessitate
3413 2646 3551 2690 conc

1961 2741 2259 2801 suetudinis
2279 2741 2302 2772 ¹
2330 2737 2588 2810 premitur
2616 2753 2632 2791 :
2661 2734 2800 2790 hanc
2843 2741 3021 2788 autem
3050 2728 3447 2792 necessitatem,
3479 2737 3554 2780 ne

1960 2834 2190 2893 liberum
2231 2831 2484 2887 auteratis
2521 2825 2824 2892 arbitrium,
2867 2838 2993 2879 eum
3022 2821 3134 2877 sibi.
3156 2820 3431 2875 voluntate
3475 2815 3557 2871 fe-

1963 2931 2104 2988 cisse
2141 2921 2465 2984 contenditis
2493 2939 2510 2977 :
2535 2929 2591 2977 et
2629 2919 2735 2976 tale
2763 2915 2965 2988 aliquid
3003 2915 3060 2970 in
3099 2921 3288 2969 natura
3321 2911 3558 2982 humana

1964 3020 2164 3078 factum
2190 3031 2311 3076 esse
2327 3031 2432 3071 non
2460 3010 2698 3076 creditis,
2721 3017 2780 3065 ut
2809 3024 2875 3064 ex
2901 3006 3174 3062 voluntate
3196 3000 3352 3075 primi
3376 2998 3559 3056 Inomi-

1967 3115 2072 3182 nls,
2094 3112 2163 3170 de
2187 3126 2296 3184 quo
2320 3106 2575 3178 estorigo
2597 3102 2814 3159 humani
2833 3098 3068 3173 generis,
3093 3097 3244 3153 fieret
3264 3092 3560 3151 necessitas

1927 3249 1930 3252 ~
1967 3207 2172 3280 peccati
2201 3201 2475 3276 originalis
2499 3201 2552 3255 in
2581 3195 2835 3270 posteris.
2869 3193 3008 3250 Ecce
3034 3191 3126 3247 illa
3143 3203 3264 3261 qua
3303 3186 3562 3259 impossi-

1969 3302 2095 3358 bilia
2127 3294 2492 3370 preponebas,
2521 3291 2573 3346 in
2597 3289 2651 3346 vi
2679 3284 3082 3346 consuetudinis
3110 3282 3247 3339 facta
3281 3286 3408 3336 sunt
3433 3292 3566 3350 pos-

1971 3392 2166 3456 sibilia,
2196 3403 2315 3467 quae
2339 3401 2446 3443 non
2473 3383 2670 3439 frustra
2695 3378 2840 3436 dicta
2865 3386 2950 3434 est
2971 3391 3003 3430 a
3025 3372 3344 3448 quibusdam
3369 3385 3565 3426 secun-

1972 3486 2041 3541 da
2088 3462 2295 3540 natura.
2344 3479 2586 3542 Dixeras,
2633 3487 2733 3529 nos
2773 3467 3056 3526 absurdius
3105 3463 3306 3536 aliquid
3341 3462 3561 3527 dicere,

1963 3595 2125 3652 quam
2153 3579 2244 3651 qui
2271 3577 2446 3634 nivem
2481 3575 2688 3646 nigram
2727 3583 2848 3626 esse
2872 3565 3108 3629 dicebat,
3145 3579 3164 3613 ι
3201 3565 3261 3613 ut
3279 3562 3556 3652 peceatum

1965 3646 2330 3730 conditionem
2360 3683 2512 3723 suam
2543 3680 2636 3722 sua
2663 3661 2974 3719 conditione
3007 3653 3215 3728 perdat,
3248 3661 3300 3707 et
3330 3649 3400 3704 sit
3428 3646 3557 3700 abs-

1963 3781 2070 3836 que
2111 3765 2231 3828 hoc,
2279 3763 2394 3818 sine
2419 3775 2524 3829 quo
2564 3773 2668 3813 non
2707 3768 2867 3828 posse
2907 3765 3030 3808 esse
3066 3747 3342 3803 deﬁnitum
3383 3748 3485 3798 est.
3531 3759 3552 3792 ι

1964 3859 2154 3916 Nonne
2202 3857 2561 3913 conditionem
2603 3865 2760 3907 suam
2805 3862 2901 3903 sua
2944 3843 3250 3901 conditione
3280 3836 3473 3908 perdit,
3501 3842 3563 3889 ut

1971 3969 2065 4024 per
2111 3951 2218 4005 vim
2262 3947 2662 4004 consuetudinis
2695 3943 2786 3998 fiat
2815 3941 2932 3997 sine
2956 3938 3248 4000 voluntate,
3273 3946 3394 3988 cum
3426 3943 3562 3982 con-

1970 4017 2202 4099 suetudo
2242 4055 2346 4094 non
2393 4039 2527 4093 facta
2570 4037 2639 4090 sit
2677 4034 2781 4090 nisi
2816 4027 3122 4087 voluntate?
3147 4025 3334 4082 Nonne
3358 4019 3437 4076 rei
3463 4017 3564 4073 hu-

1968 4135 2056 4208 ius
2097 4143 2288 4190 natura
2342 4130 2606 4186 fructibus
2655 4127 2766 4184 suis
2819 4121 3081 4193 negatur?
3131 4111 3564 4190 quandoquidem

1977 4207 2308 4286 consuetudo
2340 4223 2544 4281 fructus
2572 4228 2658 4278 est
2675 4216 2981 4282 voluntatis,
3005 4212 3258 4287 quoniam
3283 4224 3350 4265 ex
3376 4207 3566 4261 volun-

1975 4331 2088 4380 tate
2110 4320 2373 4392 gignitur;
2404 4330 2523 4387 quae
2551 4323 2730 4369 tamen
2750 4311 2802 4368 id
2827 4307 2969 4383 quod
2991 4305 3120 4379 agit,
3146 4310 3306 4374 negat
3326 4314 3388 4356 se
3405 4311 3567 4369 agere

1975 4418 2268 4474 voluntate.
2299 4411 2463 4476 Dicis,
2489 4407 2630 4480 quod
2673 4426 2694 4461 ι
2721 4401 3050 4464 contrarium
3087 4398 3161 4456 sit
3189 4393 3481 4452 necessitas
3507 4397 3567 4446 et

1976 4511 2245 4575 voluntas,
2275 4507 2348 4563 ita
2375 4517 2434 4562 ut
2457 4515 2518 4561 se
2533 4511 2720 4559 mutua
2737 4495 3134 4570 impugnatione
3157 4493 3509 4551 consumant;
3541 4503 3562 4537 )

1978 4605 2106 4662 inde
2145 4618 2246 4660 nos
2269 4607 2521 4673 arguens,
2561 4596 2702 4670 quod
2731 4613 2754 4648 ι
2781 4595 3006 4650 alterum
3031 4587 3250 4644 alterius
3277 4580 3594 4651 subdamus‘

1979 4699 2216 4763 etl'ectui,
2247 4697 2488 4754 dicentes
2517 4685 2890 4749 necessitatem
2919 4685 2989 4743 de
3026 4681 3289 4741 ﬂuctibus
3331 4677 3571 4735 volunta-

1981 4793 2052 4849 tis
2086 4797 2361 4847 exortam:
2389 4806 2411 4842 ι
2439 4803 2560 4844 cum
2591 4785 2775 4842 videas
2815 4779 3190 4837 necessitatem
3228 4767 3573 4832 consuetudi-

1983 4884 2068 4942 nis
2095 4883 2324 4939 fruetum
2353 4895 2473 4936 esse
2505 4875 2996 4935 manifestissimum
3019 4868 3330 4928 voluntatis.
3360 4862 3571 4928 Nonne,

1982 4977 2126 5052 quod
2171 4974 2265 5031 tibi
2305 4971 2640 5044 impossibile
2680 4969 2852 5026 visum
2892 4971 2999 5034 est,
3034 4983 3054 5017 ι
3089 4977 3186 5020 sua
3228 4975 3288 5017 se
3327 4959 3577 5014 voluntas

1987 5069 2439 5143 multiplicatione
2473 5064 2704 5132 delevit,
2723 5069 2779 5118 et
2806 5068 3005 5117 statum
3047 5055 3320 5129 proprium
3356 5056 3576 5122 operata

1988 5165 2232 5229 mutavit,
2268 5180 2294 5216 ι’
2323 5173 2442 5232 quae
2485 5156 2833 5228 multiplicata
2873 5151 3250 5209 necessitatem
3287 5150 3578 5202 consuetu-

1988 5257 2130 5314 dinis
2166 5253 2296 5312 fecit
2328 5231 2380 5317 ές
2430 5251 2482 5306 si
2524 5246 2860 5306 voluntatem
2885 5244 3209 5309 necessitas,
3243 5249 3295 5296 te
3333 5243 3575 5304 auctore,
3617 5231 3621 5235 ’

1989 5347 2293 5408 consumit?
2318 5345 2378 5401 Si
2413 5351 2592 5400 autem
2629 5355 2736 5397 non
2764 5338 3049 5404 consumit,
3095 5333 3336 5408 mfecto
3373 5331 3431 5386 in
3477 5327 3579 5384 lto~

1990 5449 2138 5505 mine
2160 5444 2306 5501 mole
2327 5436 2736 5499 consuetudinis
2759 5442 2949 5508 pm
2962 5431 3124 5491 simul
3147 5439 3270 5486 esse
3285 5430 3512 5500 possunt
3524 5428 3580 5480 et
3651 5500 3655 5510 1

1987 5539 2214 5614 iustitiae
2263 5537 2513 5593 voluntas
2564 5541 2625 5592 ot
2672 5527 2884 5604 peccati
2939 5523 3254 5584 necauit-tt.
3291 5517 3578 5589 ρωιιίπιι,
3648 5549 3659 5563 ο

2058 5699 2079 5770 ξ
2111 5700 2186 5752 δίο
2200 5706 2310 5749 M5-
2333 5658 2386 5748 ίὲι
2407 5692 2774 5770 *Ἴων

2058 5764 2081 5797 ί
2112 5741 2743 5826 Wﬁmaﬁrsaayiac'
2758 5741 2876 5806 loco
2898 5747 3178 5803 restituitur
3212 5755 3282 5796 ex
3315 5741 3585 5796 macri-

1995 5827 2404 5951 puis'vtgniernm,
2427 5883 2754 5951 necessitatem
2774 5869 2880 5932 sua
3415 5867 3579 5930 Abest,
