3990 6450
421 389 564 452 1599

433 509 572 565 Velle
599 505 798 579 adjacet
823 505 969 572 mihi,
1001 504 1264 575 professio
1291 513 1378 560 est
1413 503 1738 570 voluntatis;
1772 501 2002 570 Perﬁce-

420 620 478 657 re
502 611 670 655 autem
697 599 902 664 bonum,
923 594 1035 652 ‘non
1065 597 1263 652 invenio
1294 596 1468 669 (Rom.
1495 611 1589 663 vn,
1616 597 1702 663 15,
1727 594 1841 663 18),
1869 609 2004 650 con-

421 693 586 749 fessio
616 700 698 747 est
736 689 1092 746 necessitatis.
1141 688 1219 743 Tu
1246 690 1265 721 ³
1305 703 1433 745 vero
1463 687 1642 744 dixisti
1672 687 2000 742 voluntatem

417 793 475 840 et
500 783 870 841 necessitatem
898 783 1054 837 simul
1075 796 1195 838 esse
1223 797 1327 837 non
1355 796 1552 852 posse;
1580 797 1699 837 cum
1725 795 1915 835 cernas
1935 777 2009 833 si-

416 878 529 932 mul
557 892 650 932 eas
694 890 814 932 esse
843 891 962 931 cum
1008 874 1357 941 concordant,
1404 873 1560 930 simul
1601 890 1722 930 esse
1755 889 1876 930 cum
1906 887 2007 944 pu~

418 979 603 1041 guunt.
635 969 764 1025 lllud
810 984 968 1040 porro
995 967 1273 1024 ridiculum
1305 977 1408 1035 est,
1439 968 1580 1039 quod
1623 983 1718 1038 pro
1746 966 2005 1037 impossi-

416 1061 510 1117 bili
551 1061 809 1132 posuisti,
845 1079 863 1112 ‹
900 1061 1046 1126 nihil,
1086 1079 1105 1113 ι
1141 1060 1347 1127 dicens,
1403 1079 1423 1113 ‹
1457 1061 1698 1116 obtusius
1723 1102 1739 1127 ,
1786 1059 1894 1114 imo
1923 1058 2006 1114 fu-

415 1155 617 1211 riosius
640 1154 881 1225 cogitari,
922 1165 978 1209 ut
1019 1165 1297 1226 postquam
1335 1153 1500 1226 coepit
1548 1154 1798 1210 voluntas
1840 1167 1961 1209 esse
1985 1193 2002 1219 ,

416 1248 664 1302 voluntas
712 1262 830 1302 csse
863 1247 1117 1302 desierit:
1151 1267 1168 1299 ›
1221 1247 1369 1318 quasi
1421 1261 1530 1302 non
1573 1245 1676 1301 hoc
1722 1246 1834 1312 fiat,
1882 1259 2003 1299 cum

417 1339 581 1395 homo
604 1341 818 1412 quando
839 1334 1072 1411 ~'caaperit
1113 1341 1251 1396 male
1296 1340 1494 1412 aliquid
1521 1339 1682 1404 velle,
1730 1353 1854 1394 mox
1879 1352 2004 1393 eum

414 1433 642 1504 poenitet
679 1444 734 1487 et
774 1433 970 1488 desinit
999 1434 1152 1489 velle.
1185 1432 1560 1487 Verumtamen
1605 1431 1727 1485 talia
1760 1431 2002 1500 loquens,

423 1547 444 1581 ε
482 1535 746 1592 contorto,
806 1547 824 1579 ι
862 1537 915 1581 ut
961 1527 1115 1593 dicis,
1153 1537 1365 1598 gutture
1413 1541 1500 1580 me
1541 1543 1560 1576 ‹
1594 1525 1740 1594 cogis
1769 1536 2006 1578 annuere

416 1622 624 1676 nullum
648 1621 697 1674 iu
721 1621 955 1690 parvulis
977 1635 1098 1676 esse
1118 1629 1394 1692 peccatum
1428 1636 1441 1674 :
1473 1637 1491 1671 ο
1518 1633 1640 1673 cum
1664 1625 1721 1672 tu
1749 1631 1849 1672 nec
1873 1630 2004 1671 con-

416 1722 562 1767 torto
586 1721 795 1778 gutture
825 1713 1107 1781 abrumpas
1129 1712 1393 1766 viuCulum
1430 1710 1707 1765 catholicze
1734 1708 1998 1776 veritatis,

415 1825 522 1877 quo
551 1810 648 1864 nisi
672 1807 719 1862 ei
748 1807 1071 1870 consentias,
1101 1805 1402 1862 miserrime
1423 1803 1794 1876 strangularis.

487 1897 618 1954 CIV.
647 1897 763 1954 ποι.
808 1897 960 1966 Quod
1003 1913 1130 1953 vero
1168 1895 1440 1964 addidisti,
1471 1915 1491 1949 ‹
1524 1895 1626 1951 Per
1655 1911 1812 1949 unum
1836 1894 2003 1948 hami.

414 2009 527 2046 nem
557 2002 815 2062 peccaturi:
837 1991 1042 2044 intravit
1062 1990 1114 2044 in
1138 1989 1383 2043 mundum
1404 2031 1419 2056 ,
1455 2007 1475 2040 ι
1517 1997 1573 2042 ut
1601 1987 1690 2043 hic
1721 1995 1999 2041 ostensum

415 2093 500 2138 est
522 2082 1081 2138 inconvenientissime
1124 2081 1465 2145 collocatum,
1499 2081 1569 2135 ita
1593 2081 1644 2135 in
1673 2078 1908 2136 secundo
1932 2077 2000 2132 li-

413 2175 514 2230 bro
545 2173 1002 2246 quemadmodum
1035 2174 1361 2245 intelligatur
1405 2173 1704 2244 espositum
1745 2181 1847 2227 est.
1894 2168 2000 2226 Sed

412 2266 545 2337 jam,
589 2267 836 2337 praesenti
880 2266 1237 2336 disputatione
1281 2265 1548 2336 suppleta,
1595 2263 1722 2318 libet
1754 2262 1999 2318 acutissi-

412 2375 556 2414 mam
580 2361 602 2392 ²
630 2369 918 2414 retractare
945 2359 1266 2414 sententiam
1294 2376 1306 2411 :
1333 2358 1410 2412 sic
1431 2360 1572 2412 enim
1604 2357 1798 2426 inquis,
1834 2373 1854 2407 ι
1893 2353 1997 2407 Per

413 2468 573 2505 unum
623 2451 875 2504 hominem
919 2458 1178 2519 peccatum
1223 2449 1426 2502 intravit
1466 2448 1520 2500 in
1568 2446 1809 2500 mundum
1839 2455 1884 2500 et
1915 2461 2002 2518 per

413 2553 676 2615 peccatum
701 2559 873 2606 mors;
893 2553 937 2596 et
967 2544 1040 2595 ita
1074 2543 1126 2596 in
1153 2558 1324 2596 omnes
1349 2541 1572 2594 homines
1603 2539 1913 2610 pertransiit,
1946 2539 1999 2592 in

413 2654 514 2708 quo
541 2653 710 2690 omnes
740 2644 1065 2706 peccaverunt
1085 2653 1104 2688 ι
1129 2633 1239 2707 (id.
1269 2651 1322 2701 v,
1365 2633 1478 2705 12).
1505 2652 1524 2685 ‹
1549 2632 1652 2689 Per
1675 2633 1830 2687 unius
1857 2632 2000 2687 illius

413 2728 740 2782 voluntatem
769 2730 961 2781 malam
983 2741 1169 2782 omnes
1200 2727 1252 2782 in
1289 2741 1354 2781 eo
1381 2735 1754 2796 peccaverunt,
1785 2724 2000 2796 quando

414 2837 603 2876 omnes
630 2821 717 2875 ille
757 2837 891 2874 unus
924 2821 1165 2883 fuerunt,
1219 2819 1286 2875 de
1332 2834 1437 2890 quo
1473 2829 1754 2891 propterea
1807 2819 1998 2887 singuli

413 2912 672 2982 originale
703 2919 976 2982 peccatum
1008 2920 1286 2966 traxerunt
1311 2929 1330 2963 ι
1362 2909 1462 2985 (De
1491 2910 1700 2981 Nuptiis
1726 2920 1773 2964 et
1801 2909 2001 2964 Concu-
2053 2961 2056 2964 .

413 3005 677 3074 pissentia,
710 3005 794 3058 lib.
816 3003 871 3069 2,
890 3021 944 3058 n.
979 3005 1088 3077 15).
1127 3023 1145 3056 ‹
1170 3004 1341 3063 Tunc.
1381 3023 1400 3057 ›
1443 3006 1640 3075 inquis,
1692 3022 1711 3056 ι
1747 3020 2003 3075 peccave-

411 3105 560 3161 runt,
588 3095 802 3166 quando
822 3112 1009 3152 omnes
1050 3097 1138 3153 ille
1170 3113 1306 3152 unus
1335 3097 1565 3151 fuerunt.
1607 3115 1626 3149 ›
1661 3097 1774 3151 lloc
1820 3107 1997 3152 autem

411 3187 519 3259 jam
544 3187 609 3242 ad
645 3188 1004 3243 Marcellinum
1033 3198 1083 3244 te
1105 3190 1386 3258 scripsisse
1411 3189 1512 3260 (De
1544 3187 1872 3243 Peccatorum
1896 3188 2002 3243 Me-

412 3281 541 3347 ritis,
575 3281 641 3335 lib
666 3283 714 3342 1.
748 3298 799 3334 η.
851 3283 936 3345 11,
982 3292 1027 3335 et
1060 3281 1148 3336 lib.
1193 3282 1245 3346 5,
1277 3299 1330 3335 n.
1377 3282 1466 3353 14)
1499 3283 1830 3352 signaveram
1859 3301 1870 3336 :
1896 3297 1999 3352 quo

411 3373 719 3428 testimonio
745 3375 1102 3442 convinccris,
1131 3375 1427 3432 animarum
1460 3375 1732 3430 traducem
1786 3376 1852 3431 de
1890 3375 1998 3430 Ma-

411 3464 605 3518 nichzei
657 3466 957 3534 specialiter
1010 3466 1301 3520 visceribus
1353 3467 1677 3537 acceptum'
1727 3467 1903 3538 (cujus
1945 3467 1998 3521 in

415 3557 573 3612 tertio
605 3557 738 3611 libro
782 3558 1074 3612 sententias
1104 3556 1342 3629 inserui)
1389 3558 1610 3614 credere
1657 3567 1815 3629 atque
1851 3574 1996 3615 com-

413 3649 598 3719 plecti.
628 3648 778 3716 Quod
807 3659 956 3705 certe
983 3657 1091 3703 tam
1121 3647 1365 3704 deforme
1402 3658 1504 3716 est,
1537 3659 1595 3704 ut
1621 3659 1677 3704 tu
1709 3649 1839 3706 illud
1876 3667 1995 3706 cum

414 3740 702 3811 sigiiihcrs,
747 3757 1077 3812 nequaquam
1119 3750 1294 3797 tamen
1337 3741 1536 3798 audeas
1579 3744 1838 3813 profiteri.
1895 3743 2000 3800 Sed

415 3833 517 3888 hoc
544 3850 638 3889 nos
664 3835 715 3890 in
740 3836 988 3905 praesenti
1009 3836 1222 3891 interim
1247 3835 1575 3904 differamus,
1606 3837 1746 3908 quod
1773 3846 1827 3892 et
1856 3839 2000 3907 prio.

413 3930 492 3984 ris
513 3929 799 3984 assertoris
827 3929 906 3982 sui
933 3929 1281 3996 obscenitate,
1309 3939 1364 3985 et
1389 3930 1680 4000 sequentis,
1713 3930 1762 3984 id
1785 3939 1885 3997 est,
1911 3940 2002 3985 tuo

415 4020 914 4089 pavorejugulatur.
938 4019 1070 4073 lllud
1090 4031 1266 4075 autem
1298 4021 1350 4074 in
1376 4020 1622 4090 prmsenti
1638 4011 2000 4089 dispicereth-

415 4122 543 4179 vat,
572 4118 767 4180 quanta
796 4111 848 4164 in
870 4111 1188 4180 disputando
1211 4111 1609 4181 perturbatione
1640 4112 1879 4180 iacteris.
1910 4113 2004 4168 Ais
2042 4181 2050 4188 .

417 4206 613 4275 quippe
638 4222 652 4256 :
682 4223 702 4256 ‹
731 4203 833 4258 Per
849 4203 1004 4258 unius
1027 4204 1171 4259 illius
1193 4203 1508 4258 voluntatem
1531 4204 1722 4258 malam
1749 4220 1932 4259 onmes
1951 4207 2001 4259 in

418 4311 486 4351 co
511 4301 882 4367 peccaverunt,
913 4292 1124 4362 quando
1153 4307 1338 4348 omnes
1367 4292 1453 4347 ille
1483 4307 1617 4346 unus
1633 4291 1861 4348 fuerunt.
1898 4314 1916 4346 ι
1948 4294 2003 4352 Si

419 4403 605 4443 omnes
625 4386 711 4443 ille
734 4401 874 4442 unus
886 4384 1116 4450 fuerunt,
1138 4384 1402 4456 quomodo
1419 4401 1514 4456 per
1528 4385 1847 4442 voluntatem
1864 4387 2004 4443 illius

419 4479 612 4535 malam
638 4495 827 4536 omnes
867 4488 1251 4550 peccaverunt;
1279 4493 1398 4534 cum
1441 4479 1527 4534 isti
1554 4494 1759 4546 omnes,
1787 4497 1922 4551 quos
1950 4482 2002 4536 in

424 4574 516 4628 illo
552 4573 715 4629 fuisse
760 4573 916 4641 dicis,
971 4587 1066 4628 sua
1109 4571 1379 4643 potuerint
1424 4572 1696 4628 voluntate
1743 4573 2004 4642 peccare?

422 4666 556 4730 lmo,
586 4675 642 4719 ut
670 4659 1092 4735 retorqueamus,
1126 4663 1214 4720 ille
1240 4662 1504 4718 infelicior
1531 4665 1756 4731 cunctis,
1790 4665 1880 4736 qui
1909 4680 2001 4722 so-

424 4756 511 4810 lus
549 4763 725 4825 portat
767 4755 1036 4821 invidiam,
1081 4769 1201 4811 cum
1245 4768 1435 4810 omnes
1479 4753 1534 4810 in
1576 4755 1668 4810 illo
1713 4756 2002 4812 secundum

424 4861 573 4906 tuum
598 4849 788 4922 dogma
816 4849 1157 4920 deliquerint.
1190 4847 1498 4904 Habuerunt
1521 4863 1652 4919 ergo
1677 4851 1878 4920 parvuli
1903 4866 2002 4904 vo-

425 4945 700 5008 luntatem,
751 4956 858 4996 non
906 4941 1079 4996 solum
1107 4949 1388 5011 antequam
1420 4949 1786 5008 nascerentur,
1819 4957 2003 4997 verum

425 5043 710 5103 antequam
739 5031 922 5102 proavi
966 5045 1153 5087 eorum
1187 5039 1602 5102 generarentur;
1655 5040 1709 5088 et
1754 5031 1837 5086 usi
1881 5041 2003 5088 sunt

426 5124 700 5180 electionis
741 5122 983 5188 arbitrio,
1016 5122 1323 5193 priusquam
1369 5122 1680 5178 substantia:
1703 5137 1890 5178 eorum
1914 5137 2003 5178 se-

425 5217 566 5272 mina
595 5217 974 5272 conderentur.
1005 5211 1114 5268 Cur
1153 5213 1329 5284 itaque
1370 5213 1565 5270 metuis
1595 5213 1802 5279 dicere,
1845 5214 1898 5268 in
1925 5214 2004 5269 eis

425 5318 668 5379 tempore
706 5312 1060 5374 conceptuum
1088 5318 1304 5360 suorum
1349 5320 1470 5364 esse
1511 5305 1731 5361 liberam
1756 5305 2004 5362 volunta-

427 5410 534 5456 tem
557 5440 572 5466 ,
622 5412 726 5469 qua
779 5407 1054 5467 peccatum
1103 5411 1210 5452 non
1260 5398 1470 5452 trahant
1528 5397 1859 5466 naturaliter,
1910 5396 2004 5452 sed

427 5498 620 5559 sponte
646 5488 1013 5554 committant;
1063 5489 1108 5543 si
1155 5487 1330 5545 credis
1371 5503 1465 5544 eos
1507 5487 1665 5545 hodie
1687 5494 1999 5560 conceptos,

494 5743 513 5812 ξ
547 5741 835 5812 victitet-ius,
861 5741 947 5812 ita.
979 5747 1038 5812 βπ.
1059 5747 1187 5804 Mss,
1208 5746 1277 5793 tu.

491 5806 515 5838 ³
548 5810 693 5861 t‘ert.,
714 5806 1133 5853 acawatissimam.

420 5896 422 5898 τ
492 5865 518 5901 ³
545 5869 705 5928 Forte.
726 5871 984 5929 acceptam.

2099 301 2120 312 δ
2127 294 2366 314 «ua—54w"

1095 387 1339 445 OPERIS
1377 385 1787 444 IMPERFECTI
1823 382 2100 442 CONTRA
2135 383 2494 453 JULIANUM,
2534 385 2590 443 s.
2632 355 3001 445 aucusrmt

3547 393 3701 454 μου

2120 509 2243 556 ante
2269 508 2342 556 tot
2371 502 2561 557 saecula
2591 501 2842 559 habuisse
2871 518 3110 574 sensum,
3145 505 3425 578 judicium,
3455 509 3701 569 efﬁcien-

2121 595 2244 652 tiam
2269 598 2591 652 voluntatis?
2618 598 2768 666 Quod
2795 599 3009 670 quidem
3037 600 3090 654 in
3132 601 3280 658 libris
3305 619 3440 675 quos
3466 606 3532 660 ad
3557 606 3702 662 Mar-

2115 687 2294 741 cellini
2323 703 2518 744 nomen
2546 688 2777 755 edidisti,
2823 705 2930 745 non
2973 691 3228 748 dubitasti
3277 709 3512 764 ponere;
3541 699 3708 768 plane

2115 779 2182 834 ad
2224 782 2610 838 ostendendum
2651 799 2752 854 qua
2780 785 3012 841 amentia
3038 794 3321 844 teneantur
3349 789 3549 846 inimici
3579 793 3704 848 Dei.

2114 870 2191 927 lbi
2221 873 2363 928 enim
2396 873 2468 929 ita
2492 876 2604 930 ais:
2643 893 2661 928 ι
2690 875 2789 942 Qui
2814 877 3019 947 parvuli
3050 878 3103 933 in
3125 879 3292 934 Adam
3323 895 3704 953 peccaverunt,

2115 975 2172 1020 ut
2193 966 2242 1020 ci
2266 968 2468 1024 similes
2487 978 2798 1026 crearentur
2825 990 2845 1024 ι
2875 971 2894 1042 (
2904 970 2980 1026 De
3006 971 3334 1028 Peccatorum
3359 975 3575 1044 Meritis,
3610 980 3702 1033 lib.

2113 1059 2168 1128 1,
2202 1077 2256 1116 n.
2289 1062 2400 1135 Η).
2428 1063 2546 1132 Quo
2593 1064 2719 1135 quid
2770 1064 3096 1132 mendacius,
3149 1070 3432 1134 amentius,
3461 1079 3515 1125 et
3540 1086 3706 1141 spur-

2112 1152 2230 1208 cius
2271 1154 2446 1224 potuit
2493 1155 2765 1220 insonare,
2797 1171 2955 1227 quam
3011 1175 3030 1209 ι
3063 1165 3186 1214 ante
3237 1170 3610 1230 peccaverunt,
3642 1173 3708 1218 ut

2111 1249 2457 1304 crearentur?
2491 1268 2511 1302 ι
2548 1249 2603 1304 ld
2627 1258 2730 1315 est,
2761 1249 3004 1305 faciendo
3028 1261 3354 1318 meruerunt,
3384 1263 3443 1308 ut
3481 1265 3706 1325 possent

2111 1356 2233 1397 esse
2255 1341 2342 1412 qui
2370 1341 2566 1412 aliquid
2597 1351 2980 1411 Operarentur;
3007 1351 3060 1397 et
3092 1344 3362 1414 antiquior
3383 1360 3570 1400 eorum
3598 1345 3706 1402 fuit

2111 1433 2270 1499 actio,
2315 1448 2472 1503 quam
2518 1432 2834 1488 substantia.
2881 1433 3013 1500 Quae
3040 1444 3366 1502 commenta,
3418 1436 3594 1508 Orgiis
3643 1447 3707 1494 et

2111 1521 2333 1595 Thyrsis
2383 1523 2586 1595 aptiora
2643 1540 2801 1596 quam
2850 1525 3038 1580 litteris
3067 1568 3083 1593 ,
3137 1527 3399 1583 indicasse
3443 1529 3702 1586 sufficiat.

2112 1613 2240 1672 Inde
2266 1630 2392 1687 ergo
2422 1617 2656 1671 manavit
2695 1615 2792 1672 ista
2833 1619 3107 1689 responsio
3132 1660 3146 1686 ,
3178 1633 3280 1689 qua
3315 1621 3474 1687 dicis,
3508 1620 3706 1678 Omnes

2109 1707 2163 1762 in
2189 1726 2246 1764 eo
2271 1720 2593 1778 peccaverunt
2613 1751 2630 1776 ,
2662 1711 2864 1782 quando
2888 1712 2977 1766 ille
3000 1728 3132 1766 unus
3157 1730 3324 1767 omnes
3354 1715 3558 1784 [nerunt
3587 1758 3602 1784 ,
3629 1718 3702 1773 de

2109 1818 2207 1871 quo
2257 1803 2445 1873 singuli
2484 1811 2742 1874 peccatum
2789 1803 3035 1873 originale
3083 1814 3361 1859 traxerunt.
3419 1807 3512 1862 Hic
3547 1808 3701 1865 enim

2109 1891 2452 1948 laborandum
2500 1910 2604 1948 non
2643 1902 2764 1955 est.
2806 1903 2864 1948 ut
2917 1894 3238 1960 doceamus,
3287 1911 3405 1951 cum
3451 1898 3702 1958 voluntas

2108 1999 2241 2054 opus
2269 2001 2508 2055 persona:
2553 1986 2652 2048 sit,
2685 1985 3008 2042 voluntatem
3038 1997 3160 2044 ante
3189 2004 3468 2060 personam
3494 2034 3509 2056 ,
3539 1993 3702 2064 cujus

2108 2077 2351 2130 voluntas
2398 2087 2516 2143 est,
2582 2091 2700 2132 esse
2748 2093 2853 2132 non
2905 2094 3058 2149 posse
3111 2098 3124 2132 :
3172 2081 3264 2135 sed
3310 2082 3436 2137 illud
3475 2087 3700 2154 potissi-

2108 2180 2251 2228 mum
2283 2167 2502 2237 intelligi
2529 2168 2650 2223 volo
2677 2210 2691 2234 ,
2723 2169 2845 2239 quia
2872 2185 2969 2225 nec
2997 2171 3288 2227 secundum
3322 2173 3456 2230 hanc
3479 2177 3700 2246 Opinio-

2107 2273 2228 2314 nem
2259 2268 2342 2314 est
2386 2260 2642 2330 originale
2680 2271 2971 2330 peccatum.
3013 2262 3145 2318 Nam
3177 2265 3228 2319 si
3257 2280 3442 2321 omnes
3473 2269 3542 2323 ibi
3574 2270 3701 2326 fue-

2056 2411 2062 2415 _
2105 2362 2231 2408 runt
2280 2355 2368 2424 qui
2417 2364 2806 2424 peccaverunt,
2839 2356 2972 2410 nihil
3021 2367 3293 2413 traxerunt
3337 2359 3402 2415 de
3445 2362 3698 2433 originali

2106 2447 2279 2514 malo,
2308 2448 2429 2518 quia
2460 2449 2511 2503 id
2542 2450 2772 2504 universi
2800 2451 2910 2505 suis
2935 2451 3123 2506 studiis
3145 2463 3530 2522 perpetrarunt.
3560 2456 3702 2510 Tra—

2105 2537 2208 2594 dux
2262 2554 2390 2610 ergo
2431 2541 2632 2610 peccati
2673 2556 2778 2595 non
2819 2541 2988 2596 solum
3036 2542 3294 2598 catholica
3339 2547 3558 2601 veritate
3592 2547 3693 2603 de-

2105 2631 2344 2697 struitur,
2362 2647 2545 2686 verum
2565 2632 2723 2686 etiam
2745 2633 2948 2703 patroni
2969 2631 3048 2687 sui
3067 2636 3391 2705 argumentis
3411 2639 3695 2694 omnibus:

2105 2723 2243 2794 quod
2284 2723 2497 2794 quidem
2549 2723 2710 2779 habet
2757 2723 3151 2782 mendaciorum
3203 2736 3423 2794 natura,
3475 2739 3532 2785 ut
3583 2746 3697 2786 non

2105 2823 2281 2872 servet
2316 2815 2596 2871 simulandi
2623 2816 3040 2883 concinentiam,
3083 2817 3177 2874 sed
3210 2821 3540 2876 verecundia:
3568 2838 3701 2892 pro—

2103 2905 2222 2976 diga
2242 2947 2257 2971 ,
2289 2915 2342 2961 et
2368 2906 2526 2961 alieni
2552 2915 2807 2978 appetens
2829 2947 2845 2974 ,
2875 2907 2928 2962 in
2959 2909 3218 2964 universis
3242 2925 3360 2980 quae
3403 2927 3702 2983 usurpave-

2104 2997 2174 3051 rit
2199 2996 2495 3067 delegatur.
2762 2998 2765 3002 ’

2175 3090 2310 3145 Auo.
2352 3088 2454 3143 Per
2471 3104 2636 3144 unum
2659 3088 2928 3145 hominem
2953 3131 2967 3155 ,
3001 3091 3053 3146 in
3085 3107 3190 3162 quo
3215 3107 3402 3150 omnes
3428 3111 3698 3164 peccave-

2105 3188 2263 3246 runt,
2297 3179 2351 3234 in
2381 3179 2636 3234 mundum
2670 3181 2897 3236 intrasse
2937 3191 3208 3252 peccatum
3235 3223 3250 3248 ,
3293 3184 3424 3240 dixit
3461 3188 3700 3257 Aposto—

2106 3275 2186 3328 lus
2209 3316 2226 3339 ,
2259 3275 2515 3329 intellexit
2547 3273 2858 3329 Ambrosius
2892 3292 2904 3327 :
2935 3275 3028 3330 sed
3058 3275 3244 3332 eadem
3274 3278 3434 3332 verba
3471 3291 3698 3349 aposto-

2106 3369 2204 3423 lica
2237 3369 2289 3423 iu
2331 3384 2484 3424 suum
2532 3383 2838 3435 perversum
2875 3383 3089 3423 sensum
3129 3381 3352 3426 conatur
3388 3383 3698 3442 pervertere

2103 3459 2360 3515 Julianus.
2405 3459 2513 3516 Cur
2539 3461 2589 3514 ei
2628 3475 2732 3514 non
2774 3460 2888 3528 ipse
2923 3461 3101 3530 potius
3152 3463 3440 3533 respondet
3461 3467 3699 3523 Ambro-

2105 3550 2258 3607 sius?
2305 3550 2441 3605 Audi
2480 3565 2643 3621 ergo,
2673 3549 2881 3606 Juliane
2908 3568 2922 3605 :
2957 3551 3171 3617 Omnes,
3204 3553 3408 3624 inquit,
3441 3556 3494 3610 in
3525 3557 3698 3612 Adam

2105 3643 2420 3707 moriuntur;
2445 3643 2563 3713 quia
2588 3660 2606 3694 ι
2629 3659 2718 3712 per
2744 3659 2900 3696 unum
2926 3643 3178 3697 hominem
3206 3653 3459 3714 peccatum
3486 3648 3697 3702 intravit

2106 3734 2158 3787 in
2185 3733 2462 3799 mundum,
2488 3742 2535 3786 et
2561 3750 2649 3804 per
2677 3742 2936 3804 peccatum
2959 3750 3094 3788 mors
3121 3743 3210 3800 ,'et
3234 3735 3306 3789 ita
3329 3737 3382 3790 in
3410 3753 3578 3792 omnes
3607 3739 3698 3792 ho-

2105 3825 2264 3878 mines
2309 3825 2632 3892 pertransiit,
2656 3825 2710 3879 in
2745 3841 2844 3896 quo
2881 3841 3052 3879 onmes
3095 3839 3421 3897 peccaverunt
3449 3845 3466 3882 :
3501 3847 3520 3882 ι
3552 3830 3696 3886 illius

2107 3932 2223 3987 ergo
2258 3916 2410 3985 culpa
2446 3931 2581 3969 mors
2608 3916 2833 3970 omnium
2861 3926 2933 3970 est
2966 3916 3112 3989 (Lib.
3135 3918 3169 3972 4
3192 3918 3246 3972 in
3282 3917 3408 3974 Luc.
3449 3936 3522 3984 tv,
3554 3921 3626 3976 58
3649 3921 3692 3990 ).

2106 4007 2243 4061 Audi
2286 4006 2460 4060 adhuc
2492 4005 2633 4061 aliud
2683 4025 2697 4061 :
2739 4005 2904 4074 Fuit,
2941 4008 3142 4079 inquit,
3187 4011 3390 4077 Adam,
3431 4022 3477 4066 et
3511 4013 3565 4065 in
3598 4015 3697 4068 illo

2108 4097 2296 4169 fuimus
2320 4114 2490 4152 omnes
2517 4114 2538 4162 ;
2564 4099 2712 4167 periit
2735 4099 2939 4166 Adam,
2966 4109 3012 4154 et
3047 4116 3219 4155 omnes
3243 4102 3296 4155 in
3316 4103 3406 4156 ille
3431 4103 3698 4174 perierunt

2112 4186 2256 4257 (Lib.
2287 4187 2317 4240 7
2343 4188 2396 4240 in
2420 4185 2548 4240 Luc.
2578 4203 2668 4252 xv,
2696 4186 2823 4260 24).
2847 4188 2978 4244 Huic
2996 4189 3102 4257 dic,
3129 4190 3173 4245 si
3200 4190 3385 4259 audes,
3415 4192 3556 4262 quod
3583 4209 3696 4249 una

2108 4279 2284 4333 anima
2298 4280 2510 4350 propria
2529 4279 2798 4335 voluntate
2829 4289 3098 4350 peccante,
3126 4297 3232 4336 non
3253 4291 3535 4353 potuerunt
3559 4298 3692 4354 per-

2107 4367 2185 4423 ire
2225 4376 2300 4422 tot
2324 4369 2514 4422 animce
2541 4369 2775 4423 nondum
2803 4369 3059 4426 habentes
3097 4373 3339 4441 proprias
3365 4373 3692 4431 voluntates.

2109 4459 2284 4530 Argue
2310 4459 2326 4491 ί
2370 4459 2438 4514 de
2483 4460 2684 4529 origine
2711 4460 3006 4516 animarum
3047 4463 3433 4520 cunctationem
3476 4481 3692 4533 meam,

2107 4552 2228 4622 quia
2266 4566 2370 4606 non
2412 4551 2580 4606 audeo
2619 4551 2812 4608 docere
2845 4553 2927 4610 vel
2974 4554 3239 4611 affirmare
3277 4557 3418 4626 quod
3457 4558 3640 4613 nescio
3677 4577 3694 4616 :

2109 4641 2286 4712 profer
2313 4652 2368 4697 tu
2394 4642 2459 4698 de
2479 4641 2636 4711 hujus
2663 4644 2739 4698 rei
2769 4653 2876 4698 tam
2903 4645 3159 4715 profunda
3185 4647 3508 4704 obscuritate
3544 4651 3696 4720 quod

2108 4735 2281 4804 placet
2311 4751 2327 4802 ;
2352 4734 2478 4789 dum
2503 4744 2681 4789 tamen
2707 4734 2809 4790 fixa
2835 4744 2890 4790 et
2915 4737 3226 4792 inconcussa
3247 4739 3317 4792 sit
3343 4739 3440 4794 ista
3468 4749 3693 4796 senten-

2111 4824 2181 4878 tia
2201 4863 2216 4891 ,
2249 4825 2373 4895 quia
2402 4823 2541 4879 illius
2569 4825 2726 4880 unius
2767 4825 2920 4896 culpa
2952 4841 3098 4882 mors
3128 4829 3367 4884 omnium
3397 4839 3512 4898 est,
3541 4843 3595 4887 et
3634 4834 3693 4890 in

2109 4913 2203 4971 illo
2239 4931 2424 4970 omnes
2453 4916 2722 4984 perierunt
2749 4935 2762 4982 ;
2791 4915 2932 4972 unde
2964 4928 3111 4973 venit
3151 4919 3473 4975 novissimus
3516 4923 3694 4980 Adam

2108 5020 2349 5076 quaerere
2374 5015 2428 5060 et
2449 5006 2658 5061 salvare
2683 5007 2820 5077 quod
2848 5008 3078 5078 perierat
3096 5008 3246 5080 (Luc.
3277 5026 3391 5078 xu,
3417 5013 3525 5085 10).
3556 5015 3700 5071 Huic

2108 5095 2225 5162 dic,
2266 5096 2332 5150 Et
2358 5095 2443 5151 isti
2471 5112 2598 5168 ergo
2635 5112 2730 5152 sua
2767 5100 3036 5156 voluntate
3061 5112 3445 5172 peccaverunt,
3474 5121 3607 5174 quos
3638 5109 3700 5162 in

2109 5187 2201 5244 illo
2225 5187 2445 5258 periisse
2465 5189 2598 5244 dicis
2617 5231 2631 5257 ,
2662 5190 2750 5260 qui
2776 5205 2868 5245 sua
2890 5191 3159 5248 voluntate
3183 5196 3438 5264 peccavit.
3470 5196 3574 5252 Sed
3597 5213 3701 5266 po-

2111 5289 2248 5337 terat
2273 5281 2585 5336 Ambrosius
2613 5281 2714 5335 hoc
2742 5281 3040 5352 intelligere
3065 5323 3079 5348 ,
3105 5285 3245 5354 quod
3286 5295 3343 5340 tu
3370 5303 3472 5340 non
3502 5298 3657 5358 potes
3681 5333 3697 5355 ,

2112 5389 2218 5432 non
2272 5374 2376 5432 hoc
2411 5374 2517 5429 dici
2564 5377 2824 5446 propter”
2853 5375 3129 5431 arbitrium
3169 5378 3492 5449 singulorum
3528 5422 3546 5449 ,
3595 5383 3700 5437 sed

2110 5477 2329 5540 promer
2355 5467 2611 5540 originem
2641 5469 2860 5523 seminis
2880 5510 2894 5534 ,
2929 5469 3066 5524 unde
3090 5485 3278 5527 omnes
3305 5471 3465 5526 futuri
3491 5484 3647 5528 erant
3682 5493 3698 5529 :

2111 5557 2401 5615 secundum
2442 5574 2598 5629 quam
2641 5559 2898 5629 originem
2924 5574 3111 5616 omnes
3143 5561 3192 5616 in
3229 5562 3321 5617 illo
3359 5578 3466 5618 uno
3503 5573 3696 5632 erant,

2112 5660 2170 5708 et
2193 5651 2246 5708 bi
2273 5665 2460 5707 omnes
2478 5665 2614 5706 unus
2635 5650 2724 5706 ille
2742 5661 2911 5720 erant,
2935 5653 3024 5723 qui
3049 5653 3104 5708 in
3128 5667 3187 5709 se
3207 5654 3334 5725 ipsis
3360 5654 3488 5711 nulli
3516 5655 3698 5714 adhuc

2178 5827 2200 5920 ἶ
2230 5833 2386 5937 ἓἕῖἱῖ
2406 5831 2558 5937 5.1393:
2563 5831 3020 5950 ἐξεῗῗίῖπῖτὲῧωη
3036 5927 3053 5952 ,
3075 5889 3169 5942 sed
3188 5890 3328 5944 ιιιαι
3346 5902 3379 5943 ι
3395 5897 3505 5943 in.
3684 5910 3751 5960 η
