3962 6484
158 446 271 508 “01
513 456 639 488 ’λι

157 571 304 623 erant.
337 555 642 616 Secundum
683 552 820 610 hanc
853 553 1115 626 originem
1159 552 1470 609 seminalem
1491 593 1505 616 ,
1551 553 1713 608 etiam

154 654 264 715 Levi
303 652 354 707 in
402 649 596 706 lumbis
633 647 798 719 patris
843 646 925 702 sui
972 644 1242 701 Abraham
1273 643 1438 700 fuisse
1485 643 1712 710 dicitur,

155 746 340 822 quando
364 760 393 798 a
414 739 807 800 Melchisedech
827 737 1120 795 decimatus
1138 745 1221 791 est
1245 736 1515 792 Abraham
1539 751 1553 788 :
1579 733 1719 789 unde

156 853 200 899 et
235 842 340 910 ipse
380 836 510 893 Levi
554 845 680 891 tunc
721 833 1016 888 decimatus
1057 827 1390 894 ostenditur,
1426 827 1615 881 nonin
1657 841 1718 882 se

97 971 106 986 ..
155 935 281 1002 ipso,
306 928 401 983 sed
430 929 486 982 in
509 927 600 982 illo
626 926 679 980 in
705 923 856 995 cujus
881 921 984 977 fuit
1004 921 1198 977 lumbis
1224 937 1237 972 :
1269 934 1368 975 nec
1392 918 1580 986 voluit,
1615 932 1716 974 nec

110 1023 117 1076 Ῡ
153 1021 299 1082 noluit
326 1018 580 1078 decimari
615 1035 631 1085 ;
661 1016 917 1088 quoniam
946 1013 1090 1070 nulla
1130 1013 1245 1084 ejus
1285 1012 1532 1067 voluntas
1561 1019 1711 1078 erat,

153 1111 340 1188 quando
363 1110 658 1167 secundum
685 1109 1034 1165 substantiam
1064 1115 1081 1146 ί
1112 1120 1260 1161 suam
1289 1119 1386 1160 nec
1409 1105 1522 1174 ipse
1541 1102 1717 1159 adhuc

151 1217 290 1272 erat;
329 1215 388 1262 et
429 1214 604 1261 tamen
653 1203 945 1260 secundum
991 1202 1254 1257 rationem
1297 1199 1516 1256 seminis
1544 1241 1558 1266 ,
1609 1211 1716 1254 non

151 1298 495 1364 mendaciter,
541 1312 640 1353 nec
669 1295 896 1351 inaniter
920 1295 1120 1351 dictum
1153 1304 1266 1360 est,
1309 1291 1451 1363 quod
1485 1292 1554 1347 ibi
1581 1292 1678 1348 fuit
1698 1331 1716 1358 ,

151 1405 196 1454 et
217 1395 504 1450 decimatas
539 1401 642 1446 est.
673 1390 828 1448 Unde
860 1390 928 1445 ab
966 1389 1068 1445 hac
1096 1388 1449 1444 decimatione
1489 1386 1718 1441 ﬁliorum

149 1485 391 1552 Abrahze,
423 1484 514 1556 qui
539 1491 694 1538 erant
717 1483 770 1538 in
805 1481 1000 1538 lumbis
1031 1481 1176 1552 ejus,
1208 1479 1419 1550 quando
1444 1477 1720 1534 Melchise-

150 1581 267 1639 dech
289 1579 556 1639 sacerdoti
585 1577 819 1634 decimas
840 1576 1028 1642 dedit,
1060 1575 1152 1632 ille
1175 1574 1323 1630 solus
1349 1573 1600 1630 sacerdos
1625 1589 1720 1629 ex-

149 1684 314 1746 ceptus
340 1683 446 1739 est,
474 1673 558 1728 cui
580 1673 780 1728 dictum
801 1681 884 1728 est
912 1690 925 1726 :
953 1671 1029 1725 Tu
1057 1687 1107 1725 es
1141 1661 1450 1724 sacerdosin
1478 1677 1720 1731 cateruam

149 1767 404 1824 secundum
416 1765 646 1820 ordinem
668 1764 1036 1820 Melchisedech
1064 1761 1232 1834 (Psal.
1256 1778 1364 1826 cur,
1383 1763 1461 1833 4).
1481 1763 1578 1828 Qui
1598 1762 1722 1819 licet

149 1861 206 1917 sit
225 1859 379 1915 etiam
412 1859 525 1929 ipse
563 1856 856 1913 secundum
897 1871 1112 1911 carnem
1151 1869 1334 1912 semen
1362 1855 1626 1922 Abrahae,
1654 1870 1720 1911 eo

149 1950 270 2023 quod
296 1949 447 2021 virgo
473 1949 667 2018 Maria,
715 1949 782 2004 de
822 1963 926 2020 qua
954 1963 1168 2004 carnem
1200 1947 1461 2018 sumpsit,
1495 1964 1559 2002 ex
1603 1949 1720 2018 ipso

149 2046 362 2109 semine,
411 2049 698 2113 pr0pagata
719 2049 802 2096 est
833 2058 846 2095 :
884 2055 992 2096 non
1034 2047 1211 2096 tamen
1252 2048 1336 2094 est
1359 2039 1618 2094 obnoxius
1645 2037 1722 2093 ei-

149 2136 253 2191 dem
286 2133 520 2199 semini,
547 2133 638 2204 qui
665 2132 803 2188 virili
825 2146 931 2188 non
957 2140 1040 2188 est
1074 2141 1362 2203 conceptus
1384 2146 1449 2186 ex
1478 2129 1683 2186 semine
1702 2170 1718 2196 ,

148 2227 264 2284 liber
303 2241 332 2278 a
378 2241 520 2280 nexu
567 2224 922 2281 seminatricis
960 2223 1426 2295 concupiscentiae.
1457 2222 1572 2277 Non
1606 2221 1719 2291 jam

149 2332 258 2389 ergo
283 2317 571 2372 Ambrosio
598 2357 612 2382 ,
647 2318 785 2372 sicut
813 2316 1056 2372 dicebam
1075 2357 1088 2380 ,
1116 2316 1210 2372 sed
1240 2316 1314 2371 illi
1343 2316 1430 2370 dic
1455 2315 1545 2386 qui
1584 2314 1719 2369 scri-

149 2411 241 2481 psit
267 2410 330 2466 ad
363 2410 652 2477 Hebraeos,
680 2417 839 2480 atque
865 2409 940 2464 ait
972 2428 985 2464 :
1019 2407 1116 2476 Et,
1147 2409 1274 2462 sicut
1303 2417 1498 2479 oportet
1523 2408 1716 2472 dicere,

152 2514 336 2576 ποριεῖ
367 2503 632 2558 Abraham
657 2512 703 2557 et
732 2501 853 2556 Levi
880 2501 1134 2573 accipiens
1161 2500 1409 2555 decimam
1441 2499 1720 2552 decimatas

152 2609 212 2654 est
244 2595 456 2661 ,‘adhuc
485 2595 618 2649 enim
654 2593 708 2647 in
734 2592 916 2647 lumbis
949 2591 1108 2662 patris
1131 2595 1212 2646 sui
1249 2592 1382 2664 fuit,
1414 2607 1530 2644 cum
1563 2590 1609 2644 ei
1638 2605 1724 2644 oc-

151 2691 284 2746 currit
321 2687 697 2743 Melchisedech
736 2685 942 2760 (Hebr.
970 2686 1042 2740 vri
1068 2727 1081 2750 ,
1131 2684 1165 2740 9
1189 2727 1203 2751 ,
1245 2683 1374 2754 10).
1421 2683 1554 2738 Huic
1578 2685 1598 2714 ¹
1629 2697 1723 2738 ca-

149 2782 391 2838 lumniare
412 2796 555 2837 caeca
580 2780 934 2850 loquacitate,
963 2787 1020 2836 et
1038 2763 1128 2834 ilic
1155 2778 1199 2832 si
1225 2777 1388 2832 audes
1420 2795 1431 2830 :
1465 2776 1593 2831 Cum
1624 2792 1720 2846 pa-

150 2883 220 2930 ter
246 2874 516 2930 Abraham
569 2872 841 2928 voluntate
879 2886 975 2927 sua
1015 2869 1176 2926 fuerit
1216 2868 1539 2934 decimatus,
1585 2882 1723 2938 quo-

149 2967 288 3021 modo
314 2965 488 3037 potuit
511 2981 608 3036 per
642 2965 783 3019 illius
810 2963 1138 3018 voluntatem
1173 2960 1458 3025 decimari,
1500 2959 1602 3013 hoc
1641 2966 1726 3014 est

150 3059 362 3113 decimas
386 3058 518 3113 dare
543 3056 565 3089 ³
592 3056 744 3123 Levi,
771 3056 924 3125 cujus
961 3054 1207 3110 voluntas
1233 3053 1378 3106 nulla
1409 3061 1521 3106 erat
1538 3092 1555 3118 ,
1601 3050 1735 3120 quia-

148 3151 342 3206 omnino
393 3150 510 3220 ipse
556 3147 791 3203 nondum
833 3157 947 3203 erat
973 3146 996 3200 ?
1023 3145 1101 3201 Ea
1141 3145 1349 3200 ratione
1377 3144 1607 3214 quippe,
1639 3142 1722 3199 vel

149 3245 300 3315 potius
340 3245 446 3299 hoc
482 3258 667 3303 errore
693 3242 824 3298 dicis
848 3250 902 3296 et
930 3239 1086 3295 nobis
1116 3257 1128 3294 :
1157 3238 1288 3294 Cum
1321 3225 1722 3309 primus'homo

150 3336 399 3392 voluntate
443 3335 782 3406 peccaverit.
825 3331 1091 3405 quomodo
1127 3339 1415 3401 potuerunt
1467 3344 1560 3398 per
1605 3328 1722 3397 ejus

149 3429 459 3484 voluntatem
488 3427 649 3483 simul
677 3427 730 3482 in
759 3425 854 3481 illo
890 3437 1140 3495 peccare,
1173 3422 1263 3493 qui
1295 3437 1444 3477 suam
1488 3420 1722 3476 nondum

149 3522 438 3589 habebant,
489 3523 613 3594 quia
650 3536 746 3592 per
781 3519 1129 3576 substantiam
1178 3530 1326 3572 suam
1372 3515 1501 3570 nulli
1549 3513 1725 3569 adhuc

149 3616 318 3671 erant?
339 3615 453 3670 lmo
478 3614 664 3670 desine
691 3628 825 3669 vana
843 3613 1067 3684 garrire,
1090 3619 1144 3666 et
1159 3624 1349 3666 omnes
1369 3608 1459 3679 qui
1488 3606 1724 3662 nondum

148 3710 240 3763 nati
266 3708 398 3762 nihil
429 3723 524 3777 per
548 3706 794 3777 prpprias
819 3704 1120 3758 voluntates
1145 3717 1304 3772 agere
1330 3710 1577 3771 poterant
1598 3698 1723 3754 boni

147 3802 219 3856 vel
248 3802 369 3856 mali
395 3843 410 3865 ,
443 3800 494 3855 in
525 3813 632 3853 uno
671 3797 905 3868 potuisse
934 3809 1184 3865 peccare,
1216 3792 1269 3848 in
1299 3808 1406 3862 quo
1435 3807 1530 3860 per
1556 3789 1722 3845 ratio-

149 3909 253 3948 nem
293 3892 519 3948 seminis
565 3900 751 3957 erant,
798 3888 1012 3959 quando
1052 3888 1143 3942 ille
1191 3885 1404 3956 propria
1452 3876 1724 3938 voluntate

146 3997 404 4056 peccatum
447 3983 577 4040 illud
618 3982 819 4054 grande
863 3979 1098 4050 peccavit
1123 4019 1139 4046 ,
1175 3987 1524 4046 naturamque
1564 3975 1615 4028 in
1665 3988 1724 4029 se

146 4079 365 4144 vitiavit,
423 4077 678 4142 mulavit,
736 4071 1042 4129 obnoxiavit
1104 4071 1442 4133 humanam;
1498 4075 1722 4137 excepto

147 4185 238 4226 uno
265 4171 484 4226 homine
513 4209 528 4235 ,
560 4167 649 4238 qui
677 4182 740 4223 ex
771 4167 886 4236 ipso
913 4163 1125 4236 quidem
1156 4163 1378 4226 semine,
1412 4176 1517 4215 non
1548 4168 1723 4215 tamen

147 4265 370 4320 seminali
402 4264 608 4318 ratione
635 4267 947 4332 procreatus
985 4266 1102 4325 est,
1150 4257 1193 4312 si
1220 4266 1372 4327 potes
1396 4296 1412 4323 ,
1441 4255 1678 4325 intelligo
1705 4271 1719 4322 ;

146 4357 185 4411 si
202 4371 298 4410 non
331 4363 487 4425 potes
506 4396 521 4419 ,
549 4351 735 4408 crede.

207 4447 306 4505 CV.
347 4448 473 4503 Jun.
509 4447 635 4501 Post
664 4445 802 4500 hanc
821 4457 948 4499 vero
973 4439 1378 4510 responsionem
1406 4438 1546 4495 aliud
1575 4439 1662 4495 ubi
1693 4454 1722 4493 a

143 4557 218 4597 me
236 4543 480 4612 pulsatus
500 4537 692 4604 fuerat,
717 4536 934 4592 deluere
953 4543 1195 4590 conatur.
1223 4534 1336 4604 Ego
1356 4533 1552 4603 quippe
1575 4541 1722 4603 post-

143 4651 284 4705 quam
323 4635 396 4689 de
425 4631 772 4704 parvulorum
802 4630 1072 4684 voluntate
1110 4627 1490 4697 requisiveram
1512 4667 1526 4692 ,
1573 4641 1726 4680 secn—

142 4735 217 4782 tus
241 4742 358 4782 sum
393 4744 408 4781 :
442 4724 550 4781 Sed
574 4739 727 4794 negas
755 4722 849 4776 hoc
872 4762 888 4788 ,
927 4720 983 4775 id
1009 4728 1080 4774 est
1103 4759 1118 4785 ,
1149 4718 1456 4772 voluntatem
1484 4718 1729 4787 peccatri-

141 4837 235 4874 cem
260 4821 423 4875 inesse
448 4815 767 4872 acuentibus
794 4856 808 4880 ,
839 4822 885 4868 et
915 4813 1042 4867 dicis
1070 4820 1235 4865 tamen
1277 4826 1381 4864 esse
1409 4809 1500 4862 sub
1524 4808 1727 4862 diabolo

141 4913 366 4985 parvulos
392 4954 409 4976 ,
441 4926 532 4964 nec
565 4905 857 4962 dissimulas
887 4921 977 4975 per
1003 4903 1125 4974 quid
1171 4918 1255 4956 eos
1294 4900 1473 4972 degere
1515 4899 1606 4954 sub
1637 4915 1729 4971 po-

141 5013 302 5057 testate
353 5002 495 5056 illius
545 4997 802 5054 arbitreris
832 4995 972 5049 :ais
1013 4994 1234 5064 quippe,
1285 4991 1414 5056 Quia
1466 4989 1528 5043 de
1579 5005 1727 5044 sexus

138 5096 387 5166 utriusque
421 5088 775 5147 commixtione
811 5094 1118 5152 nascuntur,
1167 5081 1255 5136 sub
1283 5081 1574 5135 adversaria
1611 5090 1729 5134 sunt

140 5171 394 5257 potestate.
433 5188 705 5242 Dictorum
733 5181 849 5253 ejus
880 5181 1058 5250 itaque
1091 5176 1394 5232 testimonio
1422 5174 1626 5245 patuit,
1659 5174 1730 5228 ob

138 5281 234 5338 hoc
263 5283 414 5337 illum
446 5279 699 5351 parvulos
724 5274 954 5332 dmmoni
984 5271 1254 5327 vindicare
1279 5310 1291 5332 ,
1320 5268 1444 5338 quia
1474 5267 1540 5322 de
1569 5281 1729 5322 sexus

136 5376 410 5446 utriusque
453 5372 666 5428 fuerant
705 5366 1087 5425 commistione
1124 5359 1410 5432 prognati;
1457 5373 1552 5428 per
1588 5357 1729 5428 quod

135 5466 322 5533 docui,
354 5466 499 5521 illum
529 5462 741 5533 nuptias
767 5475 885 5531 qua:
915 5473 946 5512 a
990 5457 1100 5511 Deo
1123 5453 1379 5509 institutae
1423 5458 1578 5514 sunt,
1610 5465 1729 5519 quae

135 5667 310 5724 passe.

165 5800 216 5867 »ι
254 5841 340 5883 Ms.
386 5839 498 5882 Mar.
537 5830 757 5893 praeterit
776 5862 791 5888 ,
835 5820 1150 5876 substantiam
1181 5832 1199 5871 :
1244 5817 1371 5870 forte
1413 5820 1470 5866 ut
1522 5826 1582 5864 eo
1622 5813 1730 5864 loco

133 5896 497 5960 mbaudiarnus,
530 5891 834 5960 inlinitatem.
884 5948 895 5960 Ι
950 5950 960 5960 ο

197 5962 220 5992 ι
251 5948 548 6071 gignimus,
571 5952 698 6005 hinc.
725 5959 814 6023 Mss
838 5986 852 6010 ,
877 5948 1004 6000 huic.

197 6019 218 6050 ³
341 6021 398 6071 ti.
420 6017 635 6071 decurias
657 6015 784 6067 dan.
815 6011 1004 6063 Emend:

192 6019 218 6050 ³
251 6009 398 6086 Editi,
420 6009 635 6071 deciinus
657 6013 784 6067 dari.
815 6011 1137 6063 Emendantur
1177 6021 1240 6059 ex
1276 6013 1356 6066 Ms,
1405 6009 1666 6071 Portarum.

1501 435 1703 494 LIBER
1732 432 2083 508 QUARTUS.

3269 438 3410 498 1402

1893 552 2032 608 Aac.
2062 550 2174 608 Hoc
2215 550 2360 608 nulla
2393 549 2601 607 ratione
2643 551 2838 610 docere
2876 553 3128 625 potuisti,
3169 559 3411 629 quamvis

1827 643 1990 699 fueris
2025 643 2190 700 multa
2224 644 2570 700 contentione
2605 653 2865 713 conatus;
2897 647 3039 719 quod
3086 660 3307 720 possunt
3335 651 3414 708 vi-

1825 736 1954 793 dere
1979 779 1994 806 ,
2045 737 2134 809 qui
2172 739 2354 810 legunt
2391 747 2446 796 et
2475 747 2593 796 tuas
2628 740 2954 810 calumnias,
2980 752 3034 798 et
3062 745 3410 805 refutationcs

1829 839 1996 883 meas.

1898 919 2028 975 CVI.
2067 921 2188 978 Jun.
2230 923 2341 980 Hoc
2367 939 2496 995 ergo
2524 939 2667 981 nunc
2701 924 2803 981 sibi
2833 928 3146 998 proposuit,
3191 938 3244 986 et
3271 947 3412 1002 pra:-

1827 1013 1988 1069 mittit
2011 1015 2477 1086 interrogationem
2503 1033 2698 1073 meam.
2721 1018 2862 1074 Dicis
2891 1037 3033 1093 ergo,
3069 1022 3238 1093 inquit
3261 1065 3275 1090 ,
3303 1025 3417 1081 ideo

1827 1107 1943 1163 illos
1964 1125 2068 1163 esse
2094 1112 2186 1165 sub
2215 1111 2416 1166 diabolo
2431 1153 2445 1178 ,
2474 1113 2593 1183 quia
2617 1113 2680 1168 de
2703 1130 2851 1169 sexus
2880 1117 3141 1187 utriusque
3163 1120 3413 1174 commix-

1829 1202 1964 1256 tione
2007 1211 2279 1256 nascuntur
2303 1203 2327 1257 ?
2357 1203 2437 1259 Ad
2471 1203 2611 1276 quod
2639 1205 2852 1276 qualem
2880 1207 3294 1265 satisfactionem
3329 1225 3416 1266 re-

1829 1292 2003 1362 ferat,
2054 1293 2351 1351 audiamus.
2402 1295 2567 1364 Dico,
2613 1297 2816 1369 inquit,
2861 1300 3012 1370 plane
3038 1312 3246 1374 propter
3283 1304 3413 1359 deli-

1827 1393 1962 1439 ctum
2000 1385 2117 1441 illos
2155 1403 2261 1442 esse
2288 1387 2380 1443 sub
2417 1389 2618 1445 diabolo
2648 1407 2668 1445 :
2695 1391 2808 1447 ideo
2834 1403 3004 1449 autem
3043 1406 3272 1467 expertes
3317 1415 3418 1455 non

1828 1494 1934 1532 esse
1962 1478 2163 1547 delicti,
2207 1482 2326 1552 quia
2367 1482 2431 1537 de
2453 1483 2546 1537 illa
2586 1486 2940 1542 commixtione
2970 1499 3088 1543 sunt
3125 1491 3233 1544 nati
3255 1531 3272 1558 ,
3307 1507 3421 1562 qua:

1827 1572 1936 1626 sine
1976 1574 2214 1643 pudenda
2239 1575 2446 1630 libidine
2471 1594 2572 1632 non
2601 1588 2763 1651 potest
2794 1581 2941 1635 etiam
2985 1583 3122 1654 quod
3157 1583 3422 1640 honestum

1829 1673 1899 1718 est
1927 1667 2145 1735 operari.
2189 1665 2332 1721 Dixit
2371 1669 2464 1723 hoc
2492 1670 2642 1723 etiam
2675 1670 2974 1727 beatissima:
3008 1675 3260 1730 memoriae
3292 1677 3419 1730 Am-

1828 1762 2021 1818 brosius
2051 1764 2258 1837 (Supra
2283 1808 2297 1833 ,
2327 1767 2390 1821 de
2419 1766 2628 1839 Nuptiis
2652 1779 2699 1823 et
2739 1768 3156 1841 Concupisceutia
3177 1812 3191 1836 ,
3229 1770 3314 1826 lib.
3342 1769 3378 1824 2
3399 1811 3417 1840 ,

1830 1873 1884 1910 η.
1914 1857 1982 1912 15
2007 1856 2046 1928 ).
2077 1857 2123 1913 0
2147 1859 2514 1916 calamitosam
2543 1861 2774 1918 hominis
2802 1864 3113 1932 pravitatem
3139 1864 3152 1917 !
3183 1877 3217 1918 0
3247 1863 3420 1919 inten-

1830 1947 2028 2004 tionem
2056 1949 2340 2006 nel‘andam
2375 1952 2388 2006 !
2418 1969 2450 2007 ο
2479 1951 2762 2009 falsitatem
2791 1955 3208 2011 erubescendum
3238 1957 3252 2009 ι

1901 2045 2037 2101 Avo.
2080 2045 2352 2115 Exclama,
2382 2047 2620 2104 exclama
2648 2059 2903 2119 quantum
2934 2058 3084 2120 potes
3111 2067 3124 2104 :
3157 2049 3293 2105 adde
3322 2065 3419 2106 ex-

1829 2137 2238 2195 clamationibus
2268 2139 2403 2208 tuis,
2445 2138 2491 2196 Ο
2529 2140 2612 2195 hia
2661 2141 2733 2214 (ιι)
2765 2142 2778 2196 ι
2820 2141 2990 2197 Homo
3035 2141 3229 2213 quippe
3260 2142 3419 2196 inno—

1829 2246 1995 2299 cens,
2045 2232 2153 2287 vim
2206 2233 2440 2303 pateris,
2485 2242 2542 2288 ut
2589 2233 2936 2289 lllauichceum
2987 2234 3166 2290 dicere
3212 2233 3422 2304 cogaris

1828 2322 2189 2377 Ambrosium.
2232 2323 2418 2390 Absit,
2461 2324 2635 2395 inquis
2655 2366 2670 2392 ,
2703 2335 2760 2380 ut
2784 2325 2978 2380 dicam.
3010 2323 3116 2380 Cur
3139 2367 3154 2393 ,
3189 2325 3419 2396 quaeso?

1829 2413 1911 2468 An
1944 2413 2028 2469 hic
2055 2414 2293 2472 ostendis
2335 2425 2545 2486 quanta
2576 2417 2644 2470 sit
2673 2415 2928 2472 fortitudo
2974 2417 3125 2473 liberi
3173 2417 3416 2484 arbitrii,

1828 2506 2041 2576 quando
2069 2515 2267 2562 tantam
2307 2507 2412 2562 vim
2452 2509 2648 2579 pateris
2679 2519 2737 2564 ut
2761 2509 2906 2566 dicas
2933 2552 2948 2578 ,
2987 2525 3085 2565 nec
3113 2518 3289 2566 tamen
3334 2509 3420 2565 di-

1829 2599 1906 2653 cis
1932 2599 1954 2653 ?
1983 2599 2089 2655 Cur
2113 2615 2242 2671 ergo
2270 2615 2356 2657 me
2379 2601 2512 2656 dicis
2531 2644 2546 2670 ,
2576 2602 2716 2672 quod
2754 2602 2902 2657 illum
2949 2618 3069 2660 esse
3113 2618 3217 2657 non
3249 2602 3414 2668 dicis,

1829 2706 1948 2746 cum
1979 2691 2079 2746 hoc
2109 2692 2196 2748 ille
2223 2701 2369 2749 tanto
2394 2702 2520 2749 ante
2551 2694 2780 2761 dixerit,
2810 2694 2952 2766 quod
2983 2710 3082 2766 ego
3109 2709 3251 2750 nunc
3277 2693 3420 2760 dico,

1830 2790 1990 2852 atque
2019 2783 2073 2838 in
2105 2783 2203 2839 hac
2229 2785 2492 2840 sententia
2529 2795 2929 2857 propterquam
2958 2786 3307 2843 Manichmum
3336 2803 3424 2842 me

1832 2875 1964 2932 dicis
1988 2918 2004 2944 ,
2034 2875 2163 2932 mihi
2191 2885 2246 2932 et
2270 2877 2345 2932 illi
2366 2879 2435 2933 sit
2461 2892 2620 2933 causa
2648 2879 2948 2934 communis
2975 2879 2999 2933 ?
3025 2868 3112 2934 Any
3130 2920 3146 2946 ,
3168 2879 3420 2950 quoniam

1831 2985 1938 3024 non
1979 2971 2186 3026 invenis
2228 2985 2331 3042 qua
2380 2987 2575 3037 exeas,
2605 2972 2738 3027 iram
2781 2973 2994 3042 quidem
3011 2973 3278 3039 simulas,
3314 2987 3421 3028 non

1833 3071 2007 3117 tamen
2035 3061 2230 3128 iratus,
2259 3063 2353 3119 sed
2378 3064 2620 3119 turbatus
2659 3067 2964 3121 exclamas?
2995 3066 3189 3121 Verum
3213 3067 3265 3121 in
3295 3067 3424 3136 ipsis

1830 3155 2304 3210 exclamationibus
2355 3156 2460 3212 tuis
2503 3157 2699 3223 audin,
2753 3155 2798 3212 0
2846 3157 3204 3212 Calantitosam
3258 3157 3423 3211 homi-

1831 3245 1909 3298 nis
1941 3247 2237 3316 pravitatem
2264 3248 2285 3302 .’
2309 3247 2439 3316 Quia
2467 3249 2714 3304 videlicet
2743 3248 2904 3304 homo
2931 3264 3049 3304 sum
3079 3249 3423 3305 calamitosus

1829 3345 1886 3392 et
1926 3353 2156 3408 pravus,
2207 3341 2296 3411 qui
2342 3343 2646 3398 consentire
2689 3343 2828 3413 eligo
2875 3343 3160 3398 Ambrosio
3199 3358 3420 3400 :essem

1831 3446 1960 3487 vero
1979 3431 2167 3489 beatus
2182 3444 2236 3488 et
2265 3443 2443 3491 rectus
2467 3477 2481 3502 ,
2506 3437 2550 3492 si
2578 3436 2830 3508 eligerem
2851 3439 3156 3495 consentire
3181 3439 3416 3495 Juliano.

1829 3523 2004 3579 Audio
2023 3566 2038 3591 ,
2070 3523 2114 3579 0
2143 3526 2468 3582 intentionem
2504 3529 2776 3600 nefandam
2804 3530 2825 3584 .'
2844 3530 3074 3585 Intentio
3097 3532 3295 3603 quippe
3328 3548 3425 3616 no-

1831 3624 1940 3670 stra
1971 3617 2194 3672 nefanda
2235 3628 2337 3685 εει,
2367 3620 2488 3690 quia
2524 3623 2844 3691 opponimus
2882 3623 3219 3678 Ambrosium
3255 3624 3423 3680 Julia-

1832 3721 1902 3759 no
1934 3723 1946 3760 :
1979 3717 2123 3762 esset
2161 3719 2338 3764 autem
2368 3708 2526 3766 fanda
2552 3753 2566 3778 ,
2610 3713 2652 3766 si
2687 3713 2952 3769 lulianum
2993 3731 3424 3786 praeponeremus

1832 3797 2137 3854 Ambrosio.
2171 3799 2276 3855 Sed
2301 3801 2540 3871 quid—est
2567 3803 2706 3873 quod
2727 3804 2886 3858 audio
2917 3807 3125 3860 tertiam
3156 3807 3438 3863 exclama-~

1833 3891 2031 3946 tionem
2071 3901 2252 3961 tuam,
2288 3894 2334 3948 0
2371 3896 2644 3967 falsitatem
2672 3897 3057 3953 erubescendum
3091 3901 3111 3953 .'
3143 3899 3424 3957 Falsamne

1831 3981 1968 4038 dicis
1993 3998 2113 4040 esse
2137 3985 2407 4042 Ambrosii
2437 3987 2757 4044 sententiam
2781 4029 2797 4057 ,
2833 3989 2883 4044 id
2909 4001 2991 4046 est
3015 4033 3030 4059 ,
3062 3991 3205 4061 quod
3231 3991 3422 4048 falsum

1831 4077 1948 4148 ipse
1989 4080 2260 4136 senserit?
2306 4095 2373 4136 an
2414 4097 2534 4138 eam
2580 4097 2679 4139 nos
2708 4082 2781 4138 illi
2811 4082 2946 4140 falso
2991 4085 3256 4152 tribuere,
3302 4101 3423 4142 cum

1832 4168 1935 4226 hoc
1974 4172 2089 4242 ipse
2118 4186 2223 4227 non
2263 4174 2530 4240 senserit,
2577 4189 2752 4245 neque
2786 4175 2839 4230 id
2885 4177 3105 4232 omnino
3133 4179 3275 4248 quod
3303 4194 3426 4234 cum

1833 4279 1933 4319 nos
1978 4265 2176 4321 dixisse
2205 4265 2433 4323 dicimus
2461 4266 2658 4323 dixerit
2689 4269 2714 4322 ?
2742 4283 2810 4324 an
2850 4285 2966 4325 eam
2999 4284 3098 4325 nos
3127 4287 3232 4325 non
3269 4272 3427 4326 intel-

1834 4359 2048 4430 ligendo
2072 4403 2086 4428 ,
2119 4359 2309 4416 falsum
2331 4361 2538 4432 opinari
2566 4362 2632 4418 de
2657 4362 2774 4430 illa,
2805 4378 2925 4418 cum
2957 4365 3070 4434 ipsa
3106 4364 3177 4419 sit
3204 4379 3328 4419 vera
3351 4366 3368 4397 ί
3404 4365 3428 4417 ?

1833 4450 1941 4507 Sed
1971 4466 2074 4506 non
2105 4459 2210 4506 tam
2249 4453 2632 4509 contumeliose
2657 4453 2725 4510 de
2755 4455 3036 4510 Ambrosio
3071 4455 3339 4525 loqueris,
3369 4465 3428 4511 ιιι

1834 4541 1912 4598 illi
1942 4542 2057 4598 viro
2076 4543 2493 4600 erubescendum
2515 4545 2778 4601 tribueres
2797 4546 3079 4602 falsitatem
3097 4548 3138 4600 ².
3167 4546 3274 4602 Νοε
3296 4563 3426 4603 vero

1833 4647 1953 4688 eam
1982 4633 2344 4704 composuisse
2364 4675 2379 4699 ,
2405 4644 2460 4690 et
2482 4635 2625 4706 quod
2665 4636 2732 4691 ab
2771 4635 2864 4690 illo
2889 4637 3093 4705 prolata
3126 4636 3284 4693 fuerit
3326 4638 3428 4693 lin-

1835 4725 1979 4781 xisse
2003 4766 2018 4792 ,
2046 4741 2152 4780 non
2182 4741 2343 4782 ausus
2379 4742 2439 4782 es
2467 4727 2644 4784 dicere
2677 4746 2688 4783 :
2724 4738 2828 4784 tam
2858 4729 3037 4786 multis
3063 4731 3203 4786 enim
3243 4731 3432 4790 docto-

1835 4818 1910 4873 ris
1959 4817 2103 4872 illius
2149 4827 2274 4874 nota
2318 4827 2442 4873 sunt
2470 4797 2705 4891 scripta,
2735 4829 2793 4875 ut
2820 4821 2873 4876 in
2914 4821 3018 4877 hoc
3055 4823 3339 4894 abruptum
3373 4835 3425 4881 te

1839 4911 2168 4982 prmcipitare
2212 4910 2475 4967 timueris.
2509 4911 2638 4967 Tam
2668 4928 2796 4969 vero
2827 4925 3009 4986 aperta
3050 4924 3133 4972 est
3168 4917 3268 4972 ista
3301 4934 3428 4974 sen-

1839 5002 2002 5058 tentia
2029 5042 2042 5069 ,
2070 5011 2130 5057 ut
2158 5018 2263 5058 non
2301 5013 2488 5060 acutus
2513 5005 2601 5075 qui
2633 5005 2769 5061 hanc
2807 5006 3170 5077 intellexerit,
3215 5010 3310 5066 sed
3343 5026 3427 5066 suo

1837 5095 2072 5166 perﬂuus
2122 5097 2291 5152 videri
2344 5098 2514 5168 possit
2572 5099 2663 5169 qui
2711 5099 3079 5171 exponendam
3144 5105 3427 5173 putaverit.

1838 5190 2076 5262 Denique
2110 5200 2167 5246 ut
2190 5192 2329 5262 quod
2358 5191 2478 5247 dico
2506 5193 2672 5262 possit
2697 5194 2899 5250 attendi
2923 5237 2937 5262 ,
2966 5196 3126 5252 verba
3153 5197 3266 5267 ipsa
3298 5198 3424 5252 bea-

1837 5285 2026 5340 tissimi
2082 5284 2328 5340 catholici
2385 5285 2634 5342 antistitis
2686 5297 2741 5344 et
2796 5288 2882 5344 hic
2924 5302 3138 5359 ponam.
3179 5289 3270 5343 Ait
3304 5305 3432 5359 ergo

1837 5377 1959 5444 ille,
2000 5377 2092 5432 ille
2133 5377 2328 5447 cujus'
2358 5376 2517 5434 ﬁdem
2562 5388 2616 5435 et
2661 5381 3001 5450 purissimum
3047 5383 3098 5436 in
3140 5379 3432 5449 Scriptnris

1797 5523 1800 5526 .
1838 5484 2054 5526 sensum
2076 5510 2091 5535 ,
2132 5469 2377 5540 Pelagius
2407 5456 2778 5538 vester‘dicit,
2812 5487 2879 5528 ne
2912 5472 3180 5528 inimicum
3211 5472 3429 5544 quidem

135 5562 248 5616 sine
283 5557 669 5616 commixtione
704 5569 823 5610 esse
853 5566 960 5607 non
994 5554 1251 5620 possunt,
1283 5543 1496 5601 diabolo
1524 5543 1729 5598 manci-
1797 5625 1800 5630 Ι

1903 5626 1920 5711 ξ
1959 5623 2676 5737 νίεηὶετίυᾳίαιεςιιηιορῦηιιή,
2701 5639 2810 5700 cum
2831 5624 2918 5677 illa
2948 5593 3073 5690 falsa
3111 5625 3188 5678 sit.
3214 5634 3273 5679 At
3299 5633 3432 5690 Mss,

1903 5699 2015 5737 sum
2036 5698 2226 5737 omnart
2284 5700 2311 5737 e
2332 5685 2438 5737 illa.
2463 5701 2576 5737 cum
2595 5702 2701 5737 ipsa
2723 5696 2934 5737 supera.

2456 5696 2784 5824 ἕῗῗιῑῖίτῗῗαῗῖ
2801 5701 3210 5824 ﬂama
3230 5751 3432 5824 4W'Q‘

1837 5808 2234 5877 sio_loq'ueris,_'ut
2247 5811 2337 5877 illi
2363 5808 2466 5864 uiro
2486 5813 2858 5877 erubescendum
2875 5812 3066 5877 tribuas,
3082 5812 3356 5877 falsitatem.
3369 5822 3429 5877 at.

1807 5895 1810 5898 ι
1847 5875 1928 5946 ωε
1959 5872 2091 5946 apud
2123 5875 2438 5937 Vignierium,
2473 5875 2546 5931 Αξι
2583 5885 2698 5946 ergo
2717 5875 2799 5928 ille
2836 5876 3008 5940 cujus;
3046 5872 3217 5931 ferens
3249 5874 3430 5940 semel,

1839 5934 1940 5987 ille.
1997 5934 2062 5984 Μ.

1907 5999 1980 6078 (α)
2011 5994 2347 6061 Obia,0vis!
