3990 6498
621 429 757 489 140⁸1

617 561 669 608 et
691 551 900 606 feminas
920 560 1189 620 expertem
1213 551 1476 605 neminem
1504 566 1622 606 esse
1646 551 1824 606 delicti
1846 550 1935 622 (In
1958 549 2194 622 Isaiam);

614 653 668 698 et
687 643 1058 714 quodcumque
1085 643 1224 697 aliud
1255 643 1591 712 speculando,
1624 658 1722 698 nec
1744 643 1986 698 habendo
2013 658 2199 698 ncces-

616 735 824 789 sitatem
856 750 885 788 a
917 734 1083 790 latere
1126 736 1464 806 surgentibus
1509 736 1888 806 quaestionibus
1926 735 2194 803 obviandi,

615 807 946 897 negligenter
974 838 1026 882 et
1055 827 1263 883 incaute
1293 828 1502 897 scriptis
1531 836 1584 882 et
1611 827 2052 896 disputationibus
2085 827 2197 884 suis

609 917 956 973 Manichteum
981 961 995 986 ,
1026 919 1165 989 quod
1190 919 1323 975 dicis
1346 961 1360 984 ,
1393 920 1537 975 virus
1565 918 1773 973 infudit.
1814 919 1982 974 Homo
2007 919 2192 990 loqua-

608 1011 842 1078 cissime,
874 1010 1116 1066 homines
1144 1012 1333 1066 timens
1359 1011 1559 1066 homini
1582 1011 1773 1082 parcis,
1807 1025 1910 1066 non
1938 1012 2024 1066 illa
2053 1011 2193 1066 dicta

610 1100 873 1156 defendis.
899 1102 1030 1156 Nam
1060 1104 1102 1157 si
1126 1119 1248 1158 vera
1277 1104 1480 1158 ratione
1506 1103 1862 1159 defenduntur
1891 1105 2003 1157 haec
2027 1105 2189 1172 dicta,

611 1193 795 1262 procul
825 1193 986 1249 dubio
1017 1194 1283 1250 veraciter
1310 1195 1690 1259 defenduntur,
1721 1204 1777 1250 et
1798 1210 1920 1250 vera
1949 1204 2068 1248 sunt
2096 1212 2108 1246 :
2138 1203 2191 1250 et

605 1285 650 1338 si
680 1286 781 1339 hoc
807 1286 876 1340 ita
903 1295 983 1340 est
1005 1328 1020 1353 ,
1048 1295 1191 1343 recte
1227 1289 1478 1342 asseritur
1513 1287 1766 1358 originale
1805 1297 2112 1357 peccatum,
2135 1295 2190 1343 et

605 1375 794 1446 dogma
820 1377 1139 1432 interimitur
1167 1388 1419 1432 vestrum.
1449 1378 1503 1434 Si
1532 1388 1707 1432 autem
1729 1379 1856 1432 falsa
1872 1379 2075 1433 ratione
2095 1377 2190 1433 de-

603 1466 892 1524 fenduntur
917 1469 1029 1524 haec
1054 1470 1192 1524 dicta
1213 1512 1228 1536 ,
1259 1470 1398 1525 clara
1441 1479 1528 1524 tua
1570 1469 1661 1525 illa
1703 1479 1757 1524 et
1800 1469 2024 1540 benigna
2054 1469 2189 1524 ratio

601 1577 710 1616 non
732 1571 814 1617 cst
837 1563 994 1626 ratio,
1022 1563 1116 1617 sed
1143 1562 1405 1632 deceptio.
1430 1565 1497 1617 At
1519 1563 1661 1616 enim
1689 1580 1708 1614 ι
1732 1561 1973 1631 conjugis
1997 1561 2187 1616 crebro

553 1693 556 1696 .
602 1651 834 1708 laudavit
857 1672 875 1706 ι
906 1654 1220 1709 Ambrosius
1241 1672 1253 1707 :
1274 1654 1442 1708 hocet
1465 1668 1562 1710 nos
1590 1653 1832 1708 facimus.
1865 1671 1883 1704 ι
1912 1653 2138 1720 Nullam,
2161 1672 2179 1706 ι

600 1746 795 1817 inquis,
829 1765 846 1798 ι
873 1748 925 1801 in
948 1749 1261 1819 corporibus
1286 1748 1617 1804 affectionem
1640 1764 1670 1802 a
1690 1748 1902 1803 diabolo
1923 1749 2010 1803 illc
2036 1758 2185 1818 puta-

598 1838 675 1894 vit
712 1839 962 1895 insertam
999 1859 1012 1895 :
1049 1859 1068 1893 ι
1113 1841 1157 1895 si
1205 1840 1536 1896 affectionem
1567 1839 1795 1905 bonam,
1825 1855 1922 1895 nec
1963 1855 2093 1906 nos;
2139 1839 2184 1894 si

597 1931 789 1984 malam
813 1973 828 1998 ,
866 1932 1002 1986 sicut
1028 1932 1118 1987 ille
1142 1973 1157 1998 ,
1191 1932 1260 1986 ita
1291 1942 1344 1987 et
1373 1947 1489 1987 nos.
1523 1951 1541 1984 ι
1569 1931 1680 1988 Nec
1703 1947 1886 2001 regno,
1915 1949 1934 1983 ι
1985 1931 2179 2002 inquis,

575 2039 622 2076 ac
648 2022 841 2078 diaboli
871 2024 1046 2078 divina
1078 2040 1268 2095 opera,
1303 2025 1403 2080 hoc
1441 2033 1524 2080 est
1565 2033 1767 2079 natum
1807 2024 2066 2090 membra,
2096 2024 2184 2079 ille

591 2115 819 2186 subjecit
848 2132 860 2169 :
893 2134 912 2168 ›
943 2118 1092 2187 quasi
1121 2117 1480 2172 adulterorum
1513 2119 1750 2172 membra
1781 2132 1887 2172 non
1919 2117 2023 2172 sint
2047 2118 2182 2172 divi-

593 2223 661 2262 na
688 2224 846 2279 opera
875 2219 927 2265 et
955 2211 1192 2267 membra
1215 2222 1439 2279 naturae,
1467 2229 1585 2283 qua:
1616 2224 1792 2268 tamen
1823 2213 1971 2276 vitio,
2005 2222 2058 2266 et
2087 2227 2182 2282 per

590 2299 697 2354 hoc
725 2301 936 2356 diabolo
957 2313 1167 2358 constat
1195 2320 1313 2359 esse
1340 2305 1601 2374 subjecta.
1629 2326 1649 2357 ‹
1676 2297 1773 2368 llli,
1809 2324 1828 2357 ι
1865 2305 2059 2374 inquis,
2095 2324 2112 2356 ‹
2149 2321 2177 2358 a

591 2389 703 2444 Deo
742 2390 979 2448 instituta
1018 2394 1258 2464 conjugia
1288 2410 1350 2450 ac
1386 2394 1756 2450 benedictione
1783 2393 1974 2450 donata
2001 2435 2016 2461 ,
2049 2395 2179 2450 libe-

585 2496 811 2552 rumque
838 2484 1116 2538 arbitrium
1136 2527 1150 2552 ,
1183 2495 1340 2556 prout
1364 2487 1731 2556 opportunitas
1771 2486 1978 2552 attulit,
2010 2487 2178 2555 expli-

585 2583 812 2627 carunt:
849 2592 868 2626 t
895 2575 972 2629 sic
997 2586 1050 2630 et
1084 2591 1201 2630 nos.
1237 2596 1254 2628 ι
1285 2577 1581 2632 Humanum
1610 2587 1726 2644 est,
1759 2597 1778 2630 ι
1831 2578 2032 2648 inquis,
2068 2597 2086 2630 ‹
2121 2587 2178 2634 ιιι

585 2678 692 2717 non
715 2674 856 2720 stare
882 2666 932 2722 in
955 2667 1210 2723 societate
1234 2669 1398 2724 vestri
1417 2669 1636 2725 sceleris
1653 2670 1957 2740 judicentur
1981 2689 1994 2726 :
2015 2691 2034 2724 ι
2065 2671 2174 2727 imo

585 2753 830 2810 insanum
860 2769 941 2812 est
972 2767 1028 2813 ιιι
1057 2776 1160 2814 non
1190 2770 1334 2816 stare
1363 2761 1416 2816 in
1459 2762 1714 2818 societate
1745 2764 1956 2819 illorum
1994 2773 2172 2820 vestro

581 2846 786 2903 scelere
810 2848 1127 2918 judicemur.
1155 2852 1298 2908 Dicis
1323 2872 1342 2905 ι
1372 2869 1477 2909 non
1509 2855 1857 2925 prmjudicare
1881 2857 2171 2926 Scripturis

580 2938 781 2992 sanctis
801 2980 816 3003 ,
849 2942 989 3010 quod
1019 2957 1209 2999 omnes
1245 2944 1480 3001 haereses
1508 2946 1774 3017 aliquibus
1799 2962 1983 3002 carum
2017 2949 2169 3003 testi-

580 3031 774 3086 moniis
798 3048 855 3088 se
882 3036 1126 3090 occulunt
1151 3052 1212 3092 ac
1230 3037 1471 3093 nituntur
1490 3040 1624 3094 tueri
1649 3056 1662 3092 :
1691 3057 1712 3091 ι
1743 3046 1797 3094 et
1813 3040 1892 3094 sic
1907 3041 1988 3096 vis
2009 3060 2027 3092 ι
2061 3040 2170 3096 dis-

580 3125 912 3191 putatoribus
946 3144 1050 3182 non
1075 3129 1425 3199 praejudicare
1453 3132 1728 3187 catholicis
1752 3133 2025 3200 nonnulla,
2047 3150 2167 3205 quae:

573 3213 644 3268 ab
673 3213 770 3281 cis,
797 3235 817 3267 ι
848 3217 984 3272 sicut
1027 3229 1200 3289 putas,
1242 3239 1260 3272 ‹
1289 3221 1550 3277 incautius
1599 3223 1712 3279 fusa
1736 3243 1757 3278 ι
1801 3224 1953 3280 vobis
1981 3226 2166 3297 objici-

574 3320 712 3361 mus.
762 3308 898 3376 Quid
949 3320 1032 3365 est
1074 3311 1210 3381 hoc,
1241 3314 1344 3368 nisi
1381 3314 1562 3371 dicere
1589 3317 1748 3372 etiam
1788 3318 1839 3372 in
1875 3316 2164 3388 Scripturis

571 3397 807 3463 sanctis,
850 3415 911 3454 ea
953 3417 1071 3471 qua:
1109 3418 1206 3473 pro
1232 3420 1290 3460 se
1317 3415 1574 3476 usurpant
1600 3407 1868 3475 hmretici,
1902 3410 2162 3466 incautius

571 3487 685 3543 fusa
731 3507 888 3557 esse,
939 3504 994 3549 ct
1034 3495 1154 3552 ideo
1197 3513 1324 3553 vera
1362 3514 1468 3553 non
1509 3503 1668 3556 esse?
1695 3501 1812 3567 Quo
1848 3502 2160 3558 sceleratius

571 3580 698 3650 quid
725 3591 899 3652 potest
924 3584 1071 3640 diei?
1099 3588 1204 3642 Aut
1223 3589 1268 3643 si
1297 3590 1383 3643 illa
1412 3606 1536 3646 vera
1556 3602 1696 3658 sunt,
1727 3593 1821 3647 sed
1850 3593 1918 3648 ab
1944 3593 2149 3648 haereti-

568 3672 649 3728 cis
684 3691 789 3729 non
833 3677 902 3731 ita
943 3678 1308 3751 intelliguntur
1353 3691 1410 3738 ut
1437 3693 1561 3740 sunt
1590 3703 1604 3739 :
1632 3685 1760 3740 nihil
1787 3687 1960 3742 simile
1998 3687 2158 3743 habet

567 3763 683 3822 haec
725 3773 1083 3839 comparatio;
1123 3777 1375 3845 quoniam
1416 3777 1555 3833 dicta
1597 3780 1680 3834 vel
1725 3779 2027 3848 Ambrosii,
2072 3783 2155 3837 vel

565 3859 836 3932 Cypriani,
865 3865 947 3921 vel
975 3867 1197 3922 aliorum
1229 3870 1608 3927 catholicorum
1630 3914 1644 3938 ,
1676 3890 1794 3944 qua:
1833 3885 2018 3930 contra
2059 3890 2153 3930 vos

565 3954 845 4023 ponimus,
888 3958 931 4012 si
980 3974 1103 4014 vera
1153 3977 1272 4017 esse
1318 3967 1679 4033 concesseris,
1725 3979 1997 4038 peccatum
2041 3972 2151 4026 ori-

562 4044 737 4112 ginale
781 4046 1037 4104 firmabis.
1086 4051 1353 4119 Proinde,
1399 4057 1846 4126 quemadmodum
1883 4077 1981 4116 nos
2027 4079 2148 4117 cum

561 4135 668 4192 illis
695 4146 750 4192 et
790 4138 1067 4197 laudamus
1091 4146 1300 4214 nuptias
1320 4188 1334 4212 ,
1367 4157 1420 4203 et
1456 4151 1679 4206 liberum
1715 4154 2030 4210 confitemur
2058 4172 2148 4211 ar-

561 4227 794 4297 bitrium,
825 4241 879 4288 et
914 4233 1249 4292 defendimus
1272 4242 1624 4298 innocentiam
1660 4263 1673 4298 :
1707 4246 1786 4301 sic
1811 4257 1864 4301 tu
1895 4265 2015 4303 cum
2047 4250 2148 4305 illis

563 4318 652 4375 dic
677 4325 923 4392 parvulos
951 4343 1054 4382 non
1095 4343 1216 4385 esse
1242 4343 1488 4402 expertes
1525 4335 1738 4403 delicti;
1781 4339 2012 4410 alioquin
2048 4358 2146 4397 nos

560 4425 745 4468 sumus
770 4431 890 4470 cum
920 4417 1019 4484 eis,
1063 4427 1120 4474 tu
1158 4421 1417 4480 adversus
1451 4441 1564 4481 eos.
1596 4429 1808 4485 Illorum
1838 4434 1978 4488 enim
2005 4435 2142 4491 dicta

561 4518 667 4557 non
708 4503 981 4575 defendis,
1006 4519 1064 4565 ut
1107 4515 1450 4582 promiseras,
1501 4519 1591 4574 sed
1633 4522 2002 4592 reprehendis.
2031 4527 2143 4582 Tuo

557 4594 753 4664 quippe
778 4596 1042 4668 dogmate,
1069 4618 1187 4658 cum
1210 4607 1418 4676 cogaris
1446 4609 1534 4663 illa
1555 4612 1770 4682 culpare
1790 4624 1844 4670 et
1865 4615 1996 4672 falsa
2023 4635 2143 4676 esse

553 4687 876 4745 contendere
893 4732 907 4756 ,
938 4694 1080 4748 nullo
1104 4696 1264 4752 modo
1284 4699 1474 4756 sineris
1489 4705 1889 4763 auctoritatibus
1911 4711 1927 4741 ί
1955 4727 2140 4768 eorum

552 4778 918 4837 defensionem
948 4802 1104 4854 quam
1131 4792 1512 4860 spoponderas,
1540 4797 1792 4856 exhibere
1821 4820 1834 4856 ε
1863 4805 1983 4874 quia
2013 4814 2068 4860 et
2088 4807 2140 4862 in

552 4873 895 4930 accusatione
919 4877 939 4907 ²
965 4876 1209 4935 adulator
1233 4898 1352 4938 esse
1381 4890 1607 4954 conaris,
1650 4901 1703 4946 et
1744 4893 1794 4948 in
1837 4873 2140 4956 adulatione

553 4963 970 5034 deprehenderis
990 4985 1286 5030 accusator.

622 5056 803 5112 CXIV.
832 5059 956 5115 Jun.
995 5062 1184 5121 Libere
1226 5068 1401 5140 itaque
1437 5074 1679 5144 conjecto
1721 5087 1776 5132 et
1817 5085 2134 5154 pronuntio,

549 5149 798 5222 quoniam
829 5153 874 5206 si
902 5169 1086 5210 eorum
1116 5159 1304 5229 aliquis
1326 5161 1408 5218 his
1432 5179 1734 5236 superesset
1759 5171 1962 5240 diebus,
1990 5178 2138 5233 vide-

547 5252 736 5314 retque
765 5249 1083 5305 exstinctum
1109 5253 1400 5324 disciplinae
1425 5260 1728 5320 christiauze
1755 5265 1935 5333 decus,
1967 5273 2138 5328 otian-

551 5342 656 5390 tem
698 5336 750 5391 in
781 5341 1029 5397 omnibus
1055 5343 1274 5402 liberam
1305 5349 1625 5409 voluntatem
1645 5399 1659 5422 ,
1690 5367 1847 5430 atque
1884 5363 2136 5420 affectan-

547 5434 654 5481 tem
686 5428 946 5499 imputare
976 5437 1280 5492 necessitati
1309 5442 1561 5514 quidquid
1605 5428 1794 5518 sponte
1829 5460 2131 5529 committit,

541 5519 982 5591 vituperationem
1027 5543 1239 5599 quoque
1273 5547 1491 5602 operum
1529 5537 1656 5607 Dei,
1699 5547 2134 5622 cversionemque

495 5684 497 5687 ι
541 5609 672 5683 legis
701 5614 815 5684 ejus
857 5618 957 5672 sub
999 5621 1214 5678 nomine
1261 5625 1546 5684 inefficacis
1588 5635 1771 5702 gratiae
1819 5609 2135 5711 populorum

604 5768 1137 5860 ῒιὲἱθηέίξὲηξὲἴίεηη
1181 5788 1228 5834 εί
1249 5781 1374 5848 ﬁt”
1395 5800 1498 5840 8888
1539 5794 1789 5848 ostendere
1825 5798 1960 5854 nullo
1990 5807 2134 5860 modo

536 5827 1058 5912 wtfrﬂuctoribus:

605 5893 627 5923 ³
658 5897 816 5958 Ferte,
837 5901 1162 5957 excusatione.

1287 377 1531 490 OPCRIS
1574 430 1982 488 IMPERFECTI
2021 430 2292 516 CONTRA
2333 431 2690 506 JULIANUM,
2734 438 2792 494 S.
2835 440 3201 500 AUGUSTINI
3257 421 3262 424 Ι

3708 461 3817 526 1408

2305 553 2524 610 auribus
2571 556 2836 627 intimari;
2878 570 2990 618 toto
3031 575 3218 621 contra
3243 581 3336 625 vos
3376 569 3492 628 felle
3515 589 3816 642 moveretur:

2304 648 2636 717 perpendens
2665 652 2822 707 etiam
2846 667 3117 724 peccatum
3147 663 3382 718 naturale
3403 679 3432 719 a
3457 665 3710 727 Manichtea
3733 691 3814 732 non

2302 754 2458 808 posse
2487 741 2759 813 impietate
2785 746 3035 816 discerni,
3067 751 3222 807 fidem
3248 754 3544 814 catholicam
3567 773 3648 818 aut
3670 780 3816 822 emen-

2299 829 2436 887 datis
2470 844 2560 888 aut
2585 836 2955 896 condemnatis
2996 842 3167 912 vobis,
3209 855 3264 901 et
3309 849 3507 919 planius
3550 863 3753 913 tueretur
3775 870 3818 916 et

2298 924 2523 979 cautius.

2367 1016 2502 1072 Anc.
2541 1018 2648 1074 Cur
2683 1035 2812 1092 ergo
2855 1026 3152 1084 emendatis
3200 1031 3385 1100 nobis,
3416 1043 3468 1090 et
3494 1052 3590 1092 non
3613 1039 3747 1096 etiam
3770 1059 3814 1100 se

2297 1105 2461 1176 ipsis?
2483 1109 2583 1166 Ubi
2602 1116 2843 1184 estquod
2873 1128 2925 1172 te
2944 1119 3110 1176 libere
3133 1124 3427 1194 conjectare
3455 1137 3504 1182 et
3529 1135 3814 1199 pronuntiata

2295 1203 2654 1268 promiseras?
2683 1207 2820 1264 Ecce
2846 1225 2947 1266 nec
2974 1213 3137 1270 libera
3162 1225 3246 1272 est
3275 1226 3359 1273 tua
3398 1221 3590 1276 vanitas
3607 1265 3620 1289 ,
3645 1235 3689 1279 et
3713 1227 3814 1282 falsa

2294 1291 2513 1349 libertas
2547 1314 2560 1352 :
2589 1297 2806 1354 timuisti
2835 1303 2976 1356 enim
3005 1305 3204 1373 dicere,
3228 1310 3365 1379 quod
3395 1311 3438 1366 si
3464 1313 3542 1368 his
3563 1313 3724 1370 diebus
3747 1334 3815 1371 su.

2256 1405 2259 1407 ·
2294 1397 2535 1455 peresset
2560 1390 2890 1460 Ambrosius,
2921 1399 3072 1455 vobis
3097 1400 3310 1469 auditis,
3338 1404 3556 1473 primum
3581 1423 3635 1463 se
3660 1410 3810 1478 ipsum,

2291 1477 2484 1534 deinde
2511 1497 2608 1536 nos
2631 1487 2972 1556 emendaret;
2997 1493 3090 1546 sed
3118 1496 3268 1564 quasi
3299 1495 3457 1552 homo
3475 1498 3600 1555 liber
3619 1501 3706 1556 hoc
3726 1519 3814 1557 mu.

2292 1571 2390 1628 tire
2406 1573 2716 1645 formidans,
2739 1587 2914 1636 tamen
2940 1585 3159 1657 intelligi
3179 1588 3407 1645 voluisti.
3425 1592 3498 1646 En
3515 1609 3611 1663 quo
3629 1593 3816 1653 devene-

2289 1675 2413 1720 runt
2437 1666 2489 1722 hi
2519 1667 2632 1724 dies
2651 1712 2665 1734 ,
2696 1681 2752 1726 ut
2780 1673 2830 1727 in
2858 1675 2936 1729 eis
2963 1677 3304 1746 Ambrosius,
3339 1683 3382 1736 si
3410 1684 3492 1739 hic
3515 1686 3726 1753 viveret,
3748 1689 3813 1743 di-

2288 1766 2462 1811 sceret
2505 1774 2564 1814 sc
2593 1759 2757 1817 fuisse
2799 1763 3180 1835 Manichaium,
3211 1783 3265 1826 et
3310 1774 3484 1830 audito
3511 1776 3730 1844 Juliano,
3753 1781 3815 1836 vel

2287 1844 2541 1906 Coelestio
2559 1893 2574 1918 ,
2609 1855 2690 1908 vel
2718 1848 2834 1926 ipso
2860 1859 3073 1932 Pelagio
3093 1904 3107 1926 ,
3135 1879 3254 1919 esse
3281 1866 3494 1923 ulterius
3520 1887 3614 1925 non
3638 1872 3813 1943 debere,

2285 1940 2380 1994 sed
2430 1956 2495 1997 ex
2541 1944 2631 2000 illa
2677 1948 2875 2004 nefaria
2923 1953 3220 2022 pestilentia
3253 1959 3402 2013 vobis
3445 1940 3817 2032 prmcipienubus

2285 2033 2696 2105 curantibusque
2732 2043 2934 2095 sanari.
2971 2043 3137 2111 Quale
3182 2052 3538 2118 spectaculum
3567 2056 3724 2111 animo
3743 2073 3815 2112 co-

2282 2122 2498 2190 gitantis
2546 2131 2820 2185 occurrit?
2867 2136 3021 2204 quale
3073 2150 3251 2205 esset,
3303 2143 3482 2200 videre
3528 2147 3816 2205 Ambrosium

2283 2222 2542 2283 stantem,
2575 2221 2658 2274 vel
2687 2223 2730 2276 si
2763 2223 2851 2280 ille
2877 2229 3224 2298 permitteret,
3262 2235 3532 2294 sedentem
3559 2252 3671 2300 ante
3694 2242 3815 2298 Pela-

2281 2307 2459 2376 gium,
2513 2322 2672 2383 atque
2729 2316 3022 2376 discentem
3075 2327 3383 2395 paradisum
3437 2347 3622 2388 novum
3669 2337 3813 2391 sreculi

2283 2396 2442 2468 hujus
2479 2403 2868 2464 calamitatibus
2900 2413 3147 2484 plenum,
3183 2434 3320 2488 quas
3348 2420 3584 2479 videmus
3611 2427 3816 2494 parvulos

2279 2494 2506 2562 perpeti,
2551 2496 2639 2551 ubi
2671 2515 2890 2558 necesse
2927 2516 3097 2572 esset,
3130 2509 3343 2566 etiamsi
3371 2529 3528 2569 nemo
3569 2529 3814 2587 peccasset,

2277 2595 2494 2638 carnem
2538 2591 2914 2659 concupiscere
2957 2595 3214 2655 adversus
3259 2603 3539 2673 spiritum;
3583 2616 3634 2662 et
3673 2623 3729 2663 ne
3766 2608 3817 2662 ad

2277 2670 2457 2728 illicita
2488 2691 2551 2731 ac
2577 2677 2836 2751 flagitiosa
2869 2689 3234 2786 pertraheret,
3284 2670 3653 2766 concupiscere
3690 2700 3818 2754 etiam

2275 2765 2520 2834 spiritum
2583 2770 2840 2830 adversus
2878 2765 3116 2837 ‘Earnem
3161 2800 3176 2837 :
3242 2801 3404 2857 quam
3476 2789 3816 2846 dissensionem

2273 2855 2449 2914 dicere
2474 2861 2675 2920 soleret
2698 2865 3033 2940 Ambrosius,
3063 2889 3160 2943 per
3189 2855 3670 2946 praevaricationem
3694 2883 3821 2954 primi

2273 2945 2504 3006 hominis
2553 2953 2605 3007 in
2652 2953 2924 3015 hominum
2975 2945 3196 3021 vertisse
3244 2979 3491 3027 naturam
3539 2972 3680 3046 (Lib.
3725 2976 3818 3028 7m

2270 3040 2397 3097 Luc.
2422 3045 2550 3116 xu);
2583 3049 2679 3104 sed
2704 3051 2812 3121 jam
2836 3055 2935 3111 sub
2960 3059 3110 3114 vobis
3130 3064 3402 3134 magistris
3429 3040 3605 3125 dicere
3629 3084 3720 3124 non
3747 3085 3819 3122 au-

2269 3134 2464 3192 deret?
2491 3138 2721 3199 Necesse
2761 3162 2972 3221 quoque
2996 3163 3140 3209 esset
3168 3156 3220 3211 in
3245 3159 3357 3214 tali
3388 3163 3628 3232 paradiso
3656 3164 3820 3234 pallere

2267 3241 2602 3300 praegnantes
2625 3277 2640 3302 ,
2671 3237 2899 3296 tolerare
2941 3243 3096 3315 longa
3141 3246 3356 3306 fastidia
3381 3294 3396 3320 ,
3452 3270 3656 3326 gemere
3692 3265 3820 3326 atque

2268 3319 2470 3386 ululare
2498 3326 2793 3396 parientes;
2833 3346 2954 3388 cu
2995 3334 3228 3394 diversis
3259 3319 3406 3398 vitiis
3435 3319 3744 3416 ingeniorum
3780 3353 3821 3400 ct

2265 3424 2548 3482 corporum
2569 3415 2814 3476 homines
2836 3426 3002 3491 nasci,
3030 3442 3336 3502 paucosque
3362 3415 3626 3505 cordatos,
3648 3437 3822 3492 minore

2263 3503 2499 3571 quidem,
2529 3523 2626 3564 nec
2655 3519 2830 3568 tamen
2852 3516 2968 3572 sine
2995 3519 3180 3577 labore
3208 3524 3420 3584 litteras
3445 3529 3663 3598 discere,
3692 3540 3822 3586 ca-tc-

2261 3608 2352 3648 ros
2393 3597 2745 3658 tardiusculos
2783 3607 2896 3663 sive
2941 3612 3155 3682 tardos,
3189 3625 3244 3672 et
3291 3630 3442 3677 tanto
3470 3627 3632 3696 magis
3655 3634 3821 3696 quanto

2259 3685 2484 3756 quisque
2503 3700 2646 3746 esset
2670 3695 2887 3763 tardior,
2903 3710 2992 3755 aut
3013 3707 3221 3762 concidi
3240 3709 3430 3768 ferulis
3457 3685 3814 3786 magistrorum,

2258 3786 2348 3831 aut
2391 3779 2633 3839 indoctos
2677 3785 3057 3864 imperitosque
3105 3814 3362 3868 manere;
3396 3804 3568 3861 fatuos
3597 3822 3713 3862 vero
3739 3821 3818 3861 nec

2257 3871 2530 3939 magistris
2559 3875 2696 3945 dari,
2726 3881 2819 3936 sed
2848 3882 3110 3943 dolendos
3140 3891 3466 3952 ridendosve
3508 3901 3717 3964 nutriri;
3757 3899 3822 3952 in-

2256 3959 2446 4029 fantes,
2495 3977 2779 4040 antequam
2825 3977 3110 4048 quidquam
3154 3986 3282 4040 mali
3334 4001 3553 4059 possent
3599 3993 3721 4049 velle
3753 3993 3821 4048 vel

2253 4065 2433 4122 agere,
2464 4059 2653 4126 agitari
2677 4065 2893 4133 morbis,
2921 4074 3150 4141 torqueri
3171 4074 3470 4146 doloribus,
3501 4086 3824 4141 medicamen-

2253 4141 2320 4198 tis
2347 4149 2521 4203 curari
2552 4154 2914 4214 cruciantibus
2933 4162 2973 4228 ί,
3002 4177 3030 4216 a
3061 4165 3402 4227 daemonibus
3432 4178 3644 4244 vexari,
3671 4178 3820 4247 exsiti-

2251 4246 2371 4289 rare
2421 4243 2792 4308 superantibus
2837 4249 3096 4309 cladibus.
3142 4256 3198 4312 Si
3227 4275 3362 4317 vero
3395 4264 3514 4322 haec
3559 4243 3823 4322 exhorretis

2251 4327 2470 4384 credere
2497 4333 2658 4389 nollet
2687 4337 3026 4416 Ambrosius,
3047 4356 3102 4401 et
3125 4353 3483 4420 responderet
3511 4358 3622 4414 lucc
3647 4361 3820 4423 omnia,

2249 4416 2294 4470 si
2324 4434 2482 4476 nemo
2506 4437 2815 4494 peccasset,
2849 4434 2994 4490 nullo
3021 4439 3182 4495 modo
3207 4441 3388 4501 futura
3415 4447 3582 4506 fuisse
3611 4450 3660 4506 in
3690 4460 3825 4505 tantm

2249 4507 2590 4572 beatitudinis
2623 4519 2774 4588 loco,
2822 4525 2911 4582 ubi
2960 4545 3058 4585 nec
3101 4543 3222 4604 post
3267 4553 3551 4608 peccatum
3590 4561 3703 4600 esse
3744 4558 3824 4615 po-

2248 4611 2484 4675 tuerunt,
2535 4609 2720 4681 ejectis
2769 4617 2892 4674 inde
2941 4621 3081 4690 illis,
3130 4643 3361 4697 quorum
3412 4609 3826 4705 praevaricatione

2247 4697 2385 4750 mala
2413 4699 2514 4756 ista
2543 4714 2724 4761 secuta
2753 4720 2909 4778 sunt;
2938 4703 3002 4769 ac
3042 4732 3139 4786 per
3165 4720 3267 4778 hoc
3288 4725 3362 4781 de
3408 4730 3624 4786 miseria
3666 4735 3824 4788 venire

2246 4790 2576 4860 mortalium,
2605 4811 2725 4865 quae
2755 4801 2897 4858 nulla
2925 4817 3106 4876 esset,
3142 4811 3243 4868 nisi
3275 4819 3604 4885 gravissimo
3632 4833 3825 4894 peccato

2245 4879 2401 4948 primi
2441 4882 2671 4942 hominis
2719 4901 2905 4949 natura
2950 4896 3178 4958 humana
3206 4879 3395 4966 vitiata
3445 4924 3606 4985 atque
3632 4879 3825 4971 'mutata

2245 4969 2347 5027 hoc
2374 4977 2627 5033 sacculum
2657 4988 2734 5037 tot
2765 4988 3028 5060 tantisque
3053 4994 3450 5060 calamitatibus
3481 4969 3695 5078 plenum
3721 5025 3828 5081 pro-

2245 5079 2439 5172 pagare
2469 5072 2786 5141 meruisset;
2818 5079 2906 5134 ubi
2932 5097 3031 5138 nec
3052 5087 3337 5161 redempti,
3363 5072 3826 5172 jam-sempiterna:

2241 5157 2429 5213 salutis
2459 5161 2682 5233 pignore
2710 5183 2949 5243 accepto,
2977 5179 3131 5234 malis
3157 5157 3471 5254 hujusmodi
3500 5157 3714 5260 carem;
3745 5193 3826 5249 sed

2241 5263 2362 5305 cum
2391 5252 2456 5310 de
2500 5255 2601 5313 hoc
2627 5264 2826 5320 saeculo
2854 5269 3114 5341 exierint,
3151 5252 3274 5334 tunc
3299 5284 3570 5341 carebunt
3603 5307 3617 5342 :
3647 5289 3687 5342 si
3715 5302 3826 5356 ergo

2243 5340 2362 5397 talia
2407 5350 2756 5418 responderet
2797 5359 3145 5432 Ambrosius,
3192 5373 3476 5441 prwclaris
3520 5380 3824 5451 syllogismis

2239 5439 2432 5493 vestris
2460 5443 2832 5510 prohiberetur
2856 5451 2970 5508 haec
2998 5439 3208 5524 dicere,
3249 5478 3318 5518 ne
3347 5439 3568 5524 scilicet
3589 5439 3824 5538 concupi~

2239 5530 2438 5583 sccntia
2465 5534 2642 5590 carnis
2668 5538 2982 5612 vituperata,
3011 5556 3065 5601 et
3089 5551 3336 5623 originali
3365 5570 3594 5627 peccato
3618 5562 3825 5625 credito,

2237 5621 2436 5690 nuptias
2472 5623 2884 5701 damnarentur,
2931 5637 3154 5696 liberum
3184 5621 3509 5707 auferretur
3533 5655 3824 5716 arbitrium,

2237 5713 2664 5786 vituperarentur
2692 5738 2853 5794 opera
2879 5729 2971 5786 Dei
2996 5773 3010 5796 ,
3039 5743 3093 5788 et
3117 5737 3216 5792 sub
3243 5742 3470 5799 nomine
3502 5748 3686 5817 gratia:
3713 5746 3828 5816 legis

2237 5807 2449 5863 eversio
2471 5824 2805 5881 sequeretur.
2835 5818 2948 5875 Non
2979 5824 3058 5879 sic
3080 5826 3255 5898 plane,
3280 5846 3392 5888 non
3422 5807 3531 5892 sic:
3554 5837 3826 5894 Erubesci-

2303 5938 2319 5970 ⁸
2353 5939 2426 5990 sic
2457 5949 2560 5993 Mss.
2581 5944 2696 5997 Editi
2713 5961 2848 6012 vero,
2873 5956 3176 6011 crudelibus.
