3962 6474
126 448 250 520 utili

126 588 186 644 te,
215 574 297 632 vel
327 574 500 645 potius
541 570 877 642 expavescite
904 569 1029 625 talia
1057 569 1311 640 cogitare.
1355 567 1466 623 lmo
1495 580 1622 621 vero
1645 565 1696 621 si

122 673 194 727 vir
216 668 308 725 ille
336 676 675 739 superesset,
717 666 887 720 multo
908 663 1276 721 vehementius
1313 677 1474 734 quam
1517 676 1616 716 nos
1643 667 1697 716 et

64 756 71 769 ⁸
123 759 435 818 auctoratius
457 758 610 814 vobis
633 773 731 828 pro
754 756 1012 813 catholica
1059 755 1164 812 ﬁde
1189 763 1243 811 et
1273 770 1371 826 pro
1409 753 1504 810 Dei
1529 752 1696 825 gratia

124 853 195 908 vel
232 852 481 922 a2quitate
504 850 799 917 resisteret,
826 864 984 919 quam
1014 863 1123 903 non
1159 848 1268 903 sint
1293 844 1692 917 consequentia,

123 960 223 1015 qtae
238 942 617 1014 consequentia
635 941 848 1013 putatis,
868 940 1155 998 ostendens
1172 958 1187 1009 ;
1213 940 1330 1011 quia
1352 947 1406 996 et
1428 948 1574 996 recte
1590 937 1696 994 vivi

122 1044 323 1108 potest,
351 1051 458 1089 non
487 1034 637 1106 pulsa
682 1049 780 1091 nec
809 1033 1017 1090 laudata
1065 1034 1204 1089 mala
1245 1031 1694 1104 concupiscentia,

122 1128 202 1184 sed
226 1126 470 1194 frenata;
513 1143 614 1182 nec
651 1128 893 1198 culpatur
931 1133 1133 1181 natura:
1167 1124 1454 1190 Conditor,
1484 1121 1695 1195 quando

122 1219 178 1275 ab
207 1219 301 1274 illo
338 1219 573 1276 sananda
620 1228 967 1285 monstratur,
1013 1234 1131 1289 qua:
1158 1218 1225 1274 ab
1273 1217 1490 1273 inimico
1519 1216 1695 1272 vitiari

122 1312 300 1386 potuit,
329 1326 438 1367 non
464 1311 669 1377 creari;
700 1326 801 1367 nec
824 1310 1142 1366 damnantur
1164 1310 1381 1381 nuptiae,
1412 1324 1530 1380 qua:
1557 1308 1696 1364 bene

122 1412 331 1458 utuntur
358 1402 600 1475 pudenda
632 1402 882 1468 libidine;
909 1417 1006 1458 nec
1028 1402 1252 1458 liberum
1282 1400 1521 1455 aufertur
1547 1399 1694 1455 arbi-

125 1496 292 1563 trium,
314 1493 575 1565 sedcujus
592 1494 851 1550 beneﬁcio
873 1494 943 1550 sit
968 1494 1022 1549 in
1044 1493 1186 1548 bono
1211 1493 1437 1548 liberum
1456 1490 1695 1547 ostendi-

124 1594 221 1651 tur;
255 1601 361 1643 nec
399 1587 493 1642 lex
527 1594 814 1644 evacuatur
848 1601 945 1657 per
992 1585 1236 1657 gratiam,
1282 1584 1378 1640 sed
1421 1584 1693 1655 impletur.

122 1677 232 1733 llaec
253 1678 348 1733 ille
372 1676 564 1734 doctor
584 1677 830 1749 egregius
857 1677 1069 1748 egregie
1093 1676 1405 1745 diSputaret,
1436 1685 1491 1732 et
1516 1676 1571 1747 in
1599 1690 1695 1731 ve-

121 1777 242 1823 stras
273 1767 441 1825 facies
476 1768 810 1839 impudentes
832 1809 848 1834 ,
891 1768 979 1823 illa
1007 1784 1126 1840 qua:
1150 1768 1393 1839 superius
1435 1767 1504 1824 de
1540 1781 1697 1838 para-

123 1861 223 1917 diso
250 1869 437 1917 vestro
460 1861 716 1928 diximus,
750 1871 806 1919 et
830 1869 1065 1918 vestrum
1095 1875 1331 1917 errorem
1357 1875 1484 1916 vere
1507 1873 1697 1915 conse-

122 1960 366 2024 quuntur,
397 1952 545 2010 etab
568 1953 815 2009 omnibus
852 1952 1155 2009 hominibus
1207 1960 1454 2022 tanquam
1498 1958 1696 2007 vesana

122 2053 266 2115 atque
320 2043 522 2100 furiosa
577 2044 662 2101 vel
713 2043 984 2110 ridentur,
1036 2042 1121 2099 vel
1166 2042 1542 2111 exhorrentur,
1594 2041 1698 2097 illl-

123 2133 281 2192 deret.
558 2132 561 2135 ’

182 2227 341 2285 CXV.
368 2227 489 2284 Jun.
514 2226 697 2300 Neque
723 2226 866 2283 enim
894 2227 949 2282 in
973 2226 1096 2297 jure
1122 2225 1432 2298 cujusquam
1460 2233 1543 2282 est
1567 2225 1699 2282 deli-

124 2321 216 2376 nita
240 2320 518 2391 suscipere
539 2360 556 2389 ,
585 2326 640 2375 et
675 2334 795 2390 qua:
822 2327 1219 2388 consequuntur
1260 2316 1564 2374 excludere.
1596 2315 1698 2384 Qui

123 2430 236 2486 ergo
263 2414 397 2469 dicit
424 2423 639 2485 propter
678 2411 781 2468 hoc
815 2411 1062 2483 parvulos
1093 2411 1162 2467 ad
1186 2410 1497 2481 jusvdiaboli
1533 2409 1700 2480 pertio

122 2522 261 2573 nere,
315 2506 567 2577 quoniam
610 2505 680 2562 de
728 2519 890 2561 sexus
927 2503 1304 2560 commixtione
1347 2509 1697 2573 generantur;

123 2600 226 2655 sine
250 2598 423 2655 dubio
448 2598 616 2671 ipsam
646 2597 1100 2660 commixtionem,
1129 2595 1181 2650 in
1208 2611 1311 2666 qua
1337 2603 1539 2650 naturai
1566 2607 1701 2665 Opus

124 2701 214 2761 est,
239 2709 367 2750 cum
400 2701 606 2749 naturae
635 2692 801 2763 ipsius
829 2691 1157 2748 institutione
1180 2689 1521 2746 condemnat.
1688 2752 1691 2755 _

184 2789 319 2845 Anc.
367 2787 486 2845 Tibi
532 2785 748 2859 quidem
794 2785 897 2841 hoc
940 2782 1150 2840 videtur
1176 2801 1193 2839 :
1221 2782 1314 2839 sed
1361 2797 1548 2839 verum
1595 2795 1702 2837 non

122 2896 232 2938 esse
273 2880 450 2953 (quod
480 2889 536 2936 tu
564 2894 673 2936 non
713 2875 887 2952 vides)
911 2875 1045 2933 vidit
1074 2875 1384 2931 Ambrosius
1406 2916 1422 2944 ,
1454 2872 1546 2946 qui
1571 2873 1704 2929 dixit

122 2982 366 3045 expertes
392 2988 496 3030 non
525 2987 647 3029 esse
675 2971 856 3028 delicti
896 2986 962 3027 ex
1002 2970 1118 3025 viro
1144 2977 1197 3025 et
1225 2968 1483 3035 muliere,
1513 2966 1565 3023 id
1590 2976 1699 3038 est,

124 3083 211 3138 per
235 3067 383 3122 illam
403 3065 837 3124 commixtionem
858 3078 1142 3135 corporum
1168 3070 1322 3118 natos
1340 3061 1429 3135 (In
1448 3059 1661 3132 Isaiam)
1685 3078 1700 3117 :

125 3174 217 3216 nec
242 3169 424 3217 tamen
468 3161 639 3231 ipsam
673 3157 1108 3216 commixtionem
1153 3148 1275 3211 cum
1309 3156 1476 3227 ipsius
1503 3162 1706 3210 natura:

124 3252 448 3310 institutione
470 3251 807 3310 condemnat.
836 3248 1389 3325 Commixtiovquippe
1422 3246 1705 3318 conjugum

126 3342 436 3415 procreandi
483 3358 684 3408 causa,
736 3342 935 3398 bonum
983 3348 1067 3398 est
1113 3340 1412 3410 nuptiarum
1446 3356 1459 3393 :
1493 3337 1589 3394 sed
1635 3338 1706 3393 ita

127 3435 249 3490 fiunt
286 3434 546 3491 nonnulla
586 3449 747 3504 opera
777 3433 915 3489 bona
944 3448 1050 3489 non
1094 3431 1213 3487 sine
1258 3432 1398 3486 malo
1427 3430 1703 3499 vitiorum,

126 3528 253 3585 sicut
286 3543 458 3599 opera
485 3527 623 3583 mala
653 3542 759 3583 non
789 3526 1080 3584 sinebono
1119 3525 1500 3582 membrorum.
1530 3523 1708 3594 Quan-

129 3620 316 3677 tislibet
340 3629 524 3677 autem
564 3620 706 3676 vitiis
720 3627 963 3691 turpetur
997 3633 1346 3691 quaecumque
1381 3626 1592 3686 natura,
1622 3618 1709 3673 in-

129 3714 322 3768 stitutio
362 3713 484 3783 ejus
531 3727 747 3783 semper
791 3719 874 3768 est
918 3711 1078 3768 bona.
1109 3710 1241 3767 Nam
1283 3710 1421 3766 sicut
1449 3709 1710 3766 institutio

131 3806 366 3876 corporis
419 3805 557 3862 bona
613 3814 733 3873 est,
796 3806 958 3861 etiam
1012 3803 1233 3876 quando
1275 3803 1510 3859 nascitur
1567 3817 1713 3857 mor-

130 3896 308 3964 bidus;
348 3904 408 3954 et
446 3897 708 3953 institutio
746 3897 910 3953 animi
952 3896 1090 3952 bona
1135 3905 1251 3961 est,
1291 3894 1452 3951 etiam
1499 3894 1712 3966 quando

130 3990 363 4045 nascitur
405 3988 630 4047 fatuus:
679 3988 758 4045 sic
796 3988 1060 4044 institutio
1101 3986 1333 4043 hominis
1370 3986 1534 4058 ipsius
1573 3985 1713 4043 bona

72 4098 80 4105 ·
131 4088 225 4149 est,
249 4079 471 4152 quando
495 4080 731 4137 nascitur
758 4078 1060 4151 contagiOni
1088 4078 1295 4151 peccati
1321 4077 1593 4150 originalis
1617 4078 1714 4136 ob-

132 4173 337 4231 noxius.

194 4262 385 4320 CXVI.
409 4263 531 4320 Jun.
560 4262 712 4331 Quod
736 4272 829 4318 aut
858 4269 1143 4334 utrumque
1167 4260 1322 4317 simul
1353 4270 1596 4333 negatur,
1625 4268 1718 4317 aut

131 4353 282 4409 simul
313 4363 604 4425 utrumque
645 4354 966 4425 suscipitur;
997 4362 1051 4410 et
1091 4368 1212 4409 cum
1252 4354 1320 4408 sit
1360 4351 1416 4408 in
1458 4361 1718 4423 potestate

131 4447 405 4518 utriusque
432 4447 654 4519 rejectio
673 4489 690 4516 ,
723 4463 827 4502 non
865 4454 948 4502 est
975 4455 1150 4503 tamen
1178 4446 1231 4501 in
1257 4446 1475 4501 arbitrio
1498 4447 1718 4502 alterius

131 4537 350 4605 electio;
394 4538 497 4593 nisi
524 4538 665 4609 quod
696 4538 900 4594 facilius
936 4546 1107 4608 potest
1135 4537 1315 4594 illicita
1342 4537 1719 4593 commixtione

134 4629 341 4698 gravari
385 4628 515 4684 vitio
544 4628 832 4685 voluntatis
856 4668 871 4694 ,
903 4612 1166 4683 seminum
1210 4636 1384 4683 tamen
1432 4627 1717 4682 fructifica-

135 4719 276 4776 tione
304 4720 550 4789 defensa,
579 4736 738 4791 quam
764 4717 1026 4775 fructibus
1053 4718 1169 4790 ejus
1188 4720 1468 4786 accusatis,
1494 4735 1717 4776 sexuum

136 4814 411 4883 negotium
455 4811 734 4869 vindicari.
779 4811 896 4867 Non
938 4826 1066 4883 ergo
1106 4811 1380 4867 ﬂuctuatio
1408 4819 1518 4879 tua,
1560 4826 1720 4882 quam

135 4905 271 4961 inter
313 4904 654 4960 formidinem
698 4904 1129 4974 impietatemque
1174 4904 1502 4983 perpeteris,
1555 4917 1722 4958 novas

134 4996 444 5068 disputandi
474 4995 685 5067 regulas
704 4995 936 5052 condere
964 4995 1176 5063 valebit,
1200 5003 1256 5050 ut
1279 4993 1345 5050 de
1364 4983 1570 5050 duobus
1594 5010 1724 5051 con-

134 5090 290 5145 nexis
333 5104 502 5144 unum
531 5088 789 5158 suscipias
808 5128 823 5155 ,
867 5096 922 5144 et
946 5087 1085 5159 quod
1111 5087 1160 5143 ei
1189 5086 1426 5143 adbaaret
1450 5087 1719 5144 excludas.

133 5181 277 5237 Ante
346 5180 492 5237 leves
549 5188 831 5251 pascentur
900 5178 955 5234 in
1023 5179 1224 5234 aethere
1288 5178 1431 5234 cervi
1482 5177 1721 5251 (Virgil.

135 5270 340 5344 Ectoga
368 5274 420 5339 l,
444 5288 574 5328 vers.
600 5270 729 5345 59),
757 5287 917 5343 quam
962 5280 1082 5341 post
1124 5270 1486 5342 prmjudicium
1529 5271 1725 5342 sumpti

134 5375 367 5435 negetur
390 5362 619 5419 elTectio.
641 5362 871 5419 Exercet
891 5361 991 5418 hoc
1019 5377 1185 5433 genus
1212 5362 1484 5433 apostolus
1508 5363 1723 5432 Paulus,

134 5470 261 5511 cum
291 5454 464 5511 dicit:
491 5454 554 5511 Si
580 5454 769 5509 mortui
797 5470 897 5508 non
926 5462 1216 5524 resurgunt,
1263 5469 1354 5508 nec
1380 5452 1609 5509 Christus
1642 5471 1726 5512 re-

131 5545 386 5600 surrexit.
411 5543 474 5601 Si
496 5542 726 5599 Christus
741 5560 841 5598 non
860 5544 1151 5610 resurrexit,
1178 5560 1306 5598 vana
1330 5554 1402 5598 est
1421 5545 1547 5615 ﬁdes
1567 5557 1728 5601 vestra

133 5638 177 5707 (1
195 5638 329 5693 Cor.
352 5653 442 5706 xv,
466 5637 580 5708 l6).
608 5635 758 5692 Nunc
787 5645 962 5692 autem
989 5634 1228 5691 Christus
1255 5637 1545 5692 resurrexit
1568 5654 1580 5691 :
1600 5650 1731 5693 con-

128 5741 243 5788 stat
286 5746 420 5803 ergo
447 5728 784 5786 functorum‘
813 5728 956 5812 diem
992 5729 1434 5785 resurrectionem
1478 5727 1726 5785 futuram.

133 5826 208 5883 Et
230 5834 300 5880 ut.
328 5823 431 5881 hoc
454 5823 628 5895 ipsum
654 5822 900 5879 breviore
937 5832 1154 5892 propter
1191 5821 1452 5894 legentem
1495 5821 1729 5878 inculce-

204 5938 227 5971 ¹
268 5933 397 5990 Editi
416 5947 554 6000 vero,
578 5939 887 6000 sanctorum;
918 5935 1302 6001 repugnantibus
1324 5938 1669 6000 manuscriptis.

1454 442 1653 506 LIBER
1685 438 2027 515 QUARTUS.

3238 444 3377 505 illo

1806 576 1925 617 mus
1952 560 2197 632 exemplo
2228 576 2243 614 :
2287 559 2556 616 dubitetur
2583 566 2758 616 utrum
2794 561 2992 633 justum
3030 561 3230 620 bonum
3268 562 3376 630 sit;

1802 660 1927 723 peto
1951 693 1967 719 ,
1995 668 2062 708 an
2092 667 2251 708 omne
2280 652 2480 723 justum
2500 692 2517 721 ,
2544 650 2825 709 benestum
2859 668 2979 709 esse
3003 652 3234 711 fatearis.
3261 653 3381 724 Quo

1801 757 2083 810 concesso,
2112 743 2250 799 addo
2278 743 2438 809 aliud,
2470 752 2648 799 utrum
2675 760 2831 801 omne
2855 745 3156 813 honestum,
3183 745 3381 802 bonum
3460 744 3466 749 ’

1802 846 2014 904 quoque
2042 849 2161 890 esse
2190 836 2523 905 pronunties.
2555 836 2668 892 Hoc
2691 851 2900 908 quoque
2917 837 3063 905 dato,
3093 847 3145 893 te
3171 838 3383 895 volente

1802 923 2034 992 nolente,
2064 925 2322 982 concludo
2346 945 2359 981 :
2386 926 2439 983 Si
2468 942 2626 984 omne
2647 928 2846 997 justum
2869 928 3153 986 honestum
3172 970 3188 998 ,
3217 945 3378 987 omne

1802 1014 2081 1074 honestum
2126 1018 2357 1087 bonum;
2386 1036 2546 1077 omne
2587 1018 2745 1093 igitur
2788 1022 2987 1093 justum
3040 1023 3235 1078 bonum
3274 1030 3378 1080 est.

1800 1109 1935 1167 Huic
1974 1111 2164 1169 effecto
2207 1114 2525 1185 quicumque
2552 1124 2673 1184 post
2699 1115 2865 1186 prima
2908 1122 3117 1186 sumpta
3157 1114 3385 1171 voluerit

1799 1202 1965 1258 obniti
1989 1244 2003 1269 ,
2047 1219 2153 1259 non
2183 1203 2464 1260 aedilicium
2515 1205 2734 1261 rationis
2771 1205 3000 1277 quatitt,
3032 1206 3125 1262 sed
3168 1206 3282 1277 ipse
3323 1219 3384 1262 se

1799 1294 2019 1364 exponit
2037 1294 2236 1351 irrisui.
2271 1295 2337 1352 Ut
2363 1311 2490 1367 ergo
2512 1296 2581 1352 ad
2605 1312 2819 1353 causam
2846 1297 3172 1368 comparatio
3199 1312 3386 1353 recur—

1806 1393 1911 1451 rat,
1942 1385 2196 1455 quaeritur
2222 1396 2398 1441 utrum
2425 1386 2494 1442 sit
2535 1387 2591 1443 in
2632 1396 2818 1443 natura
2845 1396 3120 1460 peccatum
3153 1405 3167 1442 :
3199 1387 3382 1458 petivi,

1800 1475 2194 1533 concederesne
2221 1477 2421 1532 nullum
2452 1494 2572 1534 esse
2599 1479 2715 1534 sine
2754 1480 3022 1536 voluntate
3060 1486 3335 1550 peccatum
3364 1494 3380 1533 :

1801 1581 2053 1624 assensus
2094 1583 2187 1636 es,
2219 1569 2356 1625 sicut
2382 1578 2469 1625 tua
2495 1570 2634 1626 dicta
2675 1580 2952 1628 testantur.
2984 1571 3207 1639 Addidi,
3236 1587 3302 1626 an
3327 1571 3387 1629 in

1801 1659 2024 1730 parvulo
2069 1668 2280 1731 putares
2322 1675 2442 1717 esse
2485 1661 2851 1718 voluntatem:
2882 1662 2986 1719 hoc
3026 1664 3186 1718 etiam
3214 1662 3385 1719 dene-

1800 1749 1958 1822 gasti.
1980 1749 2116 1818 Quid
2141 1751 2381 1819 sequitur
2407 1753 2641 1817 tertium,
2667 1752 2713 1808 si
2739 1768 2843 1807 non
2869 1763 2955 1809 est
2975 1753 3091 1810 sine
3111 1753 3388 1809 voluntate

1801 1845 2109 1915 peccatum?
2136 1845 2247 1923 Hoc
2262 1853 2369 1900 tam
2389 1852 2592 1901 certum
2613 1843 2814 1926 est.(a),
2837 1855 2896 1902 ut
2921 1860 3021 1902 nec
3035 1847 3103 1902 ab
3112 1845 3389 1902 AcademL

1801 1935 1880 1990 eis
1894 1935 2078 1991 venire
2103 1936 2270 2006 possit
2292 1938 2345 1991 in
2360 1934 2597 2003 dubium,
2624 1951 2849 2008 quorum
2874 1936 3070 1993 divitias
3092 1943 3217 1992 sunt
3254 1934 3388 1993 nihil

1800 2035 2008 2082 certum
2042 2038 2242 2084 tenere.
2272 2027 2351 2084 Tu
2378 2043 2504 2099 ergo
2529 2043 2656 2084 cunt
2680 2038 2799 2101 post
2825 2029 2930 2086 duo
2956 2032 3122 2100 prima
3151 2037 3391 2100 sumpta,

1802 2118 2018 2175 tertium
2058 2135 2218 2191 negas
2237 2162 2253 2188 ,
2296 2120 2349 2174 in
2377 2135 2484 2191 quo
2509 2128 2593 2177 est
2618 2119 2840 2176 ellectus
2866 2121 3091 2177 duorum
3111 2161 3128 2189 ,
3158 2136 3265 2176 non
3295 2136 3386 2176 ra-

1804 2212 1963 2267 tionis
1982 2210 2325 2268 fundamenta
2345 2213 2618 2280 convellis,
2644 2212 2737 2268 sed
2759 2222 2905 2269 tuum
2922 2200 3105 2285 prodis
3124 2211 3386 2269 furorem.

1874 2304 2009 2360 Anc.
2051 2302 2198 2359 Itane
2235 2317 2297 2360 es
2324 2303 2611 2373 insipiens,
2653 2313 2713 2359 ut
2755 2312 2907 2375 putes
2949 2304 3003 2360 in
3051 2313 3240 2360 natura
3280 2318 3389 2360 non

1804 2409 1925 2451 esse
1950 2404 2249 2465 peccatum,
2281 2409 2402 2450 cum
2428 2396 2647 2450 omnino
2677 2405 2951 2464 peccatum
2985 2395 3086 2451 nisi
3110 2396 3168 2451 in
3204 2402 3393 2452 natura

1805 2499 1926 2542 esse
1945 2501 2051 2542 non
2070 2486 2270 2556 possit?
2287 2485 2416 2541 Nam
2432 2487 2516 2541 vel
2541 2485 2594 2541 in
2614 2486 2804 2558 angelo
2829 2494 2931 2553 est,
2958 2487 3044 2561 vel
3072 2487 3124 2541 in
3154 2486 3391 2555 homine,

1805 2592 1925 2648 qua:
1952 2577 2069 2633 sine
2094 2576 2428 2633 dubitatione
2459 2585 2663 2632 natura:
2690 2586 2815 2632 sunt
2839 2595 2852 2631 :
2875 2576 2920 2632 si
2961 2591 3091 2647 ergo
3120 2583 3396 2646 peccatum

1806 2669 1861 2727 in
1887 2670 2031 2726 nulla
2053 2670 2273 2726 istarum
2301 2679 2489 2726 natura
2515 2678 2677 2734 esset,
2701 2669 2939 2741 profecto
2957 2685 3218 2742 nusquam
3232 2677 3395 2727 esset.

1807 2764 1885 2819 Ac
1910 2777 2003 2834 per
2026 2762 2129 2819 hoc
2148 2804 2164 2831 ,
2198 2763 2464 2834 proposita
2492 2764 2788 2834 quaestione
2824 2771 3004 2818 utrum
3031 2763 3100 2819 sit
3128 2762 3181 2817 in
3205 2772 3397 2819 natura

1808 2862 2104 2926 peccatum,
2132 2854 2331 2912 docere
2360 2854 2664 2910 intenderas
2693 2854 2748 2910 in
2776 2863 2961 2910 natura
2988 2869 3093 2909 non
3117 2868 3241 2910 esse
3269 2840 3397 2924 pec;

1808 2938 2028 3001 catum):
2058 2961 2246 3000 vanam
2282 2959 2409 3017 ergo
2446 2944 2614 3001 fuisse
2657 2945 3008 3002 intentionem
3038 2954 3206 3010 tuam,
3254 2953 3308 3001 et
3344 2944 3399 3001 in

1808 3044 2007 3092 vanum
2052 3044 2104 3093 te
2150 3037 2307 3092 istam
2358 3036 2696 3107 proposuisse
2724 3036 3102 3107 quiestionem,
3132 3035 3179 3092 si
3207 3052 3313 3091 non
3338 3049 3402 3093 es

1810 3129 2034 3185 nimium
2061 3143 2227 3185 vanus
2244 3170 2259 3197 ,
2292 3128 2565 3199 intelligis.
2593 3127 2732 3184 Ecce
2754 3128 2973 3184 rationis
3002 3136 3124 3192 tuae,
3151 3128 3401 3199 quoniam

1811 3223 1951 3277 ratio
1975 3237 2099 3278 vera
2130 3237 2238 3277 non
2262 3228 2366 3287 est,
2393 3220 2731 3276 fundamenta
2757 3221 3029 3287 convello;
3063 3237 3160 3277 nec
3198 3230 3399 3290 tamen,

1813 3313 1953 3368 sicut
1981 3312 2316 3379 conviciaris,
2351 3310 2520 3382 prodo
2546 3327 2721 3367 meum
2742 3311 2995 3379 furorem,
3019 3311 3115 3368 sed
3143 3320 3287 3367 tuum
3314 3325 3404 3367 er-

1813 3418 2012 3459 rorem.
2036 3402 2321 3458 Concessis
2355 3402 2495 3458 enim
2527 3402 2733 3459 duobus
2757 3419 2874 3473 qure
2901 3403 3068 3459 sumis
3093 3446 3107 3471 ,
3140 3402 3260 3459 ideo
3285 3412 3397 3461 ter-

1813 3495 1944 3550 tium
1972 3500 2133 3565 nego,
2163 3494 2285 3565 quia
2314 3509 2419 3548 non
2449 3503 2533 3550 est
2561 3494 2612 3549 in
2639 3510 2724 3563 eo,
2753 3496 2892 3550 sicut
2914 3510 3035 3551 esse
3059 3503 3234 3565 putas,
3263 3494 3402 3551 duo-

1814 3603 1934 3643 rum
1961 3586 2178 3643 eﬂ‘ectus
2200 3586 2433 3642 illorum.
2463 3585 2587 3643 Ideo
2630 3587 2824 3658 quippe
2864 3587 3101 3644 concedo
3143 3603 3246 3644 non
3281 3572 3405 3646 esse

1816 3681 1934 3737 sine
1959 3680 2229 3736 voluntate
2264 3689 2558 3752 peccatum,
2586 3681 2710 3752 quia
2735 3682 2850 3736 sine
2872 3682 3142 3737 voluntate
3167 3696 3273 3738 non
3302 3696 3403 3753 po-

1817 3781 1923 3829 test
1942 3772 2078 3829 fieri.
2106 3772 2212 3829 Sed
2241 3773 2342 3828 alia
2371 3774 2578 3830 ratione
2619 3788 2804 3829 rursus
2834 3783 2980 3832 recte
3016 3773 3209 3831 dicitur
3227 3817 3243 3844 ,
3283 3788 3404 3831 esse

1818 3869 1934 3925 sine
1960 3868 2232 3923 voluntate
2258 3876 2564 3939 peccatum,
2595 3867 2719 3938 quia
2766 3876 2966 3935 manet,
3001 3868 3253 3939 quamdiu
3293 3882 3404 3926 non

1818 3962 2128 4029 remittitur,
2157 3962 2318 4018 etiam
2344 3961 2636 4019 desistente
2663 3962 2931 4021 voluntate
2949 3979 3054 4035 qua
3082 3964 3274 4021 factum
3298 3972 3401 4021 est.

1822 4054 1956 4113 Item
1985 4055 2225 4113 concedo
2251 4070 2357 4111 non
2382 4070 2502 4111 esse
2524 4057 2640 4113 sine
2666 4056 2936 4113 voluntate
2955 4067 3251 4127 peccatum,
3281 4058 3407 4129 quia
3443 4076 3451 4087 ·

1821 4158 1874 4206 et
1898 4149 2157 4220 originale
2184 4157 2458 4220 peccatum
2499 4148 2614 4204 sine
2655 4150 2925 4206 voluntate
2966 4166 3071 4206 non
3103 4150 3295 4207 factum
3322 4159 3408 4209 est

1821 4241 1957 4313 ejus,
1975 4247 2018 4295 'a
2060 4256 2166 4312 quo
2214 4246 2324 4311 Ipsa
2370 4241 2518 4310 origo
2566 4241 2792 4312 sumpsit
2834 4242 3132 4298 exordium.
3178 4242 3408 4300 Proinde

1822 4346 1943 4387 cum
1970 4331 2128 4387 etiam
2155 4330 2282 4386 illud
2303 4330 2560 4397 concedo,
2585 4331 2727 4403 quod
2754 4332 3005 4402 peccandi
3032 4334 3276 4389 voluntas
3298 4348 3406 4390 non

1823 4424 1895 4480 sit
1931 4425 1982 4478 in
2012 4424 2253 4494 parvulo,
2285 4438 2390 4478 non
2417 4437 2484 4479 ex
2513 4423 2597 4477 his
2624 4422 2830 4478 duobus
2859 4424 3140 4479 conficitur
3166 4425 3400 4494 tertium,

1824 4514 1965 4586 quod
2007 4523 2277 4586 peccatum
2307 4530 2411 4569 non
2456 4516 2523 4569 sit
2551 4515 2602 4569 in
2643 4515 2885 4585 parvulo.
2917 4514 3277 4571 Conficeretur
3308 4532 3408 4572 au-

1825 4612 1955 4673 tem,
2008 4605 2053 4661 si
2103 4605 2547 4677 quemadmodum
2572 4606 2809 4661 concedo
2848 4622 2953 4662 non
2981 4623 3100 4663 esse
3127 4620 3406 4679 peccatum

1826 4697 1942 4752 sine
1990 4698 2298 4764 voluntate,
2332 4698 2402 4752 ita
2444 4698 2791 4754 concederem
2840 4715 2946 4754 non
2998 4716 3116 4757 esse
3150 4703 3411 4774 cujusque

1826 4798 2101 4860 peccatum
2128 4788 2245 4844 sine
2268 4788 2438 4858 ipsius
2463 4790 2675 4859 pmpria
2703 4789 2993 4847 voluntate.
3023 4792 3254 4850 Proinde
3281 4810 3410 4865 pec-

1826 4880 1930 4936 cati
1962 4880 2177 4951 quidem
2203 4880 2525 4937 voluntatem
2547 4882 2799 4952 parvulus
2821 4898 2926 4938 non
2956 4883 3135 4951 habet,
3162 4886 3256 4943 sed
3289 4870 3413 4959 pec-

1829 4980 2002 5027 catum
2033 4987 2139 5027 non
2169 4970 2411 5037 haberet,
2446 4972 2545 5027 nisi
2573 4973 2660 5028 ille
2682 5014 2697 5039 ,
2725 4972 2794 5029 de
2829 4990 2935 5045 quo
2964 4975 3015 5031 id
3040 4979 3288 5048 attraxit,
3313 4995 3413 5037 vo-

1829 5060 2029 5117 luntate
2049 5071 2338 5133 peccasset.
2354 5062 2498 5145 ,Nam
2519 5061 2584 5118 de
2609 5061 2721 5134 ipsa
2751 5062 2979 5121 hominis
2995 5083 3203 5140 quoque
3218 5071 3412 5126 nativi-

1832 5161 1938 5210 tate
1978 5153 2079 5210 tale
2103 5153 2301 5225 aliquid
2331 5153 2434 5209 dici
2463 5162 2636 5225 potest
2663 5172 2677 5209 :
2710 5155 2757 5212 si
2785 5157 2927 5212 enim
2957 5157 3163 5215 diceres
3184 5201 3200 5227 ,
3241 5160 3410 5217 Nemo

1833 5243 2065 5299 nascitur
2102 5244 2205 5299 nisi
2229 5260 2295 5301 ex
2320 5244 2616 5313 voluntate;
2664 5261 2770 5302 non
2807 5248 2924 5305 sine
2965 5252 3171 5307 ratione
3210 5267 3407 5309 conce-

1833 5334 2014 5391 derem
2036 5354 2047 5391 :
2067 5337 2109 5391 si
2122 5346 2297 5392 autem
2314 5335 2538 5406 diceres,
2561 5337 2728 5396 Nemo
2748 5342 2983 5398 nascitur
2998 5344 3097 5398 nisi
3112 5360 3178 5401 ex
3197 5345 3408 5416 propria

1833 5443 1929 5484 sua
1954 5427 2243 5496 voluntate,
2263 5445 2369 5485 non
2380 5430 2748 5488 concederem.
2769 5430 2874 5491 Isto
2894 5435 3071 5506 itaque
3087 5437 3264 5504 modo,
3286 5439 3410 5509 quia

1834 5518 1903 5575 de
1922 5528 2138 5590 peccato
2150 5521 2353 5592 agimus
2365 5523 2588 5593 parvuli,
2612 5525 2683 5580 ita
2704 5525 2958 5597 originale
2979 5537 3251 5598 peccatum
3269 5530 3404 5600 ejus,

1835 5611 1972 5666 sicut
2014 5612 2127 5683 ipse
2167 5625 2315 5669 ortus
2348 5614 2498 5684 ejus,
2533 5615 2651 5672 sine
2695 5617 2967 5674 voluntate
3013 5634 3131 5675 esse
3170 5636 3275 5691 non
3316 5637 3413 5694 po-

1837 5704 1936 5760 tuit
1958 5746 1972 5771 ,
2004 5704 2097 5760 sed
2120 5720 2226 5761 non
2254 5705 2393 5776 ejus.

1899 5817 1919 5885 ξ
1953 5815 2088 5885 βᾲῇιὶ,
2330 5818 2492 5885 Aptius
2507 5826 2631 5885 Mss,
2649 5819 2815 5885 quatit.

1900 5877 2142 5954 (u)t?orte
2164 5879 2325 5954 deest,
2348 5877 2527 5932 scilicet
2560 5877 2625 5931 iui
2647 5877 2822 5933 fultura
2857 5880 2959 5946 (vel
2989 5883 3041 5936 in
3076 5887 3298 5954 parvulo)
3319 5900 3414 5940 non

1842 5951 1944 5991 esse
1962 5947 2225 5995 neccatum.
3076 5947 3086 5950 '
3276 5947 3288 5954 '
3412 5978 3432 6007 δ

2456 6035 2713 6055 ..κου-τχνῗ
