3962 6476
561 365 696 426 “li

635 475 838 534 CXVII.
867 475 985 532 JUL.
1016 476 1156 546 Ergo
1183 477 1224 530 si
1256 475 1499 531 audirent
1524 474 1599 529 illi
1629 472 1937 529 sacerdotes
1962 511 1976 536 ,
2008 483 2144 540 quo-

557 584 678 631 Tum
709 584 848 626 nunc
872 570 1009 625 dicta
1035 569 1304 625 defuimus
1328 611 1342 635 ,
1373 567 1602 623 dubitari
1633 576 1809 622 utrum
1840 563 2149 620 commixtio

565 667 852 737 coniugalis
875 666 1010 720 bona
1037 673 1200 730 esset,
1220 672 1378 735 atque
1401 663 1467 718 ab
1488 663 1566 717 eis
1592 670 1828 732 peterem
1852 671 2148 729 corporane

567 773 596 812 α
623 759 732 812 Deo
761 755 1478 828 informata(a),faterentur.
1510 753 1728 822 Hocque
1755 766 2031 818 concesso,
2051 748 2148 804 ad-

561 847 744 905 derem
771 858 946 904 utrum
970 846 1212 917 coniugia
1234 861 1264 902 a
1288 846 1398 902 Deo
1419 852 1717 902 annuerent
1741 842 2004 898 ordinata.
2034 841 2149 908 Quo

559 940 806 996 similiter
845 937 1194 1003 confirmato,
1254 946 1489 1008 peterem
1541 935 1717 991 denuo
1745 977 1761 1004 ,
1791 945 1965 989 utrum
2010 940 2152 988 esset

560 1034 678 1091 sine
711 1033 1091 1090 commixtione
1121 1033 1307 1087 fetura.
1359 1030 1574 1100 Ilocque
1599 1029 1882 1099 deuegato,
1909 1026 2035 1099 quid
2061 1041 2150 1081 se-

561 1127 858 1198 quebatur?
880 1125 1157 1191 Videlicet,
1177 1125 1222 1181 si
1242 1123 1454 1179 nonnisi
1479 1138 1573 1193 per
1593 1123 1757 1178 Deum
1786 1128 2010 1192 corpus,
2025 1135 2154 1173 non-

562 1216 666 1274 nisi
702 1234 795 1287 per
833 1232 1026 1288 corpus
1068 1216 1410 1283 commixtio,
1439 1213 1652 1270 nonnisi
1685 1229 1782 1285 per
1809 1210 2151 1268 commixtio-

561 1324 686 1365 nem
717 1310 872 1374 fetus,
919 1309 984 1363 ad
1029 1307 1274 1364 eumdem
1308 1317 1580 1362 auctorem
1614 1306 1878 1375 pertinere
1905 1313 1960 1360 et
1989 1303 2151 1360 fetum

563 1409 617 1456 et
642 1399 1100 1466 commixtionem,
1132 1398 1198 1453 ad
1223 1414 1380 1468 quem
1407 1412 1630 1468 corpora
1661 1397 2007 1467 pertinerent.

637 1494 772 1550 Auc.
825 1491 1090 1562 Numquid
1137 1491 1250 1546 haec
1297 1491 1436 1546 inter
1482 1505 1579 1545 nos
1626 1489 1850 1545 vertitur
1890 1487 2152 1559 qumstio,

562 1595 740 1642 utrum
772 1586 910 1642 bona
941 1585 1012 1640 sit
1053 1583 1362 1639 commixtio
1397 1582 1731 1654 coniugalis?
1756 1596 1877 1636 cum
1904 1596 2022 1636 eam
2055 1580 2152 1636 bo-

567 1692 693 1735 nam
732 1678 940 1748 utrique
967 1677 1223 1732 dicamus.
1255 1675 1392 1744 Quid
1430 1684 1513 1730 est
1549 1690 1678 1746 ergo
1703 1672 1844 1745 quod
1876 1683 1981 1728 tam
2018 1672 2154 1728 male

566 1770 736 1828 sentis
760 1770 825 1824 de
852 1769 955 1823 illis
980 1767 1364 1834 sacerdotibus,
1395 1782 1616 1838 quorum
1645 1781 1772 1830 non,
1804 1774 1862 1819 ut
1891 1763 2152 1829 mentiris,

562 1860 739 1916 deluis
786 1859 948 1924 dicta,
998 1858 1094 1915 sed
1133 1857 1354 1930 politiis,
1386 1865 1443 1912 ut
1479 1858 1558 1913 eis
1600 1856 1748 1927 quasi
1790 1854 2156 1910 dubitantibus

565 1952 705 2008 velis
728 1949 1071 2022 persuadere,
1117 1950 1259 2006 unde
1305 1965 1406 2006 nec
1442 1949 1594 2016 ilics,
1641 1963 1739 2004 nec
1780 1963 1877 2002 nos
1916 1945 2157 2002 dubitare

565 2044 876 2101 convincis?
907 2043 1050 2098 Bona
1097 2051 1180 2098 est
1221 2041 1530 2098 commixtio
1577 2038 1899 2110 coniugalis,
1945 2053 2064 2109 qua:
2100 2037 2158 2091 fit

564 2151 726 2195 causa
765 2136 1100 2209 procreandi.
1127 2135 1233 2193 Sed
1259 2134 1574 2192 Ambrosius
1594 2175 1607 2199 ,
1637 2133 1724 2204 qui
1755 2132 1887 2187 dixit
1913 2147 1978 2186 ex
2010 2145 2158 2186 com-

567 2231 830 2287 mixtione
851 2229 1124 2300 utriusque
1145 2243 1304 2284 sexus
1333 2227 1600 2282 neminem
1627 2240 1746 2281 esse
1770 2231 2039 2294 expertem
2065 2221 2158 2278 deo

565 2321 712 2390 licti,
741 2337 846 2378 non
878 2321 1310 2377 commixtioncm
1355 2318 1624 2388 redarguit
1652 2315 2016 2386 coniugalem;
2062 2313 2157 2369 sed

565 2415 699 2471 vidit
726 2409 944 2482 malum,
974 2413 1124 2484 cuius
1154 2413 1295 2468 bono
1320 2427 1419 2466 usu
1450 2412 1508 2465 ﬁt
1536 2410 1681 2474 illud,
1713 2408 1852 2480 quod
1881 2424 2036 2464 nemo
2065 2423 2157 2463 ca-

568 2508 797 2564 tholicus
842 2507 1050 2562 dubitat
1089 2520 1208 2561 esse
1251 2519 1385 2576 opus
1415 2503 1631 2559 bonum.
1683 2501 1858 2557 lnania
1891 2500 2156 2572 loqueris,

569 2601 853 2673 Superfluis
891 2611 1100 2671 tempus
1132 2599 1393 2670 impendis
1427 2619 1439 2654 :
1473 2598 1612 2670 quod
1652 2598 1824 2668 agitur
1851 2595 2072 2659 deseris,
2107 2602 2162 2650 et

568 2684 714 2750 Unde
741 2710 843 2748 non
870 2693 1176 2760 dubitatur,
1227 2701 1474 2762 tanquam
1525 2691 1813 2757 dubitetur,
1865 2689 1949 2744 vel
2001 2687 2159 2743 etlam

567 2797 810 2858 negetur,
841 2786 1034 2842 docere
1077 2785 1303 2840 moliris.
1343 2783 1479 2852 Quid
1509 2798 1635 2854 ergo
1665 2781 1857 2837 mirum
1884 2790 1986 2849 est,
2017 2777 2160 2852 quod

570 2888 679 2936 tam
710 2880 902 2934 multos
926 2879 1089 2934 libros
1110 2887 1322 2950 tamque
1353 2893 1515 2932 vanos
1542 2876 1710 2932 facis?

641 2972 874 3030 CXVIII.
920 2973 1038 3028 Jun.
1089 2971 1224 3028 Iiuic
1275 2971 1466 3028 effecto
1509 2970 1626 3025 sine
1669 2969 1830 3024 dubio
1873 2967 2163 3040 prudentes

569 3066 671 3122 viri
704 3064 949 3121 catholici
978 3071 1276 3120 annuerent
1301 3061 1624 3124 sacerdotes,
1657 3060 2003 3130 videntesque
2029 3057 2162 3116 nihil

571 3159 628 3218 in
656 3159 900 3216 sensibus
943 3158 1118 3214 carnis
1138 3200 1152 3224 ,
1196 3155 1325 3212 nihil
1352 3156 1406 3210 in
1435 3155 1626 3212 fetibus
1655 3168 1904 3219 sexuum,
1938 3152 2162 3208 alterum

572 3253 872 3332 quempiam
905 3261 1097 3324 praeter
1126 3252 1293 3306 Deum
1331 3265 1512 3306 verum
1552 3248 1777 3314 fecisse;
1815 3247 1945 3302 nihil
1987 3255 2163 3300 autem

572 3345 739 3402 Dcmn
773 3345 961 3404 fecisse
988 3343 1126 3418 quod
1151 3342 1346 3400 malum
1373 3350 1547 3409 esset;
1573 3341 1875 3412 malumque
1897 3338 2024 3394 nihil
2047 3353 2165 3394 esse

575 3438 719 3494 aliud
763 3453 920 3510 quam
962 3436 1289 3491 voluntatem
1331 3434 1547 3500 malam,
1596 3433 1712 3489 sine
1763 3433 1937 3506 aliquo
1977 3441 2165 3487 coactu

578 3530 898 3586 naturalium
963 3527 1408 3597 delinquentem;
1462 3527 1870 3598 pronuntiarent
1927 3523 2167 3594 profecto

574 3620 896 3680 Manichmos
942 3628 996 3676 et
1039 3619 1404 3675 'l‘raducianos
1443 3615 1842 3690 splendentibus
1891 3614 2166 3670 catholicae

575 3715 798 3773 rationis
827 3713 1123 3770 dissiluisse
1151 3711 1478 3766 fulminibus.

649 3807 782 3863 Anc.
821 3805 931 3860 Cur
957 3821 1084 3878 ergo
1110 3819 1326 3868 eorum,
1360 3819 1492 3874 quos
1531 3801 1819 3876 prudentes
1849 3801 1990 3856 viros
2035 3799 2168 3867 dicis

576 3906 630 3954 et
659 3898 950 3952 catholicos
978 3895 1302 3961 sacerdotes,
1336 3904 1386 3950 te
1411 3895 1550 3949 dicta
1575 3891 1861 3949 defendere
1890 3901 2046 3964 atque
2069 3891 2167 3947 de-

575 3993 728 4046 luere
753 3991 868 4044 sine
897 3989 1004 4043 ullo
1034 3988 1233 4060 pudore
1263 3988 1538 4055 mentiris,
1569 3987 1612 4041 si
1655 3995 1709 4042 et
1749 3987 1860 4056 ipsa
1903 3983 2169 4040 dissiliunt

576 4081 890 4139 fulminibus
919 4081 1059 4136 tuis?
1089 4081 1146 4137 Si
1179 4091 1354 4135 autem
1376 4079 1732 4135 defenduntur
1759 4088 1915 4148 atque
1943 4077 2168 4132 deluun-

577 4183 668 4231 tur
687 4217 700 4240 ,
731 4184 783 4231 et
810 4176 878 4230 ob
908 4173 1009 4228 hoc
1032 4182 1248 4228 manent
1283 4174 1518 4244 integra,
1547 4173 1676 4242 ipsis
1703 4181 1758 4226 tu
1783 4172 1960 4241 potius
1985 4169 2168 4247 fulmi-

580 4269 747 4326 naris.
789 4267 920 4322 Nam
971 4265 1112 4339 quod
1162 4267 1236 4320 ait
1289 4265 1637 4331 Ambrosius,
1687 4280 1752 4320 ex
1791 4263 2172 4320 commixtione

579 4376 743 4419 sexus
787 4362 1061 4430 utriusque
1096 4368 1410 4428 conceptum
1458 4365 1728 4428 expertem
1757 4355 2023 4410 neminem
2050 4369 2170 4410 esse

577 4452 793 4520 delicti,
840 4461 929 4508 aut
970 4450 1159 4508 falsum
1209 4460 1326 4517 est,
1368 4460 1455 4506 aut
1484 4465 1691 4506 verum.
1729 4449 1782 4506 Si
1818 4449 2008 4504 falsum
2051 4464 2172 4504 esse

579 4546 748 4613 dicis;
779 4561 1052 4617 oppugnas
1092 4559 1220 4616 ergo
1251 4543 1590 4615 prudentium
1634 4543 1869 4598 virormn
1901 4549 1954 4597 et
1983 4540 2171 4596 catho-

585 4635 831 4704 licorum,
860 4637 998 4691 sicut
1027 4645 1080 4691 tu
1111 4636 1312 4702 fateris,
1343 4635 1675 4690 sacerdotum
1724 4634 1886 4701 dicta,
1933 4649 2039 4686 non
2079 4631 2173 4687 de-

585 4728 760 4784 fendis
777 4744 838 4784 ac
863 4729 1050 4785 deluis.
1077 4729 1131 4784 Si
1159 4737 1335 4783 autem
1355 4738 1412 4782 ut
1433 4729 1622 4783 merito
1646 4726 1995 4785 defendamur
2013 4735 2174 4797 atque

589 4821 900 4899 deluantur,
924 4820 1026 4876 hoc
1056 4836 1238 4875 verum
1269 4834 1387 4874 esse
1414 4819 1697 4888 concedis;
1729 4827 1782 4873 tu
1813 4819 1990 4890 potius
2020 4817 2174 4872 dictis

585 4913 964 4969 catholicorum
1018 4913 1312 4967 antistitum
1362 4910 1673 4990 fulminaris.
1726 4910 1861 4984 Quid
1913 4917 1997 4965 est
2048 4925 2174 4984 ergo

587 5005 728 5079 quod
758 5014 809 5062 te
835 5005 1002 5075 iactas
1047 5014 1100 5060 et
1141 5004 1272 5064 dicis
1313 5003 1432 5058 illos
1475 5003 1810 5060 beatissimos
1839 5010 1893 5056 et
1933 5002 2176 5058 doctissi-

587 5115 706 5157 mos
731 5100 875 5154 viros
897 5140 911 5165 ,
945 5099 988 5155 si
1018 5097 1290 5152 audissent
1317 5096 1654 5171 syllogismos
1683 5103 1801 5150 tuos
1821 5138 1836 5168 ,
1867 5097 2176 5166 pronuntia-

589 5202 740 5249 tnros
770 5191 965 5268 fuisse,
995 5207 1114 5262 nos,
1142 5205 1276 5266 quos
1303 5189 1536 5262 appellas
1572 5207 1590 5242 ι
1619 5187 1938 5244 Manichazos
1961 5196 2016 5244 et
2041 5187 2176 5243 Tra-

591 5287 875 5352 dncianos,
906 5282 1306 5355 Splendentibus
1339 5280 1613 5336 catholica:
1637 5279 1859 5336 rationis
1884 5279 2179 5336 dissiluisse

590 5376 944 5434 fulminibus?
975 5393 993 5428 ι
1023 5373 1436 5432 Pronuntiarent
1463 5373 1619 5448 igitur
1635 5379 1825 5427 contra
1853 5386 1911 5428 se
1941 5372 2104 5445 ipsos,
2125 5379 2181 5428 et

589 5485 650 5528 se
679 5473 822 5543 ipsos
848 5469 1123 5540 nobiscum
1152 5467 1446 5524 dissiluisse
1486 5476 1538 5522 te
1576 5464 1888 5522 fuiminante
1914 5473 2178 5521 monstra-

587 5575 731 5623 rent.
785 5563 894 5618 Cur
935 5562 1135 5618 directe
1186 5575 1291 5617 non
1338 5558 1502 5614 audes
1545 5557 1744 5628 dicere,
1787 5557 1925 5628 quod
1967 5557 2180 5630 oblique

573 5643 928 5712 'convinceris
957 5653 1174 5710 dicere?
1202 5650 1474 5723 Originale
1504 5659 1778 5721 peccatum
1804 5665 1922 5706 cum
1949 5650 2180 5708 Ambro-

595 5745 679 5807 sio
700 5744 1018 5800 confitemur
1038 5788 1054 5812 ,
1082 5755 1135 5802 et
1159 5754 1214 5801 tu
1245 5752 1384 5799 tanta
1414 5742 1641 5814 potentia
1671 5741 1886 5796 fulmina
1907 5742 2177 5812 iacnlaris,

660 5859 732 5926 (α)
764 5867 924 5922 Forte,
952 5860 1174 5923 tinum.

1231 357 1476 418 OPERIS
1514 356 1927 416 lMPEBFECTl
1963 351 2240 412 CONTRA
2277 349 2636 423 JULIANUM,
2679 355 2738 412 S.
2779 354 3144 414 AUGUSTINI

3711 352 3833 413 illi

2256 478 2315 524 ut
2343 479 2557 541 propter
2584 471 2698 527 hare
2721 471 2860 526 dicta
2891 471 3044 527 nobis
3072 471 3252 542 illique
3277 471 3580 527 communia
3598 512 3615 538 ,
3645 483 3748 524 nos
3771 473 3832 528 eis
3866 500 3874 548 ξ

2255 563 2579 620 dissiliamus
2602 609 2616 632 ,
2649 565 2738 621 ille
2767 565 3051 622 deiuatur?
3081 565 3259 621 Vanus
3284 580 3344 622 es
3369 582 3384 621 :
3415 579 3522 620 non
3567 579 3694 620 eum
3737 564 3832 619 dis-

2259 657 2452 729 tinguis
2489 673 2518 712 a
2550 659 2736 725 nobis;
2782 667 2836 715 et
2879 675 2976 714 nos
3005 673 3221 728 prorsus
3264 673 3483 713 accusas
3529 666 3584 713 et
3629 657 3834 727 ipsum:

2257 766 2358 807 nec
2386 761 2560 808 tanien
2583 751 2832 808 ftilminas
2851 763 2940 808 aut
2963 769 3081 820 nos,
3111 760 3200 808 aut
3226 751 3422 824 ipsum,
3444 751 3487 806 si
3514 751 3718 805 violare
3743 764 3833 806 non

2255 845 2340 900 vis
2366 845 2727 900 testimonium
2754 844 2950 916 Pelagii
2976 844 3211 900 doctoris
3233 845 3325 909 tui,
3345 843 3438 914 qui
3461 841 3596 897 dixit
3623 841 3836 895 Ambro-

2257 939 2320 994 sii
2351 939 2503 994 fidem
2535 950 2587 995 et
2619 939 2958 1011 purissimum
3001 941 3051 994 in
3091 940 3377 1011 Scripturis
3407 953 3626 993 sensum
3657 953 3726 992 ne
3755 937 3834 993 int-

2257 1032 2453 1086 micum
2479 1031 2690 1102 quidem
2716 1047 2900 1087 ausum
2941 1032 3105 1088 fuisse
3129 1031 3520 1102 reprehendere
3549 1029 3658 1099 (De
3679 1030 3836 1084 Gratia

2259 1122 2465 1191 Christi,
2498 1141 2587 1179 mi.
2619 1125 2710 1191 46,
2745 1123 2858 1196 47).
2891 1123 3043 1181 Unde
3070 1133 3124 1180 et
3149 1134 3208 1178 tu
3232 1139 3353 1180 cum
3381 1123 3504 1179 fidei
3535 1122 3656 1193 ejus
3683 1131 3736 1176 et
3761 1138 3836 1191 pu-

2257 1215 2470 1270 rissimo
2495 1217 2546 1270 in
2575 1215 2866 1288 Scripturis
2887 1217 3066 1272 sensui
3091 1217 3222 1272 satis
3246 1215 3562 1286 intelligaris
3583 1215 3833 1283 inimicus,

2258 1321 2363 1361 non
2402 1322 2523 1362 eum
2557 1317 2732 1363 tamen
2773 1309 2938 1364 audes
2977 1295 3405 1379 reprehendere;
3447 1305 3542 1362 sed
3570 1305 3702 1378 quid
3731 1306 3834 1360 mali

2259 1397 2399 1453 dicat
2426 1441 2440 1465 ,
2488 1413 2576 1454 me
2621 1398 3062 1470 reprehendendo
3087 1440 3100 1462 ,
3133 1409 3187 1455 te
3232 1398 3508 1455 arbitraris
3546 1397 3834 1454 ostendere.

2260 1489 2433 1546 Homo
2447 1489 2714 1559 confosse,
2732 1500 2786 1546 et
2801 1505 2906 1546 non
2927 1489 3189 1558 confesse,
3209 1505 3398 1562 magna
3418 1489 3469 1544 vi
3489 1489 3702 1560 cogeris
3727 1489 3836 1544 cali-

2259 1584 2473 1656 ginosas
2503 1583 2755 1640 anhelare
2773 1583 3008 1640 fallacias
3041 1601 3055 1638 :
3088 1584 3281 1640 frustra
3313 1584 3464 1656 fingis
3493 1583 3729 1653 impetus
3753 1582 3836 1636 iul-

2261 1678 2539 1745 minantis,
2572 1693 2692 1734 eum
2745 1679 2914 1750 spires
2959 1677 3162 1733 fumum
3206 1677 3383 1748 potius
3423 1675 3710 1732 fulminanti.
3750 1675 3834 1731 Ista

2259 1779 2386 1824 sunt
2435 1781 2620 1839 certe,
2671 1786 2769 1842 per
2817 1787 2937 1843 quze
2989 1771 3183 1828 docere
3229 1771 3442 1826 conaris
3488 1769 3833 1836 Ambrosium,

2261 1862 2499 1935 aliosque
2518 1863 2765 1920 doctores
2790 1865 2966 1920 socios
2993 1863 3130 1934 ejus,
3160 1879 3267 1918 non
3291 1877 3416 1919 esse
3443 1861 3706 1934 originale
3728 1876 3836 1931 pec-

2261 1964 2467 2023 catum,
2509 1975 2528 2010 r
2555 1955 2698 2028 quod
2728 1957 2869 2012 Deus
2895 1956 3201 2012 formaverit
3226 1969 3471 2026 corpora,
3503 1954 3838 2011 ordinaret-it-

2262 2062 2367 2118 que
2403 2049 2671 2120 coniugia,
2710 2047 2854 2119 quod
2897 2064 3002 2104 non
3045 2057 3188 2103 esset
3228 2047 3345 2102 sine
3372 2045 3752 2102 commixtione
3773 2045 3838 2101 fe-

2264 2146 2402 2193 tura.
2433 2157 2453 2192 ι
2478 2139 2856 2195 Conceduntur
2881 2139 3023 2204 huic;
3047 2138 3413 2194 conceduntur
3431 2137 3594 2194 etiam
3625 2138 3713 2191 illa
3735 2153 3836 2208 quae

2263 2230 2527 2302 adiungis,
2557 2249 2576 2285 ι
2602 2229 2770 2287 fetum
2795 2250 2814 2284 ι
2837 2232 3040 2287 scilicet
3060 2249 3078 2284 ι
3108 2240 3163 2286 et
3184 2231 3620 2286 commixtionem
3646 2229 3712 2285 ad
3736 2245 3838 2285 eum

2264 2326 2535 2397 pertinere
2557 2333 2854 2392 auctorem,
2887 2324 2952 2379 ad
2979 2340 3134 2394 quem
3162 2324 3432 2394 pertinent
3457 2337 3722 2392 corpora;
3756 2339 3774 2374 ι
3803 2321 3839 2376 si

2264 2426 2441 2473 tamen
2487 2417 2919 2472 commixtionem
2960 2415 3293 2487 coniugalem
3331 2416 3543 2471 voluisti
3599 2415 3838 2486 intelligi,

2264 2525 2385 2566 cum
2410 2509 2512 2564 hoc
2536 2509 2762 2566 diceres.
2786 2509 3039 2579 Quamvis
3061 2509 3112 2562 id
3136 2523 3229 2578 per
3247 2524 3306 2564 se
3331 2509 3505 2579 ipsum
3528 2523 3718 2563 verum
3735 2523 3840 2564 esse

2268 2611 2522 2657 noscatur
2545 2645 2558 2670 ,
2612 2617 2719 2656 non
2771 2611 2859 2656 tua
2913 2601 3320 2656 ratiocinatione
3368 2600 3438 2656 sit
3479 2614 3840 2670 consequens:

2265 2693 2502 2766 alioquin
2533 2703 2584 2748 te
2611 2693 2844 2761 dicente,
2900 2712 2920 2745 ‹
2944 2691 3003 2748 Si
3049 2693 3260 2748 nonnisi
3307 2707 3404 2764 per
3444 2692 3616 2747 Deum
3647 2706 3840 2762 corpus,

2265 2787 2480 2843 nonnisi
2527 2803 2621 2859 per
2665 2803 2862 2858 corpus
2907 2787 3253 2854 commixtio;
3292 2805 3312 2840 ι
3342 2794 3396 2841 et
3423 2802 3489 2842 ex
3520 2786 3626 2842 hoc
3651 2785 3844 2842 volente

2264 2880 2564 2949 conﬁcere,
2601 2899 2620 2934 ‹
2649 2880 2714 2936 ad
2756 2896 2876 2937 eum
2903 2890 3174 2937 auctorem
3217 2881 3487 2953 pertinere
3527 2880 3844 2936 commixtio-

2267 2987 2392 3030 nem
2418 2973 2458 3040 ⁸,
2487 2971 2554 3027 ad
2584 2987 2743 3044 quem
2774 2987 2999 3043 corpora
3028 2972 3328 3044 pertinent;
3377 2981 3556 3044 potest
3597 2973 3735 3029 alius
3771 2971 3842 3028 dio

2245 3071 2392 3124 ’eere
2411 3107 2428 3134 ,
2456 3067 2512 3122 Si
2539 3065 2750 3121 nonnisi
2782 3081 2875 3138 per
2899 3066 3066 3122 Deum
3096 3080 3312 3137 corpus,
3362 3065 3574 3123 nonnisi
3615 3080 3715 3137 per
3742 3079 3843 3121 oor-

2267 3173 2368 3232 pus
2420 3157 2736 3213 adulterium
2762 3199 2776 3225 ,
2833 3157 2902 3214 ad
2943 3173 3064 3213 eum
3112 3166 3385 3213 auctorem
3432 3157 3669 3228 pertinet
3708 3155 3842 3211 adul-

2271 3253 2490 3320 terium,
2512 3251 2580 3306 ad
2611 3266 2767 3322 quem
2794 3252 3028 3322 pertinet
3055 3266 3251 3321 corpus
3283 3269 3296 3304 :
3326 3249 3468 3322 quod
3495 3249 3651 3305 vides
3676 3258 3843 3320 quanta

2270 3343 2477 3398 dicatur
2503 3342 2692 3414 iniuria
2726 3343 2859 3410 Dei,
2900 3353 2956 3399 et
2991 3351 3246 3414 quantum
3274 3343 3399 3398 mali
3437 3341 3672 3398 doceant
3708 3343 3845 3414 syllo-

2268 3437 2425 3508 gismi
2455 3437 2551 3492 tui.
2585 3436 2733 3492 Sicut
2769 3451 2898 3507 ergo
2923 3451 3030 3492 non
3059 3437 3302 3509 sequitur
3321 3479 3337 3504 ,
3365 3444 3425 3492 ut
3452 3435 3574 3492 ideo
3610 3437 3846 3491 tribuatur

2270 3533 2588 3589 adulterium
2619 3532 2749 3597 Deo,
2781 3532 2906 3602 quia
2935 3547 3041 3586 non
3082 3530 3142 3586 fit
3178 3529 3281 3586 nisi
3321 3547 3420 3601 per
3457 3544 3678 3600 corpus,
3719 3529 3844 3599 alitis

2271 3634 2457 3680 auctor
2484 3633 2567 3680 est
2596 3624 2740 3680 Deus
2768 3641 2780 3676 :
2806 3623 2880 3678 ita
2910 3639 3016 3678 non
3039 3623 3296 3694 sequitur,
3329 3630 3388 3677 ut
3411 3621 3534 3677 ideo
3557 3620 3844 3677 commixtio

2269 3717 2537 3772 tribuatur
2564 3717 2694 3782 Deo,
2720 3717 2840 3787 quia
2864 3731 2971 3771 non
2997 3716 3056 3772 ﬁt
3085 3717 3186 3772 nisi
3212 3731 3311 3787 per
3347 3731 3564 3786 corpus,
3596 3715 3746 3786 cuius
3769 3730 3845 3768 au-

2272 3819 2392 3864 ctor
2410 3817 2493 3864 est
2519 3807 2662 3863 Deus
2677 3809 2718 3862 '.
2737 3807 2844 3863 Sed
2871 3815 3047 3863 tamen
3065 3806 3411 3863 concedimus
3432 3805 3844 3861 commixtioneta

2273 3893 2529 3957 duntaxat
2556 3900 2889 3974 coniugalem
2915 3942 2929 3967 ,
2961 3915 3083 3970 quae
3114 3899 3173 3954 fit
3197 3914 3358 3955 causa
3391 3898 3726 3970 procreandi,
3755 3898 3845 3953 Deo

2274 3992 2479 4048 auctori
2523 4007 2643 4048 esse
2672 3991 3038 4058 tribuendam;
3072 4007 3180 4047 non
3223 3992 3348 4063 quia
3393 3992 3496 4046 hoc
3537 3999 3630 4046 tua
3661 4001 3846 4062 Sumpta

2274 4085 2515 4156 sequitur
2533 4127 2548 4154 ,
2578 4084 2672 4141 sed
2703 4085 2828 4156 quia
2855 4085 3062 4141 ratione
3089 4085 3190 4140 alia
3219 4085 3619 4141 consideratam
3643 4128 3656 4152 ,
3683 4098 3846 4139 verum

2275 4192 2395 4234 esse
2414 4178 2750 4249 perspicitur.
2770 4177 2920 4246 Quod
2941 4193 3070 4233 vero
3090 4193 3155 4233 ex
3181 4178 3284 4234 hoc
3299 4177 3494 4250 quaeris
3512 4177 3744 4246 efficere,
3763 4191 3845 4232 nec

2276 4271 2515 4342 sequitur
2561 4272 2648 4326 illa
2697 4270 2998 4342 superiora,
3029 4287 3130 4327 nec
3154 4285 3340 4327 verum
3365 4281 3466 4327 est.
3493 4270 3676 4342 Neque
3700 4273 3843 4333 enim,

2275 4362 2398 4434 quia
2426 4364 2566 4419 Deus
2599 4362 2726 4419 fecit
2753 4378 2966 4434 corpus,
3000 4363 3143 4418 Deus
3172 4362 3402 4418 instituit
3429 4362 3677 4432 coniugia
3698 4405 3710 4426 ,
3738 4376 3851 4432 quo-

2277 4469 2393 4509 rum
2416 4455 2799 4512 commixtione
2821 4454 2958 4510 fetus
2979 4457 3199 4522 oriatur,
3229 4456 3368 4511 Deus
3391 4462 3540 4510 creat
3565 4453 3710 4525 ipsos
3733 4453 3851 4507 fetus

2278 4549 2646 4616 animantium,
2678 4549 2798 4604 ideo
2825 4563 3010 4606 verum
3038 4557 3120 4604 est
3148 4548 3290 4619 quod
3317 4547 3583 4618 adiungis,
3621 4565 3640 4599 ι
3670 4546 3786 4600 nihil
3808 4546 3852 4597 in

2278 4641 2522 4696 sensibus
2567 4641 2761 4707 carnis,
2808 4640 2938 4694 nihil
2989 4641 3040 4694 in
3090 4639 3284 4695 fetibus
3332 4653 3593 4706 sexuum,
3648 4637 3852 4691 alterum

2279 4736 2584 4806 quempiam
2625 4743 2822 4806 prmtcr
2851 4733 3014 4788 Deum
3048 4748 3230 4787 verum
3263 4731 3475 4788 fecisse.
3510 4750 3528 4784 ι
3579 4729 3684 4787 Ubi
3727 4730 3849 4784 enim

2279 4826 2405 4882 fecit
2429 4826 2690 4891 diabolus,
2719 4825 2860 4897 quod
2889 4826 3012 4880 mali
3038 4824 3165 4880 fecit
3186 4841 3305 4879 cum
3333 4823 3642 4880 hominibus
3670 4823 3854 4894 primis.

2280 4919 2384 4975 nisi
2423 4927 2479 4975 et
2509 4920 2562 4974 in
2604 4919 2849 4974 sensibus
2878 4918 3054 4973 carnis
3080 4916 3334 4974 illorum?
3359 4916 3490 4971 Mala
3519 4916 3715 4988 quippe
3753 4930 3857 4970 sua-

2282 5014 2434 5069 sione
2478 5022 2759 5081 corruptus
2799 5020 2882 5066 est
2926 5025 3133 5075 sensus,
3170 5008 3381 5080 quando
3410 5017 3494 5064 est
3537 5009 3605 5063 ad
3658 5023 3862 5080 peccan-

2281 5105 2408 5161 dum
2437 5103 2605 5158 factus
2629 5118 2900 5158 assensus.
2927 5102 2992 5157 Et
3020 5101 3108 5156 ubi
3137 5101 3278 5166 fecit,
3306 5100 3563 5172 quidquid
3583 5101 3707 5155 mali
3731 5109 3860 5172 post-

2283 5197 2498 5254 modum
2526 5197 2708 5267 geueri
2739 5196 2970 5250 humano
3002 5195 3126 5250 fecit
3149 5236 3164 5259 ,
3194 5194 3297 5250 nisi
3335 5195 3386 5249 in
3417 5193 3612 5250 fetibus
3635 5209 3860 5253 sexumn,

2283 5289 2335 5344 id
2358 5297 2455 5354 est,
2482 5287 2602 5343 filiis
2628 5287 2944 5342 hominum?
2967 5285 3246 5356 Quomodo
3271 5295 3447 5342 autem
3474 5285 3632 5354 dicis,
3669 5305 3692 5339 ι
3714 5285 3864 5340 Deum

2285 5381 2417 5437 nihil
2458 5381 2645 5437 fecisse
2683 5380 2825 5454 quod
2877 5381 3074 5436 malum
3122 5378 3249 5436 est?
3284 5398 3305 5434 ι
3349 5381 3540 5434 Annon
3571 5390 3655 5436 est
3685 5379 3867 5433 malum

2285 5473 2525 5550 gehenna
2556 5471 2860 5528 damnatis?
2885 5471 3002 5528 Jam
3033 5488 3159 5527 vero
3194 5471 3284 5544 qui
3327 5471 3421 5528 tibi
3445 5470 3648 5528 dicenti
3680 5469 3867 5531 credit,

2351 5605 2948 5682 3mm,
2980 5607 3267 5660 amaritate
3308 5611 3414 5658 Ilus.
3447 5612 3561 5660 lar.
3600 5602 3730 5654 cIar.
3761 5609 3872 5652 Pen.

2794 5731 3068 5804 membrum
3101 5730 3377 5804 sententiae,
3410 5740 3595 5804 nergpe
3615 5739 3649 5804 ι
3669 5725 3869 5804 χςξξξ.

2287 5793 2360 5850 ita
2379 5807 2477 5848 non
2504 5793 2737 5858 secedunt,
2758 5806 2920 5856 usque
2947 5793 3194 5858 adsigna,
3213 5798 3379 5848 auctor
3399 5795 3471 5848 ω
3492 5797 3652 5852 Νι.
3667 5793 3879 5848 restitn-

2291 5869 2403 5908 mus
2421 5869 2481 5906 ex
2505 5855 2934 5918 manuscriptorum
2956 5855 3070 5906 fide.
