3990 6478
576 414 714 480 “t5

573 530 786 589 aliunde
809 529 1200 597 membrorum;
1228 546 1327 588 nec
1350 548 1450 604 ego
1465 532 1564 605 (a),
1583 549 1681 590 nec
1703 534 1807 592 ille.
1823 534 2161 592 Voluntatcm

572 627 841 696 propriam
886 625 1061 681 inesse
1085 625 1459 692 nascentibus,
1503 642 1601 682 nec
1645 627 1958 682 Ambrosius
1988 628 2161 698 dicit,

577 732 676 773 nec
697 733 796 790 ego
821 735 834 771 :
863 733 957 789 per
999 717 1158 789 primi
1203 716 1433 773 hominis
1463 726 1638 774 tamen
1662 717 2161 789 “prtevaricatricem

574 812 898 866 voluntatem
927 808 1125 865 factum
1154 825 1275 865 esse
1294 811 1740 881 concupiscentia:
1761 811 1946 866 vitium
1973 852 1988 878 ,
2019 811 2162 868 unde

576 919 670 972 per
695 903 1124 959 commixtionetn
1175 911 1398 958 sexuum
1447 913 1726 960 nascentes
1751 904 1966 960 trahunt
1992 905 2160 976 origi-

574 997 694 1049 nale
744 1002 1051 1064 peccatum,
1093 1004 1146 1050 et
1193 996 1508 1064 Ambrosius
1551 995 1718 1063 dicit,
1748 1004 1800 1051 et
1838 1012 1958 1067 ego.
1989 997 2161 1051 Ambo

574 1087 730 1157 igitur
765 1096 917 1142 natos
962 1086 1242 1154 homines,
1291 1097 1573 1158 antequam
1616 1101 2002 1155 renascantur,
2053 1104 2162 1144 non

575 1189 790 1249 propter
829 1194 1012 1234 eorum
1041 1179 1387 1234 substantiam
1417 1222 1433 1247 ,
1464 1179 1615 1250 cujus
1639 1190 1848 1236 creator
1869 1191 1950 1235 est
1999 1181 2158 1249 Deus,

572 1271 666 1324 sed
691 1280 905 1341 propter
936 1280 1210 1341 peccatum
1259 1272 1399 1342 quod
1453 1287 1550 1343 per
1588 1289 1750 1329 unum
1808 1273 2058 1341 intravit,
2107 1283 2162 1330 et

574 1379 666 1434 per
692 1378 877 1418 omnes
907 1363 1149 1419 homines
1171 1363 1478 1435 pertransiit
1503 1405 1516 1430 ,
1541 1364 1694 1434 cujus
1718 1365 1922 1434 peccati
1973 1375 2161 1422 auctor

571 1464 653 1511 est
679 1455 924 1511 diabolus
947 1497 963 1524 ,
1009 1455 1254 1526 potestati
1281 1455 1600 1512 adversariae
1628 1455 1968 1527 deputamus.
2017 1455 2158 1524 Quid

570 1558 653 1605 est
672 1548 814 1624 quod
837 1558 888 1604 te
908 1548 1363 1619 impudentissima
1393 1547 1567 1604 fronte
1587 1550 1848 1619 mentiris,
1888 1551 2158 1607 Ambrosii

570 1649 626 1697 et
650 1641 878 1700 aliorum
928 1641 1178 1696 similium
1206 1641 1345 1696 dicta
1385 1639 1671 1697 defendere
1715 1651 1873 1712 atque
1896 1642 2158 1698 deluere?

570 1731 700 1802 Quis
730 1732 799 1787 ita
821 1747 993 1788 caecus
1020 1742 1140 1798 est,
1175 1740 1232 1787 ut
1273 1748 1380 1788 non
1398 1731 1576 1787 videat
1615 1732 1757 1803 quod
1786 1749 1848 1788 ea
1892 1741 1946 1788 tu
1971 1749 2157 1804 repre-

571 1824 772 1880 hendas
797 1866 811 1890 ,
842 1839 941 1895 ego
987 1824 1306 1888 defendam;
1355 1832 1410 1878 tu
1461 1824 1695 1895 polluas,
1755 1839 1855 1895 ego
1895 1825 2154 1882 deluam‘l

567 1917 836 1972 Ambrosii
863 1916 1003 1970 dicta
1049 1925 1173 1970 sunt
1201 1914 1268 1970 de
1287 1915 1502 1970 Christo
1534 1915 1800 1984 loquentis
1829 1934 1843 1971 :
1880 1934 1898 1970 ι
1931 1915 2055 1974 Ideo
2077 1958 2093 1985 ,
2128 1935 2148 1970 ι

566 2006 770 2078 inquit,
808 2025 826 2059 ι
857 2016 908 2063 ct
933 2007 1083 2078 quasi
1108 2007 1267 2062 homo
1287 2022 1385 2078 per
1411 2007 1653 2063 universa
1696 2017 1928 2064 tentatus
1950 2018 2069 2076 est,
2101 2018 2155 2066 et

565 2096 617 2154 in
640 2097 988 2153 similitudine
1015 2098 1287 2152 hominum
1316 2108 1504 2153 cuncta
1529 2098 1779 2154 sustinuit
1803 2115 1816 2165 ;
1867 2099 1962 2154 sed
2000 2100 2151 2170 quasi

564 2190 632 2246 de
657 2190 857 2260 Spiritu
900 2199 1054 2246 natus
1077 2230 1092 2257 ,
1124 2190 1381 2245 abstinuit
1425 2205 1456 2244 a
1501 2199 1717 2260 peccato
1750 2208 1763 2244 :
1791 2191 1966 2244 omnis
2008 2191 2150 2246 enim

561 2282 724 2338 homo
745 2282 968 2338 mendax
997 2325 1012 2349 ,
1045 2292 1098 2338 et
1122 2297 1280 2339 nemo
1299 2282 1414 2338 sine
1443 2292 1663 2351 peccato
1685 2281 1786 2336 nisi
1823 2297 1960 2337 unus
1987 2282 2147 2338 Deus.

561 2375 841 2432 Servatum
885 2383 967 2429 est
1010 2373 1169 2445 igitur
1191 2415 1206 2440 ,
1247 2392 1266 2427 ι
1302 2373 1508 2444 inquit,
1547 2391 1566 2424 ι
1597 2382 1652 2426 ιιι
1681 2389 1745 2428 ex
1780 2373 1894 2428 viro
1941 2381 1994 2428 et
2030 2389 2148 2428 mu-

559 2468 720 2533 liere,
773 2467 826 2522 id
867 2477 979 2532 est,
1012 2481 1108 2536 per
1149 2466 1292 2520 illam
1339 2480 1625 2536 corporum
1669 2466 2099 2521 commixtionem
2128 2508 2144 2534 ,

558 2577 717 2618 nemo
745 2559 989 2616 videatur
1009 2573 1203 2630 expers
1228 2573 1348 2615 esse
1371 2557 1547 2614 delicti
1583 2575 1596 2612 :
1620 2559 1710 2629 qui
1755 2566 1932 2613 autem
1955 2573 2148 2628 expers

558 2653 774 2721 delicti,
825 2667 1016 2723 expers
1057 2653 1215 2707 etiam
1264 2650 1573 2722 hujusmodi
1612 2652 1974 2722 conceptionis
2003 2670 2021 2704 ›
2057 2650 2147 2724 (In

556 2746 805 2818 Isaiam).
830 2747 932 2803 lsta
952 2747 1091 2802 dicta
1120 2745 1255 2802 dicis
1284 2759 1404 2801 esse
1430 2744 1732 2812 falsissitna,
1765 2745 1950 2817 eisque
1974 2745 2144 2800 Mani-

556 2839 766 2896 chmum
794 2840 811 2872 ί
841 2838 1032 2910 dogma
1062 2837 1323 2893 nefarium
1354 2837 1615 2893 contineri
1649 2855 1662 2891 :
1695 2852 1757 2892 ac
1787 2852 1884 2908 per
1904 2837 2006 2893 hoc
2026 2838 2148 2892 Am-

555 2931 718 2989 brosii
745 2932 885 2988 dicta
917 2941 970 2986 tu
992 2930 1340 3002 reprehendis
1359 2939 1414 2986 et
1444 2929 1656 3000 polluis.
1687 2930 1798 3000 Ego
1826 2945 1953 2986 vero
1977 2929 2066 2984 illa
2091 2937 2146 2986 et

555 3025 831 3081 verissima
875 3023 1106 3094 praedico
1129 3065 1143 3090 ,
1195 3031 1250 3078 et
1307 3021 1602 3077 Manichaee
1651 3036 1758 3076 non
1811 3021 1983 3077 solum
2036 3037 2144 3077 non

553 3118 757 3184 amica,
787 3132 972 3173 verum
1019 3125 1075 3172 et
1122 3115 1366 3180 inimica,
1395 3115 1533 3170 sicut
1557 3113 1664 3184 jam
1712 3113 1810 3170 feci
1841 3156 1856 3182 ,
1909 3129 2031 3170 esse
2057 3115 2145 3171 de-

552 3221 791 3270 monstro
823 3230 836 3266 :
858 3227 958 3284 ego
979 3211 1135 3283 igitur
1154 3224 1214 3265 ea
1237 3209 1411 3278 potius
1436 3207 1663 3262 defendo
1689 3250 1704 3274 ,
1744 3217 1798 3264 et
1823 3222 1852 3262 a
1908 3208 2012 3264 tuis
2040 3224 2140 3264 ne-

553 3303 726 3361 fandis
749 3302 1210 3360 criminationibus
1237 3300 1414 3356 deluo.
1448 3298 1637 3356 Utrum
1675 3314 1803 3372 ergo
1831 3299 1920 3354 ille
1959 3310 2144 3358 noster

554 3412 622 3452 an
665 3405 842 3452 vester
898 3395 1001 3461 sit,
1054 3403 1108 3449 et
1133 3409 1228 3448 vos
1255 3391 1484 3447 videtis:
1514 3390 1609 3446 sed
1648 3391 1768 3459 quia
1814 3391 2063 3448 homines
2109 3408 2141 3448 a

553 3488 747 3561 quibus
788 3487 1056 3558 diligitur,
1109 3483 1438 3549 formidatis;
1491 3484 1728 3554 proiecto
1766 3498 1925 3551 eum,
1980 3499 2138 3554 quem

553 3580 809 3636 atrociter
855 3591 1110 3634 accusare
1161 3575 1574 3644 convincimini,
1630 3574 1837 3630 fallacia
1884 3590 2140 3634 excusare

552 3673 841 3731 conamini.
1542 3692 1545 3693 '

620 3764 807 3822 CXXI.
829 3763 948 3820 Jun.
969 3761 1120 3832 Quod
1151 3762 1286 3818 dicis
1307 3761 1356 3818 ei
1387 3759 1685 3817 convicium
1706 3775 1735 3814 a
1754 3758 2034 3816 Joviniano
2060 3759 2139 3816 fa-

551 3869 693 3917 ctum
723 3858 822 3929 (De
852 3857 1060 3928 Nuptiis
1081 3865 1126 3911 et
1151 3855 1565 3928 Concupiscentia
1583 3897 1598 3920 ,
1627 3854 1714 3909 lib.
1741 3854 1777 3909 2
1797 3897 1811 3922 ,
1841 3872 1894 3909 n.
1927 3855 2050 3926 15);
2083 3856 2136 3911 in

551 3967 658 4023 quo
685 3950 895 4006 mentiri
925 3957 976 4005 te
1001 3959 1178 4004 tamen
1207 3947 1437 4002 arbitror
1462 3965 1474 4001 :
1499 3945 1595 4002 sed
1619 3961 1914 4002 annuamus
1938 3948 2021 4003 vel
2046 3946 2138 4002 Jo-

552 4044 752 4101 viniani
795 4052 846 4099 te
886 4042 1282 4098 criminatorem
1307 4054 1492 4095 verum
1518 4055 1639 4096 esse
1685 4055 1874 4110 posse,
1903 4041 2134 4096 Anthro-

553 4138 797 4206 siumque
834 4135 902 4190 ab
944 4135 1033 4188 illo
1062 4132 1408 4188 Manichazum
1436 4141 1678 4186 vocatum
1714 4149 1728 4187 :
1759 4141 1814 4187 at
1853 4131 1905 4187 id
1928 4140 2144 4188 constat.

553 4231 798 4286 insanum
821 4227 1005 4282 fuisse.
1024 4225 1140 4280 Non
1165 4223 1308 4281 enim
1331 4239 1458 4280 sane
1482 4232 1688 4295 poterat
1704 4223 2024 4279 Manichacus
2045 4239 2138 4279 vo-

552 4323 683 4391 cari,
713 4322 801 4393 qui
827 4322 1022 4377 bonam
1049 4326 1312 4383 naturam,
1344 4317 1431 4386 qui
1462 4325 1676 4386 peccata
1703 4316 2019 4383 voluntaria,
2044 4316 2133 4387 qui

551 4430 582 4471 a
607 4415 718 4470 Deo
741 4413 1003 4469 institutas
1029 4409 1261 4482 nuptias,
1280 4407 1367 4479 qui
1397 4423 1426 4462 a
1458 4407 1569 4464 Deo
1596 4406 1707 4462 ﬁeri
1737 4408 1984 4478 parvulos
2000 4423 2135 4479 prte-

550 4508 779 4564 dicabat.
819 4504 876 4562 Si
905 4519 1034 4576 ergo
1060 4503 1150 4558 ille
1190 4501 1550 4573 praelationem
1581 4501 1893 4572 virginitatis
1923 4505 2134 4574 nuptia-

551 4597 1087 4666 runraccusationem
1116 4595 1318 4666 putavit
1336 4635 1350 4661 ,
1378 4595 1568 4660 nesciit
1592 4595 1809 4649 omnino
1833 4594 1958 4666 quid
1985 4583 2137 4649 dice-4

551 4703 652 4750 ret.
672 4692 826 4748 Aliud
849 4701 931 4748 est
955 4692 1100 4748 enim
1123 4689 1472 4750 contrarium,
1490 4685 1632 4740 aliud
1657 4686 1977 4742 ordinatum.
2001 4687 2133 4743 Boni

551 4784 746 4856 quippe
772 4783 1006 4839 laudatio
1033 4781 1099 4836 ad
1126 4780 1346 4835 meliora
1373 4776 1569 4848 gradus
1595 4786 1676 4831 est
1699 4794 1713 4831 :
1737 4775 2009 4833 infamatio
2034 4795 2132 4834 au-

553 4887 658 4934 tem
676 4885 881 4933 natura:
897 4875 960 4930 ad
985 4871 1329 4929 Manichaeum
1347 4869 1429 4924 via
1452 4879 1552 4924 est.
1576 4868 1708 4925 Cum
1743 4885 1870 4942 ergo
1904 4886 2008 4925 non
2036 4870 2127 4925 da-

555 4979 766 5026 mnaret
784 4966 1096 5023 Ambrosius
1114 4963 1351 5033 nuptias;
1376 4977 1473 5017 nec
1492 4961 1922 5018 commixtionem
1940 4963 2131 5034 conju-

549 5080 672 5136 gum
693 5105 707 5130 ,
737 5061 821 5118 vel
848 5074 981 5130 Opus
1009 5056 1236 5122 diaboli,
1265 5055 1348 5110 vel
1390 5054 1762 5114 necessitatem
1786 5054 1988 5110 diceret
2012 5070 2132 5115 esse

550 5157 754 5229 peccati
785 5174 800 5210 :
834 5152 1070 5225 improbe
1107 5149 1233 5229 fecit
1257 5148 1569 5206 Jovinianus
1590 5189 1605 5215 ,
1636 5161 1692 5204 ut
1717 5165 1837 5205 eum
1867 5150 2133 5206 conferret

550 5251 859 5315 Manichaee,
890 5255 1202 5318 pularetque
1227 5241 1360 5298 nihil
1386 5243 1645 5298 interesse
1668 5242 1804 5298 inter
1828 5244 2128 5312 nuptiarum

549 5354 908 5403 accusatorem
938 5347 993 5395 et
1015 5337 1409 5393 laudatorem’.
1439 5334 1571 5390 Nam
1596 5335 1640 5389 si
1665 5335 1733 5390 de
1758 5335 1990 5418 legitima
2017 5343 2072 5391 et
2097 5352 2129 5394 a

551 5440 660 5495 Deo
687 5437 922 5493 instituta
943 5447 1227 5504 corporum
1253 5430 1627 5501 conjunctione
1650 5442 1951 5502 generatos,
1984 5441 2129 5504 post-

549 5548 770 5606 eaquam
801 5513 954 5587 usum
991 5535 1270 5598 coeperunt
1295 5525 1494 5581 habere
1520 5523 1741 5580 rationis
1757 5567 1770 5594 ε
1795 5535 1983 5596 sponte
2007 5541 2130 5596 pro-

547 5630 661 5700 pria
683 5627 968 5700 proborum
989 5623 1010 5656 ³
1040 5621 1334 5678 imitatione
1355 5621 1606 5675 mentitos
1625 5619 1752 5677 dixit
1773 5619 2086 5678 Ambrosius
2107 5638 2123 5689 ;

609 5765 628 5831 ξ
663 5766 819 5816 codex
843 5757 1284 5831 nortqﬂmtidttci,
1314 5819 1343 5831 ,Α
1382 5819 1412 5831 __

610 5830 632 5860 '
664 5835 804 5879 Forte
825 5824 1116 5881 addendum,
1152 5824 1452 5881 virginitatis.

610 5891 632 5924 ⁸
663 5897 819 5954 Forte,
841 5899 1124 5954 pravorum;
1161 5891 1584 5954 νυιηρνοαυονυγῃἶ

609 5954 681 6015 (a)
712 5944 936 6014 subaudi,
959 5944 1116 6015 arguo
1130 5944 1362 6012 membra,
1386 5959 1478 5997 non
1503 5945 1619 5999 vitia

1259 417 1503 477 OPERIS
1541 420 1951 478 IMPERFECTI
2003 412 2280 482 CONTRA
2315 418 2675 501 JULlANUM,
2715 431 2775 490 S.
2814 434 3184 496 AUGUSTINI

2272 556 2379 596 non
2415 551 2591 600 tamen
2618 543 2754 603 hanc
2779 549 3204 621 conjunctionem
3224 595 3240 622 ,
3273 557 3526 618 mendacii
3550 567 3703 626 voluit
3725 590 3805 629 ne-

2269 636 2574 694 cessitatem
2604 639 2804 713 videri,
2850 644 2946 699 sed
2976 647 3330 707 universitatis
3373 655 3610 714 indicium
3632 662 3668 715 ¹.
3697 665 3805 724 Tale

2268 737 2351 783 est
2376 730 2518 785 enim
2549 733 2691 803 quod
2729 734 2893 801 dixit,
2925 736 3053 793 Nati
3081 757 3144 794 ea;
3182 745 3463 810 parentibus
3501 754 3806 824 mentiuntur;

2267 821 2424 892 quale
2461 825 2506 879 si
2545 826 2799 896 dixisset,
2831 829 3015 887 Omnis
3057 833 3217 890 homo
3239 880 3254 905 ,
3281 839 3530 898 duntaxat
3557 847 3631 901 sui
3659 821 3806 907 rector

2268 913 2508 983 arbitrii,
2538 918 2821 988 aliquando
2851 924 3101 980 mentitus
3142 937 3223 982 est
3256 946 3268 981 :
3304 931 3502 988 sciebat
3526 938 3702 1008 quippe
3728 958 3804 995 nc-

2269 1012 2464 1063 minem
2489 1012 2602 1066 sine
2627 1017 3004 1073 commixtione
3031 1030 3326 1091 parentum,
3350 1038 3538 1094 praeter
3553 1032 3800 1100 Christum,

2267 1103 2554 1159 exstitisse.
2585 1105 2746 1176 Igitur
2773 1125 2932 1180 opere
2959 1112 3221 1184 conjugali
3245 1132 3348 1173 non
3378 1118 3703 1190 iniquitatem,
3724 1127 3802 1181 sed

2264 1196 2667 1264 generalitatem
2713 1201 2794 1256 vir
2836 1203 3068 1271 prudens
3099 1207 3264 1261 voluit
3309 1208 3540 1265 indicari.
3569 1213 3801 1272 Christum

2264 1300 2392 1341 vero
2411 1291 2942 1358 pronuntiavitomne
2966 1297 3170 1351 cavisse
3198 1299 3546 1368 mendacium,
3565 1320 3704 1372 quem
3725 1309 3805 1361 mi-

2263 1378 2442 1434 raculo
2491 1382 2742 1452 parientis
2771 1375 3003 1441 ostendit
3035 1406 3049 1442 :
3080 1389 3222 1459 quod
3266 1391 3475 1461 quidem
3505 1394 3805 1454 vehementer

2263 1480 2448 1526 contra
2475 1472 2853 1548 Hieronymum
2873 1520 2887 1544 ,
2921 1478 3072 1550 cujus
3094 1490 3147 1535 tu
3172 1484 3373 1539 assecla
3397 1501 3455 1540 es
3473 1527 3488 1553 ,
3516 1486 3708 1555 fremit;
3730 1492 3804 1561 qui

2261 1564 2596 1622 mendacium
2639 1568 2994 1639 signatissime
3028 1571 3242 1628 Christo
3285 1584 3367 1630 est
3399 1588 3610 1633 conatus
3649 1579 3802 1651 allige-

2262 1670 2320 1710 re
2341 1655 2436 1728 (a).
2458 1657 2574 1714 Non
2597 1676 2726 1732 ergo
2741 1662 2862 1731 jure
2883 1673 3103 1719 vocatus
3129 1675 3209 1721 est
3235 1665 3555 1724 Manichacus
3576 1669 3636 1744 (si
3657 1679 3805 1728 tamen

2261 1752 2522 1824 vocatus),
2539 1754 2626 1824 qui
2643 1762 2827 1809 contra
2845 1771 3085 1813 errorem
3101 1767 3341 1814 vestrum
3358 1757 3697 1833 frequentavit
3713 1763 3804 1819 lau-

2260 1843 2525 1902 dationem
2558 1858 2942 1905 creaturarum.

2331 1939 2464 1994 Anc.
2516 1939 2895 1997 Laudationem
2939 1952 3306 2000 creaturarum
3357 1930 3727 2016 frequentamus
3760 1954 3806 2004 et

2259 2044 2358 2085 nos
2389 2047 2402 2084 :
2435 2031 2560 2102 quid
2585 2041 2666 2087 est
2691 2048 2818 2104 ergo
2844 2035 2984 2104 quod
3013 2034 3146 2092 dicis
3172 2037 3274 2093 hoc
3305 2024 3479 2093 facere
3503 2037 3806 2098 Ambrosium

2256 2131 2442 2180 contra
2485 2140 2722 2182 errorem
2751 2136 3027 2197 nostrum;
3058 2145 3178 2185 cum
3221 2131 3326 2187 hoc
3367 2130 3522 2188 faciat
3545 2133 3803 2189 secundum

2257 2216 2414 2274 ﬁdem
2445 2221 2721 2275 nostram?
2749 2221 3027 2290 Quomodo
3053 2238 3230 2280 autem
3261 2226 3352 2281 illa
3379 2227 3537 2283 verba
3564 2229 3801 2298 posuerit,

2254 2324 2373 2380 quae
2402 2325 2433 2365 a
2465 2327 2548 2366 me
2580 2311 2674 2368 tibi
2700 2313 2909 2384 objecta
2939 2325 2995 2370 tu
3019 2331 3449 2374 commemorare
3483 2319 3722 2387 timuisti,
3749 2335 3805 2376 ne

2257 2401 2488 2456 tenebras
2515 2411 2616 2458 tua:
2641 2403 2937 2460 clarissima
2968 2407 3086 2462 luce
3112 2407 3328 2463 illorum
3357 2409 3770 2482 redarguerentur
3788 2450 3801 2476 ,

2237 2493 2370 2566 aliis
2396 2495 2555 2550 etiam
2593 2496 2912 2567 scriptorum
2937 2514 3154 2555 suorum
3183 2501 3318 2558 locis
3356 2503 3434 2558 sic
3458 2504 3674 2559 ostendit
3693 2507 3803 2559 Am-

2249 2583 2496 2656 brosius,
2526 2597 2584 2642 ut
2612 2603 2718 2643 non
2759 2589 2808 2644 ci
2837 2590 2974 2646 sicut
3013 2592 3383 2664 negligentiori
3404 2636 3419 2662 ,
3451 2595 3701 2666 quomodo
3736 2595 3803 2649 lo-

2251 2677 2452 2747 queris,
2482 2687 2537 2734 et
2566 2679 2846 2736 incautiori
2876 2683 3142 2738 sententia
3168 2684 3269 2740 ista
3324 2687 3488 2742 semel
3513 2686 3806 2757 subrepsisse

2248 2770 2524 2838 videatur;
2555 2773 2650 2829 sed
2678 2773 2746 2830 de
2770 2784 2991 2845 peccato
3032 2776 3283 2848 originali
3307 2779 3498 2851 dogma
3524 2781 3632 2851 ejus
3649 2821 3664 2846 ,
3688 2795 3802 2850 quo-

2250 2861 2393 2918 niam
2422 2863 2612 2935 dogma
2640 2866 2961 2923 catholicum
2991 2877 3108 2937 est,
3141 2871 3273 2926 satis
3303 2871 3501 2943 liquida
3531 2871 3802 2928 manifesta-

2247 2956 2394 3013 tione
2419 2956 2673 3015 declaret.
2701 2960 2810 3015 Cur
2848 2977 2976 3032 ergo
3006 2972 3060 3019 et
3084 2979 3185 3034 qua
3211 2966 3424 3023 ratione
3451 2967 3668 3033 dixerit,
3697 2965 3804 3021 Ser-

2247 3059 2416 3105 vatum
2443 3063 2516 3106 est
2541 3053 2698 3123 igitur
2717 3095 2730 3119 ,
2763 3064 2818 3107 ut
2859 3072 2923 3110 ea:
2947 3056 3052 3112 viro
3079 3066 3126 3111 et
3151 3061 3398 3128 muliere,
3428 3061 3484 3114 id
3511 3073 3581 3116 est
3600 3104 3614 3127 ,
3645 3076 3725 3132 per
3746 3058 3804 3114 il-

2247 3143 2350 3199 lam
2369 3161 2637 3215 corporum
2662 3150 3085 3217 commixtionem,
3107 3168 3254 3206 nemo
3284 3155 3512 3208 videatur
3535 3170 3701 3226 expers
3718 3168 3805 3208 esse

2245 3235 2451 3302 delicti;
2480 3239 2566 3310 qui
2609 3248 2776 3293 autem
2802 3256 2980 3311 expers
3018 3241 3223 3309 delicti,
3255 3260 3438 3316 expers
3467 3245 3612 3300 etiam
3652 3244 3805 3316 hujus-

2245 3330 2383 3383 modi
2401 3332 2765 3403 conceptionis;
2781 3333 2900 3403 quia
2919 3348 3025 3389 non
3048 3333 3133 3388 hic
3156 3346 3377 3406 peccata
3401 3337 3669 3392 hominum
3685 3344 3806 3406 post.

2245 3435 2466 3492 eaquam
2511 3439 2665 3478 usum
2691 3434 2970 3495 coeperunt
2998 3425 3194 3482 habere
3221 3429 3454 3484 rationis
3474 3471 3489 3496 ,
3519 3438 3575 3484 ut
3616 3439 3666 3483 tu
3698 3427 3808 3482 alieo

2242 3511 2388 3567 naris
2410 3514 2463 3579 ',
2497 3513 2592 3568 sed
2620 3515 2876 3585 originale
2914 3527 3189 3587 peccatum
3233 3519 3460 3591 intelligi
3491 3521 3675 3585 voluit;
3703 3516 3808 3589 quid

2241 3604 2366 3659 alibi
2409 3606 2552 3661 dicat
2593 3607 2810 3664 attende
2844 3628 2856 3663 :
2887 3609 3166 3679 Jordanis,
3191 3612 3412 3681 inquit,
3446 3628 3702 3668 conversus
3737 3626 3807 3664 re-

2243 3703 2494 3765 trorsum,
2537 3698 2838 3770 signiﬁcavit
2873 3700 3111 3756 salutaris
3137 3704 3333 3758 lavacri
3361 3709 3534 3776 futura
3562 3705 3805 3776 mysteria,

2242 3806 2332 3860 per
2364 3806 2477 3861 qua:
2501 3791 2554 3846 in
2579 3793 2864 3862 primordia
2885 3794 2905 3826 ⁸
2934 3804 3130 3849 natura:
3153 3811 3259 3850 sua:
3277 3837 3292 3864 ,
3330 3797 3420 3868 qui
3459 3798 3688 3869 baptizati
3712 3800 3806 3868 {tte-

2239 3881 2375 3949 rint,
2407 3884 2607 3953 paruuli
2633 3901 2665 3938 a
2690 3887 2888 3940 malitia
2929 3891 3271 3958 reformantur
3300 3888 3444 3963 (Lib.
3480 3891 3504 3946 1
3537 3891 3590 3945 in
3616 3888 3730 3943 Luc.
3758 3904 3802 3952 ι,

2239 3973 2354 4045 36).
2386 3972 2484 4029 Dic
2503 4017 2517 4042 ,
2547 3973 2757 4032 Iuliane
2775 4019 2790 4043 ,
2821 3995 2852 4031 α
2879 3995 2980 4049 qua
3023 3979 3219 4033 malitia
3238 4023 3254 4048 ,
3285 3983 3334 4036 si
3361 4000 3465 4038 non
3493 3983 3691 4036 trahunt
3715 3980 3806 4035 ori-

2238 4066 2408 4138 ginale
2436 4077 2709 4138 peccatum.
2741 4071 2878 4127 Audi
2904 4072 3079 4129 adhuc
3101 4075 3206 4132 alio
3235 4074 3358 4131 loco
3393 4095 3406 4130 :
3444 4075 3564 4131 Non
3597 4076 3716 4131 enim
3743 4075 3807 4127 vi-

2237 4156 2348 4211 rilis
2387 4158 2576 4226 coitus,
2609 4159 2810 4230 inquit,
2842 4161 3002 4216 vulvae
3030 4164 3291 4236 virginalis
3318 4170 3514 4221 secreta
3557 4165 3805 4230 reserauit,

2237 4250 2328 4304 sed
2369 4251 2745 4308 immaculatum
2771 4266 2939 4310 semen
2978 4256 3253 4313 inviolabili
3279 4270 3426 4314 utero
3454 4260 3676 4331 Spiritus
3700 4275 3806 4313 san-

2237 4349 2346 4395 ctus
2372 4341 2577 4414 infudit.
2613 4342 2769 4399 Solus
2809 4346 2939 4400 enim
2968 4363 3058 4417 per
3085 4349 3255 4404 omnia
3297 4366 3362 4406 ea:
3391 4353 3526 4406 natis
3554 4352 3615 4406 de
3642 4349 3809 4422 femina

2237 4441 2438 4489 sanctus
2464 4434 2712 4490 Dominus
2736 4436 2887 4492 Iesus
2906 4479 2921 4506 ,
2951 4440 3037 4510 qui
3065 4449 3272 4496 terrena:
3297 4445 3538 4514 contagia
3567 4451 3810 4512 corrupte-

2237 4524 2303 4581 lae
2339 4527 2650 4581 imntaculati
2677 4530 2892 4583 novitate
2917 4541 3093 4601 partus
3135 4549 3236 4588 non
3274 4537 3522 4601 senserit,
3555 4544 3598 4589 et
3642 4531 3810 4589 διείρειὶ

2235 4618 2496 4688 majestate
2537 4617 2785 4689 depulerit
2817 4618 2906 4691 (In
2933 4620 3062 4675 Luc.
3109 4639 3181 4690 tt,
3210 4623 3326 4694 23).
3375 4624 3696 4695 Responde,
3725 4622 3811 4677 Ju-

2237 4707 2395 4774 liane,
2427 4725 2545 4780 quae
2573 4711 2679 4766 sint
2703 4719 2926 4767 terrente
2952 4714 3192 4785 contagia
3223 4719 3567 4786 corruptelae,
3595 4732 3709 4786 qua:
3731 4729 3810 4769 so-

2235 4800 2318 4857 lus
2345 4817 2408 4856 ex
2438 4803 2575 4857 natis
2599 4801 2667 4858 de
2695 4801 2889 4858 femina
2910 4803 3167 4862 Dominus
3191 4805 3346 4862 Jesus
3377 4807 3702 4864 immaculati
3731 4822 3814 4860 no-

2234 4892 2396 4949 vitate
2419 4903 2605 4965 partus
2631 4909 2737 4949 non
2773 4895 2957 4950 sensit.
2988 4896 3174 4952 Adhuc
3202 4898 3326 4953 audi
3360 4915 3375 4951 :
3408 4899 3688 4971 Antequam
3726 4913 3811 4950 n.1-

2234 4986 2438 5052 scimur,
2468 4986 2656 5057 inquit,
2680 4988 2992 5042 maculantur
3012 4990 3266 5061 contagio.
3296 4990 3362 5044 Et
3394 4992 3557 5060 paulo
3589 4999 3733 5062 post:
3757 4987 3814 5041 Et

2234 5077 2278 5131 si
2299 5095 2388 5132 nec
2413 5078 2581 5144 unius,
2610 5078 2798 5148 inquit,
2831 5080 2930 5133 diei
2957 5081 3127 5149 infans
3153 5083 3261 5136 sine
3281 5093 3510 5152 peccato,
3543 5085 3698 5138 multo
3718 5097 3814 5134 ma-

2233 5170 2311 5241 gis
2339 5186 2428 5224 nec
2455 5171 2532 5225 illi
2561 5173 2771 5226 materni
2795 5182 3063 5243 conceptus
3090 5175 3194 5230 dies
3221 5176 3327 5230 sine
3351 5187 3562 5246 peccato
3589 5186 3702 5231 sunt
3734 5173 3814 5246 (In

2233 5261 2484 5333 Apologia
2505 5261 2689 5329 David,
2720 5279 2834 5335 cap.
2865 5264 2972 5333 H).
3005 5264 3164 5319 Multa
3193 5265 3347 5336 hujus
3370 5268 3499 5335 viri,
3528 5283 3683 5338 quem
3709 5264 3811 5320 sani

2233 5354 2420 5426 capitis
2450 5354 2614 5412 fuisse
2643 5355 2919 5412 confessus
2961 5371 3054 5424 es,
3085 5357 3210 5413 talia
3237 5371 3669 5416 commemorare
3698 5373 3813 5429 pos-

2231 5460 2348 5501 sum
2375 5464 2388 5500 :
2412 5447 2505 5502 sed
2535 5449 2618 5502 cui
2646 5463 2751 5503 non
2777 5445 3048 5502 sufﬁciunt
3075 5449 3196 5516 ista,
3227 5449 3352 5520 quid
3378 5450 3616 5507 sufficit?
3636 5451 3710 5505 Ex
3738 5448 3813 5502 his

2230 5553 2359 5610 ergo
2388 5539 2655 5612 intelligo,
2689 5554 2844 5611 quam
2876 5554 2982 5595 non
3015 5541 3207 5598 sinaris
3233 5543 3391 5599 etiam
3425 5543 3518 5599 illa
3539 5586 3554 5611 ,
3601 5543 3734 5600 sicut
3761 5553 3814 5595 cs

2294 5695 2311 5728 ¹
2348 5696 2420 5745 sic
2441 5702 2545 5745 Mss.
2577 5699 2630 5744 In
2645 5694 2817 5807 ἆξον
2835 5693 3099 5758 judicium.

2294 5759 2313 5790 ³
2345 5758 2409 5806 Ad
2462 5769 2595 5806 oram
2735 5770 2820 5807 tots
2871 5755 3011 5807 ςιωυ..
3073 5755 3099 5807 lt

2291 5759 2313 5790 ¹¹
2345 5758 2409 5827 Ad
2462 5769 2613 5827 oram
2645 5753 3011 5820 codicis'Clar.,
3073 5755 3404 5808 hallucinaris.
3461 5762 3608 5810 Forte
3645 5753 3814 5821 legen-

2225 5819 2359 5881 dum,
2379 5818 2652 5870 hariolaris.

2291 5883 2313 5948 ξ
2344 5878 2478 5948 aditi,
2507 5887 2558 5928 et
2579 5887 2683 5930 MSS.
2705 5887 2811 5928 star.
2837 5878 2978 5948 gain,
2999 5880 3051 5933 in
3067 5880 3346 5948 primordio.

2292 5940 2367 6004 (a)
2398 5941 2513 5994 Vide
2529 5954 2691 6006 supra,
2710 5953 2814 6006 cap.
2838 5945 2918 5997 δε.
