3962 6528
142 471 269 529 Mi"

138 596 351 644 conatus
370 627 386 654 ,
430 584 484 643 in
510 585 672 643 alium
697 595 914 644 sensum
953 584 1272 658 detorquere
1313 595 1474 660 atque
1497 602 1716 658 perver-

139 689 278 746 tere,
307 694 426 749 quae
451 677 588 733 dixit
619 678 933 734 Ambrosius
955 678 1024 734 de
1067 679 1150 734 his
1173 678 1264 749 qui
1303 689 1595 735 nascuntur
1623 694 1719 749 per

137 773 564 828 commixtionem
605 786 888 842 corporum
911 813 926 837 ,
959 787 1064 826 non
1108 786 1336 842 arguens
1363 771 1460 827 Dei
1501 779 1718 826 creatu-

137 880 264 930 ram,
285 863 381 920 sed
409 864 666 934 originale
694 873 990 934 peccatum.
1011 863 1149 931 Quid
1173 863 1303 917 mihi
1333 863 1577 919 obtendis
1594 862 1720 917 Hic-

137 972 412 1028 ronymum
457 956 608 1027 cujus
650 972 738 1012 me
771 957 1084 1013 conviciaris
1123 959 1416 1024 asseclam,
1453 957 1520 1012 de
1567 956 1718 1028 cujus

137 1050 306 1105 verbis
332 1050 478 1104 nulla
523 1065 668 1104 nunc
696 1050 919 1120 quaestio
946 1051 1067 1106 est?
1094 1065 1213 1120 quae
1244 1057 1419 1105 tamen
1467 1049 1628 1105 verba
1670 1049 1719 1105 si

135 1144 404 1216 posuisses
428 1152 518 1199 aut
539 1159 601 1199 ea
627 1158 733 1199 non
770 1144 967 1200 habere
999 1144 1142 1215 quod
1171 1143 1458 1214 diSpIicere
1493 1143 1719 1201 deberet

135 1238 468 1294 05tenderem
494 1279 509 1305 ,
541 1246 632 1293 aut
671 1237 1170 1308 intelligentioribus
1199 1237 1511 1308 exponenda
1554 1237 1720 1293 relin-

134 1345 386 1400 querem;
418 1338 511 1385 aut
529 1330 573 1384 si
603 1339 782 1384 essent
813 1329 994 1399 procul
1017 1328 1179 1384 dubio
1197 1329 1462 1384 contraria
1486 1330 1715 1398 veritati,

136 1421 374 1476 libertate
390 1436 494 1492 qua
515 1421 730 1492 dignum
762 1430 845 1476 est
870 1421 1248 1492 improbarem.
1271 1421 1608 1478 Ambrosium
1634 1439 1720 1478 re-

139 1514 302 1585 Spice,
337 1529 499 1584 quem
528 1513 876 1570 Manichazum
908 1529 1012 1570 non
1039 1514 1206 1570 audes
1229 1514 1407 1571 dicere
1440 1531 1453 1569 :
1484 1530 1604 1571 cum
1632 1530 1718 1570 me

135 1615 412 1678 propterea
442 1607 588 1663 dicas
606 1647 623 1674 ,
669 1607 791 1678 quia
817 1606 888 1663 de
930 1607 1174 1678 originali
1217 1614 1436 1677 peccato
1463 1622 1527 1663 ea
1555 1606 1676 1663 dico
1698 1649 1713 1676 ,

133 1716 240 1771 quae
279 1701 432 1756 dicit.
458 1701 589 1756 Nam
617 1702 661 1756 si
691 1710 968 1772 propterea
1007 1716 1118 1756 non
1143 1700 1349 1757 diceres
1377 1701 1716 1756 Ambrosium

135 1793 478 1850 Manichaeum
501 1837 515 1862 ,
546 1795 666 1865 quia
693 1796 887 1850 bonam
914 1804 1161 1850 naturam
1181 1836 1196 1862 ,
1228 1794 1351 1864 quia
1379 1803 1592 1865 peccata
1619 1809 1716 1849 vo-

131 1885 352 1940 luntaria
372 1929 388 1954 ,
421 1887 541 1956 quia
587 1887 796 1958 nuptias
826 1902 855 1940 a
887 1887 997 1942 Deo
1028 1886 1296 1941 institutas
1341 1893 1394 1940 et
1421 1899 1452 1939 a
1481 1885 1590 1941 Deo
1635 1885 1716 1939 fa-

132 1987 236 2031 ctos
265 1977 521 2046 parvulos
548 1977 899 2047 prmdicabat;
925 1992 1025 2032 nec
1050 1992 1136 2032 me
1161 1975 1387 2042 diceres,
1418 1976 1506 2045 qui
1529 1975 1715 2031 eadem

132 2069 356 2124 ﬁdeliter
381 2069 632 2139 praedico.
660 2069 716 2126 Si
745 2079 922 2124 autem
949 2083 1036 2123 me
1061 2077 1346 2138 propterea
1370 2067 1715 2122 Manichacum

133 2159 412 2216 dicendum
441 2170 593 2231 putas
613 2203 629 2227 ,
657 2160 780 2230 quia
820 2175 938 2216 esse
964 2157 1222 2214 conﬁteor
1245 2158 1500 2228 originale
1526 2171 1716 2226 pecca-

133 2261 270 2317 tum;
320 2251 427 2307 hoc
450 2253 609 2306 etiam
653 2252 740 2307 ille
769 2249 1054 2307 conﬁtetur
1087 2266 1100 2303 :
1133 2264 1228 2304 cur
1254 2264 1362 2304 non
1387 2250 1574 2305 ambos
1616 2265 1718 2320 pu-

133 2345 241 2400 tas?
269 2344 378 2401 Sed
409 2361 495 2401 me
521 2345 826 2417 petulanter
849 2345 1002 2409 dicis,
1031 2344 1180 2398 illum
1209 2343 1434 2398 latenter
1456 2343 1713 2413 opinaris,

131 2453 229 2492 non
258 2438 488 2494 veritate
516 2439 762 2493 distincta
782 2479 798 2504 ,
827 2437 921 2493 scd
949 2437 1209 2492 exstincta
1239 2437 1413 2506 potius
1451 2436 1716 2492 libertate.

133 2529 234 2584 IIoc
260 2531 408 2586 enim
433 2530 502 2585 de
541 2531 630 2585 illo
659 2546 765 2586 non
803 2529 969 2586 audes
995 2529 1205 2597 dicere,
1237 2529 1379 2600 quod
1409 2530 1573 2586 audes
1596 2546 1718 2586 cre-

131 2619 253 2676 dere
288 2639 303 2674 :
335 2630 429 2676 aut
452 2623 496 2677 si
524 2622 591 2677 de
615 2623 708 2677 illo
748 2623 846 2678 ista
883 2637 987 2678 non
1016 2620 1226 2690 credis,
1259 2621 1499 2691 profecto
1525 2637 1626 2678 nec
1653 2623 1721 2680 de

132 2730 210 2769 me
233 2713 451 2782 credis;
483 2717 606 2785 quia
633 2725 687 2770 et
713 2715 760 2769 si
785 2730 968 2770 errare
994 2728 1092 2769 nos
1122 2714 1395 2770 existimas
1413 2757 1430 2782 ,
1460 2714 1614 2770 facile
1639 2722 1723 2771 est

133 2814 184 2859 ut
209 2805 398 2861 videas
441 2822 546 2861 non
577 2822 696 2862 esse
733 2806 1086 2872 Manichaeos,
1118 2808 1205 2877 qui
1253 2807 1520 2876 peccantis
1545 2809 1560 2839 ι
1594 2822 1719 2877 pro-

129 2898 299 2968 priam
325 2898 699 2964 substantiam,
724 2914 882 2969 quam
916 2899 1057 2955 Deus
1087 2913 1192 2954 non
1219 2899 1481 2954 creaverit
1507 2914 1612 2954 non
1635 2915 1722 2956 as-

127 2990 398 3056 serimus;
443 2994 536 3046 sed
566 2992 826 3062 originale
855 2999 1130 3060 peccatum
1171 2990 1238 3046 de
1263 2990 1392 3045 vitio
1419 2989 1721 3046 voluntario

127 3092 352 3149 naturae,
376 3099 534 3154 quam
566 3085 704 3140 Deus
728 3085 922 3140 bonam
947 3082 1204 3148 condidit,
1229 3092 1578 3153 propagatum
1600 3098 1721 3139 esse

131 3177 428 3232 Iirmamus.
457 3177 639 3234 Facile
668 3186 898 3249 estergo
928 3185 984 3232 ut
1012 3177 1116 3232 hoc
1139 3177 1352 3243 videas,
1386 3185 1439 3232 et
1459 3176 1615 3231 simul
1645 3174 1722 3231 vi-

128 3270 255 3326 deas
277 3287 381 3326 nos
411 3287 530 3327 esse
561 3273 856 3328 contrarios
884 3271 1192 3326 Manichazis
1224 3289 1238 3325 :
1270 3269 1364 3326 sed
1404 3285 1588 3326 eorum
1618 3284 1718 3325 no-

128 3378 246 3418 men
276 3364 346 3419 ab
377 3364 662 3421 Ambrosio
691 3364 861 3436 abigis
881 3363 1168 3430 adulando,
1187 3372 1242 3418 et
1266 3363 1395 3417 mihi
1426 3363 1614 3432 objicis
1632 3377 1723 3418 ca-

129 3454 461 3511 lnmniando.

193 3545 408 3602 CXXII.
441 3547 561 3604 JUL.
597 3548 792 3604 Verum
831 3557 888 3604 ut
915 3549 990 3604 illi
1027 3548 1264 3604 infensus
1288 3547 1600 3602 Jovinianus
1629 3560 1718 3600 ar-

127 3641 323 3710 guitur,
343 3642 415 3695 ita
441 3642 594 3696 vobis
621 3652 955 3711 comparatus
983 3641 1296 3696 absolvitur.
1328 3638 1552 3707 Quando
1577 3637 1718 3693 enim

127 3734 220 3796 tibi
253 3743 460 3789 tantum
502 3733 840 3804 prudentium
872 3748 1096 3789 censura
1139 3731 1391 3797 donabit,
1421 3740 1476 3784 ut
1519 3739 1570 3784 te
1597 3745 1719 3784 cum

124 3811 392 3882 Jbviniani
415 3829 608 3883 merito
633 3828 940 3897 componat?
955 3826 1050 3883 Ille
1070 3826 1266 3897 quippe
1290 3825 1423 3880 dixit
1448 3824 1573 3879 boni
1601 3837 1721 3878 esse

126 3921 544 3985 necessitatem;
580 3930 632 3975 tu
652 3963 666 3988 ,
697 3921 823 3975 mali
857 3938 870 3973 :
902 3920 992 3976 ille
1019 3920 1094 3974 ait
1133 3935 1226 3990 per
1256 3918 1505 3990 mysteria
1544 3916 1719 3972 homi-

124 4028 224 4070 nes
249 4014 324 4070 ab
352 4029 539 4070 errore
567 4013 837 4080 cohiberi;
871 4023 926 4068 tu
953 4027 1082 4069 vero
1100 4054 1114 4076 ,
1150 4027 1246 4067 nec
1275 4026 1369 4079 per
1404 4009 1626 4089 gratiam
1656 4008 1723 4063 Ii-

125 4107 308 4164 berari
333 4127 347 4163 :
372 4109 462 4164 ille
487 4109 843 4180 virginitatem
874 4108 1053 4163 Maria:
1085 4115 1265 4178 partus
1293 4103 1597 4160 conditione
1611 4102 1721 4158 dis-

123 4199 327 4265 solvit;
356 4209 414 4255 tu
445 4201 612 4270 ipsam
643 4200 860 4255 Mariam
887 4198 1098 4254 diabolo
1136 4195 1386 4252 nascendi
1413 4193 1720 4251 conditione

122 4292 446 4347 transcribis
480 4309 494 4344 :
527 4291 615 4346 ille
658 4291 880 4346 meliora
909 4290 1062 4346 bonis
1098 4297 1304 4358 aequat,
1338 4287 1389 4342 id
1432 4294 1547 4352 est,
1579 4286 1719 4340 inte-

118 4386 381 4454 gritatem
409 4384 707 4450 connubio;
742 4392 800 4438 tu
840 4397 969 4439 vero
1011 4381 1444 4437 commixtionem
1488 4378 1720 4450 conjugii

121 4478 432 4533 morbidam
458 4492 652 4541 vocas,
686 4487 740 4532 et
778 4477 1073 4532 castitatem
1115 4474 1423 4530 ftedissimaa
1448 4473 1528 4528 rei
1554 4473 1720 4528 colla-

120 4570 274 4625 tione
302 4569 571 4640 depretias
596 4587 608 4622 :
632 4584 732 4625 nec
757 4568 978 4640 gradum
1009 4569 1145 4623 inter
1171 4567 1286 4622 haec
1313 4565 1494 4631 addis;
1518 4565 1611 4620 sed
1629 4580 1721 4636 ge-

118 4680 224 4720 nus
253 4680 421 4719 omne
445 4673 744 4719 commutas
764 4705 780 4730 ,
810 4679 915 4718 non
941 4663 1123 4733 utique
1153 4662 1292 4717 bono
1321 4659 1676 4730 virginitatem
1698 4701 1715 4726 ,

114 4759 216 4813 sed
248 4759 400 4813 malo
426 4757 734 4828 praaferens.
755 4757 850 4811 Est
877 4765 1054 4812 autem
1081 4755 1296 4810 vilitatis
1322 4763 1595 4819 extremae,
1617 4752 1720 4807 nisi

113 4850 411 4906 teterrimo
440 4857 804 4919 comparatum
825 4889 840 4916 ,
872 4849 1079 4917 placere
1106 4862 1210 4902 non
1247 4860 1422 4916 posse.
1448 4844 1566 4900 Jam
1590 4857 1720 4899 vero

114 4943 249 5014 quid
281 4944 373 4998 ille
401 4944 506 4998 tale
531 4943 597 4998 de
625 4942 716 4997 Dci
750 4941 956 5011 injuriis
974 4981 990 5008 ,
1017 4940 1174 5011 quale
1199 4941 1290 4995 tu?
1319 4938 1410 4995 llle
1435 4938 1551 5008 ejus
1580 4935 1723 5007 judi-

110 5035 182 5089 cii
229 5036 483 5105 vigorem
513 5049 543 5088 a
573 5033 908 5103 benignitatis
946 5032 1116 5087 voluit
1160 5039 1308 5102 parte
1351 5027 1718 5094 confundere;

112 5135 191 5192 tu,
227 5141 264 5180 a
303 5125 650 5196 malignitatis
680 5144 693 5178 :
726 5124 815 5180 ille
840 5123 1128 5194 dicitapud
1155 5139 1276 5178 eum
1309 5122 1478 5178 bonos
1503 5131 1557 5178 et
1583 5124 1723 5194 opti-

105 5235 237 5274 mos
288 5234 452 5290 aequo
477 5218 682 5274 honore
725 5217 1010 5281 lrnituros;
1044 5225 1098 5271 tu
1127 5231 1288 5280 vero,
1329 5217 1500 5272 bonos
1524 5225 1578 5272 et
1617 5217 1720 5271 im-

105 5316 237 5387 pios
259 5357 281 5384 ,
336 5313 389 5369 id
428 5321 514 5369 est
543 5313 852 5368 innocentes
881 5320 937 5366 et
977 5309 1244 5366 diabolum
1265 5349 1281 5375 ,
1313 5323 1418 5363 uno
1461 5309 1722 5379 supplicio

100 5405 454 5462 cruciandos
485 5422 499 5458 :
532 5405 622 5459 ille
645 5419 773 5474 ergo
802 5403 969 5458 Deum
999 5401 1470 5457 clementissimum
1499 5401 1614 5455 vult
1645 5403 1724 5456 vi-

98 5499 273 5566 deri;
317 5509 396 5564 tu,
428 5497 816 5568 iniquissimum
843 5514 856 5550 :
881 5496 968 5550 ille
997 5494 1126 5549 dicit
1145 5495 1165 5525 ’
1195 5492 1461 5564 mysteriis
1486 5484 1603 5564 ejus
1622 5493 1724 5548 im-

93 5592 282 5648 butos
304 5591 555 5647 homines
571 5605 676 5645 non
695 5604 851 5660 posse
869 5603 1108 5659 peccare;
1126 5595 1182 5642 tu
1195 5601 1324 5643 vero
1336 5586 1516 5657 ipsum
1533 5587 1720 5653 Deum,

93 5695 156 5742 et
184 5686 252 5740 in
287 5683 588 5756 ‘mysteriis
614 5681 1010 5748 imbecillitate,
1041 5689 1095 5736 ct
1135 5681 1188 5736 in
1221 5681 1498 5751 prmeeptis
1528 5679 1722 5734 immo-

163 5799 185 5831 ι
226 5794 419 5858 Codex
441 5801 588 5858 Fort,
610 5791 836 5858 peccatis.

157 5862 186 5892 ³
225 5858 374 5908 ε’Δὶιί
396 5856 489 5917 hoc
527 5851 634 5906 loco
671 5855 870 5917 addunt,
915 5851 1046 5917 apud
1088 5853 1369 5917 etumiquod
1411 5865 1442 5904 a
1480 5859 1562 5903 Ms.
1609 5859 1719 5902 Mar.

85 5923 259 5975 abest
310 5927 372 5968 et
414 5916 732 5979 librariorum
753 5915 898 5979 lapsu
925 5915 1126 5979 ascitum
1166 5915 1356 5966 videtur
1381 5929 1443 5969 ex
1467 5917 1724 5979 superiore

78 5985 178 6046 ala
203 5980 503 6042 sententia,
527 5977 612 6030 ille
633 5977 752 6030 dicit
769 5977 901 6041 apud
923 5990 1034 6028 eum
1053 5977 1211 6039 bonos,
1240 5987 1334 6030 etc.

415 6063 646 6132 Sanos.
691 6063 972 6130 Ausos'r.
1004 6063 1086 6128 X.
1175 6063 1188 6082 ’

1476 469 1679 530 LIBER
1713 470 2059 542 QUARTUS.

3272 488 3416 549 1418

1827 586 2122 656 deratione,
2139 595 2196 645 et
2214 587 2266 644 in
2284 586 2498 660 judiciis
2518 586 2846 652 immanitate
2863 607 3085 668 peccare
3104 604 3410 662 contendis.

1825 679 1957 735 Cum
1978 681 2156 753 itaque
2180 690 2323 738 tanta
2339 685 2628 755 disparatio
2652 687 2721 743 sit
2745 688 2882 745 inter
2899 701 2950 746 te
2974 704 3028 748 et
3046 694 3405 765 Jovinianum,

1824 780 2018 841 quanta
2042 774 2345 844 conjunctio
2371 775 2512 833 inter
2537 787 2590 836 te
2613 788 2666 835 et
2689 780 3055 852 Manichaeum;
3077 797 3222 845 tanto
3249 800 3303 847 te
3328 803 3411 847 lo-

1824 861 2098 920 lerabilior
2117 865 2428 925 Iovinianus
2454 871 2730 942 probatur,
2753 885 2952 945 quanto
2976 877 3255 937 Joviniano
3283 883 3408 938 hor—

1823 955 1991 1011 ridior
2018 958 2358 1017 Manichacus.

1894 1049 2029 1106 Anc.
2060 1051 2228 1120 Quam
2255 1054 2425 1111 bellus
2452 1057 2545 1112 tibi
2589 1059 2818 1128 videris,
2851 1077 2970 1118 cum
2999 1080 3085 1119 me
3128 1065 3408 1122 Joviaiano

1823 1155 2139 1212 comparans
2161 1187 2174 1209 ,
2209 1149 2444 1218 pejorem
2470 1153 2680 1206 conaris
2709 1155 3012 1212 ostendere.
3045 1156 3242 1213 Verum
3274 1159 3412 1216 hanc

1823 1249 2033 1306 quoque
2058 1240 2431 1295 contumeliam
2473 1244 2934 1302 mendacissimam
2962 1264 3084 1304 cum
3125 1251 3411 1306 Ambrosio

1823 1343 1910 1382 me
1936 1343 1967 1383 a
1999 1338 2050 1384 te
2091 1330 2333 1400 accipere
2355 1334 2560 1404 gaudeo
2594 1354 2606 1390 :
2638 1338 2731 1392 sed
2758 1345 2811 1392 te
2838 1340 2915 1394 sic
2943 1342 3174 1398 insanire
3213 1344 3414 1397 contri-

1822 1426 1954 1474 stor.
1987 1419 2064 1475 Ea
2106 1423 2303 1492 quippe
2328 1440 2486 1481 causa
2529 1442 2614 1481 me
2642 1428 2921 1485 Joviniano
2947 1432 3079 1487 dicis
3105 1448 3223 1489 esse
3262 1436 3412 1504 pejo-

1821 1527 1959 1579 rem,
1978 1529 2081 1584 qua
2112 1530 2198 1569 me
2223 1514 2354 1570 dicis
2373 1519 2532 1572 etiam
2553 1519 2920 1576 Manichzenm.
2943 1523 3010 1578 Et
3035 1525 3159 1595 quid
3186 1535 3266 1581 est
3283 1525 3419 1582 hoc?

1823 1602 1956 1658 Illud
1976 1604 2180 1660 scilicet
2204 1607 2459 1678 originale
2476 1619 2773 1679 peccatum,
2793 1614 2930 1683 quod
2957 1629 3053 1669 vos
3069 1617 3271 1686 negatis
3288 1633 3350 1670 cu
3360 1634 3408 1671 nl

1822 1694 2059 1766 Pelagio,
2081 1711 2177 1752 nos
2203 1713 2332 1754 vero
2357 1714 2478 1754 cum
2502 1702 2788 1758 Ambrosio
2815 1705 3149 1762 conﬁtemur.
3172 1708 3302 1762 Cum
3322 1708 3420 1763 illo

1823 1787 2016 1857 igitur,
2046 1789 2338 1845 secundum
2367 1807 2493 1859 vos,
2537 1808 2722 1848 sumus
2749 1803 2803 1850 et
2830 1793 3104 1852 Manichaei
3123 1839 3139 1862 ,
3171 1808 3223 1852 et
3262 1799 3410 1869 pej0«

1822 1895 1907 1934 res
1949 1880 2232 1937 Joviniano
2251 1925 2265 1948 ,
2295 1892 2349 1939 et
2390 1885 2646 1956 quidquid
2671 1903 2770 1943 nos
2799 1889 2942 1944 aliud
2974 1907 3069 1946 ore
3115 1901 3364 1961 protervo
3389 1936 3412 1961 ,

1822 1985 1922 2026 nec
1945 1986 2074 2028 sane
2099 1973 2354 2041 veridico,
2385 1976 2482 2032 sed
2512 1978 2774 2035 maledico
2801 1981 3062 2046 dixeritis,
3093 1983 3275 2037 docuit
3312 1999 3418 2039 nos

1822 2063 2076 2119 Dominus
2103 2067 2335 2136 gaudere
2359 2078 2410 2122 et
2438 2069 2707 2126 exsultare
2727 2112 2741 2135 ,
2767 2072 2978 2142 quando
3003 2075 3416 2145 qualiacumque

1823 2155 2104 2211 maledicta
2135 2174 2240 2212 non
2267 2175 2331 2213 ex
2361 2161 2581 2216 veritate
2606 2163 2849 2218 audimus
2868 2206 2884 2232 ,
2918 2165 3010 2219 sed
3041 2166 3160 2235 quia
3197 2183 3292 2236 pro
3320 2183 3414 2222 ve-

1822 2245 1980 2300 ritate
1994 2257 2262 2303 certamus
2287 2247 2496 2320 (Matth.
2521 2268 2574 2319 v,
2601 2251 2706 2324 l2).
2731 2254 2866 2309 Ecce
2889 2271 2988 2326 ego
3015 2270 3119 2309 non
3149 2256 3269 2311 dico
3286 2257 3417 2312 mali

1823 2351 1944 2392 esse
1962 2340 2352 2406 necessitatem,
2370 2343 2493 2412 quia
2515 2359 2613 2398 nec
2628 2344 2960 2412 Ambrosius;
2981 2358 3034 2402 et
3055 2357 3234 2404 tamen
3251 2349 3371 2404 dico
3395 2351 3413 2381 ⁸·

1824 2431 2076 2499 parvulos
2105 2447 2134 2486 a
2166 2433 2365 2489 malitia
2396 2435 2668 2492 reformari
2688 2480 2702 2503 ,
2737 2440 2877 2508 quod
2905 2450 2958 2494 et
2987 2441 3299 2498 Ambrosius
3324 2463 3335 2496 ε
3359 2453 3422 2499 et

1825 2519 1944 2576 ideo
1969 2523 2094 2577 mali
2125 2524 2267 2578 nulla
2309 2535 2393 2580 est
2420 2527 2745 2595 necessitas;
2777 2530 2894 2599 quia
2928 2539 2981 2585 et
3024 2531 3159 2586 illud
3189 2532 3297 2588 Deo
3323 2548 3417 2587 sa-

1825 2615 2001 2671 nabile
2025 2625 2143 2684 est,
2174 2617 2316 2688 quod
2346 2619 2508 2674 trahit
2538 2621 2817 2684 nativitas;
2849 2631 3047 2693 quanto
3079 2625 3247 2695 magis
3273 2625 3418 2695 quod

1825 2707 1973 2763 addit
1997 2709 2281 2764 voluntas?
2307 2709 2421 2766 Non
2449 2711 2570 2766 dico
2589 2754 2604 2779 ,
2637 2729 2736 2769 nec
2764 2729 2858 2783 per
2897 2716 3120 2786 gratiam
3167 2715 3418 2773 homines

1827 2798 2082 2864 liberari;
2129 2801 2272 2869 quod
2315 2802 2452 2858 absit
2480 2813 2539 2858 ut
2574 2803 2715 2860 dicat
2741 2805 3056 2862 Ambrosius
3089 2824 3102 2861 :
3135 2808 3228 2863 sed
3273 2809 3420 2880 quod

1825 2906 1934 2947 non
1957 2893 2036 2947 vis
2075 2893 2335 2960 dicimus,
2370 2895 2580 2950 nonnisi
2620 2911 2715 2966 per
2755 2899 2979 2968 gratiam
3024 2899 3275 2969 liberari,
3307 2917 3419 2957 non

1826 2984 2001 3040 solum
2044 2995 2104 3041 ut
2127 2987 2206 3043 eis
2231 2987 2409 3043 debita
2448 2988 2781 3044 dimittantur
2801 3031 2816 3056 ,
2848 3007 3032 3046 verum
3064 2993 3225 3048 etiam
3266 3009 3335 3049 ne
3360 2995 3419 3050 in

1826 3080 2172 3136 tentationem
2221 3081 2533 3138 inferantur.
2587 3083 2706 3138 Non
2755 3086 3153 3142 transcribimus
3201 3087 3418 3143 diabolo

1827 3171 2042 3228 Mariam
2072 3173 2376 3229 conditione
2406 3174 2686 3240 nascendi;
2710 3177 2805 3231 sed
2833 3177 2972 3246 ideo,
3003 3179 3124 3249 quia
3155 3180 3266 3249 ipsa
3288 3195 3420 3236 con-

1825 3262 1959 3320 ditio
2001 3265 2222 3321 solvitur
2247 3266 2416 3336 gratia
2453 3266 2787 3322 renascendi.
2816 3268 2931 3324 Non
2977 3277 3226 3340 tanquam
3272 3273 3420 3329 malo

1827 3355 2026 3412 bonum
2044 3399 2059 3422 ,
2091 3356 2185 3412 sed
2226 3365 2474 3428 tanquam
2503 3357 2642 3412 bono
2671 3359 2860 3414 melius
2878 3400 2894 3427 ,
2923 3360 3280 3431 virginitatem
3309 3379 3416 3418 nu-

1828 3447 1952 3518 ptiis
1977 3448 2367 3517 anteponimus.
2394 3447 2533 3516 Non,
2561 3460 2619 3504 ut
2646 3450 3009 3520 calumniaris,
3039 3452 3210 3509 bonos
3239 3464 3292 3510 et
3317 3455 3419 3510 im-

1829 3539 1947 3610 pios
1988 3555 2096 3594 uno
2124 3538 2416 3610 supplicio;
2463 3539 2558 3596 sed
2596 3541 2767 3597 bonos
2808 3544 2988 3611 nullo,
3021 3545 3212 3615 impios
3236 3555 3419 3604 autem

1826 3647 1933 3686 non
1963 3646 2090 3696 uno,
2122 3631 2214 3686 sed
2244 3647 2339 3702 pro
2367 3630 2675 3688 diversitate
2703 3633 2868 3703 ipsius
2896 3635 3203 3705 impietatis,
3231 3637 3419 3693 diver-

1829 3721 1903 3776 sis
1931 3721 2202 3792 suppliciis
2246 3721 2470 3778 dicimus
2496 3737 2617 3778 esse
2651 3725 2984 3780 cruciandos.
3027 3725 3144 3781 Non
3188 3727 3418 3784 dicimus

1828 3815 1993 3870 Deum
2021 3815 2073 3869 in
2099 3815 2368 3887 mysteriis
2392 3816 2755 3874 imbecillitate
2775 3860 2790 3886 ,
2819 3821 2873 3873 in
2902 3821 3182 3891 praeceptis
3219 3823 3417 3878 immo-

1827 3905 2135 3971 deratione,
2167 3907 2218 3960 in
2261 3906 2472 3976 judiciis
2511 3908 2840 3964 immanitate
2883 3925 3135 3980 peccare,
3183 3913 3334 3983 cujus
3361 3920 3418 3969 et

1827 3999 1992 4071 gratia
2018 4001 2344 4069 regeneratis
2373 4000 2626 4070 mysteria
2651 4010 2772 4055 sunt
2802 4001 2972 4068 utilia,
3001 4012 3057 4059 et
3083 4005 3250 4074 gratia
3277 4004 3416 4060 libe-

1825 4092 1956 4148 ratis
1983 4100 2246 4161 praacepta
2275 4090 2527 4159 salubria,
2552 4099 2606 4147 et
2628 4091 2785 4148 bonis
2807 4094 3069 4165 malisque
3092 4097 3418 4153 convenien-

1827 4192 1910 4239 ter
1931 4183 2209 4239 distributa
2231 4182 2447 4252 judicia.
2480 4183 2620 4239 Ecce
2647 4197 2748 4239 nos
2771 4199 2833 4241 ea
2853 4225 2869 4251 ,
2900 4186 2955 4240 in
2983 4187 3175 4258 quibus
3202 4203 3301 4244 nos
3325 4188 3416 4244 di-

1825 4277 1944 4332 citis
1981 4276 2258 4331 Joviniano
2283 4291 2404 4333 esse
2441 4277 2652 4348 pejores
2671 4320 2688 4346 ,
2715 4279 2999 4336 amolimur
3025 4296 3054 4334 a
3083 4281 3238 4337 nobis
3270 4299 3284 4335 :
3315 4297 3417 4338 vos

1826 4382 1856 4422 a
1887 4367 2036 4424 vobis
2060 4356 2352 4423 amolinl’ini
2373 4408 2390 4434 ,
2415 4370 2458 4421 si
2490 4370 2712 4440 potestis
2733 4410 2748 4436 ,
2783 4369 2835 4425 in
2866 4371 3055 4441 quibus
3081 4389 3173 4428 vos
3199 4373 3415 4444 pejores

1825 4459 2013 4516 eodem
2041 4460 2156 4530 ipso
2181 4459 2462 4517 Joviniano
2488 4475 2609 4516 esse
2645 4462 2973 4516 monstrabo.
3006 4462 3100 4518 Ille
3125 4463 3257 4518 dixit
3282 4463 3414 4519 boni

1826 4566 1946 4606 esse
1980 4551 2385 4616 necessitatem;
2415 4565 2510 4604 vos
2535 4549 2709 4606 dicitis
2735 4565 2855 4606 esse
2885 4552 3074 4606 bonam
3106 4553 3230 4608 mali
3255 4553 3412 4624 cupi-

1825 4641 2042 4699 ditatem
2076 4660 2089 4694 :
2122 4643 2209 4698 ille
2234 4643 2308 4697 ait
2333 4657 2428 4711 per
2455 4643 2704 4712 mysteria
2735 4642 2979 4698 homines
3001 4643 3070 4698 ab
3097 4659 3280 4700 errore
3315 4660 3412 4702 co-

1825 4732 2029 4800 hiberi;
2061 4747 2185 4798 vos,
2225 4735 2364 4788 viam
2405 4741 2600 4787 rectam
2627 4733 2900 4803 gradiendi
2935 4735 3275 4806 cupiditatem
3301 4753 3412 4795 non

1825 4826 2071 4896 inspirari
2099 4841 2132 4881 a
2159 4825 2270 4880 Deo
2290 4867 2304 4888 ,
2336 4823 2431 4880 sed
2456 4826 2674 4880 arbitrio
2703 4825 2870 4881 libero
2897 4828 3099 4898 acquiri
3133 4847 3146 4884 :
3177 4829 3270 4886 ille
3297 4831 3412 4887 vir-

1823 4917 2095 4988 ginitatem
2124 4916 2302 4971 Maria:
2340 4924 2520 4986 partus
2547 4915 2851 4972 conditione
2877 4917 3152 4988 dissolvit;
3182 4937 3279 4978 vos
3323 4923 3412 4994 ip-

1824 5024 1938 5065 sam
1965 5023 2183 5065 carnem
2224 5013 2463 5063 sanctam
2499 5005 2566 5062 de
2591 5007 2794 5078 virgine
2833 5018 3161 5078 procreatam
3199 5022 3412 5071 caetera;

1825 5103 1972 5158 carni
1999 5102 2275 5157 hominum
2304 5099 2624 5170 coaequans,
2654 5099 3054 5156 similitudinem
3083 5104 3258 5159 carnis
3283 5119 3412 5176 pec-

1825 5194 1928 5252 cati
1967 5210 2072 5248 non
2115 5192 2500 5282 distingueptes
2528 5205 2559 5245 a
2587 5205 2748 5246 carne
2789 5194 2990 5262 peccati
3024 5212 3038 5248 :
3070 5195 3160 5251 ille
3187 5196 3410 5254 meliora

1825 5287 1980 5344 bonis
2004 5296 2196 5357 aequat,
2217 5285 2268 5341 id
2295 5293 2397 5352 est,
2421 5284 2777 5353 integritatem
2804 5285 3102 5352 connubio;
3133 5303 3246 5354 vos,
3269 5290 3410 5343 mala

1826 5379 2012 5445 bonis;
2059 5393 2179 5433 nam
2207 5376 2526 5434 discordiam
2564 5376 2741 5432 carnis
2765 5387 2819 5432 et
2847 5378 3063 5448 spiritus
3103 5387 3208 5433 tam
3233 5379 3410 5435 dicitis

1827 5487 1947 5529 esse
1971 5472 2166 5527 bonum
2185 5513 2202 5538 ,
2232 5485 2391 5541 quam
2421 5469 2758 5525 concordiam
2789 5473 3090 5540 nuptiarum
3123 5489 3136 5525 :
3168 5473 3258 5527 ille
3279 5472 3412 5529 dicit

1827 5563 1966 5634 apud
1992 5563 2159 5619 Deum
2199 5561 2456 5633 aqualem
2482 5560 2739 5617 honorem
2768 5561 2936 5616 bonos
2959 5572 3013 5617 et
3036 5563 3265 5632 optimos
3308 5564 3409 5619 ha-

1826 5656 2065 5720 bituros;
2090 5669 2187 5710 vos
2207 5662 2403 5722 autem,
2432 5653 2690 5724 quosdam
2715 5653 2882 5708 bonos
2906 5667 3013 5708 non
3036 5653 3207 5709 solum
3238 5656 3293 5710 in
3321 5671 3410 5712 re-

1827 5765 1932 5820 gno
1959 5748 2054 5803 Dei
2095 5747 2350 5803 honorem
2389 5745 2594 5808 nullum
2621 5745 2941 5815 adepturos,
2981 5745 3076 5800 sed
3105 5762 3206 5802 nec
3233 5748 3407 5818 ipsum

1827 5857 2049 5913 regnum
2076 5855 2194 5896 csse
2216 5840 2461 5896 visuros:
2486 5839 2575 5895 ille
2603 5837 2728 5894 dicit
2753 5837 2847 5894 Dei
2874 5838 3140 5911 mysteriis
3165 5839 3410 5899 homines

1893 5977 1910 6010 ι
1944 5977 2018 6028 Sic
2043 5980 2149 6025 Mss.
2177 5980 2228 6027 tn
2248 5974 2407 6038 vign.,
2431 5970 2573 6025 dicis.

2637 6057 3242 6152 (Mrem-mino)
