3962 6474
177 356 308 413 liii

174 471 335 525 debet
361 470 561 538 dicere,
592 468 683 540 qui
708 467 820 523 vult
845 465 1096 522 resistere
1124 458 1435 518 Manichaee.
1460 462 1522 517 Et
1544 461 1611 517 de
1632 462 1766 516 alia-

174 581 293 621 rum
320 565 537 635 qutdem
564 578 741 619 rerum
766 561 927 628 vitiis,
950 574 1080 630 quas
1105 572 1135 612 a
1157 559 1265 613 Deo
1288 566 1497 613 creatas
1519 556 1766 621 fatemur,

174 657 269 713 sed
299 656 418 725 ejus
456 656 849 726 sapientissima
879 651 1247 717 ordinatione,
1289 649 1401 705 sive
1439 648 1624 714 bonis,
1652 648 1766 702 sive

174 751 338 807 etiam
374 751 528 805 malis
555 749 759 821 angelis
799 746 1067 812 subditas,
1096 742 1423 815 respondere
1455 741 1765 797 facillimum

174 855 257 903 est
276 888 289 910 ,
319 846 389 902 ab
415 846 493 901 eis
519 844 712 917 quibus
751 842 1029 914 subjacent
1048 883 1061 906 ,
1103 855 1286 897 earum
1325 851 1535 909 quoque
1562 836 1768 891 semina

175 954 336 1011 posse
366 938 579 1005 vitiari,
610 949 667 993 ut
697 953 802 993 non
832 938 1004 992 solum
1037 935 1166 990 fiant
1186 976 1202 1002 ,
1236 949 1420 989 verum
1447 931 1606 987 etiam
1634 945 1767 986 con-

174 1033 443 1103 cipiuntur
471 1040 861 1102 nascunturque
886 1029 1112 1085 vitiosae.
1136 1028 1213 1082 De
1235 1026 1451 1082 homine
1474 1024 1666 1096 agitur,
1699 1022 1768 1078 de

172 1122 426 1178 rationali
454 1123 724 1178 animante
744 1165 758 1189 ,
788 1120 858 1177 de
886 1119 1116 1191 imagine
1146 1118 1241 1174 Dei
1266 1117 1459 1188 agitur,
1487 1114 1639 1185 cujus
1664 1128 1764 1168 na-

176 1224 290 1271 tura
322 1217 473 1273 nullo
492 1215 653 1271 modo
678 1215 877 1271 diaboli
905 1212 1195 1269 ludibrium
1220 1211 1366 1266 fieret
1390 1253 1404 1276 ,
1429 1225 1585 1280 quem
1622 1215 1768 1263 recte

173 1305 447 1362 credimus
489 1315 764 1362 auctorem
812 1320 931 1361 esse
982 1303 1230 1359 vitiorum
1254 1344 1269 1370 ,
1299 1300 1401 1356 nisi
1439 1314 1534 1371 per
1565 1299 1768 1370 justum

174 1396 268 1451 Dei
314 1397 577 1467 judicium
628 1406 847 1468 propter
888 1394 1147 1467 originale
1194 1403 1487 1464 peccatum.
1536 1390 1772 1460 Denique

174 1504 274 1545 nec
298 1503 397 1544 vos
422 1488 543 1561 ipsi,
565 1496 820 1560 quantum
842 1488 1111 1551 existimo,
1135 1486 1315 1541 dicere
1337 1484 1564 1549 audetis,
1583 1498 1772 1553 quam-

173 1580 254 1638 vis
276 1581 473 1653 dogma
493 1591 730 1637 vestrum
752 1580 868 1636 luce
893 1589 1000 1634 tam
1027 1578 1141 1633 dira
1172 1586 1426 1648 sequatur
1445 1574 1767 1644 absurditas,

177 1672 229 1728 in
249 1672 501 1743 paradiso
524 1681 777 1730 exortura
796 1671 961 1728 fuisse
988 1679 1063 1726 tot
1087 1685 1150 1725 ae
1173 1678 1317 1724 tanta
1337 1669 1460 1723 vitia
1488 1667 1770 1735 naturalia,

177 1768 221 1822 si
250 1775 512 1839 peccante
538 1767 752 1823 nemine
775 1808 791 1835 ,
825 1765 909 1819 illa
951 1764 1003 1819 in
1042 1779 1144 1834 qua
1184 1770 1267 1818 est
1294 1760 1504 1816 condita
1526 1803 1539 1828 ,
1571 1768 1774 1815 natura:

177 1858 427 1916 humanae
453 1861 472 1894 ¹
500 1859 724 1917 felicitas
756 1866 1115 1930 permaneret.
1142 1855 1252 1912 Vos
1297 1864 1473 1911 autem
1515 1863 1772 1925 negantes

176 1952 439 2024 originale
462 1962 762 2023 peccatum,
797 1951 1035 2023 profecto
1055 1958 1298 2006 naturam
1318 1964 1478 2020 quam
1504 1947 1643 2004 Deus
1666 1962 1770 2003 non

178 2045 419 2113 creavit,
469 2059 535 2101 ex
573 2046 727 2117 cujus
767 2044 1151 2101 commixtione
1189 2044 1297 2099 sint
1338 2041 1611 2097 hominum
1650 2055 1770 2096 cum

180 2138 375 2211 quibus
404 2149 699 2195 nascuntur
724 2139 850 2195 vitia
872 2183 885 2207 ,
919 2137 1095 2195 facitis
1137 2136 1427 2193 introduci.
1460 2134 1506 2191 Ο
1534 2136 1775 2208 perversi

180 2232 440 2300 hteretici,
479 2231 893 2288 Mauiclneorum
926 2231 1197 2302 adjutores
1216 2273 1232 2300 ,
1263 2230 1332 2286 de
1356 2227 1663 2286 Manichaeis
1686 2244 1775 2284 ca-

180 2325 531 2383 lumniatores
557 2369 572 2393 ,
626 2335 681 2381 et
732 2323 1130 2381 Catholicorum
1194 2323 1380 2380 eadem
1439 2322 1777 2379 concorditer

180 2432 363 2477 contra
396 2437 491 2477 vos
514 2437 639 2477 vera
660 2422 681 2454 '
712 2420 1003 2477 dicentium
1046 2419 1273 2475 aliorum
1306 2417 1627 2475 contentiosi
1670 2417 1776 2472 erl-

178 2517 495 2585 minatores,
523 2516 749 2571 aliorum
778 2514 989 2571 subdoli
1011 2513 1355 2569 adulatores!

247 2606 487 2664 CXXIV.
517 2606 633 2663 Jun.
660 2606 951 2678 Exspectet
980 2619 1123 2660 nunc
1148 2604 1369 2660 forsitan
1412 2602 1602 2669 lector,
1646 2616 1777 2672 quo-

179 2700 344 2757 modo
383 2700 488 2758 hoc
515 2700 875 2757 testimonium
913 2698 1108 2755 debeat
1149 2697 1373 2768 intelligi
1403 2714 1417 2751 :
1444 2694 1585 2767 quod
1630 2704 1777 2750 certe

178 2808 284 2848 non
317 2792 589 2864 pertinere
608 2791 675 2847 ad
697 2792 969 2848 traducem
992 2789 1219 2862 peccati,
1248 2804 1347 2845 nec
1366 2786 1434 2842 ad
1459 2785 1777 2842 Manicharo-

174 2901 297 2942 rum
328 2886 636 2956 Opinionem
658 2929 672 2953 ,
702 2886 802 2941 iste
829 2885 944 2956 ipse
985 2884 1075 2955 qui
1114 2883 1288 2939 fuerat
1326 2882 1441 2952 ejus
1470 2888 1772 2950 usurpator,

176 2978 457 3045 ostendit;
484 2979 558 3033 ait
576 2978 743 3046 enim,
778 2995 797 3029 ι
835 2976 911 3032 De
941 2976 1367 3047 quibuscumque
1396 2974 1498 3027 hoc
1524 2972 1683 3037 dicat,
1710 2970 1779 3026 de

176 3072 491 3130 hominibus
529 3073 694 3129 dicit:
729 3091 749 3125 ι
774 3086 895 3129 cum
932 3080 1077 3126 certe
1108 3070 1153 3125 si
1188 3069 1254 3125 de
1287 3067 1513 3122 naturali
1553 3073 1778 3136 peccato

174 3166 407 3237 diceret,
433 3183 537 3223 non
564 3167 632 3224 de
653 3167 1097 3239 quibuscumque,
1118 3162 1213 3220 sed
1235 3163 1304 3219 de
1323 3162 1569 3218 omnibus
1593 3161 1779 3232 loque-

178 3270 349 3318 retur.
381 3261 573 3334 Opinio
616 3262 811 3334 quippe
839 3259 1254 3316 Manichmorum
1286 3256 1607 3329 generaliter
1648 3271 1779 3311 cun-

182 3362 394 3411 ctorum
439 3354 746 3409 mortalium
789 3353 1011 3408 infamat
1040 3361 1323 3406 naturam:
1356 3349 1621 3406 sententia
1649 3362 1781 3404 vero

182 3449 250 3505 de
277 3464 387 3521 qua
416 3448 726 3519 quaerimus,
755 3447 916 3502 etiam
944 3446 1012 3501 ab
1039 3443 1155 3517 ipso
1186 3444 1478 3517 plagiatore
1508 3457 1608 3499 suo
1636 3441 1779 3497 reci-

184 3541 260 3613 pit
284 3540 688 3605 testimonium,
716 3539 856 3610 quod
887 3552 993 3594 non
1024 3538 1076 3591 in
1107 3551 1325 3600 omnes,
1358 3534 1453 3591 sed
1491 3534 1545 3590 in
1576 3534 1781 3607 aliquos

185 3632 395 3703 prolata
420 3633 509 3687 sit.
537 3631 618 3687 Ex
634 3646 742 3702 quo
765 3638 994 3697 constat,
1018 3628 1223 3683 nullum
1245 3628 1294 3683 ei
1324 3625 1594 3698 negotium
1614 3624 1782 3681 fuisse

184 3740 304 3783 cum
333 3725 577 3793 traduce,
604 3741 721 3797 qua:
751 3738 1086 3795 nequaquam
1115 3722 1388 3778 universos
1413 3763 1429 3788 ,
1454 3720 1548 3776 sed
1574 3720 1781 3793 pleros-

185 3834 290 3893 que
333 3821 595 3893 percellit.
641 3820 804 3891 lgitur
850 3828 1064 3875 ostenso
1100 3817 1233 3872 nihil
1259 3817 1326 3872 de
1352 3833 1413 3872 ea
1442 3821 1687 3888 spectare
1712 3813 1783 3873 ad

188 3916 469 3986 profanam
500 3913 843 3984 Opinionem,
880 3912 1048 3982 ipsius
1072 3910 1190 3965 libri
1219 3909 1470 3981 suffragio
1507 3908 1784 3979 scriptoris

190 4008 305 4079 ejus
333 4010 539 4064 sanitas
568 4017 859 4061 asseratur.
887 4004 1149 4075 Loquitur
1182 4003 1248 4058 ad
1288 4003 1452 4057 Deum
1483 4021 1495 4056 :
1525 4001 1783 4056 Misereris

191 4102 441 4167 omnium,
478 4100 717 4171 quoniam
755 4098 926 4153 omnia
973 4106 1144 4167 potes,
1175 4105 1221 4151 et
1258 4095 1549 4151 dissimulas
1578 4103 1784 4167 peccata

192 4190 454 4249 flaminum
480 4203 683 4265 propter
709 4190 1051 4264 paenitentiam
1076 4204 1093 4243 :
1119 4188 1289 4259 diligis
1324 4188 1457 4242 enim
1481 4186 1652 4241 omnia
1669 4202 1786 4260 qua:

191 4297 305 4342 sunt
326 4330 342 4354 ,
387 4297 432 4339 et
455 4285 582 4339 niltil
623 4283 774 4339 odisti
812 4283 991 4337 horum
1017 4295 1129 4352 qua:
1154 4280 1332 4352 fecisti.
1364 4277 1627 4346 Quomodo
1654 4278 1786 4333 enim

193 4380 359 4450 passet
399 4377 595 4449 aliquid
623 4391 937 4449 permanere,
973 4375 1072 4428 nisi
1095 4383 1147 4427 tu
1176 4372 1455 4427 voluisses?
1476 4370 1658 4426 Parcis
1688 4390 1782 4427 au-

194 4482 292 4527 tem
322 4471 576 4537 omnibus,
608 4470 844 4541 quoniam
885 4478 973 4522 tua
1014 4477 1162 4533 sunt,
1195 4466 1440 4531 Domine,
1471 4466 1556 4538 qui
1591 4467 1786 4521 animus

192 4564 387 4635 diligis.
416 4562 585 4617 Bonus
610 4564 741 4616 enim
761 4561 969 4633 spiritus
996 4569 1110 4614 tuus
1131 4560 1272 4613 estin
1291 4559 1519 4613 omnibus
1542 4574 1560 4612 :
1583 4568 1787 4630 prapter

194 4659 332 4730 quod
357 4658 453 4711 Iros
472 4657 557 4728 qui
588 4666 775 4720 errant,
808 4654 1036 4728 partibus
1056 4654 1289 4723 corripis,
1318 4652 1445 4706 etde
1472 4651 1650 4729 quibus
1671 4669 1782 4723 pec-

193 4761 309 4805 cant
336 4750 618 4803 admonens
649 4746 954 4820 alloqueris,
986 4755 1041 4801 ut
1066 4744 1244 4799 relicta
1272 4744 1468 4799 malitia
1498 4745 1704 4799 credant
1733 4746 1787 4799 in

192 4851 258 4908 te,
292 4840 508 4894 Domine
533 4838 684 4912 (Sap.
717 4855 789 4903 x1,
820 4838 1011 4903 24-xn,
1039 4836 1118 4908 2).

266 4934 408 4988 Ave.
443 4929 723 4999 Quomodo
750 4930 1032 4991 miseretur
1059 4928 1296 4984 omnium
1328 4929 1468 4983 Deus
1489 4971 1501 4995 ,
1533 4943 1655 4984 cum
1684 4930 1787 4985 alia

194 5023 479 5094 Scriptura
505 5021 668 5087 dicat,
705 5020 826 5076 Non
853 5021 1135 5076 miserearis
1159 5022 1383 5075 omnium
1410 5021 1494 5092 qui
1519 5032 1789 5093 aperantur

191 5120 519 5188 icit/nitatem
546 5115 727 5191 (Psal.
754 5132 897 5182 Lvut,
923 5118 1019 5191 6);
1051 5116 1151 5170 nisi
1191 5115 1313 5186 quia
1344 5124 1398 5171 et
1439 5116 1488 5170 in
1521 5116 1625 5171 illis
1653 5133 1787 5191 quo-

191 5228 315 5266 rum
348 5226 458 5266 non
486 5210 787 5275 miseretur,
809 5224 998 5264 omnes
1015 5208 1258 5265 homines
1279 5210 1351 5263 ita
1368 5216 1513 5277 sunt,
1533 5218 1590 5265 ut
1612 5211 1789 5264 omnia

191 5323 397 5377 genera
426 5305 704 5360 hominum
731 5303 1127 5375 intelligantur;
1160 5303 1298 5358 sicut
1326 5302 1526 5358 dictum
1556 5312 1655 5370 est,
1691 5303 1790 5357 De-

190 5400 400 5455 cimatis
439 5414 587 5453 omne
623 5398 734 5452 olus
761 5394 931 5470 (Luc.
959 5412 1012 5452 x1
1032 5438 1048 5469 ,
1074 5394 1201 5467 42),
1227 5394 1279 5451 id
1306 5404 1422 5469 est,
1450 5410 1611 5452 omne
1635 5396 1794 5454 oleris

188 5491 413 5564 genus?
438 5490 576 5561 Quid
606 5498 781 5546 autem
818 5497 873 5545 te
912 5488 1156 5561 adjuvat,
1203 5487 1345 5561 quod
1386 5487 1647 5562 scriptura
1673 5488 1795 5545 libri

190 5586 496 5663 Sapientim
518 5599 625 5643 non
645 5582 713 5640 de
737 5582 987 5639 omnibus
1014 5582 1318 5639 hominibus
1346 5582 1682 5659 loquebatur,
1706 5582 1797 5639 ubi

190 5680 297 5748 ait,
332 5677 476 5750 quod
511 5676 766 5733 naturalis
794 5683 938 5732 esset
958 5676 1153 5731 malitia
1180 5675 1413 5732 illorum.
1441 5674 1627 5747 Neque
1651 5674 1796 5731 enim

261 5796 284 5826 ³
321 5798 374 5842 tn
399 5791 545 5866 editis
580 5792 843 5853 «nissum,
866 5789 1121 5855 manante;
1164 5788 1281 5841 licet
1301 5790 1352 5841 in
1372 5789 1597 5843 omnibus
1633 5795 1800 5855 eratet

262 5921 289 5955 ²
325 5920 410 5972 llic
434 5932 499 5971 ex
522 5925 631 5973 uss.
656 5920 949 5981 restituitur,
974 5928 1104 5969 vera.

1528 348 1730 406 LIBER
1767 344 2112 417 QUARTUS.

3321 349 3460 409 Mil!

1880 460 1998 530 quia
2030 460 2097 515 de
2125 460 2437 530 quibusdam
2459 503 2472 525 ,
2508 476 2609 515 non
2638 462 2705 517 de
2732 461 2978 518 omnibus
2999 461 3305 519 hominibus
3333 480 3460 532 age-

1878 552 1987 620 bat,
2015 553 2133 607 ideo
2160 553 2321 608 etiam
2354 553 2477 608 fecit
2505 554 2725 618 intelligi
2761 555 2933 611 nullos
2964 555 3100 611 alios
3138 570 3259 612 esse
3287 558 3457 618 tales;

1877 661 1998 701 cum
2025 647 2312 717 Apostolus
2336 647 2510 715 dicat,
2544 647 2759 703 Fuimus
2784 658 2828 702 et
2851 666 2944 704 nos
2972 650 3248 723 aliquando
3274 660 3462 704 natura

1878 739 1975 808 ﬁlii
1998 740 2108 806 ine,
2138 742 2265 796 sicut
2292 754 2339 797 et
2366 743 2550 797 ueteri.
2586 743 2855 798 lsraelitas
2884 754 3058 799 autem
3081 745 3171 799 illo
3196 754 3457 816 tempore...

1877 847 1984 886 non
2014 833 2229 904 quidem
2260 835 2419 890 etiam
2452 837 2593 905 ipsos
2620 850 2805 891 omnes
2826 880 2839 903 ,
2869 836 2962 891 sed
3000 838 3112 907 pios
3134 880 3147 901 ,
3184 838 3253 892 ab
3283 838 3367 893 his
3395 837 3462 893 de

1878 924 2070 993 quibus
2097 926 2294 981 dictum
2322 936 2403 982 est
2424 970 2437 990 ,
2476 927 2741 983 Naturalis
2766 928 2960 982 malitia
2983 944 3186 995 eorum,
3216 945 3323 984 non
3353 929 3463 984 dis-

1877 1018 2131 1073 cernebat
2166 1029 2372 1085 natura,
2400 1021 2496 1077 sed
2534 1022 2735 1092 gratia;
2769 1031 2984 1092 propter
3009 1021 3148 1091 quod
3178 1022 3339 1077 etiam
3366 1021 3466 1077 Dei

1878 1112 1974 1167 lilii
1999 1124 2120 1169 sunt
2148 1117 2460 1186 nuneupati.
2488 1115 2790 1172 Videndum
2830 1126 2913 1171 est
2949 1117 3145 1181 etiam,
3191 1113 3462 1186 quomodo

1876 1203 2076 1259 dictum
2120 1208 2227 1273 sit,
2274 1207 2459 1281 Diligis
2506 1211 2676 1264 omnia
2720 1225 2835 1281 qua:
2876 1220 3031 1264 sunt:
3056 1209 3305 1279 quoniam
3342 1216 3469 1262 sunt

1877 1300 2038 1354 etiam
2068 1299 2264 1371 iniqui;
2294 1310 2349 1357 et
2370 1302 2496 1357 alibi
2526 1303 2781 1373 scriptum
2806 1312 2889 1359 est
2908 1344 2921 1367 ,
2962 1301 3128 1358 Odisti
3172 1317 3344 1357 omnes
3380 1319 3467 1374 qn.

1877 1400 2149 1462 operantur
2173 1393 2482 1464 iniquitatem
2507 1393 2676 1469 (Psal.
2699 1411 2753 1463 v,
2783 1396 2857 1466 7).
2880 1395 3061 1466 Diligit
3078 1410 3203 1467 ergo
3222 1403 3274 1451 et
3296 1395 3461 1466 ipsos,

1877 1484 1931 1539 in
1976 1493 2231 1555 quantum
2273 1487 2514 1543 homines
2557 1502 2701 1555 sunt,
2744 1488 2857 1545 odit
2901 1490 2953 1544 in
2995 1500 3248 1562 quantum
3299 1490 3467 1560 iniqui

1877 1586 2036 1643 sunt;
2064 1586 2119 1633 et
2147 1578 2365 1635 damnat
2400 1596 2493 1636 eos
2534 1583 2658 1653 quia
2704 1582 2870 1653 iniqui
2902 1593 3059 1650 sunt,
3102 1592 3157 1639 et
3197 1583 3322 1637 facit
3347 1597 3469 1638 esse

1878 1670 1998 1739 quia
2038 1670 2282 1728 homines
2319 1682 2481 1729 sunt:
2512 1674 2647 1742 Quia
2676 1675 2836 1743 nihil,
2869 1676 3071 1747 inquit,
3105 1677 3257 1731 odisti
3284 1678 3471 1731 horum

1876 1779 1990 1833 qua:
2023 1765 2203 1835 fecisti.
2228 1768 2388 1823 Amat
2416 1783 2547 1839 ergo
2578 1769 2715 1823 Deus
2746 1769 2991 1825 homines
3022 1784 3188 1845 usque
3213 1769 3376 1841 adeo,
3411 1779 3471 1824 ut

1878 1857 2059 1925 etiam,
2092 1873 2211 1914 cum
2242 1860 2407 1930 iniqui
2432 1870 2576 1927 sunt,
2600 1870 2745 1917 amet
2768 1869 2827 1916 ut
2850 1860 3094 1917 homines
3118 1871 3258 1928 sunt,
3284 1876 3469 1937 quam-

1876 1951 1959 2006 vis
1986 1951 2158 2007 oderit
2184 1955 2327 2025 quod
2354 1955 2518 2026 iniqui
2546 1955 2672 2010 sint.
2707 1956 2784 2010 Ao
2823 1970 2919 2026 per
2966 1955 3068 2011 hoc
3115 1954 3284 2027 iniqui
3333 1969 3468 2027 quos

1880 2044 2024 2100 Deus
2052 2044 2199 2110 odit,
2250 2056 2304 2102 et
2343 2057 2468 2102 sunt
2512 2047 2795 2115 homines,
2837 2050 3090 2120 quoniam
3137 2047 3278 2104 Deus
3313 2062 3468 2104 suum

1879 2145 2023 2192 amat
2047 2137 2346 2208 opificium;
2371 2149 2424 2196 et
2451 2141 2633 2196 miseri
2664 2151 2818 2211 sunt,
2865 2142 3114 2217 quoniam
3144 2141 3288 2198 Deus
3323 2151 3471 2199 amat

1872 2230 2153 2301 judicium.

1949 2323 2164 2380 CXXV.
2213 2324 2330 2382 Jun.
2375 2326 2633 2385 Ceruisne
2679 2345 2837 2400 quam
2878 2328 3069 2387 infesta
3118 2331 3188 2387 sit
3229 2331 3469 2402 opinioni

1879 2426 2072 2473 vestra:
2093 2418 2408 2489 gratiﬁcatio
2438 2421 2531 2477 Dei
2555 2420 2887 2479 laudator-is?
2916 2423 3055 2479 Dicit
3083 2439 3205 2480 eum
3226 2424 3465 2481 condere

1879 2513 2104 2578 animas,
2129 2523 2183 2569 et
2211 2530 2390 2571 amare
2424 2533 2437 2570 :
2462 2516 2604 2587 quod
2627 2533 2657 2571 a
2683 2516 2835 2572 vobis
2873 2528 3127 2589 negatur,
3158 2518 3245 2590 qui
3274 2518 3468 2593 juratis

1880 2604 2245 2661 innocentium
2272 2607 2478 2665 animas
2508 2625 2628 2666 esse
2654 2611 2753 2666 sub
2777 2609 3011 2678 diabolo,
3038 2621 3091 2666 et
3110 2626 3299 2667 exosas
3321 2612 3468 2679 Deo;

1880 2713 2002 2753 cum
2026 2697 2157 2753 nihil
2181 2698 2410 2756 habeant
2434 2701 2601 2770 aliud,
2630 2718 2788 2774 quam
2836 2703 2976 2774 quod
3006 2705 3073 2759 ab
3105 2714 3321 2765 auctore
3350 2718 3471 2761 sor-

1882 2792 1991 2849 tith
2021 2802 2164 2849 sunt.
3141 2810 3155 2848 ἡ

1952 2887 2089 2943 Auc.
2116 2886 2257 2958 Ergo
2285 2887 2576 2943 secundum
2623 2898 2675 2944 te
2700 2931 2714 2956 ,
2760 2897 2814 2945 et
2842 2888 3139 2945 fatuitatem
3167 2905 3195 2945 a
3223 2890 3335 2948 Deo
3375 2905 3472 2945 au-

1882 2985 2030 3032 ctore
2081 2978 2376 3033 sortiuntur
2418 2981 2736 3050 quicumque
2785 2978 2915 3034 fatui
2963 2990 3288 3048 nascuntur,
3338 2995 3475 3052 quos

1882 3069 2050 3140 magis
2079 3086 2237 3140 quam
2263 3082 2501 3127 mortuos
2525 3072 2652 3127 dicit
2668 3088 2818 3128 sacra
2836 3071 3108 3145 Scriptura
3133 3089 3254 3129 esse
3282 3073 3473 3147 lugen-

1886 3161 1983 3217 dos
2016 3160 2221 3234 (Eccli.
2256 3179 2370 3219 χιιι
2391 3207 2407 3235 ,
2446 3165 2515 3220 15
2543 3164 2584 3235 ).
2616 3164 2720 3221 Sed
2759 3167 2981 3221 istorum
3028 3181 3239 3238 quoque
3266 3166 3473 3225 animas

1883 3254 2171 3309 secundum
2191 3256 2472 3326 quemdam
2491 3256 2730 3324 modum,
2750 3257 2801 3311 id
2821 3267 2920 3324 est,
2952 3265 3007 3311 ut
3034 3257 3160 3324 sint,
3186 3266 3241 3312 ut
3270 3258 3470 3323 vivant,

1883 3356 1941 3403 ut
1969 3348 2220 3414 sentiant,
2244 3358 2302 3404 ut
2343 3349 2586 3419 quamvis
2619 3350 2842 3405 obtunsa
2872 3352 3071 3406 mentis
3117 3352 3264 3420 acie,
3295 3360 3473 3407 tamen

1883 3440 2164 3512 pecoribus
2190 3443 2531 3505 antecellunt,
2557 3451 2701 3497 amat
2739 3443 2921 3514 utique
2952 3445 3111 3499 Deus.
3147 3445 3259 3499 Alia
3292 3453 3472 3501 autem

1882 3543 1965 3589 est
1992 3533 2080 3589 illa
2102 3534 2337 3602 dilectio,
2360 3535 2427 3591 de
2453 3551 2553 3607 qua
2581 3537 2837 3607 scriptum
2864 3546 2946 3593 est
2977 3557 2989 3592 :
3020 3537 3286 3592 Neminem
3306 3539 3476 3613 diligit

1883 3625 2041 3691 Deus,
2064 3626 2159 3680 nisi
2179 3643 2290 3681 eum
2308 3627 2393 3699 qui
2414 3643 2528 3682 cum
2547 3629 2798 3699 sapientia
2818 3630 3010 3683 habitat
3036 3629 3189 3705 (Sap.
3218 3648 3314 3697 vn,
3336 3630 3405 3687 28
3430 3631 3473 3703 ).

1884 3718 1990 3775 Sed
2016 3733 2111 3773 vos
2132 3718 2342 3786 dicite‘,
2367 3719 2505 3776 unde
2536 3722 2655 3791 plus
2674 3731 2813 3777 amet
2835 3722 2976 3778 Deus
3004 3723 3206 3777 animas
3233 3723 3477 3794 parvulo-

1885 3827 2025 3877 rum,
2053 3812 2245 3883 quibus
2273 3813 2516 3883 providet
2541 3814 2808 3870 lavacrum
2836 3817 3277 3886 regenerationis,
3306 3826 3475 3873 uteos
3510 3880 3513 3881 ν

1884 3904 2061 3958 mittat
2080 3904 2133 3958 in
2158 3919 2411 3974 regnum;
2442 3914 2495 3961 et
2525 3905 2664 3961 unde
2680 3906 2796 3961 aliis
2823 3922 2929 3961 non
2950 3917 3165 3976 prmstct
3191 3908 3291 3964 hoc
3316 3909 3473 3966 bene-

1886 3998 2066 4054 ﬁcium
2096 4016 2110 4053 :
2141 4013 2262 4054 cum
2285 4013 2377 4054 eos
2400 4014 2504 4055 non
2545 3999 2856 4055 discernunt
2883 4001 2988 4056 ulla
3014 4001 3203 4057 merita
3230 4002 3477 4058 volunta-

1888 4102 2020 4157 tum,
2051 4108 2150 4149 nec
2176 4093 2244 4148 sit
2271 4092 2410 4164 apud
2442 4094 2628 4161 Deum,
2648 4108 2805 4165 quam
2834 4095 2986 4149 nobis
3005 4095 3355 4151 insulsissime
3381 4110 3475 4152 so-

1887 4186 2011 4243 letis
2046 4187 2300 4258 objicere,
2331 4187 2571 4258 acceptio
2611 4202 2980 4259 personarum.
3032 4174 3344 4261 Quanquam
3383 4189 3476 4246 ubi

1887 4279 2086 4335 dictum
2116 4288 2217 4347 est,
2243 4279 2424 4358 .Amas
2479 4280 2705 4344 animus,
2739 4296 2840 4337 nec
2877 4281 3075 4336 dictum
3125 4290 3245 4351 est,
3276 4281 3476 4339 Omnes

1888 4374 2096 4430 animas
2123 4416 2137 4443 ,
2168 4374 2309 4429 nulla
2337 4375 2406 4429 sit
2432 4376 2673 4445 quaestio.
2712 4375 2965 4431 Fortasse
3002 4376 3195 4448 quippe
3220 4377 3296 4431 sic
3326 4377 3475 4448 posi-

1890 4477 2001 4522 tum
2028 4478 2143 4535 est,
2175 4477 2229 4523 ut
2256 4484 2441 4524 omnes
2482 4469 2620 4524 Deus
2652 4469 2856 4523 animas
2884 4467 3109 4535 condat;
3142 4484 3242 4523 nec
3285 4484 3473 4524 omnes

1890 4568 2069 4614 tamen
2097 4559 2298 4631 diligat,
2333 4561 2425 4616 sed
2451 4575 2582 4631 quas
2605 4576 2635 4615 a
2666 4561 2875 4615 cmteris
2902 4576 3006 4614 non
3038 4560 3242 4619 meritis
3263 4551 3471 4629 earum,

1890 4653 1983 4708 sed
2029 4667 2139 4707 sua)
2166 4651 2348 4724 gratiae
2378 4653 2622 4723 largitate
2656 4651 2928 4718 discernit,
2965 4660 3024 4706 ut
3069 4652 3311 4708 habitent
3351 4667 3476 4709 cum

1890 4745 2148 4814 sapientia
2175 4762 2185 4796 :
2222 4744 2342 4816 quia
2366 4743 2613 4798 neminem
2634 4743 2797 4815 diligit
2814 4742 2974 4810 Deus,
3000 4744 3098 4798 nisi
3123 4761 3236 4799 eum
3258 4746 3476 4816 quicum

1889 4837 2134 4908 sapientia
2190 4836 2382 4889 habitat
2439 4852 2456 4889 :
2508 4834 2756 4891 Dominus
2810 4846 2978 4889 autem
3037 4835 3124 4890 dat
3178 4838 3478 4909 sapientiam

1896 4930 2087 5005 (Prov.
2110 4946 2145 4985 lt
2164 4972 2179 4995 ,
2212 4929 2246 4986 ϐ

1962 5023 2197 5080 CXXVI.
2246 5024 2394 5080 J01...
2412 5024 2782 5080 Ptenitentiam
2832 5039 3081 5096 quoque,
3118 5040 3276 5098 quam
3307 5025 3477 5082 Deum

1892 5119 2124 5175 affirmat
2157 5116 2306 5186 dare,
2356 5126 2587 5173 vestrum
2634 5117 2826 5188 dogma
2867 5134 2972 5173 non
3002 5118 3210 5191 recipit,
3270 5120 3320 5173 in
3374 5135 3480 5190 quo

1895 5214 2092 5268 malum
2142 5211 2407 5268 naturalo
2430 5218 2484 5265 et
2546 5211 2779 5281 nequitia
2828 5210 3022 5267 mutari
3076 5210 3279 5269 nesciat
3306 5212 3481 5267 conti-

1896 5318 2071 5365 “Cilll‘.

1970 5406 2105 5463 Auo.
2138 5401 2248 5456 lmo
2268 5414 2367 5455 nos
2389 5400 2564 5471 potius
2594 5409 2780 5456 contra
2817 5415 2913 5456 vos
2940 5400 3197 5471 dicimus,
3220 5409 3273 5456 et
3311 5401 3482 5475 ipsam

1899 5494 2267 5569 paenitentiam
2295 5494 2464 5548 Deum
2484 5492 2615 5551 dare
2642 5511 2654 5549 :
2681 5496 2804 5566 quia
2822 5495 2943 5550 licet
2968 5495 3239 5551 voluntate
3260 5494 3491 5566 quisque

1898 5598 2021 5661 agat
2062 5587 2462 5661 paenitentiam;
2504 5595 2831 5658 praeparatur
2868 5587 3025 5642 etiam
3053 5586 3297 5642 voluntas
3326 5601 3355 5641 a
3381 5586 3489 5643 Do-

1900 5683 2047 5739 mino
2084 5679 2213 5752 (Id.
2260 5695 2384 5747 vm,
2433 5696 2533 5734 sec.
2584 5679 2791 5751 LXX),
2835 5688 2880 5734 et
2924 5681 3030 5734 lucc
3078 5689 3150 5734 est
3202 5680 3487 5741 immutatio

1901 5774 2119 5831 dextera:
2146 5770 2371 5839 Excetsi,
2410 5786 2569 5841 quam
2606 5785 2754 5828 sacer
2790 5771 2998 5831 insonat
3026 5768 3272 5829 Psalmus
3297 5770 3317 5845 (
3338 5769 3486 5829 Psal.

1971 5914 1989 5947 ί
2024 5913 2095 5964 Sic
2116 5919 2220 5963 Mss.
2248 5917 2298 5961 tn
2322 5918 2482 5974 \‘tgn.,
2505 5907 2683 5961 dicitis.
