3990 6486
449 445 600 508 “23-

451 576 638 625 Lxxvt,
672 557 730 612 II
754 555 803 627 );
835 551 958 624 quia
981 559 1043 606 ut
1082 548 1236 604 ﬂeret
1261 547 1450 602 Petrus
1475 585 1488 608 ,
1512 556 1636 598 eum
1662 537 1896 608 respexit
1922 535 2034 588 Do-

451 656 627 710 minus
659 652 824 725 (Luc.
871 664 1010 714 nu,
1039 646 1102 701 61
1127 686 1142 710 ,
1176 642 1285 714 62)
1314 660 1326 695 :
1358 640 1499 696 unde
1525 639 1600 694 ait
1628 637 1696 692 de
1721 633 2038 725 quibus‘lam

452 656 627 710 minus
659 652 824 725 (Luc.
871 664 1010 714 nu,
1039 650 1102 701 61
1127 686 1142 710 ,
1176 650 1285 714 62)
1314 660 1326 695 :
1358 650 1499 696 unde
1525 650 1600 694 ait
1628 650 1696 692 ae
1721 650 2038 782 qumusstam

452 747 791 819 coapostolus
818 745 956 812 ejus,
1002 740 1087 796 Ne
1112 744 1239 812 forte
1277 737 1359 792 det
1396 737 1498 790 illis
1523 734 1659 788 Deus
1699 727 1923 802 paeniten‘
1941 730 2041 782 iant

457 842 544 915 (II
567 842 702 896 Tim.
741 855 796 900 ιι.
815 838 885 892 25
907 837 947 906 ).
981 835 1049 889 Ει
1070 833 1212 904 quod
1235 829 1580 886 immutabilis
1601 827 1797 882 malitia
1825 823 2037 889 dicitur,

453 932 656 988 homini
688 939 770 986 est
800 925 1162 992 immutabilis,
1185 927 1274 994 qui
1301 937 1421 979 eam
1462 927 1670 975 mutare
1699 931 1806 972 non
1835 920 2038 986 potest;

455 1041 561 1081 non
593 1025 723 1085 Deo,
753 1022 840 1092 qui
861 1019 1037 1074 omnia
1065 1025 1260 1087 potest.

528 1115 786 1173 CXXVII.
815 1113 843 1168 J
851 1129 935 1167 UL.
963 1109 1116 1176 Quod
1137 1117 1312 1163 autem
1334 1100 1728 1161 commendavit
1752 1098 2044 1154 admonere

457 1213 650 1274 Deum,
683 1217 739 1262 ut
771 1206 956 1261 relicta
984 1202 1184 1258 malitia
1221 1207 1526 1270 peccatores
1554 1192 1776 1249 credant
1815 1192 1866 1244 in
1898 1203 2042 1254 eum,

457 1303 654 1358 evertit
695 1299 914 1354 omnino
949 1295 1256 1366 opinionem
1296 1288 1552 1345 naturalis
1578 1285 1701 1342 mali
1732 1302 1747 1339 :
1777 1283 1898 1354 quia
1927 1295 2048 1336 cer-

460 1405 569 1450 tum
596 1401 679 1448 est
699 1390 930 1460 relinqui
950 1403 1054 1444 non
1089 1400 1242 1457 posse
1267 1381 1569 1452 congenita.

533 1487 666 1540 Auc.
698 1484 927 1538 Possunt
949 1481 1108 1536 etiam
1129 1475 1408 1547 congenita
1434 1470 1663 1542 relinqui
1685 1485 1699 1534 ;
1727 1466 1821 1524 sed
1837 1463 2050 1537 quando

463 1578 515 1634 id
545 1585 797 1648 operatur
844 1575 897 1628 iu
943 1572 1158 1627 homine
1190 1569 1579 1638 Omnipotens:
1604 1576 1728 1618 nam
1767 1569 1822 1618 et
1859 1572 2051 1614 corru-

464 1671 574 1742 ptio
596 1667 873 1738 congenita
902 1674 986 1721 est
1008 1664 1242 1735 corpori,
1263 1659 1406 1732 quod
1445 1667 1626 1714 tamen
1662 1655 1762 1712 erit
1800 1653 2052 1709 incorru-

463 1765 666 1835 ptibile.

535 1854 814 1912 CXXVIII.
843 1852 961 1909 ιω..
985 1851 1122 1906 Hinc
1149 1847 1410 1918 explicata
1435 1843 1690 1916 patientia
1715 1841 1832 1908 Dei,
1854 1847 1911 1895 et
1938 1837 2052 1893 dis-

464 1947 778 2019 pensatione
819 1943 1100 2000 mitissima
1120 1983 1136 2008 ,
1165 1955 1269 2012 qua
1294 1953 1398 1994 non
1422 1937 1537 1992 vult
1563 1941 1792 1990 mortem
1815 1931 2053 1987 morien-

466 2043 557 2108 tis,
586 2041 687 2096 nisi
725 2048 781 2094 ut
810 2046 1110 2094 revertatur
1137 2043 1191 2091 et
1214 2034 1378 2098 vivat,
1409 2029 1708 2102 approbare
1734 2024 1878 2098 quod
1906 2024 2056 2080 dixe-

466 2141 551 2189 rat
578 2133 738 2189 etiam
766 2147 862 2203 per
882 2129 1126 2199 exempla
1167 2125 1443 2198 persistit,
1471 2122 1701 2192 facitque
1729 2118 2056 2175 mentionem

469 2240 673 2289 eorum,
705 2223 795 2294 qui
823 2222 876 2277 in
905 2230 1046 2278 terra
1065 2219 1370 2276 Chananrea
1396 2215 1639 2270 viventes
1668 2212 1899 2282 pessime
1922 2209 2055 2263 iram

481 2315 878 2388 Omnipotentis
931 2313 1306 2378 accenderant,
1341 2318 1400 2363 ut
1436 2305 1833 2378 impenderetur
1857 2301 2058 2356 ultione

465 2411 761 2483 justissima
786 2407 1145 2464 Israelitarum
1173 2401 1456 2473 triumphis
1489 2402 1505 2432 ⁸
1525 2441 1542 2466 ,
1563 2399 1665 2454 sub
1686 2397 1782 2452 Dei
1805 2395 1918 2466 jam
1941 2395 2059 2464 lege

471 2503 782 2560 viventium.
824 2499 954 2554 Illos
979 2499 1110 2554 enim
1147 2495 1381 2566 antiquos
1403 2490 1706 2546 habitatores
1731 2496 1922 2543 sanctte
1962 2495 2062 2539 tuae

475 2605 619 2651 terra
641 2593 838 2659 adiens,
869 2591 1108 2659 quoniam
1137 2587 1346 2643 odibilia
1373 2601 1528 2655 opera
1553 2583 1641 2637 tibi
1661 2581 1944 2653 faciebant,
1973 2595 2062 2650 per

474 2685 812 2741 medicamina
855 2691 904 2737 et
939 2681 1196 2751 sacriﬁcia
1219 2680 1412 2750 injusta
1433 2719 1448 2744 ,
1477 2687 1525 2733 et
1547 2686 1802 2730 necatores
1840 2673 2064 2744 filiorum

476 2779 586 2834 sine
603 2775 971 2843 misericordia,
1002 2773 1204 2829 uoluisti
1233 2771 1442 2841 perdere
1470 2785 1560 2841 per
1583 2783 1765 2821 manus
1795 2775 2061 2836 parentum

479 2880 788 2933 nostrorum,
819 2876 875 2921 ut
909 2865 1118 2939 dignam
1145 2863 1426 2936 percipiant
1452 2858 1910 2932 peregrinationem
1939 2871 2065 2926 pue-
2089 2877 2096 2880 ·

478 2981 653 3020 rerum
682 2962 793 3028 Dei,
821 2976 934 3032 qua:
955 2959 1041 3014 tibi
1070 2959 1296 3014 omnium
1315 2956 1518 3010 charior
1539 2962 1612 3008 est
1639 2961 1772 3006 terra
1793 2950 1949 3022 (Sap.
1969 2964 2065 3015 xu,

481 3057 581 3114 5-7
601 3057 642 3127 ).
666 3055 884 3124 Septem
907 3062 1128 3124 gentes,
1156 3050 1354 3122 quibus
1382 3064 1447 3104 ex
1487 3046 1715 3102 maxima
1743 3053 1893 3114 parte
1921 3042 2071 3098 dele-

482 3150 574 3215 tis,
618 3145 870 3202 Israelitis
920 3154 1061 3200 terra
1090 3139 1523 3214 repromissionis
1551 3139 1670 3192 data
1706 3145 1820 3202 est,
1854 3142 2073 3205 prepter

482 3238 610 3311 quid
636 3237 777 3294 Deus
801 3235 1031 3292 voluerit
1053 3234 1249 3306 perire,
1277 3242 1523 3290 testatur.
1565 3231 1646 3288 Ne
1669 3234 1690 3264 ⁸
1715 3229 1856 3285 enim
1890 3229 1941 3282 in
1968 3241 2073 3280 una

484 3330 767 3386 hominum
807 3335 996 3383 natura
1022 3343 1119 3399 per
1166 3327 1396 3397 aliquam
1427 3338 1776 3396 personarum
1803 3319 2072 3390 acceptio-

487 3439 610 3480 nem
661 3419 802 3489 apud
845 3420 1010 3475 Deum
1064 3418 1334 3474 videretur
1381 3432 1501 3473 esse
1541 3414 1824 3478 discretio;
1858 3418 2076 3482 propter

486 3516 616 3588 quid
640 3515 928 3572 Chanantei
951 3513 1248 3570 meruerint
1272 3511 1531 3576 interﬁci,
1554 3507 1911 3565 commendat.
1943 3503 2076 3558 Illos

487 3627 618 3684 ergo
668 3613 902 3680 antiquos
953 3607 1255 3664 habitatores
1305 3613 1494 3658 sancta:
1538 3612 1638 3656 tua:
1663 3611 1827 3667 terra,
1884 3598 2074 3667 inquit,

489 3707 607 3762 odio
637 3705 870 3759 habuisti.
895 3699 1289 3771 Quamobrem?
1313 3697 1471 3752 Certe
1501 3694 1791 3751 secundum
1823 3701 1874 3748 te
1894 3691 2080 3747 debuit

491 3794 744 3862 subdere,
782 3794 904 3865 quia
929 3792 997 3848 de
1033 3791 1294 3847 diabolica
1321 3796 1475 3845 erant
1504 3785 1884 3843 commixtione
1917 3798 2079 3854 gene-

490 3889 633 3954 rati,
691 3888 811 3958 quia
863 3902 893 3941 a
947 3885 1286 3942 tenebrarum
1347 3881 1586 3952 principe
1639 3879 2076 3950 possidehautur,

491 3981 615 4053 quia
639 3979 924 4034 tabiﬁcavit
949 3978 1118 4034 Adam
1162 3990 1351 4032 omnes
1371 3975 1438 4030 de
1467 3988 1562 4030 sua
1609 3973 1776 4042 stirpe
1803 3979 2077 4026 venturos.

493 4074 691 4129 Verum
709 4071 839 4126 nihil
858 4069 1048 4125 horum
1065 4088 1078 4123 :
1097 4068 1192 4125 sed
1214 4083 1370 4138 quam
1387 4081 1601 4122 causam
1613 4063 2039 4120 redditodiorum
2055 4061 2086 4119 ἲ

493 4166 618 4224 Sola
648 4181 809 4236 opera
832 4163 1116 4220 commissa
1142 4177 1237 4232 per
1254 4161 1578 4216 voluntatem
1597 4157 1840 4212 liberam.
1861 4155 2078 4222 Oderas,

495 4257 685 4330 inquit,
714 4273 816 4322 eos,
845 4255 1082 4326 quoniam
1113 4269 1265 4308 exosa
1293 4254 1380 4306 tibi
1413 4268 1569 4322 opera
1590 4249 1860 4321 faciebant.
1889 4248 2082 4304 Verum

495 4365 564 4406 ne
614 4348 966 4413 nesciremus,
1004 4360 1126 4417 quae
1165 4352 1346 4399 essent
1391 4357 1554 4412 opera
1577 4384 1592 4407 ,
1625 4329 1786 4413 tuque
1815 4342 1928 4397 haec
1956 4357 2085 4414 gen-

495 4444 628 4498 tium
657 4442 791 4498 facta
815 4438 1299 4510 concupiscentiam
1341 4437 1626 4508 genitalem
1656 4452 1907 4504 vocares,
1944 4438 2087 4508 ipsas

495 4535 704 4607 Species
753 4533 1078 4605 operationis
1115 4531 1448 4601 exsequitur.
1477 4529 1578 4583 Per
1611 4529 1975 4596 medicamina,
2008 4531 2088 4584 in-

497 4628 632 4699 quit,
674 4635 720 4680 et
757 4625 1011 4697 sacriﬁcia
1050 4625 1260 4694 injuste,
1305 4631 1350 4677 et
1391 4631 1648 4677 necatores
1694 4631 1835 4677 erant
1863 4623 2088 4692 ﬁliorum

497 4719 606 4775 sine
617 4718 961 4773 misericordia
980 4731 1002 4781 ;
1021 4715 1075 4771 id
1095 4724 1197 4782 est,
1220 4714 1494 4770 maleﬁciis
1522 4723 1576 4770 et
1595 4713 1867 4771 sacriliciis
1888 4715 2087 4770 servie-

499 4812 652 4876 bant,
693 4825 814 4880 qua:
856 4809 1055 4878 injnsta
1097 4815 1252 4863 erant
1277 4848 1292 4874 ,
1342 4821 1461 4862 cum
1503 4806 1661 4863 idolis
1706 4805 2083 4873 offerebantur,

503 4903 645 4960 cultu
697 4901 964 4959 Creatoris
1009 4900 1219 4972 abjecto
1258 4917 1272 4955 :
1315 4900 1506 4972 quibus
1545 4900 1836 4970 sacrilegiis
1880 4900 1901 4931 ³
1947 4902 2090 4969 ipsas

504 4994 926 5052 necessitudines
951 4993 1307 5064 deputabant;
1330 4992 1603 5048 daemonas
1646 4992 1900 5047 videlicet
1928 4992 2087 5046 etiam

504 5087 908 5161 parricidiorum
974 5088 1304 5143 immanitate
1368 5087 1658 5157 placantes.
1723 5084 1856 5140 Vide
1914 5084 2091 5154 itaque

491 5199 662 5255 quam
684 5198 789 5239 non
815 5183 882 5239 de
903 5196 970 5239 eo
995 5182 1240 5255 loquatur
1259 5181 1503 5249 crimine,
1531 5181 1674 5254 quod
1700 5181 1954 5250 conﬁngit
1976 5179 2089 5234 Ma-

501 5277 761 5342 nichteus,
819 5274 874 5331 id
923 5284 1025 5341 est,
1084 5275 1290 5331 cunctis
1337 5289 1436 5344 per
1490 5282 1731 5328 naturam
1783 5273 2091 5328 adhterente

502 5369 816 5425 mortalibus
842 5410 859 5437 ,
917 5368 1008 5439 qui
1060 5366 1186 5422 hinc
1233 5366 1354 5422 illos
1410 5366 1742 5437 potissimum
1800 5364 2091 5420 oﬁ‘endisse

502 5467 910 5526 commemorat,
940 5457 1082 5531 quod
1113 5473 1214 5514 nec
1243 5473 1273 5511 a
1297 5457 1638 5528 parvulorum
1665 5471 1879 5511 suorum
1912 5455 2092 5512 exitiis

503 5553 891 5624 temperabant.
919 5551 1157 5621 Quorum
1183 5559 1328 5607 certe
1358 5565 1504 5606 mors
1547 5565 1652 5606 non
1682 5557 1986 5606 recurreret
2022 5549 2091 5606 ad

566 5750 585 5781 ³
620 5752 693 5800 ste
717 5758 819 5800 Mss.
841 5750 962 5800 aliti
986 5761 1122 5810 vero,
1149 5746 1438 5812 triumphus.

565 5813 588 5874 ξ
621 5813 925 5874 vignierius,
941 5824 1047 5861 nec.
1072 5819 1128 5862 At
1147 5811 1313 5874 codex,
1330 5818 1476 5871 Fort,
1498 5820 1571 5861 ne.

565 5873 586 5905 ³
617 5870 703 5923 516
713 5881 815 5926 Mss.
841 5880 892 5924 In
912 5870 1074 5937 νίκη..
1096 5870 1356 5936 sacriﬁciis

1157 430 1401 492 OPERIS
1437 421 1848 486 IMPERFECTI
1889 415 2164 478 CONTRA
2198 413 2562 480 JULIANUM,
2601 410 2660 468 S.
2703 405 3070 468 AUGUSTINI

3564 407 3688 472 tm

2149 529 2508 587 interfectoris
2536 530 2548 559 ¹
2601 526 2848 581 invidiam
2871 567 2886 591 ,
2917 525 2961 579 si
2991 529 3206 594 propter
3249 538 3404 579 unum
3443 535 3692 595 peccatum

2150 631 2205 678 et
2230 622 2491 692 parricida
2523 620 2632 674 Deo
2658 618 2986 688 displiceret,
3020 624 3075 670 et
3105 614 3266 669 ﬁlius.

2224 715 2356 769 Anc.
2381 713 2468 769 Sic
2494 713 2593 766 ista
2620 709 2876 780 loqueris,
2905 707 3052 778 quasi
3085 715 3297 777 propter
3323 723 3475 762 unum
3501 708 3694 779 aliquod

2152 807 2356 877 peccati
2383 821 2548 876 genus
2579 818 2766 858 omnes
2793 801 3039 856 homines
3067 799 3347 869 puniantur
3371 840 3385 864 ,
3409 808 3496 855 aut
3519 815 3608 856 nos
3631 801 3697 856 di.

2155 912 2338 952 camus
2389 905 2607 967 pr0pter
2655 894 2826 965 solum
2871 892 3128 962 originale
3165 898 3432 960 peccatum
3474 906 3584 946 esse
3619 893 3699 948 ira:

2155 988 2293 1043 ﬁlios
2335 1002 2449 1053 eos,
2482 988 2569 1055 qui
2615 986 2720 1056 jam
2761 984 2990 1055 grandes
3032 991 3218 1038 attates
3262 991 3436 1054 agunt.
3487 983 3700 1052 Quisquis

2156 1098 2257 1135 non
2277 1081 2433 1134 credit
2459 1081 2512 1132 in
2545 1078 2756 1143 Filium,
2790 1079 2928 1132 sicut
2950 1077 3024 1130 ait
3052 1076 3164 1145 ipse
3184 1075 3348 1130 Filius
3372 1117 3385 1141 ,
3411 1091 3507 1129 non
3531 1075 3705 1130 habebit

2156 1175 2328 1238 vitam,
2357 1173 2445 1227 sed
2482 1173 2559 1226 ira
2586 1171 2680 1225 Dei
2712 1180 2877 1224 manet
2915 1185 3067 1240 super
3095 1185 3206 1222 eum
3229 1166 3416 1237 (Joan.
3445 1184 3531 1234 ιιι,
3569 1167 3660 1238 56)
3692 1185 3704 1222 τ

2158 1265 2250 1320 sed
2279 1277 2398 1319 sunt
2425 1265 2541 1320 aliis
2583 1263 2670 1317 alii
2703 1263 2936 1333 pejores,
2969 1275 3129 1330 super
3169 1274 3302 1330 quos
3337 1259 3427 1314 Dei
3453 1260 3619 1330 utique
3642 1260 3706 1314 ira

2157 1357 2330 1426 major
2361 1364 2570 1422 manet;
2605 1371 2702 1410 nec
2731 1363 2905 1410 tamen
2927 1366 3117 1408 omnes
3139 1352 3216 1406 sic
3239 1359 3542 1406 evertuntur
3567 1363 3708 1421 atque

2159 1448 2422 1515 delentur,
2468 1457 2527 1502 ut
2569 1448 2655 1502 isti
2697 1447 2766 1502 de
2788 1445 2980 1517 quibus
3006 1444 3178 1516 agitur
3196 1486 3211 1512 ,
3239 1444 3329 1514 qui
3356 1452 3543 1498 terram
3566 1485 3581 1511 ,
3610 1458 3712 1513 qua:

2163 1541 2416 1596 Israelitis
2441 1540 2562 1596 data
2601 1548 2686 1596 est
2707 1581 2721 1606 ,
2755 1537 3118 1608 possidebant.
3158 1536 3296 1604 Quid
3325 1544 3407 1592 est
3433 1550 3552 1606 ergo
3589 1534 3714 1605 quod

2160 1633 2317 1701 dicis,
2356 1652 2374 1685 ι
2411 1633 2542 1688 Vide
2570 1632 2750 1702 itaque
2793 1646 2954 1702 quam
2994 1644 3101 1684 non
3150 1628 3218 1684 de
3246 1643 3312 1684 eo
3350 1627 3584 1698 loquatur
3621 1627 3714 1682 cri-

2163 1725 2328 1791 mine,
2359 1724 2501 1795 quod
2551 1722 2806 1793 conﬁngit
2832 1720 3192 1777 Manichteus?
3221 1739 3241 1772 ι
3286 1718 3371 1774 ubi
3397 1719 3475 1774 vis
3520 1717 3718 1788 intelligi

2163 1819 2424 1890 originale
2463 1828 2772 1889 peccatum,-
2803 1814 2944 1887 quod
2985 1829 3091 1870 non
3121 1812 3376 1882 conﬁngit
3404 1810 3717 1876 Manichmus,

2163 1914 2279 1980 sed,
2312 1922 2370 1967 ut
2391 1912 2570 1967 caeleri
2595 1909 2879 1976 Catholici,
2908 1915 2964 1963 et
2990 1915 3177 1963 contra
3207 1919 3324 1972 vos,
3351 1915 3405 1960 et
3423 1915 3598 1960 contra
3625 1902 3720 1956 Ma-

2163 2005 2428 2060 nichteum
2455 2002 2737 2059 conﬁtetur
2781 1999 3098 2055 Ambrosius
3126 2015 3139 2050 :
3165 1997 3291 2068 quia
3320 2011 3419 2050 non
3450 2003 3528 2050 est
3552 1991 3720 2048 aliena:

2164 2105 2368 2152 natura:
2414 2094 2742 2158 commixtio,
2791 2107 2949 2164 quam
3004 2086 3595 2155 Manichaznsjnducit;
3643 2082 3724 2140 sed

2168 2196 2366 2243 nostrae
2393 2185 2702 2257 depravatio
2729 2183 2797 2238 de
2827 2192 3048 2254 peccato
3073 2223 3088 2248 ,
3119 2179 3265 2252 quod
3294 2180 3346 2234 in
3377 2177 3619 2232 mundum
3644 2189 3725 2245 per

2166 2298 2328 2339 unum
2351 2282 2623 2338 hominem
2649 2279 2902 2347 intravit,
2931 2286 2987 2332 et
3022 2290 3117 2347 per
3141 2290 3332 2330 omnes
3370 2272 3602 2326 homines
3621 2283 3728 2340 per-

2169 2375 2397 2438 transiit,
2428 2373 2568 2444 quod
2597 2381 2781 2427 contra
2831 2369 2988 2424 ﬁdem
3019 2367 3338 2423 catholicam
3388 2379 3481 2419 vos
3522 2361 3723 2430 negatis.

2169 2469 2350 2539 Usque
2375 2467 2580 2522 adeone
2608 2479 2782 2521 caecus
2808 2477 2888 2529 es,
2917 2470 2976 2516 ut
3000 2477 3107 2516 non
3151 2459 3338 2514 videas
3357 2500 3372 2525 ,
3404 2457 3522 2528 quia
3552 2455 3594 2510 si
3621 2466 3730 2524 pro-

2171 2572 2353 2632 pterea
2385 2566 2665 2631 peccatum
2697 2555 2955 2628 originale
2982 2569 3090 2609 non
3117 2562 3218 2619 est,
3260 2552 3382 2622 quia
3418 2549 3502 2604 hic
3527 2559 3735 2602 comme-

2171 2662 2435 2710 moratum
2454 2666 2560 2706 non
2588 2658 2689 2716 est,
2714 2663 2812 2702 nec
2834 2647 2933 2701 alia
2961 2653 3176 2716 peccata
3201 2651 3421 2714 peccata
3444 2648 3609 2703 erunt,
3632 2651 3736 2708 qua:

2174 2747 2259 2802 hic
2298 2751 2715 2801 commemorata
2757 2756 2865 2795 non
2905 2747 3048 2804 sunt,
3093 2738 3205 2791 sive
3252 2736 3370 2792 istis
3397 2734 3612 2797 minora,
3642 2730 3738 2784 sive

2174 2837 2412 2908 majora?
2453 2834 2717 2904 Numquid
2744 2833 2864 2888 ideo
2912 2830 3205 2887 Sodomita:
3254 2827 3421 2884 deleti
3457 2840 3556 2881 non
3608 2828 3736 2887 sunt,

2175 2931 2298 3003 quia
2325 2945 2434 2985 non
2454 2929 2521 2984 de
2543 2928 2645 2982 illis
2675 2927 2875 2981 dictum
2901 2932 2984 2980 est
3011 2922 3153 2994 quod
3204 2920 3468 2976 maleﬁcia
3496 2925 3550 2973 et
3590 2912 3742 2987 parri-

2177 3022 2364 3078 cidalia
2421 3019 2678 3075 sacriﬁcia
2707 3014 3005 3072 faciebant?
3047 3021 3141 3068 aut
3175 3011 3298 3067 ideo
3351 3011 3437 3066 isti
3485 3001 3743 3064 Chananaai

2179 3115 2347 3172 deleti
2369 3129 2474 3169 non
2503 3119 2644 3177 sunt,
2678 3110 2799 3180 quia
2827 3124 2932 3163 non
2963 3106 3030 3161 de
3050 3105 3153 3161 illis
3177 3104 3379 3160 dictum
3401 3114 3482 3159 est
3502 3097 3744 3172 quodma-

2179 3210 2312 3268 sculi
2348 3210 2401 3264 in
2428 3207 2696 3263 masculos
2717 3201 3098 3273 turpitudinem
3121 3195 3512 3270 operabantur?
3549 3194 3747 3248 Verum—

2183 3314 2359 3360 tamen
2403 3301 2620 3356 tacitum
2672 3312 2777 3351 non
2818 3305 2920 3362 est,
2973 3292 3114 3364 quod
3169 3300 3290 3348 erat
3341 3303 3524 3346 eorum
3570 3283 3750 3341 malitia

2181 3386 2473 3452 naturalis;
2527 3399 2646 3454 qua:
2685 3380 2898 3453 quidem
2945 3378 3180 3435 omnium
3229 3376 3540 3440 hominum,
3576 3368 3663 3427 sed
3701 3368 3750 3421 in

2182 3483 2301 3538 aliis
2321 3481 2517 3545 minor,
2546 3477 2600 3532 in
2655 3476 2775 3530 aliis
2803 3473 2974 3544 major
3018 3480 3102 3528 est
3126 3490 3140 3526 :
3173 3471 3315 3527 sicut
3341 3484 3564 3540 corpora
3589 3479 3751 3521 corm-

2187 3574 2390 3645 ptibilia
2433 3579 2557 3627 sunt
2593 3568 2832 3625 omnium
2852 3609 2867 3634 ,
2897 3565 2990 3622 scd
3021 3565 3150 3620 alias
3182 3565 3393 3620 animas
3419 3565 3608 3625 minus,
3633 3557 3750 3612 alias

2186 3668 2305 3738 plus
2326 3672 2584 3738 gravant,
2631 3677 2729 3734 pro
2773 3660 3079 3716 diversitate
3099 3658 3426 3729 judiciorum
3459 3656 3572 3719 Dei,
3599 3649 3755 3708 occul-

2189 3772 2362 3818 torum
2393 3758 2606 3831 quidem
2631 3800 2646 3826 ,
2680 3755 2773 3814 sed
2819 3755 2933 3810 sine
2971 3752 3076 3808 ulla
3115 3752 3451 3808 dubitatione
3491 3751 3752 3821 justorum.

2191 3853 2327 3922 Quid
2353 3867 2479 3922 ergo
2506 3851 2722 3915 mirum,
2763 3848 2806 3902 si
2836 3862 2956 3902 cum
2988 3858 3147 3900 causa
3175 3850 3557 3914 exponeretur,
3597 3853 3684 3895 cur
3709 3835 3758 3890 in

2189 3959 2284 4001 eos
2311 3943 2430 3998 talis
2473 3941 2704 3996 vindicta
2745 3937 3086 4010 processerit,
3121 3950 3226 3990 non
3247 3935 3548 3990 voluntaria
3575 3937 3756 3985 tantum

2190 4050 2376 4093 eorum
2404 4032 2602 4087 malitia
2631 4037 3048 4086 commemorata
3084 4034 3186 4090 est,
3214 4041 3403 4080 verum
3439 4024 3594 4079 etiam
3621 4027 3760 4074 natu-

2189 4129 2340 4202 ralis,
2394 4125 2481 4181 eui
2523 4131 2720 4194 praeter
2764 4119 2976 4191 generis
3001 4118 3218 4173 humani
3265 4131 3550 4172 commune
3591 4118 3758 4168 conta-

2190 4223 2372 4294 gium,
2417 4226 2717 4274 accesserat
2765 4213 2964 4283 aliquid
3022 4212 3250 4282 amplius
3299 4227 3364 4268 ex
3410 4206 3763 4265 maledictione

2191 4313 2501 4386 prophetica
2532 4309 2778 4380 (sanctus
2824 4307 2964 4362 enim
3001 4304 3116 4360 Noe
3169 4319 3324 4360 suum
3370 4315 3615 4374 nepotem
3640 4298 3764 4354 Cha-

2193 4424 2331 4464 naan
2370 4406 2763 4476 progenitorem
2803 4401 3076 4457 maledixit
3098 4398 3335 4471 illorum)
3371 4399 3524 4472 (Gen.
3546 4413 3620 4463 ιχ,
3643 4393 3762 4463 25);

2194 4519 2300 4559 non
2346 4502 2526 4571 utique
2556 4499 2770 4568 injuste,
2802 4496 2888 4551 cui
2920 4504 3095 4549 tamen
3118 4496 3138 4525 ²
3167 4504 3312 4548 esset
3351 4493 3611 4556 obnoxia,
3643 4484 3768 4542 obli-

2193 4596 2405 4668 gatione
2427 4590 2797 4656 successionis,
2829 4589 2886 4642 in
2915 4587 3099 4657 prole?
3126 4585 3279 4654 Quod
3303 4593 3530 4656 apparet
3552 4581 3700 4637 etiam
3717 4577 3764 4631 in

2195 4685 2431 4758 parvulis
2457 4697 2642 4739 eorum
2667 4723 2683 4748 ,
2713 4679 2804 4751 qui
2832 4693 2952 4733 cum
2988 4677 3098 4731 suis
3126 4677 3460 4746 parentibus,
3493 4682 3546 4730 et
3573 4672 3668 4726 hoc
3693 4668 3768 4738 ju-

2196 4777 2360 4833 beute
2391 4776 2520 4839 Deo,
2564 4772 2681 4828 sine
2706 4769 2867 4824 ullius
2893 4767 3062 4823 aetatis
3102 4766 3420 4836 exceptione
3459 4762 3621 4820 deleti
3659 4763 3772 4815 sunt

2198 4867 2385 4939 (Deut.
2417 4883 2477 4934 ιι,
2507 4863 2614 4933 54)
2651 4882 2663 4917 :
2693 4877 2814 4917 cum
2843 4859 3073 4928 majores
3096 4867 3379 4929 propterea
3421 4857 3647 4912 maxime
3675 4853 3773 4906 Dco

2197 4957 2594 5029 displicuerint,
2663 4953 2805 5024 quod
2859 4951 3189 5007 daemonibus
3251 4949 3477 5005 fundere
3554 4947 3775 5001 solerent

2197 5068 2416 5109 suorum
2466 5049 2775 5120 sanguinem
2819 5045 3180 5116 parvulorum.
3235 5043 3345 5098 Nec
3401 5044 3543 5098 Deus
3590 5051 3778 5110 przecc-

2197 5148 2276 5220 pit
2327 5144 2528 5201 eisdem
2569 5139 2800 5213 parvulis
2849 5140 2992 5210 parci
3054 5158 3067 5194 :
3122 5139 3230 5193 imo
3272 5136 3530 5208 praecepit
3573 5129 3777 5188 omnino

2198 5251 2303 5292 non
2355 5235 2521 5307 parci.
2577 5232 2713 5288 I‘Iinc
2769 5230 3003 5301 intellige
3047 5247 3214 5285 semen
3264 5227 3325 5282 ab
3380 5228 3526 5282 initio
3573 5219 3775 5279 maledi-

2197 5338 2333 5384 ctum
2365 5343 2382 5381 :
2412 5341 2584 5397 neque
2630 5324 2770 5380 enim
2813 5339 2935 5379 eum
2979 5323 3069 5390 qui
3120 5321 3222 5377 hoc
3268 5319 3559 5391 prmcepit,
3611 5315 3779 5370 dicere

2200 5418 2419 5475 audebis
2448 5417 2721 5488 iujustnm.
2774 5413 2926 5483 Quod
2956 5415 3000 5470 si
3031 5413 3122 5468 tibi
3159 5413 3396 5468 venisset
3437 5413 3490 5466 in
3531 5415 3776 5470 mentem,

2200 5527 2305 5569 nou
2334 5511 2454 5567 ideo
2501 5510 2810 5580 sejungeres
2838 5523 2868 5561 a
2895 5505 3202 5577 parentibus
3224 5504 3401 5576 impiis
3434 5499 3780 5558 innocentiam

2202 5605 2449 5671 ﬁliorum,
2495 5601 2638 5674 quod
2665 5621 2683 5654 ‹
2719 5600 2842 5657 inde
2873 5598 3216 5670 potissimum
3243 5595 3572 5653 offenderint
3600 5603 3782 5666 paren-

2263 5818 2282 5848 ί
2316 5818 2475 5879 t’ign,
2498 5810 2873 5879 interfectorum.
2896 5812 3027 5879 Mss,
3057 5801 3398 5868 interfectoris.

2264 5879 2285 5911 ³
2319 5872 2516 5928 ςιιῑιιέε.
2553 5883 2602 5925 ιιι
2626 5872 2798 5934 editis,
2826 5875 3026 5920 tantum.
