3962 6474
255 467 399 528 “25

258 590 340 637 tes
375 580 562 643 Deum,
611 577 734 649 quia
785 590 886 634 nec
917 590 950 632 a
1002 572 1341 646 parvulorum
1393 583 1611 625 suorum
1667 567 1844 622 exitiis

260 671 648 742 temperabant.
689 669 928 736 Quorum
953 677 1100 724 certe
1127 680 1292 732 mors,
1332 683 1351 717 ι
1377 662 1552 734 inquis
1575 702 1590 728 ,
1621 676 1727 716 non
1753 675 1844 714 re-

258 772 499 819 curreret
531 762 598 816 ad
641 762 996 818 interfectoris
1034 758 1286 815 invidiam
1311 799 1326 824 ,
1359 757 1404 812 si
1435 764 1653 828 propter
1677 767 1844 809 unum

257 865 533 925 peceatum
582 862 636 910 et
691 852 952 924 parricida
999 853 1110 908 Deo
1146 850 1471 922 displiceret,
1517 856 1572 902 et
1621 845 1778 901 illius.
1819 861 1839 896 ι

258 947 368 1002 Nec
398 947 546 1002 vides
576 947 647 1000 ita
687 946 1028 1016 displicuisse
1059 946 1172 1000 Deo
1199 951 1480 998 necatores
1507 940 1757 1002 filiorum,
1788 946 1847 992 ut

262 1053 439 1096 tamen
483 1040 698 1095 eosdem
725 1054 938 1110 quoque
966 1039 1106 1092 filios
1145 1052 1266 1092 cum
1301 1034 1384 1090 his
1407 1035 1617 1105 juberet
1649 1029 1842 1088 occidi.

256 1133 440 1204 Neque
467 1132 630 1198 enim,
661 1133 786 1202 quia
822 1132 895 1185 illi
940 1129 1253 1200 impiissime
1277 1128 1437 1182 etiam
1478 1126 1614 1181 tilios
1639 1125 1842 1179 daemo-

257 1225 360 1280 niis
398 1224 779 1290 immolabant,
832 1222 952 1276 ideo
995 1235 1102 1276 non
1141 1219 1443 1276 debuerunt
1481 1217 1640 1273 etiam
1682 1215 1843 1271 iidem

257 1316 376 1383 lilii,
410 1333 516 1370 non
546 1315 782 1371 humano
810 1316 1034 1380 scelere,
1077 1314 1172 1370 sed
1197 1312 1398 1383 judicio
1427 1311 1629 1377 divino,
1661 1311 1845 1380 utique

250 1409 416 1481 justo,
443 1409 688 1479 quamvis
715 1409 924 1464 occulto
944 1450 958 1474 ,
994 1417 1244 1478 tanquam
1265 1419 1449 1460 semen
1480 1401 1838 1468 maledictum,

255 1503 396 1557 sicut
419 1501 616 1556 factum
641 1510 744 1566 est,
790 1501 987 1571 pariter
1013 1499 1254 1554 interire.
1283 1497 1411 1553 Hmc
1441 1510 1545 1551 non
1589 1493 1839 1559 attendis,

256 1594 384 1649 dum
423 1593 730 1663 eloquentia
773 1592 890 1647 sine
927 1590 1189 1660 Sapientia
1237 1589 1443 1659 raperis
1467 1629 1482 1654 ,
1521 1596 1575 1643 et
1623 1585 1845 1642 flumine

257 1685 505 1740 vanitatis
563 1683 642 1740 vis
690 1697 812 1740 esse
859 1683 1110 1749 disertus,
1151 1681 1396 1738 desertus
1435 1677 1637 1735 lumine
1700 1677 1842 1732 veri-

261 1777 401 1832 tatis.

327 1870 564 1927 CXXIX.
603 1870 724 1928 Jun.
773 1869 957 1926 Verum
989 1878 1037 1924 et
1062 1870 1161 1935 his,
1193 1869 1380 1940 inquit,
1410 1877 1651 1940 tanquam
1676 1866 1842 1921 homi-

257 1964 402 2018 nibus
416 1965 700 2035 pepercisti,
719 1972 766 2018 et
788 1963 966 2018 misisti
986 1961 1322 2034 precedentes
1342 1961 1614 2016 exercitum
1633 1975 1843 2030 vespas;

257 2073 354 2110 non
383 2056 500 2127 quia
525 2057 773 2128 impotem
790 2072 903 2110 eras
924 2056 976 2109 in
1000 2072 1172 2126 pugna
1195 2054 1378 2124 impios
1396 2055 1552 2124 justis
1576 2051 1840 2122 subjicere,

256 2149 344 2204 sed
374 2149 603 2220 partibus
615 2148 862 2219 judicans
881 2148 1037 2203 dabas
1057 2147 1224 2202 locum
1250 2146 1571 2217 paenitentiae.
1606 2144 1840 2212 Aculeis,

261 2243 431 2314 inquit
455 2285 470 2309 ,
502 2258 804 2298 muscarum
837 2243 997 2298 etiam
1023 2242 1143 2298 illos
1168 2241 1312 2312 ipsos
1339 2239 1624 2312 sacrilegos
1651 2239 1843 2294 stimu-

255 2336 430 2400 labas,
475 2344 534 2391 ut
577 2336 868 2406 potentiam
895 2333 1211 2390 vindicantis
1241 2334 1307 2390 de
1334 2333 1538 2389 ludicro
1563 2346 1673 2387 sum
1702 2330 1841 2386 affli-

251 2427 446 2484 ctionis
477 2427 836 2482 adverterent.
866 2425 972 2483 Sed
995 2436 1276 2497 postquam
1301 2441 1371 2481 ex
1392 2424 1616 2480 consilio
1647 2423 1763 2490 Dei,
1790 2431 1845 2478 et

252 2521 471 2576 ultionis
499 2535 695 2592 genere
718 2519 1018 2576 voluntaria
1043 2529 1257 2590 peccata
1283 2525 1588 2589 patuerunt,
1615 2530 1842 2587 quorum

251 2613 478 2683 rejectio
501 2612 908 2682 exspectabatur
935 2621 990 2667 et
1015 2611 1296 2682 petebatur
1314 2612 1363 2675 ¹;
1397 2619 1523 2665 tunc
1547 2609 1761 2664 demum
1788 2607 1842 2663 in

250 2706 516 2776 obstipam
545 2706 848 2776 punitorum
882 2705 1248 2776 profanitatem
1298 2705 1573 2776 scriptoris
1614 2705 1845 2775 assurgit

251 2798 508 2864 invectio,
536 2797 770 2870 dicitque
808 2799 926 2855 illos
960 2808 1159 2855 tantam
1190 2799 1353 2856 inisse
1381 2814 1502 2854 cum
1530 2796 1843 2854 criminibus

253 2889 693 2956 familiaritatem,
727 2899 787 2946 ut
832 2891 1010 2947 innata
1053 2891 1285 2963 quodam
1323 2891 1487 2948 modo
1514 2891 1840 2948 viderentur.

255 2980 380 3036 Non
403 2983 646 3053 ignorans
665 3025 680 3049 ,
712 2982 902 3053 inquit,
930 2984 1170 3053 quoniam
1198 2984 1500 3055 nequissima
1525 2983 1677 3052 fuerit
1703 2983 1842 3036 natio

251 3073 480 3140 illorum,
509 3081 556 3127 et
595 3074 843 3128 naturalis
876 3075 1076 3129 malitia
1103 3075 1350 3145 ipsorum,
1381 3084 1428 3130 et
1464 3075 1702 3146 quoniam
1740 3090 1843 3128 non

252 3175 451 3236 poterat
471 3168 771 3221 commutari
794 3167 1028 3238 cogitatio
1045 3184 1218 3223 eorum
1245 3168 1300 3222 in
1323 3176 1618 3238 perpetuum
1635 3182 1656 3232 ;
1673 3182 1844 3222 semen

250 3259 384 3312 enim
410 3268 518 3312 erat
539 3259 862 3313 maledictum
880 3259 942 3313 ab
962 3259 1105 3313 initio
1137 3275 1156 3312 :
1180 3275 1271 3314 nec
1297 3259 1474 3314 timens
1493 3259 1730 3328 aliquem,
1762 3273 1844 3311 ve-

249 3351 391 3404 niam
418 3350 580 3406 dabas
597 3351 814 3422 peccatis
841 3350 1049 3406 illarum
1069 3351 1222 3422 (Sap.
1247 3367 1338 3417 xtt,
1363 3349 1549 3422 8-H).
1577 3351 1733 3415 Cum,
1757 3351 1841 3405 in-

249 3443 399 3513 quit,
433 3451 490 3498 tu
517 3452 624 3498 tam
650 3443 878 3515 benigne
904 3453 1117 3514 tamque
1147 3443 1408 3514 patienter
1436 3452 1494 3499 et
1517 3442 1842 3512 paenitentiae

249 3543 464 3606 tempus
491 3536 795 3603 indulseris,
827 3546 881 3592 et
908 3536 1177 3607 speculam
1194 3538 1215 3568 ²
1241 3535 1617 3592 admonitionis
1645 3535 1838 3592 inﬁxe-

248 3629 345 3694 ris,
383 3637 440 3683 ut
473 3629 732 3700 justitiam
772 3644 834 3685 ac
873 3629 1296 3686 misericordiam
1326 3629 1393 3684 ab
1417 3629 1563 3683 omni
1595 3627 1838 3693 infamia,

247 3719 317 3774 ab
347 3720 499 3776 omni
528 3720 831 3790 suspicione
856 3721 1186 3776 crudelitatis
1211 3735 1482 3776 assereres
1514 3738 1527 3774 :
1559 3730 1732 3777 tamen
1763 3719 1842 3774 illi

247 3822 572 3884 spreverunt
584 3815 1026 3870 commonitiones
1044 3823 1176 3881 tuas,
1192 3814 1280 3884 qui
1298 3814 1552 3870 beneficia
1568 3813 1844 3882 praemissa

247 3905 628 3976 despexerunt,
663 3907 806 3963 velut
844 3909 934 3978 qui
962 3909 1126 3963 velint
1164 3907 1391 3978 probare
1433 3907 1500 3962 de
1542 3907 1683 3962 illius
1725 3921 1844 3962 esse

246 4002 460 4054 semine
497 3997 685 4065 Cham,
715 4000 768 4054 in
813 4016 970 4070 quem
1013 3999 1126 4056 Noe
1168 4001 1356 4056 beatus
1380 3999 1620 4055 nuditate
1645 3999 1841 4065 derisa,

213 4098 480 4145 ‘censura
519 4091 685 4161 patria
725 4091 896 4147 fuerat
925 4091 1205 4147 maledicta
1237 4091 1521 4161 jaculatus.
1556 4090 1691 4159 Quid
1717 4105 1844 4162 ergo

246 4185 469 4248 mirum,
504 4185 549 4238 si
573 4185 787 4256 majoris
812 4200 996 4241 eorum
1027 4186 1049 4218 ⁸
1077 4186 1354 4256 protervis:
1383 4186 1596 4253 merito,
1627 4193 1841 4240 senten-

250 4277 341 4330 tia:
372 4284 489 4330 erat
507 4279 818 4333 austeritate
845 4276 1140 4346 perculsus,
1165 4277 1476 4333 recordatus
1501 4286 1584 4333 est
1611 4278 1843 4347 scriptor

249 4371 304 4421 in
338 4368 602 4423 maculam
640 4377 972 4439 posterorum
1003 4384 1108 4424 non
1139 4369 1506 4425 desistentium
1533 4370 1602 4424 ab
1622 4369 1842 4424 aemula-

249 4459 421 4524 tione,
452 4475 571 4514 cum
615 4460 920 4531 frequenter
963 4462 1015 4516 in
1062 4463 1178 4532 lege
1223 4463 1465 4530 imitatio,
1511 4465 1840 4533 posterorum

247 4552 661 4608 necessitudinis
689 4567 898 4623 quoque
925 4553 1196 4610 vocabulis
1221 4555 1508 4626 arguatur?
1538 4553 1626 4610 Sic
1651 4556 1846 4626 quippe

251 4646 515 4700 Dominus
563 4646 615 4699 in
664 4647 952 4717 Evangelio
995 4647 1061 4703 ad
1105 4647 1317 4704 Judaeos
1351 4667 1361 4701 :
1403 4647 1520 4712 Vos,
1559 4649 1746 4718 inquit,
1783 4666 1845 4704 ea;

249 4747 397 4808 patre
424 4737 626 4790 diabolo
653 4740 770 4792 estis
807 4737 984 4810 (Joan.
1017 4755 1124 4803 vm,
1149 4739 1264 4810 44).
1321 4739 1384 4794 Et
1426 4741 1612 4796 Daniel
1656 4750 1843 4796 contra

247 4844 480 4899 spurcos
504 4829 867 4901 presbyteros,
885 4831 952 4886 de
977 4829 1140 4885 Israel
1165 4840 1338 4886 tamen
1363 4832 1527 4901 stirpe
1546 4832 1842 4900 venientes,

246 4921 447 4976 eodem
485 4936 678 4991 genere
719 4921 910 4993 legitur
944 4924 1182 4978 invectus
1212 4942 1225 4977 :
1257 4923 1460 4986 Semen,
1494 4924 1680 4993 inquit,
1712 4924 1846 4978 (Ilia-

248 5032 410 5080 naan,
442 5024 489 5067 et
519 5031 617 5068 non
645 5014 788 5069 Iuda
832 5014 1006 5088 (Dan.
1033 5032 1146 5084 xm,
1175 5014 1302 5090 56).
1350 5015 1597 5072 Ezechiel
1635 5032 1846 5089 quoque

249 5108 512 5179 prepheta
553 5109 838 5178 exprobrat
876 5109 1014 5180 plebi
1061 5109 1359 5166 Jerusalem
1387 5128 1400 5163 :
1430 5110 1598 5164 Mater
1623 5121 1729 5178 tua,
1761 5111 1845 5166 in-

248 5201 388 5269 quit,
421 5199 666 5264 Ceu/tam,
689 5210 735 5254 et
758 5210 900 5270 pater
921 5211 1036 5255 tuus
1062 5202 1385 5256 Amorrltazus
1415 5200 1623 5273 (Ezech.
1657 5203 1842 5271 xvr,‘5,

249 5295 371 5363 45).
404 5293 501 5349 Est
522 5310 646 5365 ergo
674 5294 763 5349 hic
788 5310 914 5350 usus
944 5306 999 5350 ut
1027 5295 1093 5350 ad
1118 5296 1405 5350 voluntatis
1431 5296 1678 5351 invidiam
1707 5293 1845 5350 infa-

248 5389 425 5444 matio
476 5389 655 5460 stirpis
699 5390 934 5457 accedat,
980 5391 1310 5462 nimiumque
1355 5391 1564 5447 crimini
1603 5389 1846 5447 videatur

320 5565 337 5595 ³
374 5563 537 5628 (anteit
564 5571 712 5624 Port.,
737 5564 934 5628 retectio
950 5564 1339 5628 exspectabatur,
1358 5563 1432 5615 vel
1455 5564 1848 5628 expetebatur.—

243 5625 603 5692 Itorelneque,
635 5633 681 5692 et
703 5626 982 5692 petebatur,
1006 5625 1192 5692 neque,
1216 5625 1288 5677 vel
1320 5625 1650 5692 expetebatur,
1683 5628 1853 5692 admit-

247 5691 332 5745 tit,
367 5688 536 5750 sicque
562 5688 684 5755 legit
704 5688 1047 5755 'simpliciter;
1073 5688 1276 5755 quorum
1306 5688 1504 5755 rejectio
1545 5689 1854 5755 exspectaba-

245 5757 374 5862 taigj;
421 5755 533 5858 trino
578 5750 801 5813 demum,
821 5750 943 5801 'etc.
966 5750 1538 5815 Vide‘Element.Ct'itic.,
1570 5750 1716 5819 pagg.
1740 5752 1851 5816 564,

322 5876 346 5937 ξ
377 5879 536 5933 Forte,
559 5872 815 5937 spiculum.

325 5935 920 6002 'Fortehicdeest,qui.

1601 449 1808 509 LIBER
1842 449 2188 521 QUARTUS.

3398 456 3540 516 ιω

1952 568 2249 638 adhaerere,
2282 583 2378 640 per
2400 569 2552 642 cujus
2578 570 2823 627 meritum
2853 571 3149 630 convicium
3177 572 3449 644 patiuntur
3475 580 3537 631 et

1953 661 2175 717 semina.
2205 660 2459 718 Servatur
2482 671 2662 719 autem
2693 663 2780 720 hic
2806 663 2946 720 idem
2967 680 3083 721 mos
3107 666 3266 722 etiam
3293 666 3346 721 in
3367 665 3538 722 bono-

1953 770 2069 810 rum
2099 765 2248 826 parte
2267 798 2280 822 ,
2315 767 2372 812 ut
2409 773 2531 813 cum
2559 756 2768 813 videtur
2795 757 2956 814 homo
2980 772 3079 828 per
3099 759 3274 814 omnia
3311 757 3534 829 probus,

1952 851 2248 921 congenitis
2287 851 2494 907 dicatur
2529 851 2724 908 ﬂorere
2751 851 3049 908 virtutibus.
3087 852 3235 909 Unde
3261 861 3313 908 et
3340 852 3534 910 beatus

1952 943 2054 1000 Job
2073 945 2450 1001 misericordiae
2473 945 2718 1002 allectum
2746 961 2852 1019 quo
2875 946 3220 1002 subveniebat
3244 945 3536 1018 indigenti-

1952 1036 2072 1104 bus,
2105 1037 2172 1094 de
2197 1038 2449 1094 uberibus
2469 1055 2527 1095 se
2549 1040 2792 1106 traxisse,
2823 1040 2932 1096 imo
2957 1040 3025 1096 de
3047 1048 3200 1096 utero
3221 1039 3403 1094 matris
3423 1053 3536 1094 sua;

1953 1143 2132 1184 secum
2161 1129 2444 1186 confirmat
2468 1145 2738 1201 egressum
2765 1129 2882 1199 (Job
2910 1147 3063 1197 xxxi,
3089 1130 3204 1200 18).
3233 1128 3375 1184 Nihil
3404 1143 3534 1200 ergo
3619 1150 3630 1161 -

1951 1223 2113 1278 rebus
2141 1224 2452 1294 perspicuis,
2476 1234 2568 1280 aut
2591 1223 2902 1293 similitudo,
2933 1233 3026 1280 aut
3047 1223 3410 1296 exaggeratio,
3443 1231 3536 1278 aut

1952 1317 2269 1388 ambiguitas
2294 1318 2636 1388 praejudicare
2659 1327 2872 1389 potest:
2901 1319 3151 1389 quoniam
3179 1333 3302 1373 cum
3328 1326 3534 1372 certun.

1951 1411 2020 1465 sit
2039 1425 2309 1482 nunquam
2326 1412 2640 1467 naturalium
2662 1427 2840 1468 rerum
2861 1413 3246 1468 correctionem
3275 1426 3306 1466 a
3331 1417 3536 1466 morta-

1952 1503 2091 1560 libus
2114 1505 2343 1575 reposci,
2377 1505 2647 1576 przecipiat
2673 1514 2848 1561 autem
2884 1505 3028 1562 Deus
3059 1514 3118 1560 ut
3153 1505 3411 1561 desistant
3439 1502 3539 1560 ho-

1952 1595 2122 1650 mines
2160 1609 2191 1650 a
2230 1596 2404 1660 malo;
2450 1597 2595 1650 omni
2623 1611 2753 1652 vero
2777 1597 2957 1652 verius
2992 1596 3350 1668 approbatur,
3379 1603 3536 1652 natu-

1951 1688 2062 1743 rale
2081 1689 2098 1720 ί
2124 1697 2396 1758 peccatum
2428 1704 2532 1743 non
2563 1705 2682 1746 esse
2705 1703 2881 1759 posse.

2021 1782 2155 1838 Anc.
2201 1782 2406 1838 Putain
2441 1782 2657 1853 quidem
2682 1791 2733 1837 te
2761 1783 3073 1853 exposuisse
3100 1783 3266 1839 verba
3288 1781 3410 1838 libri
3437 1781 3538 1839 Sa-

1949 1875 2163 1946 pientia).
2191 1873 2324 1930 :sed
2353 1890 2456 1929 non
2487 1889 2550 1930 ea
2579 1875 2771 1931 sineris
2809 1875 3025 1932 eludere
3061 1875 3238 1931 verbis
3276 1876 3535 1944 insipien-

1952 1968 2059 2024 tize.
2097 1967 2237 2024 Satis
2263 1968 2404 2024 enim
2431 1976 2671 2038 apparet,
2700 1968 2985 2035 et,clarum
3021 1977 3122 2035 est,
3153 1969 3420 2040 quomodo
3446 1967 3534 2023 illa

1951 2061 2097 2118 natio
2128 2061 2451 2132 nequissima
2477 2061 2617 2116 dicta
2644 2062 2732 2128 sit,
2763 2063 2982 2132 ejusque
3012 2062 3212 2117 malitia
3238 2061 3534 2127 naturalis;

1949 2159 2216 2228 quomodo
2263 2162 2421 2215 etiam
2461 2161 2533 2217 sit
2574 2162 2858 2232 appellata,
2887 2177 3071 2218 semen
3098 2161 3437 2227 maledictum
3467 2161 3536 2216 ab

1950 2252 2119 2308 initio.
2149 2253 2206 2309 Si
2230 2255 2394 2321 enim,
2420 2265 2478 2311 ut
2499 2265 2553 2311 tu
2581 2263 2758 2326 putas,
2791 2266 3010 2327 propter
3031 2255 3446 2320 aemulationem,
3479 2253 3533 2308 id

1951 2354 2032 2401 est
2057 2347 2426 2415 imitationem,
2449 2349 2649 2406 dictum
2675 2350 2885 2420 fuisset,
2915 2365 3016 2421 qua
3046 2349 3232 2405 imitati
3259 2357 3382 2405 sunt
3412 2361 3532 2402 ma-

1944 2440 2114 2511 jorem
2137 2456 2291 2497 suum
2319 2442 2504 2511 Cham,
2531 2459 2692 2514 quem
2721 2444 2801 2500 sui
2824 2443 3025 2515 peccati
3045 2444 3237 2500 merito
3262 2442 3539 2499 maledixit

1952 2549 2100 2608 pater
2123 2540 2238 2610 ejus
2263 2541 2378 2597 Noe
2409 2561 2423 2596 :
2451 2541 2691 2611 profecto
2725 2540 2868 2596 Deus
2910 2540 3120 2611 quando
3159 2540 3210 2594 in
3247 2540 3400 2593 istam
3438 2554 3538 2593 na-

1949 2632 2146 2688 tionem
2178 2634 2461 2689 vindictam
2496 2634 2846 2705 justissimam
2890 2633 3146 2704 protulit,
3180 2631 3389 2701 juberet
3425 2630 3540 2700 ejus

1949 2725 2182 2794 parvulis
2204 2726 2366 2795 parci,
2385 2741 2522 2798 quos
2541 2727 2718 2782 dicere
2739 2742 2844 2782 non
2863 2734 3018 2797 potes
3036 2739 3252 2781 suorum
3275 2722 3535 2794 majorum

1949 2816 2242 2873 imitatione
2283 2819 2545 2874 meruisse
2583 2818 2918 2888 supplicium.
2960 2815 3092 2872 Cum
3137 2830 3264 2887 ergo
3308 2813 3388 2870 eis
3431 2827 3539 2868 non

1948 2909 2118 2963 solum
2146 2925 2251 2964 non
2267 2910 2426 2981 jussit
2449 2910 2675 2980 prteberi
2696 2909 3136 2975 misericordiam,
3157 2907 3250 2963 sed
3271 2915 3327 2961 ut
3353 2920 3538 2975 parem

1949 3000 2234 3056 vindictam
2285 3017 2406 3056 cum
2461 3001 2768 3072 parentibus
2821 3010 3116 3064 sumerent,
3162 3001 3278 3070 ipse
3323 2999 3541 3066 insuper

1944 3092 2122 3164 jussit,
2152 3095 2240 3165 qui
2271 3094 2454 3164 utique
2483 3093 2682 3164 aliquid
2710 3093 2964 3164 injustam
2987 3093 3175 3163 jubere
3198 3106 3302 3145 non
3332 3090 3534 3159 potuit;

1948 3188 2078 3242 satis
2107 3188 2385 3244 evidenter
2412 3188 2582 3255 lucet,
2613 3189 2755 3258 quod
2784 3205 2889 3243 non
2921 3197 3138 3258 propter
3167 3184 3537 3256 exaggeratio-

1948 3295 2092 3344 nem,
2121 3296 2294 3350 neque
2324 3289 2541 3350 propter
2569 3279 2934 3344 imitationem,
2961 3277 3055 3334 sed
3077 3286 3292 3348 propter
3315 3289 3539 3346 genera-

1950 3371 2149 3426 tionem
2179 3370 2319 3425 dicta
2349 3379 2430 3426 est
2453 3385 2639 3426 eorum
2669 3370 2870 3425 malitia
2898 3369 3188 3433 naturalis,
3219 3377 3274 3423 et
3304 3367 3405 3438 ipsi
3445 3381 3535 3422 se-

1948 3478 2071 3518 men
2101 3462 2440 3518 maledictum
2463 3462 2531 3516 ab
2557 3463 2723 3516 initio.
2773 3461 2907 3516 Nam
2949 3469 3131 3516 contra
3173 3473 3410 3515 errorem
3439 3472 3536 3512 ve-

1949 3565 2139 3620 strum,
2174 3555 2228 3610 in
2256 3555 2359 3610 hoc
2386 3555 2503 3625 ipso
2523 3554 2746 3618 semine,
2778 3554 2845 3609 de
2871 3567 2977 3624 quo
2999 3552 3194 3622 agitur,
3224 3549 3537 3621 prOphetica

1948 3647 2186 3719 vigilavit
2203 3647 2510 3713 auctoritas,
2544 3655 2601 3701 ut
2620 3646 2734 3701 Noe
2756 3645 2930 3714 justus
2951 3650 3261 3714 peccantem
3281 3641 3448 3698 Cham
3474 3639 3539 3695 ﬂ-

1951 3741 2079 3795 linm
2118 3741 2170 3795 in
2206 3740 2324 3811 ejus
2364 3739 2706 3794 malediceret
2753 3737 2883 3804 filio,
2919 3736 2970 3791 id
3013 3745 3114 3800 est,
3149 3735 3431 3799 Chanaan;
3477 3739 3540 3788 ut

1949 3833 2074 3889 hinc
2099 3834 2534 3904 intelligeremus,
2553 3832 2760 3887 vinctos
2778 3846 2898 3887 esse
2918 3831 3054 3884 filios
3075 3829 3280 3884 meritis
3299 3835 3534 3898 patrum,

1949 3927 2052 3981 nisi
2083 3927 2185 3981 hoc
2209 3925 2476 3980 vinculum
2503 3925 2848 3996 generatione
2868 3931 3115 3988 tractum,
3133 3919 3538 3991 regeneratione

1951 4019 2205 4073 solvatur.
2236 4017 2311 4073 De
2332 4017 2434 4072 isto
2454 4033 2580 4087 ergo
2605 4015 2856 4070 Chanaan
2885 4014 3086 4069 ducunt
3115 4012 3372 4082 originem
3397 4008 3538 4064 Cha-

1950 4112 2141 4178 nanaei,
2171 4111 2258 4182 qui
2298 4110 2422 4165 dicti
2467 4121 2592 4165 sunt
2629 4125 2812 4165 semen
2851 4107 3194 4164 maledictum
3232 4107 3300 4160 ab
3340 4104 3535 4159 initio:

1949 4218 2173 4273 quorum
2222 4203 2380 4258 etiam
2421 4202 2645 4272 parvuli,
2687 4202 2809 4272 quia
2850 4210 2905 4256 et
2944 4199 3044 4270 ipsi
3083 4199 3185 4253 hoc
3221 4205 3396 4264 erant,
3428 4211 3538 4252 non

1951 4295 2264 4362 imitatione,
2296 4293 2390 4350 sed
2419 4293 2586 4363 stirpe
2612 4291 2836 4348 interfici
2863 4307 2985 4347 cum
3011 4288 3320 4360 parentibus
3340 4287 3539 4342 divini-

1951 4397 2035 4442 tus
2061 4388 2194 4458 jussi
2221 4397 2362 4441 sunt.
2409 4387 2500 4442 His
2526 4385 2843 4443 Chanameis
2877 4383 3042 4438 fuisse
3077 4381 3283 4436 similes
3307 4379 3539 4449 impudi-

1951 4495 2043 4535 cos
2067 4465 2326 4543 seniores,
2361 4479 2543 4534 Daniel
2575 4478 2834 4548 propheta
2867 4474 3082 4544 intelligi
3111 4473 3298 4537 voluit,
3323 4471 3538 4542 quando

1949 4572 2027 4626 eis
2049 4572 2200 4631 dixit,
2233 4571 2416 4624 Semen
2443 4570 2704 4633 Chanaan,
2729 4577 2895 4621 etnon
2918 4565 3078 4630 Iuda,
3110 4574 3356 4634 tanquam
3387 4562 3538 4619 dice-

1949 4673 2061 4727 ret,
2104 4662 2312 4718 Similes
2359 4661 2482 4715 filiis
2522 4660 2795 4726 Chanaan,
2822 4669 2876 4714 et
2901 4674 3004 4714 non
3035 4658 3157 4712 filiis
3184 4656 3320 4713 Juda
3353 4674 3366 4710 :
3399 4657 3540 4712 sicut

1951 4756 2150 4811 dictum
2180 4766 2281 4822 est,
2317 4753 2582 4809 Generatio
2611 4756 2894 4824 viperarum
2923 4751 3150 4824 (Matth.
3177 4767 3256 4818 ιιι,
3286 4749 3380 4823 7),
3409 4764 3538 4821 pro-

1952 4860 2069 4921 pter
2093 4849 2375 4920 quamdam
2407 4848 2805 4903 similitudinem
2830 4845 3045 4902 malitiae
3066 4847 3088 4879 ³
3119 4844 3392 4916 viperinze.
3433 4843 3540 4900 Ubi

1951 4955 2128 4998 autem
2167 4943 2420 4998 Dominus
2460 4943 2551 5006 ait,
2594 4940 2693 4995 Vos
2719 4959 2750 4995 a
2769 4951 2913 5012 patre
2939 4941 3142 4994 diabolo
3169 4939 3319 5005 estis;
3352 4953 3539 4995 revera

1954 5037 2301 5091 imitationem
2325 5034 2511 5103 voluit,
2545 5051 2652 5089 non
2680 5049 2860 5090 semen
2883 5034 3105 5105 intelligi
3139 5052 3151 5088 :
3183 5033 3276 5089 sed
3299 5049 3398 5089 nec
3423 5033 3542 5104 ipse

1953 5129 2106 5195 dixit,
2137 5128 2246 5184 Vos
2271 5143 2454 5183 semen
2480 5127 2675 5181 diaboli
2703 5127 2854 5181 estis.
2892 5127 2959 5181 Et
3001 5126 3091 5181 ubi
3132 5127 3387 5196 scriptum
3432 5133 3537 5190 est,

1953 5223 2112 5278 Pater
2155 5232 2267 5276 tuus
2307 5220 2662 5284 Amorrltwus,
2688 5229 2731 5274 et
2759 5229 2917 5272 mater
2943 5229 3029 5272 tua
3055 5219 3294 5284 Ceu/tata,
3319 5226 3544 5287 apparet

1953 5315 2074 5370 ideo
2105 5313 2301 5369 dictum
2323 5355 2338 5380 ,
2366 5312 2508 5383 quod
2534 5326 2626 5368 eos
2650 5311 2866 5368 fuerant
2891 5310 3081 5366 imitati
3103 5310 3294 5382 quibus
3324 5308 3427 5364 hoc
3453 5307 3542 5363 di-

1953 5407 2210 5462 celiatur:
2243 5403 2471 5474 denique
2514 5417 2613 5460 nec
2632 5403 2703 5458 ibi
2733 5403 2932 5458 dictum
2974 5410 3086 5466 est,
3115 5401 3313 5457 Semen
3352 5400 3544 5455 Amor-
3606 5411 3616 5479 έ

1956 5501 2251 5566 rhaeorum,
2287 5500 2369 5556 vel
2397 5499 2775 5555 Cetthmorum.
2809 5498 2923 5553 Non
2948 5511 3074 5567 ergo
3103 5504 3159 5550 ut
3184 5495 3383 5562 dixisti,
3418 5511 3540 5566 pro-

1958 5603 2067 5664 pter
2097 5596 2332 5648 meritum
2366 5593 2633 5648 voluntatis
2663 5593 2876 5646 nimium
2895 5589 3188 5645 criminibus
3214 5587 3539 5654 adhaerentis,

2025 5818 2040 5847 ι
2077 5822 2235 5928 vim,
2258 5815 2567 5879 approbatur,
2590 5820 2839 5878 peccatum
2878 5826 2974 5866 non
3011 5827 3112 5866 esse
3155 5827 3325 5885 posse;
3345 5817 3542 5878 omiso,

2025 5885 2100 5928 tur
2188 5912 2204 5928 .
2226 5877 2354 5928 quod
2369 5880 2615 5928 reperitur
2637 5879 2686 5926 in

1959 5877 2204 5942 naturale,
2226 5877 2354 5942 quod
2369 5877 2615 5942 reperitur
2637 5879 2686 5926 in

2025 5942 2045 5973 ³
2076 5941 2187 6003 uie,
2210 5937 2638 6001 malittw,'additur
2661 5952 2726 5990 ex
2747 5947 2855 5992 Mss.
