3990 6466
420 444 579 503 μετ

440 557 719 612 sonticum
748 557 1010 629 patiatur
1039 565 1088 611 st
1127 570 1341 612 sema.
1372 556 1527 612 Absit
1564 556 1708 611 enim
1748 562 1805 609 ut
1836 562 2023 610 sancta

410 684 415 687 -
438 649 715 722 Scriptura
739 651 1053 717 seminibus,
1078 650 1218 705 sicut
1241 659 1294 705 tu
1325 648 1631 711 hominibus
1653 690 1667 715 ,
1700 648 2031 703 convicietur

350 776 358 785 ν
440 743 739 800 inmeritis.
772 742 871 799 Ubi
893 749 1073 798 autem
1099 746 1315 797 sanctus
1352 742 1455 797 .lob
1476 737 1715 809 eiectum
1744 754 2029 795 msertcor-

440 836 542 891 die
567 835 632 890 de
660 846 799 890 utero
818 836 999 890 matris
1017 850 1206 902 secum,
1247 836 1385 890 sicut
1420 848 1830 899 commemoras,
1859 850 2029 905 egres-

439 942 553 982 stnn
588 928 885 997 confirmat;
921 937 977 984 et
1009 944 1134 983 eum
1168 935 1345 999 putas,
1393 937 1450 983 ut
1489 926 1741 983 eumdem
1780 922 2028 981 aﬁectum

441 1021 666 1076 multum
688 1020 1107 1088 commendaret,
1122 1021 1224 1076 hoc
1234 1022 1451 1087 dixisse,
1477 1034 1583 1075 non
1598 1019 1741 1090 quod
1761 1020 1833 1073 ita
1851 1027 1995 1074 esset
2013 1036 2028 1074 :

439 1127 537 1168 cur
577 1124 719 1180 non,
755 1127 941 1184 quaso
970 1124 1023 1170 te
1043 1155 1057 1180 ,
1095 1114 1379 1169 annuimus
1403 1124 1523 1170 esse
1551 1112 1809 1184 quosdam
1840 1122 2029 1168 natura

441 1203 839 1271 misericordes,
856 1205 901 1260 si
931 1214 1115 1260 natura
1140 1205 1405 1277 quosdam
1423 1222 1528 1260 non
1559 1220 1814 1276 negamus
1840 1214 2032 1260 excor-

438 1293 570 1351 des?
589 1295 724 1352 Sunt
747 1297 892 1352 enirn
914 1299 1167 1353 nonnulla
1192 1300 1493 1369 congenita,
1517 1314 1639 1369 qua:
1662 1300 1714 1353 in
1744 1306 1901 1354 astate
1927 1312 2030 1368 qua

442 1402 570 1443 usus
588 1389 773 1459 incipit
791 1398 915 1444 esSe
928 1390 1170 1458 rationis,
1195 1392 1333 1446 sicut
1350 1392 1465 1461 ipsa
1480 1391 1641 1457 ratio,
1660 1390 1918 1461 incipiunt
1936 1405 2031 1460 ap-

442 1490 651 1551 parere.
680 1482 911 1538 Proinde
944 1483 1249 1538 hominibus
1277 1490 1463 1538 natura
1484 1483 1605 1539 ﬁliis
1632 1484 1726 1538 irm
1747 1493 2028 1554 propterea

439 1572 634 1630 dantur
659 1584 930 1646 praecepta
954 1576 1187 1642 vivendi,
1221 1576 1344 1646 quia
1370 1576 1526 1630 datur
1554 1585 1607 1631 et
1632 1576 1825 1646 gratia,
1856 1584 1914 1630 ut
1939 1575 2031 1645 qui

435 1663 591 1734 jubet
615 1666 791 1734 juvet;
839 1681 901 1721 ac
944 1667 1023 1722 sic
1060 1668 1198 1721 mala
1249 1683 1357 1722 non
1397 1668 1570 1723 solum
1606 1684 1725 1739 qtae
1755 1669 2031 1724 voluntate

438 1768 566 1813 sunt
591 1759 791 1827 addita,
811 1776 996 1815 verum
1024 1762 1183 1816 etiam
1212 1778 1332 1833 qua:
1359 1773 1482 1817 sunt
1502 1771 1878 1833 congenerata,
1912 1763 2029 1817 vin-

439 1860 645 1906 cantur.
691 1852 845 1921 Quod
889 1853 1031 1908 enim
1077 1853 1381 1910 hominibus
1427 1855 1754 1926 impossibile
1787 1863 1888 1921 est,
1919 1855 2030 1910 Deo

440 1942 592 1998 facile
611 1951 695 1998 est
710 1942 921 2014 (Matth.
942 1961 1051 2012 ius,
1077 1942 1193 2019 26).
1211 1944 1415 2014 Quibus
1431 1956 1608 2002 autem
1629 1964 1733 2001 non
1756 1947 1913 2002 datur
1934 1947 2030 2002 Dei

438 2035 628 2104 gratia,
659 2044 875 2106 propter
907 2053 1065 2108 quam
1102 2039 1302 2094 dictum
1332 2049 1437 2108 est,
1470 2041 1745 2107 Quiscnim
1773 2054 1819 2097 te
1837 2042 2029 2096 discer-

438 2127 551 2180 nit?
577 2127 700 2197 quid
725 2139 893 2184 autem
914 2129 1065 2185 habes
1086 2131 1226 2203 quod
1248 2148 1351 2186 non
1368 2134 1606 2204 accepisti
1634 2132 1680 2204 (l
1705 2133 1822 2188 Cor.
1851 2150 1921 2197 Iv,
1948 2133 2030 2208 7)?

440 2221 878 2288 prmvaricstores
899 2222 1052 2289 ﬁunt,
1074 2224 1362 2281 accedente
1383 2226 1521 2296 lege,
1541 2241 1645 2282 non
1663 2226 1812 2295 justi.
1847 2227 1952 2283 Sed
1976 2228 2029 2283 hi

438 2327 649 2383 quoque
676 2314 742 2368 ad
774 2316 1089 2371 utilitatem‘
1134 2319 1317 2372 vivtmt
1359 2319 1587 2373 (illorum
1624 2318 2025 2389 misericordiae,

440 2413 497 2460 ut
521 2420 617 2462 eos
640 2408 903 2477 videntes,
930 2418 987 2463 et
1022 2411 1151 2480 quid
1191 2410 1292 2465 sibi
1332 2427 1439 2466 non
1473 2413 1665 2467 merito
1686 2455 1700 2479 ,
1738 2413 1832 2468 sed
1866 2415 2029 2484 gratis

439 2496 667 2554 donetur
693 2499 1069 2571 iutclligentes,
1095 2516 1200 2557 non
1229 2504 1573 2571 extollantur,
1596 2506 1689 2560 sed
1715 2506 1807 2577 qui
1834 2506 2031 2577 gloria-

438 2599 543 2653 tur,
566 2590 620 2644 in
649 2590 874 2647 Domino
896 2593 1153 2662 glorietur
1182 2593 1246 2666 (ll
1268 2592 1384 2649 Cor.
1416 2613 1468 2660 ι,
1505 2596 1615 2670 17).

507 2680 723 2737 CXXX.
754 2682 872 2739 ιυι.
905 2684 1156 2756 Sequitur
1181 2703 1307 2743 vero
1328 2671 1596 2757 Sapientia
1626 2707 1638 2742 :
1667 2690 1793 2758 Quis
1818 2692 1906 2745 tibi
1930 2692 2029 2745 int-

438 2773 629 2843 putabit
648 2776 692 2830 si
717 2778 956 2847 perierint
980 2779 1230 2846 nationes,
1261 2798 1387 2851 quas
1414 2792 1467 2836 tu
1495 2784 1676 2852 fecisti,
1704 2801 1820 2839 cum
1841 2802 1942 2839 non
1963 2786 2029 2840 sit

435 2869 571 2924 alius
593 2867 756 2937 Dens,
783 2887 936 2941 quam
961 2881 1035 2937 tu,
1062 2875 1144 2927 cui
1173 2891 1295 2928 cura
1318 2885 1389 2929 est
1410 2877 1473 2930 de
1489 2878 1762 2933 omnibus?
1785 2880 1890 2934 Sed
1910 2896 2026 2935 cum

435 2961 507 3014 sis
524 2961 719 3030 justus,
734 2964 875 3032 jusle
901 2965 1072 3018 omnia
1105 2965 1363 3036 disponis;
1393 2969 1556 3039 ipsum
1584 2988 1778 3042 quoque
1812 2973 1898 3040 qui
1925 2989 2027 3027 non

436 3053 579 3110 debet
608 3055 799 3124 puniri,
823 3060 1155 3113 condemnare
1178 3102 1190 3123 ,
1229 3069 1454 3114 extorum
1486 3063 1704 3116 a‘stimus
1744 3081 1774 3115 a
1810 3074 1899 3117 tua
1923 3064 2026 3117 vir-

416 3155 543 3205 ,tute
570 3163 590 3201 :
612 3148 767 3202 uirtus
792 3150 927 3203 enim
961 3158 1049 3205 tua
1076 3152 1293 3222 justitirc
1328 3153 1528 3208 initium
1564 3162 1653 3209 est.
1697 3156 2027 3226 Astipulatur

437 3251 584 3297 certe
607 3245 877 3299 communi
914 3246 1230 3315 prudentum
1259 3250 1471 3315 rationi,
1500 3252 1622 3321 quia
1654 3254 1940 3309 niaximum
1971 3254 2022 3310 in

416 3333 550 3390 sDeo
575 3336 783 3407 signum
803 3337 1005 3408 iustitia
1034 3343 1121 3407 sit,
1146 3356 1303 3412 quam
1348 3342 1689 3413 Manichacus,
1730 3356 1783 3401 et
1816 3348 2024 3404 Tradu-

437 3426 620 3483 eianus
643 3429 789 3485 omni
812 3441 1003 3487 conatu
1027 3433 1323 3497 fabularum
1346 3452 1561 3492 suarum
1594 3451 1865 3511 pernegat.

508 3522 645 3578 ABG.
676 3521 731 3576 In
764 3524 1113 3581 conviciando
1132 3528 1216 3583 cui
1241 3538 1292 3584 te
1311 3529 1482 3584 dicam
1504 3532 1752 3599 similem,
1775 3537 1874 3589 nisi
1898 3537 2025 3592 tibi?

436 3611 491 3670 8i
517 3624 697 3671 autem
727 3619 989 3687 saperetis
1019 3619 1184 3675 Deum
1206 3630 1327 3676 esse
1348 3622 1572 3692 justum,
1601 3641 1870 3696 nunquam
1897 3643 2027 3684 con-

436 3706 613 3775 gcnita
642 3706 803 3774 vitia,
849 3711 933 3764 vel
972 3710 1213 3781 corporis
1261 3711 1506 3779 humani,
1550 3716 1633 3770 vel
1675 3718 1860 3785 animi,
1908 3736 2024 3791 quae

438 3813 632 3870 negare
653 3813 757 3856 non
785 3803 1024 3871 pe‘sstis,
1058 3804 1357 3860 tribueretis
1377 3807 1590 3877 epilicio
1610 3809 1742 3878 ejus,
1769 3812 1860 3865 sed
1884 3811 2026 3882 judi-

436 3891 556 3957 cio;
587 3902 643 3948 et
670 3892 793 3949 hinc
820 3892 1075 3962 originale
1101 3906 1397 3966 peccatum,
1427 3900 1539 3955 sive
1568 3911 1779 3970 peccata
1799 3906 1840 3971 ί,
1872 3904 2026 3961 intel-

438 3982 700 4054 ligeretis,
729 4002 833 4040 non
864 3990 1146 4057 negaretis.

509 4075 745 4133 CXXXI.
797 4077 916 4135 Job.
972 4081 1209 4152 Denique
1253 4094 1371 4154 post
1417 4088 1682 4155 paululum
1732 4092 2020 4161 sequitur:

437 4165 570 4222 Illos
592 4169 726 4225 enim
754 4171 1067 4242 castigando,
1102 4175 1244 4228 bona:
1267 4178 1373 4247 spei
1397 4178 1560 4246 fecisti
1581 4178 1719 4247 ﬁlios
1745 4191 1872 4247 tuos,
1901 4201 2027 4255 quo-

437 4263 574 4318 ttianl
604 4264 868 4335 judicans,
903 4267 997 4322 das
1037 4269 1089 4322 in
1134 4271 1347 4339 peccatis
1394 4270 1558 4325 locum
1604 4276 1921 4341 ptruitentitc.
1966 4278 2028 4334 Si

436 4357 571 4412 enim
607 4357 837 4414 inimicos
877 4376 1132 4415 servorum
1166 4372 1373 4416 tuorum‘
1408 4372 1457 4417 et
1499 4366 1647 4419 morti
1684 4366 1876 4423 debitos
1913 4386 2027 4424 cum

437 4456 579 4506 hirto
595 4454 825 4506 cruciatu
846 4453 1203 4508 admonitionis
1228 4455 1450 4509 liberasti
1464 4497 1476 4521 ,
1501 4456 1629 4513 dans
1660 4468 1856 4531 tempus
1877 4472 1924 4515 et
1945 4463 2026 4516 lo-

434 4557 553 4597 cum
587 4560 675 4612 per
701 4560 847 4612 quem
879 4546 1035 4615 possit
1064 4548 1248 4600 mutari
1277 4548 1503 4615 malitia;
1543 4566 1656 4604 cum
1688 4563 1876 4618 quanta
1904 4554 2025 4608 dili-

437 4636 606 4707 gentia
639 4637 838 4704 iudicas
864 4638 997 4705 ﬁlios
1020 4649 1166 4703 tuos,
1198 4655 1420 4710 quorum
1465 4642 1754 4713 parentibus
1791 4656 1837 4699 et
1871 4648 2025 4716 jura-

440 4736 606 4780 ntcntn
651 4736 693 4779 et
742 4739 890 4797 pacta
937 4728 1119 4784 dedisti
1163 4732 1407 4786 bonarum
1442 4735 1872 4803 promissionum?
1899 4738 2025 4793 Cum

438 4832 558 4889 ergo
588 4819 729 4873 nobis
758 4821 1080 4890 disciplinam
1107 4823 1220 4888 das,
1248 4826 1478 4881 inimicos
1505 4839 1705 4884 nostros
1732 4831 2027 4903 multiplici-

441 4921 517 4967 ter
548 4913 798 4983 ﬂagellas,
841 4925 897 4967 ut
937 4916 1212 4972 destitutam
1255 4928 1391 4973 tuam
1435 4923 1707 4994 cogitemus
1743 4924 2027 4994 judicantis

444 5003 599 5075 (Sap.
627 5020 721 5069 xn,
754 5006 960 5078 lxi-ﬂii.

510 5097 649 5153 Avo.
695 5100 869 5165 Quare
898 5099 1055 5168 Deus,
1084 5117 1205 5157 cum
1236 5105 1304 5157 sit
1330 5107 1585 5176 przrscius
1614 5110 1853 5164 ominum
1884 5109 2024 5169 lutu-

441 5203 620 5244 rorum
639 5228 651 5251 ,
677 5196 887 5259 tempus
914 5199 968 5245 et
994 5191 1168 5248 locum
1198 5211 1291 5264 per
1314 5212 1471 5266 quem
1498 5199 1663 5268 possit
1694 5203 1884 5257 mutari
1916 5219 2028 5257 ma-

418 5281 812 5349 .lltia,~dcdcrit
839 5285 1001 5340 etiam
1022 5287 1123 5354 eis,
1153 5287 1222 5343 de
1254 5290 1443 5359 quibus
1476 5291 1677 5348 dictum
1711 5304 1844 5364 erat,
1878 5299 2023 5369 quod

441 5392 626 5433 eorum
646 5377 899 5448 cogitatio
921 5394 1029 5435 non
1054 5390 1260 5451 poterat
1281 5386 1472 5440 mutari
1501 5386 1551 5440 in
1582 5398 1912 5459 perpetuum,
1936 5407 2025 5447 sa-

443 5469 508 5523 tis
537 5468 789 5534 ostendit,
814 5469 899 5524 ubi
930 5470 1210 5536 ait,-Bonae
1233 5476 1341 5544 spei
1370 5478 1530 5545 fecisti
1566 5479 1700 5548 ﬁlios
1738 5491 1869 5548 tuos,
1897 5500 2025 5553 quo-

441 5560 580 5616 niam
597 5561 843 5631 judicans
860 5562 957 5619 das
979 5564 1034 5620 in
1053 5566 1268 5635 peccatis
1290 5567 1453 5622 locum
1476 5571 1798 5639 panitentiw.
1822 5574 1902 5641 Ad
1926 5576 2026 5630 hoc

440 5667 570 5724 ergo
594 5654 749 5711 datur
770 5664 980 5728 tempus
1000 5668 1054 5714 et
1081 5661 1228 5716 locus
1250 5663 1571 5732 ptenitentiiu
1596 5666 1753 5722 etiam
1782 5668 1903 5724 tiliis
1934 5672 2026 5726 ine

728 5818 813 5868 κά
837 5815 885 5869 3i
896 5818 1042 5884 quam
1062 5819 1131 5873 ad
1154 5819 1422 5874 utilitatem.
1447 5826 1742 5891 castigantur
1768 5843 1832 5881 ex
1855 5844 2025 5882 manu-

439 5881 757 6003 '°'a"’s‘.'.i;pi.,
779 5943 1039 5997 naturalia.

1113 442 1358 501 OPERIS
1398 436 1816 500 IMPERFEC'ﬂ
1851 434 2130 495 CONTRA
2167 436 2528 508 JUIJANUM,
2574 440 2632 497 S.
2673 441 3047 503 AUGUSTINI

3589 450 3734 514 1428

2138 551 2335 608 deditis
2370 554 2548 620 morti,
2588 563 2642 610 et
2678 557 3044 627 pmnitentiam
3076 572 3186 616 non
3213 564 3429 633 acturis,-
3452 564 3576 637 quia
3605 580 3738 627 sunt

2138 646 2277 701 inter
2302 645 2442 712 illos,
2469 645 2553 702 vel
2574 651 2811 705 exorturi
2838 660 2963 707 sunt
2983 652 3055 709 de
3071 653 3178 709 illis
3203 654 3296 710 lilii
3322 657 3731 729 misericordis,

2136 736 2331 804 quibus
2353 737 2454 791 hoc
2477 740 2663 807 prosit,
2690 741 2834 811 quod
2859 742 2963 797 illis
2984 756 3089 799 non
3118 744 3333 816 proicit.
3362 749 3545 822 Itaque
3564 753 3733 809 etiam

2135 843 2301 899 super
2327 830 2466 886 ﬁlios
2495 833 2808 903 perditionis
2836 842 2943 892 non
2971 847 3055 893 est
3084 840 3255 896 illunis
3278 842 3293 872 ¹
3326 842 3422 899 Dei
3443 859 3542 900 nec
3563 846 3735 902 intra-

2138 929 2321 977 ctuosa
2349 925 2601 994 patientis
2630 943 2642 979 :
2678 938 2896 984 necesse
2919 939 3004 985 est
3030 932 3174 986 enim
3201 934 3369 1003 prosit
3395 937 3470 991 eis
3497 952 3633 1007 quos
3663 955 3729 995 es

2138 1028 2314 1071 massa
2341 1016 2653 1088 perditionis
2681 1035 2791 1075 non
2812 1022 3043 1078 humana
3068 1027 3291 1094 merita,
3316 1029 3411 1083 sed
3444 1032 3614 1100 gratia
3643 1031 3733 1086 di-

2138 1109 2259 1163 vina
2289 1109 2571 1177 discernit;
2618 1126 2742 1167 cum
2769 1114 2849 1169 vel
2889 1116 3085 1185 gratias
3127 1128 3321 1189 agunt,
3366 1121 3509 1190 quod
3547 1122 3617 1177 ab
3651 1126 3737 1179 eis

2141 1201 2234 1256 Dei
2262 1202 2631 1258 misericordia
2667 1206 3073 1275 discernuntur,
3102 1210 3187 1264 vel
3224 1224 3289 1265 ex
3331 1213 3582 1283 perituris
3623 1230 3736 1270 non

2137 1294 2382 1363 perituri,
2414 1295 2509 1350 Dei
2536 1295 2887 1367 diSpositione
2913 1310 3226 1356 nascuntur.

2210 1384 2469 1439 CXXXII.
2497 1385 2616 1442 Jun.
2644 1387 2891 1445 Advenis
2910 1405 3039 1462 ergo
3059 1401 3309 1462 quantam
3330 1394 3736 1455 distinctionem

2136 1475 2445 1545 superﬁcies
2483 1479 2766 1534 verborum
2802 1480 2992 1539 fecerit
3025 1483 3092 1539 de
3128 1488 3331 1543 naturis
3359 1490 3584 1545 duarum
3616 1493 3737 1562 ple-

2135 1568 2281 1625 bium
2308 1588 2321 1623 :
2346 1571 2607 1627 lsraelitas
2635 1572 2771 1629 ﬁlios
2795 1574 3083 1645 Deivocat,
3107 1588 3161 1634 et
3185 1579 3517 1639 Chanameos
3540 1600 3736 1643 semen

2136 1663 2498 1720 maledictum.
2549 1668 2605 1721 Si
2647 1667 2747 1723 hoc
2781 1670 2925 1740 quod
2957 1682 3113 1727 sonat
3148 1673 3214 1729 ad
3240 1680 3613 1746 generationes
3643 1696 3737 1737 re-
3821 1668 3832 1685 ’

2136 1753 2367 1812 ferretur
2396 1768 2449 1813 et
2475 1769 2687 1829 partus;
2718 1761 3000 1817 dicendum
3022 1774 3159 1830 erat,
3186 1767 3343 1822 aliam
3371 1786 3492 1825 esse
3514 1771 3739 1844 religio-

2135 1861 2317 1903 sorum
2346 1852 2764 1920 generationem,
2787 1854 2949 1909 aliam
2973 1857 3339 1926 profanorum.

2207 1939 2342 1996 Auc.
2393 1941 2656 2013 Numquid
2703 1948 2955 2015 quoniam
2999 1963 3122 2004 cum
3166 1951 3411 2009 audimus
3441 1954 3579 2013 ﬁlios
3607 1956 3730 2026 Dei,

2135 2030 2479 2102 intelligimus
2504 2035 2759 2105 gratiam;
2807 2038 2928 2094 ideo
2954 2053 3075 2095 cum
3105 2042 3350 2099 audimus
3380 2046 3516 2101 lilios
3545 2048 3734 2105 homi-

2133 2137 2284 2188 num,
2318 2139 2422 2177 non
2462 2126 2718 2183 debemus
2747 2143 3037 2199 agnoscere
3064 2135 3413 2207 conliterique
3437 2147 3683 2196 naturam
3706 2145 3733 2197 ?

2133 2213 2269 2282 Quid
2299 2226 2381 2271 est
2413 2232 2540 2288 ergo
2569 2221 2711 2289 quod
2738 2220 2891 2288 dicis,
2917 2238 3027 2279 non
3051 2226 3369 2283 Inveniendo
3397 2231 3525 2301 quid
3548 2233 3730 2302 dicas,

2134 2306 2297 2364 homo
2315 2313 2681 2369 contentiose?
2705 2315 2978 2386 Cognosce
3005 2320 3145 2389 quod
3169 2328 3362 2377 Verum
3380 2331 3483 2391 est,
3505 2328 3735 2385 attende

2133 2402 2275 2472 quod
2307 2403 2509 2458 clarum
2540 2414 2641 2461 est.
2687 2407 2882 2463 Semen
2914 2410 3257 2467 maledictum
3281 2413 3566 2473 Chananmi
3593 2420 3731 2476 dicti

2132 2502 2257 2549 sunt
2281 2506 2495 2567 propter
2517 2507 2620 2552 tam
2649 2500 2841 2556 malam
2865 2505 3193 2574 progeniem,
3214 2516 3272 2561 ut
3293 2507 3405 2563 Deo
3423 2510 3732 2579 justissimo

2132 2588 2432 2645 vindicante
2458 2600 2613 2662 atque
2636 2595 2948 2665 imperante,
2969 2611 3065 2653 nec
3086 2599 3205 2669 ejus
3228 2602 3464 2670 parvulis
3481 2604 3503 2635 '
3526 2620 3730 2675 parce-

2132 2692 2314 2750 retur,
2345 2686 2434 2755 qui
2465 2696 2712 2756 parentes
2741 2698 2869 2743 suos
2930 2691 3071 2745 nulla
3104 2693 3387 2750 voluntatis
3422 2696 3729 2757 imitatione

2131 2776 2318 2830 sectati
2358 2787 2498 2831 sunt.
2542 2778 2661 2832 Filii
2689 2793 2817 2834 vero
2848 2780 2943 2836 Dei
2977 2781 3103 2838 dieti
3140 2792 3265 2840 sunt
3292 2783 3580 2857 lsraelitse,
3611 2806 3731 2849 non

2131 2876 2349 2937 propter
2386 2873 2693 2939 progeniem
2732 2876 2956 2938 naturas,
2995 2874 3090 2928 sed
3122 2886 3341 2947 propter
3369 2877 3732 2950 adoptionem

2129 2960 2330 3030 gratim.
2377 2959 2500 3016 Sive
2524 2976 2653 3033 ergo
2676 2962 2922 3018 dicantur
2955 2964 3047 3020 lilii
3071 2975 3126 3022 et
3159 2969 3275 3037 lilii,
3304 2971 3422 3027 sive
3452 2982 3636 3030 semen
3667 2986 3735 3033 et

2130 3066 2337 3117 semen,
2361 3053 2490 3124 quid
2522 3062 2572 3110 te
2601 3056 2755 3126 juvat
2780 3058 2878 3114 ista
2906 3062 3255 3117 consonantia
3284 3065 3560 3123 nominum
3581 3108 3596 3135 ,
3628 3069 3732 3127 ubi

2128 3159 2307 3201 rerum
2336 3155 2421 3202 est
2445 3157 2588 3204 tanta
2616 3149 2903 3205 distantia?

2202 3237 2485 3294 CXXXIH.
2511 3239 2633 3296 Jun.
2681 3242 2817 3297 Dum
2860 3253 3130 3300 constaret
3173 3254 3346 3304 tamen
3372 3291 3387 3315 ,
3419 3248 3733 3311 secundum

2130 3327 2289 3383 etiam
2321 3331 2460 3387 hanc
2484 3334 2792 3403 vanitatem,
2823 3335 3095 3392 traducem
3124 3340 3279 3409 primi
3316 3356 3423 3397 non
3449 3357 3569 3400 esse
3597 3360 3734 3415 pec-

2129 3422 2233 3476 cati
2259 3441 2272 3476 :
2296 3423 2437 3494 quod
2466 3425 2818 3498 interruptum
2858 3431 3146 3485 multarum
3176 3431 3336 3489 simul
3364 3437 3566 3492 semina
3592 3452 3737 3510 gen-

2131 3514 2261 3569 tium
2292 3518 2671 3585 perdoeebant.

2201 3608 2339 3664 Auo.
2373 3610 2527 3665 Aliud
2569 3624 2652 3667 est
2699 3613 2837 3669 illius
2866 3616 3020 3671 unius
3068 3618 3297 3675 hominis
3327 3636 3509 3680 semen
3530 3666 3547 3693 ,
3578 3628 3737 3696 quod

2130 3711 2255 3755 sunt
2311 3717 2498 3765 omnes
2552 3705 2834 3774 homines;
2880 3709 3025 3764 aliud
3083 3710 3291 3769 diversa
3326 3714 3349 3747 ³
3389 3715 3737 3777 diversarum

2129 3796 2367 3865 gentium
2395 3798 2597 3853 semina
2620 3841 2634 3866 ,
2664 3816 2782 3871 qum
2813 3803 2940 3858 illud
2988 3818 3093 3861 non
3138 3808 3529 3881 interrumpunt
3554 3855 3567 3878 ,
3596 3816 3737 3885 quia

2129 3907 2194 3947 ex
2229 3892 2317 3945 illo
2336 3902 2525 3948 cuncta
2546 3894 2879 3952 descendunt
2904 3916 2917 3955 :
2941 3914 3112 3970 neque
3133 3913 3293 3972 agunt
3319 3916 3415 3960 sua
3443 3907 3733 3981 varietate,

2131 3995 2189 4040 ut
2218 3986 2347 4041 illud
2381 3998 2650 4057 peccatum
2683 3991 2838 4060 primi
2884 3992 3114 4049 hominis
3134 4038 3149 4063 ,
3176 4012 3281 4067 quo
3306 4001 3499 4054 mutari
3528 4004 3740 4060 meruit

2131 4077 2363 4135 humana
2390 4090 2611 4149 natura,
2640 4084 2966 4153 quibuslibet
3004 4087 3161 4158 longe
3196 4098 3317 4159 post
3351 4093 3486 4147 natis
3516 4093 3586 4149 sit
3625 4110 3738 4165 po-

2132 4171 2289 4225 steris
2321 4171 2437 4241 ejus
2464 4174 2681 4227 noxium
2707 4190 2723 4240 ;
2754 4175 2848 4230 sed
2879 4186 2933 4230 ut
2960 4179 3126 4248 magis
3148 4178 3169 4210 "
3199 4180 3441 4238 minusve
3470 4183 3540 4239 sit
3569 4185 3738 4241 inuo-

2132 4266 2297 4321 xium.
2337 4268 2483 4323 Sicut
2509 4270 2653 4324 enim
2686 4271 2899 4340 quidam
2938 4283 3181 4341 parentes
3206 4288 3494 4347 aggravant
3534 4294 3740 4349 pecca-

2136 4368 2246 4415 tum
2276 4361 2552 4431 originale,
2588 4363 2658 4417 ita
2684 4364 2898 4433 quidam
2929 4367 3167 4423 relevant
3193 4386 3206 4421 :
3229 4370 3323 4424 sed
3355 4388 3513 4426 uerno
3544 4373 3684 4428 tollit
3713 4419 3733 4443 ,

2134 4454 2235 4508 nisi
2268 4454 2356 4507 ille
2385 4453 2451 4509 de
2476 4468 2583 4524 quo
2609 4455 2808 4510 dictum
2835 4467 2938 4525 est,
2971 4456 3107 4513 Ecce
3134 4460 3309 4531 Agnus
3338 4462 3463 4529 Dei,
3496 4480 3609 4518 ecce
3636 4468 3739 4536 qui

2133 4546 2264 4601 tollit
2294 4559 2499 4618 peccata
2529 4549 2706 4603 mundi
2733 4549 2913 4622 (Joan.
2946 4570 2984 4619 ι,
3017 4553 3107 4625 ‘29)
3136 4571 3150 4620 ;
3180 4556 3265 4611 cui
3292 4558 3491 4613 nullum
3520 4559 3736 4618 bonum

2135 4639 2366 4695 hominis
2391 4640 2739 4711 impossibile,
2769 4644 2971 4698 nullum
3003 4647 3197 4700 malum
3228 4658 3309 4703 est
3331 4649 3649 4708 insanabile.

2203 4732 2490 4788 CXXXIV.
2534 4734 2651 4789 Jun.
2680 4736 2881 4803 Porro,
2915 4737 3053 4793 sicut
3092 4739 3222 4794 illud
3271 4742 3413 4811 quod
3452 4744 3519 4800 de
3564 4745 3738 4805 laude

2133 4824 2329 4880 dicitur
2366 4823 2669 4880 Judtcorum
2697 4867 2711 4893 ,
2746 4842 2850 4881 non
2891 4826 2959 4882 ad
3002 4828 3104 4884 hoc
3144 4831 3285 4887 valet
3307 4875 3320 4897 ,
3353 4842 3409 4888 ut
3439 4835 3734 4907 quisquam

2131 4917 2359 4986 genuina
2401 4917 2648 4971 credatur
2681 4918 2961 4975 sanctitate
3006 4918 3341 4991 fulgerezila
3384 4926 3541 4981 etiam
3580 4931 3738 4999 quod

2134 5008 2390 5063 naturalis
2435 5006 2631 5062 malitia
2672 5020 2912 5078 vocatur,
2943 5024 3048 5067 non
3091 5014 3157 5069 ad
3200 5014 3299 5071 hoc
3328 5017 3500 5082 valet,
3532 5027 3589 5073 ut
3636 5036 3737 5078 se-

2133 5100 2273 5155 mina
2307 5099 2489 5153 vitiosa
2513 5101 2870 5167 commendet,
2895 5101 2988 5158 sed
3017 5103 3132 5160 sine
3160 5106 3464 5177 prmjudicio
3494 5120 3723 5172 naturm,

2133 5186 2285 5263 é'iijus
2311 5191 2754 5262 imperturbabllis
2784 5196 2918 5250 ratio
2944 5203 3056 5264 est,
3088 5214 3206 5268 qua:
3242 5200 3496 5271 quidquid
3522 5202 3691 5261 habet
3717 5254 3736 5276 ,

2133 5300 2163 5339 a
2191 5286 2302 5340 Deo
2346 5296 2446 5340 suo
2472 5294 2688 5343 auctore
2719 5290 2961 5355 sortitur,
2993 5290 3220 5347 varietas
3262 5291 3359 5347 ista
3399 5294 3689 5353 verborum
3714 5342 3734 5368 ,

2133 5386 2226 5434 aut
2251 5379 2565 5435 invectionis
2597 5380 2850 5451 impetum
2891 5382 3097 5452 signat,
3126 5394 3217 5439 aut
3264 5385 3579 5442 laudationis
3606 5391 3738 5444 oili-

2138 5473 2303 5527 cium.

2208 5566 2341 5621 Anc.
2367 5563 2423 5621 Si
2465 5580 2572 5621 non
2596 5574 2679 5622 est
2706 5566 3021 5637 cujusquam
3040 5568 3293 5625 sanctitas
3317 5571 3566 5641 genuina,
3590 5590 3730 5641 quo-

2134 5660 2295 5715 modo
2321 5660 2521 5715 dictum
2543 5669 2628 5717 est
2646 5660 2913 5726 Jeremiae,
2944 5660 3251 5732 Priusquam
3273 5664 3336 5718 de
3361 5666 3507 5719 vulva
3535 5667 3728 5737 exiret,

2199 5772 2215 5838 ξ
2250 5774 2449 5838 ςὶενδιεε.
2478 5775 2765 5838 \‘ignierius,
2787 5789 2975 5828 namus.

2197 5837 2217 5902 ξ
2249 5837 2407 5902 Codex
2435 5837 2578 5900 l‘ert.,
2612 5849 2882 5902 graecorum
2903 5840 3129 5902 parvulis.

2199 5898 2220 5969 ξ
2250 5897 2411 5969 godex
2431 5907 2553 5969 Port.
2566 5897 3243 5969 'aliutldivcrsnrnntgentium
3256 5905 3727 5969 ξμοωίωοέοᾶυααι.

2201 5960 2222 5990 ⁸
2257 5959 2393 6025 Editi,
2416 5962 2589 6025 majus.
2613 5960 2781 6012 Melius
2802 5963 2957 6015 codex
2984 5959 3128 6028 Ρόὶιι.⁷
3151 5959 3322 6031 magis.
3466 5959 3478 5969 ’
3502 6020 3516 6031 _
