3962 6492
1732 362 1759 377 ᾗ

191 483 321 542 1429

189 598 493 667 sanctiﬁcuvi
521 606 569 650 te
604 593 818 667 (Jerem.
848 606 894 657 ι,
925 587 1023 661 5)?
1051 579 1330 654 Quomodo
1359 580 1521 637 etiam
1566 570 1770 633 dictum

190 706 269 753 est
295 694 362 750 de
384 692 590 748 Joanne
617 688 849 759 Baptista
875 727 888 752 ,
923 682 1122 753 Spiritu
1160 687 1333 733 sancto
1372 672 1640 745 replebitur
1660 671 1775 744 jam

192 788 304 842 inde
327 786 390 840 ab
419 796 557 839 utero
581 782 754 837 matris
782 777 923 836 sum?
948 774 1087 848 quod
1115 768 1396 828 exsultatio
1421 767 1539 837 ejus
1563 777 1776 835 quoque

194 878 455 945 ostendit,
484 875 694 949 quando
721 868 995 928 Eiizabeth
1041 872 1397 937 przcgnantcm
1438 858 1775 949 conjt‘tgatam

193 987 471 1044 praegnans
497 944 643 1040 virgo
671 965 832 1021 Maria
864 958 1108 1017 salutavit
1139 950 1300 1028 (Luc.
1333 970 1370 1020 ι,
1405 952 1490 1015 15,
1520 950 1609 1016 41,
1643 944 1774 1044 Li).

196 1039 269 1122 an
299 1039 353 1118 et
380 1063 496 1117 hac
519 1062 658 1116 dicta
681 1074 785 1113 non
812 1051 1144 1124 proprietatis
1170 1057 1293 1104 sunt
1317 1045 1453 1101 dicta
1482 1039 1773 1113 prtecouio,

194 1161 285 1217 sed
324 1155 648 1214 laudationis
690 1148 904 1207 ofﬁcio?
933 1142 1186 1216 Sic‘agite
1205 1184 1220 1209 ,
1249 1142 1325 1196 sic
1351 1138 1649 1201 vanescite;
1679 1134 1782 1188 hoc

196 1266 251 1308 ut
279 1251 507 1313 dicatis,
541 1256 729 1301 vestrm
774 1251 938 1298 restat
984 1232 1222 1293 insanite.
1264 1230 1398 1302 Quid
1444 1231 1587 1286 enim
1628 1220 1780 1284 Jere-

196 1347 376 1407 miam,
412 1342 535 1414 quid
565 1324 822 1395 Joannem
850 1333 1045 1390 tumori
1068 1334 1083 1364 ί
1115 1340 1305 1385 vestra:
1335 1326 1523 1382 frontis
1562 1321 1783 1393 apponi-

199 1452 349 1503 tuus;
374 1412 589 1509 quando
615 1433 786 1502 ipsum
808 1427 1079 1483 Christum
1102 1438 1210 1478 non
1237 1412 1542 1475 discernitis
1568 1431 1598 1469 a
1618 1429 1783 1469 carne

201 1529 440 1601 peccati,
474 1526 777 1593 nullamque
802 1534 1016 1575 carnem
1046 1517 1283 1571 dicentes
1309 1509 1637 1580 originaliter
1667 1520 1787 1560 esse

203 1596 402 1692 peccati
422 1662 436 1687 ,
468 1619 545 1673 sic
570 1618 718 1671 illum
747 1613 956 1670 caneris
981 1607 1298 1678 coauquatis,
1330 1603 1572 1658 utetiam
1613 1596 1787 1668 ipsum

200 1713 450 1768 habuisse
497 1709 779 1781 genuinam
823 1716 1016 1775 negare
1063 1697 1370 1769 cogamiui’
1414 1694 1746 1750 sanctitatem
1772 1730 1788 1754 ,

200 1808 284 1877 qui
336 1813 498 1860 natus
539 1811 623 1859 est
668 1801 755 1855 de
781 1798 981 1870 Spiritu
1030 1792 1215 1877 salicta
1258 1784 1312 1846 et
1349 1786 1563 1875 virgine
1590 1782 1791 1877 Maria,

203 1870 399 1967 expers
424 1894 643 1951 omnino
672 1890 848 1946 delicti
867 1932 881 1954 ,
912 1887 1033 1958 quia
1059 1872 1250 1953 expers
1271 1880 1411 1935 illius
1431 1870 1795 1946 conceptionis

202 2002 319 2064 quae
364 1987 747 2044 comitiistione
789 1983 847 2038 iit
894 1977 1155 2064 sexuum?
1180 1975 1313 2044 Quia
1357 1981 1411 2028 et
1452 1968 1712 2064 dpremias
1740 1974 1799 2021 et

204 2072 462 2149 Joannes,
493 2074 732 2151 quamvis
761 2058 1075 2129 sanctiﬁcati
1104 2070 1156 2124 in
1188 2066 1353 2122 uteris
1383 2048 1612 2118 mairum
1635 2104 1649 2129 ,
1682 2066 1796 2114 tra~

207 2185 404 2232 xerunt
432 2180 608 2229 tanien
635 2169 891 2241 originale
920 2172 1211 2236 peccatum.
1239 2159 1370 2243 Nam
1410 2160 1515 2227 qub
1545 2155 1649 2208 alio
1681 2166 1799 2207 rae-

208 2270 305 2325 t-ito
338 2260 625 2323 interirent
651 2266 837 2319 earum
884 2259 1073 2314 animm
1103 2254 1169 2311 de
1198 2246 1390 2325 p0pulo
1420 2248 1517 2306 suo
1537 2290 1553 2317 ,
1582 2246 1684 2302 n‘isi
1714 2242 1801 2300 die

209 2372 402 2416 octavo
427 2354 969 2417 circumciderentnr;
999 2350 1052 2404 id
1079 2357 1161 2403 est
1182 2347 1202 2378 ³
1229 2346 1330 2400 nisi
1360 2343 1433 2397 ad
1455 2340 1651 2396 ωτι-ἰςιί
1678 2352 1802 2409 gra-

213 2455 338 2507 tiam
375 2450 718 2521 perveuirent
745 2445 795 2512 ",
829 2458 985 2515 quem
1011 2440 1098 2495 die
1127 2447 1335 2502 octavo,
1364 2436 1414 2489 id
1442 2442 1545 2501 est,
1576 2440 1695 2503 post
1718 2446 1805 2487 se-

213 2546 441 2614 ptimum
488 2540 725 2606 sabbati,
756 2544 1180 2593 resurrecturum
1213 2542 1427 2602 propter
1465 2526 1803 2609 iustiﬁcatio-

212 2652 334 2690 ncm
368 2644 629 2700 nostram,
653 2630 829 2686 carnis
851 2629 935 2682 illa
957 2623 1290 2682 circumcisio
1313 2618 1610 2692 ﬁgurabat?
1640 2617 1809 2671 Erant

212 2744 341 2799 ergo
376 2726 449 2781 illi
477 2735 530 2780 et
559 2735 743 2778 natura
771 2720 860 2775 ﬁlii
887 2720 979 2774 irae
1004 2717 1069 2772 ab
1090 2716 1256 2771 uteris
1283 2722 1531 2777 matrum,
1563 2722 1613 2764 et
1636 2707 1807 2779 gratia

214 2821 303 2875 ﬁlii
333 2815 719 2874 misericordia:
743 2813 811 2870 ab
838 2812 1003 2868 uteris
1031 2820 1294 2873 matrum;
1323 2806 1443 2876 quia
1474 2820 1573 2858 nec
1615 2802 1702 2857 illa
1729 2801 1809 2857 eis

214 2912 397 2967 adhuc
439 2910 612 2965 inerat
638 2906 925 2972 sanctitas,
955 2918 1073 2975 qua)
1099 2898 1365 2955 vinculum
1416 2896 1649 2951 solveret
1691 2908 1812 2950 suc-

214 3004 480 3061 cessionis
503 3002 747 3058 obnoxia‘a
776 2997 920 3071 quod
949 3011 1046 3051 suo
1080 3006 1317 3064 tempore
1347 2991 1478 3047 solvi
1509 2987 1808 3060 oportebat,

214 3106 269 3153 et
323 3097 503 3152 inerat
532 3104 704 3148 tamen
734 3107 853 3162 quae
893 3102 1194 3162 prteconem
1216 3086 1237 3118 ⁵
1265 3083 1460 3141 Christi
1501 3097 1530 3137 a
1559 3079 1813 3136 maternis

214 3190 516 3247 visceribus
540 3186 871 3258 designabat.
903 3183 1007 3239 Sed
1044 3196 1216 3237 novus
1246 3178 1561 3244 hzercticus,
1594 3174 1811 3245 religio-

215 3299 305 3339 sus
328 3284 353 3314 ⁶
390 3282 641 3354 physicus
667 3278 748 3333 vis
774 3276 983 3348 putari,
1012 3289 1133 3330 cum
1161 3273 1322 3338 dicis,
1356 3268 1637 3325 naturalem
1663 3266 1815 3354 mali-

215 3377 341 3431 tiam
377 3383 424 3429 et
442 3389 620 3443 semen
647 3370 971 3425 maledictum
998 3368 1106 3422 sine
1132 3363 1426 3437 prwjudicio
1449 3370 1642 3415 natura:
1666 3348 1768 3411 dici
1795 3398 1812 3426 ,

215 3469 368 3540 cujus
390 3508 405 3534 ,
435 3458 611 3535 inquis
633 3506 647 3531 ,
681 3458 1107 3540 imperturbabilis
1144 3458 1276 3511 ratio
1305 3451 1551 3528 quidquid
1577 3450 1755 3518 habet,
1782 3466 1818 3504 a

213 3559 360 3625 Deo.
376 3548 472 3613 suo
503 3567 707 3611 auctore
747 3553 974 3610 sortitur.
1004 3549 1192 3606 Nonne
1224 3558 1275 3603 te
1315 3547 1601 3602 admonent
1628 3552 1683 3598 ut
1724 3557 1818 3597 cor

222 3624 431 3706 habeas
456 3691 471 3714 ,
504 3649 691 3703 saltem
719 3644 807 3717 qui
843 3642 976 3698 fatui
1005 3639 1328 3697 nascuntur?
1354 3624 1465 3693 Nec
1513 3644 1689 3691 tamen
1732 3633 1818 3689 vel

216 3744 319 3814 ipsi
351 3739 490 3796 fatui
512 3739 676 3794 Deum
700 3736 880 3807 dicere
906 3732 1103 3789 audent
1123 3730 1378 3786 iatuitatis
1395 3738 1687 3784 auctorem.
1710 3724 1820 3781 Nec

216 3840 430 3909 utique,
464 3842 525 3890 ut
548 3822 868 3888 Manichacus
895 3827 1091 3898 desipit
1129 3824 1215 3881 vel
1245 3823 1471 3890 insanit,
1502 3822 1689 3876 aliena:
1719 3835 1817 3874 na-

218 3939 360 3987 turae
390 3925 737 3991 commixtio,
781 3920 877 3977 sed
917 3929 1116 3976 nostrae
1153 3915 1461 3988 depravatio
1490 3914 1688 3970 invexit
1715 3913 1820 3968 hoc

216 4024 438 4079 vitium.
474 4017 639 4088 Hujus
668 4006 794 4087 ergo
824 4013 937 4069 vitii
968 4010 1240 4077 meritum,
1264 4018 1319 4064 et
1344 4009 1568 4064 aliorum
1600 4014 1819 4061 natura-

222 4112 359 4170 lium
396 4122 732 4182 quorumque
770 4098 1019 4161 vitiorum
1062 4118 1171 4159 non
1212 4100 1521 4165 inveniunt,
1566 4098 1656 4169 qui
1705 4097 1821 4152 sani

219 4214 353 4260 sunt
383 4204 439 4258 in
469 4201 594 4270 ﬁde,
618 4199 724 4275 nisi
748 4184 1004 4270 eriginale
1032 4201 1331 4265 peccatum.

295 4292 569 4355 CXXXV.
599 4274 715 4349 Jun.
745 4289 894 4347 Sicut
919 4294 1097 4345 autem
1123 4287 1211 4342 hic
1239 4300 1422 4342 semen
1450 4274 1814 4353 maledictum,

221 4393 303 4447 sic
330 4389 463 4446 alibi
494 4387 738 4460 equidem
759 4429 774 4455 ,
806 4385 897 4441 ubi
927 4383 1097 4454 major
1122 4388 1205 4437 est
1242 4379 1481 4436 lectionis
1512 4379 1821 4447 auctoritas,

222 4500 418 4540 semen
450 4482 643 4537 dicitur
664 4466 1020 4535 benedictum.
1049 4473 1296 4546 Loquens
1316 4473 1457 4528 enim
1480 4471 1547 4527 de
1572 4471 1826 4527 lsraelitis

222 4568 399 4635 lsaias
424 4574 688 4646 propheta
706 4614 722 4639 ,
757 4568 1114 4639 Aidiﬁcabaat
1134 4606 1149 4634 ,
1180 4565 1382 4637 inquit,
1416 4564 1594 4619 domus
1614 4604 1629 4628 ,
1656 4571 1701 4617 et
1730 4563 1827 4634 ipsi

224 4668 621 4731 inhabitabant;
652 4664 977 4737 pastinabuat
1017 4662 1188 4716 vineas
1208 4700 1223 4726 ,
1255 4668 1298 4714 et
1326 4658 1426 4730 ipsi
1453 4656 1828 4737 manducabunt

224 4767 441 4835 [ructus
482 4776 656 4816 earum
679 4774 698 4812 :
720 4774 821 4811 non
845 4754 1166 4824 wdi/icabunt
1186 4794 1201 4820 ,
1230 4759 1277 4805 et
1309 4752 1398 4805 alii
1426 4749 1754 4815 habitabant;
1780 4760 1827 4804 et

226 4872 335 4908 non
368 4851 713 4923 pastinabunt,
744 4859 789 4903 et
815 4848 904 4902 alii
944 4844 1339 4899 manducabunt.
1372 4842 1665 4897 Secundum
1696 4843 1829 4896 enim

225 4946 345 4999 dies
374 4943 505 5016 ligni
528 4943 672 5008 vita,
704 4951 850 4994 erunt
892 4938 996 4993 dies
1040 4936 1213 5008 pepuli
1241 4934 1337 4988 mei
1359 4950 1377 4987 :
1403 4949 1554 5004 opera
1580 4933 1829 4987 labiorum

225 5053 413 5092 eorum
445 5031 836 5105 perseverant";
873 5030 1010 5084 electi
1040 5027 1137 5082 mei
1171 5043 1271 5082 non
1312 5024 1607 5079 laborabunt
1652 5025 1703 5079 in
1732 5041 1824 5079 va-

225 5147 415 5196 cuum,
450 5144 538 5181 nec
573 5126 707 5196 ﬁlios
737 5123 1067 5195 procreabant
1096 5121 1148 5174 in
1189 5119 1454 5173 maledicto
1473 5159 1489 5184 ,
1518 5118 1637 5189 quia
1661 5134 1829 5174 semen

226 5209 561 5275 benedictum
586 5235 617 5271 ιι
641 5214 748 5271 Deo
777 5224 849 5272 est
880 5210 1031 5286 (Isai.
1061 5227 1189 5278 va,
1218 5209 1435 5281 21-25).

310 5317 453 5371 Anc.
496 5312 645 5367 Hanc
688 5309 836 5365 Isaia:
879 5306 1213 5379 prophetiam
1240 5306 1286 5361 si
1330 5304 1696 5376 intelligeres,
1723 5321 1828 5362 non

226 5424 362 5465 eam
392 5406 549 5462 nobis
574 5415 631 5460 ut
652 5388 963 5471 elabereris,
987 5399 1082 5457 sed
1109 5398 1201 5455 tibi
1217 5398 1391 5469 potius
1420 5406 1477 5454 ut
1490 5398 1832 5470 corrigereris

304 5589 322 5621 ι
365 5586 506 5645 aditi,
528 5596 640 5634 cum
661 5576 1101 5645 ori._Emendantur
1135 5592 1198 5630 ex
1233 5586 1338 5629 Mss.

302 5652 331 5682 ³
366 5643 519 5706 editi",
542 5643 780 5696 conamini
808 5649 1095 5707 :eorrupte.

306 5712 332 5776 ξ
369 5717 421 5761 ιιι
439 5704 582 5776 editis
601 5707 775 5759 deerat
790 5704 894 5776 ,ῥά
915 5704 1013 5776 est.'_
1028 5704 1303 5756 neatituitur
1330 5715 1395 5754 ex
1417 5704 1770 5767 manuscriptis.

306 5772 332 5804 θ’
371 5780 550 5820 Omnes
568 5774 698 5830 Mss,
722 5772 1032 5832 pertinerent.

302 5836 334 5899 ξ
368 5833 532 5899 codex
550 5832 692 5892 clar.,
717 5836 981 5899 pascentis.

310 5897 336 5957 β
371 5893 529 5957 codex
556 5901 640 5943 nor
647 5891 706 5957 t.',
718 5891 989 5957 religionis.

300 5956 337 5994 7
371 5956 507 6007 Idem
526 5962 629 6017 ius,
652 5946 1030 6021 pérsevéral‘tau.

1510 436 1713 517 Linea
1753 444 2100 529 essurus.

1889 584 2212 643 opponeres.
2240 550 2399 624 Aliud
2424 563 2568 623 enim
2597 560 2703 621 non
2730 546 2975 633 mortue,
3002 536 3098 621 scd
3127 552 3466 643 immertale;

1890 642 1991 718 nec
2018 661 2264 729 carnale,
2291 656 2387 716 sed
2415 655 2688 729 Spirituale
2722 646 2927 737 semen
2944 648 3152 713 videres
3177 650 3190 711 ὲ
3214 642 3359 729 quod
3386 648 3470 713 vi‘

1890 758 2051 815 debat
2091 750 2324 813 Joannes
2370 751 2692 826 evangelista
2717 793 2731 820 ,
2763 748 2974 839 quando
3016 740 3256 839 dicebat,
3292 738 3472 825 Omnis

1891 853 1978 922 qui
2023 860 2171 904 natas
2195 842 2266 925 est
2298 865 2363 925 ea:
2388 840 2495 902 Deo
2515 888 2530 914 ,
2559 842 2659 901 non
2686 836 2889 921 peccat;
2929 847 3049 921 quia
3090 836 3256 899 semen
3281 836 3393 916 ejus
3420 845 3477 899 in

1893 946 2005 1015 ipso
2032 954 2195 999 manet
2223 930 2263 1013 (i
2284 938 2437 996 Joan.
2467 936 2544 1006 in,
2573 938 2651 1012 9).
2676 926 2983 995 Secundum
3009 931 3111 993 hoc
3125 926 3474 1015 sentenquis-

1894 1010 2000 1109 que
2043 1053 2146 1092 non
2194 1010 2376 1108 peccat
2406 1053 2417 1089 :
2446 1034 2566 1105 quia
2601 1010 2655 1090 et
2692 1028 2737 1087 si
2766 1040 2947 1103 peccat
2989 1039 3045 1089 ut
3088 1020 3284 1113 homo,
3312 1010 3477 1087 habet

1898 1145 2076 1187 tamen
2122 1131 2343 1185 alterum
2374 1120 2587 1203 Semen,
2615 1124 2919 1207 secundum
2962 1124 3104 1198 quod
3144 1114 3325 1181 semen
3364 1114 3481 1207 pou

1901 1207 2075 1295 potest
2100 1239 2338 1294 peccare,
2371 1198 2490 1294 quia
2518 1237 2584 1276 ex
2612 1200 2721 1277 Deo
2743 1206 2894 1275 natus
2914 1194 3016 1275 esi.
3046 1217 3346 1295 Secundum
3372 1194 3483 1271 hoc

1898 1333 2086 1373 semen
2118 1314 2209 1370 ﬁlii
2253 1308 2356 1369 non
2390 1306 2735 1385 procreantur
2773 1313 2826 1368 in
2869 1311 3173 1368 maledicto.
3205 1286 3263 1367 in
3291 1298 3483 1383 quibus

1900 1396 2384 1477 Prophettesverbis
2406 1392 2653 1476 evigilare
2673 1396 2900 1460 debuisti
2921 1446 2933 1469 ,
2964 1410 3017 1459 et
3041 1403 3316 1489 advertere
3342 1392 3484 1489 quod

1903 1474 2135 1569 n‘on‘pro'
2155 1493 2345 1569 magtld
2372 1474 2589 1553 munere
2613 1491 2712 1552 πόέ
2730 1488 3130 1568 pibmit'teretur
3152 1474 3344 1567 popuio
3364 1474 3484 1555 hei.

1904 1593 2007 1648 nisi
2037 1592 2156 1663 quia
2188 1599 2531 1661 procreantur
2558 1590 2651 1644 ﬁlii
2678 1591 2731 1644 in
2757 1590 3042 1644 maledicto
3083 1587 3374 1644 secundum
3402 1600 3484 1643 at-

1906 1693 2081 1738 terum
2123 1698 2341 1746 semen,
2371 1681 2513 1751 quod
2542 1690 2627 1736 est
2667 1698 2733 1736 ex
2764 1680 2967 1747 Atiam;
2998 1697 3107 1735 non
3148 1690 3326 1736 autem
3358 1693 3486 1749 pru-

1905 1780 2158 1832 ‘ci'eantar
2188 1775 2241 1830 in
2271 1773 2552 1829 maledicto
2580 1772 2871 1829 secundum
2902 1773 3167 1828 Christum
3195 1814 3208 1838 ,
3234 1770 3377 1843 quod
3404 1779 3491 1826 est

1910 1862 2093 1925 semen
2123 1866 2456 1923 benedictum
2485 1866 2552 1921 ab
2575 1866 2746 1921 initio.
2779 1865 2897 1936 ipse
2920 1875 3004 1921 est
3031 1867 3171 1920 enim
3195 1874 3246 1920 et
3270 1863 3494 1935 Sapien-

1911 1962 1985 2016 tia
2012 1960 2104 2016 Dei
2127 2002 2141 2026 ,
2172 1960 2239 2015 de
2266 1952 2369 2031 qua
2393 1958 2591 2014 dictum
2622 1968 2705 2013 est
2723 2000 2737 2024 ,
2765 1957 2983 2030 [αἱματη
3010 1959 3125 2013 vita
3164 1968 3235 2012 est
3262 1958 3494 2014 amnibus

1912 2055 2321 2127 amplectentibus
2348 2064 2459 2111 eam
2488 2052 2670 2129 (Prov.
2703 2066 2783 2133 in,
2816 2048 2906 2128 18)
2931 2074 2942 2110 2
2972 2054 3110 2111 unde
3137 2064 3190 2111 et
3218 2052 3320 2113 isl‘e
3357 2056 3493 2112 Ριιό-

1914 2148 2095 2218 pheta;
2124 2149 2209 2204 vel
2231 2150 2369 2204 Deus
2391 2150 2564 2219 potius
2584 2156 2680 2220 per
2701 2150 3043 2219 Prophetam,
3074 2149 3365 2205 Secundum
3388 2151 3496 2206 dies

1915 2241 2043 2315 ligni
2074 2243 2216 2309 vitm,
2246 2240 2417 2313 inqtiit
2436 2286 2450 2309 ,
2481 2252 2626 2298 erant
2652 2238 2758 2298 dies
2789 2240 2883 2297 mei
2914 2224 3106 2317 populi.
3138 2232 3255 2299 Vita
3298 2256 3500 2300 aeterna

1916 2342 1973 2391 et
2000 2336 2314 2391 immortalis
2340 2335 2745 2405 promittebatur
2776 2335 2862 2391 his
2890 2335 3082 2401 verbis,
3116 2346 3223 2391 non
3268 2336 3499 2390 carnali-

1916 2427 2039 2495 bus,
2071 2427 2165 2483 sed
2193 2427 2553 2497 spiritualibus
2584 2427 2854 2483 lsraelitis.
2889 2428 2964 2483 ibi
3007 2429 3172 2484 vineae
3200 2428 3502 2499 spiritualcs

1917 2530 1975 2575 et
2003 2520 2195 2576 domus
2235 2535 2339 2575 non
2367 2519 2685 2593 quandoque
2715 2520 3067 2577 morientibus
3095 2521 3504 2592 pastinatoribus

1918 2622 1976 2671 et
2002 2597 2412 2670 aediﬁcatoribus
2454 2614 2563 2669 suis
2594 2604 3006 2685 possidebuntur
3035 2615 3101 2670 ab
3132 2610 3247 2669 aliis
3268 2657 3283 2682 ,
3317 2615 3410 2671 sed
3437 2616 3506 2671 ab

1921 2706 2051 2776 ipsis
2081 2704 2197 2761 sine
2225 2704 2331 2760 ﬁne
2361 2696 2675 2761 viventibus.
2721 2700 2862 2778 Ergd
2898 2722 3127 2780 agnosce
3168 2705 3274 2762 duo
3308 2722 3506 2778 genera

1920 2796 2184 2851 seminum
2205 2837 2221 2862 ,
2268 2794 2427 2851 unum
2465 2788 2822 2866 genéraliduis
2844 2838 2859 2863 ,
2888 2805 2942 2851 et
2969 2794 3194 2853 alterum
3225 2810 3508 2869 regenera-

1924 2885 2086 2942 tionis
2104 2904 2121 2967 ⁸ε
2153 2882 2204 2967 et
2232 2886 2338 2941 noli
2368 2902 2488 2942 esse
2510 2876 2834 2956 incredulus,
2861 2888 2955 2944 sed
2985 2876 3176 2945 ﬁdelis.

1994 2960 2279 3035 CXXXVI.
2310 2978 2428 3035 JoL.
2458 2976 2733 3036 Patiantdr
2757 2973 2883 3053 ergo
2913 2982 3121 3052 pueruli
3151 2983 3217 3037 de
3246 2984 3359 3039 istis
3390 3000 3509 3038 ver-

1923 3066 2116 3126 borum
2144 3065 2607 3128 contrarietatibus
2633 3072 3001 3143 quaestionem,
3035 3083 3092 3129 ut
3116 3075 3309 3130 nullius
3338 3076 3509 3144 majo-

1924 3164 2001 3219 ris
2032 3165 2110 3220 rei
2141 3180 2299 3235 quam
2340 3156 2593 3220 sonorum
2629 3158 2851 3235 capaces
2888 3182 2984 3237 pro
3014 3164 3369 3223 alludentibus
3408 3168 3511 3224 sibi

1924 3256 2132 3327 poculis
2157 3255 2175 3287 ί
2204 3256 2511 3326 praebentur
2534 3273 2548 3309 :
2573 3248 2831 3312 Catholica
2864 3272 2991 3313 vero
3021 3256 3152 3314 ﬁdes
3190 3254 3363 3329 neque
3396 3258 3510 3329 jur-

1924 3358 2053 3417 gare
2075 3340 2360 3403 adversum
2387 3363 2446 3403 se
2471 3336 2642 3419 legem
2667 3348 2763 3405 Dei
2788 3342 2991 3416 credit,
3023 3366 3196 3421 neque
3224 3351 3385 3406 ullam
3407 3367 3508 3407 au-

1925 3437 2228 3493 ctoritatem
2258 3437 2312 3493 in
2352 3438 2570 3495 exitium
2597 3440 2819 3496 rationis
2842 3439 3105 3508 admittit;
3138 3458 3239 3499 nec
3263 3443 3511 3515 cuiquam

1926 3527 2161 3599 opinioni
2190 3536 2346 3599 atque
2373 3518 2661 3584 adulationi
2686 3526 2739 3585 in
2767 3530 3029 3586 maculam
3067 3530 3262 3589 divinae
3286 3535 3507 3605 aequita-

1928 3618 1999 3705 tis
2024 3621 2290 3677 auScuitat
2314 3641 2327 3677 :
2351 3621 2446 3679 sed
2476 3632 2535 3679 ut
2559 3610 2726 3679 Deum
2754 3618 2858 3680 non
2891 3606 3063 3681 solum
3090 3624 3298 3695 credit,
3327 3644 3514 3686 verum

1928 3712 2089 3769 etiam
2142 3714 2288 3769 novit
2330 3714 2568 3771 omnium
2591 3726 2895 3773 naturarum
2927 3727 3256 3787 creatorem;
3310 3719 3383 3777 ibi
3433 3721 3510 3797 (a)

1928 3815 2206 3876 peccatum
2225 3804 2353 3861 nulli
2371 3796 2459 3862 alii
2481 3823 2638 3879 quam
2654 3808 2835 3866 liberae
2848 3810 3071 3880 imputat
3089 3811 3348 3869 voluntati
3373 3832 3387 3870 :
3412 3830 3512 3885 per

1928 3892 2046 3970 Quae
2074 3900 2250 3956 omnia
2276 3898 2543 3957 traducem
2570 3903 2770 3974 peccati
2800 3891 2987 3959 l'alsam
3016 3919 3137 3961 esse
3160 3899 3264 3961 non
3286 3904 3512 3965 dubitat.

2001 3995 2135 4053 Ave.
2163 3995 2433 4054 Catholica
2458 3998 2633 4068 potius
2655 3988 2785 4055 ﬁdes
2812 4009 3088 4070 peccatum
3112 4015 3233 4057 esse
3257 3978 3516 4073 originale

1930 4078 2038 4144 nan
2081 4072 2501 4161 dubitatzquam
2550 4089 2707 4147 ﬁdem
2746 4068 2855 4145 non
2899 4092 3139 4162 pueruli,
3179 4068 3274 4149 sed
3316 4068 3509 4165 graves

1930 4188 2091 4253 atque
2114 4180 2420 4238 constantes
2456 4174 2555 4237 viri
2577 4224 2592 4255 ,
2621 4181 2765 4237 docti
2792 4183 2846 4238 in
2879 4174 3114 4240 Ecclesia
3140 4226 3155 4250 ,
3183 4172 3236 4240 ei
3261 4184 3518 4243 docentes

1932 4264 2246 4342 Ecclesiam,
2272 4292 2439 4346 usque
2459 4275 2526 4331 ad
2550 4270 2691 4331 diem
2714 4274 2793 4332 sui
2815 4274 2993 4333 obitus
3011 4270 3379 4334 defenderunt.
3409 4278 3518 4336 Vos

1932 4372 2109 4423 autem
2153 4368 2322 4437 legem
2370 4360 2465 4422 Dei
2503 4360 2784 4424 adversum
2822 4383 2909 4436 se,
2936 4369 3072 4426 sicut
3110 4368 3276 4436 dicis,
3298 4370 3518 4441 jurgare

1934 4454 2041 4515 non
2068 4458 2303 4527 creditis,
2333 4467 2388 4515 et
2416 4454 2517 4531 ipsi
2546 4449 2803 4531 adversus
2826 4476 2943 4516 eam
2969 4475 3111 4516 caeca
3136 4460 3407 4530 impietate
3432 4462 3519 4517 vel

1933 4553 2095 4624 impia
2124 4553 2360 4609 emcitate
2394 4528 2635 4625 jtirgatis.
2670 4528 2793 4608 ideo
2818 4553 2962 4608 enim
2988 4528 3359 4610 auctoritatem
3398 4556 3519 4611 nul-

1935 4644 2117 4700 lamin
2145 4638 2359 4700 exitium
2386 4642 2603 4700 rationis
2626 4638 2723 4699 vos
2754 4643 2967 4716 jactatis
2997 4644 3313 4714 admittere;
3352 4654 3410 4703 ut
3431 4662 3520 4705 ra-

1936 4737 2168 4792 tionibus
2197 4737 2421 4801 vestris,
2451 4729 2570 4808 quae
2598 4751 2700 4793 non
2742 4728 3000 4804 rationes,
3041 4735 3137 4793 sed
3174 4736 3518 4809 deceptiones

1935 4814 2074 4894 sunt,
2108 4826 2267 4882 etiam
2290 4825 2468 4882 divina
2493 4818 2792 4900 deponatur
2818 4827 3009 4901 potius,
3038 4845 3196 4901 quam
3223 4841 3521 4901 exponatur

1936 4908 2241 4976 auctoriia‘s.
2301 4918 2552 4986 Quamvis
2599 4917 2756 4975 nemo
2814 4921 2884 4976 ita
2930 4936 3050 4977 esse
3108 4921 3301 4977 debeat
3342 4921 3521 4993 gravis

1936 5012 2126 5080 corde,
2171 5012 2570 5091 utdccipiatur
2624 5013 2827 5068 ratione
2876 5012 3108 5084 Pelagii,
3163 5029 3320 5084 quam
3376 5014 3523 5069 velut

1938 5096 2210 5176 exponens
2235 5094 2544 5176 Apostoluni
2577 5094 2814 5174 protulit,
2844 5092 2896 5158 et
2920 5104 2994 5160 ait
3017 5121 3030 5157 :
3054 5102 3249 5177 Corpus
3265 5114 3520 5158 mortuam

1939 5209 2143 5273 prapter
2173 5209 2463 5271 peccatum,
2510 5194 2622 5251 ideo
2665 5192 2884 5264 dictum,
2923 5196 3044 5269 quia
3075 5213 3259 5269 corpus
3306 5197 3520 5251 moritur

1939 5292 2173 5364 peccatis,
2202 5286 2404 5361 quando
2432 5278 2672 5344 avertitur
2698 5305 2729 5342 a
2754 5284 2991 5360 peccatis.
3019 5287 3218 5344 Contra
3240 5302 3401 5358 quam
3426 5303 3519 5343 va-

1939 5384 2159 5439 nitatem
2196 5386 2302 5437 non
2343 5380 2717 5463 disputandum
2737 5381 2759 5413 ⁸
2781 5423 2795 5449 ,
2824 5380 2919 5437 sed
2949 5380 3234 5451 Apostolus
3282 5370 3398 5449 ipse
3436 5377 3519 5436 le-

1940 5469 2143 5549 gendus
2169 5468 2269 5543 est,
2298 5470 2515 5531 dicens:
2541 5472 2601 5531 Si
2628 5484 2793 5530 autem
2819 5474 3047 5532 Christus
3072 5474 3126 5529 in
3148 5470 3305 5541 vobis,
3336 5490 3524 5546 corpus

1940 5568 2139 5642 quidem
2168 5560 2420 5624 mortuum
2440 5577 2514 5624 est
2538 5577 2746 5641 propter
2769 5577 3046 5641 peccatum,
3075 5566 3283 5639 spiritus
3301 5565 3323 5598 ³
3350 5574 3524 5623 autem

2007 5704 2024 5736 ι
2058 5703 2195 5774 gitti,
2221 5702 2644 5774 populistgtptius,
2684 5702 2982 5774 utnvidetur,
3013 5709 3159 5774 vetus
3193 5702 3351 5774 codex
3372 5708 3522 5767 Pori...

1942 5763 2400 5831 poculis—"Morel,
2421 5763 2654 5817 Elément.
2678 5767 2853 5827 Critic.,
2879 5778 2989 5830 pag.
3012 5766 3101 5816 175
3150 5763 3348 5821 baculis.
3411 5774 3469 5818 tl.

2006 5831 2027 5860 ι
2058 5829 2142 5878 Hic
2161 5829 2445 5880 auctoritate
2458 5836 2565 5880 Mss.
2580 5827 2859 5889 addidimns,
2883 5801 3246 5889 άὶερωωιθιση.

2008 5891 2031 5954 =_
2062 5890 2197 5954 Editi,
2219 5889 2451 5954 Christus.
2470 5893 2766 5954 Castigantnr
2786 5889 2847 5940 ad
2870 5889 3101 5942 uereri.

2013 5952 2084 6013 (a)
2117 5958 2273 6010 Forte,
2296 5952 2381 6004 ita.
