3962 6478
549 384 691 445 “Si

543 497 653 554 vita
688 505 762 553 est
788 505 993 570 propter
1025 499 1281 570 justitiam
1303 541 1318 556 .
1343 501 1389 556 si
1415 513 1581 558 autem
1627 505 1837 574 spiritus
1880 507 1988 578 ejus
2009 547 2022 572 ,
2050 507 2139 576 qui

542 591 807 647 suscitauit
831 591 1011 648 Iesum
1037 611 1069 647 a
1098 597 1330 660 mortuis,
1360 596 1553 651 habitat
1577 599 1630 651 in
1656 597 1791 653 vobis
1814 599 1830 629 ²
1853 640 1867 664 ,
1909 599 2135 668 viviﬁca-

541 683 618 736 bit
646 692 693 738 et
719 684 955 738 mortalia
981 701 1199 752 corpora
1225 699 1390 742 vestra
1434 705 1522 758 per
1545 691 1566 721 ¹
1591 690 1950 745 inltabitantem
1978 692 2132 762 spiri-

541 785 649 829 tum
674 776 785 845 ejus
811 776 863 830 in
887 778 1025 833 vobis
1058 777 1232 850 (Rom.
1267 796 1384 849 vui,
1415 781 1500 846 10,
1534 779 1624 854 ll)
1646 782 1670 836 ?
1694 783 1830 851 Quid
1851 787 2088 855 apertius
2111 787 2134 840 ?

538 868 667 938 quid
709 869 980 927 lucidius?
1005 871 1164 940 Quis,
1197 890 1360 945 rogo,
1389 884 1575 931 contra
1622 878 1778 932 istam
1826 879 2133 936 manifesta-

535 961 762 1028 tionem,
793 963 894 1019 nisi
921 965 1170 1020 haeretica
1210 967 1444 1033 insania,
1475 979 1695 1041 negaret
1721 972 1978 1042 originale
1999 989 2099 1044 pec

533 1054 760 1108 catum?
788 1054 1014 1127 Propter
1061 1059 1202 1129 quod
1231 1069 1505 1129 peccatum
1554 1062 1712 1116 ctiam
1761 1079 1902 1118 nunc
1945 1066 2130 1133 utique

541 1145 722 1201 adhuc
767 1163 962 1218 corpus
1010 1159 1092 1205 est
1136 1161 1444 1219 mortuum;
1474 1155 1716 1224 quamvis
1758 1156 1867 1219 jam
1909 1167 2124 1228 propter

524 1237 796 1309 justitiam
820 1242 927 1298 vita
953 1245 1022 1298 sit
1047 1244 1284 1315 spiritus.
1309 1246 1414 1301 Sed
1440 1248 1729 1315 viviﬁcabit,
1761 1248 1952 1319 inquit,
1979 1250 2121 1305 Deus

525 1342 584 1388 et
608 1336 848 1390 mortalia
886 1353 1102 1409 corpora
1127 1348 1312 1393 vestra.
1340 1339 1469 1408 Quis
1494 1339 1785 1396 oblatraret
1817 1340 1942 1398 huic
1979 1344 2122 1398 veri-

781 1447 938 1499 codex
987 1456 1113 1501 Port.
1159 1452 1362 1514 repetit,
1401 1450 1487 1515 qui
1526 1425 2050 1508 suscitavit'christtan
2090 1470 2124 1506 a

508 1635 509 1640 η
785 1604 803 1632 ι
815 1579 1034 1637 ρωριεν·

1234 386 1482 446 OPERlS
1520 390 1935 449 IMPERFECTI
1972 391 2250 450 CONTRA
2278 391 2642 463 JULIANUM,
2681 395 2740 452 S.
2779 391 3152 456 AUGUSTI!“

3692 402 3836 463 1452

2247 509 2373 576 tati,
2405 509 2511 565 nisi
2539 510 2716 567 rabies
2739 511 3006 577 vanitatis,
3035 528 3156 585 quae
3179 527 3240 572 se
3258 515 3427 587 jactat
3447 517 3578 574 nulli
3600 521 3826 590 Opinioni

2243 610 2393 672 atque
2419 601 2702 657 adulationi
2731 605 3018 660 auscultare
3060 607 3114 660 in
3141 609 3396 662 maculam
3422 612 3674 681 tequitatis
3703 613 3824 669 dici-

2241 709 2362 758 na';
2403 709 2524 749 cum
2568 696 2746 766 potius
2770 699 3073 769 aequitatem
3101 700 3333 756 divinam
3364 720 3561 775 negare
3585 717 3823 778 cogatur.

2239 786 2478 856 quisquis
2506 786 2759 860 deceptus
2806 790 2964 846 fuerit
2991 807 3022 846 a
3057 792 3252 850 vobis?
3278 794 3541 864 Quoniam
3587 807 3668 854 tot
3707 800 3827 858 vitia

2238 881 2325 936 vel
2349 896 2658 953 corporum,
2682 887 2767 941 vel
2793 887 3148 958 ingeniorum,
3179 905 3298 946 cum
3322 893 3517 963 quibus
3542 904 3826 951 nascuntur

2238 973 2504 1042 homines,
2533 978 2577 1032 si
2600 979 2796 1035 nullius
2819 982 3019 1051 peccati
3045 983 3298 1040 dicuntur
3319 985 3531 1042 trahere
3551 987 3823 1057 meritum,

2237 1067 2424 1136 procul
2449 1067 2611 1125 dubio
2642 1071 2734 1127 Dei
2774 1075 3218 1145 negaturjustum
3259 1093 3379 1134 esse
3403 1079 3689 1150 judicium.
3729 1081 3824 1136 lla-

2235 1176 2358 1232 que,
2387 1177 2508 1218 cum
2538 1165 2791 1220 voluntati
2821 1180 3035 1237 peccata
3066 1170 3142 1224 sic
3164 1171 3457 1243 imputatis,
3487 1182 3547 1228 ut
3566 1174 3820 1230 voluntati

2233 1253 2392 1325 primi
2423 1255 2655 1310 hominis
2695 1257 2953 1328 originale
2981 1271 3259 1330 peccatum
3304 1264 3569 1334 imputare
3611 1264 3817 1334 nolitis,

2237 1348 2415 1402 omnia
2447 1349 2583 1403 mala
2610 1365 2728 1420 qua:
2753 1351 2970 1408 trahunt
3009 1355 3093 1408 vel
3120 1355 3396 1426 patiuntur
3422 1355 3657 1420 infantes
3678 1399 3694 1424 ,
3720 1357 3818 1413 iui-

2231 1454 2335 1512 quo
2379 1439 2473 1494 Dei
2511 1440 2750 1510 judicio,
2783 1459 2877 1500 eos
2917 1446 3006 1516 qui
3055 1445 3206 1502 vobis
3253 1447 3516 1527 credunt,
3560 1448 3816 1520 imputare

2224 1531 2569 1601 compellitis.

524 1671 3801 1718 ..Ἦ

1621 1760 2095 1868 LIBER
2180 1764 2280 1892 Q
2305 1761 2910 1877 UINTU'S.
3225 1813 3258 1832 '

587 1946 840 1997 Conﬁrmat
861 1950 1170 2011 Augustinus,
1197 1955 1250 1999 et
1270 1962 1299 1999 a
1313 1948 1486 2022 Juliani
1509 1948 1760 2023 calumniis
1781 1949 1990 2030 vindicat
2014 1963 2072 2023 ea
2095 1964 2126 2060 (ἶ

587 2011 715 2059 eimo
739 2018 791 2059 et
808 2010 1097 2060 quibusdam
1118 2013 1438 2060 sequentibus
1473 2020 1681 2060 scrmsnt.
1707 2027 1756 2060 in
1793 2026 1958 2060 nrums
1993 2013 2104 2060 vide

520 2009 715 2074 decimo
739 2018 791 2059 et
808 2009 1097 2074 quibusdam
1118 2013 1438 2074 sequentibus
1473 2013 1681 2074 scripsit,
1707 2015 1756 2061 in
1793 2014 1958 2074 primis
1993 2013 2104 2062 vide

2131 1951 2277 2025 uteie
2298 1949 2424 2025 libro
2443 1953 2660 2003 secundo
2677 1954 2742 2025 de
2776 1957 2960 2025 nuptiis
2990 1965 3043 2025 et
3077 1962 3489 2025 Concupiscentia,

2127 2013 2374 2089 ieetquod
2413 2026 2522 2063 eam
2544 2013 2950 2089 commixtionem
2975 2022 3091 2089 _sive
3130 2013 3502 2089 commotionem
3524 2013 3810 2089 *bBHéuEm

3514 1966 3679 2028 capite
3698 1965 3812 2019 duo~

519 2071 853 2120 membrorum
876 2085 974 2120 non
995 2071 1209 2122 haberet
1231 2081 1400 2122 natura
1423 2071 1726 2137 sana,'quam
1749 2071 1898 2123 habet
1923 2083 2093 2124 natura
2115 2071 2288 2146 vitiata
2307 2089 2334 2147 ε.
2355 2088 2411 2125 ac
2434 2089 2522 2136 per
2544 2076 2636 2127 hoc
2655 2079 2786 2152 quod
2808 2081 3088 2152 isquiinde
3111 2071 3808 2152 ιιαεολιξιξῇἧᾶξθίῖιίῗὲἦ

521 2132 705 2152 ηιμ,
733 2134 855 2152 ___-.
977 2135 1203 2152 --_...L___
1233 2136 1283 2152 ..
1328 2135 1389 2152 οη
1431 2135 1490 2152 οη
2033 2151 2057 2152 η
2093 2149 2107 2152 ,
2157 2137 2272 2152 η.-.
2306 2150 2314 2152 ξ
2343 2149 2360 2152 λ.
2598 2146 2607 2152 .

519 2132 717 2226 Deinde.
726 2134 856 2206 quod
880 2135 947 2182 ibi
970 2135 1407 2226 capit‘ibusulfhﬁo,
1431 2135 1514 2226 26ἦ
1524 2132 1800 2226 ξοίιιθιιάἱι,
1818 2135 2064 2226 inhenum
2088 2137 2364 2226 apostolicis
2384 2132 2575 2188 duobus
2588 2132 2902 2226 tt‘esiilmoniis,

520 2202 698 2226 tanton
725 2207 866 2226 ιαηιιη
893 2208 1081 2226 nronna
1102 2210 1172 2226 ann
1238 2211 1262 2226 σι
1323 2212 1336 2226 1
1380 2214 1441 2226 ιη·
1597 2212 1684 2226 Dn“
1712 2213 1776 2226 νει
1861 2215 1879 2226 κ
1925 2211 2181 2226 ιιηηιιιισιηπη
2206 2210 2231 2226 α
2268 2212 2407 2226 “cum
2434 2213 2545 2226 noon
2625 2216 2700 2226 nun.
2745 2216 2842 2226 An...
2873 2217 2898 2226 Α
2923 2219 3078 2226 ---_-_-

519 2196 867 2274 semenyaquc
893 2196 1175 2274 evangelica
1189 2198 1356 2274 μδιηι.
1380 2214 1461 2257 vu,
1496 2199 1586 2274 17ζ
1596 2212 1688 2274 seu
1712 2196 1794 2258 xu,
1818 2199 1897 2274 53.,
1915 2196 2183 2274 perperam
2204 2198 2409 2274 abusum
2434 2213 2563 2250 esse.
2588 2203 2720 2260 Quod
2742 2196 2900 2274 capite
2923 2196 3807 2274 vigesimo

517 2267 613 2304 seu
637 2256 935 2307 voluntatem
960 2256 1142 2338 malam)
1154 2259 1268 2332 ideo
1291 2272 1532 2338 exJopere
1555 2256 2329 2338 Dei‘hono‘oriri:potui-ssetquia
2343 2261 2507 2338 ipsum
2520 2256 2812 2338 quanquam.
2833 2256 3029 2338 bonum,
3051 2256 3129 2320 de
3141 2256 3292 2338 nihilo
3313 2272 3489 2338 factum
3513 2256 3609 2338 es;

3637 2291 3733 2328 non
3753 2279 3806 2329 de

517 2321 638 2368 Deo.
665 2326 728 2369 Ac
749 2327 994 2382 postremo
1014 2320 1144 2383 quod
1167 2323 1324 2384 capite
1346 2320 1536 2372 decimo
1556 2324 1764 2385 septimo
1785 2320 1965 2382 docuit,
1987 2323 2059 2371 sic
2078 2320 2425 2374 Deum—creare
2442 2320 2613 2388 malos,
2637 2320 2880 2390 quomodo
2901 2320 3055 2393 pascit
3071 2339 3126 2384 et
3145 2320 3299 2386 nutrit
3317 2320 3487 2388 tibia;

1878 2427 2446 2507 ψ

591 2547 632 2600 l.
662 2547 932 2603 Juusuus.
979 2546 1324 2620 Compertum
1371 2558 1454 2604 est
1494 2549 1669 2604 onmis
1707 2549 1805 2604 aevi
1856 2548 2109 2619 periculis

514 2637 656 2707 apud
688 2653 883 2708 paucos
903 2639 1194 2711 incorrupti
1211 2642 1561 2696 reverentiam
1586 2641 1764 2711 vigere
1784 2640 1987 2711 judicii,
2017 2639 2108 2711 qui

512 2742 571 2785 et
593 2731 828 2787 scientia:
857 2732 1046 2788 studiis
1075 2731 1263 2802 dediti,
1293 2745 1347 2790 et
1372 2734 1628 2788 virtutum
1659 2743 1994 2804 appetentes,
2023 2733 2106 2789 vel

513 2814 741 2893 possunt
766 2824 1016 2894 indagare
1044 2842 1251 2892 verum,
1282 2827 1367 2882 vel
1396 2838 1666 2897 repertum
1710 2827 1906 2882 audent
1937 2829 2102 2894 tueri;

510 2925 625 2982 aut,
656 2917 792 2970 sicut
838 2919 912 2971 ait
938 2918 1244 2988 Apostolus,
1273 2920 1566 2973 exercitatos
1605 2919 1786 2973 habent
1809 2936 2005 2985 sensus,
2038 2920 2106 2972 ad

510 3008 865 3061 discretionem
891 3008 1008 3062 boni
1032 3011 1253 3081 malique
1279 3009 1461 3081 (Ilebr.
1495 3027 1547 3075 v,
1573 3010 1698 3083 M);
1729 3027 1828 3066 nec
1849 3012 1969 3067 ullis
2005 3013 2104 3067 ad-

508 3110 788 3156 Versorum
819 3100 1136 3174 franguntur
1163 3105 1430 3174 procellis,
1460 3105 1551 3175 qui
1572 3105 1638 3160 de
1665 3105 1854 3160 eodem
1882 3105 2104 3160 audiunt

505 3204 858 3265 praeceptore,
903 3211 1070 3266 usque
1117 3196 1182 3251 ad
1222 3198 1531 3269 sanguinem
1585 3199 1937 3255 resistendum
1983 3213 2103 3254 esse

506 3289 743 3356 peccatis
778 3286 887 3360 (Id.
919 3291 1147 3361 3:11,“).
1178 3290 1243 3345 Hi
1269 3306 1396 3362 ergo
1427 3292 1733 3362 prudentes,
1766 3308 1901 3363 quos
1947 3293 2099 3348 stoli-

507 3378 701 3434 dorum
728 3382 907 3450 pepuli
939 3381 1137 3438 faciunt
1165 3399 1361 3453 paucos
1397 3384 1588 3451 videri,
1613 3385 1849 3440 scientizn
1877 3394 1931 3440 et
1953 3385 2102 3441 forti—

505 3469 679 3524 tudini
725 3469 882 3540 juxta
931 3487 1152 3541 prorsus
1197 3475 1430 3530 student.
1477 3475 1674 3531 Neutra
1714 3477 1854 3531 enim
1900 3476 2102 3548 absque

505 3562 673 3617 altera
719 3573 808 3618 aut
851 3563 1079 3621 fructum
1123 3569 1447 3638 assequitur,
1498 3579 1590 3626 aut
1620 3569 1877 3626 honorem
1922 3586 2100 3642 :quo-

505 3656 650 3710 niam
681 3667 736 3711 et
773 3657 1030 3713 fortitudo
1061 3660 1160 3715 nisi
1192 3662 1407 3731 optimis
1451 3677 1547 3732 per
1579 3663 1855 3718 scientiam
1883 3663 2096 3719 admota

505 3747 668 3803 rebus
697 3758 798 3813 est,
850 3751 900 3804 in
959 3751 1336 3822 despicabilem
1382 3755 1615 3825 erumpit
1642 3755 1938 3822 insaniam;
1985 3765 2038 3810 ct
2066 3772 2097 3812 e

503 3841 726 3909 regione
744 3843 1060 3898 exaininatae
1084 3844 1304 3915 justitire
1337 3847 1353 3878 ¹
1383 3847 1548 3919 leges,
1569 3847 1669 3902 nisi
1689 3848 2098 3918 magnanimita-

502 3932 573 3984 tis
603 3947 786 3986 murus
818 3935 1111 4001 incluserit,
1143 3937 1337 4005 praedae
1385 3938 1665 3993 confestim
1709 3940 1983 4008 patebunt,
2035 3954 2099 3994 ac

503 4023 761 4077 servitum
792 4025 1104 4081 criminibus
1125 4028 1474 4084 abducentur.
1508 4030 1615 4085 Has
1643 4047 1770 4101 ergo
1789 4031 1958 4101 bigas,
1979 4031 2097 4086 sine

505 4115 700 4184 quibus
725 4116 1039 4186 triumphari
1089 4120 1156 4175 de
1185 4122 1368 4176 mundi
1397 4123 1667 4178 erroribus
1697 4125 1967 4195 nequitur.
2010 4125 2095 4179 di-

502 4207 675 4259 versis
697 4208 938 4262 :etatibus
971 4211 1226 4266 rarissimi
1248 4213 1463 4283 quique,
1489 4215 1578 4284 qui
1600 4216 1842 4271 colerent
1871 4228 1924 4272 et
1945 4219 2098 4288 jugao

500 4304 626 4350 rent
653 4307 811 4367 atque
841 4310 1128 4371 regerent,
1163 4304 1484 4359 exstiterunt
1512 4323 1524 4359 :
1553 4307 1803 4376 quoniam
1836 4317 1889 4363 et
1932 4312 2097 4365 scicn.

500 4387 590 4441 tiae
636 4388 866 4443 studium
921 4400 1026 4444 tam
1094 4390 1216 4462 fuga
1285 4394 1483 4450 laboris
1552 4411 1708 4467 quam
1760 4402 2093 4456 saecularium

501 4495 752 4536 curarum
783 4481 1068 4538 diversitas
1086 4484 1330 4554 impedit,
1365 4496 1419 4542 et
1442 4491 1795 4546 constantiam
1823 4508 2091 4548 aerumna-

497 4587 644 4638 rum,
671 4588 790 4642 quae
814 4574 882 4628 ab
913 4575 1168 4645 improbis
1195 4578 1515 4647 excitantur,
1549 4581 1778 4639 formido
1824 4587 2086 4656 percellit.

501 4661 634 4729 Quae
675 4667 1128 4734 oppugnationum
1157 4684 1351 4740 genera
1399 4673 1620 4729 vincunt
1645 4676 1860 4746 quidem
1904 4679 2090 4737 fideles

499 4752 663 4807 animi
691 4764 743 4808 et
768 4758 1035 4826 sapientes
1068 4777 1081 4812 :
1115 4777 1300 4816 verum
1332 4771 1436 4817 tam
1462 4767 1568 4820 rari
1598 4779 1740 4834 sunt,
1767 4780 1825 4825 ut
1844 4770 1983 4827 inter
2010 4773 2090 4828 in-

505 4860 759 4901 sanorum
820 4853 1076 4920 populns,
1126 4855 1248 4925 quia
1301 4872 1407 4911 non
1448 4857 1681 4929 feriunt,
1725 4862 1959 4920 insanire
2009 4867 2088 4921 vi-

501 4939 745 4995 deantur.

574 5033 925 5090 Auens'nuus.
960 5035 1146 5093 Nonne
1175 5047 1228 5094 te
1255 5040 1506 5098 admonet
1537 5047 1728 5104 raritas
1757 5049 1858 5106 ista
1905 5052 2080 5109 homi-

499 5141 649 5188 num,
681 5141 837 5196 quam
864 5137 915 5180 tu
947 5129 1060 5198 ipse
1085 5145 1495 5201 commemoras,
1525 5137 1578 5192 in
1603 5141 1794 5210 quibus
1823 5154 1878 5200 et
1906 5147 2083 5204 scien-

501 5219 573 5273 tia
602 5229 657 5274 et
692 5219 942 5277 fortitudo
967 5231 1050 5278 est
1077 5225 1119 5291 ³,
1148 5225 1274 5296 quid
1296 5227 1361 5282 de
1390 5229 1623 5288 lmmano
1653 5251 1848 5305 genere
1884 5243 2084 5299 sentire

496 5311 718 5375 debeas,
752 5322 805 5368 et
835 5313 900 5368 de
917 5315 1161 5372 universa
1179 5319 1277 5373 ista
1309 5336 1481 5376 massa
1511 5326 1902 5387 rationabilium
1941 5350 2086 5390 mor-

495 5403 790 5474 taliumque
837 5406 1226 5462 animantium?
1269 5410 1374 5466 Cur
1409 5415 1549 5469 enim
1595 5433 1698 5472 non
1742 5437 1912 5491 genus
1939 5442 2083 5482 moro

496 5494 680 5548 talium
709 5494 774 5549 ad
801 5496 1033 5551 studium
1057 5500 1296 5556 scientia:
1317 5503 1583 5576 roburque
1611 5508 1954 5579 fortitudinis,
1990 5534 2082 5573 na-

501 5585 658 5641 turali
687 5589 945 5658 anpetitn,
975 5591 1059 5647 vel
1088 5592 1415 5662 universum,
1449 5599 1529 5653 vel
1560 5610 1704 5658 certe
1760 5622 1822 5659 ex
1853 5613 2080 5667 maxima

554 5785 578 5863 ;
604 5783 966 5863 EE",
993 5800 1058 5863 οξ
1096 5796 1184 5839 Mss
1201 5790 1488 5863 addidimus.

604 5843 688 5895 Sto
706 5843 813 5896 Mss.
848 5843 965 5902 Editi
983 5859 1165 5912 autem,
1191 5853 1412 5915 formido.

2233 2558 2386 2618 parte
2411 2553 2710 2623 consurgit,
2740 2563 2797 2610 ut
2822 2556 3124 2615 rarissimas
3166 2576 3407 2632 quosque
3436 2566 3614 2634 potius
3645 2567 3798 2625 mire-

2221 2658 2342 2698 mur
2364 2686 2379 2709 ,
2425 2645 2493 2701 ab
2518 2661 2583 2701 eo
2637 2648 2775 2718 quod
2808 2653 3011 2721 appetit
3056 2665 3262 2712 natura:
3303 2657 3568 2714 institutio
3595 2659 3801 2719 deviare

2217 2742 2376 2804 atque
2403 2735 2736 2794 desciscere?
2763 2739 2872 2795 Cur
2898 2742 2950 2797 in
2983 2744 3244 2814 profunda
3273 2748 3552 2819 imperitia:
3577 2767 3643 2807 ac
3671 2754 3798 2809 mol-

2216 2823 2497 2881 litudinem
2549 2828 2790 2899 ignaviae,
2835 2834 2987 2903 quasi
3037 2850 3134 2905 per
3183 2840 3460 2908 proclivia,
3492 2844 3678 2900 nescio
3705 2861 3800 2917 quo

2214 2915 2358 2971 velut
2381 2932 2545 2973 onere
2571 2932 2797 2990 urgente
2827 2923 3137 2982 delabitur?
3169 2928 3370 3001 Fugam
3421 2933 3623 2990 laboris
3664 2915 3798 2993 certe

2213 3006 2346 3062 dicis
2363 3025 2482 3066 esse
2503 3026 2748 3087 causam,
2781 3031 2883 3086 qua
2909 3018 2966 3072 fit
3010 3028 3067 3074 ut
3105 3023 3351 3079 nesciant
3393 3025 3644 3084 homines
3687 3047 3796 3100 qua:

2211 3101 2349 3156 scire
2387 3102 2683 3160 debuerunt
2711 3123 2726 3159 :
2755 3109 2848 3163 sed
2879 3111 3070 3167 vellem
3113 3114 3321 3172 diceres
3351 3119 3476 3187 quid
3512 3116 3691 3178 causa:
3714 3124 3793 3189 sit,

2210 3201 2270 3247 ut
2296 3193 2496 3250 homini
2515 3205 2621 3250 tam
2645 3199 2780 3254 bene
2807 3203 3119 3259 naturaliter
3148 3206 3388 3264 instituto
3414 3209 3568 3265 utilia
3599 3224 3794 3270 naturae

2209 3294 2370 3356 atque
2401 3287 2632 3342 salubria
2664 3291 2732 3344 sit
2761 3291 3235 3352 laboriosissimum
3264 3299 3496 3368 discere,
3539 3313 3704 3376 atque
3731 3307 3794 3362 ita

2208 3378 2446 3435 laborem
2470 3380 2698 3453 fugiens,
2723 3385 2775 3438 in
2805 3388 3038 3444 tenebris
3066 3391 3377 3462 ignorantia:
3402 3396 3717 3456 familiarius
3741 3403 3794 3457 li-

2207 3469 2528 3543 bentiusque
2552 3477 2872 3546 requiescat.
2913 3479 3115 3552 Nempe
3146 3493 3290 3540 tanta
3335 3489 3530 3544 raritas
3558 3491 3790 3562 ingenio-

2207 3575 2392 3615 sorum
2433 3572 2489 3618 et
2521 3565 2902 3634 studiosorum,
2935 3587 3027 3640 per
3070 3588 3189 3642 qua:
3215 3575 3323 3631 duo
3348 3577 3415 3631 ad
3445 3579 3788 3639 humanarum

2205 3651 2613 3726 divinarumque
2666 3673 2844 3712 rerum
2876 3662 3153 3718 scientiam
3182 3670 3517 3738 pervenitur,
3551 3681 3608 3727 et
3657 3681 3785 3729 tanta

2205 3745 2490 3803 multitudo
2521 3749 2792 3806 tardorum
2821 3763 2876 3809 et
2899 3753 3316 3828 desidiosorum,
3353 3764 3485 3819 satis
3515 3765 3710 3822 indicat
3737 3768 3784 3824 in

2203 3851 2361 3906 quam
2392 3846 2596 3908 partem
2625 3857 2720 3895 suo
2752 3853 2999 3916 tanquam
3048 3851 3284 3919 pondere
3314 3854 3516 3910 feratur
3543 3857 3659 3928 ipsa
3695 3875 3783 3914 na-

2205 3935 2342 3992 tura,
2374 3946 2531 4000 quam
2577 3937 2778 4003 negatis
2827 3953 2948 3995 esse
2974 3941 3237 3999 vitiatam.
3285 3945 3472 4018 Neque
3497 3953 3780 4009 secundum

2203 4019 2548 4078 Christianam
2585 4027 2828 4096 cogitatis
2861 4030 3042 4100 ﬁdem,
3092 4035 3267 4105 qualis
3295 4039 3363 4093 sit
3391 4043 3565 4098 factus
3600 4044 3777 4113 Adam,

2203 4113 2291 4181 qui
2322 4113 2580 4171 universis
2617 4121 2905 4188 generibus
2951 4125 3250 4184 animarum
3295 4131 3533 4188 vivarum
3577 4138 3777 4192 nomina

2203 4204 2456 4273 imposuit
2500 4207 2651 4278 (Gen.
2683 4228 2738 4276 ιι,
2792 4213 2884 4285 t9)
2915 4233 2927 4269 :
2957 4218 3100 4287 quod
3129 4222 3597 4282 excellentissima:
3626 4227 3780 4285 fuisse

2202 4295 2454 4352 indicium
2485 4300 2772 4370 sapientim,
2805 4305 2855 4359 in
2902 4309 3250 4368 sazcularibus
3278 4315 3440 4370 etiam
3473 4317 3664 4375 litteris
3711 4320 3779 4375 le-

2198 4386 2389 4456 gimus.
2428 4389 2558 4445 Nam
2593 4393 2704 4462 ipse
2739 4395 3086 4469 Pythagoras,
3115 4416 3145 4455 a
3170 4418 3275 4473 quo
3299 4406 3654 4479 philosophia:
3687 4425 3778 4465 no--

2198 4495 2321 4535 men
2365 4492 2606 4539 exortum
2639 4496 2749 4549 est,
2781 4489 2982 4546 dixisse
3021 4490 3192 4549 fertur
3215 4537 3230 4564 ,
3281 4497 3434 4553 illum
3465 4499 3632 4558 fuisse
3675 4518 3777 4558 out-

2198 4570 2344 4626 nium
2375 4576 2844 4644 sapientissimum,
2862 4583 2952 4652 qui
2979 4586 3233 4642 vocabula
3260 4589 3464 4658 primus
3494 4593 3685 4651 indidit
3703 4611 3780 4652 re

2197 4662 2315 4718 bus.
2354 4665 2549 4722 Verum
2601 4671 2699 4724 etsi
2745 4671 2874 4727 nihil
2917 4675 3020 4730 tale
3062 4676 3130 4733 de
3173 4679 3344 4735 Adam
3389 4682 3774 4754 didicissemus,

2196 4765 2437 4812 nostrum
2478 4769 2593 4815 erat
2631 4763 2810 4832 utique
2834 4781 2959 4820 vera
2990 4769 3197 4825 ratione
3222 4771 3512 4843 conjicere,
3542 4779 3712 4848 qualis
3730 4780 3776 4838 in

2195 4849 2284 4903 illo
2311 4851 2526 4908 homine
2568 4865 2757 4911 natura
2784 4859 2853 4913 sit
2871 4861 3104 4929 condita,
3135 4864 3189 4918 in
3213 4881 3319 4936 quo
3349 4866 3541 4925 vitium
3566 4875 3776 4929 omnino

2193 4942 2394 4997 nullum
2427 4944 2542 5000 fuit.
2563 4946 2691 5015 Quis
2717 4959 2892 5006 autem
2913 4969 3082 5025 usque
3104 4957 3237 5013 adeo
3261 4960 3329 5015 sit
3351 4963 3539 5019 tardus
3553 4966 3775 5038 ingenio,

2192 5043 2251 5089 ut
2270 5036 2335 5090 ad
2365 5049 2608 5093 naturam
2638 5053 2792 5113 neget
2817 5046 3042 5102 obtunsa
3065 5050 3149 5104 vel
3188 5062 3340 5108 acuta
3369 5055 3586 5126 ingenia
3619 5036 3776 5130 perti-

2190 5142 2341 5195 nere,
2375 5138 2465 5184 aut
2485 5133 2752 5190 existimet
2774 5153 2877 5192 non
2901 5153 3021 5195 esse
3045 5143 3207 5198 animi
3234 5147 3359 5202 vitia
3386 5150 3471 5204 vel
3509 5157 3776 5211 memoriae

2191 5219 2272 5273 vel
2305 5219 3024 5296 intelligentia:tarditatem?
3061 5233 3126 5288 Et
3155 5237 3274 5305 quis
3302 5237 3514 5298 dubitet
3537 5245 3776 5302 christia-

2191 5325 2310 5377 nus,
2343 5327 2436 5366 eos
2483 5316 2570 5384 qui
2626 5317 2676 5371 in
2715 5317 2816 5375 hoc
2873 5324 3072 5379 saeculo
3113 5329 3388 5386 erroribus
3419 5339 3774 5409 aerumnisque

2189 5403 2531 5475 plenissimo,
2563 5410 2975 5482 ingeniosissimi
3014 5432 3304 5492 apparent,
3337 5443 3570 5498 quorum
3603 5445 3770 5490 tamen

2189 5501 2549 5569 corruptibilia
2603 5520 2824 5576 corpora
2851 5523 3137 5582 aggravant
3170 5518 3397 5587 animas,
3429 5523 3476 5576 si
3509 5525 3654 5580 illius
3696 5529 3770 5582 in-

2187 5590 2344 5659 genio
2372 5605 2766 5664 comparentur,
2800 5601 2998 5658 distare
3024 5605 3181 5678 longe
3208 5612 3435 5681 amplius
3459 5632 3619 5685 quam
3642 5621 3758 5675 eele

2185 5681 2341 5738 ritate
2372 5699 2403 5739 a
2429 5688 2733 5745 volucribus
2764 5696 3059 5753 testudines
3101 5701 3342 5759 distant?
3372 5681 3608 5779 Ingeniis
3651 5728 3768 5784 ergo

2185 5783 2293 5830 tam
2343 5781 2727 5839 excellentibus
2770 5790 2997 5855 paradisi
3052 5791 3280 5852 felicitas
3319 5799 3674 5873 impleretur,
3711 5781 3766 5862 tsi

2186 5883 2342 5924 nemo
2389 5886 2700 5941 peccasset:
2733 5881 2866 5938 tales
2909 5884 3106 5957 quippe
3158 5889 3298 5946 Deus
3345 5892 3414 5951 de
3456 5899 3755 5966 parentibus
