3990 6466
247 425 379 483 “53

240 541 404 595 fuerat
422 546 724 604 creaturas,
754 535 966 608 qualem
996 533 1148 592 illum
1183 534 1302 590 sine
1343 533 1650 605 parentibus
1671 550 1820 591 crea-

241 639 398 698 verat,
429 630 617 701 utique
633 629 701 684 ad
721 630 1004 700 imaginem
1031 643 1203 684 suam.
1226 626 1473 682 Nondum
1489 627 1631 682 enim
1657 627 1818 682 homo

239 723 451 779 vanitati
476 722 671 778 similis
697 721 867 778 factus
887 731 1020 787 erat,
1065 731 1125 776 ut
1161 719 1279 776 dies
1307 719 1424 790 ejus
1468 719 1604 774 sicut
1630 718 1818 774 umbra

243 819 291 873 in
329 817 432 872 hoc
479 816 679 872 sacculo
723 829 1024 870 acrumnoso
1061 813 1398 885 praeterirent
1433 810 1604 886 (Paul.
1635 826 1816 880 chtn,

235 908 305 978 4).
323 906 476 974 Quod
506 907 551 961 si
582 906 654 961 ita
674 914 836 968 esset,
863 903 1117 975 numquid
1137 904 1236 958 ista
1264 911 1350 957 tua
1393 902 1608 973 querela
1640 901 1808 956 ullum

237 999 454 1054 haberet
482 998 694 1054 locum?
713 998 978 1070 Numquid
999 997 1262 1052 assecutio
1287 996 1524 1052 scientiae
1555 995 1817 1050 laboriosa

234 1101 388 1156 esset,
419 1099 479 1145 ut
505 1089 628 1162 fuga
667 1089 863 1145 laboris
879 1089 1108 1160 imperiti
1135 1104 1255 1145 esse
1277 1087 1523 1143 homines
1550 1088 1770 1143 mallent
1795 1087 1818 1142 ἳ

231 1163 496 1252 Numquid
545 1182 660 1252 ipsa
693 1180 1002 1238 fortitudine
1021 1223 1035 1246 ,
1065 1197 1228 1251 quam
1253 1195 1438 1236 verum
1465 1180 1601 1236 dicis
1629 1182 1718 1236 vix
1762 1181 1816 1236 in

231 1273 566 1345 paucissimis
595 1274 842 1339 inveniri,
875 1289 1010 1344 opus
1040 1273 1376 1340 haberemus,
1407 1273 1494 1329 ubi
1516 1274 1657 1328 nulla
1675 1283 1820 1329 esset

229 1385 466 1426 aerumna
495 1385 654 1441 quam
680 1369 996 1425 deberemus
1044 1383 1141 1439 pro
1169 1368 1392 1424 veritate
1421 1367 1626 1422 fortiter
1653 1368 1817 1423 susti-

229 1463 389 1518 nere?
419 1462 554 1520 Cum
575 1475 704 1532 ergo
731 1461 830 1516 ista
854 1461 906 1516 in
943 1461 1268 1516 contrarium
1296 1475 1448 1516 versa
1473 1460 1581 1516 sint
1613 1460 1813 1528 omnia,

229 1555 291 1611 ad
317 1555 423 1610 hoc
453 1565 699 1610 naturam
726 1561 967 1610 nostram
995 1568 1158 1624 negas
1193 1568 1312 1608 esse
1340 1553 1600 1617 vitiatam,
1643 1561 1720 1619 ut,
1766 1562 1817 1609 te

226 1650 534 1720 adjuvante,
585 1647 909 1703 Manichzeus
937 1645 1280 1701 commixtam
1310 1645 1464 1700 nobis
1508 1644 1817 1700 introducat

226 1743 488 1807 alienam;
520 1756 584 1797 ac
603 1742 681 1797 sic
703 1739 830 1796 dum
856 1749 1192 1811 oppugnator
1218 1738 1335 1809 ejus
1356 1738 1570 1811 prosilis
1599 1738 1816 1810 imperi-

226 1843 329 1903 tus,
359 1837 422 1890 lis
451 1834 736 1890 auxiliator
759 1833 991 1905 ignarus.

295 1929 362 1983 ll.
402 1927 525 1984 Jun.
558 1927 807 1984 Ostendit
829 1926 932 1982 hoc
955 1925 1116 1981 etiam
1150 1925 1290 1981 liber
1321 1925 1432 1992 ille,
1476 1925 1565 1996 qui
1590 1924 1813 1996 Sapien-

226 2024 292 2078 tia
323 2022 544 2088 dicitur,
575 2037 696 2076 cum
726 2021 884 2076 verba
914 2019 1217 2090 exprimens
1245 2019 1550 2089 impiorum,
1578 2019 1667 2089 qui
1695 2027 1809 2088 post

224 2115 465 2170 umbram
502 2112 847 2184 praesentium
894 2119 1092 2178 retecta
1141 2111 1416 2166 beatorum
1446 2111 1637 2165 merita
1685 2124 1785 2165 con

225 2218 480 2264 tuentur:
523 2205 727 2273 Vitam,
772 2205 972 2276 inquit,
1022 2203 1230 2258 illorum
1269 2204 1643 2258 (estintabantus
1671 2203 1812 2258 insa-

226 2317 358 2354 niam
378 2317 398 2364 ;
428 2309 473 2353 et
498 2298 748 2370 quomodo
771 2297 990 2368 repulati
1013 2305 1129 2350 sunt
1168 2296 1300 2349 inter
1342 2295 1475 2363 ﬁlios
1519 2293 1615 2348 Dei
1655 2293 1810 2366 (Sap.

223 2405 268 2457 v,
303 2392 358 2455 ὁ,
386 2390 486 2460 5)?
515 2389 641 2443 Inde
679 2397 924 2458 estergo,
959 2385 1099 2457 quod
1149 2384 1382 2441 fidelium
1419 2385 1811 2456 perseverantia

223 2490 523 2552 temporum
569 2479 935 2551 iniquitatibus
969 2486 1275 2544 contumax,
1317 2487 1372 2533 et
1411 2477 1613 2547 eligens
1648 2476 1811 2549 afﬂigi

223 2589 341 2630 cum
370 2573 570 2644 populo
601 2572 695 2628 Dei
721 2571 889 2643 magis
909 2613 922 2636 ,
947 2585 1106 2642 quam
1135 2569 1442 2640 temporalis
1483 2569 1689 2639 peccati
1721 2570 1813 2624 ha-

225 2667 350 2722 bere
370 2664 765 2738 jucunditatem
792 2662 975 2733 (Hebr.
1003 2679 1081 2730 xu,
1105 2661 1224 2731 25),
1271 2661 1337 2716 ab
1365 2661 1448 2730 his
1486 2661 1576 2731 qui
1605 2659 1808 2729 dicunt,

228 2759 600 2814 Manducemus
626 2767 672 2810 et
699 2755 927 2810 bibamus
947 2795 962 2819 ,
992 2770 1104 2808 cras
1146 2754 1279 2806 enim
1328 2753 1597 2806 moriemur
1628 2751 1671 2822 (Ι
1693 2751 1806 2807 Cor.

223 2865 307 2917 xv,
335 2849 450 2921 52),
484 2848 704 2902 nomine
753 2844 1057 2916 pertinacia:
1081 2854 1136 2899 et
1159 2843 1514 2898 contentionis
1540 2843 1806 2914 arguitur;

224 2941 460 3012 nihilque
517 2940 688 3010 magis
742 2946 956 3009 putatur
1000 2937 1169 2992 cautis
1217 2936 1502 2990 convenire
1549 2935 1807 3002 consiliis,

225 3048 375 3104 quam
405 3031 693 3103 degeneris
709 3029 871 3084 animi
901 3027 1212 3083 famulatum
1243 3042 1444 3093 emere,
1467 3027 1553 3082 vel
1594 3026 1808 3082 inﬁdam

223 3136 617 3182 momentorum
662 3124 918 3194 quietem.
975 3122 1048 3175 De
1096 3119 1195 3174 hac
1245 3119 1440 3190 quippe
1473 3119 1809 3190 potissimum

225 3218 536 3288 ignavorum
577 3223 850 3286 pectorum
905 3211 1108 3269 vilitate
1160 3214 1175 3244 ¹
1231 3209 1426 3266 factum
1473 3219 1584 3278 est,
1628 3219 1684 3265 ut
1717 3226 1812 3281 per

223 3310 584 3366 Ecclesiarum
608 3306 880 3377 naufragia
901 3322 1153 3376 spurcum
1179 3303 1590 3359 Manichaeorum
1617 3303 1811 3374 dogma

224 3402 468 3458 veliﬁcet.
500 3401 638 3468 Quia
680 3399 725 3454 si
765 3400 816 3453 in
856 3397 939 3454 his
979 3399 1067 3470 qui
1105 3396 1386 3453 sacerdotii
1423 3411 1644 3452 munere
1693 3397 1811 3450 fun-

225 3499 502 3568 gebantur,
541 3494 710 3550 libera
753 3493 986 3548 stetisset
1024 3501 1078 3547 et
1115 3491 1283 3546 virilis
1323 3489 1640 3557 auctoritas;
1676 3489 1811 3544 Tra-

223 3588 568 3644 ducianorum
597 3595 899 3641 commenta
943 3593 1000 3639 ut
1043 3585 1235 3639 invicta
1271 3584 1406 3638 ratio
1446 3582 1684 3652 proruit,
1739 3583 1810 3638 ita

224 3681 427 3750 publica
439 3678 1050 3734 contrivissetassensio.
1067 3675 1262 3730 Verum
1283 3689 1402 3729 cum
1418 3674 1548 3729 nihil
1563 3674 1630 3729 ab
1648 3674 1812 3729 homi-

227 3773 373 3826 nibus
394 3770 745 3842 prtesentium
771 3767 1093 3834 amantibus,
1118 3767 1376 3836 religione
1403 3765 1559 3819 vilius
1581 3765 1813 3820 aestima-

227 3871 328 3927 tur,
357 3863 486 3918 itum
517 3871 600 3916 est
626 3861 678 3914 in
697 3859 1096 3914 criminationes
1112 3858 1236 3924 Dei;
1266 3866 1325 3911 ut
1342 3857 1491 3911 nobis
1522 3856 1812 3912 necessitas

227 3953 548 4017 immineret,
580 3961 687 4006 tam
713 3951 882 4022 longis
895 3949 1340 4020 disputationibus
1363 3949 1526 4002 Deum
1545 3957 1808 4014 nostrum,

227 4053 309 4120 qui
339 4059 420 4103 cst
455 4049 598 4102 Deus
625 4059 803 4112 verus,
835 4044 1047 4100 ﬁdelem
1069 4044 1120 4098 in
1154 4042 1329 4097 verbis
1358 4042 1489 4108 suis,
1508 4041 1709 4112 justum
1757 4041 1811 4095 in

224 4140 448 4211 iudiciis,
475 4148 720 4194 sanctum
744 4138 798 4192 in
822 4137 1070 4208 Operibus
1100 4135 1396 4207 approbare
1436 4132 1610 4204 (Psal.
1631 4147 1809 4202 cxuv,

228 4233 309 4298 is,
341 4235 452 4303 η).

292 4327 425 4381 Auc.
452 4325 511 4381 Si
547 4323 722 4379 ﬁdelis
756 4330 840 4378 est
877 4322 1018 4376 Deus
1049 4321 1099 4374 in
1128 4320 1305 4376 verbis
1330 4321 1464 4387 suis,
1494 4334 1590 4374 cur
1610 4321 1656 4375 ei
1687 4334 1815 4374 con-

228 4417 480 4471 tradicitis
523 4414 745 4480 dicenti,
801 4412 1033 4466 Reddam
1090 4421 1294 4482 peccata
1334 4420 1534 4481 patrum
1574 4410 1627 4463 in
1681 4410 1814 4476 ﬁlios

226 4509 398 4580 (Deut.
425 4525 480 4574 v,
513 4507 596 4579 9),
621 4515 675 4562 et
703 4507 806 4560 hoc
848 4520 1034 4561 verum
1079 4518 1185 4558 non
1212 4518 1332 4557 esse
1356 4501 1714 4557 contenditis?
1756 4500 1812 4556 Si

223 4602 389 4671 justus
414 4610 498 4658 est
521 4601 574 4654 in
599 4597 831 4669 judiciis,
865 4613 962 4653 cur
989 4598 1092 4652 hoc
1117 4598 1286 4666 ipsum
1314 4595 1456 4666 quod
1483 4603 1696 4666 peccata
1717 4610 1812 4665 pa-

225 4705 358 4750 trum
384 4694 686 4750 redduntnr
709 4693 760 4747 in
783 4692 938 4756 ﬁlios,
963 4691 1166 4760 justum
1203 4703 1324 4744 esse
1361 4703 1469 4743 non
1525 4688 1712 4753 vultis;
1759 4694 1814 4744 et

224 4787 359 4857 quod
390 4787 484 4840 lilii
515 4784 688 4839 Adam
712 4799 743 4838 a
773 4782 858 4838 die
881 4782 1054 4837 exitus
1079 4780 1148 4836 de
1183 4789 1369 4836 ventre
1410 4779 1596 4833 matris
1621 4792 1805 4832 eorum

224 4881 363 4951 gravi
407 4880 539 4950 jugo
577 4888 930 4950 premuntur,
964 4875 1142 4930 dicere
1173 4875 1290 4928 sine
1337 4873 1494 4926 ullius
1537 4867 1810 4940 originalis

227 4973 424 5042 peccati
479 4971 672 5026 merito
716 4969 859 5035 ﬁeri,
886 4983 992 5022 non
1037 4965 1268 5022 timetis?
1315 4965 1368 5019 Si
1403 4972 1618 5021 sanctus
1649 4970 1730 5018 est
1757 4962 1810 5016 in

224 5063 494 5132 operibus,
510 5076 607 5115 cur
623 5057 1010 5114 immunditiam
1032 5056 1381 5118 nascentium,
1404 5070 1523 5124 qua:
1541 5053 1811 5108 hominem

226 5156 317 5210 Dei
342 5157 526 5210 dicere
544 5153 824 5222 compulit,
859 5167 964 5206 non
990 5166 1110 5206 esse
1147 5149 1400 5204 mundum
1431 5164 1461 5203 a
1505 5147 1663 5203 sorde
1692 5162 1814 5218 pec-

226 5250 466 5316 cati,nec
493 5248 751 5301 infantem
781 5246 930 5314 cujus
958 5243 1161 5298 estdiei
1192 5243 1347 5296 unius
1371 5241 1478 5295 vita
1503 5255 1666 5310 super
1700 5249 1812 5295 ter-

226 5356 337 5395 ram
367 5340 486 5411 (Job
510 5355 621 5404 xw,
653 5353 753 5392 sec.
782 5335 969 5407 LXX),
1000 5335 1066 5390 ab
1097 5335 1215 5405 ejus
1248 5343 1434 5390 sancto
1466 5332 1679 5404 opiﬁcio
1707 5349 1814 5403 quo

226 5447 464 5487 naturam
525 5430 742 5496 format,
772 5427 1014 5498 quamvis
1041 5426 1262 5498 originis
1289 5426 1606 5498 contagione
1637 5425 1812 5496 pollu-

231 5539 357 5594 tam,
383 5530 692 5583 discernere
721 5521 1013 5587 recusatis;
1055 5532 1214 5592 atque
1239 5523 1310 5577 ita
1341 5522 1464 5577 vitia
1493 5531 1548 5576 et
1575 5521 1815 5591 ingenio-

227 5635 344 5675 rum
366 5629 418 5674 et
446 5632 731 5686 corporum
751 5623 856 5668 tam
887 5614 1073 5680 multa,
1093 5625 1148 5669 et
1165 5613 1448 5684 aliquando
1471 5623 1573 5666 tam
1597 5629 1809 5683 magna,

226 5721 409 5770 sancto
453 5711 571 5780 ejus
607 5707 820 5777 opificio
862 5715 1050 5761 cuncta
1085 5705 1355 5761 tribuitis?
1382 5705 1510 5774 Quae
1561 5705 1808 5760 nolentes

228 5805 462 5859 tribuere
512 5798 846 5854 venientibus
896 5798 963 5853 de
1013 5809 1198 5852 natura
1266 5805 1483 5868 peccato
1527 5795 1814 5869 depravata

298 5920 315 5948 ι
346 5917 458 5967 editi
474 5950 490 5978 ,
514 5912 735 5966 utilitate.
755 5892 1052 5978 Castigantur
1071 5927 1135 5964 ex
1161 5921 1265 5964 Mss.

1365 6042 1390 6052 αι
1396 6043 1421 6057 -__.

1584 419 1793 480 unca
1827 421 2146 496 eamus.

3381 440 3521 500 “54

1924 537 2272 608 originalibns
2317 540 2560 611 meritis;
2611 545 2850 615 profecto
2890 548 3093 608 aditum
3116 550 3508 623 amplissimum

1925 633 1992 689 ad
2027 635 2251 691 alienam
2278 637 2404 692 mali
2453 647 2696 695 naturam
2736 641 3175 702 introducendam
3205 645 3515 706 Manichazis

1927 727 2343 784 exsecrabilibus
2395 731 2646 800 aperitis;
2713 749 2939 804 quorum
2998 735 3189 808 dogma
3243 739 3507 795 nefarium

1925 821 2076 890 quasi
2097 823 2358 877 accusatis
2384 823 2682 893 horrentes,
2699 843 2820 882 cum
2842 828 3106 899 adjuvetis
3134 842 3396 890 errantes.

1995 909 2080 965 Ill.
2109 912 2227 968 .lUL.
2261 913 2355 970 llis
2385 916 2453 970 ita
2491 919 2714 988 negotiis
2747 919 3002 975 librorum
3031 937 3269 979 meorum
3289 940 3505 996 cperam

1925 1000 2264 1070 destinatam,
2295 1007 2420 1061 mali
2442 1010 2698 1066 naturalis
2713 1024 2951 1070 assertor
2975 1025 3245 1086 oppugnat
3274 1019 3504 1090 :quibus

1925 1109 2054 1152 sane
2081 1099 2296 1164 viribus,
2329 1110 2382 1157 et
2411 1119 2568 1173 quam
2596 1109 2942 1178 consequenti
2988 1114 3352 1182 responsione,
3380 1115 3509 1172 satis

1923 1203 2186 1261 superque
2216 1194 2625 1262 praecedentium
2647 1199 2975 1258 voluminum
3000 1203 3356 1276 disputatione
3382 1221 3506 1278 per-

1927 1279 2107 1337 docui.
2137 1283 2373 1350 Quorum
2404 1287 2632 1345 lectione
2655 1305 2760 1346 non
2790 1291 2975 1350 dubito
3024 1297 3269 1366 prudenti
3315 1297 3510 1370 cuique

1922 1382 2170 1430 constare
2203 1373 2381 1448 (quem
2429 1395 2606 1435 rarum
2647 1397 2768 1438 esse
2807 1383 2909 1441 hac
2945 1387 3254 1458 praefatione
3286 1398 3510 1448 testatus

1922 1463 2084 1538 sum),
2118 1467 2247 1522 nihil
2271 1469 2486 1526 studere
2516 1472 2659 1527 aliud
2681 1475 2916 1532 veritatis
2946 1478 3240 1548 inimicum,
3267 1497 3424 1552 quam
3450 1490 3510 1539 ut

1922 1559 2306 1630 simpliciorum
2340 1563 2676 1621 ludiﬁcentur
2702 1582 2880 1636 aures,
2931 1581 2985 1625 et
3015 1572 3284 1642 evasisse,
3336 1574 3384 1630 si
3414 1581 3498 1629 ut-

1920 1667 2149 1723 cumque
2162 1668 2221 1709 se
2249 1655 2587 1725 respondisse
2607 1658 2868 1715 videatur.

1991 1744 2128 1800 Auc.
2160 1744 2328 1801 Raros
2353 1762 2474 1803 esse
2497 1749 2806 1819 prudentes,
2839 1751 3146 1822 praefatione
3193 1758 3403 1814 testaris
3434 1760 3452 1792 ¹
3483 1775 3500 1814 :

1920 1844 1972 1890 et
1999 1850 2117 1905 quae
2146 1851 2306 1890 causa
2337 1838 2407 1892 sit
2452 1840 2685 1896 raritatis
2708 1842 2886 1914 hujus,
2909 1845 2991 1900 vel
3021 1862 3116 1900 cur
3143 1863 3242 1902 nec
3281 1849 3382 1918 ipsi
3405 1851 3496 1921 qni

1918 1939 2037 1979 rara
2055 1926 2383 1996 ingeniorum
2395 1931 2685 1999 capacitate
2695 1931 2760 1987 ad
2780 1932 3110 2003 prudentiam
3128 1949 3504 2008 pervenerunt,

1918 2016 2035 2071 sine
2078 2016 2262 2073 labore
2291 2035 2484 2091 magno
2511 2031 2796 2092 potuerunt
2822 2027 3075 2097 consequi
3103 2028 3284 2084 utilem
3321 2030 3503 2085 scien-

1921 2109 2067 2178 tiam,
2093 2125 2190 2165 nec
2214 2111 2370 2180 dicis,
2400 2128 2498 2169 nec
2535 2114 2732 2180 discis;
2762 2117 2850 2186 qui
2877 2117 3030 2174 fateri
3057 2135 3162 2174 non
3195 2121 3271 2176 vis
3313 2122 3504 2178 huma-

1922 2218 2043 2260 nam
2067 2219 2160 2271 per
2184 2205 2340 2276 primi
2369 2206 2599 2263 hominis
2630 2212 3121 2279 prwvaricationem
3149 2213 3491 2284 depravatam

1918 2315 2038 2356 esSe
2054 2310 2319 2358 naturam.
2341 2304 2404 2359 Et
2418 2311 2595 2362 tamen
2613 2307 2678 2362 ad
2696 2311 3174 2367 tuorumlibrorum
3193 2312 3500 2379 lectionem,

1921 2393 2132 2447 nonnisi
2163 2394 2381 2451 eosdem
2433 2397 2718 2468 prudentes
2761 2401 2943 2470 mittis,
2994 2418 3128 2474 quos
3156 2405 3364 2460 testaris
3384 2420 3506 2461 esse

1919 2487 2224 2543 rarissimos
2258 2506 2271 2542 :
2303 2489 2370 2545 de
2416 2505 2638 2560 quorum
2693 2493 2904 2564 ingenio
2952 2504 3060 2550 tam
3111 2498 3246 2553 bene
3289 2499 3454 2553 sentis
3485 2541 3500 2565 ,

1920 2587 1978 2634 ut
2020 2578 2163 2649 apud
2203 2595 2297 2636 eos
2323 2597 2487 2636 unum
2518 2582 2712 2639 librum
2758 2600 2937 2642 meum
2966 2588 3070 2642 tuis
3112 2598 3234 2644 octo
3269 2589 3504 2646 refutare

1917 2670 2150 2736 coneris,
2190 2672 2544 2741 multiplicans
2601 2674 2679 2730 eis
2729 2676 2968 2734 laborem
3021 2679 3252 2736 ﬁliorum
3297 2681 3501 2750 Adam;

1917 2775 2024 2832 quo
2049 2761 2230 2817 labore
2249 2761 2477 2832 discant,
2504 2765 2712 2821 etiamsi
2759 2783 2919 2824 nemo
2964 2780 3259 2840 peccasset,
3302 2773 3354 2828 in
3385 2773 3504 2844 ipso

1917 2850 2237 2923 paradisose
2254 2852 2418 2909 fuisse
2442 2855 2798 2926 laboraturos,
2825 2870 2882 2914 ut
2916 2859 3303 2917 litteratorum'
3321 2864 3502 2932 libros,

1917 2954 1973 3000 et
2000 2945 2146 3016 prius
2173 2945 2317 3016 ipsas
2347 2947 2549 3004 litteras
2577 2949 2866 3007 discerent.
2901 2953 3026 3009 Haec
3051 2965 3133 3010 est
3156 2957 3298 3011 enim
3325 2967 3499 3012 vestra

1916 3039 2172 3107 prmclara
2217 3042 2459 3112 scientia,
2489 3044 2621 3099 nulli
2665 3044 2939 3101 hominum
2975 3050 3496 3119 comprehensibilis,

1918 3132 2022 3187 nisi
2055 3133 2406 3204 prudentibus
2440 3137 2610 3205 raris,
2669 3153 2768 3194 nec
2817 3140 2948 3210 ipsis
2993 3142 3094 3196 nisi
3132 3141 3501 3198 laborantibus

1917 3240 2148 3282 miseris.

1949 3344 1960 3363 ο
1988 3319 2210 3375 lV.Jur..
2237 3318 2370 3376 Cum
2403 3322 2560 3392 igitur
2582 3323 2633 3378 id
2663 3339 2694 3379 a
2725 3325 2879 3380 nobis
2906 3325 3115 3382 abunde
3140 3337 3348 3384 constet
3370 3329 3502 3386 elle-

1915 3419 2099 3477 ctum;
2134 3421 2308 3468 tamen
2356 3415 2479 3483 quia
2503 3416 2652 3485 operi
2700 3425 2884 3472 nostro
2920 3419 3157 3473 nascitur
3204 3419 3499 3492 longitudo,

1916 3503 2128 3573 sapiens
2155 3503 2322 3558 lector
2339 3505 2616 3576 intelligat,
2649 3507 2801 3563 nobis
2817 3508 3028 3578 quidem
3059 3510 3344 3579 optabilem
3371 3511 3504 3568 fuis-

1916 3594 2301 3651 sebrevitatem
2328 3638 2342 3663 ,
2375 3597 2470 3651 sed
2508 3598 2749 3668 exegisse
2790 3614 2966 3656 causae
3021 3601 3414 3671 necessitatem,
3447 3612 3506 3659 ut

1915 3700 2068 3743 error
2110 3688 2291 3742 saeculi
2342 3687 2524 3744 favore
2560 3690 2838 3758 diffusior,
2885 3693 3073 3748 latiore
3095 3695 3334 3750 veritatis
3387 3697 3506 3753 acie

1916 3779 2233 3835 vinceretur.
2285 3780 2436 3836 llaud
2493 3782 2652 3852 igitur
2677 3783 2745 3839 de
2791 3784 2959 3840 nihilo
2992 3793 3093 3852 est,
3140 3786 3278 3857 quod
3321 3803 3502 3844 sermo

1918 3881 2102 3928 noster
2118 3873 2441 3929 extenditur.
2473 3875 2671 3943 Adjutu
2704 3875 2846 3931 enim
2863 3875 3055 3932 Christi
3073 3894 3340 3949 praesumo
3369 3895 3500 3935 con-

1917 3961 2051 4031 fore,
2084 3973 2140 4019 ut
2165 3965 2302 4019 nulla
2325 3980 2446 4035 pars
2468 3967 2774 4036 impietatis,
2797 3977 2982 4024 contra
3009 3985 3168 4040 quam
3198 3973 3354 4028 nobis
3381 3988 3499 4029 cer-

1920 4064 2094 4111 tamen
2113 4066 2214 4122 cst,
2242 4066 2335 4111 aut
2368 4058 2695 4128 negligenter
2717 4059 2960 4129 quaesita,
2983 4070 3076 4115 aut
3110 4061 3286 4117 minus
3315 4062 3504 4120 inven-

1919 4159 1991 4217 ta,
2019 4160 2110 4206 aut
2147 4151 2325 4206 attrita
2375 4151 2715 4208 mediocriter
2749 4164 3051 4211 censeatur.
3081 4155 3192 4212 Nec
3225 4157 3350 4213 illud
3375 4173 3506 4231 ergo

1917 4244 2204 4316 desperare
2228 4245 2310 4300 vel
2338 4261 2639 4315 possumus,
2659 4248 2743 4303 vel
2773 4248 3045 4317 debemus,
3096 4251 3348 4320 quoniam
3379 4268 3500 4324 pro-

1917 4350 2074 4392 cessu
2098 4345 2397 4407 temporum
2455 4346 2742 4408 tempestas
2782 4341 3010 4395 excitata
3037 4341 3299 4410 considat,
3331 4352 3503 4400 etau-

1918 4428 2165 4483 ctoritate
2207 4427 2504 4497 sapientum
2535 4429 2722 4500 vulgus
2764 4431 3009 4501 ignavum
3036 4434 3178 4505 quod
3209 4450 3348 4489 nunc
3376 4451 3504 4505 per-

1919 4519 2107 4589 strepit
2150 4519 2483 4590 corrigatur:
2513 4521 2606 4576 sed
2638 4521 2744 4576 voti
2794 4539 2952 4592 quam
3003 4502 3280 4581 sententiae
3329 4502 3506 4584 minor

1918 4627 2077 4666 causa
2105 4620 2188 4666 est
2219 4629 2234 4677 ;
2259 4613 2499 4682 quemvis
2528 4613 2670 4667 enim
2716 4622 2882 4669 status
2928 4630 3106 4669 rerum
3159 4619 3360 4674 exitum
3390 4637 3506 4678 sor—

1921 4701 2080 4755 tiatur
2095 4701 2138 4768 ³,
2163 4703 2426 4757 constabit
2461 4702 2615 4758 nobis
2637 4703 2773 4758 ratio
2810 4714 2864 4759 et
2889 4704 3227 4777 benignitatis
3270 4720 3324 4766 et
3355 4713 3502 4770 fidei.

1919 4791 2101 4861 Neque
2152 4791 2294 4846 enim
2351 4791 2642 4862 pendemus
2707 4795 2773 4850 ad
2822 4799 3188 4867 prosperitatis
3231 4804 3503 4873 popularis

1919 4890 2186 4938 eventum.
2206 4881 2406 4938 Scitum
2429 4891 2512 4939 est
2533 4885 2793 4956 siquidem
2821 4887 2948 4943 illud
2973 4891 3131 4945 trium
3153 4891 3203 4946 in
3235 4893 3506 4965 Babylone

1919 4989 2229 5046 puerorum,
2271 4975 2362 5047 qui
2409 4992 2528 5031 cum
2558 4992 2587 5030 a
2615 4992 2741 5048 rege
2775 4981 3158 5050 superbissimo
3183 4985 3250 5040 ad
3276 4987 3505 5044 adoran~

1919 5067 2043 5123 dam
2088 5074 2316 5123 statuam
2345 5078 2680 5137 cogerentur,
2711 5069 3018 5129 ﬁdelissime
3043 5077 3374 5144 restiterunt,
3399 5096 3504 5136 ne-

1920 5176 2026 5233 que
2047 5161 2234 5216 anhela
2261 5169 2387 5215 sunt
2415 5159 2630 5216 fornace
2658 5165 2952 5232 conterriti,
2990 5181 3110 5238 quae
3136 5183 3357 5224 accensa
3389 5182 3512 5227 erat

1921 5253 1978 5309 in
2006 5254 2371 5325 religiosorum
2397 5263 2672 5323 voratum;
2699 5259 3192 5332 responderuntque
3223 5272 3280 5317 ut
3305 5271 3358 5318 et
3375 5263 3501 5320 fidei

1923 5355 1977 5402 et
2005 5346 2315 5402 constantiae
2344 5348 2701 5418 congruebat:
2729 5348 2913 5405 Potens
2933 5362 3024 5418 est,
3052 5354 3311 5424 inquiunt,
3345 5354 3504 5420 Deus,
3540 5354 3548 5388 ί

1923 5455 1953 5495 o
1973 5456 2082 5505 rex,
2105 5439 2314 5494 liberare
2341 5456 2432 5495 nos
2451 5441 2513 5496 de
2529 5443 2734 5514 fornace
2771 5443 2902 5508 hac;
2921 5445 3009 5499 sed
3035 5446 3229 5500 etiamsi
3253 5464 3351 5502 non
3384 5449 3506 5503 (ibe-
3540 5432 3550 5464 ί

1922 5541 2017 5597 ret,
2046 5534 2170 5586 scito
2189 5533 2428 5601 quoniam
2473 5535 2592 5590 deos
2623 5544 2732 5591 tuos
2774 5552 2875 5590 non
2908 5537 3137 5604 colimus,
3163 5555 3252 5593 nec
3279 5550 3500 5598 statuam

1988 5666 2006 5696 ί
2040 5665 2114 5728 sic
2127 5666 2479 5728 lss.lnvign.,
2513 5672 2723 5728 testatus.

1989 5729 2009 5758 ²
2041 5727 2114 5776 sic
2137 5733 2261 5795 μεθ.
2307 5727 2529 5795 atediti,
2575 5727 2884 5795 litterarum:
2910 5737 2963 5780 et
3001 5731 3051 5781 in
3073 5741 3316 5795 sequente
3362 5749 3511 5789 versu
3565 5727 3572 5732 ’

1923 5802 2038 5855 pro,
2073 5788 2306 5855 scientia;
2329 5789 2526 5855 habent,
2548 5791 2793 5855 sententia.

1991 5851 2116 5962 at
2131 5857 2242 5900 MSS.
2272 5859 2321 5902 In
2354 5853 2490 5914 vign.
2508 5887 2523 5914 ,
2561 5851 2774 5915 quamvis
2792 5853 2921 5905 enim
2938 5862 3086 5909 statua
3122 5870 3285 5912 rerum
3307 5862 3511 5923 exitium

1991 5925 2006 5957 ν·
2097 5925 2169 5962 ur.

1928 5925 2154 5964 sormuur
2161 5951 2169 5961 .
