3962 6480
492 461 627 521 H33

489 602 639 645 quam
663 578 868 640 erexisti
891 584 1161 640 adoramus
1188 584 1208 658 (
1229 584 1367 643 Dan.
1393 600 1467 649 ιιι,
1491 583 1578 651 17,
1605 582 1716 653 18).
1746 581 1913 648 Quam
1940 594 2066 634 san-

489 690 632 734 ctum
661 687 838 733 votum
888 678 1085 749 judicio
1136 679 1479 744 miscuerunt,
1512 691 1611 730 nec
1649 684 1827 731 tamen
1856 670 2069 728 consilii

488 764 798 841 gravitatem
822 770 1086 827 desiderio
1106 771 1346 826 levarunt
1377 770 1391 825 ι
1418 767 1802 824 Fortitudinem
1828 767 1946 821 ﬁdei
1970 780 2069 821 nec

495 862 864 933 desperatione
896 863 1245 934 przecipitaut,
1275 878 1374 917 nec
1397 858 1683 931 cupiditate
1700 856 2067 930 suspendunt:

489 944 715 1010 miscent
741 955 955 1025 quidem
1004 967 1124 1011 vota
1154 972 1167 1019 ;
1207 963 1457 1009 caeterum
1504 952 1744 1007 ordinem
1778 965 1880 1004 non
1909 950 2069 1004 relin-

488 1050 688 1118 'quunt;
736 1049 1078 1103 consolantur
1110 1047 1439 1102 tolerantiam
1468 1046 1507 1111 ¹,
1563 1044 1654 1100 sed
1690 1043 1845 1115 jnstis
1893 1043 2067 1097 mitio-

489 1138 547 1195 ra
580 1141 894 1195 submittunt
924 1160 937 1198 :
984 1140 1199 1196 Certum
1250 1149 1352 1207 est,
1385 1139 1645 1210 inquiunt,
1691 1137 1938 1207 quoniam
1970 1132 2068 1190 nos

492 1234 657 1302 possit
708 1232 932 1288 liberare
980 1228 1117 1289 Deus
1169 1242 1386 1297 noster;
1425 1231 1517 1287 sed
1571 1239 1745 1285 utrum
1791 1229 1937 1296 velit,
1988 1237 2065 1283 est

488 1322 785 1379 incertum:
820 1335 872 1380 et
914 1324 1033 1380 ideo
1081 1325 1179 1380 sub
1226 1324 1474 1395 ambiguo
1522 1340 1696 1378 rerum
1733 1331 1924 1377 eventu
1965 1328 2070 1374 stat

490 1415 695 1486 piorum
742 1420 884 1472 certa
929 1419 1207 1479 sententia.
1264 1417 1399 1472 idola
1452 1415 1756 1486 respuendi,
1800 1413 2059 1485 supplicia

488 1508 809 1579 perferendi.
840 1494 1042 1565 Viderit
1090 1509 1216 1580 quid
1254 1510 1375 1565 boni
1408 1518 1583 1564 nostra
1617 1508 1857 1563 liberatio
1908 1509 2069 1561 etiam

490 1602 698 1657 Caeteris
745 1601 1023 1668 conferat;
1075 1602 1227 1656 nobis
1278 1602 1489 1657 interim
1538 1618 1715 1656 veram
1760 1599 2067 1654 felicitatem

490 1693 644 1759 ﬁdes,
704 1696 963 1765 inquiunt,
1016 1695 1212 1749 invicta
1266 1693 1568 1749 custodiat:
1601 1708 1705 1746 non
1751 1692 1908 1746 habet
1942 1704 2068 1759 ergo

490 1787 815 1842 mollioribus
858 1788 1186 1859 gratiﬁcandi
1232 1787 1446 1842 nimiam
1495 1786 1888 1850 necessitatem,
1917 1786 2069 1851 cujus

487 1881 668 1953 glorize
696 1883 1028 1951 negotiantur
1055 1880 1298 1936 adversa.
1327 1880 1401 1934 De
1445 1879 1541 1933 hac
1565 1887 1619 1933 et
1647 1894 1742 1932 nos
1765 1875 2063 1945 disciplina,

486 1984 643 2041 quam
687 1972 1013 2042 reliquerunt
1060 1971 1288 2026 illustres
1343 1970 1607 2041 magistri,
1634 1967 2072 2037 intelligimnstc-

488 2063 711 2117 nendum
740 2064 790 2119 in
824 2064 1089 2134 prosperis
1130 2073 1368 2117 votorum
1399 2061 1851 2125 mediocritatem,
1888 2059 1941 2113 in
1968 2058 2069 2113 do-

486 2156 747 2227 gtnatibus
777 2172 903 2212 vero
947 2155 1066 2210 ﬁdei
1095 2156 1434 2211 consiliorum
1463 2156 1844 2225 perennitatem
1877 2172 1889 2207 :
1922 2161 2072 2222 opta-

490 2262 733 2319 musque,
787 2249 1218 2318 persecutionum
1258 2258 1465 2303 tumore
1509 2261 1818 2317 compresso
1845 2287 1858 2311 ,
1910 2246 2069 2300 etiam

486 2342 699 2414 populis
720 2342 1039 2397 subvenire:
1070 2349 1122 2395 at
1153 2342 1196 2396 si
1230 2341 1279 2395 id
1299 2358 1401 2395 non
1430 2340 1655 2406 accidat,
1686 2348 1789 2392 stat
1814 2330 2071 2406 quidquid

484 2436 736 2491 acerbum
765 2433 911 2489 estin
943 2434 1341 2489 contumeliiset
1369 2432 1614 2501 periculis
1644 2430 1869 2501 perpeti,
1903 2446 2064 2501 quam

486 2536 593 2582 non
618 2527 848 2581 aversari
875 2527 1103 2580 illuviem
1133 2525 1421 2596 sordesque
1451 2524 1784 2579 Manichacus.

560 2620 695 2674 Anc.
749 2620 1014 2686 Quantum
1064 2617 1383 2672 Maniclueos
1434 2615 1712 2687 adjuvetis,
1751 2632 1871 2671 cum
1910 2629 2071 2688 grave

484 2710 668 2782 jugum
714 2724 876 2780 super
898 2708 1033 2764 ﬁlios
1058 2710 1224 2763 Adam
1270 2726 1296 2761 a
1320 2708 1403 2763 die
1432 2708 1604 2763 exitus
1648 2706 1715 2763 de
1742 2715 1924 2762 ventre
1952 2722 2071 2761 ma-

490 2803 585 2857 tris
615 2817 797 2858 eorum
826 2801 843 2874 (
874 2802 1031 2856 Eccti.
1060 2820 1145 2869 XL,
1173 2802 1197 2857 1
1224 2802 1242 2875 )
1272 2817 1374 2855 non
1428 2800 1657 2855 tribuitis
1706 2800 1850 2869 justo
1870 2798 2072 2870 judicio

489 2895 605 2962 Dei,
634 2904 849 2966 propter
881 2896 1136 2965 originale
1181 2888 1476 2966 peccatum,
1505 2908 1569 2947 ac
1593 2894 1669 2949 sic
1699 2894 1870 2947 locum
1902 2890 2071 2948 facitis

487 2989 674 3045 aliena:
695 2998 893 3044 naturae
911 2990 1051 3051 mali,
1074 3006 1229 3059 qnam
1252 2986 1410 3042 tradit
1431 2982 1645 3041 insanus
1662 3001 1813 3041 error
1832 2986 2067 3053 illorum,

487 3090 542 3138 ct
572 3097 715 3154 saepe
753 3081 1146 3149 admonuimus,
1176 3090 1229 3135 ct
1259 3081 1343 3134 ubi
1373 3088 1727 3151 opportunum
1753 3079 1924 3132 visum
1955 3078 2070 3132 fue—

486 3173 573 3241 rit,
610 3192 713 3229 non
763 3176 1088 3231 cessabimus
1131 3174 1437 3230 admonere.
1479 3170 1629 3227 Nunc
1674 3171 1921 3243 quoniam
1977 3184 2072 3225 vos

487 3270 558 3324 ita
594 3269 755 3324 fortes
793 3284 911 3324 esse
934 3268 1167 3339 jactatis,
1199 3276 1258 3322 ut
1309 3275 1482 3321 tamen
1531 3280 1630 3336 pro
1676 3264 1856 3318 multis
1909 3261 2069 3318 etiam

486 3370 659 3415 vestra
686 3404 698 3425 ,
744 3362 985 3432 quamvis
1043 3379 1062 3411 ‹
1115 3358 1402 3414 mediocria
1460 3367 1600 3424 vota,
1637 3377 1655 3409 ι
1686 3356 2067 3423 commendes,

488 3454 699 3525 quibus,
757 3462 815 3509 ut
843 3453 994 3517 dicis,
1058 3472 1075 3504 ι
1124 3453 1317 3522 optatis
1375 3450 1805 3520 persecutionum
1862 3459 2072 3505 tumore

486 3561 794 3618 compresso
830 3545 1008 3618 populi
1058 3544 1343 3599 subvenire
1375 3561 1388 3596 :
1429 3563 1447 3595 ι
1473 3558 1655 3613 quaero
1676 3542 1769 3597 abs
1793 3550 1866 3609 te,
1895 3552 2071 3597 utrum

489 3638 543 3695 id
584 3655 614 3693 ει
664 3638 892 3694 Domino
916 3636 1129 3709 optetis.
1164 3635 1315 3707 Quod
1346 3635 1389 3690 si
1432 3650 1536 3689 non
1568 3633 1759 3699 facitis,
1792 3650 1897 3689 non
1949 3643 2074 3690 sunt

488 3729 588 3786 ista
621 3740 739 3785 vota
772 3730 1060 3784 christiana
1092 3748 1104 3783 :
1138 3730 1182 3783 si
1228 3736 1403 3783 autem
1433 3726 1625 3791 facitis,
1654 3725 1922 3796 quomodo
1950 3740 2072 3795 spe-

484 3825 634 3887 ratis,
667 3822 927 3879 exauditis
965 3822 1103 3877 votis
1124 3812 1336 3889 vestris,
1385 3820 1487 3876 hoc
1528 3819 1813 3875 Dominum
1845 3820 2069 3891 largitu-

485 3915 867 3987 rumiNempe
919 3926 976 3972 ut
1004 3916 1166 3972 corda
1218 3915 1492 3970 hominum
1538 3930 1655 3985 qua:
1686 3913 1907 3969 adversa
1939 3923 2067 3969 sunt

485 4011 657 4076 vobis,
687 4010 739 4063 in
776 4019 1012 4064 vestrum
1039 4008 1268 4063 favorem
1317 4018 1372 4063 et
1414 4022 1650 4062 amorem
1697 4017 1989 4063 convertat.
2016 4006 2073 4062 Si

486 4102 589 4157 hoc
618 4100 854 4167 creditis,
898 4100 1194 4171 profecistis
1220 4117 1234 4168 ;
1269 4114 1365 4155 vos
1404 4098 1549 4169 ipsos
1574 4108 1887 4155 convertere
1907 4100 1949 4165 ',
1977 4114 2071 4154 vos

486 4193 632 4264 ipsos
677 4194 728 4248 in
758 4192 946 4248 melius
978 4202 1183 4248 mutare
1227 4192 1337 4261 jam
1368 4188 1547 4261 cmpit.
1577 4188 1837 4261 Cogitate,
1868 4205 2066 4261 quaeso,

487 4287 649 4355 istud,
695 4296 855 4357 atque
910 4285 1157 4348 retinete,
1216 4284 1536 4353 tandemque
1584 4281 1822 4338 fatemini
1855 4284 2071 4352 operari

486 4379 905 4451 omnipotentem
938 4379 1101 4433 Deum
1131 4377 1181 4430 in
1222 4375 1474 4431 cordibus
1513 4362 1787 4430 hominum
1829 4375 2072 4429 volunta-

485 4481 587 4539 tes,
634 4485 955 4541 aversosque
992 4478 1305 4524 convertere
1336 4466 1348 4521 Ξ
1388 4466 1460 4520 ita
1498 4453 1614 4537 ejus
1654 4465 2073 4521 misericordiam

485 4563 815 4634 gratiamque
870 4560 1128 4632 sapietis:
1162 4568 1217 4615 et
1271 4559 1359 4614 ubi
1408 4557 1511 4613 hoc
1562 4572 1667 4612 non
1707 4557 1849 4629 agit,
1876 4556 2072 4627 judicia

485 4656 713 4723 occulta,
744 4656 838 4711 sed
874 4655 1049 4731 justa.‘
1081 4654 1171 4710 Sic
1216 4662 1334 4708 vota
1371 4661 1552 4707 nostra
1607 4652 1781 4724 potius
1827 4650 2071 4708 fortassis

487 4744 751 4815 exaudiet,
794 4756 852 4803 ut
875 4763 969 4802 vos
988 4742 1054 4801 ad
1101 4744 1254 4801 ﬁdem
1294 4744 1630 4811 catholicam,
1665 4744 1802 4799 sicut
1832 4740 2075 4800 Turbati-

489 4842 620 4897 tium
641 4842 797 4910 paulo
824 4849 948 4894 ante
982 4848 1238 4903 vestrum,
1290 4853 1429 4891 nunc
1478 4852 1611 4892 vero
1660 4853 1779 4892 esse
1814 4837 1923 4907 jam
1970 4853 2070 4892 no-

489 4941 679 4997 strum,
704 4930 863 4985 simili
894 4947 989 4986 sua
1017 4930 1326 5001 operatione
1369 4938 1527 4998 atque
1552 4927 1895 4984 miseratione
1945 4945 2072 4983 eoa-

487 5031 676 5078 vertat.

562 5114 626 5169 V.
657 5111 777 5169 Jun.
808 5112 913 5168 Sed
952 5112 1061 5181 jam
1092 5109 1461 5184 aggrediamur
1487 5106 1554 5164 ad
1604 5124 1841 5165 causam.
1868 5108 2071 5166 Clarnit

488 5217 595 5263 tam
630 5206 808 5278 priore
849 5208 1008 5277 quain
1058 5198 1305 5275 praesenti
1360 5218 1540 5274 opere,
1589 5201 2071 5274 concupiscentiam

487 5299 807 5363 naturalem,
832 5290 947 5353 sine
987 5313 1090 5370 qua
1112 5310 1333 5351 sexuum
1359 5311 1465 5351 non
1511 5304 1683 5365 potest
1711 5312 1830 5352 esse
1858 5297 2073 5351 commi-

488 5393 621 5458 xtio,
650 5406 679 5445 a
706 5390 836 5458 Deo,
865 5390 953 5461 qui
982 5398 1062 5444 est
1084 5397 1138 5444 et
1165 5387 1441 5443 hominum
1462 5396 1516 5443 et
1542 5386 1803 5459 pecudum
1824 5388 2070 5444 conditor

492 5481 622 5558 (De
648 5480 855 5552 Nuptiis
874 5491 920 5536 et
966 5479 1403 5551 Concupiscentia,
1448 5479 1533 5534 lib.
1578 5478 1714 5547 2,12.
1740 5480 1879 5554 25),
1923 5480 2075 5536 insti-

485 5583 679 5630 tutam.
706 5572 858 5645 Quod
882 5584 1085 5629 tautum
1107 5572 1266 5641 valet,
1293 5570 1629 5628 conlessione
1654 5588 1863 5643 quoque
1880 5572 2073 5628 adver-

491 5669 616 5724 sarii
662 5668 792 5735 mei,
821 5676 880 5723 ut
914 5667 1031 5723 sine
1080 5667 1196 5738 ejus
1223 5666 1631 5737 vituperatione,
1672 5665 1723 5720 id
1750 5670 1849 5733 est,
1885 5680 2072 5721 carna-

556 5823 573 5853 ¹
609 5820 729 5870 Editi
747 5856 762 5881 ,
785 5821 1069 5882 tolerantia;
1085 5820 1485 5872 dissentientibus
1507 5820 1859 5881 manuscriptis.

555 5884 575 5914 ²
607 5882 767 5994 qutex
816 5890 970 5943 πνοι-ι..
1015 5880 1062 5934 Si
1125 5884 1213 5933 hoc
1280 5883 1503 5943 creditis,
1566 5880 1778 5947 profecto
1826 5896 1902 5934 vos
1946 5880 2072 5946 ipsos

491 5958 660 5994 COItt‘eT
733 5958 776 5993 ε.

1156 463 1400 521 OPERIS
1438 460 1820 520 IMPEBFEG'I
1829 459 1849 515 ι
1887 456 2160 514 CUN'I'KA
2197 456 2554 527 JULIANUM,
2594 458 2653 515 S.
2694 459 3059 519 AUGUSTINI

3622 448 3759 523 itas

2181 576 2247 633 lis
2274 576 2737 648 concupiscentiae,
2768 588 2821 633 et
2838 578 2952 635 sine
2970 570 3312 638 infamatione
3339 580 3757 652 commixtionis,

2176 675 2342 731 asseri
2375 676 2582 745 penitus
2607 690 2712 730 non
2742 676 2909 747 possit
2933 675 3176 732 naturale
3196 686 3495 749 peccatum.

2248 772 2381 826 Anc.
2402 769 2894 840 Concupisccntiam
2926 772 3036 826 sive
3069 771 3383 839 naturalem,
3421 770 3536 827 sive
3564 786 3760 827 cama-

2176 852 2280 915 lctn
2313 861 2405 917 tibi
2433 861 2641 934 placeat
2665 862 2955 934 appellare,
2982 879 3097 918 eam
3127 879 3222 919 nos
3262 864 3748 935 concupiscentiam

2175 954 2557 1024 vituperamus,
2588 971 2687 1026 qua
2712 971 2841 1011 caro
2866 952 3465 1026 concupiscitadversus
3489 957 3760 1029 spiritum,

2177 1054 2229 1101 ct
2258 1046 2418 1101 trahit
2439 1047 2506 1103 ad
2528 1048 2727 1116 illicita,
2750 1048 2852 1102 nisi
2879 1056 2935 1104 et
2972 1042 3189 1118 spiritus
3227 1048 3483 1105 adversus
3504 1066 3628 1106 eam
3654 1051 3758 1106 fore

2180 1136 2281 1192 tius
2320 1138 2678 1209 concupiscat.
2710 1136 2856 1195 llanc
2875 1140 3263 1197 dissensionem
3281 1142 3331 1195 in
3349 1142 3604 1212 paradiso
3627 1140 3756 1197 diei.

2176 1244 2296 1284 mus
2322 1246 2425 1285 non
2457 1229 2639 1298 fuisse,
2673 1232 2885 1303 quando
2921 1234 3009 1302 qui
3033 1233 3103 1289 ibi
3130 1241 3303 1300 erant,
3336 1233 3462 1289 nudi
3502 1243 3760 1299 erant,ct

2176 1336 2281 1376 non
2310 1323 2785 1380 confundebantur.
2806 1325 2951 1381 Hanc
2974 1337 3090 1397 post
3120 1337 3394 1399 peccatum
3418 1344 3539 1385 esse
3555 1332 3761 1399 cuspis-

2176 1430 2256 1483 se,
2298 1416 2409 1485 ipsa
2459 1433 2544 1472 res
2577 1417 3265 1491 clamat;quandoquidem
3312 1432 3432 1492 post
3478 1433 3761 1492 peccatum

2176 1502 2420 1579 pudenda
2466 1517 2729 1574 texerunt,
2762 1526 2879 1581 qua:
2916 1511 3061 1580 prius
3103 1509 3344 1582 pudenda
3383 1529 3490 1568 non
3530 1512 3761 1569 fuerant.

2176 1597 2355 1669 Neque
2388 1611 2441 1655 ut
2468 1601 2604 1655 nuda
2634 1603 2780 1673 prius
2808 1616 3008 1671 essent,
3066 1604 3411 1675 impudentia,
3463 1608 3559 1663 sed
3602 1608 3760 1661 iuno-

2176 1693 2346 1746 eeutia
2398 1690 2622 1747 faciebat
2653 1712 2664 1748 :
2697 1694 2816 1765 quia
2860 1704 2912 1749 et
2951 1694 3275 1766 impudentia
3307 1697 3495 1751 vitiant
3533 1706 3652 1764 est;
3684 1699 3757 1753 illi

2176 1792 2353 1838 autem
2384 1784 2597 1854 quando
2622 1800 2716 1840 eos
2738 1786 2909 1842 nudos
2946 1802 3066 1843 esse
3114 1802 3219 1843 non
3268 1768 3524 1858 pudebat,
3575 1790 3757 1859 utique

2176 1876 2360 1931 vitium
2404 1892 2509 1932 non
2562 1878 2845 1934 habebant.
2882 1879 2991 1935 Hoc
3034 1896 3161 1952 ergo
3213 1881 3432 1948 malum,
3478 1897 3588 1953 quo
3640 1899 3763 1938 eam

2176 1968 2502 2038 ceneupiscit
2549 1969 2806 2026 adversus
2845 1971 3087 2042 spiritum
3119 2014 3133 2037 ,
3181 1971 3466 2028 haereticus
3521 1972 3765 2030 Julianus

2177 2059 2307 2114 dicit
2339 2076 2456 2116 esse
2488 2061 2685 2116 bonum
2718 2080 2730 2115 :
2766 2062 2866 2118 hoc
2892 2064 3088 2118 malum
3114 2080 3186 2119 ex
3214 2064 3385 2120 aliena
3426 2065 3549 2119 mali
3579 2076 3765 2120 natura

2180 2150 2333 2206 nobis
2364 2166 2483 2206 esse
2513 2153 2856 2208 commixtum
2910 2153 3039 2209 dicit
3082 2155 3217 2210 alius
3266 2155 3554 2212 lia-reticus
3596 2158 3765 2212 Mani-

2177 2241 2359 2300 chrens
2389 2263 2399 2297 :
2436 2245 2535 2300 hoc
2581 2246 2780 2301 malum
2834 2264 2927 2316 per
2960 2248 3457 2318 prievarieationem
3489 2251 3647 2321 primi
3674 2250 3767 2304 ho-

2179 2333 2336 2387 minis
2384 2336 2436 2389 in
2476 2345 2708 2391 nostram
2756 2338 2941 2393 dicens
2988 2339 3212 2394 vertisse
3242 2349 3507 2408 naturam,
3536 2338 3765 2396 catholi-

2178 2438 2271 2479 cus
2291 2427 2477 2481 ambos
2502 2426 2665 2482 vincit
2690 2428 3021 2484 Ambrosius.

2250 2516 2338 2572 Vl.
2374 2517 2490 2573 JUL.
2510 2518 2662 2588 Quod
2690 2520 2938 2588 quoniam
2960 2536 2991 2575 a
3025 2520 3181 2577 nobis
3206 2538 3267 2577 ea
3308 2520 3582 2588 facultate,
3603 2540 3761 2595 quam

2179 2610 2377 2665 veritas
2425 2610 2801 2681 suppeditavit,
2836 2624 3113 2667 ostensum
3154 2623 3255 2680 est,
3316 2613 3549 2686 prudens
3601 2616 3771 2673 lector

2179 2716 2337 2772 super
2361 2701 2461 2756 hoc
2510 2702 2730 2758 ulterius
2775 2703 3017 2759 dubitare
3066 2721 3170 2759 non
3216 2704 3411 2773 debet;
3446 2706 3771 2778 ubicumque

2180 2791 2282 2847 hoc
2331 2792 2382 2846 in
2411 2791 2727 2849 Traduciani
2758 2788 2990 2865 scriptis
3040 2797 3337 2853 occurrerit
3366 2797 3387 2872 (
3414 2798 3532 2855 sine
3562 2815 3671 2870 quo
3694 2810 3775 2854 ta-

2178 2901 2300 2940 men
2328 2885 2474 2940 hiare
2502 2903 2607 2940 non
2638 2896 2812 2957 potest
2839 2888 2879 2958 ),
2906 2886 3037 2943 nihil
3085 2899 3295 2945 moveat
3336 2888 3645 2955 audientes,
3678 2893 3767 2948 sed

2180 2976 2233 3031 in
2276 2977 2652 3033 verecundiam
2695 2987 3022 3050 protestetur
3044 2982 3279 3038 auctoris
3308 3002 3322 3040 :
3349 3000 3449 3038 nos
3498 2993 3680 3040 autem
3709 2985 3759 3041 id

2178 3069 2458 3142 deinceps,
2498 3072 2541 3127 si
2587 3088 2672 3128 res
2728 3075 3069 3146 compulerit,
3138 3079 3437 3134 necessaria
3494 3080 3756 3137 brevitate

2179 3171 2474 3234 tangemus.
2504 3164 2689 3234 Arguit
2734 3180 2863 3237 ergo
2914 3167 3057 3240 quod
3081 3167 3189 3223 dixi
3221 3188 3234 3224 :
3275 3190 3294 3223 ι
3332 3170 3435 3226 Ista
3481 3188 3767 3243 corporum

2179 3257 2507 3330 commixtio,
2536 3273 2657 3314 cum
2673 3258 2871 3328 calore,
2886 3276 3007 3315 cum
3035 3263 3322 3333 voluptate,
3350 3280 3472 3319 cum
3495 3267 3704 3321 semine
3738 3283 3767 3322 a

2178 3349 2290 3405 Deo
2317 3348 2471 3413 facta,
2501 3358 2554 3404 et
2578 3364 2675 3420 pro
2699 3366 2797 3406 suo
2824 3350 2982 3406 modo
3047 3350 3327 3409 laudabilis
3373 3357 3721 3426 approbatur.
3745 3379 3763 3411 ι

2180 3441 2279 3512 (De
2303 3440 2512 3514 Nuptiis
2538 3453 2582 3499 et
2603 3442 3012 3517 Concupiscentia
3030 3445 3178 3515 lib.2,
3200 3446 3376 3520 11.25).
3400 3446 3506 3506 Sed
3519 3453 3770 3521 praeteriit

2179 3533 2309 3589 illud
2337 3533 2475 3605 quod
2496 3534 2704 3591 subdidi
2734 3554 2749 3591 :
2780 3555 2799 3588 ‹
2824 3537 2900 3593 De
2929 3554 2985 3593 re
2997 3550 3195 3604 autem,
3221 3557 3340 3611 qua:
3363 3541 3606 3597 instituta
3626 3554 3770 3599 uatu-

2179 3626 2383 3691 raliter,
2417 3626 2476 3682 ﬁt
2500 3626 2518 3659 ί
2544 3626 2829 3700 aliquando
2861 3630 3020 3686 etiam
3047 3631 3279 3705 amplum
3315 3650 3514 3689 munus
3539 3634 3762 3705 piorum,

2179 3716 2428 3772 diabolus
2444 3716 2543 3773 sibi
2563 3733 2661 3774 nec
2687 3728 2771 3774 tua
2800 3719 2975 3777 fronte
3002 3712 3161 3778 audet
3179 3718 3380 3796 aliquid
3404 3723 3698 3782 vindicare.
3729 3746 3747 3779 ι

2252 3810 2387 3866 Anc.
2418 3810 2508 3865 llle
2536 3810 2638 3866 hoc
2682 3814 3043 3883 prtetermisit,
3071 3814 3163 3886 qui
3192 3832 3309 3871 eam
3340 3817 3427 3873 cui
3471 3817 3764 3889 responde-

2180 3900 2325 3970 bam,
2374 3902 2668 3960 chartulam
2714 3905 2891 3973 misit;
2924 3906 3150 3965 fortasse
3180 3910 3486 3981 intelligens
3526 3911 3672 3983 quod
3715 3922 3765 3967 ιιι

2181 4011 2285 4050 non
2312 3995 2577 4067 intelligis,
2612 3997 2700 4068 qui
2729 4007 2833 4053 tam
2860 3999 3071 4055 incaute
3099 4000 3306 4058 loeutus
3331 4018 3414 4071 es,
3449 4012 3511 4058 ut
3530 4003 3756 4072 diceres,

2188 4106 2207 4140 ς
2246 4087 2321 4143 De
2343 4103 2401 4144 re
2430 4087 2667 4144 instituta
2695 4088 3023 4157 naturaliter,
3056 4108 3175 4162 qua:
3206 4091 3266 4146 ﬁt
3290 4093 3579 4164 aliquando
3600 4095 3755 4149 etiam

2180 4180 2415 4250 amplum
2441 4197 2632 4236 munus
2660 4183 2886 4252 piorum,
2909 4198 3011 4238 non
3037 4184 3235 4241 audere
3263 4183 3536 4241 diabolum
3564 4186 3759 4257 aliquid

2181 4272 2281 4327 sibi
2304 4273 2573 4330 vindicare
2600 4292 2613 4328 :
2655 4295 2674 4327 ι
2704 4291 2825 4331 cum
2853 4275 3142 4331 videamus
3179 4277 3321 4348 quod
3349 4278 3497 4348 ipsos
3525 4276 3764 4333 homines

2180 4364 2423 4421 diabolus
2452 4367 2553 4423 sibi
2586 4367 2835 4435 vindicet,
2866 4369 2955 4439 qui
2987 4368 3169 4441 utique
3193 4369 3509 4425 naturaliter
3553 4368 3735 4425 instita

2183 4456 2220 4510 ti
2250 4466 2391 4512 sunt.
2418 4458 2500 4513 An
2545 4457 2680 4515 forte
2702 4457 2945 4515 homines
2972 4476 3078 4515 non
3114 4470 3258 4526 sunt,
3288 4462 3377 4534 qui
3406 4471 3669 4517 eruuntur
3698 4458 3759 4520 dt.

2182 4558 2442 4621 potestate
2496 4551 2852 4616 tenebrarum,
2882 4568 3106 4623 quarum
3137 4561 3281 4608 tenet
3320 4551 3567 4609 diabolus
3617 4554 3757 4626 prin-

2182 4639 2412 4710 cipatum
2439 4641 2576 4695 ?aut
2614 4656 2740 4697 vero
2770 4643 2840 4696 ita
2878 4642 3097 4713 desipis,
3150 4651 3209 4698 ut
3251 4634 3492 4700 afﬁrmes
3531 4660 3629 4700 eos
3670 4645 3763 4700 sibi

2182 4730 2449 4788 diabolum
2480 4748 2585 4788 non
2609 4733 2898 4801 vindicare,
2926 4750 3060 4805 quos
3092 4733 3351 4804 possidet,
3379 4742 3436 4791 et
3463 4752 3578 4792 sua:
3618 4747 3754 4809 pote-

2183 4826 2306 4879 stati
2335 4824 2573 4879 subditos
2604 4824 2789 4879 tenet?
2827 4824 2934 4880 Sed
2964 4835 3019 4879 ut
3042 4834 3242 4880 taceam
3270 4824 3335 4880 de
3362 4825 3444 4882 his
3464 4867 3480 4893 ,
3512 4842 3651 4897 quos
3677 4842 3763 4897 po-

2183 4917 2332 4973 testis
2357 4916 2559 4985 dicere,
2599 4932 2693 4986 per
2740 4932 2890 4972 suam
2918 4917 3112 4973 malam
3155 4917 3488 4973 voluntatem
3512 4919 3767 4976 adiabele

2183 5008 2491 5081 possideri:
2537 5007 2660 5079 quid
2718 5008 2953 5063 dicturus
3000 5024 3058 5064 es
3104 5008 3171 5064 de
3224 5008 3335 5076 illo,
3370 5009 3435 5065 de
3484 5027 3593 5083 quo
3622 5020 3767 5083 pater

2182 5099 2368 5170 ipsius,
2404 5097 2626 5154 Domino
2656 5098 3047 5170 interrogante,
3081 5100 3375 5170 respondit,
3404 5100 3550 5172 quod
3600 5119 3662 5157 ex
3688 5102 3763 5157 in-

2183 5190 2342 5262 fantia
2386 5206 2480 5245 sua
2502 5190 2570 5245 ab
2594 5190 2867 5246 immundo
2887 5192 3075 5261 spiritu
3120 5200 3405 5249 vexaretur
3435 5193 3458 5266 (
3489 5192 3662 5249 Marc.
3693 5211 3760 5260 Ix,

2180 5280 2288 5353 20)
2314 5278 2544 5337 ?Nonne
2570 5283 2807 5337 membra
2831 5281 2946 5352 ejus
2971 5291 3025 5337 et
3050 5296 3262 5351 sensus,
3294 5299 3413 5354 qme
3447 5287 3631 5340 omnia
3663 5285 3765 5339 Deo

2180 5383 2397 5428 auctore
2428 5372 2735 5429 naturaliter
2760 5373 3000 5428 instituta
3027 5381 3170 5441 sunt,
3200 5383 3254 5429 et
3284 5372 3575 5445 impiorum
3623 5390 3765 5431 com-

2182 5468 2361 5523 munia
2415 5467 2723 5539 piorumque
2779 5464 2900 5521 sunt
2964 5482 3205 5535 munera,
3257 5467 3502 5523 diabolus
3556 5469 3659 5526 sibi
3711 5476 3763 5523 ut

2181 5556 2439 5633 afﬂigeret
2490 5556 2835 5615 vindicabat?
2859 5556 3011 5628 Quod
3049 5556 3174 5615 licet
3228 5559 3402 5616 facere
3432 5575 3542 5616 non
3565 5570 3758 5635 posset,

2180 5653 2330 5710 nisia
2358 5662 2597 5709 creatore
2622 5651 2855 5707 hominis
2879 5652 2992 5707 Deo
3025 5651 3167 5707 bono
3213 5662 3267 5709 ct
3311 5651 3458 5725 justo
3500 5652 3761 5723 acciperet

2181 5755 2533 5819 potestatem;
2563 5744 2731 5800 facit’
2764 5754 2961 5813 tamen,
3021 5753 3076 5800 et
3132 5753 3218 5801 tua
3265 5746 3428 5803 verba
3474 5745 3753 5803 vanissima

2247 5883 2263 5913 ι
2303 5882 2587 5943 t‘ignierius,
2620 5880 2698 5931 sit.
2720 5887 2848 5939 5135.,
2872 5877 2943 5943 ﬁt.

2248 5946 2266 5973 ³
2300 5946 2371 5992 sie
2395 5952 2497 5992 Mss.
2534 5951 2581 5992 lu
2606 5943 2972 6006 \igu.,ructum.
