3962 6472
173 500 305 558 1457

167 630 286 671 esse
316 613 572 681 ostendit,
609 612 699 685 qui
739 611 896 677 dicis,
924 629 943 665 ι
980 611 1054 668 De
1093 625 1153 667 rc
1181 608 1497 666 naturaliter
1536 609 1750 665 institu—

166 720 236 773 ta,
255 723 379 777 quae
412 707 471 762 ﬁt
515 706 800 777 aliquando
840 704 1076 778 amplum
1107 704 1268 760 etiam
1298 717 1492 759 munus
1522 703 1753 774 piorum,

164 798 297 853 nihil
361 799 463 855 sibi
516 796 713 855 audere
761 797 1031 853 diabolum
1090 795 1384 851 vindicare.
1434 813 1455 847 ι
1516 794 1755 850 Debuisti

161 892 310 946 enim
333 888 535 957 dicere,
578 906 765 948 eorum
818 890 1080 945 bonorum
1112 905 1232 961 qua:
1259 888 1570 944 naturaliter
1600 887 1753 943 insti-

162 993 276 1039 tuta
295 993 444 1051 sunt,
468 982 864 1065 non__diabolum
881 983 983 1039 sibi
1004 982 1135 1038 nihil
1161 981 1451 1048 vindicare,
1468 980 1561 1037 sed
1581 981 1755 1055 ipsum

161 1076 298 1131 nihil
318 1092 527 1133 creare.
562 1076 685 1132 llaec
712 1076 801 1133 ille
825 1077 1044 1132 forsitan
1085 1074 1235 1140 vidit,
1266 1074 1357 1145 qui
1378 1074 1446 1130 de
1472 1074 1579 1129 tuis
1607 1072 1758 1129 libris

160 1187 284 1241 qua:
309 1171 490 1226 amico
531 1186 629 1226 suo
659 1171 916 1238 mitteret,
964 1169 1221 1225 nonnulla
1258 1168 1527 1240 decerpsit
1555 1184 1570 1234 ;
1599 1176 1759 1238 atque

161 1271 219 1317 ut
291 1262 410 1319 haec
460 1271 549 1317 tua
590 1262 756 1318 verba
821 1260 1290 1334 praetermitteret,
1347 1259 1441 1315 tibi
1496 1258 1756 1330 pepercit.

164 1354 279 1426 Ego
315 1370 446 1412 vero
483 1352 739 1426 gratulor,
786 1353 906 1431 quia
954 1367 1040 1408 me
1077 1351 1333 1408 admones
1366 1350 1494 1422 quid
1534 1349 1759 1405 debeam

162 1454 352 1503 contra
374 1462 613 1502 errorem
652 1455 802 1501 tuum
833 1444 1031 1500 dicere.
1075 1444 1422 1499 Parvulorum
1441 1457 1591 1515 ergo,
1624 1457 1759 1512 quos

163 1540 441 1597 vexandos
464 1540 707 1597 diabolus
728 1539 959 1596 vindieat
1003 1538 1126 1601 sibi.
1152 1539 1341 1594 merita
1385 1538 1612 1609 inquire,
1640 1552 1760 1607 quae

162 1648 290 1688 cum
322 1632 536 1702 propria
576 1647 684 1687 non
728 1630 1017 1699 inveneris,
1070 1630 1353 1702 originalia
1400 1630 1676 1685 conﬁtere.
1702 1628 1757 1686 Si

164 1725 312 1781 enim
329 1726 493 1782 etiam
539 1725 639 1780 ista
668 1741 864 1797 negare
891 1725 1210 1795 perstiteris,
1248 1724 1343 1779 Dei
1392 1723 1629 1794 profecto
1670 1722 1756 1793 ju-

164 1817 391 1884 dicium,
418 1819 507 1889 qui
535 1818 651 1874 ha:c
688 1818 975 1889 imaginem
1012 1833 1162 1873 suam
1202 1834 1231 1872 a
1262 1818 1479 1873 diabolo
1516 1816 1759 1873 immeri-

104 1925 111 1932 '
162 1918 275 1966 tam
300 1911 430 1967 sinit
459 1913 682 1982 perpeti,
708 1926 959 1968 accusare
982 1911 1330 1966 cunviuceris.

237 2001 356 2057 VII.
381 2001 501 2057 Jun.
528 2001 649 2059 Istis
673 2018 801 2074 ergo
847 2002 1242 2073 praetermissis,
1274 2011 1493 2057 accusat
1530 2017 1626 2058 cur
1651 2017 1761 2059 non

165 2095 422 2164 dixerim,
451 2114 471 2148 ι
502 2112 623 2153 cum
666 2096 921 2153 libidine:
962 2117 981 2150 ι
1035 2097 1343 2168 subditque,
1390 2106 1449 2153 ut
1489 2098 1758 2169 dogmatis

167 2188 283 2258 ejus
328 2203 559 2245 acumen
602 2189 846 2257 decebat,
884 2208 905 2242 ι
951 2189 1142 2244 Munus
1192 2190 1421 2259 piorum,
1453 2190 1761 2260 propagatio

167 2290 252 2337 est
277 2280 511 2338 fecunda
538 2281 792 2349 ﬁliorum,
825 2298 931 2337 non
962 2283 1272 2337 commixtio
1306 2281 1557 2353 pudenda
1585 2296 1758 2337 mem-

165 2372 388 2429 brorum
414 2391 427 2427 :
456 2389 614 2444 quam
639 2390 745 2431 non
764 2374 987 2431 haberet
1016 2375 1068 2429 in
1108 2374 1425 2445 generandis
1453 2374 1574 2428 filiis
1602 2383 1757 2429 natu-

168 2482 224 2520 ra
251 2480 571 2534 sana,nunc
589 2476 767 2523 autem
792 2466 954 2523 habet
993 2467 1180 2522 eadem
1231 2477 1423 2523 natura
1453 2468 1651 2522 vitiata.
1687 2469 1764 2524 Ac

167 2574 262 2630 per
276 2558 406 2624 hoc,
428 2569 483 2614 et
501 2560 589 2631 qui
608 2560 732 2616 inde
750 2560 1007 2626 nascitur,
1027 2560 1227 2631 indiget
1248 2562 1461 2618 renasci
1484 2581 1503 2614 ι
1530 2560 1632 2636 (De
1648 2560 1702 2616 Ν
1706 2578 1763 2616 u-

166 2653 285 2722 ptiis
329 2661 379 2706 ct
425 2650 877 2723 Cuiicupisceutia,
935 2653 1024 2708 lib.
1055 2654 1110 2720 2,
1143 2671 1196 2708 η.
1227 2653 1298 2710 25
1330 2656 1370 2725 ).
1423 2654 1594 2720 Quam
1636 2668 1766 2709 con-

166 2754 464 2817 sequenter
497 2747 707 2801 onmial
736 2746 926 2802 Munus
983 2746 1113 2801 dicit
1151 2747 1383 2817 piorum,
1427 2748 1764 2803 existentiam

166 2838 403 2894 ﬁliorum
428 2857 441 2893 :
474 2839 570 2895 sed
593 2839 693 2896 hoc
716 2840 992 2896 constituit
1013 2840 1112 2896 sub
1160 2840 1397 2907 diabolo,
1420 2841 1563 2911 quod
1594 2842 1763 2897 Deum

163 2935 302 2990 dare
327 2934 630 3003 conﬁrmat,
661 2933 715 2989 id
743 2942 847 3002 est,
875 2935 1029 2990 ﬁlios.
1064 2934 1366 2991 Libidinem
1409 2943 1615 3003 autem,
1644 2952 1765 3007 quae

163 3033 249 3080 est
278 3024 334 3080 in
367 3025 611 3093 pudenda
666 3025 1051 3083 commixtione
1089 3026 1478 3095 membrorum,
1532 3028 1764 3084 diaboli-

165 3107 282 3171 cam
314 3126 521 3181 vocat;
561 3133 725 3189 quam
782 3118 837 3173 in
886 3118 1198 3189 parentibus
1244 3132 1365 3176 esse
1410 3136 1521 3175 non
1561 3121 1763 3190 abnuit,

165 3222 299 3279 quos
319 3218 501 3265 tamen
525 3210 756 3266 absolvit
776 3226 808 3266 a
828 3211 1002 3281 culpa.
1027 3211 1342 3268 Exhomine
1365 3213 1509 3269 hunc
1538 3214 1555 3245 ¹
1582 3223 1766 3271 natum

165 3300 360 3356 dicas?
413 3301 570 3367 Quod
608 3312 812 3373 agunt,
884 3303 1072 3374 inquit,
1126 3312 1396 3374 parentes,
1443 3306 1765 3362 diabolicum

164 3402 268 3460 est,
295 3392 400 3452 sed
423 3394 503 3450 rei
554 3408 662 3450 non
705 3403 825 3451 sunt
856 3411 879 3461 ;=
895 3394 1040 3466 quod
1065 3404 1356 3451 nascuntur
1380 3394 1496 3464 ﬁlii,
1525 3397 1766 3453 divinum

166 3504 299 3560 opus
335 3496 442 3556 est,
492 3488 584 3545 sed
624 3487 703 3545 rei
764 3496 908 3544 sunt.
945 3487 1011 3544 Et
1038 3487 1217 3544 adhuc
1253 3503 1315 3545 se
1342 3502 1449 3544 non
1477 3489 1611 3555 Deo,
1655 3491 1751 3546 scd

166 3580 401 3637 daemoni
453 3581 682 3636 :cstimat
725 3581 1107 3637 ohluctatum?
1156 3579 1497 3637 Meritissime
1546 3582 1759 3652 patian—

167 3682 253 3731 tur
287 3675 453 3731 istum
476 3672 730 3740 furorem,
778 3673 867 3744 qui
908 3682 1097 3744 putant
1146 3687 1269 3731 esse
1293 3673 1540 3730 naturale
1586 3688 1765 3746 pecca-

236 3866 380 3922 Auc.
420 3864 501 3919 Tu
528 3862 660 3918 furis
685 3864 863 3934 potius
887 3861 1146 3918 adversus
1182 3862 1370 3927 Deum,
1395 3866 1552 3932 quem
1575 3864 1765 3933 procul

163 3958 331 4015 dubio
369 3957 671 4013 criminaris
717 3956 993 4028 iniustum,
1033 3955 1080 4011 si
1124 3954 1262 4009 ﬁlios
1291 3954 1471 4010 Adam
1511 3955 1655 4009 nulla
1696 3960 1766 4011 e’x

165 4053 282 4121 illo,
311 4061 373 4107 ut
407 4065 708 4116 asseveras,
740 4049 879 4105 mala
921 4048 1111 4104 merita
1151 4047 1442 4114 trahentes,
1479 4054 1657 4103 tamen
1696 4061 1763 4102 ex

162 4146 255 4203 die
281 4147 464 4203 exitus
487 4145 556 4202 de
582 4151 768 4200 ventre
794 4143 982 4199 matris
1005 4157 1192 4198 eorum
1225 4142 1370 4213 gravi
1388 4142 1517 4214 jugo
1544 4142 1756 4213 premit,

162 4239 309 4311 quod
357 4253 556 4309 negare
599 4250 703 4292 non
753 4236 983 4302 sineris;
1012 4243 1068 4291 et
1112 4233 1332 4290 obtusos
1375 4233 1600 4289 credens
1642 4247 1762 4287 mea

164 4342 368 4402 tutaque
416 4330 583 4386 verba.
616 4345 741 4386 esse
784 4329 1049 4395 lecturos,
1080 4328 1225 4398 quod
1267 4338 1373 4383 non
1401 4327 1531 4394 dixi,
1563 4327 1763 4382 dixisse

163 4440 255 4480 me
279 4424 441 4479 dicis.
470 4421 856 4494 Quando’enim
887 4434 986 4491 ego
1014 4419 1272 4489 dicerem,
1308 4419 1457 4488 Quini
1483 4427 1638 4491 agunt
1668 4435 1763 4490 pa-

163 4525 367 4584 rentes,
399 4514 711 4571 diabon
733 4523 805 4569 est
823 4530 843 4580 ;
889 4527 1011 4568 cum
1053 4511 1107 4567 id
1150 4512 1294 4583 quod
1337 4510 1657 4583 procreandi“
1681 4510 1763 4565 in-

165 4610 408 4667 tentione
447 4609 740 4664 miscentur
763 4613 910 4662 casta
947 4604 1214 4675 coniugia,
1241 4604 1442 4660 bonum
1481 4614 1613 4673 opus
1641 4617 1762 4658 esse

161 4701 541 4775 proclament?
583 4700 688 4756 Sed
729 4699 867 4754 hanc
895 4697 1330 4753 commixtionem
1359 4711 1465 4751 non
1491 4695 1657 4751 fuisse
1685 4696 1763 4750 fu-

158 4806 342 4854 turam
390 4795 716 4867 pudendam,
740 4795 793 4849 si
822 4800 1097 4863 peccatum
1139 4791 1391 4857 hominis,
1423 4805 1533 4862 quo
1569 4798 1762 4845 natura

158 4894 346 4950 vitiata
374 4898 478 4957 est,
514 4904 623 4946 non
668 4888 1066 4959 praecessisset;
1111 4884 1257 4940 unde
1293 4884 1468 4939 carnis
1506 4883 1763 4953 concupi-

156 4987 370 5045 scentia
402 4984 520 5041 talis
535 4982 725 5040 ell‘ceta
749 4992 852 5046 est,
875 4990 936 5035 ut-
953 4996 1021 5036 eo
1048 4979 1190 5034 malo
1217 4993 1375 5033 nemo
1395 4978 1532 5033 bene
1562 4986 1760 5046 utatur,

158 5082 266 5142 nisi
304 5081 425 5151 ejus
465 5077 700 5133 motibus
726 5074 793 5130 ad
823 5074 1006 5130 illicita
1048 5071 1359 5144 pertrahere
1399 5071 1759 5139 molientibus,

154 5190 189 5233 ο
213 5173 497 5231 contrario
525 5169 938 5240 conenpiseente
966 5166 1156 5237 spiritu
1180 5166 1490 5222 reluctetur.
1520 5165 1637 5221 Non
1664 5166 1763 5220 ita-

153 5282 268 5339 que
310 5266 563 5329 dicimus,
615 5262 764 5330 Quod
809 5269 969 5332 agunt
1016 5269 1269 5329 parentes,
1302 5258 1606 5313 diabolicum
1645 5267 1763 5314 est:

154 5358 310 5415 malo
338 5357 537 5428 quippe
558 5356 698 5411 bene
715 5354 787 5409 uti
816 5366 986 5423 usque
1013 5350 1148 5407 adeo
1171 5349 1490 5406 diabolicum
1523 5362 1628 5408 non
1655 5355 1758 5418 est,

155 5462 219 5507 ut
253 5452 374 5521 ipso
400 5464 613 5520 quoque
637 5446 853 5503 diabolo
878 5447 1015 5502 bene
1042 5452 1224 5500 utatur
1243 5444 1401 5499 Deus.
1423 5445 1554 5501 Illud
1583 5453 1762 5502 autem

152 5562 263 5600 nos
311 5544 494 5599 dicere
543 5558 652 5599 non
700 5542 977 5613 negamus,
1011 5538 1160 5606 Quod
1206 5549 1481 5595 noscuntur
1520 5540 1638 5612 ﬁlii,
1670 5539 1764 5597 Dei

152 5653 299 5705 opus
320 5643 438 5699 est;
467 5634 557 5689 sed
585 5634 656 5688 rei
679 5642 835 5688 sunt:
864 5647 971 5687 non
1018 5632 1108 5687 Dei
1135 5642 1318 5703 opere,
1342 5642 1449 5702 quo
1487 5640 1759 5701 creantur,

150 5736 217 5783 ut
264 5738 589 5793 nascantur;
621 5726 715 5783 sed
735 5717 948 5797 peccati
976 5725 1201 5798 origine,
1231 5734 1335 5797 qua
1362 5725 1683 5798 obligantur,
1714 5731 1760 5784 si

152 5837 271 5875 non
303 5827 676 5875 renascantur.

226 6023 247 6055 ι
283 6020 422 6082 Editi,
464 6032 559 6071 non
579 6018 723 6071 hunc.
758 6026 974 6085 Negante
995 6019 1229 6085 particula
1248 6028 1383 6073 caret
1405 6028 1486 6071 Ms.
1511 6028 1639 6072 Port.

1550 494 1752 553 LIBER
1790 495 2106 567 QUINTUS.

3310 490 3449 557 1458

1936 608 2064 665 VIII.
2096 610 2215 666 Jun.
2234 609 2386 680 Quod
2407 616 2583 667 autem
2607 625 2710 666 non
2734 604 2892 666 fuerit
2912 600 3066 666 aliter
3080 602 3437 668 commiscen-

1858 700 1957 757 dus
1984 698 2152 758 Adam
2188 705 2395 762 mulieri
2433 702 2563 774 suae,
2589 721 2747 779 quam
2789 721 2852 759 eo
2881 721 3074 776 genere
3105 694 3243 776 quod
3269 706 3440 761 inole-

1861 795 1954 862 rit,
1975 796 2028 851 et
2052 792 2217 852 forma
2247 798 2634 867 membrorum,
2654 786 2708 854 et
2737 796 2831 855 Dei
2856 792 3155 854 benedictio
3178 792 3315 854 haud
3343 799 3450 854 ali-

1864 896 1943 942 ter
1959 887 2009 942 in
2034 904 2223 968 pecora
2242 906 2399 963 quam
2430 890 2479 946 in
2504 886 2745 947 homines
2766 886 2988 961 prolata,
3008 899 3061 946 et
3084 890 3197 962 ipsa
3226 889 3448 947 historia

1864 978 2107 1051 testatur,
2124 1002 2241 1056 qua:
2264 996 2319 1040 ut
2337 986 2568 1042 ostendit
2585 984 2862 1041 formatam
2878 995 3122 1040 naturam
3141 999 3445 1053 corporum,

1866 1076 1934 1131 ita
1964 1074 2067 1131 neu
2093 1078 2283 1133 asserit
2309 1074 2659 1133 immutatam.
2695 1078 2887 1155 Contra
2927 1074 3068 1148 quod
3094 1074 3453 1132 universitatis

1866 1169 2225 1225 testimonium
2266 1168 2395 1225 nihil
2436 1168 2700 1226 invenitur
2728 1169 2777 1224 in
2812 1169 2926 1240 lege
2958 1166 3086 1234 Dei;
3120 1166 3220 1223 nisi
3252 1167 3303 1222 iu
3343 1166 3452 1222 Ma-

1865 1261 2054 1317 nichaei
2106 1262 2275 1332 libris,
2316 1264 2403 1335 qui
2450 1264 2584 1320 hanc
2614 1262 3098 1332 concupiscentiam
3139 1277 3167 1315 a
3214 1260 3455 1334 principe

1867 1346 2204 1410 tenebrarum
2231 1362 2622 1411 commentatur
2650 1352 2899 1410 infusam.

1935 1447 2070 1503 Avo.
2112 1444 2225 1502 Non
2268 1445 2433 1502 forma
2469 1446 2851 1513 membrorum,
2882 1446 3002 1518 quia
3050 1456 3266 1517 peccato
3296 1445 3450 1517 primi

1867 1536 2098 1595 hominis
2128 1548 2325 1594 mutata
2369 1555 2475 1593 non
2506 1546 2607 1603 est,
2638 1538 3124 1609 Concupiscentiam
3156 1537 3332 1593 carnis
3362 1552 3451 1591 as-

1865 1631 1994 1688 serit
2037 1632 2194 1686 talcm
2251 1630 2413 1686 fuisse
2458 1640 2583 1686 ante
2637 1632 2931 1702 peccatum,
2973 1620 3142 1700 qualis
3185 1628 3451 1701 apparuit,

1865 1723 2076 1799 quando
2103 1720 2349 1796 pudenda
2382 1733 2647 1790 texerunt,
2681 1733 2736 1780 et
2766 1718 2901 1780 unde
2932 1730 2988 1779 tu
3023 1738 3129 1777 non
3160 1721 3454 1789 erubescis,

1867 1822 2231 1889 erubucrtmt;
2286 1818 2631 1875 ostendentes
2675 1821 2837 1874 etiam
2884 1827 3131 1873 manente
3190 1815 3358 1871 forma
3401 1814 3455 1872 in

1868 1932 1924 1971 sc
1967 1908 2166 1987 aliquid
2197 1930 2317 1970 csse
2349 1922 2630 1968 mutatum.
2669 1900 2924 1982 Quamvis
2958 1920 3012 1967 et
3041 1912 3154 1981 ipsa
3195 1910 3453 1976 membra,

1866 2002 2081 2082 Quando
2103 2006 2360 2064 deformia
2385 2017 2438 2063 et
2464 2016 2805 2062 monstruosa
2838 2011 3146 2070 nascuntur,
3168 2002 3337 2075 pudor
3363 2015 3458 2057 ros

1867 2108 2021 2165 fateri
2053 2110 2215 2180 cogit,
2258 2108 2398 2179 quod
2429 2107 2575 2162 nullo
2610 2106 2791 2173 modo,
2820 2104 2866 2158 si
2894 2118 3050 2159 nemo
3090 2107 3382 2174 peccasset,
3405 2099 3458 2154 in

1870 2203 2115 2273 paradiso
2148 2201 2271 2256 talia
2320 2194 2685 2255 nascerentur.
2721 2197 3154 2253 Bcnedictionem
3183 2209 3309 2249 vero
3341 2192 3457 2261 Dei,

1869 2311 1970 2365 qua
1992 2294 2190 2350 dictum
2219 2301 2320 2360 cst,
2350 2292 2587 2357 Crescite,
2621 2300 2664 2346 et
2687 2288 3093 2362 multiplicamini
3120 2286 3269 2359 (Gen.
3294 2301 3332 2355 ι,
3364 2285 3457 2353 21,

1868 2389 1983 2459 28),
2012 2386 2138 2457 quid
2172 2386 2382 2452 mirum,
2408 2386 2454 2440 si
2490 2385 2647 2440 etiam
2681 2394 2897 2455 peccato
2926 2393 3113 2438 natura
3144 2382 3323 2438 vitiata
3352 2395 3460 2435 non

1871 2479 2140 2551 perdidit?
2164 2478 2278 2533 Non
2306 2477 2447 2534 enim
2476 2485 2591 2532 erat
2611 2491 2966 2546 consequens,
3002 2484 3058 2528 ut
3084 2473 3206 2544 quia
3238 2473 3460 2527 immor-

1873 2550 2128 2630 talitatem
2179 2562 2597 2644 felicitatemque
2642 2550 2967 2643 perdiderat,
3014 2568 3258 2637 perderet
3299 2565 3460 2620 etiam

1873 2654 2269 2734 fecunditatem,
2296 2683 2414 2737 qua:
2445 2663 2900 2737 irrationabilibus
2930 2676 3144 2737 quoque
3180 2657 3464 2713 animanti-

1873 2757 1970 2813 bus
1998 2769 2081 2814 est
2109 2758 2301 2813 tributa
2324 2774 2339 2821 ;
2372 2752 2423 2812 in
2456 2756 2649 2827 quibus
2676 2771 2824 2823 caro,
2866 2752 2967 2809 etsi
2994 2749 3342 2822 concupiscit,
3370 2748 3464 2804 atl-

1873 2867 2060 2908 versus
2088 2852 2332 2924 Spiritum
2366 2866 2471 2905 non
2500 2848 2832 2920 concupiscit
2858 2866 2869 2902 :
2903 2846 3043 2918 quod
3071 2856 3173 2901 tua:
3204 2852 3466 2915 susceptae

1872 2944 2233 3000 miserrimum
2275 2943 2477 2999 bellum
2508 2950 2600 2998 aut
2636 2941 3000 3012 turpissimum
3038 2954 3261 3010 regnum
3291 2939 3465 2994 intro-

1872 3040 2069 3096 ducere
2099 3039 2310 3094 conaris
2339 3040 2389 3092 in
2421 3038 2560 3093 illius
2588 3036 2912 3091 beatissima:
2954 3034 3099 3106 pacis
3126 3043 3179 3087 ct
3204 3031 3467 3089 libertatis

1875 3133 2086 3201 locum;
2126 3131 2557 3204 quandoquidem
2609 3131 2661 3185 in
2718 3127 2998 3198 paradiso,
3049 3127 3258 3184 etiamsi
3302 3140 3465 3181 nemo

1874 3234 2172 3295 peccasset,
2213 3224 2317 3280 tale
2357 3223 2596 3278 futurum
2642 3223 2805 3276 fuisse
2848 3219 3128 3276 contendis
3174 3217 3466 3273 humanum

1875 3332 2064 3389 genus,
2090 3326 2145 3372 ut
2173 3325 2360 3372 contra
2405 3314 2675 3370 libidinem
2708 3326 3088 3384 pugnaremus,
3127 3318 3219 3365 aut
3257 3309 3465 3366 libidini

1875 3413 2220 3479 serviremus,
2251 3411 2294 3466 si
2320 3424 2552 3480 pugnare
2580 3407 2867 3464 nollemus.

1946 3504 2040 3562 IX.
2080 3505 2200 3562 ιω..
2241 3504 2350 3560 Nos
2374 3518 2501 3557 vero
2541 3501 2754 3558 renasci
2790 3513 2979 3555 omnes
3017 3498 3341 3569 Baptismate
3369 3495 3467 3553 de-

1874 3600 2029 3668 bere,
2052 3606 2109 3655 et
2130 3613 2296 3672 Opere
2325 3607 2509 3654 nostro
2537 3606 2590 3653 et
2616 3610 2865 3652 sermone
2899 3602 3161 3651 testamur
3189 3611 3202 3649 :
3236 3591 3332 3655 sed
3360 3606 3470 3648 non

1876 3703 1938 3751 ut
1983 3693 2142 3765 hujus
2190 3693 2550 3763 impertitione
2598 3690 2866 3756 beneﬁcii,
2908 3689 2975 3745 de
3017 3690 3139 3759 jure
3186 3686 3469 3742 videantur

1875 3786 2073 3845 diaboli
2106 3786 2353 3859 plagiati;
2384 3799 2569 3841 verum
2605 3793 2662 3840 ut
2703 3782 2791 3854 qui
2818 3789 2943 3838 sunt
2984 3795 3146 3851 opera
3187 3778 3308 3847 Dei,
3337 3777 3468 3834 ﬁant

1876 3880 2099 3952 pignora
2150 3879 2278 3944 Dei;
2328 3885 2383 3934 et
2429 3876 2519 3949 qui
2562 3882 2855 3932 nascuntur
2899 3872 3094 3940 viliter,
3140 3885 3247 3928 non
3292 3878 3470 3926 tamen

1875 3972 2058 4038 noxic,
2087 3979 2435 4027 renascantur
2475 3969 2728 4040 pretiose,
2760 3983 2866 4024 non
2898 3976 3076 4023 tamen
3104 3963 3467 4033 calumniose;

1874 4063 2074 4135 quique
2103 4061 2366 4134 prodeunt
2391 4076 2459 4117 ex
2504 4060 2759 4116 institutis
2805 4060 2920 4127 Dei,
2950 4057 3319 4131 provehantur
3347 4072 3469 4128 my-

1875 4164 2057 4221 steriis
2091 4163 2219 4231 Dei;
2273 4170 2325 4218 ct
2354 4161 2443 4231 qui
2478 4160 2711 4217 aderunt
2735 4174 2899 4231 opera
2929 4167 3156 4224 naturae,
3182 4155 3322 4212 dona
3351 4168 3472 4227 gra-

1877 4257 1965 4312 tia.-
2010 4265 2440 4327 consequantur;
2489 4270 2553 4309 ac
2596 4253 2851 4309 Dominus
2897 4266 3026 4307 suus
3071 4249 3161 4320 qui
3209 4264 3304 4305 eos
3345 4245 3473 4304 fecit

1876 4346 2159 4406 condendo
2186 4347 2377 4414 honos,
2406 4345 2566 4402 faciat
2594 4343 2900 4400 innovando
2924 4340 3333 4413 adoptandoque
3357 4354 3472 4394 mc-

1874 4447 2060 4501 Iiores.
2086 4445 2226 4516 Ergo
2250 4443 2372 4513 jure
2407 4441 2621 4509 dicitur,
2649 4439 2956 4496 conﬁtearis
2986 4450 3206 4493 necesse
3236 4441 3339 4500 est,
3369 4447 3470 4487 na-

1876 4538 2049 4594 turale
2069 4536 2211 4609 quod
2237 4535 2560 4591 Maniclueus
2590 4533 2834 4597 ﬁnxerat,
2867 4530 2960 4587 sed
2993 4540 3047 4585 tu
3074 4528 3290 4583 nomine
3318 4540 3470 4583 com-

1875 4639 2082 4685 mutato
2104 4628 2362 4700 originale
2392 4642 2571 4691 vocas,
2600 4625 2865 4679 interiisse
2901 4630 3199 4693 peccatum.
3232 4618 3343 4676 Nec
3368 4619 3472 4675 hoc

1875 4739 1939 4780 ea
1982 4721 2244 4778 catholica
2288 4719 2423 4775 ﬁdes
2465 4718 2665 4773 credit1
2714 4716 3025 4787 antiquitus,
3058 4729 3177 4785 quae
3224 4727 3329 4768 non
3368 4712 3508 4767 du-'

1874 4815 2009 4871 bitat
2034 4820 2090 4869 et
2130 4812 2377 4884 parvulos
2421 4827 2449 4864 a
2500 4811 2610 4865 Deo
2656 4809 2802 4877 ﬁeri,
2832 4816 2886 4865 et
2910 4807 3109 4863 malum
3139 4808 3206 4864 ab
3234 4821 3302 4864 eo
3340 4806 3473 4862 nihil

1876 4908 1994 4964 ﬁeri
2026 4926 2038 4962 :
2068 4922 2132 4963 ac
2174 4921 2268 4978 per
2304 4905 2406 4961 hoc
2447 4920 2612 4975 opera
2654 4904 2749 4959 Dei
2793 4910 2919 4959 ante
2962 4902 3146 4957 liberae
3184 4901 3475 4958 voluntatis

1877 5018 2056 5071 usum,
2102 5009 2307 5056 naturae
2352 4998 2660 5071 praeiudicio
2701 5012 2800 5054 nec
2843 5011 2956 5065 rea,
2992 5011 3092 5053 nec
3132 4996 3231 5053 sub
3275 4995 3475 5053 diaboli

1871 5095 1996 5166 jure
2027 5094 2328 5151 constituit.

1948 5192 2085 5245 Auc.
2126 5185 2394 5257 Originale
2449 5188 2728 5253 peccatum
2793 5190 3075 5252 propterea
3123 5178 3477 5250 signiﬁcatius

1874 5295 2035 5351 quam
2064 5278 2303 5333 naturale
2323 5275 2571 5341 dicimus,
2602 5282 2658 5329 ut
2690 5288 2795 5328 non
2823 5273 2986 5328 divini
3013 5272 3214 5341 operis,
3251 5271 3346 5328 sed
3374 5270 3476 5327 hu-

1875 5388 2052 5429 manu:
2091 5371 2312 5443 originis
2365 5368 2756 5441 intelligatur';
2805 5367 3037 5423 maxime
3082 5373 3301 5436 propter
3343 5365 3474 5421 illud

1874 5464 2308 5538 signiﬁcandum,
2331 5463 2474 5535 quod
2514 5476 2610 5533 per
2650 5477 2813 5519 unum
2862 5459 3135 5516 hominem
3167 5458 3384 5514 intravit
3424 5459 3473 5515 in

1877 5557 2169 5624 mundmn;
2215 5555 2357 5627 quod
2403 5569 2507 5610 non
2554 5553 2735 5608 interit
2758 5551 3115 5622 disputatione
3165 5549 3471 5621 Pelagiana,

1876 5650 1974 5707 sed
2015 5649 2420 5720 regeneratione
2461 5644 2785 5702 Christiana.
2813 5643 2988 5711 Quare
3030 5651 3209 5698 autem
3252 5656 3348 5698 vos
3388 5643 3443 5727 di

1876 5742 2010 5800 eatis
2036 5740 2245 5798 renasci
2270 5752 2460 5795 omnes
2481 5736 2729 5809 parvulos
2754 5733 2951 5791 debere
2973 5734 3321 5805 Baptismate,
3345 5734 3475 5792 satis

1943 5899 1960 5930 ι
1997 5903 2127 5957 Mss,
2151 5892 2380 5945 credidit.

1942 5961 1963 6032 ῗ
1997 5953 2123 6032 ¹ἓ¹¹ίὲέ
2143 5957 2223 6032 hic,
2244 5953 3128 6032 νθῗξῑιὲξ,,ἓθὲἷδῗῖΨἹὲίὲεέΗὲΡῖῖλῗθδ
3146 5956 3287 6032 lum
3329 5957 3483 6032 Pal!“

1775 6008 1791 6027 ‘
1878 5994 3008 6083 πῖθ’ἱιῧὲῗὲέςῖὀιῖἔῖοἱιίένὰιῖεᾘὶἲὲἔιίζιῖιῖιιῖέ
3016 5994 3481 6085 Epignmi-WE:

2788 6306 2869 6336 -ι,¹ι
