3962 6476
1126 302 1181 345 α

576 416 602 474 Ι
612 416 717 475 459

576 558 855 625 novimus;
897 557 1023 615 inde
1062 558 1258 630 quippe
1299 558 1430 614 estis
1471 558 1708 615 haeretici
1740 575 1754 611 :
1786 571 1849 612 ac
1878 566 2026 626 peste
2062 568 2163 610 no-

573 650 701 706 vitia
731 660 915 706 contra
958 650 1326 722 antiquitatem
1368 652 1644 735 catholicae
1689 650 1946 706 Ecclesia:
1973 649 2161 722 dispu-

575 742 720 811 tatis,
752 743 991 801 dicentes
1034 759 1144 799 non
1168 745 1286 800 erui
1326 744 1573 815 parvulos
1612 743 1681 799 de
1719 750 1984 814 potestate
2012 751 2162 798 tene-

570 834 789 890 brarum
835 836 1004 907 gratia
1048 835 1455 907 Redemptoris;
1504 851 1627 892 cum
1668 835 1940 891 Catholica
1990 835 2043 890 in
2081 834 2161 891 eis

572 925 818 984 exsufflet
847 937 901 983 et
928 930 1217 994 exorcizet,
1248 928 1429 999 utique
1471 938 1790 999 potestatem
1816 926 2035 995 diaboli,
2058 942 2160 985 ne-

569 1032 673 1088 que
697 1018 839 1077 cnim
867 1019 1153 1091 imaginem
1177 1019 1293 1075 Dei.
1320 1019 1457 1087 Quid
1480 1029 1564 1076 est
1588 1034 1716 1093 ergo
1739 1019 1881 1091 quod
1909 1019 2061 1087 dicis,
2089 1017 2161 1076 Ut

567 1111 653 1182 qui
697 1122 972 1167 nascuntur
1013 1114 1194 1178 uiliter,
1242 1130 1344 1168 non
1384 1123 1561 1187 tamen
1605 1114 1786 1183 noxie,
1827 1124 2160 1170 renascantur

569 1204 802 1273 pretiose,
845 1221 949 1260 non
994 1213 1162 1261 tamen
1209 1205 1516 1261 calumniose
1532 1222 1554 1272 ;
1602 1222 1702 1262 nec
1748 1207 1922 1278 ipsum
1970 1222 2156 1263 eorum

566 1299 817 1369 pretium,
860 1315 967 1371 quo
1010 1300 1071 1355 ﬁt
1112 1309 1169 1356 ut
1214 1301 1447 1371 pretiose
1493 1310 1843 1357 renascantur
1884 1300 2155 1357 attendis?

565 1388 704 1458 Quid
742 1399 824 1446 est
852 1391 1016 1458 enim,
1053 1391 1155 1447 nisi
1201 1392 1418 1465 sanguis
1464 1392 1603 1463 Agni
1652 1392 2017 1448 immaculati?
2062 1392 2155 1463 qui

564 1482 690 1537 cur‘
722 1482 791 1538 sit
814 1482 1036 1551 effusus,
1068 1483 1262 1539 clamat
1300 1485 1415 1554 ipse
1443 1484 1645 1555 Agnus.
1679 1484 1871 1539 Annon
1914 1483 2027 1555 ipse
2056 1482 2150 1550 ait,

563 1573 669 1629 Hic
694 1584 765 1630 est
786 1576 993 1646 sanguis
1017 1593 1179 1646 meus,
1207 1577 1294 1648 qui
1320 1594 1413 1649 pro
1446 1577 1652 1633 multis’
1687 1576 1973 1647 e/Tundetur
1992 1578 2046 1632 in
2069 1593 2152 1632 re-

563 1668 851 1723 missionem
882 1676 1197 1737 peccatorum
1222 1668 1437 1741 (Matth.
1456 1685 1605 1737 xxvt,
1630 1668 1761 1741 28)?
1783 1669 1863 1726 Tu
1884 1684 2011 1726 veto
2038 1686 2154 1725 ma—

561 1776 697 1832 gnus
726 1761 1135 1824 mirabiliarius'
1179 1771 1233 1818 et
1262 1762 1393 1818 dicis
1438 1762 1588 1818 illum
1634 1763 1946 1834 sanguinem
1989 1762 2151 1819 etiam

561 1867 662 1925 pro
711 1854 943 1924 parvulis
986 1854 1155 1922 fundi,
1188 1862 1241 1911 et
1267 1870 1431 1927 negas
1473 1856 1553 1911 eis
1601 1872 1698 1927 per
1750 1855 1901 1911 illum
1933 1865 2152 1927 peccata

560 1944 664 1999 ulla
697 1944 927 2013 dimitti;
960 1945 1101 2003 dicis
1141 1947 1416 2017 lavandos,
1441 1957 1497 2005 et
1524 1963 1689 2019 negas
1714 1947 2040 2017 abluendos;
2070 1948 2153 2005 di-

559 2035 639 2091 cis
683 2037 1048 2107 innovandos,
1089 2049 1143 2095 et
1191 2054 1353 2111 negas
1393 2056 1426 2095 a
1464 2049 1731 2097 vetustate
1777 2041 2147 2110 mundandos;

559 2126 695 2184 dicis
733 2144 830 2199 per
854 2130 1184 2187 Salvatorem
1209 2131 1562 2202 adoptandos,
1598 2142 1653 2189 et
1680 2149 1845 2206 negas
1882 2150 2003 2191 esse
2039 2135 2148 2190 sal-

557 2220 782 2277 vandos.
828 2221 934 2278 Sed
991 2221 1122 2278 nos‘
1160 2224 1241 2280 eis
1283 2224 1532 2281 videlicet
1572 2226 1978 2290 calumniamur,
2025 2227 2149 2297 quia

559 2312 788 2369 dicimus
815 2328 910 2369 eos
935 2326 1171 2371 mortuos
1195 2332 1317 2375 esse
1343 2318 1397 2372 in
1423 2317 1631 2374 delictis
1656 2329 1710 2374 et
1738 2319 2001 2390 praeputio
2025 2334 2146 2375 ear-

555 2406 640 2461 nis
685 2421 829 2473 suae;
862 2416 917 2463 et
959 2408 1081 2465 ideo
1109 2410 1163 2465 in
1204 2420 1378 2467 morte
1403 2410 1601 2467 Christi
1644 2412 1921 2481 baptizari,
1945 2422 2003 2468 ut
2031 2428 2149 2469 mo-

556 2499 769 2555 riantur
797 2510 1038 2571 peccato,
1065 2504 1158 2573 qui
1186 2505 1382 2560 mortui
1408 2505 1615 2561 fuerant
1640 2506 1695 2561 in
1722 2517 1938 2577 peccato
1966 2526 1980 2562 :
2010 2517 2065 2564 et
2090 2515 2146 2564 tu

555 2607 651 2648 eos
679 2592 943 2661 defendis,
967 2596 1059 2665 qui
1091 2597 1339 2668 negando
1374 2598 1493 2654 illos
1532 2608 1790 2669 mortuos,
1821 2600 1874 2656 id
1913 2601 2048 2673 agis,
2069 2616 2146 2658 .ne

554 2685 623 2741 ab
647 2687 725 2742 eis
753 2688 895 2743 foras
933 2688 1191 2757 mittatur,
1223 2692 1315 2761 qui
1356 2693 1546 2748 mortis
1587 2702 1909 2764 potestatem
1953 2694 2141 2761 habet;

553 2791 619 2833 ac
661 2778 739 2834 sic
781 2779 850 2835 de
888 2790 1061 2838 morte
1102 2782 1300 2838 Christi
1346 2785 1551 2841 nullum
1595 2785 1911 2842 beneficium
1953 2801 2145 2843 conse-

553 2878 802 2940 quantur,
822 2873 914 2944 qui
941 2890 1073 2928 unus
1098 2891 1190 2948 pro
1214 2876 1444 2931 omnibus
1472 2886 1700 2932 mortuus
1724 2887 1817 2935 est.
1839 2878 1992 2948 Quod
2020 2895 2143 2936 cum

553 2959 777 3017 dixisset
819 2963 1130 3033 Apostolus,
1184 2983 1307 3023 mox
1355 2968 1621 3024 conclusit
1662 2978 1822 3041 atque
1867 2971 1971 3039 ait,
2002 2970 2142 3044 Ergo

553 3067 725 3107 omnes
750 3056 935 3109 mortui
954 3066 1091 3123 sunt,
1108 3066 1157 3111 et
1181 3075 1274 3128 pro
1299 3060 1528 3114 omnibus
1553 3069 1779 3115 mortuus
1806 3070 1881 3116 est
1917 3061 1994 3135 (ll
2020 3060 2140 3118 Cor.

551 3158 608 3210 v,
639 3145 727 3213 14,
754 3146 865 3217 15).
900 3146 1052 3204 Unde
1079 3151 1169 3220 qui
1199 3151 1271 3205 ita
1310 3150 1548 3207 defendit
1588 3153 1857 3223 parvulos,
1881 3162 1940 3210 ut
1978 3164 2143 3226 neget

549 3245 824 3302 mortuos;
870 3252 975 3293 non
1003 3254 1098 3296 eos
1123 3257 1152 3294 a
1193 3251 1366 3298 morte
1393 3243 1650 3310 defendit,
1680 3245 1775 3301 sed
1817 3247 1871 3301 in
1912 3256 2140 3303 mortem

547 3326 837 3382 secundam
863 3330 1078 3399 premit,
1103 3347 1236 3402 quos
1262 3332 1330 3389 ab
1357 3334 1473 3404 ejus
1496 3334 1780 3406 beneﬁcio,
1807 3338 1896 3409 qui
1924 3340 2139 3395 nonnisi

547 3430 647 3486 pro
667 3422 889 3476 mortuis
919 3432 1161 3478 mortuus
1184 3425 1526 3495 praedicatur,
1556 3429 1813 3485 excludit.

619 3508 688 3563 X.
729 3509 847 3565 Jun.
891 3511 1016 3568 Post
1064 3513 1208 3584 hmo,
1244 3531 1458 3572 omnem
1512 3519 1661 3574 illum
1712 3531 2020 3578 contextum
2068 3524 2137 3581 de

548 3602 813 3658 Abraham
835 3613 890 3661 et
913 3605 1042 3662 Sara
1059 3647 1074 3672 ,
1102 3609 1192 3680 qui
1210 3611 1473 3667 emortuis
1494 3612 1606 3683 jam
1627 3615 1943 3685 corporibus
1970 3616 2135 3673 tilium

546 3711 645 3767 pro
670 3712 892 3754 munere
918 3713 1259 3771 acceperunt,
1292 3718 1519 3775 quorum
1546 3708 1849 3777 exemplum
1878 3719 2133 3779 quantum

542 3792 753 3847 veritati
802 3792 1140 3866 suffragetur,
1190 3811 1297 3852 non
1340 3797 1513 3854 solum
1557 3800 1792 3870 sapiens,
1833 3802 1928 3857 sed
1970 3803 2133 3858 etiam

544 3885 831 3942 mediocris
863 3887 1033 3944 lector
1076 3890 1350 3962 intelligit,
1396 3893 1474 3947 sic
1520 3894 1795 3964 praeteriit,
1828 3904 1885 3951 ut
1931 3895 2134 3952 diceret

539 3986 725 4034 contra
754 3996 812 4035 se
837 3995 940 4035 non
980 3982 1201 4038 multum
1234 3984 1430 4040 valere.
1461 3986 1503 4040 A
1535 4001 1640 4057 qua
1684 3987 2009 4059 impudentia
2048 3989 2131 4045 vel

542 4069 630 4124 illa
656 4086 776 4126 eum
799 4071 984 4128 debuit
1001 4090 1256 4132 revocare
1281 4079 1566 4147 sententia,
1584 4095 1702 4150 quae
1724 4081 1798 4136 ita
1826 4091 2131 4139 constructa

541 4169 625 4215 est
658 4178 670 4213 :
719 4161 783 4215 Et
814 4172 870 4216 ut
894 4164 1123 4233 breviter,
1150 4167 1351 4238 inquio,
1381 4170 1736 4239 disputationis
1764 4174 1913 4243 hujus
1932 4190 2132 4229 summa

539 4253 850 4321 claudatur;
894 4256 939 4310 si
980 4274 1069 4328 per
1105 4260 1562 4330 concupiscentiam
1601 4262 1827 4318 redditus
1875 4275 1948 4320 est
1983 4283 2130 4336 quem

539 4344 680 4401 Deus
711 4348 958 4417 promisit,
989 4348 1118 4403 bona
1143 4351 1251 4404 sine
1277 4350 1427 4406 dubio
1448 4368 1562 4422 quae
1586 4354 1796 4409 absolvit
1816 4354 1915 4410 Dei
1940 4357 2128 4426 fidem;

536 4442 581 4496 si
627 4442 735 4496 sine
781 4442 1214 4512 concupiscentia,
1252 4444 1406 4499 noxia
1452 4462 1551 4499 non
1596 4456 1757 4525 potest
1800 4465 1905 4503 esse
1948 4466 2128 4521 proge-

536 4534 681 4600 nito;
724 4550 836 4604 qua:
876 4551 965 4588 nec
1008 4551 1122 4589 cum
1160 4538 1525 4608 conciperetur,
1559 4555 1648 4593 nec
1684 4557 1799 4595 cum
1845 4552 2121 4611 pareretur,

536 4624 782 4694 interfuit.

610 4720 743 4775 Aue.
786 4720 912 4776 Sine
958 4724 1388 4792 concupiscentia
1431 4724 1609 4779 carnis
1668 4724 1895 4780 Ahrabm
1959 4726 2122 4781 filium

536 4810 853 4867 scmiuatum
886 4810 1068 4877 fuisse,
1099 4815 1219 4884 quis
1245 4814 1428 4869 dicat?
1469 4815 1650 4885 Neque
1684 4832 1828 4871 enim
1858 4816 1960 4873 hoc
1989 4833 2125 4889 opus

534 4904 691 4959 aliter
736 4905 889 4982 fieret
929 4907 981 4960 in
1025 4922 1251 4978 corpore
1296 4910 1485 4963 mortis
1528 4909 1706 4979 hujus,
1734 4911 1801 4967 de
1845 4928 1951 4982 quo
1994 4913 2124 4967 dicit

537 4968 856 5067 Apostolus,
889 4997 1083 5069 Corpus
1108 4968 1310 5069 quidem
1338 5010 1594 5055 mortuum
1621 5011 1695 5056 est
1719 4968 1921 5075 prapter
1948 5020 2124 5073 pecca-

537 5099 641 5142 tum
675 5088 847 5157 (Rom.
877 5106 988 5156 vm,
1028 5087 1135 5162 l0).
1170 5091 1281 5146 lloc
1309 5102 1485 5147 autem
1529 5094 1669 5149 malo
1698 5094 1835 5149 bene
1877 5110 2003 5150 usus
2041 5105 2126 5152 est

535 5180 804 5235 Abraham
840 5181 892 5235 in
920 5182 1204 5237 concubitu
1246 5184 1510 5255 conjugali
1543 5205 1554 5239 :
1588 5187 1728 5256 quod
1776 5187 1971 5242 malum
2012 5204 2120 5245 non

533 5281 651 5329 erat
675 5274 727 5328 in
759 5288 986 5344 corpore
1015 5274 1135 5329 vita:
1162 5276 1321 5339 illius,
1350 5293 1468 5347 quae
1507 5278 1560 5333 in
1594 5279 1842 5349 paradiso
1871 5280 1971 5336 fuit
1998 5290 2122 5338 ante

534 5372 831 5436 peccatum.
866 5365 970 5421 Sed
1003 5368 1045 5421 si
1084 5376 1366 5439 propterea
1407 5369 1542 5423 bona
1575 5371 1667 5427 tibi
1696 5371 1907 5428 videtur
1942 5374 2121 5431 carnis

530 5458 989 5529 concupiscentia,
1039 5460 1163 5530 quia
1209 5475 1302 5529 per
1348 5460 1493 5516 illam
1540 5461 1743 5518 reddita
1789 5475 1873 5520 est
1921 5465 2115 5534 proles,

596 5642 616 5705 ξ
650 5640 954 5705 vignierius,
976 5654 1102 5692 cum.
1130 5647 1332 5705 AlMss.,
1361 5655 1466 5694 cur.

532 5702 1325 5775 'téit-‘Ittss-lﬂisswwbia'
1416 5774 1421 5775 ,
1623 5769 1636 5775 _
1844 5768 1855 5775 _
2026 5762 2031 5767 .

596 5763 795 5836 '_Edit_i.,
839 5763 1128 5836 mirabilius.
1175 5767 1343 5836 hielius
1385 5768 1913 5836 Mss.,__mirabiliarius
1949 5781 1995 5836 _:,
2019 5763 2117 5836 quo

531 5825 692 5898 verbo
708 5828 858 5898 utitur
878 5830 1180 5898 Augustinus
1200 5832 1251 5898 in
1272 5825 1575 5883 'l‘ractatu'lt'i
1596 5833 1646 5885 in
1670 5839 1802 5884 toan.
1823 5868 1837 5898 ,
1862 5845 1913 5881 n.
1943 5833 2017 5885 i7.

593 5885 620 5917 δ
649 5888 725 5937 sic
745 5895 845 5938 Mss.
872 5896 925 5941 tn
945 5885 1104 5953 ἤδη,
1126 5891 1212 5942 sed
1232 5903 1341 5942 non.

1244 418 1494 477 OPERlS
1530 417 1943 476 IMPERFECTI
1980 414 2260 474 CONTRA
2294 413 2655 488 JULIANUM,
2696 418 2755 475 S.
2794 418 3168 479 AUGUSTINI

3718 422 3855 485 suo

2275 546 2434 603 quam
2477 532 2795 603 promiserat
2830 534 3005 604 Deus;
3045 537 3218 594 bonus
3257 536 3352 594 tibi
3379 538 3626 597 videatur
3650 549 3713 598 et
3746 541 3852 598 dia.

2268 622 2456 693 belus,
2506 625 2631 695 quia
2682 641 2781 697 per
2827 627 2976 684 illum
3024 631 3239 701 sanguis
3277 630 3510 699 Christi,
3549 648 3659 706 quo
3713 633 3851 690 redi-

2268 731 2560 785 meremur,
2599 716 2799 774 effusus
2835 730 2949 789 est,
2989 737 3148 792 quem
3190 722 3331 779 Deus
3368 724 3713 795 promiserat.
3757 727 3851 783 Aut

2266 807 2454 874 fatere,
2481 809 2643 866 etiam
2678 826 2774 882 per
2804 812 3019 885 aliquod
3042 814 3241 871 malum
3276 814 3430 873 reddi
3459 832 3620 889 posse
3642 818 3847 890 aliquod

2265 899 2487 958 bonum.

2335 993 2428 1050 XI.
2466 995 2586 1053 IUL.
2628 996 2738 1055 illis
2762 1013 2893 1071 ergo
2931 1001 3308 1071 praetermissis
3336 1001 3595 1075 physicus
3631 1004 3741 1061 iste
3765 1021 3848 1062 no.

2263 1104 2362 1145 vus
2389 1088 2582 1146 falsum
2609 1106 2729 1148 esse
2758 1094 3084 1163 pronuntiat,
3107 1095 3251 1167 quod
3280 1111 3381 1153 nos
3403 1096 3679 1155 diximus:
3712 1098 3848 1155 Sicut

2263 1189 2383 1235 tunc
2406 1181 2558 1239 limus
2594 1186 2681 1256 qui
2711 1197 3002 1258 assumptus
3042 1198 3134 1255 est,
3163 1191 3396 1259 materia,
3423 1208 3526 1246 non
3552 1200 3739 1247 auctor
3767 1193 3842 1249 ho-

2260 1271 2413 1327 minis
2437 1274 2535 1344 fuit
2562 1290 2581 1328 :
2614 1275 2689 1329 ita
2718 1292 2855 1331 nunc
2881 1278 2956 1331 vis
2975 1277 3067 1333 illa
3084 1280 3379 1349 voluptatis,
3404 1284 3694 1354 confecti-ia:
3722 1299 3845 1339 cont-

2259 1363 2565 1436 mixtrizque
2596 1368 2863 1438 seminum,
2896 1388 2999 1426 non
3022 1372 3193 1443 explet
3233 1373 3419 1429 divina:
3445 1376 3762 1447 operationis
3783 1378 3842 1432 ui-

2257 1471 2403 1522 cem;
2435 1457 2526 1511 sed
2553 1459 2616 1512 de
2640 1461 2889 1516 thesauris
2916 1473 3114 1519 natura:
3147 1462 3297 1532 offert
3323 1464 3453 1535 Deo,
3484 1467 3625 1522 unde
3648 1468 3742 1523 ille
3765 1470 3842 1525 ho-

2257 1547 2442 1602 minem
2461 1548 2696 1621 dignetur
2716 1556 2937 1625 cperari.
2958 1554 3090 1622 Quae
3114 1564 3291 1612 tamen
3312 1567 3461 1614 recte
3480 1574 3511 1612 a
3535 1575 3629 1615 me
3646 1561 3839 1631 prolata

2257 1645 2502 1708 testatur,
2533 1642 2628 1697 sed
2666 1654 2890 1716 excepto
2931 1661 2998 1701 eo
3025 1647 3170 1717 quod
3209 1648 3341 1716 dixi,
3374 1650 3582 1706 semina
3622 1652 3675 1706 vi
3705 1653 3841 1708 volu-

2256 1730 2418 1801 ptatis
2460 1731 2684 1799 confici;
2731 1735 3244 1810 philosophaturque
3288 1739 3393 1796 hoc
3441 1741 3644 1798 modo:
3695 1742 3838 1798 Volu-

2257 1832 2392 1893 ptas,
2422 1824 2614 1896 inquit,
2647 1826 2741 1882 illa
2785 1831 3206 1901 concupiscentia:
3236 1834 3459 1890 carnalis
3498 1852 3607 1890 non
3648 1839 3839 1907 conﬁcit

2254 1915 2469 1983 semina,
2499 1917 2589 1971 sed
2630 1935 2689 1973 ea
2717 1936 2832 1990 qum
2845 1922 2961 1993 jam
2985 1932 3103 1977 sunt
3137 1923 3192 1979 in
3217 1926 3511 1997 corporibus
3533 1944 3571 1982 a
3596 1944 3716 1985 vero
3744 1928 3837 1987 Deo

2255 2006 2512 2072 conditui,
2553 2025 2653 2064 non
2684 2011 2813 2079 fiunt
2852 2012 3127 2083 uoluptate,
3170 2015 3260 2070 sed
3298 2017 3587 2074 excitantur
3628 2030 3681 2076 et
3708 2023 3837 2077 emit-

2255 2107 2431 2153 tuntur
2469 2117 2584 2155 cum
2625 2103 2882 2174 voluptate
2928 2105 3039 2179 (De
3086 2108 3300 2180 Nuptiis
3325 2121 3375 2166 et
3406 2108 3834 2185 Concupiscentia,

2253 2190 2343 2246 lib.
2360 2191 2415 2259 2,
2435 2210 2488 2247 n.
2515 2193 2630 2267 26).
2664 2196 2780 2252 Hoc
2808 2212 2937 2254 sane
2965 2211 3188 2272 apparet
3212 2217 3359 2272 eum,
3384 2219 3493 2262 non
3519 2204 3738 2275 fraude,
3756 2210 3835 2266 sed

2252 2283 2464 2341 defectu
2498 2286 2860 2361 intelligentiae
2897 2294 3201 2363 protulisse.
3231 2295 3353 2352 Vim
3393 2298 3595 2372 quippe
3620 2316 3725 2373 ego
3759 2318 3837 2359 vo-

2252 2375 2489 2447 luptatis,
2520 2381 2689 2451 ipsam
2726 2383 2895 2440 virilis
2920 2388 3162 2458 corporis
3192 2389 3455 2447 rationem
3482 2395 3833 2465 pronuntiavi,

2251 2467 2338 2522 cui
2365 2484 2588 2527 necesse
2629 2473 2789 2529 habui
2829 2475 3092 2533 virilitatis
3136 2494 3331 2536 nomen
3381 2481 3686 2554 imponere.
3730 2486 3834 2562 Ipsa

2249 2574 2378 2631 ergo
2406 2560 2553 2633 (quia
2584 2564 2826 2622 trivimus
2842 2567 2952 2638 jam
2981 2568 3084 2625 hoc
3106 2571 3365 2645 verbum)
3394 2575 3641 2645 virilitas,
3673 2578 3726 2632 in
3752 2560 3833 2650 ge-

2249 2649 2491 2706 nitalium
2521 2662 2576 2709 et
2602 2654 2864 2712 viscerum
2892 2674 3149 2733 compage
3172 2677 3236 2718 ac
3263 2663 3492 2721 sanitate
3518 2649 3831 2737 consistens,

2248 2758 2369 2814 quae
2393 2753 2449 2800 et
2488 2752 2809 2818 appetenda:
2836 2760 2893 2808 et
2916 2752 3221 2811 efficientia;
3257 2757 3402 2814 vires
3440 2759 3735 2830 ministrat,
3768 2766 3837 2820 vis

2248 2848 2279 2888 a
2308 2850 2394 2891 me
2413 2837 2699 2909 voluptatis
2720 2851 2774 2897 et
2798 2845 3246 2915 concupiscentiae
3271 2850 3546 2907 nominata
3575 2862 3683 2909 est.
3724 2853 3834 2912 ideo

2248 2928 2393 2984 enim
2419 2945 2525 2986 non
2556 2933 2887 3004 voluptatem
2925 2938 3260 3008 simpliciter,
3282 2942 3379 2999 sed
3418 2943 3527 2998 vim
3556 2946 3832 3020 voluptatis

2245 3020 2518 3089 appellare
2544 3024 2729 3094 malui,
2761 3034 2819 3083 ut
2844 3028 3150 3086 universum
3182 3032 3336 3089 illum
3376 3036 3653 3109 ardorem,
3682 3042 3770 3112 qui
3788 3050 3835 3098 et

2244 3117 2370 3164 ante
2396 3126 2552 3182 opus,
2580 3123 2636 3170 et
2669 3115 2724 3170 in
2764 3132 2927 3188 opere
2960 3121 3208 3190 sentitur,
3257 3114 3625 3183 ostenderem.
3664 3129 3833 3201 Neque

2244 3201 2384 3256 enim
2409 3203 2669 3262 debilitati
2696 3209 3018 3280 genitalibus
3042 3214 3298 3272 membris
3315 3259 3328 3284 ,
3361 3218 3413 3274 id
3440 3228 3525 3276 est
3551 3221 3826 3293 spadones,

2242 3305 2429 3350 semen
2471 3296 2706 3367 habent;
2756 3317 2877 3358 cum
2919 3313 3066 3361 certe
3112 3308 3428 3379 quibusdam
3481 3312 3681 3371 favillis
3724 3333 3830 3375 mo-

2243 3394 2471 3442 veantur
2509 3388 2682 3460 ignis‘
2727 3395 3021 3451 exstincti:
3057 3406 3114 3453 at
3158 3415 3286 3456 vero
3332 3405 3590 3474 quoniam
3646 3409 3831 3467 virtute

2242 3480 2493 3549 partium,
2521 3498 2747 3554 quarum
2784 3488 3083 3547 ministerio
3121 3493 3483 3553 conficiuntur
3506 3499 3577 3554 de
3617 3501 3827 3560 internis

2240 3567 2556 3629 humoribus
2580 3577 2808 3647 semina,
2838 3582 3062 3650 speciali
3101 3582 3378 3644 debilitate
3417 3603 3729 3659 caruerunt,
3748 3609 3829 3666 ge-

2240 3665 2579 3722 nerationum
2628 3685 2736 3725 nou
2787 3671 2919 3728 fiunt
2978 3683 3248 3746 potentes.
3295 3678 3385 3736 Sic
3430 3698 3563 3754 ergo
3610 3665 3827 3743 instituit

2239 3755 2401 3821 Deus.
2431 3767 2491 3813 ut
2514 3769 2658 3816 esset
2680 3762 2761 3818 vis
2790 3763 2843 3818 in
2872 3779 3119 3837 corpore,
3148 3786 3267 3839 quae
3294 3771 3548 3844 legitimis
3575 3777 3824 3848 explicata

2240 3851 2597 3921 temporibus,
2628 3855 2673 3909 si
2715 3855 2974 3914 adfuisset
3014 3860 3238 3930 sanitas,
3264 3864 3331 3919 ad
3363 3863 3718 3926 fecunditatis
3744 3887 3825 3927 va-

2235 3940 2456 3997 lentiam
2502 3948 2824 4014 perveniret.
2866 3946 3235 4027 Conficiuntur
3274 3955 3452 4028 itaque
3493 3958 3549 4013 in
3591 3964 3823 4033 corpori-

2236 4031 2337 4126 bus
2358 4035 2584 4105 semina,
2614 4047 2837 4095 maturm
2865 4042 3160 4112 pubertatis
3190 4047 3395 4118 adjutu.
3423 4049 3555 4108 Inde
3574 4063 3661 4110 est

2235 4124 2543 4197 impuberes
2589 4130 2827 4187 stimulat
2853 4134 3064 4204 quidem
3110 4152 3392 4212 praecoqua
3439 4124 3822 4217 voluptas—sed

2235 4218 2353 4276 sine
2374 4236 2637 4278 annorum
2666 4223 2874 4296 legibus
2900 4230 3096 4285 sterilis
3116 4232 3370 4290 scintillat
3387 4239 3659 4296 accensio.
3677 4241 3820 4309 Quod

2234 4319 2412 4366 autem
2431 4327 2554 4369 eum
2581 4314 2854 4387 voluptate
2878 4320 3082 4376 semina
3110 4323 3455 4397 misceantur,
3472 4344 3666 4387 verum
3685 4333 3821 4404 quod

2234 4403 2336 4458 alia
2357 4405 2426 4460 sit
2451 4407 2699 4479 voluptas
2724 4427 2842 4482 qua:
2870 4414 3118 4471 sensibus
3146 4430 3481 4492 supernatat,
3511 4425 3617 4480 alia
3646 4428 3815 4484 visee-

2232 4510 2350 4549 rum
2376 4496 2598 4555 interior
2623 4510 2676 4555 et
2702 4502 2915 4559 efl'ectui
2947 4507 3188 4577 propior,
3208 4510 3350 4580 apud
3371 4513 3707 4577 medicorum
3733 4534 3821 4574 an-

2231 4594 2408 4644 ctores
2430 4589 2687 4647 latissime
2713 4592 3051 4665 disputatur;
3078 4599 3219 4658 unde
3257 4602 3349 4659 ille
3377 4605 3541 4661 etiam
3585 4608 3819 4667 Mantua-

2231 4696 2334 4736 nus
2376 4692 2532 4753 poeta
2572 4687 2892 4744 naturalium
2930 4693 3148 4762 guarior
3185 4712 3345 4766 quam
3388 4700 3816 4774 philosophaster

2230 4773 2543 4846 Ptenoruui,
2572 4781 2742 4837 macie
2768 4783 2944 4853 signat
2965 4797 3208 4844 armenta
3244 4794 3474 4862 tenuari,
3499 4806 3562 4851 ut
3583 4773 3673 4854 ubi
3695 4814 3818 4855 eon-

2230 4865 2439 4922 cubitus
2482 4869 2682 4939 primos
2711 4873 2953 4945 voluptas
2979 4886 3103 4933 nota
3140 4881 3415 4952 soilicitat,
3446 4896 3503 4942 et
3547 4888 3815 4947 frondibus

2228 4968 2513 5013 arceantur
2539 4969 2593 5016 et
2636 4960 2890 5020 fontibus.
2924 4965 3081 5039 Saepe
3119 4972 3268 5026 etiam
3295 4990 3448 5030 cursu
3491 4983 3745 5050 quatiunt,
3774 4990 3818 5037 et

2228 5048 2335 5102 sole
2356 5049 2610 5121 fatigant;
2636 5069 2751 5109 cum
2778 5059 2996 5127 grauiter
3024 5063 3185 5118 tunsis
3212 5080 3334 5120 area
3366 5048 3523 5138 gemit
3568 5071 3810 5145 frugibus,

2228 5149 2275 5194 et
2307 5141 2435 5196 leues
2477 5144 2637 5213 paleae
2678 5148 2886 5216 ﬂatibus
2921 5150 3223 5219 efferuntur.
3272 5156 3387 5213 Hoc
3423 5160 3564 5231 ideo,
3594 5141 3673 5218 nev
3694 5166 3813 5220 tm

2227 5235 2382 5289 nimio
2411 5253 2533 5292 usus
2558 5238 2820 5297 obtunsior
2848 5245 2914 5298 sit
2940 5248 3151 5317 genitali
3179 5266 3321 5319 arvo,
3349 5262 3397 5307 et
3418 5256 3592 5313 sulcos
3620 5259 3812 5314 oblimet

2225 5325 2412 5381 inertes
2437 5344 2456 5383 :
2496 5331 2586 5385 sed
2629 5333 2907 5390 siccitatem
2952 5340 3229 5408 quamdam
3273 5355 3469 5401 secreta
3516 5352 3813 5421 patiantur;

2224 5417 2395 5490 sicque
2421 5422 2590 5492 rapiat
2616 5424 2791 5481 sitiens
2814 5442 3061 5495 uenerem,
3082 5432 3391 5507 interiusque
3409 5417 3655 5497 recondat
3676 5442 3795 5515 (Vir

2224 5512 2341 5583 gil.,
2366 5512 2549 5588 Georg.
2580 5517 2668 5573 tib.
2692 5519 2746 5585 5,
2778 5535 2907 5576 vers.
2936 5522 3222 5600 rso-157).
3260 5527 3456 5587 Verum
3486 5534 3543 5589 in
3574 5535 3658 5593 his
3674 5512 3804 5608 quo-

2225 5618 2345 5674 que,
2376 5621 2481 5662 nou
2507 5609 2732 5665 multum
2755 5626 2933 5671 causa:
2961 5618 3302 5689 necessariis,
3324 5636 3554 5682 acumen
3579 5627 3809 5684 hominis

2224 5705 2441 5755 notasse
2464 5700 2712 5757 sufficiat.

3093 5848 3803 5981 mmmam
