3962 6512
153 423 293 482 ’με

228 533 369 591 Anc.
394 529 568 587 Verba
584 537 695 600 tua,
711 538 832 601 quae
860 542 946 586 me
973 526 1381 600 prmtermisisse
1406 524 1561 594 dicis,
1593 539 1753 596 quam

157 644 301 682 vana
330 628 459 695 sint,
490 625 619 681 satis
647 624 892 695 superius
917 621 1278 678 demonstravi
1310 638 1324 673 :
1355 619 1494 691 quod
1527 617 1755 674 fortasse

157 717 293 773 vidit
316 717 482 772 etiam
510 715 599 770 ille
625 714 718 786 qui
744 714 1037 771 chartulam
1082 712 1248 780 misit,
1277 720 1332 769 et
1363 711 1456 767 tibi
1484 708 1755 782 parcendo

157 809 351 865 eadem
378 808 738 879 praetermisit.
769 806 922 877 Quod
955 816 1132 862 autem
1162 806 1230 862 de
1260 806 1315 860 vi
1355 804 1643 876 voluptatis
1686 802 1704 834 ¹
1733 842 1750 868 ,

158 918 325 973 quam
354 900 731 958 confectricem
759 901 1021 957 seminum
1062 915 1182 956 esse
1220 899 1443 965 dixisti,
1485 897 1647 953 homo
1676 896 1757 952 lo-

156 994 515 1066 quacissimus
544 995 757 1049 inventa
805 993 1086 1048 occasione
1130 991 1423 1063 loquaciter
1469 989 1708 1060 disputas
1735 1030 1750 1057 ,

160 1106 264 1146 non
295 1103 436 1160 opus
459 1087 632 1144 habeo
655 1088 906 1144 resistere
933 1088 1025 1144 tibi
1051 1087 1202 1143 :haae
1222 1087 1362 1143 enim
1393 1102 1500 1144 non
1529 1087 1752 1142 multum

159 1197 282 1239 esse
313 1196 492 1237 causa:
517 1181 840 1249 necessaria,
868 1181 1027 1236 etiam
1052 1182 1166 1252 ipse
1199 1196 1608 1238 commemoras.
1643 1179 1754 1250 Ego

157 1276 359 1347 quippe
385 1276 493 1330 vim
520 1275 807 1346 voluptatis
832 1289 1143 1345 acceperam
1175 1282 1226 1330 te
1255 1274 1475 1345 intelligi
1499 1272 1750 1338 voluisse,

158 1385 265 1440 qua
297 1370 544 1441 voluptas
566 1368 766 1441 aliquid
793 1368 970 1425 facere
1008 1378 1220 1439 posset,
1253 1383 1358 1424 non
1384 1383 1488 1439 qua
1516 1366 1629 1437 ipsa
1656 1365 1753 1421 ﬁe-

158 1469 264 1516 ret.
294 1460 389 1517 Sic
428 1461 569 1517 enim
596 1461 831 1516 solemus
865 1459 1033 1531 loqui,
1066 1468 1124 1515 ut
1151 1460 1257 1516 vim
1282 1460 1360 1516 rei
1385 1458 1641 1531 cujusque
1668 1457 1753 1513 di-

158 1568 368 1621 camus,
393 1567 500 1624 qua
524 1552 669 1608 valet
692 1559 751 1609 ut
778 1552 978 1624 aliquid
1007 1551 1195 1619 faciat,
1218 1566 1325 1607 non
1353 1566 1455 1623 qua
1484 1549 1626 1608 valet
1649 1549 1752 1606 alia

161 1662 249 1702 res
278 1661 402 1716 qua:
440 1645 611 1717 ipsam
656 1645 799 1701 facit.
839 1644 919 1701 Tu
967 1652 1164 1712 autem,
1196 1656 1256 1700 ut
1283 1659 1424 1701 nunc
1456 1652 1546 1700 tua
1589 1644 1755 1701 verba

159 1737 482 1807 exposuisti,
511 1738 619 1792 vim
646 1736 934 1808 voluptatis
964 1743 1017 1792 te
1043 1736 1243 1792 dixisse
1271 1737 1486 1804 asseris,
1516 1750 1621 1807 qua
1660 1749 1756 1791 vo-

160 1830 338 1901 luptas
364 1828 508 1888 efflet
537 1838 732 1903 potest,
762 1845 870 1886 non
897 1845 1001 1901 qua
1030 1828 1194 1886 efﬁcit
1220 1829 1328 1900 ipsa
1371 1844 1490 1901 qua:
1536 1835 1751 1901 potest:

163 1930 418 1992 tanquam
455 1935 507 1978 si
532 1921 641 1978 vim
667 1921 874 1978 diceres
898 1936 1019 1977 esse
1046 1921 1206 1994 ignis,
1236 1936 1340 1992 qua
1370 1922 1484 1993 ipse
1505 1919 1755 1977 accendi-

164 2024 248 2071 tur
275 2025 333 2071 ut
356 2016 460 2083 sit,
491 2031 614 2072 eum
639 2031 825 2072 omnes
846 2016 1089 2071 homines
1117 2015 1224 2070 vim
1253 2014 1431 2071 dicant
1454 2029 1573 2071 esse
1596 2015 1751 2086 ignis,

162 2125 263 2181 qua
305 2110 435 2170 urit.
485 2109 572 2166 vel
610 2108 850 2165 calefacit
875 2123 1226 2181 qmecumque
1256 2108 1504 2180 potuerit.
1538 2107 1757 2164 lnsolito

164 2201 325 2272 igitur
347 2217 505 2258 more
531 2202 740 2258 locutus
773 2216 833 2257 es
860 2218 874 2254 :
907 2200 1001 2256 sed
1045 2200 1170 2272 quid
1197 2200 1265 2257 ad
1291 2201 1428 2256 nos?
1459 2200 1758 2272 Utcumque

163 2294 471 2363 didicimus,
506 2295 594 2350 ubi
620 2294 687 2351 de
717 2310 777 2351 re
811 2302 1041 2362 constat,
1067 2309 1174 2350 non
1201 2304 1408 2350 certare
1449 2293 1518 2349 de
1556 2294 1753 2349 verbis.

163 2386 428 2443 Convenit
473 2386 619 2444 enim
660 2386 815 2443 nobis
837 2427 853 2454 ,
886 2400 992 2441 non
1023 2385 1193 2441 solum
1225 2385 1470 2440 homines
1498 2384 1567 2441 de
1596 2385 1757 2441 semi-

164 2479 354 2546 nibus,
399 2478 497 2535 sed
542 2479 655 2549 ipsa
682 2480 841 2534 etiam
873 2477 1097 2544 semina,
1131 2492 1293 2547 opera
1321 2476 1419 2532 Dei
1447 2490 1590 2542 esse,
1619 2491 1755 2547 quo-

166 2588 399 2645 cumque
436 2572 736 2628 efﬁeiantur
762 2571 964 2637 modo;
990 2586 1056 2626 ne
1084 2568 1335 2643 physicos
1363 2570 1447 2626 vel
1475 2569 1712 2626 medicos
1737 2610 1755 2639 ,

165 2664 247 2720 vel
272 2665 441 2721 etiam
468 2673 674 2735 poetas,
706 2664 793 2719 ubi
840 2662 969 2719 nihil
1008 2678 1142 2735 opus
1170 2672 1287 2731 est,
1317 2671 1481 2719 testes
1505 2661 1759 2718 adhibea-

164 2771 317 2821 mus;
345 2765 441 2811 aut
463 2754 849 2811 contendamus
874 2753 1141 2825 quomodo
1166 2753 1236 2809 sit
1255 2752 1604 2825 loquendum,
1632 2766 1757 2809 cum

165 2848 212 2903 id
243 2858 468 2919 propter
494 2849 636 2919 quod
666 2848 952 2919 loquimur,
983 2847 1141 2902 ambo
1168 2862 1351 2903 verum
1391 2862 1513 2904 esse
1555 2847 1756 2904 sentia-

161 2954 307 3006 mus,
337 2939 394 2994 id
419 2948 521 3008 est,
554 2939 648 2995 Dei
676 2954 835 3010 opera
864 2954 985 2996 esse
1014 2939 1219 2995 semina
1252 2940 1491 2994 omnium
1537 2948 1757 2996 natura-

164 3047 305 3085 rum.
354 3030 460 3087 Sed
497 3029 690 3087 falsum
736 3039 821 3087 est
861 3031 1003 3102 quod
1044 3030 1169 3087 hinc
1196 3032 1405 3087 conaris
1430 3031 1716 3089 ostendere
1738 3073 1755 3102 ,

163 3122 282 3179 ideo
331 3124 480 3178 nulla
519 3138 641 3180 esse
685 3124 811 3179 vitia
854 3123 1142 3192 seminum,
1200 3125 1322 3195 quia
1375 3125 1515 3181 Deus
1550 3120 1758 3182 summe

162 3215 335 3271 bonus
363 3227 447 3271 est
474 3216 719 3272 conditor
744 3217 1005 3273 seminum
1036 3216 1210 3288 :quod
1237 3234 1343 3275 non
1368 3217 1594 3285 diceres,
1626 3219 1671 3275 si
1692 3234 1758 3276 eo

161 3307 322 3364 modo
351 3309 617 3365 rationem
637 3308 899 3364 seminum
930 3322 1117 3364 nosses
1142 3309 1186 3377 ⁸,
1214 3306 1484 3379 quomodo
1506 3324 1625 3365 eam
1656 3324 1755 3366 no-

162 3411 313 3459 verat
364 3403 455 3473 qui
502 3401 733 3469 dicebat,
767 3400 936 3456 Homo
963 3401 1174 3455 vanitati
1216 3402 1395 3457 similis
1438 3406 1603 3474 factus
1644 3411 1757 3468 est;

163 3501 320 3566 atque
340 3505 403 3549 ut
428 3493 533 3550 hoc
555 3496 722 3565 ipsam
750 3502 1017 3560 naturam,
1047 3509 1166 3565 qua:
1190 3493 1243 3549 in
1266 3494 1435 3564 ipsam
1466 3495 1759 3551 mortalita-

165 3597 265 3644 tem
308 3588 464 3658 lapsa
502 3595 603 3653 est,
650 3587 909 3643 meruisse
936 3586 1174 3653 doceret,
1203 3586 1451 3653 addebat,
1497 3586 1620 3643 Dies
1648 3589 1758 3660 ejus

162 3680 287 3734 sicut
324 3680 514 3734 umbra
550 3687 851 3751 pmtereunt
890 3674 1061 3753 (Psal.
1106 3694 1287 3748 exuit,
1310 3680 1368 3751 4)
1403 3695 1567 3736 :cum
1597 3681 1760 3737 sciret

163 3772 440 3827 hominem
470 3770 537 3826 ad
564 3771 656 3826 Dei
681 3771 1080 3828 similitudinem
1102 3771 1322 3837 factum,
1360 3781 1415 3829 et
1442 3781 1616 3829 tamen
1644 3774 1759 3831 dis-

162 3871 417 3920 cerneret
452 3862 521 3917 ab
573 3861 905 3919 institutione
945 3863 1125 3919 divina
1164 3863 1466 3935 depravata:
1507 3864 1758 3923 humanae

161 3954 389 4026 originis
437 3954 646 4009 vitium.
702 3953 857 4023 Quod
902 3955 955 4010 in
1010 3955 1139 4026 ipsis
1186 3971 1398 4028 quoque
1433 3959 1539 4014 tuis
1577 3958 1756 4015 verbis

162 4044 357 4115 quibus
391 4059 480 4099 me
504 4045 854 4113 momordisti,
881 4045 1063 4102 videre
1088 4045 1339 4107 debuisti.
1370 4046 1556 4102 Dixisti
1587 4049 1754 4117 enim,

171 4133 364 4190 Verum
388 4135 443 4190 in
472 4136 551 4191 his
579 4152 791 4207 quoque,
824 4152 925 4191 non
955 4137 1172 4193 multant
1209 4154 1376 4195 causa:
1412 4141 1706 4197 necessariis
1737 4183 1753 4208 ,

161 4246 377 4285 acumen
419 4230 635 4284 hominis
674 4240 873 4286 notasse
908 4230 1161 4298 suﬂ'ecerit
1181 4248 1201 4285 :
1230 4232 1515 4288 obtunsum
1543 4249 1630 4290 me
1655 4234 1757 4291 sci-

163 4322 286 4378 licet
312 4336 437 4378 esse
467 4322 787 4394 signiﬁcans,
817 4324 937 4392 quia
964 4322 1259 4395 intelligere
1287 4340 1391 4379 non
1425 4325 1571 4395 potui
1602 4326 1754 4382 locn-

164 4415 366 4470 tiouem
399 4423 542 4469 tuam
572 4415 625 4471 in
654 4415 816 4471 rebus
842 4430 950 4470 non
975 4415 1201 4470 multum
1223 4430 1397 4473 causa:
1419 4421 1754 4488 necessariis,

162 4515 219 4562 ut
244 4506 455 4562 fateris.
480 4508 588 4578 Ego
616 4515 794 4564 autem
821 4508 1034 4580 requiro
1059 4523 1087 4562 a
1118 4517 1189 4575 te,
1222 4509 1363 4565 unde
1389 4508 1634 4568 homines
1663 4528 1758 4567 na-

162 4612 390 4659 scuntur
414 4604 624 4659 obtunsi
656 4622 670 4659 :
703 4620 875 4676 neque
900 4607 1043 4661 enim
1073 4605 1150 4661 sic
1178 4605 1291 4676 ipse
1314 4607 1573 4662 obtunsus
1598 4623 1657 4662 es
1686 4606 1707 4639 ⁸
1736 4648 1753 4676 ,

162 4706 220 4752 ut
245 4698 522 4768 pertinere
551 4697 617 4752 ad
652 4708 894 4753 naturam
937 4714 1099 4770 neges
1126 4698 1211 4755 vel
1238 4698 1463 4754 obtunsa
1496 4698 1709 4770 ingenia
1736 4742 1752 4767 ,

160 4791 247 4846 vel
272 4798 434 4845 acuta
466 4806 480 4845 :
506 4791 748 4860 quamvis
773 4799 828 4846 et
851 4800 1008 4846 acuta
1050 4791 1185 4863 ipsa,
1218 4791 1353 4846 sicut
1375 4790 1486 4862 jam
1512 4791 1567 4846 in
1592 4806 1753 4862 supe-

160 4885 400 4941 rioribus
444 4883 713 4949 diximus,
759 4893 977 4954 propter
1019 4883 1122 4939 hoc
1165 4883 1513 4954 corruptibile
1562 4898 1756 4954 corpus

161 4977 306 5048 quod
336 4984 590 5048 aggravat
616 4976 846 5031 animam
875 4975 1032 5047 (Sap.
1072 4992 1149 5045 rx,
1174 4976 1288 5046 15),
1319 4976 1363 5030 si
1393 4976 1549 5046 primi
1581 4976 1755 5031 homi-

161 5069 247 5125 nis
292 5068 510 5138 ingenio
553 5077 949 5138 comparentur,
994 5067 1222 5123 obtunsa
1265 5067 1400 5133 sint;
1446 5068 1535 5138 qui
1576 5068 1757 5140 utique

162 5180 272 5220 non
319 5163 428 5218 tale
465 5177 658 5232 corpus
686 5171 985 5232 acceperat,
1018 5169 1073 5216 ut
1100 5161 1193 5216 illo
1219 5161 1333 5232 ejus
1357 5162 1532 5217 anima
1559 5164 1766 5234 grava-'

159 5264 337 5312 retur.
370 5256 452 5310 Ac
473 5254 550 5309 sic
577 5263 632 5309 et
659 5269 758 5325 ego
786 5253 1166 5324 distinguerem
1198 5254 1249 5308 in
1295 5264 1479 5322 natura
1525 5254 1758 5312 hominis

156 5348 341 5419 qualis
381 5362 524 5402 nunc
568 5354 669 5412 est,
705 5345 833 5417 quid
857 5345 1017 5400 distet
1055 5345 1195 5400 inter
1238 5344 1438 5415 ingenii
1480 5346 1666 5401 vitium
1702 5356 1758 5402 et

159 5442 300 5498 tanti
348 5439 568 5496 artiﬁcis
601 5440 901 5512 Opiticium;
943 5440 1027 5495 cui
1067 5439 1253 5512 procul
1281 5439 1444 5496 dubio
1474 5456 1579 5497 non
1608 5451 1756 5499 recte

194 5580 246 5651 ,ι
280 5576 859 5651 vign.,guodautemde
889 5574 1141 5641 uoluptate.
1177 5583 1305 5638 Mss,
1336 5574 1466 5640 quod
1493 5582 1653 5629 autem
1695 5578 1759 5630 de

157 5654 207 5693 ω
225 5645 514 5766 Ἢέῗαξέ
543 5714 601 5752 eo
620 5699 996 5754 moderationem
1025 5712 1200 5753 nosses.
1224 5703 1525 5766 castigantur
1550 5714 1615 5753 ex
1652 5716 1755 5756 ma-

157 5767 676 5893 ll‘Iinaliiemistictoritate
704 5828 1137 5892 manuscriptorum
1152 5828 1442 5891 restituitur,
1467 5825 1762 5893 nequeenim

160 5906 234 5945 nc
251 5903 359 5956 ipse
382 5889 609 5943 obtunsus
627 5901 696 5942 cs.

1550 410 1752 470 LIBER
1787 406 2103 482 QUINTUS.

3314 416 3336 471 1
3352 407 3451 473 ΜΞ

1860 524 1984 578 vitia
2027 524 2349 595 tribuuntur,
2379 535 2771 600 quatacumque
2808 528 2948 599 sint,
2981 530 3331 588 humanorum
3357 531 3448 587 in-

1860 616 2135 685 geniorum
2171 636 2185 674 :
2217 626 2273 674 ut
2295 634 2394 690 per
2420 619 2558 676 hanc
2579 621 2817 693 regulam
2853 621 3025 679 discas
3053 622 3123 679 ab
3146 624 3264 695 ejus
3289 622 3448 680 insti-

1863 707 2066 764 tutione
2114 709 2422 768 discernere
2451 754 2467 780 ,
2519 714 2757 785 quamvis
2803 716 3141 785 congenitum
3195 715 3443 786 homini,

1860 801 2114 871 originale
2162 815 2470 873 peccatum;
2504 822 2603 862 nec
2629 806 2751 863 ideo
2779 822 2942 880 neges
2965 823 3105 877 esse,
3151 810 3272 882 quia
3302 809 3448 867 Deus

1862 890 2102 950 homines
2128 893 2271 964 facit,
2300 897 2390 968 qui
2417 907 2692 968 peccatum
2715 915 2819 955 non
2841 898 2996 968 facit;
3026 901 3162 956 sicut
3190 916 3297 957 non
3322 900 3446 959 ideo

1859 987 2097 1057 neganda
2125 997 2247 1044 sunt
2273 991 2500 1061 ingeniis
2530 992 2802 1048 hominum
2840 994 3121 1065 congenita
3142 994 3290 1061 vitia,
3317 995 3443 1067 quia

1867 1080 2012 1136 Deus
2058 1080 2302 1138 homines
2329 1082 2490 1152 facit,
2521 1100 2550 1139 a
2590 1084 2741 1157 cujus
2786 1097 2903 1142 arte
2935 1087 3112 1142 divina
3140 1087 3157 1118 ³
3186 1086 3445 1143 vitiositas

1860 1182 1945 1229 est
1969 1175 2142 1229 omnis
2170 1176 2359 1231 aliena.
2389 1176 2477 1233 Sic
2517 1186 2694 1233 autem
2726 1178 2869 1234 novit
2900 1177 3040 1235 Deus
3068 1179 3207 1236 bene
3235 1178 3447 1249 operari

1861 1267 2106 1326 homines
2133 1269 2201 1325 de
2227 1270 2518 1326 substantia
2538 1280 2754 1342 peccato
2767 1272 2971 1341 vitiata,
2996 1270 3446 1344 quemadmodum

1858 1360 2005 1416 novit
2030 1360 2169 1417 bene
2195 1363 2404 1432 operari
2446 1362 2514 1418 de
2557 1364 2685 1433 ipsis
2722 1365 2953 1435 peccatis
2979 1363 3274 1429 hominum,
3307 1376 3446 1433 quo-

1858 1467 1980 1508 rum
2004 1461 2129 1509 sunt
2151 1452 2279 1508 vitia
2306 1454 2622 1510 voluntaria.
2652 1455 2903 1512 Videmus
2923 1456 3065 1512 enim
3090 1465 3285 1528 quanta
3306 1455 3446 1511 bona

1857 1553 2110 1613 operatus
2144 1545 2215 1600 sit
2236 1544 2305 1601 de
2322 1553 2539 1616 peccato
2566 1545 2811 1614 fratrum,
2828 1547 2919 1618 qui
2949 1547 3166 1603 fratrem
3191 1562 3284 1618 per
3308 1545 3448 1601 invi-

1859 1633 2094 1691 dentiam
2143 1634 2496 1692 vendiderunt
2541 1636 2694 1710 (Gen.
2736 1639 3041 1712 xxxvii-1.);
3068 1647 3123 1696 et
3148 1639 3250 1695 alia
3272 1637 3447 1715 multa

1858 1725 2049 1796 quibus
2078 1740 2243 1782 sacras
2270 1726 2487 1783 Littera:
2514 1727 2687 1799 plena:
2715 1739 2858 1785 sunt.

1930 1818 2045 1874 ΧΠ.
2077 1818 2195 1875 Jun.
2229 1818 2428 1876 Verum
2453 1819 2688 1877 demiror
2726 1821 2925 1894 ubique
2952 1822 3308 1880 constantiam
3337 1822 3450 1881 dis-

1861 1910 2129 1980 putantis,
2177 1910 2267 1982 qui
2294 1913 2603 1983 pronuntiat
2639 1915 2832 1969 semina
2867 1931 2901 1968 a
2948 1914 3050 1970 Deo
3092 1931 3206 1970 vero
3243 1916 3450 1970 condita

1860 2012 2046 2071 esse,’a
2071 2020 2169 2075 quo
2197 2004 2482 2060 conduntur
2506 2015 2553 2060 et
2581 2022 2797 2078 corpora
2814 2046 2832 2075 ,
2872 2006 2985 2061 licet
3028 2023 3143 2062 cum
3189 2007 3450 2079 uoluptate

1860 2094 2169 2149 emittantur.
2199 2094 2414 2152 Semina
2443 2112 2572 2169 ergo
2596 2113 2628 2153 a
2652 2097 2763 2154 Deo
2794 2098 2907 2155 ﬁeri
2930 2097 3234 2168 conﬁtetur,
3257 2098 3310 2152 in
3331 2098 3451 2169 qui-

1860 2187 1959 2244 bus
1989 2203 2109 2244 esse
2151 2188 2279 2245 dicit
2320 2190 2643 2247 diabolicum
2691 2192 2924 2260 malum;
2957 2201 3010 2248 et
3038 2207 3147 2249 non
3173 2192 3448 2249 erubescit

1860 2279 2080 2337 credere
2108 2297 2139 2336 a
2165 2280 2280 2339 Deo
2309 2283 2427 2339 fieri
2450 2285 2671 2352 malum,
2698 2285 2840 2356 quod
2871 2287 3244 2345 innocentibus
3270 2287 3448 2359 impu-

1863 2379 2021 2429 tetur.

1932 2469 2068 2526 Anc.
2096 2470 2139 2524 A
2170 2469 2282 2526 Deo
2310 2485 2416 2526 non
2459 2470 2519 2525 ﬁt
2558 2471 2790 2539 malum,
2834 2473 3046 2544 quando
3086 2475 3148 2531 ﬁt
3193 2475 3261 2532 de
3305 2476 3449 2533 malo

1861 2563 2086 2619 bonum.
2116 2563 2308 2619 Malum
2338 2573 2421 2620 est
2448 2565 2591 2621 enim
2616 2565 2685 2622 de
2713 2576 2931 2638 peccato
2968 2568 3188 2625 veniens
3229 2570 3450 2642 originis

1862 2661 2091 2729 vitium,
2141 2675 2262 2717 cum
2306 2677 2411 2732 quo
2455 2662 2691 2717 nascitur
2734 2662 2896 2718 homo
2926 2680 2941 2717 :
2968 2662 3165 2719 bonum
3208 2672 3292 2720 est
3317 2678 3455 2735 opus

1862 2750 1978 2819 Dei,
2010 2766 2117 2808 non
2145 2751 2264 2808 sine
2291 2752 2464 2819 malo;
2495 2753 2647 2824 cujus
2687 2753 2814 2810 mali
2854 2762 3035 2811 reatus
3061 2769 3168 2810 non
3195 2756 3455 2813 innoceno

1862 2842 2024 2907 tibus,
2054 2852 2112 2898 ut
2140 2843 2274 2899 dicis
2294 2886 2310 2911 ,
2355 2843 2449 2899 sed
2475 2844 2583 2901 reis
2609 2844 2936 2916 imputatur;
2969 2855 3028 2902 ut
3054 2848 3306 2919 quoniam
3351 2862 3451 2903 na-

1862 2934 2061 2991 scendo
2088 2943 2315 2991 tractum
2347 2945 2461 3003 est,
2505 2937 2837 2996 renasceudo
2879 2939 3137 2995 solvatur.
3190 2939 3280 2997 Sic
3307 2942 3452 2997 enim

1862 3025 2077 3083 fuerunt
2114 3042 2301 3083 omnes
2358 3029 2565 3085 ratione
2617 3030 2836 3086 seminis
2887 3031 2940 3085 in
2996 3031 3190 3088 lumbis
3238 3032 3451 3104 Adam,

1861 3118 2074 3189 quando
2103 3118 2383 3175 damnatus
2412 3128 2530 3190 est,
2562 3129 2617 3176 et
2635 3120 2756 3178 ideo
2781 3122 2897 3178 sine
2916 3122 3023 3178 illis
3041 3123 3321 3180 damnatus
3347 3141 3455 3181 non

1862 3217 1989 3276 est;
2048 3209 2495 3282 quemadmodum
2561 3212 2774 3269 fuerunt
2827 3213 3078 3271 Israelita:
3134 3217 3190 3272 in
3256 3217 3453 3276 lumbis

1861 3305 2111 3373 Abralim,
2142 3307 2354 3377 quando
2383 3306 2677 3363 deeimatus
2705 3316 2822 3377 est,
2854 3318 2906 3364 et
2935 3309 3057 3365 ideo
3082 3310 3198 3367 sine
3225 3310 3329 3366 illis
3352 3311 3452 3366 de-

1861 3396 2087 3452 cimatus
2110 3412 2217 3452 non
2243 3406 2328 3454 est
2354 3396 2536 3470 (Hebr.
2568 3415 2673 3465 vn,
2713 3397 2885 3474 5-10).
2915 3401 3100 3457 Melius
3121 3403 3262 3458 enim
3289 3418 3451 3474 quam

1862 3496 1939 3555 tu,
1973 3498 2232 3545 noverant
2259 3489 2520 3546 rationem
2545 3492 2764 3547 seminis
2788 3534 2803 3560 ,
2830 3494 2921 3564 qui
2950 3494 3050 3549 ista
3075 3494 3366 3564 dixerunt,
3397 3505 3454 3553 et

1862 3578 2053 3636 litteris
2090 3580 2346 3637 mandare
2387 3592 2676 3653 curarunt,
2721 3600 2841 3655 qua:
2885 3586 2939 3640 in
2974 3585 3172 3643 Christi
3212 3587 3452 3645 Ecclesia

1862 3674 2167 3750 legerentur
2189 3717 2204 3743 ,
2236 3676 2290 3731 in
2320 3691 2422 3748 qua
2453 3676 2474 3707 ²
2505 3689 2858 3736 renascuntur
2883 3696 2947 3738 ex
2978 3682 3150 3738 Adam
3187 3684 3296 3740 nati
3317 3725 3332 3752 ,
3383 3696 3456 3741 ne

1862 3776 2175 3824 remaneant
2201 3770 2255 3825 in
2286 3771 2377 3826 illa
2404 3772 2571 3843 stirpe
2597 3772 2855 3831 damnati.

1935 3858 2072 3914 Xlll.
2087 3860 2207 3917 Jun.
2222 3861 2410 3918 Libido
2435 3864 2788 3933 nihilattinet,
2803 3866 2994 3938 inquit,
3008 3867 3075 3924 ad
3086 3869 3311 3938 semina,
3324 3870 3451 3942 quia

1865 3950 2003 4007 facta
2028 3959 2111 4007 est
2135 3952 2565 4013 adiabolozhuic
2577 3967 2754 4013 autem
2770 3958 2974 4015 libidini
3004 3961 3244 4018 serviunt
3263 3963 3454 4034 eonju-
3530 3958 3537 3963 ’

1861 4058 1974 4115 ges;
1989 4045 2194 4101 semina
2206 4058 2383 4104 autem
2409 4060 2466 4106 et
2481 4052 2731 4121 parvulos
2749 4052 2818 4109 de
2833 4055 3126 4112 seminibus
3145 4057 3270 4113 facit
3286 4057 3451 4115 Deus.

1862 4134 1964 4192 Sed
1988 4152 2089 4194 nec
2112 4139 2188 4194 rei
2211 4147 2355 4207 sunt,
2379 4141 2568 4213 inquit,
2603 4160 2701 4201 nec
2743 4147 3036 4216 puniuntur
3059 4159 3331 4220 parentes,
3360 4151 3456 4223 qui

1861 4238 2022 4299 agunt
2048 4243 2182 4300 opus
2210 4230 2408 4288 diaboli
2438 4252 2452 4288 :
2483 4234 2671 4290 sceleri
2703 4246 2880 4294 autem
2911 4248 2966 4295 et
2987 4241 3260 4311 suppliciis
3284 4243 3453 4299 desti-

1862 4332 2057 4379 nantur
2087 4325 2314 4395 parvuli,
2343 4342 2479 4398 quos
2515 4329 2753 4385 condidit
2796 4331 2973 4400 Deus;
3026 4335 3453 4410 impunitumque

1861 4425 1943 4471 est
1972 4418 2111 4488 quod
2138 4418 2261 4474 fecit
2285 4419 2547 4489 diabolus,
2571 4422 2623 4478 id
2651 4435 2732 4479 est
2759 4424 2921 4481 libido
2945 4443 2958 4491 ;
2995 4443 3089 4497 per
3116 4430 3255 4498 quod
3281 4430 3448 4488 doce-

1863 4517 1949 4564 tur
1975 4509 2130 4579 bona,
2146 4528 2265 4583 quae
2290 4528 2390 4568 nec
2413 4514 2729 4585 supplicium
2756 4529 2990 4572 meretur
3013 4537 3025 4572 :
3056 4520 3150 4575 sed
3171 4530 3455 4580 accusatur

1861 4601 2246 4674 damnaturquc
2265 4604 2408 4674 quod
2432 4605 2555 4660 facit
2581 4606 2747 4673 Deus;
2782 4624 2877 4677 per
2901 4609 3042 4678 quod
3082 4610 3305 4668 docetur
3328 4629 3451 4671 esse

1861 4695 2167 4761 scelestum,
2192 4697 2387 4767 quippe
2429 4697 2569 4769 quod
2595 4715 2623 4752 a
2652 4699 2932 4770 supplicio,
2977 4717 3075 4757 nec
3114 4706 3347 4762 auctoris
3366 4707 3452 4763 sui

1860 4798 2039 4859 potest
2084 4789 2287 4860 pudore
2317 4789 2556 4859 defendi;
2589 4792 2943 4865 credaturque
2972 4795 3073 4851 hoc
3099 4798 3346 4857 divinitas
3375 4801 3452 4857 fa-

1862 4896 2003 4949 cere,
2029 4883 2169 4954 quod
2209 4898 2311 4939 nec
2348 4894 2585 4941 extrema
2636 4887 2808 4956 possit
2848 4889 3114 4947 sustinere
3150 4894 3449 4963 captivitas.

1864 4974 2014 5031 lluuc
2041 4975 2241 5033 habent
2265 4978 2488 5045 exitum,
2511 4979 2601 5050 qui
2631 4979 2867 5037 inferunt
2895 4983 3101 5040 veritati
3126 4986 3326 5042 bellum
3353 5030 3367 5053 ,
3396 4997 3454 5044 ut

1864 5070 1994 5125 nihil
2042 5086 2145 5127 non
2194 5071 2436 5142 impium,
2492 5088 2595 5128 non
2653 5074 2895 5129 insanum
2950 5076 3274 5148 loquantur;
3320 5080 3448 5137 dum

1863 5173 2071 5219 constet
2094 5165 2217 5235 quia
2244 5165 2387 5219 nulla
2413 5166 2655 5222 oratione
2685 5167 3049 5224 innocentium
3077 5179 3246 5228 status
3271 5173 3364 5239 ita,
3394 5182 3454 5229 ut

1863 5264 2231 5313 accusatorum
2258 5272 2477 5313 suorum
2507 5258 2849 5328 profanitate,
2874 5261 3195 5319 defenditur.

1936 5350 2069 5405 Auc.
2122 5349 2386 5419 Numquid
2434 5350 2553 5405 ideo
2595 5351 2787 5407 falsum
2819 5352 2949 5410 facis
2975 5370 3097 5411 esse
3124 5355 3264 5427 quod
3290 5356 3446 5428 dico,

1864 5442 1985 5512 quia
2024 5441 2157 5496 dicis
2206 5458 2293 5497 me
2335 5442 2515 5499 dicere
2540 5445 2682 5515 quod
2709 5460 2815 5502 non
2843 5446 3003 5503 dico?
3030 5447 3144 5519 Ego
3173 5448 3313 5504 enim
3341 5465 3453 5507 non

1864 5534 1984 5589 dico
2041 5534 2106 5589 ad
2152 5535 2355 5590 semina
2408 5535 2539 5591 nihil
2582 5537 2807 5593 attinere
2843 5538 3155 5608 libidinem,
3207 5541 3453 5612 quando-

1864 5627 2077 5699 quidem
2107 5642 2209 5682 non
2240 5616 2539 5684 nascuntur'
2555 5629 2671 5686 sine
2711 5630 2963 5699 libidine,
3004 5631 3096 5703 qui
3134 5632 3314 5706 utique
3349 5648 3452 5693 na-

1913 5834 1931 5867 ί
1963 5829 2047 5880 Sic
2073 5839 2178 5882 Mss.
2198 5836 2249 5880 lu
2274 5832 2321 5881 vi

2394 5866 2427 5891 .,
2450 5842 2566 5883 arce
2586 5828 2764 5883 divina.

1916 5887 1938 5919 ’
1959 5894 2040 5945 Sic
2064 5893 2176 5945 Mss.
2204 5901 2261 5946 At

2334 5893 2417 5956 liti,
2441 5893 2493 5945 in
2512 5905 2622 5957 quo.
