3962 6470
547 305 575 363 Ι
586 302 690 362 445

546 432 766 478 scnntur
791 436 855 478 ex
883 423 1085 478 semine
1115 440 1128 476 :
1161 424 1255 497 sed
1283 424 1402 480 dico
1432 424 1597 478 Deum
1642 422 1852 494 operari
1883 421 1999 475 sine
2024 420 2133 474 ullo

546 528 644 571 suo
676 515 825 581 vitio,
854 516 1012 570 etiam
1045 522 1111 571 de
1141 521 1344 573 semine
1367 518 1568 573 vitiato.
1600 515 1710 571 Nec
1737 516 1858 569 dico
1887 528 2007 570 reos
2029 529 2132 569 non

544 621 683 670 esse,
712 616 765 660 et
794 622 899 663 non
927 608 1098 677 puniri
1131 618 1404 679 parentes,
1438 607 1526 680 qui
1554 608 1869 679 aguntopus
1890 605 2086 661 diaboli
2116 622 2130 660 :

542 698 636 755 sed
664 699 784 755 dico
814 716 917 755 non
949 716 1042 756 eos
1067 717 1225 773 agere
1254 716 1389 771 opus
1414 700 1634 764 diaboli,
1671 698 1882 771 quando
1915 706 2136 753 utuntur

542 790 761 847 libidine
788 807 888 845 non
920 804 1134 864 propter
1164 793 1457 858 libidinem,
1491 792 1583 847 sed
1631 801 1847 862 propter
1890 792 2135 862 propagi-

541 904 685 944 nem.
719 889 792 944 lta
823 891 1017 961 quippe
1064 890 1261 944 bonum
1306 904 1438 961 opus
1470 897 1552 943 est
1586 888 1721 942 bene
1770 886 1847 941 uti
1899 886 2131 942 libidinis

536 983 682 1036 malo
707 1025 722 1050 ,
752 981 893 1053 quod
925 983 1124 1038 faciunt
1162 981 1429 1053 coujugati
1455 1004 1468 1047 ;
1501 981 1638 1035 sicut
1662 995 1692 1034 e
1718 979 1987 1033 contrario
2015 993 2130 1033 ma-

540 1071 647 1125 lum
689 1089 821 1143 opus
861 1083 961 1138 est,
1005 1075 1141 1128 male
1169 1074 1243 1127 uti
1271 1072 1511 1141 corporis
1539 1073 1699 1137 bono,
1744 1070 1885 1140 quod
1929 1069 2130 1130 faciunt

540 1161 812 1233 impudici.
859 1165 964 1219 Nec
1007 1165 1316 1237 impunitam
1352 1165 1471 1219 dico
1506 1179 1623 1218 esse
1665 1162 1979 1230 libidinem,
2010 1178 2128 1234 quae

539 1269 658 1309 cum
693 1265 863 1311 morte
892 1258 1215 1324 destruetur,
1244 1257 1453 1328 quando
1491 1256 1715 1311 mortale
1743 1256 1841 1309 hoc
1882 1255 2130 1310 iuduetur

508 1346 935 1402 inmortalitate
979 1348 1033 1420 (l
1057 1349 1174 1404 Cor.
1214 1365 1301 1415 xv,
1334 1350 1446 1418 55).
1484 1348 1599 1403 Non
1630 1348 1773 1403 enim
1807 1357 1889 1403 est
1929 1348 2029 1403 nisi
2075 1350 2125 1403 in

538 1455 763 1510 corpore
804 1443 989 1497 mortis
1029 1443 1203 1511 hujus,
1232 1443 1299 1497 de
1325 1459 1430 1513 quo
1459 1441 1679 1506 liberari,
1698 1442 1944 1512 cupiebat
1985 1444 2127 1513 Apo-

536 1535 706 1589 stolus
734 1533 909 1607 (Rom.
943 1553 1035 1603 vn,
1060 1534 1151 1608 εει)
1180 1555 1191 1588 :
1225 1553 1321 1591 nec
1345 1546 1458 1590 erat
1483 1578 1496 1601 ,
1542 1545 1630 1590 aut
1662 1552 1765 1589 non
1796 1534 1912 1590 talis
1934 1542 2049 1589 erat
2074 1535 2123 1588 iu

537 1639 761 1695 corpore
783 1627 901 1681 vita:
925 1627 1082 1694 illius,
1110 1643 1265 1697 quam
1288 1627 1556 1698 peccando
1579 1627 1809 1697 perdidit
1830 1626 2010 1692 homo,
2036 1627 2125 1698 qui

535 1713 705 1771 factus
744 1725 825 1772 est
863 1727 1037 1771 rectus
1079 1717 1273 1785 (Eccle.
1320 1734 1411 1781 vn,
1453 1718 1542 1791 50)
1581 1735 1593 1771 :
1628 1733 1725 1773 nec
1770 1718 1904 1773 sicut
1952 1718 2124 1793 aliqua

535 1807 864 1873 substantia,
916 1809 1151 1865 liberalis
1206 1811 1569 1881 scparastique
1609 1811 1626 1841 ί
1673 1809 1825 1863 nobis
1868 1809 2033 1865 libido
2070 1809 2121 1864 in

535 1900 694 1956 alium
732 1902 905 1957 locum
943 1904 963 1934 ²
1003 1914 1085 1959 est
1121 1903 1440 1974 migratura;
1475 1902 1567 1957 sed
1606 1902 1742 1956 sicut
1768 1902 2043 1956 inﬁrmitas
2071 1902 2122 1955 in

533 2002 734 2048 nostrae
788 1982 975 2048 saluiis
1024 1995 1350 2064 perfectione
1408 1995 1641 2065 peritura
1681 2011 1695 2048 :
1731 1993 1971 2064 quamvis
2011 1992 2122 2063 jam

533 2098 676 2140 nunc
701 2100 821 2140 esse
847 2085 1051 2141 desinat
1078 2096 1197 2157 post
1220 2087 1463 2156 corporis
1489 2094 1737 2140 mortem.
1763 2085 1945 2156 Neque
1979 2085 2120 2140 enim

532 2176 587 2233 in
636 2193 861 2249 corpore
902 2192 1113 2234 mortuo
1164 2179 1337 2233 adhuc
1388 2186 1561 2249 potest
1602 2193 1720 2233 esse
1746 2219 1759 2244 ,
1793 2193 1910 2249 qua:
1936 2177 2037 2231 nisi
2068 2176 2123 2231 in

531 2283 757 2339 corpore
792 2271 979 2325 mortis
1018 2286 1124 2325 non
1168 2279 1343 2341 potest
1384 2284 1503 2324 esse
1545 2287 1557 2323 :
1609 2269 1703 2322 sed
1739 2285 1855 2339 qum
1886 2268 2120 2341 peritura

532 2372 617 2419 est
664 2364 714 2418 in
765 2364 1003 2434 corporis
1042 2373 1229 2427 morte,
1276 2371 1497 2418 nonest
1542 2370 1903 2417 resurrectura
1943 2377 2122 2417 resur-

531 2465 687 2528 gente
730 2472 952 2526 corpore
983 2457 1098 2512 sine
1126 2465 1314 2512 morte.
1348 2455 1626 2524 Quomodo
1661 2470 1788 2525 ergo
1818 2455 1996 2525 punita
2034 2455 2120 2510 vel

532 2546 789 2618 impunita
821 2548 956 2613 erit,
989 2563 1107 2618 quae
1138 2546 1409 2618 pereundo
1438 2562 1542 2600 non
1573 2545 1714 2601 erit?
1736 2546 1905 2601 Erunt
1942 2554 2117 2601 autem

530 2638 798 2709 impuniti,
828 2640 917 2711 qui
948 2640 1061 2712 ejus
1104 2650 1252 2696 reatu
1293 2642 1574 2712 congenito
1597 2642 1999 2711 regeneratiuue
2025 2656 2117 2696 ea-

530 2740 770 2797 ruerunt,
804 2733 1024 2803 ejusque
1055 2733 1394 2804 surgentibus
1433 2744 1487 2789 et
1536 2732 1844 2803 urgentibus
1886 2734 2118 2789 motibus

528 2822 598 2878 ad
631 2824 810 2879 illicita
841 2824 1158 2895 perﬁcienda
1181 2841 1284 2879 non
1313 2824 1534 2890 cedunt;
1565 2835 1619 2879 et
1646 2825 1687 2879 si
1711 2824 1834 2895 quid
1861 2840 1964 2880 non
1990 2841 2117 2895 pro-

529 2924 647 2987 pter
665 2917 866 2986 prolem
889 2916 954 2971 de
975 2916 1107 2986 ipsa,
1124 2917 1215 2972 sed
1238 2926 1455 2987 propter
1472 2917 1639 2988 ipsam
1662 2931 1781 2971 cum
1802 2916 2116 2987 conjugibus

528 3005 747 3074 faciunt,
775 3008 929 3063 venia
959 3008 1318 3079 subsequente
1345 3019 1618 3063 sanantur.
1644 3008 1796 3077 Quod
1823 3023 1952 3064 vero
1974 3010 2115 3065 Deus

525 3097 596 3154 de
633 3099 839 3171 origine
878 3101 1068 3155 merito
1107 3111 1159 3156 et
1194 3101 1333 3170 justc
1363 3102 1610 3157 damnata
1640 3102 1886 3171 parvulos
1925 3110 2110 3169 creat,

524 3191 723 3249 bonum
772 3202 854 3249 est
891 3194 1005 3265 ipse
1046 3195 1188 3267 quod
1227 3204 1400 3260 creat;
1429 3196 1548 3266 quia
1581 3196 1825 3251 homines
1851 3206 2016 3265 creat,
2059 3205 2113 3253 et

523 3284 773 3343 homines
802 3288 961 3343 etiam
992 3290 1116 3344 mali
1145 3290 1341 3345 bonum
1366 3270 1563 3360 aliquid
1598 3299 1738 3356 sunt,
1777 3291 1827 3344 in
1855 3300 2109 3362 quantum

524 3380 770 3437 homines
795 3391 918 3437 sunt
946 3401 957 3437 :
992 3400 1091 3439 nec
1116 3384 1329 3439 cohibet
1348 3385 1414 3439 ab
1439 3385 1516 3439 eis
1542 3384 1834 3440 bonitatem
1868 3387 2108 3453 creandi,

523 3487 657 3542 quos
685 3474 948 3542 prmscivit
973 3490 1090 3529 esse
1119 3476 1471 3541 damnandos,
1498 3476 1607 3531 imo
1646 3478 1747 3531 scit
1780 3478 2111 3547 originaliter

519 3565 628 3636 jam
647 3581 765 3621 esse
783 3566 1092 3632 damnatos;
1119 3569 1258 3623 unde
1280 3569 1649 3639 gratulandum
1680 3578 1762 3624 est
1782 3578 1889 3624 tam
1916 3571 2109 3626 umltos

524 3672 710 3713 eorum
737 3675 765 3713 a
787 3659 963 3715 debita
996 3676 1149 3730 paena
1177 3677 1273 3732 per
1298 3661 1589 3717 indebitam
1621 3664 1843 3734 gratiam
1868 3664 2104 3720 liberari.

518 3748 574 3806 Si
600 3760 778 3807 autem
803 3752 1018 3808 crudele
1044 3767 1166 3809 esse
1189 3754 1544 3823 arbitramini,
1571 3754 1810 3810 damnari
1834 3757 2103 3828 parvulos,

520 3857 653 3913 quos
674 3843 934 3915 originale
963 3854 1241 3916 peccatum
1263 3846 1478 3904 trahere
1507 3863 1610 3904 non
1640 3849 1869 3919 putatis;
1892 3850 2107 3907 crudele

516 3935 671 3991 vobis
697 3937 960 4006 videatur,
989 3955 1093 3995 non
1121 3941 1237 4013 rapi
1265 3957 1333 3997 ex
1365 3942 1465 3999 hac
1490 3943 1594 3998 vita
1616 3945 1887 4014 parvulos,
1911 3960 2104 4001 secun-

517 4026 643 4083 dum
672 4043 787 4097 vos,
820 4031 1022 4086 nullum
1063 4030 1321 4088 habentes
1365 4034 1583 4089 omnino
1621 4045 1933 4105 peccatum,
1971 4052 2106 4109 quos

517 4115 660 4174 Deus
683 4120 864 4191 utique
889 4123 1036 4176 novit
1062 4124 1114 4177 in
1150 4124 1333 4180 multis
1360 4126 1671 4197 magnisque
1716 4128 1948 4199 peccatis
1988 4129 2106 4185 sine

516 4211 625 4267 ulla
668 4213 721 4267 in
758 4213 950 4270 melius
975 4221 1268 4273 mutatione
1296 4218 1582 4273 morituros
1613 4237 1624 4272 :
1662 4235 1784 4274 nam
1810 4221 2102 4277 secundum

515 4304 948 4362 ratiocinationes
982 4306 1238 4363 humanas
1258 4352 1272 4375 ,
1315 4309 1582 4366 crudelius
1608 4311 1818 4367 videtur
1843 4329 1947 4369 non
1972 4314 2103 4371 libe-

512 4410 636 4452 rare
661 4411 779 4452 cum
818 4399 1007 4468 possit,
1040 4400 1201 4455 nullis
1228 4400 1557 4471 inquinatum
1588 4404 1763 4472 parvis
1789 4407 2101 4477 magnisque

510 4489 743 4558 peccatis
762 4532 777 4559 ,
801 4506 957 4560 quam
980 4490 1235 4548 damnare
1258 4494 1563 4565 progeniem
1588 4496 1899 4564 peccatoris.
1930 4497 2099 4553 Porro

509 4595 629 4634 cum
662 4582 788 4637 illud
814 4583 1014 4653 justum
1050 4600 1171 4641 esse
1194 4628 1207 4654 ,
1241 4603 1341 4657 qua
1379 4589 1602 4657 potestis
1625 4603 1787 4657 voce,
1811 4591 2093 4659 clametis;

509 4671 613 4728 hoc
632 4688 752 4729 esse
773 4675 1045 4746 injustum,
1077 4694 1180 4748 qua
1213 4677 1391 4734 fronte
1415 4682 1778 4737 contenditis?

578 4765 718 4821 XIV.
753 4767 871 4823 ιω..
915 4770 1042 4825 Post
1080 4770 1193 4826 hinc
1234 4772 1359 4827 illud
1390 4782 1615 4829 conatur
1635 4776 1920 4845 incessere,
1954 4778 2095 4850 quod

507 4873 606 4914 nos
662 4860 890 4930 apostoli
934 4861 1082 4916 Pauli
1133 4865 1941 4938 testimoniocomprobavimus,
1972 4873 2094 4942 quia

506 4952 648 5006 Deus
690 4951 961 5008 hominem
1000 4954 1067 5008 de
1111 4956 1401 5009 seminibus
1431 4967 1699 5027 operetur.
1742 4962 2093 5031 Argumenta-

505 5052 697 5115 turque
724 5059 812 5100 me
838 5043 1031 5101 fecisse
1066 5045 1327 5115 fraudem,
1372 5050 1461 5120 qui
1504 5050 1629 5107 huic
1673 5053 1792 5108 loco
1823 5053 1911 5109 illa
1950 5056 2090 5113 dicta

504 5136 766 5192 voluerim
791 5146 1058 5208 coaptare,
1092 5154 1212 5209 quae
1234 5140 1301 5195 de
1327 5140 1605 5199 frumentis
1637 5146 1839 5215 prolata
1877 5158 2089 5204 consta-

501 5226 630 5293 bat;
663 5228 811 5299 quasi
840 5244 939 5300 ego
974 5237 1066 5284 aut
1110 5231 1179 5285 ibi
1225 5233 1469 5302 Apostuli
1516 5236 1869 5305 sententiam,
1903 5247 1961 5295 ut
2001 5239 2089 5296 hic

502 5327 759 5393 :estimat,
786 5326 1052 5382 dividuam
1084 5327 1299 5384 fecerim
1326 5371 1340 5396 ,
1387 5340 1478 5385 aut
1523 5343 1740 5403 propter
1768 5333 1910 5390 aliud
1940 5338 2090 5393 testi-

500 5418 665 5474 monii
690 5418 1003 5474 recordatus
1042 5419 1140 5474 sim
1179 5435 1337 5491 quam
1369 5429 1427 5476 ut
1469 5422 1586 5492 ejus
1628 5423 1789 5480 ﬁnem
1822 5434 2084 5483 monstra-

499 5523 614 5567 rem
629 5509 1008 5568 ‘formatorem
1028 5511 1293 5568 seminum
1314 5516 1552 5569 omnium
1569 5515 1733 5571 Deum
1751 5517 1896 5573 credi
1921 5534 2082 5590 opor-

566 5646 584 5714 ξ
617 5644 777 5714 codex
802 5654 950 5714 Por_t,,_
971 5648 1322 5714 reparatisque,

562 5707 585 5771 ξ
617 5708 692 5756 Sic
705 5715 809 5758 Mss.
826 5707 955 5771 Μὶῐὶ
987 5707 1125 5771 vero,
1142 5710 1193 5761 in
1215 5707 1396 5764 malum
1413 5712 1584 5764 locum.

564 5766 586 5799 ³
616 5766 910 5842 Βρξιηθηῇάε
947 5766 1357 5842 ηιοῃειίθανεῃιε-
1395 5775 1571 5841 Morel,
1620 5777 1854 5831 Element.
1901 5780 2080 5842 critic,

497 5839 611 5899 με.
633 5828 745 5895 W9,
765 5828 865 5897 βω
890 5828 1228 5887 nmtrarcm.‘
1276 5828 1344 5887 Μ.

1223 272 1467 365 OPERIS
1506 300 1909 363 IMPERFECTI
1949 302 2222 361 CONTRA
2261 302 2622 377 JULIANUM,
2655 312 2712 369 S.
2752 310 3123 372 AUGUSTINI

3676 324 3816 385 HM

2248 431 2377 479 tere.
2406 424 2597 481 Beatus
2616 426 2757 482 enim
2771 428 2969 485 Paulus
2992 441 3271 504 postquam
3299 431 3455 491 ﬁdem
3478 441 3826 497 resurrectio.

2242 515 2326 570 nis
2343 557 2359 582 ,
2407 517 2862 588 multiplicationis
2887 520 3096 579 diurnas
3119 525 3137 558 ³
3159 527 3462 582 conciliavit
3488 531 3509 563 ⁸
3530 532 3822 601 exemplis;

2241 607 2417 665 intulit
2453 610 2593 681 quod
2622 614 2921 671 universam
2961 626 3204 675 naturam
3248 622 3417 691 possit
3441 626 3726 695 attingere,
3749 627 3825 682 di-

2239 715 2387 769 cens,
2410 701 2552 759 Deus
2571 713 2740 760 autem
2760 707 2838 761 illi
2866 708 2953 762 dat
2978 726 3166 782 corpus
3192 723 3341 783 prout
3369 715 3497 778 vult,
3543 724 3593 769 et
3620 718 3822 774 unicui-

2237 810 2334 864 que
2375 794 2621 851 sentinam
2662 800 2926 869 proprium
2967 817 3151 873 corpus
3179 803 3272 859 :id
3306 813 3415 870 est,
3444 807 3593 861 omni
3636 810 3823 867 semini

2237 898 2453 957 corpus,
2485 891 2625 959 quod
2655 893 2956 962 proprietas
2981 895 3097 963 ejus
3126 897 3379 966 reposcit,
3412 898 3677 953 attribuit.
3708 900 3817 957 Non

2237 989 2364 1045 ergo
2388 978 2529 1048 quod
2556 979 2622 1035 de
2648 980 2932 1039 frumentis
2970 984 3174 1040 dictum
3219 997 3331 1056 est,
3381 988 3449 1043 de
3485 987 3708 1045 homine
3735 1007 3819 1045 vo-

2236 1068 2306 1124 lui
2328 1070 2350 1101 ³
2378 1071 2597 1143 intelligi
2633 1090 2647 1127 :
2679 1074 2773 1130 sed
2803 1075 2905 1131 hoc
2929 1077 3071 1148 quod
3115 1078 3315 1134 dictum
3354 1091 3437 1136 est
3458 1079 3501 1148 ⁵,
3536 1082 3817 1154 unicuique

2235 1165 2494 1220 seminum
2520 1168 2791 1238 proprium
2821 1185 3015 1241 corpus
3044 1187 3072 1225 a
3096 1171 3209 1228 Deo
3227 1184 3447 1230 auctore
3466 1175 3704 1230 conferri
3727 1219 3744 1241 ,
3768 1179 3814 1232 in

2234 1256 2648 1315 destructionem
2670 1272 2918 1331 vestram,
2953 1281 3180 1335 quorum
3201 1266 3449 1339 dogmate
3470 1268 3524 1324 id
3553 1280 3778 1340 negatur
3796 1310 3809 1329 .

2231 1351 2448 1421 arripui.
2471 1353 2813 1426 Nequaquam
2842 1359 3020 1429 igitur,
3043 1361 3181 1417 sicut
3210 1371 3264 1416 tu
3290 1370 3465 1433 putas,
3488 1378 3813 1436 supervacuo

2234 1442 2330 1498 feci
2360 1444 2498 1500 illius
2523 1450 2800 1504 sententia:
2826 1452 3171 1520 mentionem,
3202 1469 3298 1511 nec
3323 1470 3386 1511 ea
3424 1454 3807 1527 fraudulenter,

2234 1541 2289 1589 ut
2326 1538 2586 1605 mentiris,
2621 1554 2738 1596 sum
2772 1541 2971 1599 abusus
3005 1563 3018 1599 :
3052 1560 3150 1602 nec
3185 1555 3239 1601 tu
3273 1546 3343 1604 de
3378 1547 3628 1604 humanis
3654 1551 3812 1605 semi-

2231 1628 2389 1684 nibus
2433 1630 2702 1688 hominem
2743 1649 2772 1688 a
2818 1635 2930 1691 Deo
2974 1636 3108 1705 ﬁeri,
3151 1639 3286 1694 sicut
3334 1639 3564 1710 peieras,
3607 1640 3808 1709 credis;

2231 1719 2372 1787 quod
2401 1735 2509 1777 non
2534 1723 2827 1793 opinando,
2851 1727 2944 1782 sed
2969 1727 3127 1783 iidem
3151 1737 3295 1785 tuam
3314 1730 3670 1803 intelligendo
3691 1747 3810 1789 eon-

2231 1810 2406 1867 ﬁrmo.

2300 1905 2437 1962 Anc.
2469 1907 2748 1976 Quomodo
2780 1914 3023 1981 posueris
3048 1915 3398 1985 apostolicum
3424 1917 3807 1987 testimonium,

2228 2012 2335 2067 quo
2375 2000 2465 2055 ille
2514 2016 2641 2058 usus
2665 2013 2747 2058 est
2791 2004 2859 2060 dc
2910 2007 3225 2073 seminibus,
3253 2024 3373 2080 quae
3402 2010 3740 2066 seminantur
3760 2012 3809 2067 in

2230 2099 2389 2158 terra,
2416 2094 2541 2164 quia
2568 2111 2672 2150 non
2703 2098 3040 2154 vivilicantur
3063 2100 3165 2156 nisi
3192 2101 3495 2158 moriantur
3514 2103 3645 2174 (hoc
3670 2105 3806 2161 enim

2228 2182 2295 2239 de
2323 2189 2719 2245 resurrectione
2752 2205 3035 2261 corporum
3058 2234 3074 2261 ,
3108 2194 3159 2248 iu
3186 2209 3290 2265 qua
3341 2184 3679 2264 versabatur,
3712 2198 3811 2254 dis-

2226 2279 2429 2348 putatio
2462 2282 2805 2353 postulabat),
2859 2285 2948 2355 qui
2980 2293 3067 2340 tua
3107 2286 3198 2342 illa
3242 2287 3403 2359 legit,
3452 2288 3808 2363 intelligenter

2225 2371 2484 2439 advertat,
2509 2383 2563 2429 et
2587 2391 2705 2446 qum
2737 2394 2834 2432 nos
2860 2378 2917 2433 in
2940 2379 3130 2435 eodem
3149 2380 3289 2437 tibro
3316 2397 3473 2453 quem
3502 2399 3652 2439 nunc
3670 2384 3807 2441 refu—

2225 2475 2339 2522 tare
2387 2470 2597 2524 conaris
2639 2471 2728 2526 tibi
2768 2472 2835 2527 ad
2869 2473 2955 2528 illa
2985 2475 3362 2545 respondimus
3388 2476 3491 2550 (De
3516 2477 3731 2550 Nuptiis
3764 2491 3809 2535 et

2225 2556 2656 2632 Concupiscentiu,
2681 2564 2768 2619 lib.
2795 2565 2852 2632 2,
2877 2582 2929 2619 η.
2965 2565 3091 2639 28);
3122 2576 3176 2624 et
3197 2569 3431 2625 inveniet
3462 2581 3531 2637 te,
3566 2571 3709 2642 quod
3741 2572 3803 2628 ad

2223 2666 2338 2708 rem
2368 2655 2660 2725 pertineat,
2718 2672 2817 2712 nec
2848 2657 2917 2712 ibi
2943 2659 3144 2730 aliquid
3188 2659 3426 2727 dixisse,
3467 2670 3522 2716 et
3547 2662 3639 2718 hic
3680 2663 3802 2718 nihil

2223 2745 2424 2801 dicere.
2455 2747 2545 2803 Sic
2572 2750 2714 2803 enim
2743 2765 2940 2821 magno
2963 2752 3082 2806 nisu
3108 2753 3314 2808 moliris
3335 2753 3646 2819 ostendere,
3673 2756 3803 2826 quod

2222 2839 2466 2897 homines
2493 2843 2630 2899 Deus
2656 2843 2725 2898 de
2750 2844 3050 2902 seminibus
3079 2856 3349 2918 operetur,
3378 2849 3532 2920 quasi
3566 2848 3671 2905 hoc
3713 2865 3802 2904 ne-

2219 2946 2374 3005 getur
2392 2950 2423 2990 a
2451 2936 2605 2991 nobis
2630 2954 2642 3003 ;
2676 2945 2729 2992 et
2758 2938 2983 2994 adhibes
3011 2940 3327 3009 Apostolum
3356 2950 3575 3006 testem,
3602 2941 3693 2997 ubi
3715 2943 3801 2998 abs

2223 3035 2275 3091 te
2319 3028 2460 3082 nulla
2493 3030 2785 3085 necessitas
2833 3044 3007 3086 causae
3057 3030 3258 3103 ﬂagitat
3311 3034 3801 3104 probationemzet

2220 3120 2359 3190 quod
2404 3130 2485 3176 est
2516 3122 2800 3188 insulsius,
2839 3124 2919 3177 vis
2961 3124 3128 3196 accipi
3168 3124 3238 3182 de
3287 3111 3587 3183 seminibus
3638 3126 3802 3183 bomi-
3848 3198 3855 3204 ’

2221 3227 2384 3279 num,
2434 3214 2575 3286 quod
2620 3216 2710 3271 ille
2754 3216 2890 3271 dixit
2928 3216 2996 3273 de
3035 3219 3329 3275 seminibus
3381 3222 3796 3290 frumentorum,

2218 3307 2467 3378 quoniam
2500 3308 2550 3362 id
2576 3324 2732 3363 causa
2761 3310 3048 3382 poscebat;
3097 3321 3151 3369 et
3177 3313 3314 3369 dicis
3338 3315 3505 3371 verba
3535 3316 3657 3387 ejus
3680 3360 3695 3387 ,
3725 3315 3799 3373 Tu

2220 3398 2351 3460 quod
2384 3398 2602 3453 seminus
2628 3417 2730 3455 non
2759 3401 3083 3471 viviﬁcatur;
3123 3412 3177 3458 et
3217 3413 3359 3461 taces
3384 3407 3528 3478 quod
3572 3407 3664 3463 ille
3688 3423 3798 3464 con-

2234 3489 2402 3554 nectit,
2442 3491 2539 3545 nisi
2568 3492 2833 3546 moriatur.
2859 3492 3027 3550 Taces
3051 3496 3211 3550 etiam
3241 3496 3372 3553 illud
3394 3499 3537 3569 quod
3569 3499 3796 3572 adjungit

2216 3591 2269 3637 et
2290 3582 2438 3649 dicit,
2466 3581 2536 3637 Et
2562 3584 2700 3656 quod
2727 3585 2965 3655 seminus,
2995 3603 3096 3643 non
3121 3605 3307 3659 corpus
3332 3591 3472 3662 quod
3485 3592 3711 3662 futurum
3730 3604 3797 3649 est

2213 3675 2431 3729 seminus
2455 3717 2469 3742 ,
2519 3676 2609 3730 sed
2636 3676 2828 3732 nudum
2865 3695 3100 3751 granum,
3130 3683 3235 3753 fere
3270 3683 3441 3751 tritici,
3470 3694 3562 3738 aut
3588 3685 3796 3758 alicujus

2212 3774 2507 3821 cancrorum
2539 3784 2557 3822 :
2584 3769 2673 3823 ubi
2709 3770 2839 3825 satis
2867 3772 3040 3841 aperit
3083 3773 3228 3829 unde
3254 3773 3413 3829 dicat.
3444 3774 3651 3845 Quibus
3675 3779 3793 3833 taci-

2212 3859 2280 3914 tis
2299 3901 2314 3926 ,
2344 3859 2485 3930 quod
2536 3861 2777 3931 sequitur
2806 3862 3024 3934 ingeris,
3055 3864 3193 3919 Deus
3217 3876 3384 3921 autem
3404 3868 3484 3922 illi
3510 3869 3600 3923 dat
3618 3886 3792 3941 corpus

2209 3952 2459 4020 quomodo
2482 3954 2710 4019 voluerit,
2736 3964 2783 4008 et
2803 3955 3072 4027 unicuique
3092 3958 3339 4013 seminum
3365 3962 3635 4032 proprium
3680 3979 3789 4017 cor-

2211 4061 2305 4115 pus
2331 4043 2372 4118 (l
2400 4044 2519 4100 Cor.
2553 4062 2639 4112 xv,
2675 4048 2867 4120 56-58)
2893 4065 2906 4103 :
2933 4059 2988 4105 et
3032 4065 3139 4106 non
3165 4052 3246 4107 vis
3285 4053 3374 4109 hic
3405 4053 3633 4127 intelligi
3659 4071 3789 4126 quo-

2208 4152 2327 4193 rum
2356 4139 2651 4207 seminum,
2702 4140 2752 4195 id
2792 4151 2909 4210 est,
2962 4146 3067 4217 fere
3104 4146 3289 4214 tritici,
3319 4157 3406 4201 aut
3449 4149 3669 4221 alicujus
3698 4165 3790 4205 cu:-

2208 4233 2427 4286 terorum
2448 4276 2462 4301 ,
2491 4249 2676 4289 eorum
2708 4236 2946 4303 scilicet,
2992 4254 3109 4311 qum
3151 4255 3271 4295 cum
3303 4244 3659 4312 seminantur,
3686 4260 3786 4301 non

2205 4325 2539 4380 vivificautur
2585 4327 2686 4382 nisi
2738 4330 3054 4385 moriantur.
3097 4331 3162 4386 Et
3211 4335 3405 4403 qumris
3447 4334 3554 4391 hoc
3595 4336 3783 4391 dictum

2207 4420 2366 4474 etiam
2439 4420 2504 4475 ad
2568 4422 2774 4477 semina
2851 4423 3079 4479 humana
3126 4426 3457 4485 transferre:
3491 4430 3558 4486 de
3602 4430 3783 4502 quibus

2204 4513 2450 4582 quamvis
2478 4515 2741 4570 veraciter
2769 4516 2873 4572 dici
2927 4519 3137 4588 possit,
3194 4520 3334 4590 quod
3388 4521 3493 4577 illis
3534 4524 3673 4580 Deus
3699 4523 3783 4579 det

2205 4620 2400 4676 corpus
2439 4607 2711 4678 quomodo
2755 4609 3005 4676 voluerit,
3035 4620 3089 4664 et
3123 4613 3408 4685 unicuique
3443 4630 3632 4671 eorum
3662 4631 3779 4688 pro-

2203 4696 2378 4768 prium
2415 4715 2646 4771 corpus;
2677 4715 2782 4755 non
2821 4710 2992 4757 tamen
3024 4703 3129 4759 dici
3167 4714 3374 4777 potest,
3421 4709 3569 4779 quod
3609 4726 3779 4767 semen

2202 4792 2434 4848 hominis
2453 4836 2468 4863 ,
2495 4795 2707 4865 quando
2752 4799 2956 4867 gremio
2984 4798 3201 4855 femina:
3228 4799 3546 4873 infunditur,
3578 4820 3683 4861 non
3707 4806 3778 4860 vi.

2200 4886 2443 4941 vilicatur
2469 4888 2571 4941 nisi
2620 4889 2897 4947 moriatur.
2929 4893 3034 4947 Sed
3063 4893 3218 4964 plane
3246 4894 3315 4951 de
3356 4912 3588 4968 corpore
3616 4900 3776 4955 homi-

2198 4980 2283 5035 nis
2332 4980 2436 5036 dici
2466 4989 2675 5052 potest;
2730 4998 2834 5038 non
2879 4986 3021 5040 enim
3068 4998 3311 5059 resurget
3338 4989 3439 5045 nisi
3482 4994 3771 5060 moriatur,

2198 5083 2415 5145 propter
2436 5074 2578 5145 quod
2612 5084 2780 5130 totum
2808 5075 2941 5131 illud
2968 5077 3035 5133 de
3066 5080 3360 5136 seminibus
3388 5081 3772 5140 frumentorum

2196 5166 2327 5223 dixit
2358 5167 2660 5237 Apostolus.
2684 5168 2799 5225 Non
2829 5170 3005 5241 itaque
3035 5172 3302 5230 immerito
3327 5174 3458 5231 mihi
3484 5176 3661 5234 visum
3681 5187 3769 5244 est,

2196 5258 2318 5315 ideo
2343 5269 2392 5314 te
2420 5258 2598 5316 in‘hoe
2629 5261 2936 5318 testimonio
2975 5278 3038 5320 ea
3074 5266 3236 5341 verba
3259 5268 3515 5335 tacuisse,
3550 5286 3647 5340 per
3665 5283 3769 5343 quae

2194 5363 2478 5424 appareret
2504 5354 2570 5409 de
2604 5355 2796 5425 quibus
2822 5357 3117 5414 seminibus
3143 5358 3473 5431 loqueretur,
3510 5379 3669 5436 quem
3697 5372 3769 5419 te-

2192 5456 2328 5501 stem
2357 5444 2680 5515 adhibuisti,
2713 5463 2779 5504 nc
2810 5456 2989 5505 mente
3018 5450 3163 5523 vigili
3191 5452 3362 5509 lector
3400 5453 3769 5513 admoneretur

2192 5536 2262 5612 (si
2292 5545 2470 5596 tamen
2493 5538 2593 5597 huc
2624 5540 2919 5609 praevidere
2935 5542 3203 5617 potuisti),
3221 5545 3295 5605 ita
3320 5547 3375 5605 in
3400 5548 3652 5619 paradiso
3675 5563 3758 5622 po-

2256 5653 2271 5715 ?
2308 5650 2464 5715 Cedet
2501 5657 2775 5715 Poetarum.
2800 5651 3061 5715 dium.
3444 5684 3447 5687 λ

2253 5714 2274 5778 ξ
2307 5713 2444 5778 Edjti,
2469 5710 2783 5778 conﬁrmavit.

2254 5777 2276 5809 ³
2307 5777 2502 5841 Sicuss.
2529 5775 2580 5827 tn
2601 5778 2758 5841 Ἥξει,
2781 5775 2941 5841 ualidi.

2256 5844 2276 5869 ⁵
2306 5838 2464 5888 Codex
2489 5845 2611 5892 Part.
2630 5838 2788 5903 ,uuod
2809 5840 3082 5894 subdiclum
3099 5849 3188 5897 est.
