3962 6476
195 387 333 444 i545

196 493 361 556 tuisse
390 497 642 555 seminari
675 495 918 551 homines
943 490 997 549 in
1039 486 1182 548 arvis
1212 484 1531 563 genitalibus
1562 489 1784 545 femina-

195 608 313 649 rum
342 607 443 663 per
482 591 720 647 ntctnbra
763 588 1009 660 genitalia
1051 586 1405 641 masculorum
1435 627 1449 651 ,
1500 583 1634 638 sicut
1671 584 1783 660 fru—

194 694 373 740 menta
402 684 455 739 in
487 683 643 738 terris
667 682 1019 753 agricolarum
1050 679 1291 734 manibus
1334 676 1700 743 seminantur;
1732 684 1789 732 ut

196 780 269 831 sic
298 775 368 831 ad
416 776 686 830 hominem
719 774 1005 830 serendum
1048 773 1296 827 stimulus
1324 771 1501 825 nullus
1544 768 1784 825 libidinis

194 870 477 936 incitaret,
528 868 976 939 quemadmodum
1027 867 1091 922 ad
1143 867 1413 921 hominem
1472 866 1786 941 pariendum

195 964 373 1019 nullus
403 963 559 1018 dolor
589 970 821 1032 urgeret.
846 962 1049 1031 Quibus
1082 959 1196 1014 hzcc
1223 946 1581 1029 tranquillitas
1608 958 1788 1030 displi-

196 1063 309 1117 cet,
334 1070 496 1126 rogo,
536 1055 660 1125 quid
682 1056 760 1110 eis
792 1054 845 1109 in
871 1068 1055 1117 carne,
1089 1053 1189 1107 nisi
1220 1052 1361 1125 quod
1388 1052 1551 1123 pudet
1576 1051 1787 1124 placet?

198 1146 302 1202 Nec
331 1162 465 1201 sane
493 1146 938 1217 concupiscentize
960 1145 1191 1200 carnalis
1222 1144 1465 1215 puderet,
1495 1144 1539 1198 si
1563 1143 1666 1197 hoc
1695 1157 1787 1198 so-

199 1238 304 1291 lum
336 1251 557 1291 carnem
598 1236 808 1302 liberet,
843 1235 983 1306 quod
1026 1249 1180 1290 mens
1206 1234 1419 1304 juberet
1443 1275 1455 1299 ,
1487 1242 1542 1288 et
1567 1232 1784 1304 quando

200 1328 393 1383 liberet
417 1329 459 1395 ⁸,
490 1337 544 1384 et
569 1338 822 1399 quantum
844 1328 1078 1399 juberet.
1101 1326 1253 1383 Nunc
1281 1342 1410 1398 ergo
1442 1326 1689 1397 quoniam
1706 1334 1787 1380 ta-

200 1424 261 1478 iis
304 1439 411 1479 nou
436 1432 539 1489 est,
589 1438 684 1478 cur
727 1423 775 1479 ei
818 1430 1001 1478 contra
1035 1436 1134 1477 nos
1164 1419 1526 1492 suil'ragamini
1550 1462 1564 1485 ,
1596 1428 1650 1475 et
1680 1435 1787 1475 non

202 1532 315 1574 eam
370 1517 546 1587 potius
584 1516 863 1573 nobiscum
907 1515 1142 1571 fatemini
1185 1525 1277 1570 aut
1317 1514 1383 1570 de
1432 1522 1651 1588 peccato
1696 1528 1791 1568 na-

206 1619 333 1678 tam,
360 1617 452 1664 ant
483 1620 698 1679 peceato
726 1624 848 1665 esse
871 1608 1154 1664 vitiatam?

269 1700 387 1756 XV.
418 1701 535 1757 Jun.
565 1701 681 1757 Jam
703 1718 833 1757 vero
859 1702 977 1773 quis
1002 1701 1167 1756 risum
1197 1708 1374 1755 teneat
1399 1697 1738 1772 prudentium
1770 1740 1785 1781 η

203 1808 315 1849 cum
344 1793 411 1849 ad
445 1794 559 1849 lucc
595 1809 715 1864 quzr.
740 1793 1016 1848 subdidisti
1046 1793 1293 1863 exempla
1321 1789 1668 1863 pervenerit?
1699 1789 1790 1844 Ais

203 1888 340 1941 enim
369 1905 382 1939 :
414 1885 494 1941 De
543 1888 668 1959 ipsis
694 1887 855 1941 verbis
884 1886 1115 1957 Apostoli
1144 1886 1453 1955 refutaretur
1476 1928 1489 1953 ,
1524 1901 1624 1938 non
1664 1882 1788 1937 reli-

202 1980 355 2051 giosae
382 1980 675 2043 voluntatis,
708 1979 796 2034 sed
826 1978 1107 2033 tibidinosw
1148 1978 1419 2048 voluptatis
1464 1976 1655 2047 pudens
1694 1990 1789 2027 no-

201 2072 437 2135 minator,
479 2081 525 2125 et
564 2071 831 2142 impudens
870 2070 1192 2141 prtrdicator.
1226 2066 1300 2122 De
1337 2068 1459 2140 ipsis
1487 2067 1670 2139 quippe
1708 2081 1789 2120 se-

200 2166 418 2220 minibus
442 2208 458 2234 ,
502 2180 616 2235 qua:
657 2166 711 2218 in
740 2165 875 2236 agris
902 2164 1141 2235 agricola:
1179 2162 1426 2217 seminant
1451 2201 1465 2226 ,
1498 2169 1657 2232 potest
1700 2160 1792 2213 ista

199 2258 460 2331 redargui.
480 2256 583 2312 Cur
607 2257 738 2312 enim
760 2274 859 2311 non
881 2256 1165 2322 credamus,
1192 2254 1355 2308 Deum
1386 2254 1604 2323 potuisse
1626 2253 1677 2306 in
1700 2268 1792 2322 pa-

197 2350 373 2406 radiso
397 2350 668 2405 concedere
689 2349 883 2404 homini
901 2348 1044 2403 beato
1069 2348 1131 2402 de
1155 2364 1247 2403 suo
1282 2347 1485 2412 semine,
1515 2344 1652 2416 quod
1670 2360 1792 2399 con-

198 2458 393 2497 cessum
418 2442 647 2497 videmus
672 2441 911 2513 agricolis
936 2441 997 2495 de
1022 2441 1174 2494 tritici
1202 2440 1428 2503 semine;
1470 2447 1523 2492 ut
1552 2454 1608 2492 eo
1638 2438 1787 2492 modo

196 2534 329 2589 illud
352 2545 624 2599 sereretur,
655 2534 784 2588 sicut
828 2533 922 2587 hoc
950 2535 1154 2599 seritur,
1203 2532 1311 2586 sine
1331 2531 1439 2585 ulla
1468 2529 1707 2600 pudenda
1736 2530 1792 2584 li-

199 2624 498 2697 bidine(De
537 2624 770 2696 Nuptiis,
815 2624 904 2679 lib.
944 2623 1000 2689 2,
1052 2640 1105 2678 n.
1148 2620 1282 2696 29)?
1336 2621 1505 2690 Quam
1569 2630 1792 2676 venuste

198 2716 412 2789 pudens
434 2718 742 2772 nominator
770 2724 824 2771 et
854 2715 1138 2785 impudens
1166 2711 1484 2783 prrcdicator
1510 2712 1601 2767 dat
1620 2712 1793 2766 omni-

198 2825 269 2864 no
294 2809 679 2879 incompositos
696 2817 892 2872 motus,
917 2816 972 2862 et
994 2806 1367 2862 circulatorum
1390 2804 1626 2860 carmina
1645 2803 1788 2859 dicit.

198 2901 308 2959 Sed
335 2901 461 2959 illud
513 2901 657 2956 aliud
688 2902 788 2957 nisi
826 2901 1100 2956 lastissinte
1130 2900 1230 2970 legi
1262 2915 1368 2954 non
1400 2909 1579 2970 potest
1619 2914 1791 2969 :quo-

198 2996 346 3051 niam
368 2995 413 3049 si
442 3010 546 3049 non
578 3002 853 3065 peccasset
881 2993 1074 3060 Adam,
1108 2993 1184 3046 sic
1213 2991 1382 3061 potuit
1412 2990 1622 3057 mulier,
1656 2991 1794 3045 sicut

199 3102 378 3158 seges,
427 3087 495 3141 atl
523 3086 904 3143 fecunditatem
954 3083 1328 3157 parari:forte
1382 3093 1438 3138 ut
1480 3099 1575 3155 per
1603 3098 1791 3139 omnes

198 3182 458 3238 articulos
485 3197 549 3237 ac
574 3197 672 3253 per
700 3182 933 3237 minutas
952 3194 1240 3249 corporum
1267 3177 1491 3243 ﬁstulas,
1515 3192 1646 3247 quas
1678 3191 1793 3232 me-

201 3275 304 3331 dici
335 3286 507 3349 πόρους
530 3285 757 3341 vocant,
788 3275 949 3345 spica:
976 3279 1320 3342 erumperent
1342 3270 1602 3335 ﬁliorum;
1632 3267 1793 3341 atque

198 3367 275 3424 ita
310 3368 564 3423 omnibus
594 3367 714 3421 laeta
742 3368 762 3401 ³
795 3364 1062 3437 partibus,
1112 3371 1297 3435 partus
1340 3377 1439 3433 pro
1491 3359 1748 3432 pediculis
1770 3357 1793 3393 ³

196 3461 510 3517 exsudaret.
534 3459 639 3516 Sed
670 3460 713 3516 si
759 3458 921 3530 aliqui
952 3467 1007 3513 et
1047 3472 1142 3528 per
1179 3456 1364 3511 oculos
1402 3462 1787 3524 erumperent,

196 3554 540 3611 auferrentur
565 3553 765 3611 lumina
795 3552 1023 3623 parienti
1047 3593 1060 3616 ,
1092 3558 1147 3604 et
1182 3550 1225 3604 si
1254 3548 1570 3620 pupularum
1597 3548 1789 3619 globu-

196 3646 263 3705 lis
282 3647 532 3702 examina
561 3645 760 3716 galeata
785 3644 1095 3717 prodirent,
1128 3643 1513 3712 imprecaretur
1541 3640 1656 3695 sine
1679 3638 1782 3694 du-

194 3739 285 3796 bio
309 3739 529 3796 caecitas
553 3738 860 3793 orbitatem.
884 3736 993 3792 Nec
1011 3734 1292 3791 difﬁculter
1313 3748 1462 3794 sane.
1483 3748 1589 3787 non
1616 3736 1786 3804 p'arta,

202 3832 300 3888 sed
332 3832 525 3891 sudata
552 3830 767 3887 soboles
797 3836 1078 3885 necaretur
1097 3869 1113 3895 ,
1135 3835 1294 3897 atque
1324 3825 1611 3880 haberetur
1634 3838 1787 3895 gens,

196 3933 256 3981 ut
297 3924 441 3995 apud
517 3923 723 3980 fabulas
768 3921 1184 3996 Myrmidonum,
1230 3919 1301 3974 ita
1346 3917 1487 3990 apud
1515 3917 1790 3972 Manichaei

195 4016 447 4088 dogmata
468 4058 482 4082 ,
515 4016 601 4071 vel
652 4015 971 4087 pedicularia
993 4057 1009 4080 ,
1041 4012 1127 4067 vel
1165 4009 1480 4083 publicaria.
1535 4009 1641 4066 Sed
1674 4009 1790 4065 haec

195 4119 343 4169 esset
365 4109 538 4166 fetura
565 4109 807 4165 mulieris
831 4126 844 4163 :
871 4108 953 4162 vir
969 4114 1144 4161 autem
1176 4103 1302 4175 quid
1334 4113 1514 4174 posset
1534 4102 1789 4159 efﬁcere?

196 4204 531 4260 Admoveret
573 4203 826 4258 nimirum
856 4216 962 4255 non
995 4198 1266 4265 membra,
1296 4196 1392 4253 scd
1423 4196 1744 4252 ferramenta
1770 4238 1783 4263 ,

195 4308 251 4355 et
297 4298 610 4368 genitalium
649 4312 847 4351 vacuus
888 4295 1221 4365 imprimeret
1257 4305 1505 4347 vomeres
1551 4305 1615 4345 ac
1652 4289 1787 4360 ligo-

195 4407 314 4448 nes.
357 4391 549 4449 Grates
577 4406 704 4463 ergo
735 4398 787 4445 et
814 4388 1157 4458 amplissima:
1184 4385 1483 4456 primorum
1511 4382 1787 4439 hominum

193 4485 463 4542 debentur
489 4484 659 4539 errori
685 4525 701 4549 ,
733 4496 840 4553 quo
877 4490 984 4535 tam
1014 4480 1185 4534 beatae
1214 4485 1421 4532 natura:
1471 4483 1735 4530 tormenta
1765 4472 1789 4505 ¹⁶

194 4580 364 4634 vitata
407 4588 550 4633 sunt.
582 4574 756 4630 Mitius
782 4581 966 4644 partus
991 4570 1099 4642 agit
1139 4584 1260 4625 cum
1307 4566 1541 4632 feminis,
1580 4574 1635 4621 et
1672 4579 1787 4620 ma-

194 4672 362 4739 ritus,
388 4684 550 4741 quam
578 4668 623 4724 si
651 4676 745 4722 aut
786 4674 959 4721 aratra
1004 4664 1303 4726 sentirent,
1356 4669 1446 4715 aut
1476 4660 1784 4729 importuna

191 4782 292 4838 per
319 4772 491 4820 totum
518 4775 717 4832 corpus
733 4758 1050 4815 fecunditate
1077 4756 1440 4811 silvescerent.
1468 4750 1791 4821 lmpleantur

193 4855 620 4913 Manichaeorum
652 4852 811 4907 facies
838 4849 1125 4920 ignominia
1157 4848 1179 4879 ⁸
1204 4888 1218 4914 ,
1248 4854 1301 4901 et
1321 4851 1564 4915 quaerant
1593 4856 1787 4897 nomen

194 4961 373 5015 tuum,
410 4944 653 5001 Domine.
688 4944 732 4998 0
758 4949 1002 5013 portenta
1046 4937 1444 4995 criminantium
1472 4936 1787 4990 innocentes

192 5054 244 5099 et
272 5043 474 5107 Deum,
507 5036 755 5108 suifragia
785 5042 1221 5106 argumentorum
1249 5039 1302 5085 et
1328 5024 1784 5084 testimoniorum!

193 5138 305 5193 Cur
330 5178 347 5204 ,
371 5132 566 5205 inquit,
594 5147 700 5188 non
725 5129 1007 5187 credamus
1027 5128 1148 5200 quia
1181 5125 1352 5197 potuit
1378 5125 1531 5179 aliter
1557 5122 1674 5178 ﬁeri
1695 5136 1790 5177 na-

262 5309 719 5382 ?Eoumuberet-
772 5371 818 5382 ..
908 5371 958 5382 _.
1002 5368 1020 5382 η
1110 5370 1120 5379 .
1193 5375 1243 5382 ,ί

261 5381 283 5411 ³
321 5368 535 5441 veteres
550 5373 745 5441 codices
772 5371 851 5441 hic
873 5378 925 5441 et
946 5368 1081 5441 infra
1096 5370 1158 5441 .iu
1182 5368 1432 5441 Augustini
1468 5368 1790 5441 responsigne

191 5426 484 5492 constanter
522 5438 739 5495 habent,
772 5432 872 5484 lita.
899 5432 990 5483 sed
1012 5432 1176 5495 aptius,
1191 5426 1325 5487 editi,
1344 5426 1471 5495 lwta,
1499 5426 1665 5495 idest,
1690 5426 1789 5495 fer-

191 5489 335 5555 tili;
346 5489 548 5552 Videtur
563 5489 785 5548 alludere
795 5495 853 5545 ad
869 5494 987 5558 illud
1000 5489 1198 5559 Virgilii,
1214 5498 1388 5556 Georg.
1406 5489 1490 5540 lib.
1515 5490 1559 5550 1,
1576 5500 1710 5544 vers.
1732 5491 1755 5540 1
1772 5503 1786 5541 :

200 5584 228 5616 ι
250 5564 376 5626 quid
399 5564 541 5614 iaciat
559 5561 945 5626 laetassegetes.
970 5575 993 5603 ν

264 5614 374 5693 ξίιι
391 5625 604 5689 antiquis
623 5614 885 5693 codicil'ius,
912 5617 1181 5684 peducufis.
1228 5623 1284 5667 Et
1307 5615 1450 5680 paulo
1474 5621 1582 5683 post
1596 5648 1611 5674 ,
1635 5614 1790 5679 pedu-

189 5689 425 5751 culam;
448 5682 555 5751 pro,
577 5682 921 5750 pedicularia.’
1484 5682 1487 5683 ⁷

260 5754 284 5785 δ
319 5754 395 5802 sic
411 5758 520 5801 Mss.
542 5754 591 5798 In
609 5748 767 5813 vign,
784 5746 1031 5813 (emta.
1257 5802 1268 5813 ,
1365 5809 1374 5813 Α
1508 5802 1520 5813 ,

257 5781 285 5851 ε
1105 5820 1118 5856 ε
1145 5802 1455 5870 mitem.
1500 5800 1789 5869 θηριεαητιυ·

192 5876 584 5939 uncinatum
604 5872 752 5937 facies
768 5872 1042 5936 immitia.

1553 373 1751 445 uana
1783 375 2099 459 opimus.

3344 392 3367 459 i
3382 393 3481 460 ut

1896 504 2008 548 tura
2034 537 2049 560 ,
2081 510 2239 569 quam
2279 496 2416 557 facta
2461 501 2829 572 consnicitur?
2858 505 3019 573 Quasi
3049 520 3322 579 gnaram:
3346 512 3474 582 quid

1893 588 2144 655 potuerit,
2174 597 2228 643 et
2254 605 2359 649 non
2389 592 2514 663 quid
2570 594 2860 661 instituerit
2889 598 3046 663 Deus.
3077 601 3132 659 Si
3164 602 3292 667 libet
3316 618 3380 663 ea
3408 603 3481 665 iis

1893 675 2073 732 bidine
2120 681 2369 751 opinandi
2399 700 2517 755 qua:
2547 695 2672 742 sunt
2701 687 2838 747 faeta
2864 692 3279 762 reprehendere,
3311 705 3369 755 ut
3390 696 3480 759 die

1896 786 2113 841 camus,
2146 776 2267 846 quia
2314 777 2430 834 ﬁeri
2485 780 2641 839 aliter
2694 791 2979 854 potuerunt
3005 828 3019 854 ,
3051 786 3171 853 ideo
3208 805 3326 859 qua:
3356 798 3479 849 sunt

1894 866 2133 923 instituta
2187 887 2290 927 non
2341 873 2571 930 reddunt
2625 886 2828 933 naturre
2872 878 3027 941 honre
3075 881 3475 951 testimonium;

1893 965 2299 1032 pronuntiemus
2349 968 2470 1037 quia
2506 971 2675 1039 potuit
2696 972 2837 1033 Deus
2872 973 3113 1043 bicipites
3139 977 3312 1037 facere
3335 994 3479 1035 mor-

1894 1053 2061 1119 tales,
2103 1056 2223 1112 ideo
2274 1059 2555 1131 unicipites
2583 1103 2599 1128 ,
2655 1071 2708 1123 ct
2760 1065 2846 1135 qui
2906 1066 3131 1137 pedibus
3174 1068 3480 1129 insisterent

1895 1146 2033 1201 male
2061 1157 2185 1203 sunt
2214 1149 2335 1205 facti
2363 1169 2377 1216 ;
2423 1151 2538 1209 ﬁeri
2569 1155 2709 1213 enim
2736 1136 2950 1229 capitati
2981 1159 3048 1213 al)
3077 1136 3480 1232 utraqtte‘parte

1893 1248 2186 1309 potuerunt
2219 1259 2231 1293 τ
2262 1258 2378 1313 quas
2429 1244 2597 1303 forma
2629 1248 2681 1303 in
2723 1248 3037 1319 quibusdam
3069 1252 3206 1307 solet
3222 1266 3481 1322 apparere

1894 1333 2216 1402 vermiculis,
2249 1352 2478 1407 quorum
2517 1340 2690 1411 alvum
2737 1352 2917 1409 vertex
2947 1342 3281 1413 ambifariam
3324 1354 3480 1405 natus

1894 1423 2155 1492 includit,
2186 1435 2242 1480 ut
2271 1428 2337 1482 ah
2360 1431 2925 1505 utroqueincipientcs
2951 1449 3016 1505 ex
3046 1432 3288 1507 humero,
3319 1435 3479 1499 finem

1895 1516 2092 1573 habere
2122 1519 2484 1593 intelligantur
2506 1523 2558 1579 in
2595 1525 2793 1581 medio.
2822 1526 3184 1589 Admittantur
3211 1528 3311 1593 ista
3339 1529 3477 1595 ludi:

1894 1609 2008 1665 bria
2031 1654 2045 1680 ,
2084 1621 2137 1668 et
2166 1615 2283 1684 quis
2311 1615 2415 1675 erit
2443 1615 2705 1677 delirandi
2750 1620 2913 1675 finis?
2940 1621 3115 1691 Potuit
3147 1637 3275 1694 ergo
3307 1623 3481 1687 facere

1894 1702 2064 1770 Deus,
2094 1712 2151 1759 ut
2173 1704 2240 1762 de
2263 1714 2402 1763 terra
2423 1723 2542 1763 cum
2565 1708 2786 1766 floribus
2812 1710 3057 1781 homines
3081 1715 3476 1785 geminarent:

1898 1805 2155 1865 quantum
2189 1798 2255 1854 ad
2277 1800 2527 1859 virtutem
2553 1842 2570 1871 ,
2603 1804 2839 1875 potuisse
2877 1821 2983 1863 non
3010 1807 3219 1875 abnuo;
3253 1808 3345 1864 sed
3375 1824 3476 1867 no—

1896 1888 1993 1942 luit
2018 1889 2117 1944 nisi
2147 1902 2204 1946 ut
2231 1891 2298 1947 de
2327 1893 2546 1950 sexibus
2592 1905 2964 1953 nascerentur.
2991 1896 3144 1956 Nunc
3169 1914 3298 1970 ergo
3326 1915 3478 1973 quae.

1894 1981 2030 2038 ritur
2054 1983 2181 2055 quid
2216 1982 2442 2063 fecerit,
2473 2001 2578 2043 non
2608 1987 2731 2061 quid
2768 1990 3018 2059 potuerit.
3048 1990 3104 2047 lu
3130 2008 3236 2063 quo
3254 1992 3374 2048 loco
3402 1993 3481 2049 fu-

1896 2074 2036 2132 l‘iOSTl
2071 2079 2353 2148 responsio
2376 2087 2480 2153 est,
2511 2089 2571 2141 ut
2598 2080 2826 2149 dicatur,
2859 2082 3052 2155 Malum
3083 2084 3326 2156 estquod
3352 2097 3435 2145 est
3460 2126 3477 2153 ,

1895 2167 2016 2237 quia
2050 2170 2221 2239 potuit
2248 2171 2387 2227 Deus
2408 2173 2564 2248 aliter
2601 2172 2810 2245 facere;
2844 2174 2948 2233 hoc
2977 2185 3057 2233 est
3094 2177 3234 2233 enim
3268 2178 3483 2239 laudaro

1898 2261 2063 2316 Deum
2098 2262 2149 2317 in
2183 2264 2627 2335 vituperationem
2668 2269 2787 2335 sui,
2822 2279 2875 2325 ct
2918 2271 2969 2325 in
3012 2273 3271 2327 maculam
3301 2274 3480 2335 consi-

1894 2353 1951 2408 lii
1980 2353 2097 2425 ejus
2121 2355 2561 2426 omnipotentiam
2608 2360 2918 2435 prwdicare.
2947 2362 3062 2418 Non
3112 2364 3287 2431 solum
3334 2365 3481 2423 nulla

1897 2447 2153 2519 laudatio,
2205 2465 2393 2506 verum
2425 2452 2584 2509 etiam
2616 2452 2804 2525 ingens
2853 2458 3172 2523 contumelia
3202 2468 3302 2525 est,
3353 2459 3483 2517 dare

1898 2543 2101 2601 viribus
2128 2546 2267 2617 quod
2298 2547 2575 2618 sapientia:
2601 2546 2923 2616 detraxeris,
2956 2560 3010 2611 et
3037 2551 3217 2609 dicere
3243 2552 3479 2613 adfuisse

1898 2636 2010 2693 Deo
2042 2638 2439 2709 fortitudinem,
2469 2641 2579 2699 sed
2625 2641 2861 2703 defuisse
2884 2645 3185 2703 consilium.
3228 2645 3486 2717 Pertingit

1898 2731 2114 2785 omnino
2141 2732 2205 2787 ad
2236 2733 2572 2805 negationem
2624 2736 2894 2806 potentias,
2928 2736 3273 2807 reprehensio
3301 2752 3485 2799 oonsu.

1896 2824 2079 2879 lentim
2114 2844 2126 2880 :
2163 2841 2267 2881 non
2301 2829 2477 2885 omnia
2510 2837 2704 2900 potest,
2738 2831 2782 2887 si
2824 2831 3073 2891 ordinare
3095 2832 3233 2891 bene
3252 2849 3361 2890 non
3386 2850 3485 2905 po-

1896 2924 2020 2974 test.
2049 2919 2160 2974 lmo
2195 2921 2237 2975 si
2268 2922 2542 2991 sapientia:
2566 2924 2582 2955 ί
2613 2924 2940 2985 sublimitate
2957 2925 3221 2994 deficitur,
3253 2927 3385 2985 nihil
3414 2929 3485 2986 de

1896 3015 2193 3069 reverentia
2226 3015 2516 3073 divinitatis
2556 3028 2786 3079 retentat
2822 3037 2836 3074 :
2869 3019 3010 3090 (mod
3046 3021 3167 3092 quia
3218 3022 3481 3092 SUSpicat‘i

1898 3104 2331 3182 prol’auissimum
2363 3116 2465 3176 cst,
2499 3111 2731 3167 recurrit
2753 3110 2901 3180 illud,
2931 3128 3038 3182 quo
3086 3112 3275 3175 tradux
3302 3122 3478 3172 vestra

1892 3196 2185 3267 jugulalur.
2222 3201 2361 3261 Deus
2387 3203 2475 3277 qui
2505 3202 2632 3259 fecit
2661 3205 2837 3271 omnia
2866 3205 3004 3271 bona
3030 3206 3187 3267 valde
3208 3249 3224 3273 ,
3252 3207 3381 3265 nihil
3410 3209 3485 3267 ita

1896 3289 2143 3358 instituit,
2181 3294 2310 3353 utin
2348 3295 2439 3350 illo
2478 3310 2679 3367 genere
2707 3298 2849 3368 quod
2874 3298 3069 3362 factum
3091 3308 3195 3368 est,
3235 3299 3350 3359 ﬁeri
3380 3316 3481 3374 po-

1898 3384 2062 3440 tuisse
2086 3393 2175 3447 aut
2206 3386 2380 3458 aptius
2399 3429 2414 3455 ,
2448 3397 2542 3457 aut
2581 3389 2986 3460 rationabilius,
3017 3392 3360 3463 approbetur.
3386 3393 3486 3451 Sa-

1893 3477 2093 3552 pientia
2120 3479 2317 3553 quippe
2359 3489 2415 3537 et
2458 3481 2843 3553 omnipotentis
2894 3500 2960 3549 ex
3011 3502 3168 3558 atquo
3230 3488 3483 3558 praeditus

1897 3583 2003 3643 non
2030 3568 2360 3637 institueret,
2388 3572 2531 3645 quod
2558 3573 2912 3635 homunculus
2957 3587 3138 3648 posset
3158 3578 3278 3650 jure
3298 3595 3486 3653 repre-

1896 3661 2150 3721 hendere.
2175 3664 2539 3743 Qurecumque
2573 3682 2701 3741 ergo
2731 3668 2783 3725 in
2813 3670 3062 3736 omnibus
3090 3674 3311 3733 omnino
3335 3689 3485 3731 crea-

1895 3757 2028 3812 turis
2076 3759 2336 3817 naturalia
2367 3759 2625 3834 docentur
2647 3802 2663 3830 ,
2692 3762 2766 3821 ita
2804 3777 3013 3829 summa
3041 3764 3180 3835 facta
3218 3776 3377 3833 sunt,
3413 3777 3473 3824 ut

1894 3850 2137 3907 affectata
2163 3852 2215 3907 in
2244 3852 2325 3909 his
2350 3854 2674 3923 emendatio,
2695 3856 2854 3919 stulta
2876 3867 2928 3921 at
2957 3858 3176 3928 profana
3205 3859 3478 3918 doceatur.

1899 3943 1964 4000 Ut
1990 3960 2118 4016 ergo
2144 3945 2313 4003 forma
2352 3949 2507 4020 equi,
2536 3948 2705 4005 forma
2743 3951 2896 4013 bovis
2942 3951 3142 4014 habent
3177 3953 3392 4024 quidem
3428 3955 3480 4011 in

1894 4045 2077 4093 mutua
2107 4038 2394 4101 collatione
2413 4040 2742 4111 distantiam,
2768 4044 2820 4105 in
2850 4045 2964 4113 suis
2991 4054 3168 4103 tamen
3198 4048 3484 4117 generibus

1893 4138 2072 4200 aptam
2089 4146 2154 4187 ex
2198 4132 2343 4189 omni
2374 4144 2525 4205 parte
2545 4136 2942 4203 concinentiam
2987 4136 3061 4199 ita
3086 4139 3291 4199 sortita:
3317 4150 3478 4209 sunt,

1894 4231 2070 4279 utnec
2089 4222 2349 4289 debuerit,
2380 4240 2480 4297 nec
2501 4228 2734 4299 potuerit
2759 4236 2778 4265 ²
2800 4240 2892 4291 aut
2916 4244 3087 4300 equus
3117 4240 3210 4289 aut
3233 4231 3352 4300 bos,
3398 4248 3483 4288 sc-

1893 4330 1988 4370 cus
2013 4332 2170 4387 quam
2201 4316 2460 4375 formatus
2497 4319 2709 4387 videtur
2732 4361 2749 4389 ,
2769 4321 2990 4385 institui
3023 4322 3043 4389 ί
3055 4338 3158 4400 qua
3199 4325 3382 4395 regula
3412 4325 3480 4380 li-

1893 4417 1983 4464 c:t
2003 4410 2179 4467 omnia
2202 4412 2458 4479 natantia,
2489 4414 2750 4483 repentia,
2797 4414 3112 4484 gradientis,
3160 4416 3433 4472 volitantia
3463 4458 3479 4485 ,

1894 4509 2166 4571 postremo
2203 4501 2440 4569 mtherea
2491 4503 2836 4575 caelestiaque
2894 4521 3243 4575 percurrere;
3279 4509 3480 4566 nullius

1892 4592 2065 4649 forma
2096 4596 2291 4675 quippe
2317 4595 2507 4651 melius
2527 4638 2540 4659 ,
2564 4611 2722 4665 quam
2746 4596 2820 4652 illi
2843 4598 2927 4651 cui
2959 4598 3246 4666 parabatur
3267 4602 3476 4671 generi,

1887 4686 2101 4741 institui
2132 4685 2369 4756 potuisse
2393 4686 2761 4757 convincitur)
2791 4704 2805 4742 :
2831 4688 2899 4745 ita
2930 4698 2983 4749 et
3013 4688 3175 4747 homo
3204 4708 3364 4762 quem
3390 4708 3482 4750 su-

1893 4794 1988 4850 pra
2010 4779 2119 4849 jam
2143 4779 2496 4850 gradientium
2519 4780 2839 4850 generalitas
2867 4781 3147 4859 indicavit,
3172 4785 3252 4841 sic
3276 4795 3359 4841 est
3386 4802 3484 4858 per

1894 4874 2140 4930 universa
2190 4873 2446 4930 formatus
2469 4914 2485 4941 ,
2531 4882 2589 4929 ut
2638 4875 2828 4945 melius
2852 4892 2879 4929 a
2910 4877 3055 4937 nullo
3084 4876 3209 4950 ﬁngi
3254 4890 3477 4949 posset:

1894 4968 1986 5040 qui
2015 4968 2221 5038 accepit
2248 4966 2543 5041 prudenter
2573 4969 2624 5023 in
2648 4982 2873 5039 corpore
2900 4979 2956 5027 ct
2982 4970 3130 5031 locos
3152 4971 3366 5029 decoris
3390 5015 3407 5041 ,
3430 4982 3486 5030 et

1897 5062 2044 5118 locos
2072 5061 2310 5134 pudoris,
2344 5071 2401 5117 ut
2429 5062 2479 5131 in
2513 5076 2573 5123 se
2602 5061 2719 5133 ipso
2754 5072 2809 5123 et
2839 5064 3216 5135 verecundiam
3235 5074 3294 5122 et
3310 5068 3481 5123 conti-

1896 5156 2132 5213 dentiam
2154 5155 2385 5212 disceret
2410 5173 2426 5223 ;
2467 5172 2536 5211 ne
2562 5165 2617 5231 et
2641 5155 2900 5223 deformis
2925 5158 3231 5226 videretur,
3270 5160 3317 5216 si
3342 5170 3485 5217 esset

1897 5263 1996 5319 per
2014 5256 2202 5317 cuncta
2225 5247 2463 5319 velatus;
2486 5256 2541 5313 et
2565 5247 2723 5305 deses
2753 5249 3071 5317 redderetur
3093 5265 3160 5309 ac
3187 5251 3478 5322 negligens,

1897 5343 1941 5395 si
1976 5356 2188 5423 semper
2213 5349 2357 5411 esset
2381 5355 2479 5413 per
2506 5350 2696 5411 cuncta
2725 5342 2991 5415 vulgatus.
3022 5344 3100 5405 Ac
3125 5358 3223 5414 per
3266 5342 3369 5401 hoc
3396 5342 3481 5399 fe.

1898 5432 2141 5497 conditas
2170 5431 2424 5498 humana,
2453 5448 2559 5507 neu
2581 5433 2684 5501 alia
2705 5450 2864 5506 quam
2893 5450 3014 5505 qua!
3051 5433 3247 5505 habet,
3284 5434 3483 5493 utrius-

1899 5550 2003 5608 que
2028 5550 2187 5603 sexus
2206 5533 2388 5603 debuit
2412 5533 2654 5601 membra
2680 5534 2978 5606 suscipere,
2999 5547 3109 5607 non
3126 5533 3286 5591 aliam
3314 5534 3483 5590 ratio-

1954 5676 1980 5753 ,ί
2013 5673 2164 5737 aditi,
2197 5671 2294 5725 imo
2329 5684 2424 5725 non
2763 5672 3063 5735 castigantur
3108 5681 3175 5721 ex
3211 5671 3483 5721 manuscriv

1899 5748 2009 5841 pug
2021 5806 2310 5856 Auctoritate
2363 5800 2797 5863 manuscriptorum
2844 5794 3114 5849 addidimus
3129 5831 3146 5860 ,
3196 5808 3284 5849 nec
3327 5803 3487 5869 ροηβρμ

1900 5877 1981 5921 rit.
3064 5905 3067 5908 .
