3962 6480
509 391 648 452 1447

511 520 632 563 nem
659 508 946 579 viscerum,
977 523 1084 566 non
1110 511 1244 568 alios
1293 530 1502 585 sensus,
1526 534 1630 574 non
1657 521 1814 577 aliam
1847 524 2093 595 volupta-

511 609 639 658 tem.
673 603 1069 661 Admoneamus
1094 605 1256 678 igitur
1278 608 1621 680 Manichaeos,
1652 625 1706 669 nt
1737 616 1983 673 desinant
2002 633 2091 674 re-

505 695 840 764 prehendere
885 698 1080 756 divinze
1129 699 1269 757 facta
1323 705 1633 775 sapientiae,
1667 717 1724 762 ut
1769 710 2084 779 opinionum

509 800 724 846 tuarum
779 793 1050 863 corrigam
1077 797 1391 865 pravitatem
1424 801 1577 870 :quia
1607 816 1705 857 nec
1730 802 1796 857 ad
1839 807 2092 874 quaestio-

505 893 629 936 nem
675 883 866 939 attinet
897 886 912 916 ί
937 928 951 951 ,
999 887 1044 941 si
1079 887 1235 944 aliter
1279 888 1524 947 homines
1572 910 1732 963 quam
1769 899 2088 955 universitas

506 974 660 1030 testis
677 984 779 1042 est,
806 980 1110 1048 generaturi
1141 981 1301 1038 fuisse
1327 983 1604 1052 dicantur;
1640 1003 1738 1043 nec
1773 991 1963 1045 melius
1994 1007 2088 1047 eos

501 1065 618 1122 fleri
663 1070 906 1139 potuisse
929 1088 1089 1142 quam
1117 1073 1240 1130 facti
1283 1085 1443 1142 sunt,
1473 1088 1533 1133 ut
1563 1081 1720 1149 ratio,
1752 1083 1822 1137 ita
1853 1093 1908 1139 et
1945 1083 2088 1141 Scri-

501 1169 655 1230 ptura
687 1171 947 1234 testatur,
996 1183 1116 1238 quae
1141 1169 1339 1224 clamat
1371 1172 1534 1228 Deum
1566 1190 1672 1230 non
1703 1178 1876 1233 solum
1904 1180 2042 1236 bona
2066 1224 2081 1250 ,

499 1253 597 1308 sed
642 1255 801 1311 etiam
853 1258 1007 1316 valde
1050 1261 1186 1316 bona
1223 1261 1414 1320 fecisse
1452 1269 1629 1324 omnia
1684 1269 1856 1342 (Gen.
1905 1274 2080 1341 1,31;

502 1343 664 1401 Eccli.
695 1365 864 1407 χχιιι
886 1393 902 1420 ,
933 1352 1049 1423 21).
1077 1355 1155 1409 Ac
1199 1371 1297 1426 per
1326 1357 1430 1413 hoc
1469 1367 1527 1414 ut
1575 1377 1669 1432 per
1710 1372 1879 1420 totum
1908 1380 2079 1438 opus,

501 1437 589 1496 hic
618 1457 831 1515 quoque
865 1445 1278 1504 Manichaeorum
1329 1451 1521 1523 dogma
1565 1455 1860 1528 collapsum
1890 1467 1992 1515 est.
2019 1460 2080 1515 ln

494 1530 678 1590 futuro
703 1543 883 1593 autem
925 1545 1168 1610 tempore
1211 1542 1526 1612 gloriosiora
1555 1561 1806 1618 corpora,
1833 1565 1934 1606 nec
1963 1551 2080 1622 opis

499 1628 708 1697 egentia
733 1671 746 1696 ,
779 1629 894 1686 fore
935 1633 1211 1690 beatorum
1261 1635 1510 1693 fatemur.
1542 1638 1649 1695 Sed
1684 1651 1738 1696 et
1778 1641 1879 1698 hoc
1905 1644 2078 1713 ipsum

493 1719 698 1788 optime
738 1721 1041 1779 institutum
1085 1735 1169 1782 est
1191 1742 1220 1782 a
1251 1727 1362 1784 Deo
1385 1729 1684 1801 justissimo
1708 1750 1771 1790 ac
1796 1736 2078 1807 sapientis-

490 1809 648 1876 simo,
682 1822 738 1868 ut
768 1822 964 1871 statum
1011 1819 1214 1888 prmmii
1241 1822 1546 1893 neutiquam
1577 1834 1764 1882 natura
1795 1839 2072 1899 perverte-

489 1910 572 1957 ret
592 1905 612 1934 ²
639 1919 654 1969 ;
685 1903 780 1959 sed
828 1916 972 1962 esset
1001 1908 1206 1978 primus
1241 1913 1434 1983 gradus
1461 1957 1475 1981 ,
1526 1916 1578 1971 in
1621 1934 1726 1989 quo
1755 1921 2074 1979 consisteret

486 1993 783 2065 ingenuitas
809 1999 1088 2067 naturalis,
1132 2011 1187 2058 et
1219 2003 1284 2060 de
1311 2021 1416 2076 quo
1441 2049 1454 2071 ,
1484 2022 1580 2078 pro
1614 2010 1736 2080 jure
1765 2011 1970 2069 arbitrii
2003 2015 2071 2070 li-

483 2084 622 2151 beri,
654 2089 736 2144 vel
781 2090 846 2146 ad
876 2106 1156 2162 poenarum
1184 2096 1287 2152 ima
1318 2099 1706 2168 descenderet,
1740 2105 1825 2160 vel
1854 2105 1922 2162 ad
1952 2108 2068 2180 κιο-ι

481 2177 678 2235 riarum
705 2196 960 2240 cacumen
981 2200 1080 2255 per
1102 2202 1196 2244 eas
1220 2189 1353 2256 vias,
1379 2207 1511 2262 quas
1536 2194 1676 2250 Deus
1700 2195 1956 2269 instituit,
1987 2201 2070 2256 ni-

480 2283 697 2333 teretur.

547 2371 681 2427 Auc.
713 2370 967 2441 Prorsus,
1009 2375 1249 2446 Juliane,
1292 2395 1398 2436 non
1429 2383 1622 2451 putasti
1648 2393 1703 2440 et
1740 2401 1856 2442 mea
1883 2397 1942 2446 et
1975 2398 2064 2446 tua

476 2461 721 2521 homines
743 2481 862 2523 esse
884 2467 1145 2537 lecturos;
1175 2470 1272 2526 sed
1293 2473 1370 2527 eis
1395 2476 1762 2534 tantummodo
1781 2480 2056 2551 scripsisti,

472 2557 562 2626 qui
602 2558 737 2613 meis
781 2559 1036 2630 ignoratis
1063 2561 1175 2617 sive
1213 2564 1502 2634 neglectis,
1534 2558 1633 2624 nec
1672 2571 1910 2642 utrisque
1938 2572 2062 2630 dili-

471 2658 662 2719 genter
691 2651 976 2722 inspectis,
1008 2663 1094 2710 tua
1125 2656 1237 2711 sola
1290 2658 1472 2730 legere
1495 2676 1558 2717 ac
1587 2678 1745 2720 nosse
1769 2677 2055 2737 curarent;

470 2753 571 2794 nec
599 2739 797 2797 dixisse
827 2759 912 2798 me
937 2745 1246 2814 crederent,
1279 2749 1378 2804 nisi
1408 2752 1549 2821 quod
1579 2770 1608 2807 a
1640 2763 1692 2811 te
1725 2770 2056 2816 commemo-

467 2840 674 2900 ratum,
709 2843 958 2906 tanquam
985 2840 1052 2894 de
1097 2841 1264 2910 meis,
1298 2844 1351 2898 in
1383 2847 1485 2901 tuis
1513 2847 1705 2905 litteris
1735 2852 2052 2912 invenirent.

466 2921 602 2978 Hinc
637 2924 779 2981 enim
806 2926 1001 2984 factum
1049 2946 1168 2987 esse
1197 2933 1386 3002 video,
1419 2946 1477 2992 ut
1500 2940 1620 3009 quia
1651 2957 1750 3012 ego
1775 2942 2014 3002 dixeram
2037 2991 2052 3016 ,

473 3033 492 3067 ι
519 3014 629 3070 Cur
656 3019 797 3072 enim
828 3035 933 3075 non
959 3023 1241 3080 credamus
1267 3027 1428 3083 Deum
1458 3034 1693 3102 potuisse
1721 3035 1772 3091 in
1803 3039 2054 3108 paradiso

462 3109 757 3166 concedere
781 3111 980 3168 homini
1011 3115 1168 3172 beato
1191 3118 1260 3174 de
1285 3136 1383 3175 suo
1405 3124 1628 3190 semine,
1662 3129 1803 3198 quod
1825 3146 2053 3188 conces-

465 3216 584 3257 sum
614 3203 858 3261 videmus
884 3208 1133 3278 agricolis
1161 3211 1229 3267 de
1255 3213 1414 3269 tritici
1446 3217 1685 3285 semine,
1718 3229 1774 3276 ut
1799 3238 1864 3278 eo
1893 3225 2050 3282 modo

461 3293 586 3350 illud
629 3306 900 3355 sereretur
941 3301 1058 3357 sine
1103 3303 1210 3358 ulla
1256 3306 1502 3376 pudenda
1544 3310 1798 3368 libidine?
1825 3335 1844 3367 ι
1883 3326 1935 3370 tu
1969 3317 2050 3374 his

463 3389 643 3446 verbis
668 3392 804 3447 meis
833 3394 978 3449 velut
1003 3397 1370 3468 respondens,
1411 3410 1500 3456 tua
1531 3405 1832 3478 vaniloquia
1863 3409 2050 3467 dilata-

460 3495 569 3549 res,
601 3497 668 3538 eo
696 3499 862 3556 usque
905 3503 1218 3560 progressus
1241 3501 1297 3548 et
1321 3493 1577 3566 diffusus,
1621 3508 1672 3554 ut
1703 3516 1789 3557 me
1815 3504 2047 3561 sensisse

453 3571 704 3642 jactarcs,
739 3594 760 3628 ‹
787 3578 830 3632 si
859 3593 964 3634 non
995 3594 1271 3651 peccasset
1300 3586 1502 3657 Adam,
1531 3589 1608 3644 sic
1649 3596 1883 3662 potuisse
1925 3613 2044 3652 mu-

457 3663 644 3721 lierem
671 3668 738 3722 ad
781 3668 1159 3730 fecunditatem
1190 3678 1402 3747 parari,
1454 3678 1595 3737 forte
1638 3691 1696 3739 ut
1736 3699 1830 3756 per
1858 3703 2044 3746 omnes

456 3759 728 3827 articulos,
754 3777 816 3818 ac
837 3778 934 3834 per
953 3768 1184 3824 minutas
1205 3785 1492 3842 corporum
1519 3775 1747 3843 ﬁstulas,
1781 3795 1911 3850 quas
1933 3798 2045 3838 me-

455 3848 556 3906 dici
589 3867 747 3921 poros
772 3867 982 3922 vocant,
1015 3860 1175 3930 spica:
1205 3876 1551 3935 erumperent
1580 3867 1808 3927 ﬁliorum
1831 3916 1846 3942 ,
1884 3883 2043 3946 atque

454 3941 540 3996 illa
571 3944 816 4001 omnibus
849 3947 966 4003 laeta
995 3952 1272 4022 partibus,
1303 3966 1484 4026 partus
1511 3974 1608 4029 pro
1647 3962 1904 4032 pcdiculis
1948 3941 2042 4023 ex-

451 4036 690 4104 sudaret,
715 4057 734 4090 ι
761 4049 814 4096 et
837 4052 1029 4098 cretera
1056 4061 1176 4115 quae
1203 4062 1627 4109 commemorare
1647 4071 1732 4110 me
1768 4058 1924 4114 taedet
1943 4101 1959 4128 ,
1988 4069 2041 4116 te

451 4138 630 4184 autem
657 4145 763 4185 non
795 4133 981 4202 puduit
1012 4151 1286 4208 aggerare.
1330 4141 1386 4196 in
1415 4145 1608 4213 quibus
1641 4149 1801 4204 etiam
1830 4151 1897 4206 dc
1929 4155 2040 4208 viro

451 4220 651 4288 dixisti,
679 4223 821 4294 quod
853 4242 872 4277 ‹
901 4225 1221 4310 admoveret
1240 4233 1488 4290 nimirum
1517 4253 1620 4293 non
1653 4241 1912 4310 membra,
1943 4245 2038 4300 sed

450 4313 792 4384 ferramenta,
821 4327 874 4374 et
891 4319 1200 4390 genitalium
1214 4308 1426 4381 'vacuus
1447 4328 1774 4400 imprimeret
1794 4350 2037 4394 vomeres

449 4415 503 4462 ct
539 4406 762 4478 ligones.
795 4428 813 4463 ι
853 4411 976 4467 Haec
1005 4424 1151 4469 certe
1192 4425 1351 4487 atque
1398 4419 1696 4490 hujusmodi
1728 4425 1883 4497 (quae
1912 4445 2035 4485 cum

449 4499 556 4566 tui,
589 4514 694 4556 non
724 4502 1044 4575 quicumque
1073 4506 1304 4564 lectores
1324 4552 1339 4579 ,
1371 4511 1484 4567 sed'
1503 4513 1788 4575 dilectores
1817 4520 2031 4592 legunt,

447 4605 545 4660 pro
571 4601 620 4646 te
642 4634 657 4660 ,
688 4595 732 4647 si
763 4595 899 4650 ullus
937 4597 992 4651 in
1035 4599 1114 4653 cis
1144 4600 1406 4658 humanus
1442 4619 1633 4663 sensus
1675 4619 1790 4677 est,
1833 4615 2032 4670 erube-

450 4685 647 4755 scunt),
680 4689 935 4758 numquid
965 4707 1082 4746 mea
1112 4695 1271 4750 verba
1299 4699 1503 4766 garrire
1533 4710 1584 4756 te
1611 4703 1880 4775 sinerent,
1910 4725 2029 4780 quae

443 4789 552 4829 non
579 4774 649 4830 ob
677 4777 818 4833 aliud
844 4784 1144 4849 prreteriisti
1174 4795 1335 4857 atque
1361 4793 1610 4862 tacuisti,
1643 4796 1742 4852 nisi
1769 4807 1826 4853 ut
1853 4774 1946 4856 tibi
1977 4803 2030 4858 in

445 4868 564 4923 istis
591 4870 780 4926 latiora
809 4874 1071 4931 delirandi
1113 4880 1282 4950 spatia
1327 4889 1692 4954 prmparares?
1732 4891 1844 4962 Ego
1885 4897 2027 4951 enim

442 4961 586 5030 dixi,
628 4964 734 5018 seri
783 4965 1052 5023 hominem
1097 4972 1364 5040 potuisse,
1403 4975 1469 5030 ad
1501 4979 1790 5037 voluntatis
1837 4997 2022 5043 nutum

441 5055 696 5110 membris
725 5057 1144 5129 obsequentibus
1172 5065 1491 5135 genitalibus
1521 5088 1535 5122 :
1578 5080 1633 5126 tu
1664 5083 1842 5131 autem
1871 5081 2024 5148 geni-

443 5148 563 5203 talia
595 5151 834 5206 membra
863 5154 1108 5223 tacuisti,
1153 5166 1211 5212 ut
1233 5159 1466 5232 ires-per
1491 5165 1729 5222 mulieris
1773 5169 2023 5229 articulos

439 5250 497 5297 et
521 5242 905 5300 minutissimas
930 5245 1133 5304 ﬁstulas
1162 5247 1299 5306 filios
1328 5267 1422 5323 per
1451 5260 1690 5327 corporis
1717 5275 1877 5331 poros
1908 5273 2024 5319 tan-

438 5350 598 5405 quam
629 5337 902 5407 pediculos
928 5342 1258 5422 exsudantis,
1286 5355 1340 5402 et
1368 5363 1464 5418 per
1495 5353 1768 5409 oculorum
1798 5359 2022 5428 pupulas

438 5431 677 5488 caecitate
699 5444 1060 5506 consequente
1084 5438 1362 5509 parientis.
1391 5442 1645 5514 Membra,
1670 5446 1905 5519 inquam,
1928 5467 2023 5524 ge-

437 5522 621 5580 nitalia
649 5527 877 5595 tacuisti,
905 5531 1055 5601 quasi
1079 5547 1178 5588 nos
1206 5548 1289 5600 ea,
1314 5535 1356 5590 si
1385 5535 1553 5593 Adam
1581 5554 1688 5596 non
1719 5522 2014 5616 peccasset,

433 5612 680 5674 defutura
707 5618 1011 5679 hominibus
1055 5625 1389 5698 diceremus;
1438 5640 1495 5686 ut
1533 5648 1720 5702 posses
1760 5637 2015 5713 ridicula,

498 5749 606 5839 .11“
641 5751 786 5806 editis
805 5768 895 5820 Pro
915 5759 1069 5811 Verbo
1084 5794 1100 5824 ,
1143 5759 1341 5828 animi;
1371 5777 1640 5836 nam
1669 5769 1983 5826 substitutum
1998 5810 2014 5839 ,

497 5876 520 5908 ³
539 5881 698 5941 Forte,
721 5886 1040 5944 praevertam.

1178 399 1421 460 OPERIS
1456 401 1869 466 IMPERFECTI
1905 401 2181 472 CONTRA
2216 412 2574 496 JULIANUM,
2615 426 2674 485 S.
2706 430 3075 498 AUGUSTINI

3645 455 3782 516 1448

2203 547 2307 589 non
2339 537 2656 612 urbanitate,
2689 553 2784 604 sed
2813 555 3112 624 nugacitate
3139 559 3338 633 dicere,
3363 567 3508 637 quod
3537 589 3558 623 ι
3586 572 3671 628 vir
3693 590 3783 646 ge-

2201 625 2441 685 nitalium
2466 648 2663 692 vacuus
2691 655 2936 702 vomeres
2975 657 3028 703 et
3057 649 3262 722 ligones
3296 656 3523 716 fetanda:
3568 625 3779 738 conngi

2202 715 2551 788 imprimeret.
2583 747 2601 780 ι
2636 728 2899 804 Numquid
2929 738 2994 794 de
3015 757 3239 800 numero
3259 751 3480 818 quaestio
3509 764 3612 821 est,
3645 715 3775 828 figi:-

2197 822 2360 879 raque
2388 817 2783 890 membrorum;
2816 842 2934 897 quae
2961 831 3028 886 ad
3053 817 3415 904 generandum
3444 854 3624 902 creata
3653 864 3776 918 pos-

2195 911 2316 955 sent
2340 903 2392 958 in
2421 906 2552 963 locis
2582 913 2693 968 suis
2721 917 2864 972 salva
2891 930 2946 976 et
2985 923 3220 999 integra,
3251 947 3352 988 nec
3375 934 3614 1008 indigere
3646 941 3774 997 inci-

2195 998 2431 1050 tamento
2451 997 2704 1073 libidinis,
2733 1015 2788 1063 et
2811 1013 3011 1070 servire
3035 997 3263 1088 imperio
3291 997 3618 1086 voluntatis?
3647 1032 3772 1100 Quae

2193 1083 2314 1140 ideo
2339 1103 2368 1142 a
2399 1106 2484 1146 me
2512 1109 2924 1159 commemorata
2946 1121 3370 1172 commemorare
3391 1120 3629 1191 noluisti,
3654 1140 3770 1183 cum

2193 1178 2351 1234 verba
2382 1199 2499 1240 mea
2532 1203 2783 1259 poneres,
2817 1212 2884 1252 nc
2913 1199 3182 1260 silentium
3214 1208 3305 1264 tibi
3350 1210 3690 1286 imponeres,
3719 1229 3768 1277 et

2189 1268 2372 1379 adrilla
2398 1290 2518 1345 qua:
2555 1279 2622 1334 de
2651 1281 2772 1340 filiis
2801 1302 2897 1356 per
2923 1300 3090 1348 totum
3120 1311 3313 1368 corpus
3339 1268 3588 1374 tanquam
3604 1268 3765 1379 pedi:

2188 1360 2319 1416 culis
2359 1372 2793 1441 erumpentibus,
2837 1389 2891 1433 et
2929 1380 2997 1437 de
3038 1385 3376 1448 ferramentis
3416 1397 3762 1465 agricolarum

2186 1453 2252 1555 ad
2280 1455 2703 1558 impraegnan‘das
2733 1469 2952 1530 feminas
2975 1478 3314 1552 adhibendis,
3346 1453 3479 1558 qua;
3496 1491 3591 1548 tibi
3619 1453 3763 1552 festi:

2185 1544 2399 1604 vissima
2445 1553 2726 1616 dicacitate
2767 1578 2958 1623 sonare
3001 1571 3339 1647 videbantur,
3387 1596 3509 1638 cum
3536 1587 3761 1646 vanitate

2183 1635 2513 1708 ineptissima
2542 1647 2864 1722 dicerentur,
2896 1674 2958 1715 os
2986 1665 3197 1730 aperire
3226 1684 3332 1725 non
3371 1687 3581 1742 posses.
3618 1677 3760 1736 Unde

2181 1742 2282 1784 nec
2303 1731 2432 1788 illud
2458 1752 2658 1808 meum,
2685 1746 2827 1814 quod
2852 1749 2904 1804 in
2935 1752 3122 1810 eodem
3147 1757 3287 1828 loco,
3319 1731 3478 1834 quem
3508 1768 3658 1824 velut
3681 1785 3759 1828 re-

2179 1820 2542 1892 darguendum
2571 1849 2918 1908 susceperas,
2959 1845 3026 1901 de
3054 1853 3458 1918 parturientium
3491 1859 3759 1920 doloribus

2179 1917 2362 1984 posui,
2398 1927 2592 1991 putasti
2620 1943 2739 1986 esse
2766 1917 3110 2006 tangendum.
3145 1944 3203 2000 Si
3233 1949 3374 2004 enim
3406 1951 3623 2010 feminae
3649 1957 3759 2016 sine

2176 2011 2540 2077 parturitionis
2566 2021 2887 2082 cruciatibus
2912 2044 3192 2102 parerent,
3223 2049 3351 2109 puto
3378 2044 3521 2112 quod
3551 2063 3661 2104 non
3683 2050 3758 2107 eis

2175 2105 2413 2162 membra
2441 2109 2455 2140 ¹
2481 2113 2752 2185 genitalia,
2781 2121 2876 2176 sed
2905 2131 3165 2184 tormenta
3190 2105 3416 2201 pienalia
3441 2138 3759 2201 defuissent.

2173 2194 2341 2253 Porro
2358 2200 2631 2274 Scriptura
2653 2209 2827 2267 divina
2853 2213 3017 2288 (quod
3037 2194 3226 2280 omnes
3245 2230 3335 2297 qui
3358 2230 3538 2302 legunt

3265 2288 3277 2297 .
3407 2288 3437 2302 ς,
3571 2288 3750 2309 κ-τ---ι

2171 2288 2239 2343 de
2266 2305 2483 2360 peccato
2510 2296 2636 2354 Eva:
2668 2301 2768 2360 hoc
2799 2312 3049 2368 tormenti
3076 2329 3244 2384 genus
3270 2319 3323 2374 in
3350 2321 3639 2382 femineum
3666 2345 3756 2400 ge-

2169 2395 2271 2437 nus
2302 2388 2556 2446 transisse
2599 2403 2823 2452 testatur
2849 2400 3001 2470 (Gen.
3031 2422 3087 2462 ιιι
3111 2449 3126 2475 ,
3170 2411 3279 2482 16).
3321 2413 3434 2471 Hoc
3462 2427 3518 2473 tu
3543 2421 3599 2475 in
3625 2388 3754 2480 mucis

2167 2477 2346 2534 verbis
2376 2485 2648 2550 praeterire
2673 2506 2832 2559 quam
2864 2507 3188 2565 pertractare
3215 2477 3478 2580 maluisti,
3511 2529 3583 2569 ne
3612 2515 3752 2573 dice-

2167 2578 2318 2626 retur
2351 2574 2472 2643 tibi,
2521 2579 2593 2635 ita
2621 2583 2783 2641 salvis
2823 2597 2982 2662 atque
3026 2594 3245 2668 integris
3275 2574 3550 2676 utriusque
3593 2624 3751 2668 sexus

2163 2667 2483 2735 genitalibus
2510 2673 2561 2728 in
2590 2675 2676 2732 illa
2707 2678 2956 2740 felicitate
2982 2667 3214 2758 paradisi
3242 2667 3478 2764 potuisse
3504 2704 3624 2760 sine
3649 2721 3746 2776 pu-

2163 2757 2336 2817 denda
2375 2764 2591 2823 libidine
2615 2757 3024 2834 concumbere?ll
3055 2757 3341 2858 conjug-es,
3377 2793 3528 2867 _sicut
3557 2757 3745 2867 potite-

2161 2866 2285 2910 runt
2313 2859 2473 2915 salvis
2501 2869 2662 2934 atque
2690 2866 2910 2940 integris
2940 2872 3184 2934 femineis
3209 2863 3531 2952 genitalibus
3557 2859 3747 2961 parere

2160 2945 2277 3003 sine
2302 2955 2565 3020 gemendo
2591 2956 2612 2988 ³
2641 2958 2827 3017 dolore
2853 2965 3127 3024 mulieres.
3170 2971 3277 3028 Sed
3305 2992 3400 3033 vos
3425 2995 3534 3036 non
3574 2984 3746 3041 solum

2158 3041 2424 3099 cruciatus
2450 3055 2502 3100 et
2529 3051 2757 3119 gemitus
2775 3057 3117 3130 parientium,
3143 3079 3325 3122 verum
3351 3071 3512 3128 etiam
3535 3075 3743 3134 labores

2156 3133 2290 3188 alios
2317 3151 2689 3214 :erumnasque
2716 3151 3041 3219 mortalium,
3077 3171 3183 3212 non
3213 3174 3242 3212 a
3273 3169 3514 3233 tempore
3538 3169 3742 3227 arbitrii

2157 3227 2309 3284 liberi
2337 3245 2519 3288 eorum
2539 3277 2554 3300 ,
2587 3239 2682 3293 sed
2721 3254 2751 3294 a
2783 3241 2870 3298 die
2909 3247 3083 3304 exitus
3125 3251 3192 3308 de
3217 3266 3403 3313 ventre
3430 3263 3618 3318 matris
3651 3279 3742 3320 eo-

2154 3333 2294 3388 rum,
2319 3326 2569 3382 mavultis
2590 3329 2642 3383 in
2666 3331 2786 3387 loco
2807 3343 2968 3392 tanta:
2989 3340 3130 3398 illius
3147 3343 3493 3408 beatitudinis
3519 3369 3739 3427 ponere,

2153 3427 2309 3481 quam
2340 3417 2638 3486 pudendam
2677 3437 2980 3499 susceptam
3012 3447 3242 3494 vestram
3285 3441 3403 3513 ipso
3446 3417 3737 3506 ibi-saltem

2151 3506 2358 3576 pudore
2395 3527 2499 3567 non
2548 3530 2767 3585 ponere.
2819 3521 2888 3578 Et
2935 3533 3112 3583 tamen
3156 3532 3246 3601 qui
3295 3506 3457 3606 negas
3488 3539 3542 3594 in
3585 3541 3738 3599 istam

2151 3603 2526 3663 mortalitatem
2554 3622 2674 3680 post
2701 3627 2974 3683 peccatum
2994 3632 3247 3680 mutatam
3268 3603 3429 3686 fuisse
3456 3642 3736 3706 naturam;

2150 3691 2341 3750 fateris
2390 3710 2510 3767 post
2563 3705 2810 3763 meritum
2866 3711 3021 3767 bona:
3072 3717 3362 3776 voluntatis
3411 3723 3464 3778 in
3515 3691 3735 3796 gloriam

2149 3784 2319 3842 beata:
2346 3789 2759 3853 inmortalitatis
2785 3815 2905 3857 esse
2932 3808 3260 3864 mutandam.
3294 3811 3348 3866 In
3378 3815 3531 3886 cujus
3556 3820 3734 3889 gloriae

2148 3892 2403 3937 cacumen
2434 3888 2672 3956 parvuli,
2706 3893 2846 3962 quod
2877 3911 2981 3951 non
3014 3903 3233 3968 potestis
3262 3920 3458 3976 negare
3483 3951 3499 3977 ,
3530 3913 3733 3969 meritis

2148 3986 2255 4028 non
2293 3991 2431 4042 suae,
2482 3980 2574 4036 sed
2621 3983 2809 4042 aliena:
2852 3991 3137 4050 voluntatis
3177 4000 3554 4071 ascendunt‘;
3601 4021 3730 4076 quos

2147 4077 2254 4118 non
2299 4067 2462 4125 vultis
2503 4073 2722 4132 credere
2763 4081 2967 4138 meritis
3008 4087 3163 4142 malae
3192 4091 3482 4150 voluntatis
3508 4096 3724 4166 alienae,

2145 4156 2239 4211 sed
2270 4166 2442 4216 tamen
2474 4163 2588 4234 ejus
2619 4167 2668 4222 in
2699 4170 2851 4240 cujus
2882 4173 3075 4232 lumbis
3114 4181 3323 4240 ratione
3351 4188 3574 4244 seminis
3611 4189 3724 4246 fue-

2144 4261 2303 4320 runt,
2332 4254 2400 4310 ad
2427 4257 2686 4327 profunda
2719 4266 3052 4327 miseriarum
3082 4289 3216 4345 quas
3255 4279 3504 4338 novimus
3523 4324 3537 4349 ,
3570 4283 3725 4341 fuisse

2143 4345 2397 4417 dejeclos.

2213 4439 2353 4496 XVI.
2383 4443 2499 4501 Jun.
2527 4447 2631 4505 Sed
2649 4450 2760 4522 jam
2789 4471 3069 4527 pergamus
3094 4462 3160 4517 ad
3185 4466 3411 4538 reliqua.
3438 4469 3720 4543 Postquam

2141 4547 2270 4604 ergo
2316 4536 2576 4604 Abrahm,
2620 4545 2761 4613 quod
2803 4563 2832 4601 a
2885 4567 2969 4607 me
3013 4556 3239 4624 positum
3294 4536 3500 4630 fuerat,
3543 4536 3724 4620 vitavit

2141 4628 2478 4698 exemplum;
2507 4646 2730 4692 conatus
2754 4648 2837 4695 est
2859 4655 3122 4714 asserere,
3154 4649 3462 4708 Ahimelech
3490 4671 3720 4727 quoque,

2137 4721 2229 4792 qui
2258 4735 2444 4782 orante
2468 4727 2737 4785 Abraham
2767 4732 2810 4798 ⁵,
2840 4749 2961 4790 cum
2989 4740 3300 4799 mulieribus
3327 4747 3438 4802 suis
3472 4759 3722 4820 sanatus,

2137 4814 2386 4884 refertur,
2419 4827 2480 4874 ut
2516 4819 2582 4876 ad
2620 4827 2980 4894 generationis
3009 4846 3225 4901 operam
3246 4876 3261 4901 ,
3289 4851 3321 4891 a
3349 4854 3453 4909 qua
3483 4855 3584 4912 per
3612 4814 3722 4913 pla;

2134 4921 2254 4978 gam
2279 4921 2396 4967 erat
2421 4928 2713 4986 suspensus
2735 4961 2751 4986 ,
2785 4933 2966 4990 posset
2990 4927 3166 4983 redire
3188 4971 3204 4996 ,
3238 4945 3343 4986 non
3390 4932 3723 4996 detractione

2135 5000 2400 5070 libidinis,
2433 5006 2527 5061 sed
2563 5008 2746 5066 dolore
2774 5013 2953 5084 aliquo
2979 5031 3138 5088 posse
3167 5020 3389 5095 intelligi
3432 5029 3721 5087 mulierum

2135 5095 2342 5151 vulvam
2384 5098 2546 5157 fuisse
2570 5103 2876 5161 conclusam
2901 5107 3002 5178 (De
3029 5109 3268 5183 Nuptiis,
3297 5116 3388 5172 lib.
3418 5117 3474 5187 2,
3503 5137 3558 5175 π.
3589 5121 3680 5194 50)
3707 5140 3721 5177 :

2133 5190 2284 5259 quasi
2312 5206 2342 5246 a
2369 5193 2522 5249 nobis
2551 5208 2879 5255 assereretur
2901 5201 3192 5273 impendio,
3221 5217 3279 5263 ut
3304 5213 3575 5282 appetitus
3601 5190 3680 5271 eis
3702 5216 3724 5246 ⁸

2132 5283 2390 5339 naturalis
2433 5285 2670 5344 redditus
2719 5290 3031 5350 videretur:
3081 5312 3203 5353 cum
3251 5315 3352 5372 ego
3397 5305 3722 5364 testimoniis

2194 5464 2211 5532 ξ
2246 5464 2318 5532 sic
2340 5472 2445 5532 Msst
2473 5473 2520 5515 In
2545 5470 2703 5532 Vign.,
2727 5472 2971 5527 membris.

2192 5525 2212 5556 ²
2235 5528 2525 5617 Vignierius,
2551 5525 2651 5617 solio
2690 5525 3173 5617 pudendo;
3222 5546 3497 5617 cmiiuges:
3518 5553 3716 5617 eruisse.

2126 5587 2456 5678 οοιξεξςιῐιρενε,
2481 5587 2618 5678 quod
2631 5587 2834 5678 verbum
2847 5587 3123 5654 reStituitur
3131 5587 3204 5656 wex

2192 5651 2213 5718 ξ
2244 5658 2399 5718 Forte,
2425 5651 2738 5718 gemebunda.

2188 5712 2210 5780 ξ
2243 5716 2315 5764 sic
2339 5712 2446 5780 uss?
2469 5723 2526 5766 At
2550 5719 2709 5780 vign.,
2729 5723 3058 5778 ascenderem.

2185 5775 2207 5808 ⁸
2233 5778 2502 5866 Vignierius
2519 5775 2703 5832 omittit
2716 5797 2914 5848 nomen,
2933 5775 3190 5860 Abraham,
3205 5794 3336 5861 quod
3355 5798 3625 5858 addidimus
3645 5814 3714 5866 ex

2123 5847 2478 5895 manuscriptis.

2192 5855 2478 5912 muscrtptls.
2985 5909 2996 5922 .

2192 5901 2214 5935 ³
2247 5908 2538 5966 ﬁgmentis,
2560 5916 2682 5968 ejus.
2706 5915 2764 5964 At
2792 5914 2925 5978 Mss,
2947 5924 3037 5971 ea.
