3962 6540
199 496 330 557 me

197 615 294 671 illis
319 613 375 669 id
414 609 590 668 solum
632 606 861 680 probare
886 602 1080 660 fuerim
1108 608 1392 658 contentus
1410 640 1427 667 ,
1458 597 1775 670 impeditum

197 705 533 763 concubitum
552 744 568 769 ,
608 699 699 774 qui
723 698 841 756 sine
864 696 1088 775 libidine
1110 709 1231 752 esse
1260 708 1366 749 non
1410 700 1652 763 poterat,
1681 704 1778 761 per

198 801 327 859 iram
371 797 501 863 Dei,
545 793 920 863 redditumque
957 805 1055 861 per
1091 784 1474 858 indulgentiam
1503 783 1633 850 Dei,
1661 782 1781 838 sive

198 892 426 951 amolitis
452 889 740 947 obstaculis
761 929 779 956 ,
822 885 937 942 sive
966 880 1317 941 irritamentis
1340 876 1668 935 solemnibus
1689 888 1781 930 re-

200 989 422 1055 stitutis;
456 996 635 1043 tamen
662 980 983 1038 diabolieum
1007 991 1116 1034 non
1144 973 1350 1041 doceri,
1377 971 1472 1028 sed
1498 969 1658 1026 etiam
1686 981 1783 1038 per

202 1084 299 1139 hoc
326 1078 396 1138 ad
432 1079 528 1136 Dei
553 1091 773 1150 operam
812 1073 1202 1146 pertinentem,
1248 1068 1340 1140 qui
1378 1066 1520 1122 inter
1541 1062 1785 1134 corporis

203 1178 552 1233 instrumenta
580 1167 891 1237 mediocria,
923 1165 1019 1223 sed
1043 1162 1281 1231 innoxia,
1312 1175 1419 1217 non
1443 1157 1645 1231 specie,
1675 1168 1784 1236 non

204 1269 382 1338 modo,
411 1281 599 1324 verum
624 1264 740 1321 solo
767 1268 1014 1335 peccaret
1035 1270 1282 1315 excessu.

268 1364 405 1420 Anc.
436 1359 566 1429 Quis
597 1372 703 1413 non
731 1352 1012 1424 intelligat,
1041 1350 1088 1407 si
1116 1350 1227 1406 Deo
1255 1346 1563 1419 indignante
1590 1341 1786 1400 accidit

203 1454 395 1527 aliquid
422 1451 633 1524 corpori
666 1448 1005 1515 feminarum,
1048 1443 1187 1501 unde
1211 1440 1562 1514 impediretur
1585 1452 1787 1494 concu-

205 1549 342 1605 bitus
361 1590 378 1613 ,
405 1554 462 1602 et
484 1560 580 1616 per
610 1543 710 1598 hoc
738 1541 938 1614 proles,
966 1553 1085 1610 qua:
1112 1535 1294 1607 utique
1318 1548 1425 1589 non
1454 1539 1655 1603 posset,
1686 1528 1789 1584 nisi

204 1656 234 1695 a
255 1634 734 1695 concumbentibus
757 1631 1001 1703 concipi,
1038 1645 1106 1687 eo
1128 1637 1336 1685 remoto
1364 1624 1749 1696 impedimento
1769 1664 1785 1691 ,

205 1734 362 1790 talem
407 1729 753 1788 concubitum
794 1725 1060 1782 redditum
1080 1765 1095 1790 ,
1139 1721 1311 1793 qualis
1354 1727 1439 1775 est
1469 1718 1522 1774 in
1564 1729 1790 1787 corpore

206 1826 393 1884 mortis
419 1824 613 1896 hujus,
645 1821 699 1879 id
722 1828 835 1888 est,
874 1834 997 1876 cum
1021 1813 1281 1874 libidine?
1310 1813 1367 1869 In
1413 1812 1570 1868 talem
1593 1809 1790 1882 quippe

204 1932 400 1979 statum
427 1925 747 1976 revocantur
789 1928 1052 1986 corpora,
1099 1926 1220 1968 cum
1266 1918 1545 1976 sanantur,
1576 1905 1790 1978 qualem

198 2015 307 2087 jam
337 2015 527 2071 sortita
556 2021 640 2070 est
667 2019 785 2083 post
806 2016 1087 2081 peceatum
1109 2014 1299 2062 natura
1323 2002 1648 2069 mortalium,
1672 2015 1792 2072 qua:

204 2109 320 2164 illos
344 2105 627 2178 compellit
644 2104 702 2161 in
725 2110 978 2160 mortem.
1011 2098 1120 2157 Sed
1148 2098 1201 2154 in
1226 2111 1455 2167 corpore
1480 2094 1601 2149 vitae
1628 2092 1788 2160 illius,

204 2203 292 2260 ubi
319 2203 486 2259 homo
506 2241 522 2268 ,
553 2199 658 2257 nisi
685 2206 988 2270 peccasset,
1022 2208 1131 2251 non
1159 2200 1275 2249 erat
1298 2189 1590 2245 moriturus
1609 2185 1793 2255 “alius

203 2294 575 2369 proculdubio
598 2300 771 2350 status
795 2290 896 2347 fuit
919 2309 935 2347 :
963 2288 1104 2345 unde
1126 2295 1219 2343 aut
1240 2285 1387 2341 nulla
1410 2283 1504 2352 ibi,
1527 2290 1618 2338 aut
1648 2281 1789 2347 talis,

202 2390 379 2462 qualis
406 2402 550 2444 nunc
576 2396 680 2455 est,
711 2382 877 2442 libido
903 2397 1012 2439 non
1040 2379 1161 2445 fuit,
1191 2393 1295 2450 qua
1320 2391 1446 2433 caro
1473 2383 1658 2432 contra
1684 2372 1793 2444 spi-

201 2483 364 2537 ritum
394 2478 830 2549 concupisceret;
879 2481 938 2529 ut
965 2472 1017 2529 ei
1053 2484 1273 2527 necesse
1314 2476 1462 2525 esset
1490 2479 1580 2522 aut
1607 2463 1793 2535 subju-

200 2576 350 2649 gari,
386 2585 479 2630 aut
504 2571 785 2637 reluctari;
813 2581 1039 2641 quorum
1067 2565 1292 2621 alterum
1326 2558 1626 2627 honestati,
1658 2558 1794 2613 alte-

200 2685 321 2727 rum
370 2668 488 2741 paci
530 2664 877 2725 beatitudinis
919 2661 1061 2718 illius
1102 2655 1394 2716 convenire
1440 2670 1544 2710 non
1592 2660 1791 2724 posset.

200 2763 320 2821 Noli
348 2777 481 2835 ergo
504 2761 637 2817 duas
662 2759 793 2815 istas
821 2757 960 2813 vitas
994 2753 1244 2810 ba:retica
1283 2747 1630 2820 perversitate
1658 2760 1792 2801 con-

200 2856 428 2914 fundere
450 2869 467 2911 :
493 2853 652 2911 aliter
672 2852 726 2908 in
751 2863 980 2921 corpore
998 2842 1353 2917 corruptibili,
1380 2840 1524 2914 quod
1542 2847 1796 2913 aggravat

201 2951 440 3007 animam
467 2945 627 3022 (Sep.
657 2960 736 3012 ιιι,
764 2942 879 3015 15),
920 2941 1117 2997 vivitur
1144 2939 1192 3006 1;
1234 2937 1393 2993 aliter
1430 2935 1487 2991 in
1525 2932 1792 3006 paradiso,

200 3040 249 3097 si
294 3037 677 3112 permansisset
717 3032 951 3091 hominis
994 3029 1294 3097 rectitudo,
1336 3029 1390 3084 in
1437 3042 1540 3099 qua
1585 3034 1797 3083 creatus

199 3135 408 3204 fuerat,
435 3134 725 3190 viveretur.
773 3130 930 3185 Esset
967 3141 1096 3200 ergo
1122 3134 1180 3183 et
1212 3124 1285 3181 ibi
1323 3131 1541 3196 propter
1575 3136 1798 3194 genera-

200 3230 408 3286 tionem
435 3224 753 3284 concubitus
780 3222 1098 3294 conjugum;
1130 3219 1228 3278 sed
1255 3231 1349 3276 aut
1370 3218 1624 3275 membris
1647 3217 1797 3290 geni-

198 3320 401 3378 talibus
443 3319 564 3375 sine
608 3317 719 3373 ulla
765 3314 985 3372 libidine
1034 3311 1392 3371 servientibus
1445 3310 1645 3377 menti,
1702 3318 1796 3366 aut

197 3416 369 3488 ipsius
389 3456 407 3483 ,
448 3414 498 3471 si
523 3413 631 3470 ulla
660 3419 833 3478 esset,
883 3408 1119 3467 libidinis
1145 3407 1378 3465 motibus
1406 3419 1677 3477 nunquam
1706 3418 1795 3461 re-

196 3507 561 3582 pugnantibus
600 3503 899 3562 voluntati:
930 3516 1049 3574 qua:
1085 3500 1133 3557 si
1170 3501 1289 3556 talis
1330 3506 1502 3567 esset,
1548 3495 1794 3568 pudenda

198 3617 305 3659 non
332 3609 512 3666 esset;
553 3613 654 3655 nec
678 3596 922 3669 corporis
950 3593 1189 3651 membra
1207 3635 1223 3660 ,
1254 3607 1373 3664 qua:
1402 3605 1503 3647 suo
1527 3591 1615 3647 vel
1643 3590 1796 3646 solli-

196 3694 391 3750 citaret
415 3693 640 3763 impetu,
669 3689 755 3746 vel
779 3694 1049 3755 moveret,
1080 3683 1326 3757 pudenda
1370 3683 1588 3755 proprie
1616 3680 1796 3738 vocari

200 3785 430 3853 faceret,
462 3784 739 3855 velarique
766 3779 1143 3851 compelleret;
1186 3775 1326 3848 quod
1355 3784 1476 3847 post
1519 3783 1796 3846 peccatum

197 3883 403 3938 factum
427 3893 575 3947 esse,
600 3892 703 3935 nec
726 3875 828 3931 nisi
854 3872 1060 3946 peccati
1085 3885 1240 3942 ptena
1270 3868 1387 3925 ﬁeri
1410 3867 1667 3940 potuisse,
1697 3867 1794 3921 Dei

198 3973 364 4030 verba
388 3979 672 4028 testantur.
697 3968 842 4034 Quis,
867 3965 1059 4036 inquit,
1081 3961 1331 4018 nuntiavit
1355 3960 1463 4028 tibi,
1485 3961 1606 4032 quia
1627 3960 1797 4015 nudus

200 4084 251 4123 ea
270 4107 286 4132 ,
312 4065 417 4121 nisi
440 4080 506 4121 ea:
528 4060 825 4137 lignoquod
863 4072 1202 4132 prwceperam
1228 4055 1316 4115 tibi
1337 4062 1532 4109 tantum
1565 4070 1628 4109 ne
1652 4068 1715 4108 ea:
1739 4067 1797 4108 eo

200 4161 558 4223 manducata,
588 4171 653 4212 ea:
670 4171 727 4211 eo
752 4152 1073 4209 manducaui
1102 4148 1255 4223 (Gen.
1283 4165 1362 4218 ιιι,
1393 4145 1483 4220 li)
1501 4148 1527 4201 ‘l
1550 4145 1688 4214 Non,
1716 4145 1799 4201 in-

199 4253 344 4324 quit,
379 4251 478 4308 tibi
517 4249 757 4306 nuntiata
781 4255 926 4303 esset
967 4242 1180 4301 auditas
1202 4248 1330 4310 tua,
1372 4239 1474 4296 nisi
1499 4248 1643 4296 esset
1684 4252 1715 4293 a
1747 4246 1798 4294 te

200 4345 553 4418 praevaricata
573 4343 660 4398 lex
679 4355 817 4397 mea.
842 4337 980 4409 Quid
994 4344 1078 4394 est
1095 4344 1275 4392 autem
1296 4332 1511 4390 auditas
1532 4332 1795 4398 nuntiata,

198 4440 287 4498 cui
312 4436 694 4511 proculdubio
720 4435 897 4506 ignota
922 4446 1028 4488 non
1056 4438 1192 4496 erat,
1220 4427 1323 4484 nisi
1347 4442 1413 4483 eo
1437 4435 1585 4482 motu
1609 4425 1800 4483 stimu-

195 4535 374 4600 lante,
408 4541 467 4588 ut
505 4530 758 4587 inusitato
791 4534 1011 4598 aspectu
1029 4539 1092 4581 se
1121 4531 1337 4595 urgeret
1360 4519 1596 4587 adverti,
1623 4519 1798 4591 pudo-

194 4642 427 4699 remque
455 4621 759 4681 incuteret?
782 4619 1041 4690 Quoniam
1073 4625 1292 4688 peccato
1319 4614 1517 4670 factum
1556 4620 1706 4681 erat,
1741 4620 1801 4667 ut

194 4719 439 4775 boniinis
476 4732 604 4788 pars
637 4713 860 4771 inferior
896 4718 1083 4767 contra
1124 4707 1452 4779 superiorem
1474 4748 1489 4773 ,
1533 4705 1636 4763 hoc
1678 4713 1797 4771 est,

190 4827 328 4869 caro
367 4821 561 4868 contra
603 4808 850 4881 spiritum
892 4802 1321 4874 concupisceret.
1363 4798 1470 4856 Sed
1514 4806 1572 4853 tu
1610 4806 1798 4853 contra

188 4908 384 4965 omnia
408 4903 616 4961 claudis
653 4901 868 4967 oculos,
896 4909 949 4954 et
979 4899 1090 4955 Deo
1120 4895 1495 4953 manifestante
1518 4893 1663 4965 quod
1689 4909 1797 4949 non

181 4998 631 5058 confunderetur
656 4995 818 5051 homo
841 4993 911 5049 de
937 5007 1035 5049 sua
1060 4990 1298 5047 nuditate
1315 5031 1328 5054 ,
1360 4988 1463 5044 nisi
1492 4997 1795 5060 peccasset,

184 5096 273 5152 ita
302 5092 477 5150 fuisse
505 5089 701 5147 asseris
740 5087 1039 5144 institutum
1060 5126 1075 5152 ,
1104 5093 1163 5140 ut
1191 5082 1401 5140 etiamsi
1441 5096 1545 5136 non
1576 5095 1797 5152 peccas-

177 5200 317 5257 set,
362 5186 600 5259 puderet
624 5199 745 5241 eum
794 5181 1048 5238 nuditatis
1085 5195 1219 5236 sum.
1262 5178 1403 5235 Deus
1431 5178 1574 5233 enim
1618 5175 1796 5232 dicit:

175 5284 333 5354 Quis
362 5280 631 5338 nuntiavit
673 5278 768 5334 tibi
820 5276 1111 5331 nuditatem
1143 5282 1320 5338 tuam,
1371 5270 1471 5325 nisi
1510 5269 1633 5341 quia
1670 5284 1798 5340 pec-

170 5375 375 5433 casti?
406 5373 477 5429 Et
518 5381 576 5428 tu
597 5369 737 5429 dicis
779 5368 874 5441 (ut
918 5366 1033 5438 ipsa
1073 5363 1236 5421 verba
1282 5372 1370 5418 tua
1413 5376 1637 5432 ponam,
1679 5375 1800 5432 qua:

169 5467 365 5540 paulo
408 5475 534 5522 ante
559 5464 769 5520 locutus
795 5458 918 5535 es):
956 5478 975 5513 ι
1002 5459 1091 5516 Sic
1116 5466 1200 5515 est
1224 5456 1387 5512 homo
1418 5471 1515 5527 per
1548 5455 1804 5513 universa

168 5560 499 5625 formatus,
529 5566 589 5613 ut
611 5555 805 5612 melius
832 5569 862 5608 a
890 5553 1034 5609 nullo
1072 5550 1198 5623 fingi
1223 5558 1444 5621 posset:
1473 5549 1564 5621 qui
1590 5548 1800 5620 accepit

163 5652 505 5728 prudenter
531 5650 587 5707 in
611 5661 838 5720 corpore
860 5654 917 5703 et
952 5645 1101 5703 locos
1128 5642 1336 5701 decoris
1362 5653 1419 5698 et
1442 5642 1592 5699 locos
1625 5641 1799 5713 pudo-

1541 476 1745 545 ussn
1780 470 2097 557 QUINTUS.

3327 488 3480 554 1450

1887 602 2121 670 velatus;
2149 611 2203 658 et
2238 600 2397 658 deses
2425 592 2736 660 redderetur
2753 610 2815 661 ae
2841 609 3113 680 negligens
3132 650 3146 676 ,
3173 609 3220 667 si
3247 625 3470 682 semper

1886 702 2030 748 esset
2058 709 2153 764 per
2191 706 2382 750 cuncta
2418 696 2678 767 vulgatus.
2710 715 2730 750 ι
2765 698 2842 753 Ac
2869 715 2963 770 per
2989 701 3117 769 hoc,
3164 703 3487 760 secundum"

1889 796 1942 843 te
1968 787 2123 860 longe
2152 789 2339 847 melior
2367 789 2636 861 peccando
2663 789 2834 848 factus
2858 801 2940 848 est
2963 792 3123 849 homo
3148 814 3161 851 :
3192 795 3293 851 nisi
3317 796 3465 853 enim

1890 891 2179 951 peccasset,
2196 899 2355 955 quem
2375 885 2515 941 Deus
2534 884 2771 942 fecerat‘
2789 896 2990 942 rectum
3015 886 3207 957 (Eecle.
3230 907 3319 958 vn,
3346 890 3463 963 50),

1889 976 2090 1031 viveret
2115 976 2476 1058 imprudenter
2514 994 2621 1035 non
2648 977 3008 1052 dignoscendo
3035 981 3088 1036 in
3117 997 3343 1053 corpore
3365 998 3468 1040 suo

1890 1067 2035 1123 locos
2060 1067 2268 1125 decoris
2293 1079 2347 1126 et
2380 1069 2527 1127 locos
2558 1071 2802 1143 pudoris,
2851 1082 2906 1129 et
2950 1074 3287 1144 impudenter
3324 1076 3469 1131 nulla

1890 1161 2136 1230 volando,
2159 1172 2213 1218 et
2235 1164 2563 1237 negligenter
2589 1177 2777 1223 cuncta
2798 1168 3064 1241 vulgando
3088 1187 3101 1225 :
3129 1185 3302 1241 neque
3322 1171 3467 1226 enim

1890 1255 2081 1311 vitaret
2102 1255 2217 1313 haec
2239 1258 2384 1327 vitia,
2410 1259 2511 1316 nisi
2539 1261 2609 1329 ei,
2641 1262 2764 1333 quia
2790 1274 3132 1334 peccaverat,
3164 1278 3259 1319 sua
3282 1263 3472 1321 fuisset

1892 1348 2103 1405 auditas
2128 1352 2391 1409 nuntiata.
2788 1372 2799 1379 ο

1964 1441 2123 1497 XVII.
2155 1443 2274 1500 Jun.
2309 1446 2384 1502 De
2420 1462 2527 1518 quo
2567 1448 2818 1520 quoniam
2857 1451 2986 1508 satis
3022 1461 3201 1509 actum
3235 1462 3353 1521 est,
3399 1453 3470 1509 ad

1893 1539 1981 1595 illa
2011 1555 2379 1613 properemus,
2407 1560 2527 1617 qua:
2553 1561 2714 1618 super
2736 1549 2961 1605 naturali
2984 1550 3125 1606 malo
3144 1549 3481 1608 Manichmus'

1893 1632 2021 1688 olim
2044 1642 2218 1703 acute,
2246 1636 2362 1703 sed,
2389 1644 2449 1692 ut
2477 1638 3099 1712 probabo,|perplexitate
3125 1642 3482 1713 quaestionum

1895 1722 2152 1795 deceptus
2177 1726 2397 1798 objecit.
2427 1728 2670 1788 Breviter
2711 1740 2887 1790 tamen
2915 1733 3061 1805 prius
3080 1776 3097 1803 ,
3142 1733 3272 1806 quid
3301 1736 3485 1805 Augu-

1896 1816 2067 1874 stinus
2090 1825 2279 1874 contra
2306 1819 2547 1890 Apostoli
2578 1822 2940 1881 testimonium
2967 1825 3229 1894 retulerit,
3258 1827 3484 1885 ventile-

1897 1916 2034 1963 mus.
2080 1909 2194 1980 Ego
2230 1924 2358 1983 ergo
2393 1927 2515 1968 cum
2544 1922 2725 1970 notam
2767 1917 2922 1972 istam
2951 1932 3169 1989 operam
3196 1934 3422 1976 sexuum
3452 1936 3486 1977 a

1898 1998 2007 2054 Deo
2031 2008 2249 2058 auctore
2275 2016 2561 2076 corporum
2600 2006 2895 2064 institutam
2915 2051 2930 2076 ,
2959 2011 3119 2066 etiam
3157 2010 3295 2068 beati
3326 2012 3485 2071 Pauli

1898 2092 2202 2150 testimonio
2225 2097 2561 2168 apertissime
2584 2099 2840 2158 dixissem
2868 2104 3102 2174 probari,
3126 2106 3213 2177 qui
3236 2107 3481 2163 invectus

1897 2186 1950 2242 in
1976 2186 2170 2260 ﬂagitia
2200 2205 2407 2262 eorum,
2434 2208 2566 2266 quos
2591 2194 2647 2250 in
2667 2195 2831 2253 virilis
2852 2213 3065 2270 quoque
3092 2214 3254 2256 sexus
3282 2214 3484 2255 coneua

1896 2277 2065 2335 bitum
2095 2282 2452 2354 praicipitarat
2492 2286 2695 2342 insania
2716 2331 2731 2357 ,
2764 2289 2870 2357 ait,
2909 2290 3101 2346 Relicto
3131 2292 3357 2348 naturali
3390 2309 3493 2350 usu

1898 2373 2131 2443 feminis,
2179 2379 2376 2432 accensi
2408 2389 2529 2455 sunt
2567 2380 2619 2434 in
2663 2380 2914 2437 desideria
2954 2402 3047 2439 sua
3076 2384 3250 2457 (Rom.
3275 2403 3329 2456 ι,
3360 2387 3495 2458 27);

1898 2464 2051 2521 intuli
2077 2469 2340 2538 Apostolo
2369 2478 2506 2527 teste
2526 2513 2542 2540 ,
2574 2473 2859 2544 approbari
2906 2490 3061 2532 usum
3089 2477 3302 2535 femina:
3332 2487 3494 2535 natu-

1899 2558 2085 2616 raliter
2109 2560 2430 2618 institutum.
2453 2563 2537 2621 Ad
2558 2564 2660 2621 hoc
2676 2582 2804 2639 ergo
2829 2567 2929 2624 iste
2954 2569 3295 2627 rescribens:
3326 2590 3346 2624 ‹
3372 2570 3496 2628 Non

1899 2648 2065 2720 dixit,
2096 2670 2117 2705 ι
2159 2652 2357 2725 inquit,
2402 2673 2423 2708 ι
2452 2656 2744 2728 Apostolus
2787 2660 3121 2732 conjugalem
3166 2678 3350 2731 usum,
3396 2662 3497 2719 sed

1899 2746 2227 2816 naturalem,
2272 2763 2397 2805 eum
2432 2749 2621 2808 volens
2659 2751 2882 2826 intelligi
2925 2755 3015 2826 qui
3060 2755 3121 2810 lit
3144 2756 3401 2813 membris
3425 2756 3497 2813 ad

1901 2836 2004 2894 hoc
2031 2840 2258 2908 creatis,
2306 2849 2366 2897 ut
2407 2858 2505 2914 per
2538 2859 2601 2900 ea
2638 2846 2807 2916 possit
2842 2845 2912 2903 ad
2933 2848 3302 2920 generandum
3331 2862 3497 2907 sexus

1901 2941 2126 3005 uterque
2164 2935 2416 2993 misceri:
2449 2952 2513 2994 ac
2549 2953 2647 3009 per
2676 2939 2812 3008 hoc,
2846 2956 2968 2998 cum
2998 2941 3201 2999 eisdem
3240 2943 3501 3000 membris

1901 3029 2061 3086 etiam
2088 3030 2359 3087 meretrici
2389 3032 2614 3104 quisque
2639 3033 2915 3103 miscetur,
2949 3035 3205 3091 naturalis
3231 3046 3315 3092 est
3342 3050 3497 3107 usus,

1902 3134 2006 3177 nec
2033 3130 2209 3178 tamen
2235 3122 2546 3193 laudabilis,
2591 3124 2687 3182 sed
2725 3126 3026 3199 culpabilis.
3066 3126 3184 3184 Non
3222 3143 3352 3199 ergo
3391 3128 3499 3184 isto

1902 3214 2153 3283 nomine,
2184 3216 2238 3272 id
2264 3226 2382 3285 est,
2428 3235 2523 3274 usu
2548 3220 2771 3275 naturali
2788 3263 2803 3288 ,
2851 3221 3145 3293 conjugalis
3172 3230 3256 3278 est
3285 3220 3500 3279 laudata

1902 3307 2246 3373 commixtio;
2290 3310 2387 3366 sed
2428 3310 2783 3368 immundiora
2826 3322 2882 3369 et
2923 3313 3264 3370 sceleratiora
3296 3313 3499 3386 ﬂagitia

1903 3400 2153 3458 denotata
2195 3411 2348 3472 sunt,
2386 3419 2546 3476 quam
2583 3405 2629 3461 si
2674 3405 2861 3463 illicito
2889 3406 3135 3475 feminis,
3180 3407 3274 3464 sed
3317 3417 3503 3465 tamen

1902 3495 2218 3552 naturaliter
2256 3505 2534 3554 uterentur
2567 3517 2588 3552 ι
2623 3497 2724 3573 (De
2751 3498 2959 3573 Nuptiis
2986 3510 3035 3557 et
3070 3501 3370 3575 Concupisc.
3403 3503 3501 3558 lib.

1904 3586 1960 3656 2,
1990 3604 2043 3642 η.
2077 3588 2188 3660 55).
2213 3588 2271 3645 ld
2295 3599 2404 3657 est,
2434 3590 2523 3646 hic
2546 3606 2676 3648 usus
2701 3592 2912 3650 femina:
2939 3609 3100 3666 quem
3137 3596 3502 3666 pronuntiavit

1904 3680 2192 3752 Apostolus
2227 3684 2520 3741 naturalem
2542 3726 2558 3754 ,
2590 3700 2700 3741 non
2738 3686 3052 3758 intelligitur
3079 3687 3403 3761 coniugalis,
3439 3698 3501 3746 ut

1904 3774 2077 3830 bonus
2103 3775 2385 3849 licitusque
2405 3777 2664 3835 doceatur
2689 3798 2703 3835 :
2733 3780 2828 3837 sed
2844 3780 2988 3848 ideo,
3007 3782 3198 3853 inquit,
3229 3781 3401 3838 dictus
3415 3791 3501 3840 est

1906 3867 2165 3923 naturalis
2183 3910 2197 3934 ,
2214 3868 2336 3940 quia
2355 3868 2718 3927 diversitatem
2735 3886 2895 3929 sexus
2923 3871 2992 3928 ad
3012 3873 3113 3929 hoc
3128 3873 3326 3930 indicat
3341 3875 3498 3930 insti-

1905 3968 2096 4027 tutam,
2113 3973 2171 4017 ut
2184 3970 2238 4018 et
2254 3965 2564 4020 commixtui
2584 3975 2860 4036 pararetur
2871 3976 2925 4024 et
2943 3967 3139 4038 partui.
3158 3968 3322 4038 Queis
3340 3968 3500 4025 moli-

1905 4052 2137 4109 tionibus
2174 4070 2295 4111 cum
2319 4055 2601 4128 juvaretur
2629 4058 2760 4114 nibil
2778 4101 2795 4129 ,
2826 4075 2925 4116 cur
2953 4070 3155 4117 tantum
3183 4062 3504 4119 numeratus

1906 4147 2023 4203 est?
2044 4147 2289 4206 Profecto
2317 4150 2386 4206 ob
2410 4151 2512 4208 hoc
2534 4153 2730 4222 solum,
2750 4162 2808 4210 ut
2832 4153 2887 4209 lii
2913 4156 3005 4226 qui
3029 4171 3150 4212 eum
3181 4166 3497 4228 sequuntur,

1904 4241 2135 4297 solutum
2166 4251 2353 4314 putent
2370 4247 2513 4316 quod
2536 4247 2769 4304 viderint
2796 4248 2961 4306 fuisse
2974 4260 3277 4306 contactum
3298 4268 3312 4305 :
3331 4260 3498 4308 emto-

1904 4353 2025 4394 rum
2054 4354 2212 4411 quam
2245 4340 2375 4395 nihil
2400 4341 2623 4412 dixerit,
2655 4343 2833 4400 brevis
2870 4344 3159 4417 disputatio
3195 4347 3369 4416 palam
3412 4344 3496 4401 fa-

1903 4432 2029 4488 ciet.
2067 4430 2271 4504 Nempe
2312 4435 2600 4505 Apostolns
2641 4436 2850 4493 femina:
2891 4453 3043 4493 usum
3070 4438 3144 4492 ait
3179 4437 3496 4493 naturaliter

1904 4525 2226 4594 institutum,
2259 4542 2359 4583 nec
2387 4528 2784 4584 commendavit
2811 4530 3033 4585 alteram
3060 4529 3497 4585 commixtioucm

1906 4617 2153 4688 primitus
2180 4618 2511 4683 ordinatam;
2542 4620 2636 4675 sed
2667 4619 2733 4675 dc
2761 4635 2826 4676 eo
2852 4634 2951 4676 usu
2975 4621 3272 4693 disputans,
3307 4621 3362 4677 in
3388 4636 3497 4693 quo

1906 4709 2181 4767 libidinem
2205 4712 2409 4767 cunctis
2438 4720 2659 4768 noverat
2688 4713 2920 4785 viguisse
2948 4715 3303 4786 temporibus,
3335 4704 3503 4772 natu?

1905 4803 2072 4860 ralem
2099 4804 2244 4859 illam
2270 4805 2499 4861 vocavit.
2606 4848 2611 4855 .
3516 4786 3521 4791 1

1977 4899 2114 4955 Ave.
2146 4897 2286 4954 Usus
2315 4897 2529 4954 femina:
2566 4899 2824 4955 naturalis
2852 4908 2954 4968 est,
2983 4916 3105 4957 eum
3131 4901 3249 4973 ejus
3276 4916 3495 4960 mascu-

1906 4989 1991 5045 lus
2018 4989 2112 5045 illo
2139 4991 2381 5047 membro
2400 4990 2585 5061 utitur,
2617 5007 2723 5063 quo
2763 5001 2950 5049 natura
2997 4992 3241 5064 ejusdem
3279 4996 3493 5067 generis

1906 5083 2255 5139 animantium
2287 5093 2643 5156 prepagatur:
2674 5096 2894 5157 prepter
2932 5086 3075 5157 quod
3125 5087 3284 5145 etiam
3317 5088 3493 5160 ipsum

1905 5173 2204 5230 membrum
2249 5183 2438 5229 natura
2499 5175 2714 5246 proprie
2753 5175 2859 5232 dici
2893 5177 3035 5234 solet
3066 5194 3080 5231 :
3109 5168 3248 5234 unde
3304 5176 3497 5235 Cicero

1905 5266 1998 5335 ait,
2027 5266 2305 5322 mulierem
2330 5267 2529 5324 vidisse
2548 5282 2610 5325 se
2636 5268 2688 5324 in
2709 5270 2917 5326 somnis
2970 5272 3342 5343 prmsignatam
3390 5271 3492 5327 lia-

1904 5359 2032 5416 bere
2059 5371 2300 5417 naturam
2358 5361 2471 5434 (De
2493 5361 2839 5430 Divinatione,
2870 5364 2959 5419 lib.
2985 5360 3064 5436 2).
3122 5364 3260 5421 Usus
3316 5365 3495 5436 itaque

1906 5452 2163 5508 naturalis
2192 5462 2247 5509 et
2274 5452 2450 5510 licitus
2462 5462 2568 5524 est,
2600 5454 2738 5511 sicut
2766 5456 2820 5510 in
2849 5454 3095 5526 conjugio
3122 5472 3138 5522 ;
3166 5464 3222 5512 ct
3248 5455 3489 5524 illicitns,

1902 5546 2040 5610 sicut
2068 5546 2123 5602 in
2144 5545 2408 5603 adulterio
2438 5562 2453 5600 :
2484 5556 2671 5604 contra
2700 5557 2943 5603 naturam
2970 5561 3097 5602 vero
3144 5560 3361 5616 semper
3384 5546 3490 5601 illi-

1902 5639 2060 5707 citus,
2090 5649 2144 5695 et
2171 5637 2541 5710 proculdubio
2568 5637 2879 5711 flagitiosior
2894 5647 3054 5710 atque
3088 5638 3309 5709 turpior;
3329 5621 3491 5710 quem

1902 5742 2118 5790 sanctus
2147 5734 2435 5805 Apostolus
2459 5743 2514 5791 et
2538 5733 2593 5790 in
2618 5733 2828 5789 feminis
2845 5742 2899 5790 et
2926 5733 2981 5790 in
3022 5733 3275 5797 masculis
3296 5732 3521 5805 argue?

160 5750 296 5815 ris,
326 5754 394 5801 ut
419 5744 475 5801 in
499 5758 559 5800 se
582 5732 700 5813 ipso
735 5749 793 5797 et
815 5737 1193 5795 verecundiam
1223 5744 1278 5793 et
1301 5733 1678 5793 confidentiam
1715 5732 1800 5789 di-

156 5847 416 5905 sceret;
444 5851 517 5893 ne
534 5842 590 5893 et
614 5831 870 5892 deformis
895 5829 1190 5899 videretur,
1228 5827 1273 5885 si
1298 5836 1440 5885 esset
1478 5840 1576 5899 per
1601 5833 1797 5883 cuncta
1902 5825 2012 5895 bat,
2036 5825 2448 5884 damnabiliores
2466 5826 2650 5883 volens
2694 5825 2937 5897 intelligi,
2993 5839 3154 5898 quam
3202 5823 3251 5882 si
3292 5824 3348 5883 in
3390 5840 3492 5884 usu

216 6027 249 6061 ι
273 6028 418 6086 ιιοει,
432 6015 565 6086 quod
581 6016 813 6081 agng
828 6010 1370 6075 aninm,restituimus
1381 6022 1448 6063 ex
1460 6015 1591 6075 uss,
1602 6007 1795 6070 civim.

490 6099 719 6171 Sutor.
745 6099 1025 6169 AUGUST.
1050 6094 1139 6181 Χ.

1964 6010 1985 6046 ί
2016 6009 2091 6063 sto
2105 6016 2211 6062 uss.
2234 6014 2289 6063 In
2307 6009 2467 6075 Vigm,
2491 6007 2689 6074 faceret.

2614 6090 3168 6177 {Quamuis-six.)

1849 6083 1923 6109 ῃ
1951 6120 1956 6126 .
