3962 6480
457 442 595 505 “Si

462 555 716 622 naturali,
744 551 832 608 vel
855 547 1229 614 adulterando,
1252 547 1336 602 vel
1383 544 1695 602 fornicando
1741 547 2044 612 peccarent.

463 653 594 708 Uatl
632 651 808 718 itaque
832 643 1300 702 concumbcntium
1326 639 1581 696 naturalis
1608 637 1855 705 idemque
1880 631 2049 689 incul-

462 744 680 818 pabilis,
703 741 833 798 etin
877 736 1123 809 paradiso
1151 749 1271 790 csse
1303 733 1605 803 potuisset,
1644 727 1852 783 etiamsi
1897 739 2055 781 nemo

461 842 766 911 peccasset;
795 847 902 890 non
925 830 1072 886 enim
1117 828 1271 884 aliter
1322 826 1390 880 ad
1442 824 1734 880 lnumnum
1759 835 1926 892 genus
1971 833 2057 872 se-

466 930 704 988 cundum
751 924 1180 984 benedictionem
1220 921 1312 980 Dei
1345 915 1800 988 multiplicandum
1839 911 1936 967 ﬁlii
1972 911 2054 982 gi-

463 1030 794 1096 gnerentur:
822 1017 918 1076 sed
937 1033 1058 1073 eum
1085 1023 1328 1070 vocatum
1359 1025 1480 1068 esse
1517 1009 1583 1064 ab
1611 1006 1866 1076 Apostolo
1902 1019 2058 1060 usum

465 1090 792 1182 naturalem,
821 1112 875 1168 in
900 1126 1007 1184 quo
1033 1109 1312 1167 libidinem
1338 1105 1545 1161 cunctis
1566 1110 1792 1158 noverat
1826 1090 2060 1169 viguisse

467 1210 819 1283 temporibus,
852 1207 970 1279 quis
999 1205 1091 1272 tibi
1114 1202 1265 1265 dixit,
1290 1200 1389 1258 nisi
1419 1197 1640 1252 haeresis
1662 1191 1875 1249 vestra?
1905 1191 2061 1246 Absit

465 1305 611 1358 enim
638 1310 694 1356 ut
724 1298 1011 1370 Apostolus
1037 1296 1196 1352 etiam
1229 1293 1319 1348 illo
1349 1302 1592 1360 tempore
1624 1288 1898 1348 hominum
1937 1299 2056 1340 cre-

469 1395 625 1452 deret
694 1390 992 1464 pudendam
1041 1387 1268 1458 viguisse
1311 1381 1624 1447 libidinem,
1677 1377 1891 1448 quando
1935 1375 2060 1436 nudi

467 1495 646 1552 erant,
674 1469 729 1540 et
749 1497 855 1544 non
873 1479 1109 1555 pudebat
1139 1491 1253 1533 eos.
1280 1475 1662 1530 Verumtamen
1684 1468 1893 1525 etiamsi
1917 1468 2062 1536 Apo-

479 1580 655 1636 stolus
669 1575 893 1642 diceret,
925 1573 1065 1644 quod
1094 1573 1208 1642 ipse
1228 1569 1435 1634 dixisti,
1465 1587 1483 1620 ι
1522 1568 1574 1620 in
1605 1580 1703 1620 usu
1733 1562 1940 1618 feminae
1964 1575 2062 1616 na-

472 1673 638 1729 turali
665 1671 871 1728 cunctis
898 1666 1227 1738 temporibus
1243 1663 1477 1734 viguisse
1508 1659 1805 1721 libidinem;
1850 1674 1868 1708 ι
1904 1656 1956 1709 in
1982 1653 2064 1707 his

475 1780 686 1838 quoque
712 1762 889 1820 verbis
917 1759 1173 1815 haberem
1215 1753 1355 1827 quod
1402 1764 1546 1810 recte
1597 1749 1966 1822 intelligerent,
1998 1761 2066 1800 ne

470 1858 776 1941 pudendam
798 1862 1101 1924 susceptam
1140 1861 1282 1911 tuam
1314 1848 1365 1903 iu
1396 1847 1537 1900 illius
1581 1846 1749 1906 beatze
1942 1855 2062 1941 cor-

472 1931 718 2028 poribus,
748 1964 868 2020 quae
899 1945 1132 2000 nondum
1155 1942 1366 2004 fuerant
1389 1952 1622 2008 corpora
1649 1933 1836 1997 mortis
1877 1931 2068 2002 hujus,

473 2027 618 2102 sicut
647 2052 701 2096 tu
721 2041 870 2108 facis,
890 2048 1069 2094 mente
1097 2035 1426 2097 stultissima,
1449 2033 1627 2102 lingua
1650 2027 2062 2102 loquacissima,

474 2136 651 2194 fronte
680 2130 1136 2204 impudentissima
1157 2170 1172 2194 ,
1208 2126 1550 2186 collocarem.
1602 2121 1822 2182 Cunctis
1875 2118 2072 2189 quippe

476 2227 811 2298 temporibus
837 2241 902 2280 ex
921 2239 1028 2294 quo
1054 2221 1332 2290 utriusque
1384 2231 1550 2273 sexus
1596 2215 1710 2278 fieri
1757 2211 2074 2270 concubitus

478 2323 670 2393 cmpit,
697 2319 886 2391 procul
911 2317 1075 2373 dubio
1095 2331 1222 2370 usus
1246 2313 1458 2368 feminae
1504 2309 1762 2374 naturalis
1808 2308 1924 2364 sine
1969 2305 2072 2368 hac

474 2414 726 2489 pudenda
757 2412 974 2468 libidiro
1005 2424 1123 2464 csse
1149 2422 1254 2460 non
1277 2403 1447 2476 potuit
1483 2420 1495 2455 :
1522 2402 1630 2471 jam
1654 2399 1798 2456 enim
1854 2413 1962 2453 non
1986 2395 2070 2450 vi-

479 2488 549 2563 tae
581 2508 738 2568 illius,
763 2503 858 2560 sed
884 2502 1075 2557 mortis
1104 2498 1266 2570 hujus
1293 2488 1563 2554 habebant
1585 2508 1780 2563 corpus
1799 2533 1814 2559 ,
1859 2488 2072 2562 quando

476 2612 604 2682 post
656 2605 934 2670 peccatum
965 2593 1032 2649 de
1060 2590 1305 2662 paradiso
1355 2587 1589 2669 egressi,
1622 2583 1892 2640 masculus
1914 2591 1969 2638 et
1997 2580 2074 2639 fe-

483 2676 630 2754 mina
649 2700 932 2760 utrumque
952 2701 1136 2742 sexum
1179 2683 1495 2738 naturaliter
1549 2679 1792 2750 primitus
1840 2676 2071 2732 miscue-

483 2793 632 2842 runt.
664 2780 815 2858 Quod
838 2779 881 2834 si
908 2787 1032 2833 ante
1064 2777 1314 2841 facerent,
1340 2775 1410 2827 ibi
1443 2771 1606 2839 libido
1635 2771 1719 2825 vel
1745 2768 1885 2824 nulla
1906 2779 2072 2834 esset,

479 2879 566 2934 vel
595 2873 842 2952 pudenda
868 2887 976 2928 non
1004 2879 1146 2926 esset
1178 2887 1192 2923 :
1223 2884 1328 2923 non
1385 2867 1525 2921 enim
1577 2863 1888 2919 sollicitaret
1933 2862 2072 2917 invi-

481 2979 678 3035 tum,et
705 2978 1002 3037 repugnare
1029 2961 1130 3017 sibi
1150 2969 1364 3040 cogeret
1393 2966 1598 3013 castum
1625 2973 1640 3023 ;
1671 2954 1766 3011 sed
1813 2962 1904 3009 aut
1957 2953 2074 3012 sine

491 3063 582 3118 illa
606 3061 839 3116 ofﬁcium
871 3073 1025 3114 suum
1057 3051 1580 3126 genitalia,,jubente
1609 3059 1788 3105 mente
1811 3090 1826 3115 ,
1852 3063 2073 3120 perage-

481 3167 628 3223 rent;
657 3164 748 3211 aut
776 3153 864 3209 illa
917 3153 960 3206 si
988 3157 1132 3206 esset
1153 3190 1168 3214 ,
1196 3163 1316 3210 cum
1357 3161 1491 3217 opus
1519 3153 1695 3212 esset,
1727 3157 2034 3215 assurgeret.
2054 3182 2079 3209 ι

483 3249 982 3323 tranquillissimum
1015 3254 1201 3300 nutum
1249 3243 1581 3313 subsequens
1632 3239 1944 3306 voluntatis,
1976 3254 2077 3298 nec

485 3345 799 3418 opprimens
823 3339 1202 3413 cogitationem
1255 3336 1562 3394 turbulento
1603 3334 1807 3406 impetu
1837 3335 2077 3405 volupta-

485 3441 576 3496 tis.
607 3437 792 3494 Talem
819 3451 878 3492 se
905 3433 1066 3489 modo
1093 3448 1198 3488 non
1227 3447 1370 3498 esse,
1403 3429 1583 3492 multis
1618 3429 1728 3484 suis
1757 3429 2075 3500 importunis

486 3541 544 3600 et
599 3529 912 3588 coercendis
960 3528 1191 3590 motibus
1237 3525 1713 3596 confiteturzergo
1751 3534 1842 3578 aut
1891 3521 2084 3578 vitium

485 3639 631 3690 esse,
663 3629 753 3676 aut
772 3621 1009 3675 vitiatam
1059 3634 1120 3681 se
1163 3633 1281 3673 esse
1311 3626 1550 3672 testatur.
1595 3615 1732 3672 Ecce
1764 3614 1906 3670 unde
1931 3613 2077 3670 dice-

483 3716 578 3773 bat
609 3715 917 3787 Apostolus,
949 3713 1072 3769 Scio
1100 3712 1221 3784 quia
1272 3729 1372 3766 non
1403 3710 1594 3765 habitat
1624 3710 1679 3764 in
1703 3726 1798 3773 me,
1828 3709 1882 3764 id
1927 3719 1998 3764 est
2023 3711 2077 3764 in

483 3827 639 3866 carne
667 3826 798 3876 mea,
825 3807 1010 3864 bonum
1041 3805 1216 3880 (Rom.
1250 3820 1347 3872 vn,
1371 3803 1481 3878 l8).
1509 3804 1647 3862 Ecce
1679 3803 1821 3859 unde
1853 3803 2078 3860 trahitur

483 3918 518 3958 a
535 3902 873 3960 nascentibus
887 3899 1145 3972 originale
1160 3907 1455 3970 peccatum.
1479 3896 1590 3957 Hoc
1607 3898 1748 3952 malo
1762 3895 1899 3952 bene
1917 3895 2079 3950 utitur

485 3997 740 4070 pudicitia
769 3991 1064 4065 coniugalis
1089 4010 1102 4044 :
1127 3992 1229 4047 hoc
1247 3991 1389 4046 malo
1407 3990 1599 4046 melius
1630 4005 1738 4050 non
1764 3989 1930 4048 utitur
1949 3989 2075 4044 reli-

486 4093 635 4164 giosa
649 4089 972 4146 continentia
987 4086 1323 4152 vidualis,vel
1337 4100 1482 4142 sacra
1498 4084 1771 4156 integritas
1782 4082 2075 4153 virginalis.

567 4185 753 4242 XVIII.
783 4183 901 4240 JUL.
934 4183 1049 4239 Hoc
1068 4197 1167 4237 nos
1197 4181 1579 4244 intelleximus,
1609 4193 1838 4250 cumque
1864 4177 1934 4234 de
1979 4192 2077 4232 na—

490 4291 627 4338 tura:
668 4279 1004 4335 institutione
1057 4277 1418 4347 loqueremur,
1473 4274 1523 4329 id
1571 4271 1882 4344 protulimus
1935 4270 2078 4341 quod

489 4372 804 4445 Apostolum
818 4369 1051 4426 sensisse
1074 4367 1372 4422 constabat.
1423 4365 1502 4421 Tu
1534 4365 1691 4436 igitur
1709 4363 1840 4435 quid
1861 4378 2078 4433 promo-

489 4465 635 4533 visti,
655 4474 709 4520 ut
731 4463 958 4518 referres
983 4475 1091 4516 non
1119 4459 1186 4514 ab
1205 4474 1270 4515 eo
1295 4474 1450 4514 usum
1477 4456 1835 4528 coniugalem,
1865 4455 1962 4512 sed
1987 4469 2081 4508 na-

490 4560 717 4616 turalem
748 4555 974 4614 vocari?
1016 4555 1124 4610 Aut
1176 4568 1282 4624 quo
1319 4567 1416 4610 ore
1462 4551 1736 4622 subjungis
1763 4591 1778 4615 ,
1827 4549 2080 4619 quoniam

499 4674 520 4707 ι
554 4669 674 4709 cum
705 4651 893 4708 iisdem
919 4647 1174 4706 membris
1212 4646 1477 4707 meretrici
1527 4646 1752 4716 quisque
1806 4645 2078 4706 miscetur,

491 4745 750 4807 naturalis
767 4755 849 4802 est
897 4758 1046 4811 usus,
1075 4758 1174 4799 nec
1205 4752 1379 4796 tamen
1410 4739 1687 4795 laudabilis
1720 4781 1736 4805 ,
1767 4738 1860 4794 sed
1899 4738 2082 4808 culpa-

493 4842 652 4900 bilis?
691 4860 709 4893 ι
742 4839 814 4896 Ut
841 4839 984 4895 enim
1009 4838 1172 4894 etiam
1206 4837 1291 4892 hic
1340 4834 1725 4900 «tendamus,
1781 4833 1923 4904 quod
1971 4832 2082 4887 fre-

492 4947 722 5008 quenter
750 4932 1082 5006 aperuimus,
1109 4945 1267 4986 unam
1293 4944 1322 4983 a
1352 4937 1403 4984 te
1423 4930 1610 4983 saltem
1634 4926 1954 4984 sententiam
1978 4941 2084 4980 non

495 5027 746 5100 proferri,
779 5042 896 5097 quze
925 5039 1030 5078 non
1061 5021 1346 5078 adversum
1375 5029 1428 5076 to
1455 5019 1739 5091 plurimum
1783 5017 1956 5073 valeat
1988 5035 2000 5072 :
2039 5016 2084 5074 si

495 5137 625 5175 usus
647 5117 1016 5176 fornicationis
1069 5114 1348 5181 naturalis,
1394 5126 1494 5178 nec
1530 5122 1705 5166 tamen
1759 5109 2081 5178 laudabilis,

494 5212 593 5269 sed
621 5209 898 5281 culpabilis
923 5207 1138 5274 dicitur,
1180 5207 1248 5262 ob
1300 5204 1403 5260 hoc
1441 5205 1564 5276 quia
1619 5202 1914 5259 meretricis
1957 5217 2086 5262 usus

497 5311 602 5364 est.
633 5303 750 5358 sine
777 5301 939 5357 dubio
961 5297 1294 5369 coniugalem
1318 5337 1331 5361 ,
1360 5296 1482 5367 quia
1524 5293 1806 5351 honestum
1834 5303 1991 5368 atque
2018 5295 2086 5350 li-

496 5398 681 5464 citum,
712 5411 819 5452 non
844 5393 1185 5464 culpabilem,
1213 5389 1310 5446 sed
1339 5388 1660 5446 laudabilem
1692 5388 2047 5459 proﬁteberis.

575 5491 706 5544 Anc.
737 5485 852 5541 Non
882 5484 1004 5555 quia
1034 5482 1149 5538 sine
1177 5481 1318 5537 malo
1347 5489 1450 5547 est,
1480 5480 1574 5536 sed
1603 5481 1726 5554 quia
1742 5480 1878 5537 bene
1923 5482 2088 5537 utitur

497 5581 665 5646 malo,
698 5575 992 5649 coniugalis
1016 5573 1330 5632 concubitus
1378 5572 1570 5628 merito
1599 5572 2087 5644 inculpabilisdici-

498 5683 608 5728 tur.
643 5672 730 5728 Sic
756 5671 897 5727 enim
927 5669 1124 5725 bonum
1137 5675 1220 5724 est
1243 5666 1378 5723 bene
1419 5667 1491 5721 uti
1522 5665 1663 5722 malo
1691 5708 1705 5732 ,
1737 5665 2085 5736 quemadmo-

498 5768 628 5825 dum
658 5768 854 5825 malum
872 5776 954 5824 est
983 5765 1124 5821 male
1152 5763 1225 5819 uti
1257 5763 1416 5819 bono.
1446 5761 1533 5818 Sic
1553 5776 1681 5834 ergo
1709 5760 1847 5817 bene
1873 5771 2090 5830 utuntur

505 5863 780 5932 coniugati
829 5859 1067 5916 libidinis
1115 5859 1288 5925 malo,
1351 5854 1624 5928 quomodo
1684 5856 1823 5911 male
1872 5865 2089 5911 utuntur

500 5955 730 6012 adulteri
778 5955 1020 6024 corporis
1071 5952 1232 6008 bono.
1281 5951 1394 6008 Hoc
1440 5951 1545 6006 iam
1575 5965 1682 6008 non
1729 5951 1896 6008 semel
1937 5951 2044 6008 dixi
2070 5994 2086 6022 ,

1129 434 1374 494 OPERIS
1412 424 1824 489 IMPERFECTI
1860 426 2136 488 CONTRA
2173 425 2528 490 JULIANUM,
2571 427 2629 484 s.
2672 417 3038 486 AUGUSTINI

3601 420 3748 486 Ἀεὶ

2158 546 2211 592 et
2236 540 2430 610 smpius
2456 557 2541 596 me
2571 541 2750 598 dicere
2777 558 2885 597 non
2929 540 3162 614 pigebit,
3201 541 3456 613 quamdiu
3502 551 3554 598 te
3603 545 3753 601 veris

2159 631 2524 689 contradicere
2554 649 2660 690 non
2688 635 2913 703 [iudebit
2939 637 2980 692 ³.

2230 723 2370 778 ΧΙΧ.
2399 725 2519 782 lue.
2565 724 2636 780 Et
2819 736 2908 782 est
2949 727 3155 784 crimen
3199 736 3347 782 tuum
3381 726 3748 794 diabolicum,

2160 817 2302 889 quod
2331 818 2403 873 illi
2428 829 2743 890 argumento
2786 819 3005 890 pudoris
3032 820 3297 878 nitebaris
3316 821 3582 892 alligare?
3633 819 3750 878 Non

2161 912 2304 968 enim
2325 913 2439 982 jam
2466 913 2627 970 libido
2655 912 3068 985 reprehenditur
3088 955 3104 981 ,
3125 929 3254 986 quo
3285 924 3340 970 et
3390 915 3444 970 in
3483 914 3754 985 prohibito

2161 1010 2217 1060 et
2245 1003 2296 1057 in
2327 1018 2583 1060 concesso
2605 1019 2724 1071 usu,
2750 1013 2955 1064 natura
2980 1006 3148 1076 ipsius
3167 1005 3476 1066 conditione
3495 1007 3756 1073 sentitur;

2163 1095 2212 1152 si
2228 1095 2548 1246 ldeprimatio
2575 1097 2712 1168 eius,
2736 1097 2804 1160 ad
2828 1097 2880 1154 id
2908 1098 3054 1170 quod
3083 1113 3188 1159 nos
3210 1099 3404 1156 licebat
3430 1114 3750 1166 excurrens,

2164 1205 2225 1246 so
2247 1206 2274 1244 a
2305 1206 2369 1245 cu
2397 1200 2570 1246 natur.

2164 1200 2274 1248 scla
2305 1200 2570 1261 culpatur.

2156 1315 2160 1322 -
2236 1283 2374 1340 AUG.
2401 1281 2516 1339 Non
2543 1283 2654 1338 sola
2694 1302 2713 1336 ι
2749 1283 2999 1356 culpatur
3039 1285 3350 1357 depravatio
3399 1287 3635 1346 libidinis
3691 1286 3754 1343 ad

2167 1373 2219 1428 id
2246 1374 2386 1444 quod
2415 1391 2519 1455 non
2543 1376 2735 1432 licebat
2753 1391 3048 1440 excturens
3069 1395 3092 1431 ιλ
3121 1397 3144 1431 ι
3170 1378 3264 1434 sed
3305 1387 3392 1434 tua
3421 1394 3619 1449 magna
3666 1378 3758 1434 de-

2169 1468 2410 1537 pravatio
2435 1476 2538 1535 est,
2571 1483 2701 1524 cum
2722 1478 2826 1526 ate
2866 1484 2977 1528 non,
2999 1470 3241 1540 culpatur
3281 1470 3348 1525 ad
3378 1470 3432 1526 id
3456 1470 3600 1540 quod
3653 1487 3754 1527 non

2168 1559 2364 1616 licebat
2413 1561 2718 1631 impellens.
2773 1562 2998 1631 Quando
3062 1564 3208 1619 enim
3245 1563 3312 1620 ad
3360 1565 3410 1618 id
3455 1565 3608 1635 quod
3654 1581 3760 1622 non

2169 1652 2295 1710 licet
2321 1655 2565 1726 impellit,
2598 1655 2836 1725 proiecto
2870 1657 2976 1718 nisi
2997 1656 3248 1726 pravitati
3268 1656 3386 1726 eius
3437 1669 3759 1726 repugnetnr

2171 1744 2430 1800 excurrit.
2465 1746 2532 1800 Et
2560 1745 2676 1802 haec
2703 1756 2788 1803 est
2833 1749 3268 1818 concupiscentia
3297 1749 3498 1815 carnis,
3525 1765 3632 1819 qua
3667 1765 3758 1806 ca-

2171 1851 2233 1898 ro
2277 1837 2609 1907 concupiscit
2650 1837 2908 1895 adversus
2963 1840 3248 1910 spiritum;
3300 1840 3556 1896 adversus
3603 1857 3760 1912 quam

2173 1940 2453 1998 propterea
2482 1931 2812 2000 concupiscit
2835 1940 2892 1988 et
2904 1930 3146 2003 spiriuts,
3171 1947 3242 1990 ne
3269 1949 3375 2004 quo
3401 1933 3637 2004 impellit
3661 1950 3758 1989 ex-

2172 2030 2372 2078 currat.
2401 2023 2594 2082 Malum
2625 2033 2708 2082 est
2735 2035 2960 2098 ergo,et
2986 2027 3127 2096 quod
3155 2027 3378 2098 impellit
3424 2029 3483 2086 in
3517 2030 3716 2086 statim
3742 2047 3756 2084 :

2175 2111 2271 2168 sed
2298 2115 2340 2166 si
2389 2129 2496 2170 non
2549 2115 2822 2184 excurrit,
2855 2130 3186 2189 repugnante
3237 2120 3349 2179 sibi.
3389 2121 3612 2191 spiritu,
3659 2139 3764 2180 non

2177 2205 2408 2260 vincitur
2433 2206 2594 2262 homo
2617 2223 2648 2264 a
2673 2209 2833 2266 malo.
2867 2210 3018 2269 Tunc
3045 2222 3228 2274 autem
3245 2214 3390 2271 omni
3439 2216 3582 2271 malo
3611 2231 3760 2274 care-

2177 2296 2274 2364 bit,
2303 2298 2515 2368 quando
2537 2300 2621 2353 cui
2644 2311 2910 2371 repugnet
2941 2319 3052 2366 non
3093 2304 3218 2370 erit.
3264 2305 3448 2376 Neque
3493 2306 3600 2366 hoc
3645 2324 3762 2366 cum

2177 2389 2286 2457 fiet,
2314 2399 2523 2458 natura,
2547 2393 2686 2448 sicut
2713 2393 3037 2452 Manichacus
3058 2397 3276 2468 insanit,
3303 2415 3334 2454 a
3356 2399 3515 2458 nobis
3546 2417 3764 2473 separa-

2178 2483 2322 2538 bitur
2346 2483 2542 2552 aliena,
2567 2484 2661 2540 sed
2716 2488 2992 2552 sanabitur
3040 2500 3244 2550 nostra.
3297 2491 3428 2560 Qua
3479 2509 3667 2561 nunc,
3719 2495 3764 2551 si

2177 2577 2626 2648 quemadmodum
2648 2595 2898 2651 regenera
2908 2582 3054 2640 tione
3081 2595 3138 2640 et
3160 2586 3481 2648 remissione
3520 2597 3764 2658 peccato—

2177 2685 2298 2726 rum
2330 2681 2550 2728 sanatur
2578 2690 2606 2730 a
2629 2682 2804 2742 reatu,
2851 2675 2933 2733 sic
2989 2677 3059 2734 ab
3109 2679 3254 2736 omni
3287 2687 3432 2736 esset
3464 2681 3768 2738 inﬁrmitate

2174 2760 2286 2831 jam
2315 2778 2464 2827 sana;
2498 2781 2604 2826 non
2626 2776 2818 2824 contra
2839 2783 3063 2826 carnem
3091 2771 3312 2841 spiritus
3341 2775 3766 2844 concupiscaeg.

2179 2861 2354 2920 utnon
2371 2871 2718 2926 operaremur
2735 2860 2835 2915 nisi
2852 2860 3078 2928 licitum;
3098 2864 3192 2922 sed
3208 2865 3276 2918 ita
3290 2867 3640 2937 εει-οδρίτὶλώ
3655 2883 3765 2924 oon-

2178 2948 2422 3013 sentiret,
2447 2958 2508 3010 ut
2533 2950 2664 3008 nihil
2701 2962 2895 3012 contra
2921 2955 3078 3013 illurn.
3113 2959 3584 3030 concupiscerem:
3617 2961 3766 3018 illici-

2180 3049 2312 3096 tum.

2251 3132 2370 3190 XX.
2401 3133 2519 3192 JUL.
2549 3135 2723 3210 thue
2766 3153 2953 3211 presse
2989 3141 3382 3216 interrogemus
3409 3155 3467 3201 et
3490 3147 3722 3206 breuiter
3748 3165 3761 3200 :

2181 3230 2482 3298 apostolum
2507 3231 2728 3313 Paulum
2759 3275 2777 3301 ,
2829 3249 2956 3292 cum
3011 3238 3306 3296 nauisamm
3357 3254 3512 3296 usum
3565 3241 3774 3302 furtiue

2181 3333 2537 3392 nuncuparet,
2569 3326 2974 3395 possibilitatem
3005 3330 3084 3386 rei
3108 3339 3164 3386 et
3192 3331 3552 3402 honestatem,
3583 3351 3650 3388 an
3681 3351 3763 3392 so-

2182 3415 2286 3472 lam
2325 3418 2731 3487 possibilitatem
2774 3422 3042 3482 indicasse
3083 3425 3392 3482 arbitraris?
3437 3428 3496 3483 id
3531 3438 3637 3494 est,
3674 3429 3765 3486 hoc

2181 3509 2419 3578 nomine,
2451 3511 2696 3581 naturali,
2719 3515 3014 3587 intelligere
3040 3533 3142 3574 nos
3159 3519 3492 3578 voluitusrun
3523 3523 3616 3590 qui
3654 3521 3763 3577 ﬁeri

2182 3612 2393 3672 poterat
2416 3612 2472 3661 et
2499 3604 2746 3674 debebat;
2768 3622 2838 3664 an
2865 3609 2952 3679 qui
2977 3617 3202 3678 pluerat,
3238 3611 3330 3668 sed
3372 3612 3764 3668 noudebebat?

2182 3696 2238 3753 Si
2268 3698 2488 3764 dixeris,
2511 3697 2611 3768 Qui
2644 3710 2870 3770 poterat,
2919 3702 3044 3764 licet
3073 3720 3178 3758 non
3207 3704 3446 3773 deberet,
3503 3706 3678 3776 qualis
3713 3705 3765 3761 in

2183 3793 2443 3850 adulteris
2465 3795 2678 3866 agitur:
2715 3811 2844 3866 ergo
2892 3806 2946 3852 et
2984 3797 3121 3854 illud
3163 3798 3312 3853 aliud
3360 3799 3622 3870 flagitium
3667 3815 3764 3855 non

2183 3889 2286 3943 erit
2313 3897 2506 3944 contra.
2526 3899 2790 3956 naturam,
2814 3889 2935 3960 quia
2956 3891 2978 3922 ⁸
3021 3892 3281 3948 membris
3303 3894 3478 3964 agitur
3517 3893 3763 3950 naturali»

2184 3982 2303 4039 bus.
2337 3982 2397 4038 Si
2419 3993 2606 4039 autem.
2625 3997 2992 4054 expavescens
3018 3985 3285 4048 retuleris,
3315 3984 3456 4055 quod
3487 3993 3546 4040 et
3581 3986 3766 4042 veritas

2185 4073 2366 4138 habet,
2394 4074 2708 4144 Apostolum
2738 4090 2892 4132 usum
2921 4090 3142 4134 vocasse
3185 4077 3505 4144 naturalem,
3534 4078 3632 4148 qui,
3651 4076 3764 4132 feti-

2184 4166 2286 4222 bus
2319 4165 2617 4226 destinatus
2667 4166 2892 4226 honeste
2948 4168 3064 4239 agi,
3113 4169 3320 4240 quippe
3354 4172 3686 4233 naturaliter,
3712 4182 3768 4226 ut

2186 4267 2396 4329 poterat
2417 4267 2472 4314 et
2499 4258 2746 4326 debebat,
2781 4259 2836 4314 id
2855 4269 2964 4326 est,
2991 4261 3042 4314 in
3062 4262 3379 4331 corporibus
3417 4263 3506 4319 vel
3538 4263 3765 4334 singula-

2169 4369 2307 4408 .rum
2342 4352 2435 4412 vel.
2453 4352 2682 4422 plurium
2713 4351 3028 4410 feminarum
3057 4395 3072 4414 .
3127 4362 3424 4426 temporum
3477 4365 3654 4412 tamen
3689 4371 3764 4412 ra-

2189 4447 2334 4502 tione
2359 4446 2630 4502 concessis
2662 4465 2674 4500 :
2702 4445 2952 4501 fateberis
2979 4447 3270 4504 sinedubio
3293 4449 3470 4518 inepte
3490 4465 3766 4520 argumen-

2187 4544 2356 4591 tatum
2410 4535 2620 4601 fuisse;
2663 4537 2984 4610 beatumque
3009 4539 3228 4604 Paulum
3272 4541 3490 4596 nomine
3519 4542 3766 4596 naturalis

2188 4646 2336 4700 usus,
2368 4647 2474 4686 non
2504 4629 2930 4699 fornicationem,
2963 4632 3101 4687 sicut
3144 4641 3198 4688 tu
3237 4643 3528 4704 putaueras
3551 4677 3565 4700 ,
3597 4635 3688 4691 sed
3715 4645 3768 4691 et

2188 4724 2470 4782 honestum
2496 4733 2556 4780 et
2579 4724 2901 4796 legitimum,
2932 4726 3021 4796 qui
3053 4725 3364 4786 fecunditati
3411 4736 3644 4797 paratus
3669 4737 3764 4794 est,

2188 4833 2476 4890 corporum
2505 4817 2768 4874 indicasse
2788 4818 3155 4874 commixtum.
3187 4818 3298 4876 Nos
3316 4835 3445 4890 ergo
3463 4821 3660 4878 merito
3681 4834 3765 4889 ge-

2189 4912 2444 4976 neraliter
2471 4911 2838 4979 defendimus,
2895 4913 3040 4984 quod
3078 4913 3406 4976 Manichaaus
3447 4915 3767 4986 generaliter

2189 5006 2462 5078 arguebat.
2503 5002 2582 5060 Tu
2630 5004 2778 5060 enim
2831 5003 2965 5062 dicis
3007 5006 3444 5062 commixtionem
3500 5005 3644 5062 hanc
3690 5020 3767 5061 se-

2191 5112 2354 5157 xuum
2377 5111 2500 5153 cum
2525 5097 2812 5167 voluptate,
2841 5113 2935 5167 per
2959 5098 3230 5156 diabolum
3278 5099 3580 5156 institutam
3607 5142 3623 5167 ,
3650 5115 3766 5156 cau-

2191 5204 2306 5245 sam
2332 5188 2603 5262 originalis
2623 5202 2745 5248 esse
2777 5192 2999 5259 peccati,
3031 5198 3086 5246 et
3113 5191 3498 5250 necessitatem.
3538 5191 3770 5252 omnium

2192 5281 2510 5346 criminum;
2542 5294 2607 5335 ac
2632 5294 2730 5349 per
2784 5280 2887 5336 hoc
2937 5280 3106 5351 ipsam
3154 5282 3456 5346 criminaris
3484 5292 3767 5339 naturam:

2194 5388 2293 5436 nos
2325 5373 2450 5450 quid
2501 5373 2915 5443 conscquentius
2959 5374 3135 5434 facere
3176 5375 3449 5447 potuimus
3477 5417 3496 5445 ,
3534 5393 3696 5450 quam
3727 5385 3772 5432 ut

2195 5473 2331 5522 teste
2350 5463 2599 5536 Magistro
2624 5463 2894 5531 Gentium,
2919 5475 3125 5522 natura:
3147 5466 3499 5538 generalitate
3526 5467 3771 5526 defende-

2197 5574 2377 5616 remus
2405 5565 2459 5613 et
2477 5556 2902 5614 adscriberemus
2931 5558 3080 5629 operi
3109 5558 3242 5628 Dei,
3263 5559 3412 5632 quod
3434 5567 3494 5618 tu
3521 5559 3771 5617 naturali-

2197 5664 2278 5710 ter
2306 5652 2502 5708 malum
2535 5651 2809 5708 vocabas?
2835 5650 3161 5725 Factumque
3189 5662 3275 5709 est
3308 5661 3369 5712 ut
3390 5655 3538 5727 quod
3566 5664 3620 5711 tu
3649 5655 3774 5710 dicis

2196 5745 2548 5810 diabolicum,
2580 5761 2677 5800 nos
2709 5743 2776 5799 ad
2795 5743 3145 5801 refellendum
3173 5754 3227 5804 te
3247 5747 3600 5818 probaremus
3629 5758 3767 5802 natu.

2265 5901 2282 5933 ί
2315 5899 2390 5948 sic
2411 5906 2526 5963 Mss.
2542 5904 2593 5947 tn
2605 5897 2765 5962 Vign.,
2789 5895 2987 5963 pigebit.

2263 5964 2284 5996 ⁸
2317 5961 2610 6023 Vignierius,
2633 5961 2746 6022 qua.
2771 5961 2876 6011 uss.
2925 5961 3058 6020 quia.
