3962 6544
164 446 183 509 i
198 448 281 504 ἓίό

159 559 321 619 raliter
344 556 361 589 ¹
398 554 719 611 institutum.
749 546 852 606 ista
867 556 950 606 est
971 546 1169 621 quippe
1203 542 1440 620 legitima
1490 560 1546 605 et
1595 566 1721 606 eru-

160 654 249 710 dita
274 647 573 718 responsio,
597 653 656 701 ut
673 642 813 716 quod
835 643 889 698 in
915 641 1093 714 specie
1133 652 1432 709 accusatur,
1462 642 1725 699 defenda-

160 741 301 800 turiu
332 738 545 810 specie;
576 745 631 793 et
657 735 800 808 quod
826 735 879 790 in
924 748 1123 807 genere
1165 734 1427 805 arguitur,
1482 733 1724 790 vindlce-

161 847 233 893 tur
269 833 333 887 in
376 845 595 903 genere.
647 827 805 898 Quod
854 828 1013 884 etiam
1057 825 1382 883 Manichaaus
1424 826 1725 896 intellexit,

158 942 296 1002 quem
329 937 385 981 tu
404 938 591 996 aequas
621 922 878 990 crimine,
932 919 1029 978 sed
1082 936 1189 977 non
1240 933 1420 991 aequas
1470 919 1724 993 ingenio:

159 1024 262 1080 ideo
291 1019 387 1076 ille
431 1032 644 1074 omnem
690 1013 1041 1071 substantiam
1098 1026 1384 1083 corporum
1426 1010 1732 1066 transcribit

158 1112 376 1176 diabolo;
394 1119 452 1166 tu
472 1118 648 1166 autem
675 1122 781 1164 non
810 1106 1132 1172 universam,
1166 1104 1282 1171 sed,
1304 1104 1443 1160 sicut
1472 1103 1525 1159 in
1554 1103 1731 1174 priore

157 1206 275 1263 libro
302 1202 560 1270 diximus,
579 1200 874 1257 meliorem.
922 1196 1297 1268 Triumphauit
1349 1210 1479 1268 ergo
1530 1194 1727 1251 veritas

156 1297 304 1355 sacris
334 1295 529 1367 stipata
553 1291 835 1365 praesidiis,
872 1305 993 1362 quas
1019 1303 1114 1360 per
1133 1288 1459 1361 Apostolunr
1498 1285 1732 1358 probans

156 1387 383 1446 naturale
398 1385 681 1455 conjugum
697 1380 991 1453 negotium,
1008 1388 1064 1435 et
1078 1392 1176 1449 per
1192 1378 1295 1435 hoc
1305 1376 1371 1433 ad
1387 1377 1553 1434 Deum
1571 1376 1733 1446 perti-

155 1496 269 1540 nere
288 1480 382 1551 qui
413 1487 557 1535 esset
581 1484 769 1532 auctor
794 1484 1021 1540 naturae,
1050 1481 1230 1528 vestra
1262 1472 1514 1542 ﬁgmenta
1533 1462 1733 1525 'disru-

157 1574 241 1647 pit,
280 1571 379 1642 qui
427 1564 1057 1642 idjprazvaricatorium,
1099 1578 1205 1618 non
1254 1561 1499 1617 naturale
1519 1560 1733 1632 juratis.

216 1668 348 1720 Asc.
380 1662 497 1718 iam
514 1661 683 1717 etiam
699 1671 861 1731 supra
883 1656 1016 1712 satis
1055 1655 1291 1711 diximus
1343 1668 1511 1726 quem
1542 1651 1739 1708 dixerit

157 1754 437 1828 Apostoius
463 1767 618 1810 usum
654 1749 869 1808 feminae
889 1746 1219 1815 naturalem,
1243 1752 1307 1801 er
1349 1759 1448 1800 cur
1501 1742 1736 1815 appella-

155 1853 274 1908 verit
297 1846 619 1912 naturalem,
647 1843 822 1911 idest,
869 1854 995 1898 cum
1045 1839 1106 1895 ﬁt
1132 1840 1213 1896 eis
1254 1837 1515 1894 membris
1538 1837 1738 1892 utrius-

156 1961 248 2017 que
287 1958 456 2000 sexus
478 1983 495 2010 ,
515 1954 635 2013 qtae
664 1938 735 1995 ad
762 1933 1156 2009 propagandam
1197 1940 1325 1988 sunt
1377 1930 1616 1987 instituta
1646 1944 1741 1984 na-

158 2047 343 2104 turam;
377 2036 495 2092 sive
519 2034 645 2090 talis
669 2046 798 2089 usus
822 2038 989 2098 esset,
1020 2027 1197 2103 qualis
1242 2027 1296 2083 in
1327 2025 1576 2097 paradiso
1618 2038 1740 2081 esse

155 2132 428 2206 potuisset,
461 2127 610 2185 nullo
637 2125 842 2183 scilicet
868 2134 1023 2180 utens
1072 2121 1235 2188 malo,
1286 2120 1373 2177 vel
1418 2120 1564 2176 nulla
1617 2118 1736 2175 exi-

153 2237 339 2292 stente,
372 2225 461 2281 vel
480 2220 695 2280 nonnisi
738 2228 923 2275 nam
956 2215 1244 2273 voluntatis
1293 2214 1653 2285 subsequente
1676 2212 1743 2267 li-

153 2319 352 2381 bidine;
379 2319 492 2373 sive
510 2315 685 2387 qualis
705 2327 849 2369 nunc
865 2319 952 2368 est
995 2323 1069 2365 ex
1117 2321 1224 2379 quo
1271 2320 1392 2363 esse
1442 2305 1624 2378 erepit,
1662 2303 1751 2359 vel

154 2409 322 2469 licitus
344 2409 491 2464 sicut
508 2406 563 2462 in
593 2403 863 2476 coniugio,
889 2401 1029 2457 bene
1054 2406 1211 2454 utens
1235 2403 1294 2453 et
1328 2396 1575 2466 corporis
1602 2394 1746 2451 bono

152 2513 204 2559 et
227 2500 471 2559 libidinis
494 2499 659 2563 malo;
688 2496 775 2553 vel
800 2495 1019 2551 illicitas
1046 2492 1185 2547 sicut
1210 2491 1261 2545 iu
1290 2488 1557 2544 adulterio
1579 2527 1594 2551 ,
1626 2502 1745 2542 nra-

156 2598 207 2656 le
229 2605 466 2655 utenset
491 2594 586 2649 illo
612 2591 758 2648 bono
779 2597 833 2647 et
859 2587 953 2659 illo
999 2585 1177 2652 nudo;
1201 2598 1300 2640 nec
1351 2589 1533 2638 tamen
1583 2582 1745 2637 etiam

156 2692 263 2763 ipse
289 2686 584 2745 discedens
610 2685 678 2740 ab
702 2681 783 2740 eis
821 2671 1079 2736 mémbris
1100 2718 1116 2746 ,
1171 2692 1293 2748 qua:
1343 2684 1548 2731 naturae
1586 2674 1747 2729 etiam

157 2777 607 2852 nmninepmprie
663 2778 1063 2843 nuncupantur.
1112 2767 1254 2825 Nihil
1302 2773 1389 2824 est
1426 2766 1606 2837 itaque
1654 2777 1751 2821 cur

155 2887 361 2946 presse,
384 2879 442 2927 ut
469 2869 633 2936 dicis,
665 2864 1001 2923 ae'breviter
1039 2864 1357 2932 interroges,
1387 2868 1568 2914 utrum
1607 2858 1752 2927 Apo-

156 2964 333 3022 stolas
350 2963 404 3017 in
428 2976 497 3017 eo
523 2958 666 3031 quod
695 2957 771 3013 ait
794 2954 1101 3022 naturalem
1127 2966 1322 3016 usum,
1353 2964 1479 3006 eum
1525 2948 1753 3006 voluerit

161 3056 413 3128 intelligi,
438 3052 669 3126 quiﬁeri
695 3061 750 3107 et
796 3057 1005 3122 poterat
1030 3055 1091 3102 et’
1109 3045 1372 3111 debebat;
1420 3057 1488 3099 an
1525 3043 1616 3115 qui
1639 3041 1751 3099 ﬁeri

156 3158 392 3223 poterat,
413 3148 508 3205 sed
526 3162 634 3202 non
655 3144 886 3202 debebat
913 3159 929 3197 :
960 3154 1066 3197 non
1089 3138 1232 3196 enim
1267 3145 1329 3194 ut
1373 3137 1475 3194 hoc
1501 3137 1705 3193 diceret
1730 3176 1750 3205 ,

153 3243 357 3315 aliquid
378 3242 573 3298 horum
598 3239 907 3296 intuebatur
927 3234 1235 3307 Apostolus,
1258 3231 1359 3288 sed
1373 3232 1611 3288 membra
1634 3238 1754 3286 tan-

154 3334 441 3392 tummodo
472 3333 748 3403 utriusque
771 3342 933 3386 sexus
981 3325 1281 3399 genitaliter
1325 3324 1610 3391 naturalia,
1647 3322 1753 3380 hoc

153 3437 255 3494 est,
289 3426 360 3482 ad
389 3423 749 3497 generandam
776 3429 955 3477 creata
975 3420 1005 3453 ι
1024 3426 1292 3474 naturam.
1311 3414 1442 3472 Nam
1473 3416 1593 3488 quis
1609 3416 1759 3487 igno-

159 3533 263 3590 rat,
297 3520 450 3593 quod
477 3518 654 3575 licitus
679 3530 808 3572 usus
841 3514 1053 3570 feminae
1106 3511 1221 3566 ﬁeri
1265 3518 1320 3565 et
1352 3498 1531 3581 possit
1558 3517 1614 3563 et
1662 3507 1759 3564 de-

153 3614 300 3681 beat;
332 3612 553 3671 illicitas
577 3619 755 3667 autem
779 3606 905 3663 ﬁeri
923 3605 1112 3677 possit.
1138 3616 1241 3659 nec
1286 3610 1466 3657 tamen
1522 3598 1755 3665 debeat;

155 3714 395 3778 uterque
412 3713 589 3760 autem
620 3702 691 3759 sit
718 3698 997 3763 naturalis,
1029 3695 1153 3767 quia
1178 3694 1457 3764 utriusque
1486 3703 1648 3746 sexus
1690 3688 1760 3744 ad

154 3807 418 3857 naturam
450 3792 847 3867 propagandam
895 3788 1093 3845 creatis
1134 3785 1392 3841 membris
1443 3780 1761 3856 genitalibus

156 3889 260 3947 ﬁt?
290 3885 786 3960 Tergiversatorias
809 3881 962 3939 aufer
984 3879 1236 3951 ambages
1260 3919 1276 3946 ,
1326 3890 1549 3932 remove
1574 3874 1762 3949 loqua-

155 3995 255 4040 ces
273 3990 333 4038 et
357 3980 579 4036 fallaces
601 3978 774 4033 hamos
799 3972 1052 4031 vanitatis
1104 3979 1229 4026 tute.
1278 3967 1465 4025 Libido
1510 3980 1759 4037 pecorum

157 4075 288 4135 ideo
312 4090 429 4131 non
460 4081 543 4129 est
561 4071 773 4138 vitium,
803 4066 925 4141 quia
978 4079 1087 4121 non
1143 4077 1205 4120 ea
1255 4075 1383 4120 caro
1433 4057 1765 4128 concupiscit

156 4168 439 4226 adversus
488 4163 734 4237 spiritum
774 4158 955 4232 :quod
998 4155 1319 4213 Manichacus
1367 4153 1413 4209 si
1457 4152 1767 4209 discernere

155 4260 437 4315 valuisset
469 4256 512 4325 ³,
537 4269 641 4313 nec
666 4268 927 4327 pecorum
946 4250 1014 4307 ab
1038 4248 1252 4321 opiﬁcio
1280 4246 1370 4302 Dei
1388 4245 1501 4303 veri
1536 4245 1767 4300 alienas-

153 4361 246 4411 set
284 4359 539 4415 naturas,
570 4361 673 4404 nec
720 4344 995 4401 hominum
1046 4340 1172 4397 vitia
1222 4347 1433 4410 putaret
1473 4351 1596 4393 esse
1644 4334 1771 4390 sub-

151 4446 430 4507 stantias.
458 4442 541 4497 Tu
577 4448 752 4495 autem
796 4437 902 4493 nisi
943 4450 1065 4491 cum
1122 4431 1405 4487 Ambrosio
1456 4439 1513 4486 et
1562 4428 1771 4483 caeteris

152 4535 475 4593 Catholicis
502 4532 740 4590 senseris
760 4538 921 4600 atque
949 4526 1208 4591 tenueris,
1234 4540 1334 4597 per
1378 4520 1772 4594 prmvaricatio-

150 4644 291 4686 nem
318 4627 489 4700 primi
517 4623 751 4679 hominis
774 4621 955 4677 carnis
1005 4628 1063 4674 et;
1111 4618 1329 4689 spiritus
1383 4615 1771 4670 dissensionem

154 4719 216 4777 in
285 4727 541 4775 nostram
593 4714 820 4771 vertisse
866 4720 1107 4766 naturam
1159 4708 1516 4782 (Ambrosius,
1549 4705 1637 4760 lib.
1664 4706 1775 4761 Ὴη

151 4811 297 4871 lac.
337 4825 444 4877 xu,
464 4808 570 4882 53)
595 4824 609 4873 ;
652 4803 1041 4878 quantumlibet
1070 4800 1390 4857 Manicltmos
1418 4797 1669 4854 detestari
1698 4798 1778 4851 vi-

148 4907 391 4973 dearis,
407 4917 593 4961 eorum
613 4897 963 4956 detestandus
984 4896 1198 4967 adiutor
1223 4894 1340 4949 sine
1382 4892 1545 4947 dubio
1567 4905 1779 4963 perma-

146 5001 360 5067 nebis;
394 4994 690 5054 asserenda
741 4991 1104 5056 essebonum,
1137 4986 1279 5058 quod
1320 5000 1443 5042 esse
1469 4985 1779 5041 eiamatve-

149 5095 307 5151 ritas
343 5091 577 5155 malum;
632 5096 688 5144 et
741 5086 845 5144 hoc
885 5085 1083 5140 malum
1132 5079 1377 5152 negando
1399 5093 1468 5134 ex
1520 5078 1780 5148 deprava-

146 5189 327 5245 tione
364 5184 558 5241 venire
584 5188 804 5253 peccato
830 5178 1031 5233 vitiata:
1056 5182 1261 5230 natura:
1289 5179 1489 5229 nostrae
1515 5213 1531 5240 ,
1565 5178 1619 5225 ut
1671 5169 1782 5225 Ma-

150 5281 460 5342 nichacus,
484 5286 539 5333 te
581 5273 848 5345 adjutore,
896 5267 1335 5327 commixtionem
1386 5263 1539 5320 nobis
1582 5269 1783 5319 naturae

1493 429 1696 497 LIBER
1731 432 2049 505 QUINTUS.
3293 430 3463 506 ttat

1840 551 1938 607 bus
1984 550 2095 605 suis
2138 546 2383 604 arborem
2411 545 2607 603 debere
2633 547 2911 621 cognosci;
2951 556 3010 604 ut
3038 548 3375 606 ostenderem
3407 594 3422 616 ,
3452 532 3461 543 ’

1836 641 1979 713 quod
2025 642 2225 699 clarum
2253 650 2366 708 est,
2399 639 2579 696 doceri
2608 641 2743 696 bona
2788 658 2891 711 non
2936 657 3093 713 posse
3139 645 3382 725 conjugia

1838 735 1947 792 imo
1991 735 2157 807 ipsam
2210 743 2483 801 naturam,
2530 750 2648 807 quza
2698 738 3061 815 conjugiorum
3116 743 3429 808 operatione

1838 827 2145 897 suppletur,
2184 843 2286 884 nec
2315 826 2408 884 Dei
2434 844 2589 898 posse
2609 842 2772 899 opere
2817 826 3152 900 "vindicari,
3194 834 3237 888 si
3268 833 3334 889 de
3366 851 3425 890 ca

1839 920 2143 976 dicerentur
2157 922 2379 978 crimina
2401 922 2678 993 pullulare.
2706 922 2781 977 Ad
2800 922 2902 979 lioc
2928 940 3052 1005 ergo
3068 928 3399 997 respondisti
3412 947 3439 993 :_

1846 1030 1866 1064 ι
1898 1011 2163 1085 Numquid
2190 1012 2449 1073 Dominus
2476 1015 2597 1073 inde
2641 1014 2999 1089 loquebatur,
3033 1027 3086 1073 et
3113 1033 3220 1073 non
3250 1019 3428 1088 potius

1840 1105 1909 1161 de
1954 1106 2162 1163 duabus
2201 1108 2563 1164 voluntatibus
2610 1107 2908 1178 hominum,
2961 1108 3099 1175 bona
3146 1112 3350 1173 scilicet
3378 1124 3447 1181 et

1843 1200 1979 1255 mala
2005 1219 2019 1267 ;
2060 1201 2217 1257 istam
2241 1201 2436 1259 bonam
2462 1243 2479 1270 ,
2512 1202 2657 1258 illam
2704 1203 2895 1261 malam
2926 1205 3172 1262 arborem
3202 1206 3386 1273 dicens
3419 1226 3445 1291 λ

1842 1293 1964 1365 quia
1992 1293 2061 1350 de
2088 1294 2224 1353 bona
2271 1295 2543 1353 voluntate
2590 1312 2752 1369 opera
2805 1298 2945 1355 bona
2994 1309 3286 1365 nascuntur:
3312 1344 3328 1369 ,
3383 1312 3445 1369 et,

1842 1384 1980 1441 mala
2011 1385 2080 1441 de
2105 1387 2278 1442 mala?
2323 1387 2477 1457 Quod
2520 1389 2564 1445 si
2605 1389 2819 1460 nuptias
2854 1390 3102 1447 arborem
3131 1391 3324 1459 bonam
3349 1393 3434 1453 in-

1845 1474 2143 1547 telligamus
2159 1519 2174 1545 ,
2201 1477 2440 1549 proiecto
2465 1494 2496 1535 e
2516 1480 2787 1536 contrario
2813 1480 3041 1552 posituri
3054 1497 3239 1538 sumus
3264 1482 3434 1540 forni-

1844 1569 2108 1623 cationem
2133 1568 2381 1625 arborem
2410 1570 2621 1626 malam.
2650 1571 2816 1628 Porro
2837 1571 2880 1627 si
2899 1571 3114 1643 dixerit,
3142 1589 3248 1631 non
3282 1574 3394 1631 illic
3413 1577 3436 1609 ’

1845 1660 2053 1717 arboris
2080 1661 2199 1718 loco
2223 1661 2527 1734 ponendum
2566 1678 2688 1719 esse
2737 1662 3057 1719 adulterium
3082 1707 3098 1733 ,
3146 1665 3243 1722 sed
3283 1674 3437 1723 natu-

1845 1767 1960 1808 ram
1990 1751 2277 1810 humanam
2298 1754 2367 1811 de
2396 1770 2499 1827 qua
2536 1756 2774 1813 nascitur
2796 1756 2959 1815 homo
2991 1775 3004 1811 :
3041 1758 3110 1813 ita
3137 1767 3192 1814 et
3210 1757 3299 1816 hic
3320 1754 3433 1816 non

1847 1847 1950 1902 erit
1983 1847 2142 1903 arbor
2191 1849 2550 1917 connubium,
2605 1848 2697 1905 sed
2730 1857 2915 1906 natura
2956 1848 3183 1906 humana
3229 1852 3300 1911 de
3333 1868 3436 1925 qua

1848 1939 2087 1994 nascitur
2116 1938 2274 1995 homo
2302 1960 2321 1994 ›
2353 1939 2452 2012 (De
2480 1939 2692 2013 Nuptiis
2717 1950 2767 1997 et
2795 1940 3240 2014 Concupisceutia,
3269 1945 3356 2000 lib.
3380 1943 3434 2013 2,

1848 2046 1904 2085 π.
1931 2031 2042 2101 45).
2103 2030 2361 2088 Falleris:
2392 2048 2496 2087 non
2526 2032 2599 2089 ibi
2624 2032 2881 2090 Dominus
2930 2034 3164 2106 loquitur
3207 2034 3274 2092 de
3304 2034 3437 2092 dua-

1848 2121 1950 2176 bus
1977 2122 2361 2191 voluntatibus,
2388 2124 2482 2179 sed
2510 2123 2578 2180 de
2619 2140 2845 2195 persona
2872 2141 2986 2195 sua.
3004 2102 3271 2207 Quoniam
3317 2144 3440 2186 cum

1850 2215 2106 2272 beneﬁcia
2133 2215 2332 2274 Iudaeis
2361 2226 2637 2289 praestaret
2664 2218 2945 2276 innumera
2972 2216 3000 2252 ⁸
3019 2263 3033 2286 ,
3074 2221 3141 2277 ab
3166 2222 3281 2293 ejus
3311 2222 3443 2280 nihil

1851 2308 2313 2366 criminationibus
2326 2309 2661 2367 desinebant.
2686 2312 2947 2369 Caeterum
2974 2328 3093 2369 cum
3119 2316 3440 2387 operaejus,

1852 2414 1974 2472 quae
2015 2400 2175 2457 etiam
2204 2400 2603 2473 gloriﬁcabant,
2631 2418 2854 2475 arguere
2896 2421 3001 2460 non
3031 2405 3304 2474 valerent;
3358 2408 3443 2485 ip-

1853 2508 1971 2550 sum
2003 2506 2178 2550 tamen
2203 2493 2597 2551 Samaritanum
2619 2511 2680 2550 ac
2702 2497 2918 2568 plenum
2950 2498 3219 2555 dzcmonio
3264 2510 3319 2557 et
3345 2499 3448 2557 Be-

1854 2585 2146 2643 helzebulis
2185 2587 2378 2659 spiritu
2424 2588 2782 2645 causabantur
2828 2589 3076 2666 illudere.
3124 2592 3276 2649 Tunc
3319 2609 3451 2666 ergo

1855 2680 2114 2736 Dominus
2139 2680 2256 2735 ait:
2303 2682 2406 2735 A‘ut
2447 2682 2600 2753 facite
2643 2681 2872 2737 arborem
2913 2661 3125 2752 bonum,
3177 2696 3224 2739 et
3256 2661 3452 2757 {ructus

1854 2774 1966 2845 ejus
2004 2774 2198 2840 bonos;
2232 2784 2317 2828 aut
2341 2777 2494 2847 facite
2516 2774 2748 2830 arborem
2792 2777 3015 2847 malum,
3049 2788 3094 2833 et
3122 2779 3317 2853 [ructus
3342 2781 3453 2854 ejus

1856 2865 2021 2921 malos
2047 2883 2067 2920 :
2091 2882 2155 2921 ea:
2176 2867 2421 2940 fructibus
2435 2868 2568 2923 enim
2596 2871 2703 2924 suis
2730 2870 2878 2925 arbor
2903 2869 3215 2943 dignoscitur
3234 2870 3449 2949 (Matth.

1859 2975 1937 3014 ιιι
1956 3000 1972 3026 ,
1999 2958 2114 3032 55).
2148 2959 2203 3014 Id
2222 2967 2306 3015 est
2322 3001 2339 3028 ,
2359 2961 2467 3016 Aut
2492 2974 2653 3032 opera
2674 2977 2791 3017 mea
2819 2962 3113 3043 vituperate
3133 3005 3159 3037 ,γ
3177 2981 3295 3035 quae
3313 2965 3452 3023 bona

1858 3065 1980 3107 esse
2001 3048 2335 3106 inﬁrmitates
2355 3050 2522 3122 pulsas
2546 3062 2599 3108 et
2641 3054 2899 3109 restituta:
2927 3054 3180 3119 sanitates
3221 3057 3451 3129 loquun-

1860 3151 1981 3211 tur;
2026 3152 2086 3198 ut
2108 3143 2409 3215 improbum
2450 3158 2572 3211 me,
2608 3159 2829 3216 Operum
2859 3161 3102 3217 meorum
3146 3149 3453 3206 testimonio

1860 3235 2221 3308 comprobetis
2247 3253 2262 3291 :
2292 3242 2386 3291 aut
2405 3237 2448 3291 si
2478 3235 2594 3292 hare
2621 3244 2770 3291 tanta
2804 3237 3061 3298 beneﬁcia
3107 3254 3213 3297 non
3243 3240 3456 3298 audetis

1860 3340 2126 3399 arguere;
2156 3325 2365 3383 reddite
2400 3326 2556 3383 bona:
2576 3327 2783 3393 arbori,
2816 3328 2946 3383 milii
2975 3329 3254 3399 videlicet,
3304 3333 3427 3388 testi

1862 3420 2101 3476 monium
2132 3418 2399 3475 fructuum
2424 3418 2666 3475 meorum
2693 3460 2709 3483 ,
2740 3425 2794 3474 et
2822 3428 2995 3475 amate
3012 3418 3331 3487 beneﬁcum,
3364 3424 3455 3495 qui

1861 3511 2119 3568 beneficia
2143 3510 2467 3583 praedicatis.
2515 3510 2589 3566 lbi
2639 3524 2766 3582 ergo
2792 3525 3075 3582 personam
3102 3512 3171 3568 de
3207 3515 3460 3586 Operibus

1864 3606 1978 3661 suis
2003 3605 2252 3662 Christus
2281 3605 2441 3677 jussit
2469 3604 2685 3677 agnosci
2716 3622 2729 3659 :
2759 3604 2900 3677 quod
2948 3606 3105 3665 nobis
3129 3608 3249 3678 jure
3268 3608 3461 3665 suﬁ‘ra-

1864 3709 2043 3770 gatum
2073 3705 2187 3767 est,
2216 3708 2274 3755 ut
2300 3698 2618 3765 duceremus
2640 3709 2883 3756 naturam
2905 3713 3120 3771 quoque
3144 3710 3305 3772 atque
3332 3718 3462 3757 con-

1862 3793 2008 3865 jugia
2036 3792 2105 3848 de
2132 3791 2553 3849 fructiﬁcationis
2574 3808 2686 3847 sua:
2706 3793 2960 3863 qualitate
3002 3795 3306 3861 censenda;
3336 3796 3459 3850 utsi

1868 3887 1938 3943 de
1959 3889 2043 3942 his
2066 3887 2348 3947 criminum
2379 3887 2524 3942 virus
2544 3883 2777 3952 ﬂuebat,
2809 3885 3094 3943 criminosa
3124 3888 3284 3943 etiam
3308 3888 3461 3961 radix

1865 3980 2217 4052 judicaretur.
2244 3974 2382 4036 Vide
2409 3992 2540 4049 ergo
2558 3992 2717 4049 quam
2745 3975 2812 4033 ad
2842 3977 3242 4050 intelligendum
3285 3995 3463 4047 czecu-

1870 4075 2000 4143 tias,
2030 4073 2118 4145 qui
2143 4073 2320 4129 levare
2342 4081 2394 4128 te
2412 4071 2606 4142 objecti
2637 4074 2751 4127 mei
2770 4071 2982 4143 pondus
3012 4072 3246 4145 putasti,
3299 4073 3466 4129 forni-

1872 4140 2138 4226 cationem
2174 4168 2375 4237 nuptiis
2397 4182 2463 4222 ex
2481 4140 2717 4222 adverso
2747 4140 3037 4234 locando,‘
3057 4174 3116 4221 ut
3152 4140 3294 4223 sicut
3327 4166 3467 4241 bona

1874 4264 2035 4320 arbor
2061 4244 2293 4333 nuptiae,
2329 4260 2401 4315 ita
2422 4259 2560 4314 mala
2586 4256 2868 4315 fornicatio
2895 4258 3196 4325 videretur,
3226 4257 3295 4314 de
3320 4275 3433 4329 qua.
3450 4301 3466 4326 ,

1875 4354 1929 4412 id
1951 4364 2053 4419 est,
2082 4353 2452 4421 fornicatione,
2483 4350 2776 4408 fecunditas
2803 4351 2942 4405 trulla
2972 4349 3194 4407 deberet
3215 4350 3466 4419 existere,

1878 4464 1947 4505 ne
1977 4448 2114 4505 mala
2145 4445 2592 4510 convinceretur,
2618 4443 2660 4497 si
2692 4442 2846 4498 bona:
2876 4441 3073 4514 nuptiae
3096 4441 3252 4509 bonis
3279 4440 3468 4497 fetibus

1878 4541 2264 4614 probarentur;
2306 4551 2427 4591 cum
2481 4537 2639 4599 homo
2665 4535 2777 4590 sive
2819 4533 2887 4589 de
2916 4531 3193 4604 conjugio,
3243 4532 3357 4588 sive
3402 4531 3471 4588 de

1880 4612 2143 4688 adulterio
2171 4630 2406 4685 nascitur
2429 4670 2444 4695 ,
2478 4643 2581 4681 non
2608 4626 2675 4681 de
2702 4625 2930 4701 ﬂagitio,
2959 4612 3052 4680 sed
3081 4622 3147 4680 de
3167 4633 3358 4685 natura
3385 4639 3471 4683 se-

1881 4727 2086 4782 minum
2114 4721 2355 4795 prodeat.
2379 4720 2662 4791 Flagitium
2693 4715 2888 4801 quippe
2918 4715 3469 4791 quod‘mmchantium

1881 4820 2157 4875 voluntate
2176 4812 2558 4878 committitur,
2589 4811 2903 4889 substantiae
2945 4802 3186 4881 instituta
3230 4827 3336 4883 non
3364 4821 3476 4867 tur.

1885 4914 1976 4969 bat
2004 4930 2018 4966 :
2062 4925 2245 4967 verum
2273 4915 2489 4964 exercet
2518 4920 2577 4961 se
2598 4912 2784 4960 natura
2814 4919 2911 4979 per
2946 4903 3198 4963 materias
3221 4918 3344 4960 suas
3363 4946 3377 4972 ,
3423 4914 3477 4961 et

1886 5012 2105 5077 peccato
2126 5007 2437 5058 remanente
2463 4997 2601 5069 apud
2629 4996 2824 5054 illicitae
2849 4994 3139 5069 voluntatis
3163 5005 3437 5071 auctorem
3458 5039 3483 5067 ,.

1888 5098 2026 5156 fetus
2071 5098 2333 5154 innocuus
2387 5093 2453 5150 de
2502 5107 2663 5164 opere
2690 5089 2994 5163 Conditoris
3034 5091 3287 5165 erumpit.
3322 5090 3478 5159 Quod

1889 5188 2102 5267 quidem
2142 5199 2197 5247 et
2223 5200 2276 5247 tu
2307 5187 2487 5243 vidisti
2530 5202 2649 5241 esse
2684 5183 3065 5261 referendum:
3106 5164 3213 5255 sed
3252 5166 3482 5260 qualiter

1891 5282 2234 5341 conatussis
2280 5277 2530 5344 eludere,
2580 5275 2814 5349 prudens
2870 5277 3040 5333 lector
3076 5276 3338 5349 attendat.
3386 5276 3485 5351 Ais

136 5371 507 5432 intratintrat
519 5366 547 5401 δ
570 5366 778 5422 alienae.

1893 5378 2034 5435 enim
2061 5393 2076 5431 :
2103 5392 2124 5427 ι
2159 5373 2216 5431 Si
2237 5370 2445 5428 arboris
2471 5370 2590 5425 loco
2615 5368 2689 5424 ibi
2732 5384 2836 5425 non
2864 5377 2945 5425 est
2973 5368 3280 5443 ponendum
3332 5368 3481 5424 adul-

231 5463 417 5524 XXI.
439 5461 558 5519 Jun.
586 5456 763 5516 Simili
781 5454 1026 5512 acumine
1050 5449 1182 5508 illud
1222 5461 1434 5521 quoque
1471 5443 1751 5501 labefactor

1896 5470 2087 5527 terium
2108 5509 2123 5536 ,
2153 5464 2249 5522 sed
2275 5474 2461 5520 natura
2489 5462 2719 5519 humana
2748 5461 2816 5518 de
2844 5478 2945 5534 qua
3000 5442 3236 5518 nascitur
3279 5462 3439 5531 homo
3471 5481 3482 5516 :

126 5557 418 5624 (nitaris
441 5597 457 5623 ,
477 5551 623 5627 quod
648 5550 757 5608 dixi
785 5592 801 5619 ,
830 5546 1144 5619 evangelico
1174 5541 1478 5600 testimonio
1497 5555 1565 5596 ex
1609 5538 1751 5595 fructi

1896 5562 1968 5619 ita
1993 5571 2046 5617 et
2072 5560 2159 5616 hic
2187 5572 2293 5614 non
2322 5557 2422 5612 erit
2442 5556 2604 5612 arbor
2621 5555 2760 5611 bona
2783 5554 3106 5629 connubium
3133 5596 3149 5622 ,
3180 5553 3274 5615 sed
3297 5564 3497 5623 natura,

222 5720 249 5753 ι
298 5712 626 5777 νίειιίεινὶω,
644 5706 965 5772 probaremus
1488 5696 1793 5759 neutraliter,

118 5800 135 5839 ε
160 5779 308 5851 pod
339 5773 457 5828 h'ttc
476 5778 733 5825 revocatur
756 5785 817 5822 ex
856 5773 1204 5829 manuscriptis.

218 5847 257 5877 ι
277 5837 881 5903 viguierius,_creutura.
894 5836 1043 5880 vetus
1062 5828 1222 5903 codex
1241 5832 1505 5886 Portat'um,
1529 5824 1710 5874 erm.

222 5848 257 5877 ι
277 5848 614 5903 Vigmerms,
636 5848 878 5885 creatura.
898 5848 1043 5880 vetus
1062 5848 1222 5878 0006K

222 5906 254 5939 ι
284 5902 444 5965 vign
466 5935 481 5961 ,
505 5896 744 5965 υοιμίδεᾳ.
770 5901 826 5965 at

217 5969 252 6002 δ
306 5951 418 6017 Si:
448 5951 551 6013 tias.
576 5958 629 6010 tn
659 5956 933 6025 vignierio,

1946 5758 1982 5789 ’ί
2023 5762 2075 5806 ιιι
2098 5762 2234 5828 ψει,
2469 5753 2543 5825 sic
2566 5751 2759 5815 ipsimet
2783 5750 2900 5801 editi
2924 5756 3124 5814 postea,
3162 5762 3272 5817 up.
3315 5750 3405 5815 24,
3439 5755 3489 5807 ia

1900 5822 2231 5891 responsione.
2249 5822 2515 5885 Augustini.
2732 5872 2743 5882 ο
2789 5873 2797 5881 δ
3298 5860 3313 5883 δ

1968 5883 1989 5913 ³
2023 5878 2483 5943 vtgmenus,_tlltus.
2505 5883 2561 5943 Al.
2577 5871 2841 5943 Mss_.,tllzc.
2885 5935 2895 5943 _

1975 5943 1997 5976 ³
2028 5935 2105 5992 δίε
2138 5949 2241 5990 uss.
2267 5935 2321 5988 ni
2341 5939 2613 6001 vignierio.
