3990 6506
486 467 627 533 M55

485 586 715 642 humana
743 584 812 641 de
838 597 938 654 qua
970 581 1203 638 nascitur
1230 581 1412 637 homo.
1453 600 1472 633 ›
1511 580 1622 636 Hoc
1651 588 1734 635 cst
1779 594 1906 650 ergo
1933 577 2075 648 quod

485 678 664 748 eloqui
697 685 918 732 conatus
940 690 1001 731 es
1029 692 1042 728 :
1070 674 1218 730 Sicut
1249 689 1358 729 non
1388 675 1678 743 imputatur
1704 671 1867 727 homo
1904 669 2075 725 forni-

487 770 718 838 cationi,
761 769 855 824 sed
885 777 1089 824 natura!
1119 785 1132 823 :
1159 767 1231 823 ita
1259 775 1536 840 peccatum
1568 765 1710 836 quod
1737 765 1965 821 trahitur
2009 763 2078 820 de

485 864 794 935 parentibus
823 862 1092 934 legitimis,
1115 876 1222 917 non
1239 877 1359 917 esse
1383 860 1752 931 imputandum
1782 858 2071 927 connubio,

483 957 583 1013 sed
613 966 816 1011 natura:
857 955 1138 1021 humanae,
1170 969 1328 1026 quam
1358 953 1580 1010 crimine
1624 952 1869 1008 diabolus
1895 951 2079 1006 infecit

483 1049 726 1120 antiquo.
776 1048 832 1102 In
873 1046 1126 1102 adulteris
1151 1062 1279 1118 ergo
1307 1045 1531 1115 culpasti
1560 1044 1948 1100 lascivientium
1976 1058 2075 1099 vo-

485 1139 783 1207 luntatem;
815 1139 908 1194 sed
952 1138 1180 1194 laudasti
1229 1137 1516 1192 humanam
1566 1145 1848 1202 naturam,
1877 1136 1943 1191 de
1971 1151 2073 1207 qua

482 1233 648 1289 homo
676 1233 835 1288 etiam
890 1248 985 1303 per
1010 1232 1220 1287 illicitos
1272 1231 1588 1287 concubitus
1630 1237 1976 1285 nasceretur:
2023 1228 2076 1282 in

481 1326 796 1398 parentibus
825 1335 1003 1381 autem
1051 1325 1300 1395 legitimis
1327 1324 1553 1380 laudasti
1588 1322 1913 1379 connubium
1939 1363 1954 1388 ,
2007 1319 2076 1376 de

483 1434 591 1490 quo
627 1435 731 1472 non
755 1418 886 1473 dicis
912 1418 1094 1474 venire
1121 1427 1393 1486 peccatum
1419 1434 1432 1484 ;
1464 1416 1559 1473 sed
1582 1415 1892 1487 vituperasti
1920 1421 2074 1469 natu-

483 1526 599 1565 ram
622 1551 637 1576 ,
669 1508 736 1564 de
763 1525 864 1579 qua
886 1509 1020 1564 dicis
1048 1509 1254 1564 infundi
1275 1510 1479 1565 crimen
1507 1507 1856 1563 horrendum.
1883 1507 2078 1576 Vigilet

485 1601 573 1657 hic
601 1617 728 1672 ergo
759 1602 926 1657 lector
957 1617 1126 1658 meus.
1164 1601 1220 1657 Si
1247 1597 1492 1657 naturam
1520 1602 1808 1656 humanam
1837 1601 1890 1656 in
1913 1600 2080 1655 forni-

485 1694 696 1748 catione
727 1693 1044 1750 laudabilem
1094 1695 1382 1762 censuisti,
1415 1710 1535 1766 quze
1578 1709 1795 1749 causam
1839 1693 2078 1748 nascenti

483 1787 696 1858 ﬂagitiis
725 1787 1030 1843 coeuntium
1072 1787 1404 1858 impollutam
1446 1788 1464 1819 ¹
1510 1787 1774 1853 fecisset;
1809 1786 2078 1857 quomodo

481 1879 620 1936 hanc
647 1881 814 1951 ipsam
850 1890 1091 1936 naturam
1120 1881 1173 1936 in
1199 1881 1452 1937 connubii
1494 1889 1645 1952 parte
1674 1879 2028 1950 reprehendis
2058 1921 2074 1948 ,

483 1987 642 2045 quam
668 1973 804 2028 dicis
835 1988 1052 2028 causam
1073 1975 1302 2030 naturali
1326 1975 1534 2030 crimini
1557 1973 1907 2044 prmstitisse?
1935 1973 2078 2046 Ergo

483 2080 590 2121 non
612 2065 829 2137 quidem
876 2067 1235 2133 connubium,
1281 2067 1376 2123 sed
1417 2078 1660 2122 naturam
1690 2067 1976 2122 humanam
2026 2078 2082 2123 et

482 2174 730 2229 magnum
752 2159 949 2215 bonum
971 2167 1025 2215 et
1045 2175 1297 2230 magnum
1320 2159 1516 2216 malum
1544 2175 1666 2216 esse
1697 2159 1969 2230 professus
1997 2175 2077 2216 es.

479 2248 613 2304 Nam
644 2250 769 2321 quid
795 2266 856 2306 ea
884 2251 1139 2322 nequius,
1167 2252 1212 2307 si
1253 2252 1458 2308 crimen
1500 2252 1779 2322 ingenuit?
1832 2250 1959 2323 quid
1988 2250 2082 2308 de-

482 2343 810 2410 testabilius,
839 2345 883 2396 si
913 2359 943 2398 a
965 2343 1178 2398 diabolo
1205 2343 1548 2413 possidetur?
1572 2342 1706 2410 Quid
1731 2357 1858 2412 ergo
1886 2342 2082 2398 habeat

481 2435 613 2491 artis
666 2437 718 2491 in
759 2440 964 2492 semine
986 2477 1002 2503 ,
1035 2438 1147 2506 ipsa
1174 2436 1367 2492 viderit
1399 2454 1411 2489 :
1441 2436 1712 2507 qualitatis
1753 2437 1996 2504 interim,
2028 2438 2079 2492 in

482 2544 584 2598 qua
635 2529 835 2584 bonum
865 2545 1024 2584 omne
1049 2529 1131 2584 vel
1159 2529 1357 2584 malum
1381 2538 1494 2596 est,
1540 2529 1790 2600 pessima:
1832 2547 2080 2602 compro-

442 2694 456 2702 ⁸
485 2623 643 2677 batur
664 2661 682 2688 ,
705 2621 748 2676 si
774 2630 828 2677 et
849 2622 960 2693 ipsa
985 2637 1098 2690 rea,
1122 2631 1177 2678 et
1202 2637 1467 2693 generans
1488 2633 1667 2679 reatus
1683 2666 1697 2692 ,
1721 2632 1775 2681 et
1801 2624 2080 2682 diabolica:

481 2713 815 2770 convincitur
845 2715 1141 2786 tyrannidis
1163 2717 1402 2773 satelles.
1428 2717 1615 2774 Merito
1646 2733 1773 2790 ergo
1801 2719 1869 2774 de
1896 2720 2081 2776 fructi-

480 2805 581 2860 bus
607 2805 718 2861 suis
743 2805 901 2862 debet
920 2807 1081 2863 arbor
1109 2808 1360 2878 agnosci,
1385 2818 1444 2865 ut
1469 2825 1587 2881 quae
1607 2825 1768 2867 causa
1794 2812 1920 2867 mali
1948 2822 2030 2868 est
2059 2855 2075 2879 ,

481 2897 620 2953 mala
636 2901 758 2969 jure
781 2899 984 2969 optimo
1012 2901 1336 2957 nominetur.

557 2991 692 3047 Auc.
739 2987 969 3047 Causam
1015 2993 1145 3047 mali
1221 2993 1492 3064 originalis
1536 3036 1552 3062 ,
1603 3010 1704 3051 nec
1752 2995 2065 3068 coniugium

482 3099 602 3140 esse
622 3126 636 3150 ,
667 3100 768 3141 nec
809 3085 1164 3154 adulterium,
1211 3087 1344 3144 satis
1370 3103 1458 3143 res
1487 3088 1602 3159 ipsa
1641 3089 1912 3145 declarat:
1946 3107 2082 3162 quo-

480 3180 658 3246 niam,
693 3179 746 3235 id
793 3180 936 3252 quod
989 3181 1188 3238 bonum
1219 3193 1305 3239 est
1329 3183 1386 3239 in
1415 3192 1602 3240 natura
1653 3185 1881 3240 hominis
1906 3228 1920 3252 ,
1969 3185 2081 3241 Deo

479 3280 699 3328 creante
728 3287 790 3327 ex
810 3272 1031 3330 homine
1060 3274 1332 3342 nascitur;
1364 3284 1420 3331 et
1443 3275 1497 3331 id
1524 3275 1666 3346 quod
1696 3277 1891 3330 malum
1918 3275 2083 3332 habet

480 3373 700 3433 propter
745 3364 888 3433 quod
932 3367 1141 3422 renasci
1187 3367 1390 3434 debet,
1443 3383 1510 3424 ex
1559 3367 1775 3423 homine
1827 3369 2076 3423 trahitur.

481 3455 652 3511 Causa
671 3472 832 3526 porro
858 3457 1017 3527 hujus
1038 3458 1166 3513 mali
1200 3467 1313 3526 est,
1337 3459 1479 3530 quod
1508 3476 1597 3530 per
1637 3477 1794 3514 unum
1825 3460 2079 3514 hominem

482 3558 742 3620 peccatum
766 3549 970 3604 intravit
995 3551 1052 3608 in
1085 3552 1328 3606 mundum
1350 3594 1366 3620 ,
1393 3562 1439 3606 et
1486 3569 1575 3624 per
1599 3563 1859 3624 peccatum
1900 3569 2037 3606 mors
2059 3568 2081 3617 ;

482 3649 528 3694 et
548 3640 620 3694 ita
644 3641 698 3694 in
728 3656 900 3695 omnes
929 3640 1154 3696 homines
1193 3643 1520 3714 pertransiit,
1549 3644 1604 3699 in
1626 3661 1724 3716 quo
1746 3661 1918 3699 omnes
1965 3661 2082 3716 pec-

481 3741 717 3786 caverunt
743 3729 918 3805 (Rom.
949 3749 982 3788 v
1007 3775 1022 3801 ,
1057 3730 1170 3805 i2).
1213 3734 1273 3789 In
1311 3735 1504 3806 quibus
1543 3737 1784 3806 Apostoli
1808 3736 1986 3792 verbis
2025 3737 2080 3793 in

481 3823 641 3878 altam
698 3824 1019 3880 sententiam
1065 3825 1480 3896 detorquendis,
1508 3836 1706 3898 quanta
1760 3827 2083 3899 loquacitate

484 3916 715 3972 inaniter
743 3917 1105 3986 laboraveris,
1143 3918 1328 3975 vident
1346 3920 1436 3990 qui
1469 3929 1556 3975 tua
1585 3929 1639 3977 et
1668 3930 1852 3976 nostra
1874 3922 2080 3978 intelli-

486 4019 675 4080 genter
703 4010 905 4082 legunt.
935 4011 1078 4080 Quid
1101 4021 1151 4068 te
1180 4013 1340 4084 igitur
1363 4013 1612 4085 adjuvat?
1638 4016 1822 4086 utquid
1861 4017 1958 4072 abs
1982 4026 2033 4072 te
2056 4058 2072 4084 ,

483 4116 688 4171 qureso,
703 4112 1180 4159 commemoratum
1201 4113 1285 4160 est
1302 4106 1667 4176 evangelicum
1687 4107 2074 4176 testimonium,

484 4193 628 4263 quod
654 4193 804 4247 arbor
820 4193 952 4249 bona
979 4194 1132 4250 bonos
1151 4200 1349 4267 fructus
1369 4197 1493 4268 facit
1516 4239 1532 4266 ,
1561 4213 1683 4252 cum
1714 4207 1768 4253 tu
1794 4199 1861 4254 de
1886 4200 2076 4271 conju-

485 4285 590 4354 gali
619 4285 914 4356 loquereris
942 4285 1086 4342 bono
1106 4327 1122 4355 ,
1151 4286 1377 4358 ejusque
1405 4286 1608 4344 fructus
1635 4289 1800 4346 velles
1825 4305 1943 4346 esse
1983 4291 2084 4346 ho-

487 4377 697 4441 mines;
746 4387 1000 4449 tanquam
1052 4376 1174 4432 ideo
1221 4378 1598 4436 demonstrans
1642 4396 1736 4436 eos
1771 4382 1887 4438 sine
1939 4382 2082 4439 malo

488 4470 635 4524 nasci
660 4511 674 4536 ,
705 4471 827 4540 quia
868 4469 1067 4526 bonum
1093 4480 1219 4526 sunt
1267 4472 1463 4543 nuptiae
1489 4515 1504 4540 ,
1532 4483 1586 4528 et
1622 4491 1723 4529 non
1750 4484 1912 4547 potest
1935 4476 2086 4532 arbor

488 4559 621 4614 bona
644 4564 842 4631 fructus
879 4562 1042 4618 malos
1063 4562 1271 4634 facere;
1300 4580 1420 4644 cum
1463 4564 1709 4622 homines
1748 4578 2037 4624 nascuntur
2061 4572 2083 4602 ⁸

489 4669 556 4707 ex
589 4651 894 4710 hominibus
915 4695 932 4721 ,
962 4655 1074 4710 sive
1107 4672 1231 4712 cum
1275 4657 1521 4728 originali
1556 4674 1729 4728 noxa,
1771 4661 1914 4718 unde
1956 4663 2088 4720 dicit

489 4746 778 4815 Apostolus
798 4787 814 4813 ,
845 4746 1040 4818 Corpus
1067 4759 1324 4804 mortuum
1342 4760 1416 4804 est
1453 4761 1658 4823 propter
1679 4764 1939 4824 peccatum
1972 4753 2085 4827 (Id.

491 4854 625 4904 vni,
657 4838 784 4909 10);
823 4838 936 4894 sive
986 4841 1104 4897 sine
1148 4842 1252 4896 ulla
1285 4857 1460 4911 noxa,
1512 4853 1570 4898 ut
1617 4860 1712 4901 vos
1761 4847 2087 4905 contenditis

493 4941 679 4986 contra
708 4932 1062 5002 Apostolum,
1093 4948 1199 4989 non
1228 4943 1404 4992 tamen
1429 4952 1525 5007 per
1550 4937 1859 5008 conjugales
1895 4941 2042 4997 solos
2066 4983 2085 5010 ,

491 5037 677 5078 verum
705 5024 864 5079 etiam
894 5040 990 5095 per
1015 5026 1332 5083 concubitus
1358 5027 1689 5100 impudicos;
1723 5041 1777 5086 et
1799 5030 2088 5102 aliquando

494 5116 602 5172 sint
628 5117 829 5172 sterilia
853 5118 1098 5191 conjugia
1117 5163 1133 5187 ,
1165 5121 1396 5177 fecunda
1440 5122 1741 5178 adulteria?
1769 5121 1959 5180 Utrum
1993 5142 2092 5181 au-

493 5218 604 5265 tem
629 5209 887 5264 Dominus
913 5210 1045 5267 duas
1065 5212 1369 5270 voluntates
1387 5256 1404 5283 ,
1430 5215 1572 5271 sicut
1595 5230 1694 5272 nos
1721 5215 1948 5273 dicimus
1969 5261 1985 5286 ,
2034 5218 2093 5274 in

493 5299 702 5355 duabus
729 5300 1011 5358 arboribus
1061 5303 1334 5362 insinuare
1361 5306 1628 5376 voluerit,
1662 5325 1820 5364 unam
1849 5310 2047 5366 bonam
2069 5354 2086 5378 ,

493 5409 598 5463 qua
646 5393 818 5450 bonus
845 5404 930 5452 est
955 5395 1152 5465 homo,
1192 5414 1316 5469 quae
1344 5415 1448 5453 non
1486 5409 1665 5470 potest
1703 5400 1883 5460 facere
1927 5419 2093 5476 opera

496 5486 636 5541 mala
663 5527 677 5552 ,
710 5486 762 5542 id
803 5497 919 5556 est,
965 5491 1168 5546 fructus
1203 5490 1408 5558 malos;
1439 5493 1662 5550 alteram
1716 5496 1909 5552 malam
1935 5539 1950 5562 ,
1987 5513 2092 5568 qua

495 5581 672 5636 malus
689 5591 773 5638 est
794 5581 956 5640 homo
975 5626 991 5653 ,
1020 5601 1148 5656 qua;
1174 5601 1281 5641 non
1305 5596 1482 5657 potest
1524 5589 1701 5646 facere
1722 5606 1882 5662 opera
1909 5590 2047 5646 bona
2073 5634 2091 5659 ,

496 5673 551 5727 id
575 5682 688 5742 est,
716 5673 920 5732 fructus
939 5677 1139 5744 bonos;
1167 5694 1237 5734 an
1264 5681 1402 5737 sicut
1421 5689 1476 5737 tu
1501 5681 1636 5739 dicis
1657 5683 1724 5740 de
1761 5699 1821 5741 se
1859 5685 1976 5756 ipso
1999 5685 2096 5743 Ju-

1185 465 1433 524 OPERIS
1471 462 1884 522 IMPERFECTI
1920 454 2194 518 CONTRA
2233 457 2592 532 JULIANUM,
2625 461 2683 518 S.
2713 460 3090 521 AUGUSTINI

3607 473 3734 536 1456

2193 576 2324 633 dacis
2347 577 2448 633 ista
2478 578 2684 634 locutus
2719 578 2825 647 sit,
2859 580 2944 650 qui
2981 595 3140 635 nosse
3167 581 3378 650 volunt,
3414 585 3731 658 Evangelium

2187 662 2407 734 legunt,
2432 673 2482 718 te
2511 664 2784 735 negligunt
2814 666 2852 717 ί.
2887 665 3140 722 Dominus
3173 665 3312 721 enim
3341 684 3458 724 cum
3496 676 3734 734 cavendas

2186 773 2307 815 esse
2328 768 2683 828 monstraret,
2717 761 2806 830 qui
2833 761 3076 816 venirent
3114 762 3168 816 in
3198 763 3389 818 vestitu
3416 765 3584 820 ovium
3605 810 3618 833 ,
3661 769 3735 824 in-

2187 852 2454 908 trinsecus
2476 862 2652 908 autem
2693 852 2804 923 lupi
2841 864 3023 908 essent
3069 869 3290 924 rapaces
3318 874 3332 910 :
3358 855 3440 910 Ex
3478 859 3730 929 fructibus,

2186 945 2394 1018 inquit,
2420 964 2592 1001 eorum
2636 947 2945 1018 cognoscetis
2993 964 3097 1002 eos.
3141 946 3404 1018 Numquid
3437 950 3661 1022 colligunt
3687 955 3740 1008 de

2185 1038 2348 1108 spinis
2377 1055 2500 1093 uuas
2523 1082 2539 1106 ,
2570 1048 2660 1093 aut
2689 1039 2751 1093 de
2773 1039 2970 1094 tribulis
2986 1040 3158 1109 ﬁcus?
3184 1039 3274 1096 Sic
3294 1042 3452 1095 omnis
3476 1042 3615 1096 arbor
3632 1043 3745 1098 bona

2187 1131 2383 1201 fructus
2426 1132 2578 1186 bonos
2619 1132 2780 1204 facit;
2819 1132 2958 1186 mala
2995 1141 3160 1186 autem
3197 1133 3346 1186 arbor
3373 1133 3561 1204 fructus
3603 1137 3745 1190 malos

2186 1223 2329 1293 facit.
2352 1223 2477 1278 Non
2506 1234 2666 1294 potest
2686 1224 2835 1279 arbor
2861 1225 2991 1280 bona
3010 1229 3205 1298 fructus
3224 1225 3385 1280 malos
3413 1226 3588 1296 facere,
3613 1244 3747 1298 neque

2188 1315 2340 1369 arbor
2369 1317 2505 1370 mala
2545 1321 2741 1388 fructus
2771 1319 2924 1372 bonos
2961 1322 3129 1389 facere
3154 1317 3365 1392 (Matth.
3407 1335 3514 1386 vn,
3563 1320 3744 1394 16-18).

2189 1407 2258 1462 Et
2277 1408 2571 1464 secundum
2619 1409 2814 1464 Lucam
2846 1451 2861 1476 ,
2893 1425 3012 1466 cum
3059 1411 3350 1483 hypocrita}
3385 1421 3713 1484 arguerentur
3735 1456 3748 1478 ,

2187 1499 2311 1555 duce
2347 1502 2462 1557 istae
2483 1505 2704 1558 arbores
2731 1512 3169 1560 commemorata:
3208 1513 3364 1572 sunt,
3393 1514 3448 1562 et
3493 1521 3610 1562 mox
3653 1507 3749 1561 evi-

2189 1592 2379 1650 denter
2407 1596 2686 1666 expositm,
2716 1598 3075 1669 subsequente
3104 1598 3334 1656 Domino
3362 1610 3520 1672 atque
3533 1601 3750 1657 dicente:

2188 1686 2368 1744 Bonus
2393 1691 2544 1744 homo
2571 1691 2632 1745 de
2651 1691 2781 1746 bono
2811 1692 3048 1748 thesauro
3070 1693 3235 1748 cordis
3257 1695 3338 1750 sui
3354 1699 3542 1766 profert
3561 1695 3752 1760 bonum;

2188 1790 2235 1835 et
2259 1781 2426 1837 malus
2453 1785 2602 1837 homo
2629 1783 2694 1837 de
2713 1785 2847 1840 malo
2878 1786 3072 1856 profert
3117 1786 3313 1840 malum
3339 1801 3358 1840 :
3384 1803 3447 1841 ea:
3473 1787 3756 1841 abundantia

2187 1875 2318 1929 enim
2339 1877 2507 1931 cordis
2527 1894 2584 1932 os
2625 1877 2845 1950 loquitur
2876 1878 3028 1951 (Luc.
3070 1897 3152 1948 vi,
3198 1881 3314 1952 45).
3339 1879 3442 1938 Ubi
3465 1891 3634 1937 autem
3657 1882 3753 1948 ait,

2185 1967 2288 2022 Aut
2312 1970 2466 2041 facite
2505 1969 2737 2024 arborem
2766 1970 2948 2025 bonam
2981 1981 3028 2027 et
3055 1973 3281 2042 fructum
3308 1974 3418 2042 ejus
3444 1973 3650 2040 bonum,
3683 1979 3760 2027 aut

2187 2058 2340 2128 facite
2368 2061 2598 2116 arborem
2623 2061 2812 2117 malam
2835 2073 2879 2117 et
2905 2063 3128 2134 fructum
3151 2066 3264 2136 ejus
3298 2066 3489 2120 malum
3536 2064 3685 2137 (quod
3712 2076 3760 2119 tu

2187 2167 2309 2208 eum
2337 2154 2406 2210 de
2430 2171 2488 2211 se
2509 2157 2625 2226 ipso
2655 2157 2855 2213 dixisse
2891 2158 3190 2231 opinaris),
3245 2159 3392 2216 unde
3423 2160 3613 2216 dixerit
3653 2175 3761 2216 mox

2187 2249 2436 2318 aperiens
2469 2267 2482 2304 :
2515 2249 2780 2320 Siquidem
2807 2269 2870 2306 ex
2905 2256 3109 2324 fructu,
3141 2253 3356 2324 inquit,
3407 2254 3555 2308 arbor
3601 2269 3762 2323 cognoo

2187 2341 2369 2394 scitur.
2392 2340 2666 2414 Progenies
2692 2343 2979 2415 viperarum
3003 2386 3017 2410 ,
3041 2345 3301 2416 quomodo
3328 2346 3532 2416 potestis
3561 2346 3679 2400 bona
3697 2344 3764 2398 fo-

2187 2433 2308 2504 qui,
2339 2450 2455 2487 cum
2477 2435 2586 2488 sitis
2607 2435 2778 2490 mali?
2800 2452 2863 2490 ea:
2887 2435 3204 2490 abundantia
3237 2437 3375 2492 enim
3405 2437 3571 2492 cordis
3607 2451 3658 2490 os
3695 2436 3762 2489 lo-

2189 2527 2381 2594 quitur.
2407 2525 2581 2582 Bonus
2609 2529 2758 2583 homo
2794 2529 2857 2584 de
2885 2529 3014 2584 bono
3041 2529 3281 2585 thesauro
3311 2535 3505 2603 profert
3533 2529 3688 2596 bona;
3721 2537 3761 2582 et

2189 2619 2356 2674 malus
2385 2620 2533 2674 homo
2564 2621 2628 2675 de
2651 2621 2785 2676 malo
2813 2622 3047 2678 thesauro
3067 2627 3267 2695 profert
3293 2623 3432 2678 mala
3455 2622 3656 2694 (Matth.
3682 2637 3760 2687 ιιι,

2190 2711 2394 2783 55-55).
2431 2711 2665 2769 Videsne
2703 2722 2755 2768 te
2777 2714 2923 2781 falli,
2955 2731 3061 2770 non
3095 2717 3224 2772 me?
3254 2715 3394 2772 Redi
3423 2730 3551 2787 ergo
3579 2714 3641 2770 ad
3660 2729 3768 2768 cau-

2189 2818 2302 2857 sam
2347 2804 2524 2874 operis
2575 2805 2736 2873 mali,
2787 2816 2842 2862 et
2883 2807 3127 2864 invenies
3168 2809 3502 2864 voluntatem
3547 2808 3762 2863 malam:

2188 2893 2304 2948 redi
2327 2894 2395 2949 ad
2415 2910 2628 2952 causam
2648 2897 2922 2969 originalis
2951 2899 3112 2969 mali,
3143 2909 3201 2956 et
3227 2901 3474 2957 invenies
3503 2900 3652 2972 primi
3679 2899 3767 2953 ho-

2189 2986 2347 3042 minis
2390 2987 2718 3045 voluntatem
2761 2990 2992 3060 malam,
3049 3001 3104 3048 et
3148 3007 3216 3049 ea
3261 2993 3502 3048 vitiatam
3548 3000 3769 3048 naturam

2192 3076 2411 3132 bonam.

2261 3167 2428 3224 XXII.
2456 3169 2577 3225 Jun.
2603 3169 2802 3228 Verum
2849 3171 2966 3229 haec
2993 3173 3272 3250 loquimur;
3286 3217 3304 3242 ,
3354 3185 3416 3232 ut
3451 3175 3574 3232 ﬁdei
3601 3182 3773 3230 vestra:

2189 3260 2308 3329 quis
2329 3261 2398 3315 sit
2423 3261 2545 3316 ﬁnis
2573 3263 2852 3319 ostendam
2885 3283 2899 3320 :
2932 3274 3188 3322 caeterum
3221 3268 3360 3324 illud
3413 3269 3768 3324 inconcussum

2188 3350 2362 3418 valet,
2393 3352 2537 3422 quod
2565 3353 3018 3424 disputationibus
3047 3358 3493 3428 praecedentibus
3519 3358 3778 3414 fundatum

2190 3451 2271 3498 est
2294 3485 2310 3511 ,
2342 3459 2441 3500 nec
2466 3445 2752 3516 quidquam
2778 3432 2978 3502 malum
3019 3463 3140 3504 esse
3157 3491 3172 3513 ,
3225 3459 3434 3521 praeter
3455 3463 3589 3522 opus
3606 3448 3777 3503 volun-

2189 3535 2314 3590 tatis
2329 3535 2471 3606 quod
2488 3537 2692 3606 justitia
2714 3538 2960 3609 prohibet
2982 3542 3389 3613 perpetrantis;
3417 3557 3520 3598 nec
3543 3540 3677 3613 quod
3699 3553 3782 3593 na-

2190 3627 2361 3682 turale
2406 3636 2523 3694 est,
2551 3644 2711 3701 posse
2757 3631 2961 3688 malum
3001 3633 3276 3690 convinci.
3323 3634 3507 3690 Manet
3532 3649 3654 3705 ergo
3679 3630 3782 3685 huic

2190 3719 2507 3776 inconcussa
2531 3721 2694 3776 turris
2718 3763 2734 3788 ,
2765 3723 2832 3778 de
2877 3724 3032 3795 cujus
3053 3725 3198 3781 edito
3227 3725 3521 3783 latrocinia
3559 3725 3783 3782 diverso-

2191 3829 2309 3868 rum
2341 3814 2719 3885 propulsantur
2739 3831 3000 3873 errorum.

2263 3908 2398 3962 Anc.
2431 3906 2566 3974 Quid
2593 3919 2676 3964 est
2699 3909 2841 3980 quod
2867 3909 3036 3977 dicis;
3089 3919 3180 3966 aut
3203 3928 3332 3984 quae
3364 3921 3494 3970 sunt
3535 3922 3636 3970 tum
3658 3925 3784 3982 pra:-

2191 3998 2446 4055 cedentes
2471 4001 2860 4072 disputationes
2880 4047 2895 4073 ,
2928 4004 3031 4060 nisi
3059 4006 3467 4076 loquacissimae
3493 4003 3786 4063 vanitates?

2192 4094 2331 4162 Quid
2359 4105 2442 4153 est
2467 4098 2609 4168 quod
2656 4097 2788 4155 dicis
2812 4141 2827 4167 ,
2881 4118 2900 4152 ι
2934 4115 3033 4156 nec
3071 4101 3372 4172 quidquam
3403 4103 3607 4159 malum
3635 4114 3745 4156 esse
3769 4138 3785 4164 ,

2194 4197 2390 4258 przcter
2418 4205 2553 4261 opus
2577 4191 2872 4248 voluntatis
2899 4192 3040 4264 quod
3062 4193 3270 4264 justitia
3302 4197 3563 4267 prohibet
3609 4207 3786 4266 perpe-

2194 4284 2423 4338 trantis?
2460 4304 2480 4337 »
2513 4284 2654 4356 Ergo
2683 4285 2795 4356 ipsa
2827 4287 3073 4345 voluntas
3103 4289 3241 4344 mala
3274 4305 3390 4347 non
3421 4299 3509 4348 est
3561 4289 3790 4350 malum,

2194 4374 2240 4428 si
2267 4390 2374 4430 non
2414 4383 2498 4432 est
2523 4376 2810 4448 quidquam
2839 4380 3039 4435 malum
3086 4379 3187 4435 nisi
3239 4396 3388 4452 opus
3427 4381 3583 4453 ejus?
3622 4379 3793 4448 Neque

2195 4469 2340 4524 enim
2360 4479 2442 4524 est
2466 4484 2834 4540 consequens,
2865 4480 2921 4526 ut
2949 4473 3088 4528 mala
3122 4473 3382 4530 voluntas
3413 4474 3616 4530 habeat
3642 4472 3793 4527 etiam

2195 4562 2536 4633 perpetrandi
2563 4563 2740 4634 operis
2767 4564 3074 4620 facultatem
3103 4583 3116 4619 :
3147 4581 3212 4621 ac
3239 4581 3342 4636 per
3364 4566 3476 4622 hoc
3511 4575 3564 4622 te
3591 4571 3796 4619 auctore

2196 4671 2306 4711 non
2327 4657 2431 4710 erit
2462 4655 2658 4711 malum
2687 4655 2920 4712 hominis
2957 4658 3098 4714 male
3124 4658 3261 4714 velle
3279 4699 3298 4727 ,
3329 4658 3559 4731 quando
3583 4673 3686 4712 non
3715 4668 3800 4724 po-

2197 4759 2302 4805 test
2339 4749 2536 4806 facere.
2565 4751 2696 4819 Quis
2720 4751 2876 4806 istam
2902 4751 3041 4808 ferat
3064 4753 3437 4822 insipientiam
3464 4795 3479 4820 ,
3517 4753 3604 4808 vel
3636 4749 3799 4822 potius

2197 4842 2525 4898 amentiam?
2546 4842 2646 4899 Ubi
2668 4843 2828 4898 etiam
2877 4845 3158 4915 ponimus,
3186 4845 3313 4916 quia
3347 4845 3398 4901 si
3449 4861 3562 4902 non
3589 4853 3670 4900 est
3694 4857 3803 4897 ma-

2199 4935 2310 4991 lum
2361 4935 2687 5006 quidquam,
2742 4937 2845 4992 nisi
2910 4953 3044 5009 opus
3069 4938 3366 4994 voluntatis
3427 4939 3576 5010 quod
3610 4934 3804 5009 justitia

2199 5030 2450 5102 prohibet
2478 5032 2865 5100 perpetrantis;
2915 5046 3021 5086 non
3060 5041 3217 5087 erunt
3265 5033 3416 5088 mala
3460 5042 3808 5104 quaecumque

2201 5123 2446 5180 homines
2477 5123 2720 5179 nolentes
2749 5123 2865 5178 sive
2901 5133 3095 5194 agunt,
3148 5125 3260 5178 sive
3297 5126 3600 5195 patiuntur
3640 5141 3655 5176 :
3707 5134 3806 5176 non

2200 5218 2306 5273 erit
2338 5217 2537 5272 malum
2559 5217 2701 5286 quod
2731 5217 2926 5292 clamat
2969 5217 3289 5288 Apostolus,
3337 5216 3472 5271 Non
3520 5217 3657 5272 enim
3685 5210 3811 5286 quod

2201 5309 2315 5363 volo
2336 5350 2351 5375 ,
2379 5309 2514 5381 facio
2561 5308 2776 5373 bonum;
2807 5309 2895 5363 sed
2943 5309 3078 5376 quod
3125 5307 3243 5363 noto
3273 5310 3486 5364 malum
3510 5352 3528 5378 ,
3584 5311 3680 5363 hoc
3723 5319 3812 5376 ago

2207 5401 2381 5476 (Rom.
2415 5418 2522 5468 vn,
2577 5401 2665 5472 i9)
2699 5421 2713 5457 :
2745 5418 2853 5457 non
2906 5402 3008 5458 erit
3049 5402 3249 5457 malum
3295 5404 3642 5473 supplicium
3688 5400 3815 5472 ignis

2203 5495 2420 5561 aeterni,
2453 5494 2540 5548 ubi
2567 5494 2670 5549 erit
2699 5493 2854 5549 ﬂetus
2879 5503 2931 5548 et
2957 5493 3156 5549 stridor
3179 5493 3430 5549 dentium
3463 5495 3689 5567 (Matth.
3707 5508 3809 5555 vni,

2206 5589 2320 5658 12);
2364 5589 2487 5659 quia
2518 5587 2571 5643 id
2597 5587 2785 5644 volens
2818 5602 2975 5642 nemo
3003 5587 3266 5658 patietur,
3309 5597 3372 5644 et
3397 5605 3515 5646 non
3561 5600 3646 5646 est
3692 5600 3823 5658 opus

2205 5680 2495 5735 voluntatis
2506 5679 2648 5751 quod
2663 5679 2865 5750 justitia
2879 5678 3532 5750 prohibethperpetrantis,
3554 5681 3652 5736 sed
3671 5691 3821 5750 pmna

2092 5837 2098 5844 _
2137 5850 2140 5852 γ
2207 5773 2458 5830 nolentis.
2484 5770 2708 5840 Quando
2731 5771 2833 5828 ista
2870 5786 3110 5844 saperes,
3131 5771 3175 5828 si
3195 5787 3296 5828 non
3321 5775 3663 5830 mirabiliter
3688 5770 3826 5829 desi-

563 5892 767 5970 Ῐέἀίέίν
808 5894 1073 5970 inpolluta.
1105 5901 1269 5956 Codex
1301 5910 1414 5957 Mar.
1433 5944 1449 5970 ,
1478 5874 1792 5968 unpottutam.

556 5957 580 5988 ¹
601 5957 763 6022 Forte,
775 5957 1050 6013 nascantur.

875 6061 940 6118 Ὗ,

2185 6029 2198 6052 κ
2289 5993 2300 6010 ο
2333 5972 2484 6038 Editt,
2509 5979 2555 6025 σε
2587 5969 2851 6038 negligant.
2877 5969 3200 6025 mandantur
3226 5981 3288 6024 ex
3314 5974 3703 6038 manuscriptis.
