3962 6470
227 383 365 441 1457

225 520 386 579 peres
407 507 448 572 ί,
475 505 560 562 vel
588 503 764 577 potius
783 503 1046 560 insanires
1065 504 1090 560 τ
1111 503 1248 575 Quid
1267 509 1350 558 est
1387 501 1545 558 etiam
1567 494 1709 568 quod
1741 495 1822 550 di-

224 603 323 668 cis,
353 619 374 652 ‹
409 616 510 657 nec
525 601 666 672 quod
694 600 934 656 naturale
954 608 1056 667 est,
1079 598 1277 652 malum
1301 611 1456 666 posse
1484 590 1766 648 convinci?
1794 610 1812 643 ι

224 693 373 748 Itane
394 707 519 748 vero
543 692 626 764 (ut
670 690 1076 748 innumerabilia
1123 688 1384 744 naturalia
1424 686 1550 742 vitia
1575 683 1821 755 corporis

222 784 454 858 taceam)
480 787 677 841 malum
699 801 805 840 non
826 794 908 841 est
934 784 1166 840 surditas
1191 781 1449 838 naturalis
1465 825 1478 849 ,
1503 796 1621 852 quae
1648 781 1818 849 ipsam

220 895 468 951 quoque,
489 895 555 936 ex
582 895 683 950 qua
706 879 882 951 justus
909 877 1038 933 vivit
1063 875 1261 949 (Gatat.
1289 891 1347 932 ιιι
1372 917 1386 940 ,
1417 873 1506 944 ll)
1528 867 1573 940 ,⁵
1599 870 1820 944 impedit

220 973 385 1029 ﬁdem
408 1017 422 1038 ,
455 974 704 1046 quoniam
737 973 869 1028 fides
897 988 964 1027 ex
1012 971 1196 1027 auditu
1240 977 1324 1025 est
1370 967 1549 1040 (Rom.
1578 985 1646 1034 x,
1679 966 1767 1038 l7)
1794 966 1818 1020 ?

219 1064 328 1119 Sed
357 1079 483 1127 vos,
517 1064 619 1118 nisi
667 1063 812 1119 surdi
840 1063 982 1116 intus
1019 1063 1240 1127 essetis,
1269 1056 1767 1130 Apostolo‘diceute
1797 1099 1812 1125 ,

218 1155 442 1210 Fuimus
471 1157 600 1211 enim
629 1165 678 1210 et
717 1173 808 1210 nos
830 1155 1129 1210 naturaliter
1149 1154 1246 1223 ﬁlii
1266 1154 1387 1217 iraa,
1414 1153 1544 1207 sicut
1567 1162 1613 1208 et
1641 1151 1816 1205 cazteri

218 1248 444 1319 (Ephes.
470 1266 540 1315 ιι,
560 1249 655 1322 5);
685 1249 864 1304 cordis
885 1248 1103 1304 auribus
1133 1246 1411 1303 audiretis.
1457 1246 1565 1302 Sed
1610 1245 1815 1317 pergite

215 1343 393 1400 adhuc
414 1387 429 1412 ,
459 1352 513 1400 et
530 1344 780 1400 cordibus
805 1344 964 1399 caecis
987 1341 1271 1413 surdisque
1297 1341 1526 1397 clamate
1551 1384 1567 1408 ,
1593 1340 1710 1396 Non
1733 1348 1815 1395 est

217 1437 419 1491 malum
446 1437 758 1491 naturaliter
785 1450 906 1492 esse
944 1434 1261 1490 obliviosum
1282 1477 1298 1502 ,
1343 1433 1662 1490 naturaliter
1691 1447 1812 1488 esse

214 1531 508 1586 obtunsum
530 1573 546 1598 ,
598 1531 908 1586 naturaliter
934 1544 1054 1586 esse
1096 1530 1407 1585 iracundum
1430 1571 1446 1598 ,
1504 1528 1814 1584 naturaliter

214 1636 338 1677 esse
395 1622 757 1678 libidinosum.
800 1622 908 1677 Cur
933 1623 1075 1679 enim
1127 1637 1234 1678 non
1287 1622 1462 1678 securi
1514 1622 1658 1676 fatua
1714 1622 1813 1676 ista

214 1713 383 1770 verba
398 1714 646 1786 jactatis,
675 1716 866 1786 quibus
901 1716 1097 1770 malum
1146 1730 1252 1771 non
1282 1725 1366 1772 est
1390 1716 1550 1771 etiam
1573 1716 1684 1786 ipsa
1731 1714 1812 1770 fa-

215 1808 382 1864 tuitas
420 1809 720 1865 naturalis?
767 1809 942 1880 Usque
964 1809 1100 1866 adeo
1125 1811 1321 1881 quippe
1354 1825 1512 1865 omne
1555 1809 1812 1881 originale

212 1902 418 1957 malum
476 1904 726 1959 meritum
785 1913 1078 1974 negantes,
1133 1913 1324 1960 cuncta
1370 1905 1628 1959 naturalia
1687 1905 1810 1960 vitia

212 1993 436 2050 laudare
465 1996 747 2067 cogimini,
799 2004 858 2051 ut
894 2012 1000 2052 non
1027 1996 1198 2052 solum
1224 2011 1450 2066 corpore
1497 1995 1765 2052 deformes
1792 2038 1809 2064 ,

213 2086 424 2144 debiles
445 2130 459 2154 ,
491 2097 967 2160 monstruososque
991 2088 1126 2144 fetus
1151 2130 1166 2155 ,
1196 2104 1380 2144 verum
1410 2089 1570 2144 etiam
1601 2088 1772 2143 fatuos
1792 2130 1808 2155 ,

212 2180 258 2234 si
288 2195 453 2236 nemo
501 2181 573 2238 ibi
623 2191 927 2252 peccasset,
958 2191 1241 2238 exorturos
1269 2183 1321 2237 in
1350 2181 1598 2252 paradiso
1648 2183 1811 2238 fuisse

211 2271 439 2339 dicatis;
473 2272 598 2328 dum
630 2283 806 2330 tamen
841 2274 1144 2347 pudendam
1193 2283 1498 2345 susceptam
1529 2281 1763 2330 vestram
1794 2315 1809 2340 ,

213 2381 320 2435 qua
351 2381 481 2421 caro
506 2368 836 2437 concupiscit
882 2367 1142 2424 adversus
1169 2367 1409 2438 spiritum
1434 2409 1449 2434 ,
1482 2367 1625 2421 inter
1669 2365 1809 2421 deli-

213 2459 322 2512 cias
352 2458 456 2513 loci
488 2459 630 2514 illius
657 2459 949 2515 beatissimi
980 2460 1273 2516 collocetis.

212 2596 214 2599 .
284 2552 482 2608 XXIII.
521 2553 640 2608 JUL.
687 2553 880 2609 Verum
912 2570 1077 2622 nunc,
1101 2554 1242 2625 quod
1267 2554 1418 2609 locus
1448 2553 1632 2624 exigit,
1667 2553 1810 2608 inse-

212 2662 465 2717 quamur.
508 2649 743 2718 Apparet
785 2656 859 2716 te,
905 2648 1247 2704 subtilissime
1283 2647 1600 2717 disputator,
1650 2662 1809 2702 unam

211 2739 569 2810 eamdemque
605 2756 742 2805 rem,
777 2747 1020 2796 naturam
1047 2741 1252 2796 scilicet
1279 2740 1566 2795 humanam
1603 2740 1810 2811 magnis

212 2830 473 2887 extulisse
509 2831 775 2899 laudibus,
822 2831 918 2888 sed
966 2832 1256 2903 majoribus
1294 2833 1591 2888 maculasse
1629 2833 1812 2888 crimi-

215 2923 376 2978 nibus
401 2942 416 2977 :
449 2924 593 2995 quod
619 2925 756 2980 sicut
788 2941 895 2979 uno
919 2934 1178 2996 tempore,
1207 2941 1314 2981 uno
1341 2941 1503 2996 opere
1519 2929 1562 2994 ',
1595 2942 1811 2997 unoque

212 3016 442 3072 consilio
470 3019 684 3073 evenire
721 3019 880 3074 simul
905 3033 1011 3073 non
1041 3028 1249 3089 potest;
1283 3021 1350 3073 ita
1390 3021 1524 3075 ratio
1551 3020 1808 3075 naturalis

211 3123 552 3179 nequaquam
583 3110 725 3181 capit
770 3109 906 3179 hzec,
947 3111 1034 3165 vel
1054 3111 1154 3166 sub
1191 3110 1579 3167 alternatione’
1601 3119 1810 3167 contra-

210 3198 326 3266 ria,
371 3199 468 3254 sed
526 3217 634 3255 uno
675 3210 889 3272 semper
918 3204 1096 3273 plena,
1134 3203 1186 3258 id
1229 3213 1330 3271 est,
1365 3205 1632 3260 taxatione
1658 3205 1808 3272 boni,

209 3305 488 3362 nunquam
518 3301 737 3364 propter
756 3296 974 3362 malum,
996 3295 1137 3367 quod
1168 3296 1284 3366 ejus
1305 3297 1544 3352 instituta
1566 3307 1810 3367 peracto—

210 3383 285 3437 ris
327 3383 412 3438 sui
457 3399 564 3440 non
607 3387 820 3457 capiunt
848 3387 1213 3458 dignitatem‘,
1252 3388 1352 3443 nisi
1396 3403 1426 3442 a
1454 3389 1809 3460 pollutissimo

210 3475 630 3531 Manichaeorum
654 3477 815 3534 dente
839 3480 1135 3536 mordetur.
1165 3481 1272 3536 Sed
1299 3481 1401 3535 hoc
1428 3482 1660 3551 expleto,
1681 3481 1807 3536 illud

211 3567 448 3638 inquiro,
477 3585 611 3639 quos
641 3579 794 3640 putes
834 3572 1086 3627 connubii
1124 3572 1299 3630 fumos
1325 3574 1646 3644 sequendos.
1676 3575 1806 3628 Nam

211 3660 255 3714 si
299 3659 632 3716 connubium
669 3661 850 3718 fateris
877 3679 982 3719 non
1012 3679 1132 3720 esse
1175 3679 1390 3720 causam
1421 3665 1672 3735 hominis,
1715 3667 1808 3722 scd

212 3762 492 3821 naturam;
538 3758 736 3825 peccati
774 3773 984 3828 quoque
1023 3773 1238 3814 causam
1288 3775 1394 3815 non
1442 3775 1559 3816 esse
1601 3776 1809 3816 conuu-

214 3846 386 3913 bium,
412 3847 507 3902 sed
548 3857 822 3914 naturam;
868 3850 971 3906 hoc
993 3851 1341 3919 connubium,
1373 3854 1457 3908 cui
1486 3853 1696 3909 laudem
1723 3856 1810 3909 da-

213 3938 330 4002 bas,
370 3947 541 3994 totum
572 3956 792 4012 prorsus
817 3944 1051 3998 evanuit.
1074 3944 1171 3999 Cui
1201 3959 1330 4015 ergo
1361 3947 1437 4000 rei
1466 3945 1806 4012 adscribitur,

209 4033 257 4085 si
295 4047 398 4088 nec
441 4035 564 4088 mali
610 4035 704 4100 tui,
749 4051 846 4092 nec
881 4037 1002 4091 boni
1048 4038 1152 4093 mei
1193 4053 1350 4093 causa
1393 4041 1512 4094 est?
1537 4040 1592 4094 Si
1627 4039 1694 4094 ab
1725 4039 1812 4095 ho-

209 4134 422 4180 nestate
459 4128 708 4183 connubii
735 4129 1005 4184 hominem
1042 4132 1352 4198 submoves,
1394 4149 1463 4188 ne
1490 4148 1612 4188 eum
1648 4133 1808 4189 etiam

212 4219 554 4274 fornicationi
586 4224 793 4292 cogaris
835 4223 1164 4290 adscribere;
1195 4241 1225 4280 a
1256 4227 1578 4283 necessitate
1606 4243 1810 4283 connu-

209 4312 283 4366 bii
315 4322 597 4382 peccatum
638 4331 904 4384 removes,
932 4334 998 4372 ne
1023 4321 1235 4389 nuptias
1259 4319 1515 4376 damnare
1541 4321 1806 4388 videaris;

207 4403 339 4474 quid
368 4407 626 4461 remansit
651 4407 808 4464 laude
831 4409 1047 4480 dignum
1085 4411 1136 4465 in
1179 4413 1516 4480 possessione
1542 4414 1810 4485 conjugii?

206 4495 321 4550 Cur
353 4498 484 4553 illud
513 4500 670 4554 times
693 4501 892 4556 violare
920 4517 1186 4567 sermone,
1219 4504 1361 4574 quod
1389 4505 1599 4561 admota
1627 4506 1810 4577 dispu-

207 4591 418 4646 latione
446 4589 684 4647 funditus
707 4593 998 4648 subrnisti?
1037 4595 1198 4665 Cujus
1241 4612 1369 4667 ergo
1408 4599 1482 4652 rei
1508 4614 1664 4654 causa
1688 4615 1808 4656 esse

207 4681 442 4750 dicetur,
493 4683 540 4738 si
579 4699 680 4739 nec
721 4678 862 4740 malo
910 4701 1010 4741 nec
1041 4687 1184 4742 bono
1228 4689 1507 4758 participat
1541 4692 1808 4747 naturali?

206 4774 352 4829 Nihil
390 4791 521 4846 ergo
543 4776 652 4846 jam
683 4778 794 4849 agit
831 4779 883 4833 in
925 4778 1084 4834 rebus
1129 4779 1376 4834 humanis
1417 4795 1612 4837 nomen
1643 4782 1810 4840 hone-

208 4875 431 4937 stasque
459 4869 728 4941 conjugii?
755 4870 859 4927 Sed
894 4872 1124 4941 angeris,
1156 4880 1212 4926 et
1243 4871 1376 4928 dure
1403 4873 1613 4942 quidem
1643 4893 1656 4930 :
1684 4875 1811 4931 sub-

208 4960 537 5016 veniendum
583 4973 666 5019 est
711 4965 869 5035 igitur
906 4965 1100 5020 anhelo
1146 4967 1281 5019 seni.
1337 4966 1613 5022 Bemansit
1666 4970 1809 5038 quod

206 5053 255 5104 ci
276 5053 409 5106 dare
440 5054 637 5122 possis,
670 5055 787 5110 sine
814 5071 920 5125 quo
947 5066 1122 5112 tamen
1165 5056 1294 5111 nihil
1326 5057 1467 5113 aliud
1496 5059 1761 5115 invenitur
1789 5080 1804 5116 :

207 5143 473 5199 videlicet
500 5153 558 5198 ut
583 5144 732 5200 dicas
771 5146 872 5202 hoc
899 5147 1222 5202 connubium
1265 5158 1408 5205 stare
1445 5166 1543 5221 pro
1583 5152 1805 5220 foribus,

207 5245 268 5290 ut
307 5236 378 5291 ad
403 5237 734 5307 voluptatem
775 5240 1082 5296 coeuntium
1118 5241 1318 5296 nullam
1357 5243 1704 5300 obscenitatis
1730 5244 1809 5300 fa-

207 5345 358 5384 mam
403 5333 675 5400 permittat
713 5333 938 5401 irruere,
987 5335 1083 5389 sed
1133 5349 1234 5390 suo
1275 5337 1426 5391 titulo
1476 5339 1550 5394 illi
1596 5342 1810 5412 negotio

211 5424 557 5480 honestatem
605 5426 838 5481 vindicet
875 5437 928 5481 et
969 5427 1248 5498 pudorem.
1295 5429 1424 5486 Sine
1470 5447 1630 5490 causa
1679 5451 1810 5506 ergo

212 5515 474 5571 connubii
506 5516 665 5572 tidem
710 5517 932 5573 subdola
969 5533 1315 5590 corrumpere
1352 5522 1508 5580 laude
1547 5526 1805 5583 voluisti:

277 5677 295 5706 ι
333 5674 497 5725 Codex
519 5682 644 5749 Part.
665 5713 680 5739 ,
702 5677 748 5749 si
766 5689 862 5729 non
882 5677 1222 5733 miserabiliter
1236 5680 1495 5746 desiperes.

278 5739 300 5803 ξ
336 5743 467 5803 uss,
493 5751 577 5789 um
598 5751 753 5803 operi.

279 5799 302 5865 ξ
336 5800 410 5848 sic
429 5808 533 5850 Mss.
553 5799 669 5852 Editi
688 5816 824 5865 vero,
850 5803 1207 5858 subaltematio.

280 5861 1554 5931 ‘Porte,perauctorissmdianitatemuoucaaiwzt

1588 369 1793 430 LIBER
1828 368 2143 438 QUINTUS.

3368 391 3513 456 1438

1925 493 2054 548 nulli
2096 503 2178 550 est
2217 495 2476 565 infestius,
2523 511 2680 571 quam
2707 501 2861 559 tibi‘.
2890 502 3000 561 Vos
3039 507 3259 565 omnino
3287 519 3508 581 protur-

1924 583 2067 654 bat',
2099 603 2200 645 nec
2236 590 2302 645 ad
2347 591 2723 650 lacerationem
2757 600 3149 657 commixtionis
3186 603 3365 660 tutela:
3394 619 3510 663 sua:

1923 681 2182 750 creditae,
2233 683 2644 743 Manichaeorum
2688 689 2894 760 linguas
2947 695 3203 762 permittit
3249 697 3506 768 irrepere.

1924 771 2150 840 Habent,
2185 776 2374 848 inquit,
2407 793 2504 834 suo
2530 779 2778 851 dogmate
2802 783 2961 854 digna
2991 788 3280 856 meritoria,
3309 789 3364 844 in
3392 791 3510 862 qui.

1922 868 2022 924 bus
2061 873 2336 927 nocturnis
2381 872 2529 929 horis
2571 875 2925 945 expleantur:
2956 876 3100 933 illam
3145 881 3511 938 verecundan-

1924 962 2054 1017 tium
2083 965 2443 1035 voluptatem8
2481 969 2732 1025 connubii
2773 979 2988 1026 tuentur
3029 974 3285 1041 excubiae,
3317 991 3512 1033 arcen-

1922 1064 2008 1111 tur
2030 1057 2276 1126 crimina,
2320 1069 2375 1116 et
2399 1060 2573 1117 honor
2597 1062 2889 1119 honestatis
2917 1065 3215 1122 admittitur
3241 1086 3255 1123 :
3287 1070 3507 1138 privile-

1918 1148 2004 1218 gia
2033 1150 2133 1204 sibi
2160 1151 2226 1207 ab
2255 1152 2511 1223 Apostolo
2531 1170 2788 1211 concessa
2809 1155 3137 1213 defendunt‘
3164 1159 3509 1218 honorabiles

1921 1245 2133 1313 nuptias
2177 1254 2230 1300 et
2271 1247 2454 1302 thoros
2497 1248 2900 1316 immaculatos;
2950 1251 3300 1310 fornicatores
3329 1265 3506 1311 autem

1919 1348 1974 1396 et
1998 1340 2267 1400 adulteros
2299 1342 2561 1410 iudicabit
2603 1346 2744 1402 Deus
2773 1345 2958 1417 (Hebr.
2999 1364 3113 1415 xm,
3158 1348 3236 1420 4).
3280 1349 3382 1406 Ubi
3426 1361 3508 1408 est

1919 1447 2046 1503 ergo
2077 1434 2366 1490 criminosa
2404 1438 2732 1505 commixtio,
2775 1440 2820 1493 si
2845 1441 3058 1510 negotio
3083 1441 3199 1514 ejus
3234 1453 3393 1514 atque
3423 1459 3510 1500 se-

1919 1534 2066 1579 creto
2087 1527 2374 1582 auctoritas
2399 1530 2669 1598 connubii,
2693 1530 2833 1601 quod
2857 1531 3134 1600 laudabas,
3163 1534 3509 1605 obsequitur?

1989 1617 2124 1674 Auc.
2166 1618 2242 1672 Tu
2269 1620 2505 1690 quidem,
2536 1625 2610 1676 ut'
2629 1638 2694 1677 ex
2726 1622 2983 1680 fructibus
3009 1627 3119 1681 suis
3145 1629 3395 1698 cognosci
3422 1644 3510 1685 ar-

1917 1707 2102 1764 borem
2124 1709 2348 1777 diceres,
2376 1729 2481 1766 non
2513 1722 2714 1768 naturae
2745 1713 2846 1770 hoc
2871 1718 3233 1787 evangelicum
3267 1720 3508 1777 testimo-

1917 1798 2085 1868 nium,
2118 1801 2211 1856 sed
2255 1804 2452 1872 nuptiis
2491 1805 2752 1874 prolicere
2776 1807 3010 1865 voluisti.
3037 1809 3170 1864 Nam
3211 1821 3300 1866 tua
3341 1813 3505 1869 verba

1917 1890 2016 1945 ista
2045 1901 2168 1947 sunt
2197 1911 2209 1946 :
2250 1913 2267 1945 ‹
2299 1895 2354 1949 Si
2378 1911 2506 1967 ergo
2529 1897 2775 1964 trahitur,
2803 1917 2823 1952 ι
2856 1900 3051 1971 inquis,
3085 1921 3104 1955 ι
3133 1910 3187 1958 et
3212 1902 3280 1958 de
3306 1905 3506 1976 nuptiis

1916 1982 2176 2054 originale
2222 1988 2444 2056 malum,
2490 2003 2650 2045 causa
2682 1992 2805 2046 mali
2850 2001 2932 2048 est
2974 1998 3259 2052 conventio
3291 1997 3504 2069 nuptia—

1917 2091 2055 2144 rum,
2084 2087 2138 2134 et
2171 2094 2394 2137 necesse
2436 2090 2520 2136 est
2551 2084 2745 2139 malum
2780 2101 2900 2143 esse
2925 2103 3021 2158 per
3047 2090 3191 2160 quod
3217 2101 3269 2147 et
3297 2107 3367 2147 ex
3397 2108 3506 2164 quo

1915 2169 2088 2225 malus
2114 2170 2318 2227 fructus
2356 2179 2619 2246 apparuit,
2651 2178 2858 2235 dicente
2888 2181 3112 2238 Domino
3157 2184 3208 2238 in
3257 2184 3504 2257 Evange-

1915 2261 2007 2326 Iio,
2055 2261 2140 2318 Ea:
2180 2264 2424 2334 fructibus
2460 2269 2563 2322 suis
2592 2270 2743 2324 arbor
2783 2274 3092 2343 agnoscitur.
3143 2274 3441 2342 Quomodo,
3477 2296 3497 2330 ι

1915 2355 2110 2427 inquis,
2145 2375 2164 2408 ι
2199 2367 2254 2413 ιιι
2292 2361 2588 2417 audiendus
2618 2365 2840 2433 putaris,
2871 2366 2960 2436 qui
2985 2365 3118 2422 dicis
3145 2369 3341 2424 bonum
3385 2385 3506 2426 esse

1914 2450 2242 2521 conjugium,
2289 2452 2358 2508 de
2382 2469 2487 2523 quo
2515 2455 2647 2509 nihil
2693 2457 2834 2512 aliud
2863 2473 3022 2529 quam
3062 2461 3259 2516 malum
3290 2463 3507 2533 prodire

1915 2541 2151 2597 dellnis?
2177 2545 2593 2624 Constatigitur,
2633 2567 2652 2600 ι
2684 2548 2880 2621 inquis,
2917 2569 2937 2602 ‹
2966 2566 3058 2607 rea
3078 2568 3198 2608 esse
3237 2555 3502 2624 conjugia,
3563 2580 3570 2587 ι

1915 2633 1958 2687 si
1990 2643 2266 2704 peccatum
2304 2621 2429 2692 inde
2457 2639 2715 2710 originale
2742 2640 3042 2712 deducitur,
3091 2660 3196 2700 nec
3229 2621 3509 2715 possede-

1915 2725 2079 2795 fendi,
2107 2728 2210 2784 nisi
2257 2727 2461 2786 fructus
2500 2746 2688 2788 eorum
2730 2734 2987 2791 innocens
3023 2738 3349 2807 approbetur
3375 2757 3388 2794 :
3413 2738 3508 2794 de-

1915 2819 2202 2876 fenduntur
2218 2831 2417 2888 autem,
2446 2833 2502 2880 et
2525 2825 2664 2881 bona
2691 2830 3105 2899 pronuntiantur
3133 2849 3147 2886 :
3183 2830 3384 2887 fruetus
3405 2832 3508 2904 igi-

1917 2919 2002 2965 tur
2041 2913 2367 2982 approbatur
2402 2915 2681 2972 innocuus.
2717 2935 2738 2969 ›
2792 2918 2996 2990 Nempe
3041 2920 3124 2975 his
3179 2921 3361 2977 verbis
3402 2923 3508 2978 tuis

1915 3004 2044 3059 satis
2069 3004 2274 3060 clarum
2305 3014 2407 3075 est,
2447 3008 2692 3064 arborem
2719 3017 2773 3066 te
2799 3011 3018 3082 intelligi
3055 3013 3286 3068 voluisse
3315 3013 3508 3084 conju-

1914 3095 2080 3166 gium,
2111 3107 2165 3153 et
2189 3097 2389 3154 fructus
2414 3099 2621 3156 arboris
2640 3116 2735 3157 eos
2755 3100 2895 3158 fetus
2917 3103 3007 3173 qui
3043 3103 3325 3175 conjugum
3355 3121 3507 3160 com-

1915 3191 2172 3247 mixtione
2225 3204 2535 3250 nascuntur.
2587 3194 2694 3252 Sed
2742 3197 2864 3267 quia
2913 3197 3037 3253 hinc
3083 3199 3290 3254 ratione
3339 3200 3510 3253 mani-

1915 3285 2200 3342 festissima
2226 3289 2476 3346 exclusus
2502 3304 2581 3355 es,
2631 3299 2685 3345 et
2712 3306 2776 3346 ex
2811 3291 3066 3346 adulteris
3091 3293 3233 3347 enim
3266 3294 3398 3348 tales
3427 3294 3507 3349 fe-

1916 3388 2001 3434 tus
2029 3381 2275 3436 oriuntur
2304 3401 2318 3437 :
2347 3383 2411 3437 ad
2441 3393 2683 3438 naturam
2719 3385 2912 3454 putasti
2942 3400 3062 3440 esse
3093 3384 3427 3456 fugiendum,
3453 3386 3507 3441 in

1915 3474 2066 3544 cujus
2092 3474 2371 3546 altitud'ue
2393 3477 2632 3531 latitares
2657 3477 2756 3542 ;de
2778 3492 2880 3547 qua
2912 3492 3020 3532 non
3050 3479 3266 3548 agebas,
3295 3477 3508 3549 quando

1915 3575 2133 3636 propter
2168 3568 2418 3622 connubii
2447 3567 2644 3622 bonum
2672 3567 2982 3639 fructusque
3011 3569 3128 3638 ejus
3157 3571 3327 3625 bonos
3353 3568 3510 3625 simi-

1915 3660 2194 3715 litudinem
2237 3661 2444 3716 arboris
2472 3662 2795 3732 evangelicm
2841 3677 3015 3718 caecus
3053 3663 3365 3718 adhibebas.
3403 3663 3509 3718 De-

1916 3750 2075 3806 fende
2118 3767 2246 3822 ergo
2287 3762 2532 3807 naturam
2561 3761 2746 3808 contra
2785 3754 3044 3825 originale
3074 3761 3508 3824 peccatumzre-

1917 3844 2099 3914 linque
2121 3844 2388 3915 coniugia,
2418 3845 2587 3914 ipsam
2617 3845 2706 3900 die
2732 3845 2926 3900 bonam
2953 3845 3220 3914 arborem,
3241 3847 3362 3917 quia
3389 3846 3510 3904 sive

1916 3934 1984 3990 de
2013 3934 2297 4004 conjugiis,
2327 3935 2438 3990 sive
2468 3935 2535 3990 de
2555 3935 2853 4004 adulteriis,
2887 3937 2998 4008 ipsa
3029 3938 3194 4008 gignit
3223 3937 3506 4007 homines;

1915 4042 2052 4098 quos
2090 4028 2209 4084 ideo
2246 4029 2382 4084 dicis
2407 4029 2610 4085 fructus
2643 4030 2814 4086 bonos
2857 4031 3064 4087 arboris
3091 4031 3266 4100 bonaz,
3298 4048 3368 4089 ne
3405 4033 3510 4088 ali-

1915 4138 2074 4193 quem
2117 4131 2320 4178 reatum
2361 4138 2424 4178 ex
2466 4124 2668 4194 origine
2695 4123 2982 4194 depravata
3014 4125 3306 4182 credantur
3347 4142 3511 4198 gene-

1914 4218 2120 4272 ratione
2155 4217 2403 4284 traxisse,
2440 4219 2844 4288 regeneratione
2877 4218 3226 4286 solvendum;
3257 4237 3323 4276 ne
3363 4221 3506 4277 indi-

1915 4319 2074 4380 geant
2113 4311 2396 4377 salvatore,
2431 4326 2500 4366 ne
2534 4312 2587 4365 in
2615 4311 2966 4367 remissione”
3007 4324 3343 4383 peccatorum
3388 4313 3510 4371 fuso

1915 4403 2172 4473 sanguine
2201 4401 2551 4456 redimantur.
2586 4402 2696 4472 Age
2737 4402 2836 4456 ista
2878 4410 2936 4456 ut
2961 4403 3303 4460 detestandns
3329 4405 3506 4461 luere-

1915 4495 2052 4548 ticus
2081 4511 2094 4548 :
2126 4493 2287 4564 imple
2309 4491 2613 4564 paradisum
2647 4493 2762 4559 Dei,
2784 4493 2991 4549 etiamsi
3024 4511 3181 4551 nemo
3206 4506 3501 4566 peccasset,

1916 4586 2223 4642 libidinibus
2251 4586 2765 4655 concupiscentiam,
2809 4587 3188 4641 certaminibus
3223 4595 3408 4642 contra
3442 4587 3508 4641 li-

1915 4678 2122 4733 bidines
2159 4675 2550 4741 dimicantium,
2595 4675 2870 4731 doloribus
2901 4679 3331 4746 parturientium,
3366 4678 3506 4733 fleti-

1915 4770 2014 4824 bus
2038 4769 2381 4839 vagientium,
2428 4768 2629 4825 morbis
2656 4769 3043 4840 languentium,
3075 4769 3350 4827 funeribus
3387 4787 3506 4827 mo-

1914 4863 2190 4928 rientium,
2219 4877 2451 4918 maerore
2481 4863 2796 4931 lugentium.
2827 4862 2918 4918 Sic
2943 4878 3060 4934 age,
3095 4864 3199 4920 hoc
3226 4875 3276 4920 te
3306 4865 3502 4926 decet:

1917 4956 2050 5011 tales
2096 4955 2257 5022 enim,
2307 4964 2360 5011 te
2408 4962 2647 5022 auctore,
2688 4957 3081 5027 subsequuntur
3124 4973 3294 5028 parum
3333 4959 3504 5014 bonos

1915 5051 2116 5106 fructus
2170 5049 2379 5106 arboris
2424 5051 2595 5117 bonae,
2634 5059 2689 5106 et.
2740 5051 3011 5106 insinuant
3055 5052 3359 5122 paradisum
3409 5053 3504 5109 de-

1916 5143 2180 5211 liciarum,
2229 5143 2323 5198 sed
2352 5142 2778 5213 Pelagianorum.
2812 5142 2948 5211 Quin
2979 5144 3139 5198 etiam
3187 5159 3358 5198 meam
3391 5144 3501 5199 disa

1914 5235 2246 5305 putationem
2291 5233 2600 5289 dialecticus
2643 5244 2828 5290 acutus
2855 5234 3066 5297 irrides,
3101 5235 3305 5301 dicens,
3339 5252 3500 5293 unam

1916 5325 2266 5394 eamdemque
2310 5341 2447 5394 rem,
2489 5334 2730 5380 naturam
2761 5325 3003 5382 videlicet
3050 5327 3361 5394 humanam,
3396 5344 3504 5386 ma-

1980 5441 2295 5516 {.vigpierius
2341 5448 2518 5516 et__1lts.
2542 5442 2684 5516 0133:,
2719 5440 2846 5516 nulli
2878 5454 2930 5516 es
2963 5438 3180 5504 inﬂatus,
3208 5441 3501 5516 quam'tibi‘.

1915 5502 2228 5569 Melius'forte
2250 5511 2333 5553 Ms.
2382 5511 2513 5569 Mar,
2537 5504 2659 5555 nulli
2679 5511 2748 5555 est
2765 5502 2998 5568 bifestius,
3017 5502 3167 5569 quam
3210 5502 3314 5555 tibi.
3360 5505 3504 5567 [nulli

1914 5579 1965 5616 es
1985 5564 2198 5630 infestus,
2215 5578 2369 5630 quam
2381 5565 2504 5630 tibi]

1978 5631 1998 5693 ξ
2031 5627 2164 5693 Editi,
2185 5627 2450 5693 perturbat.
2475 5627 2637 5690 Aptius
2659 5638 2739 5680 Ms.
2775 5629 2916 5690 Clar.,
2939 5627 3204 5693 proturbat.

1980 5692 2001 5755 ἓ
2025 5691 2156 5751 Editi,
2176 5689 2630 5755 uoluntatem._tlnus
2651 5699 2736 5755 uls.
2756 5689 2906 5751 Port.,
2917 5689 3221 5755 uoluptatem.

1978 5752 2116 5865 ἔαξε.
2160 5760 2284 5803 Port.
2301 5788 2316 5814 ,
2356 5751 2606 5817 privilegio
2649 5753 2738 5804 sibi
2783 5755 2843 5804 ab
2883 5751 3100 5818 apostolo
3148 5765 3373 5808 caucam
3413 5755 3501 5809 de-

2075 5851 2087 5863 ,

1938 5823 2087 5867 εηαῐι.

1917 5817 2199 5939 Ῑεησώιξὸιιθ,
2223 5876 2273 5927 in
2295 5877 2638 5930 remissionem.
