3962 6480
507 474 645 532 1459

489 589 621 658 guis
643 585 910 643 «extulisse
927 599 1023 642 me
1047 584 1292 640 laudibus
1307 625 1321 650 ,
1343 585 1450 639 sed
1473 583 1772 652 maioribus
1796 581 2094 636 maculasse

505 678 840 736 criminibus.
893 677 1006 748 Ego
1045 692 1172 733 vero
1198 691 1306 732 non
1335 674 1680 732 Aristotelem
1720 672 1804 729 vel
1833 673 2096 745 Chrysip-

496 789 655 842 pum,
697 771 867 828 multo
903 772 1089 828 minus
1115 785 1310 825 vanum
1343 784 1468 824 cum
1507 783 1601 823 sua
1649 766 1966 837 loquacitate
1996 764 2094 820 Ju-

496 865 727 930 lianum,
771 864 1083 934 magistrum
1122 861 1360 918 delector
1390 860 1620 924 habere;
1665 859 1760 915 sed
1799 856 2092 921 Christum,

444 982 450 1010 ς
499 959 597 1028 qui
617 956 864 1027 profecto
894 957 995 1011 nisi
1029 964 1214 1013 natura
1251 956 1491 1010 humana
1531 969 1778 1025 magnum
1824 963 1967 1008 esset
1993 953 2095 1007 bo-

439 1091 448 1118 ,
503 1065 654 1114 num,
687 1064 791 1102 non
819 1063 919 1118 pro
955 1048 1039 1104 illa
1069 1047 1231 1102 homo
1257 1048 1431 1111 ﬁeret,
1455 1062 1577 1101 cum
1607 1047 1753 1102 Deus
1777 1054 1966 1112 esset;
1996 1044 2098 1100 nisi

440 1123 453 1209 ἓ
505 1155 703 1209 magno
748 1139 1120 1210 peccatimalo
1149 1146 1354 1193 mortua
1393 1146 1556 1203 esset,
1587 1152 1694 1192 non
1737 1152 1837 1208 pro
1865 1136 1957 1191 illa
1984 1131 2101 1191 mo-

440 1218 447 1302 ξ
505 1241 738 1299 reretur,
757 1247 879 1288 cum
909 1232 1025 1287 sine
1052 1241 1268 1302 peccato
1305 1231 1420 1301 ipse
1447 1230 1681 1286 venisset
1712 1238 1767 1285 et
1793 1229 2095 1285 mansisset.

507 1322 716 1382 Rursus
754 1334 961 1390 tamen,
1005 1326 1154 1394 quasi
1195 1339 1300 1379 non
1321 1323 1424 1379 tibi
1465 1335 1663 1380 natura
1701 1323 1934 1378 humana
1983 1321 2098 1379 sul-

510 1416 674 1486 ficiat,
723 1434 843 1488 qua:
895 1417 1013 1476 talis
1048 1417 1116 1474 de
1142 1417 1428 1483 adulteris,
1471 1418 1642 1487 qualis
1677 1417 1748 1472 de
1786 1416 2102 1488 coniugibus

503 1509 766 1576 nascitur,
811 1509 881 1566 de
927 1510 1163 1566 bonitate
1203 1526 1301 1563 nos
1349 1519 1504 1579 putas
1545 1509 1812 1580 urgendos
1848 1524 1970 1564 esse
1999 1525 2099 1562 nu-

509 1600 759 1670 ptiarum,
793 1614 1040 1670 quaerens
1061 1600 1192 1670 quid
1237 1610 1397 1670 agant
1426 1602 1478 1655 in
1517 1601 1686 1656 rebus
1734 1601 2003 1666 humanis,
2056 1600 2102 1654 si

503 1707 688 1762 neque
730 1691 930 1746 malum
967 1691 1100 1762 ipsis
1133 1692 1510 1762 imputandum
1560 1701 1663 1758 est,
1716 1692 1859 1762 quod
1891 1708 1994 1746 non
2033 1692 2104 1748 de

507 1783 641 1852 illis,
685 1784 777 1840 sed
813 1784 888 1840 de
923 1784 1106 1840 vitiata
1153 1801 1246 1856 per
1273 1795 1551 1856 peccatum
1594 1785 1797 1855 origine
1840 1785 2099 1852 trahitur;

512 1891 688 1946 neque
714 1877 934 1942 bonum,
962 1879 1086 1948 quia
1133 1877 1294 1934 homo
1337 1878 1500 1934 etiam
1527 1877 1597 1935 de
1643 1878 1902 1935 adulteris
1930 1879 2105 1934 nasci-

515 1979 620 2024 tur.
655 1969 725 2026 Et
748 1971 872 2040 quia
891 1971 1229 2028 honestatem
1249 1974 1510 2028 connubii
1539 1988 1567 2027 a
1590 1973 1908 2028 concubitus
1936 1973 2103 2028 illiciti

511 2063 844 2134 turpitudine
861 2066 1165 2121 invenimus
1193 2081 1313 2122 esse
1343 2067 1647 2133 discretam,
1679 2068 1805 2122 hinc
1831 2067 2105 2124 existimas

513 2154 725 2222 conﬁci,
755 2156 960 2212 nullum
999 2158 1261 2228 originale
1301 2159 1504 2214 malum
1550 2143 1689 2216 trahi
1727 2159 1796 2215 de
1837 2159 2104 2231 coniugali

513 2249 829 2317 concubitu;
877 2265 983 2306 non
1045 2252 1275 2319 intuens,
1332 2253 1477 2324 quod
1523 2254 1570 2310 si
1599 2253 1860 2310 connubii
1908 2255 2105 2310 bonum

515 2354 678 2397 causa
701 2353 843 2400 esset
891 2359 956 2398 ne
997 2345 1195 2400 malum
1233 2347 1533 2412 traherent,
1570 2347 1671 2416 qui
1699 2346 1765 2401 de
1791 2348 2106 2418 coniugibus

515 2446 864 2493 nascerentur
889 2454 904 2502 ;
937 2439 1178 2507 profecto
1197 2437 1445 2494 adulterii
1471 2439 1666 2494 malum
1695 2454 1857 2496 causa
1877 2449 2024 2496 esset
2050 2451 2108 2496 ut

516 2528 719 2584 malum
753 2528 1047 2598 traherent,
1086 2531 1177 2600 qui
1205 2529 1274 2586 de
1311 2530 1574 2587 adulteris
1604 2541 1970 2588 nascerentur.
1997 2533 2108 2588 ila-

514 2619 647 2676 bent
669 2619 832 2692 igitur
857 2622 913 2677 in
951 2621 1116 2679 rebus
1135 2622 1388 2680 humanis
1413 2622 1705 2680 honestum
1745 2625 1920 2681 locum
1950 2641 2106 2681 suum

518 2713 740 2784 nuptiae,
779 2729 888 2770 non
924 2723 981 2770 ut
1009 2715 1265 2772 homines
1305 2727 1619 2785 nascantur,
1668 2717 1759 2788 qui
1804 2719 1905 2774 etsi
1960 2719 2108 2774 nulla

413 2798 426 2821 ’
519 2805 822 2875 nuptiarum
853 2807 994 2878 lege,
1019 2809 1256 2866 naturali
1300 2826 1396 2866 usu
1438 2811 1635 2880 passim
1678 2826 1846 2867 sexus
1887 2821 2110 2883 uterque

509 2900 921 2969 concumberet,
963 2903 1146 2972 utique
1185 2914 1562 2971 nascerentur;
1611 2904 1712 2962 sed
1760 2914 1820 2961 ut
1864 2906 2109 2962 ordinata

519 2992 902 3062 prepagatione
946 3003 1279 3062 nascantur;
1337 3006 1392 3052 et
1437 2997 1890 3069 quemadmodum
1957 3007 2110 3068 partu

519 3093 682 3140 certa:
717 3093 842 3141 sunt
869 3098 1088 3154 matres,
1120 3088 1192 3144 ita
1237 3088 1343 3144 ﬁde
1368 3088 1602 3162 coniugii
1641 3090 1941 3146 habeantur
1977 3091 2111 3146 certi

515 3182 576 3230 et
600 3184 780 3246 patres
810 3195 823 3230 ε
855 3185 912 3233 et
939 3193 1014 3236 ne
1037 3187 1127 3234 tua
1148 3180 1400 3250 pudenda
1430 3191 1679 3252 suscepta
1719 3197 1814 3252 per
1849 3183 2114 3252 quaslibet

519 3267 746 3327 feminas
778 3281 924 3328 tanto
942 3274 1179 3345 turpius,
1217 3284 1417 3344 quanto
1459 3275 1678 3331 liberius
1703 3285 1975 3346 evagetur.
2004 3276 2113 3332 Sed

523 3379 632 3420 non
672 3365 797 3436 quia
833 3366 906 3423 de
951 3366 1148 3439 nuptiis
1187 3378 1339 3424 certo
1374 3369 1621 3440 genitore
1661 3368 1824 3426 homo
1854 3370 2110 3438 nascitur,

524 3456 648 3514 ideo
668 3473 774 3515 non
801 3458 1004 3531 indiget
1029 3462 1296 3517 salvatore
1333 3477 1428 3532 per
1454 3474 1972 3543 quenwnascatur,
1999 3471 2058 3519 ut
2083 3481 2113 3519 a

521 3549 668 3606 malo
701 3552 858 3607 cum‘
885 3568 994 3625 quo
1033 3555 1290 3620 nascitur,
1332 3555 1605 3612 liberetur.
1647 3555 1762 3611 Non
1801 3568 1882 3612 est
1923 3558 2106 3628 itaque

521 3640 578 3696 in
598 3643 898 3712 connubiis,
942 3654 997 3700 ut
1025 3661 1136 3700 nos
1171 3646 1359 3702 dicere
1411 3647 1779 3716 calumniaris,
1827 3648 2112 3703 criminosa

516 3736 869 3793 commixtio:
898 3737 994 3794 sed
1044 3738 1164 3794 ideo
1199 3739 1463 3796 laudanda
1505 3749 1589 3796 est
1625 3740 1910 3812 coniugum
1954 3743 2114 3796 casti-

524 3832 626 3894 tas,
665 3827 789 3899 quia
827 3827 942 3884 sola
969 3839 1147 3900 potest
1180 3829 1320 3888 bene
1363 3831 1440 3888 uti
1461 3832 1631 3898 :malo,
1669 3833 1812 3903 quod
1851 3844 1906 3888 tu
1933 3831 2115 3889 defor-

521 3919 681 3976 miter
705 3921 910 3976 laudas.

595 4007 786 4065 XXIV.
824 4011 944 4068 ιω..
988 4012 1080 4068 llis
1100 4013 1259 4084 igitur
1276 4015 1533 4072 absolutis
1553 4016 1639 4072 vel
1667 4016 1908 4072 breviter
1931 4027 2113 4073 osten-

525 4099 672 4168 dam,
690 4117 850 4172 quam
873 4104 1059 4174 iaceas
1085 4105 1139 4160 in
1167 4104 1432 4177 profundo
1462 4107 1796 4178 ignorantiae,
1815 4108 1905 4179 qui
1928 4108 2116 4167 hacte-

527 4207 627 4248 nus
663 4193 1045 4252 subtilissimus
1089 4207 1144 4251 et
1179 4197 1520 4253 acutissimus
1549 4199 1835 4255 habebare.
1884 4200 2028 4256 Dicis
2067 4211 2116 4256 te

523 4293 733 4342 natura;
759 4285 1067 4344 adscribere
1087 4289 1316 4357 crimen,
1357 4290 1500 4361 quod
1517 4291 1718 4346 transit
1757 4292 1809 4346 in
1853 4293 2113 4358 sobolem,

527 4394 636 4436 non
679 4387 860 4437 tamen
901 4381 958 4437 in
1005 4383 1237 4454 nuptiis’
1265 4383 1440 4440 :sicut
1477 4401 1509 4440 e
1550 4385 1799 4456 regione,
1837 4385 2115 4441 hominum

521 4485 732 4532 natura:
774 4475 1031 4546 applicas,
1064 4492 1171 4533 non
1208 4477 1430 4550 ﬂagitio.
1455 4479 1532 4534 Et
1569 4479 1694 4535 ideo
1720 4479 1873 4550 lingis
1918 4489 1968 4536 te
1996 4480 2116 4550 qui-

527 4567 652 4623 dem
697 4568 915 4626 laudare
959 4570 1306 4638 connubium,
1359 4587 1429 4627 ne
1465 4581 1652 4643 aperte
1699 4571 2117 4642 deprehendaris

527 4657 884 4727 Manichacus;
932 4661 1028 4718 sed
1077 4664 1346 4733 vituperas
1395 4672 1661 4728 naturam,
1701 4664 1785 4718 cui
1823 4673 1876 4720 et
1919 4663 2117 4719 malum

525 4748 727 4816 inesse,
755 4761 807 4805 et
835 4751 904 4807 de
937 4768 1040 4822 qua
1057 4755 1343 4824 prOpagari
1365 4757 1566 4810 malum
1594 4754 1794 4811 fateris.
1839 4755 2116 4826 Nunquam

529 4839 693 4912 igitur
719 4843 902 4898 audire
945 4846 1157 4914 potuisti
1183 4845 1556 4914 disputationis
1597 4848 1805 4916 regulas
1845 4858 1900 4903 et
1941 4849 2117 4903 sanis.-

526 4932 679 4988 simm
701 4933 988 4990 constituta
1025 4938 1293 4993 rationis?
1323 4937 1379 4991 In
1399 4939 1654 4996 omnibus
1684 4941 1824 4995 enim
1855 4941 2118 5012 praedica-

522 5026 724 5082 mentis
747 5026 866 5096 plus
890 5027 1283 5097 amplectuntur
1299 5044 1522 5100 genera,
1549 5046 1707 5101 quam
1730 5033 1969 5101 species;
1997 5032 2120 5088 inde

521 5127 711 5176 autem
755 5121 915 5176 etiam
965 5121 1096 5178 ﬁunt
1147 5139 1343 5195 genera
1381 5125 1686 5182 subalterna
1729 5143 1743 5180 :
1777 5127 1893 5195 plus
1941 5135 2119 5182 autem

523 5215 761 5287 species,
787 5230 948 5286 quam
977 5217 1178 5283 atomi;
1207 5228 1441 5290 suntque
1463 5233 1660 5290 genera
1687 5220 1882 5290 quibus
1911 5221 2120 5298 species

525 5305 890 5372 continentur,
935 5309 1142 5378 species
1180 5317 1358 5366 autem
1402 5311 1662 5382 speciales
1689 5311 1882 5382 quibus
1919 5312 2116 5368 indivi-

524 5399 635 5460 dua
679 5400 1085 5457 concluduntur.
1127 5401 1391 5458 Minorum
1438 5418 1566 5475 ergo
1613 5405 1902 5474 quassatio,
1953 5419 2120 5475 supe-

531 5492 672 5547 riora
703 5507 815 5548 non
841 5493 1046 5564 quatit;
1087 5493 1364 5565 superiora
1387 5509 1515 5550 vero
1541 5496 1750 5552 casibus
1775 5498 1888 5552 suis
1915 5498 2116 5564 omnia,

530 5601 654 5657 qua:
687 5587 1201 5658 complectebantur,
1239 5587 1533 5644 involvunt.
1573 5589 1740 5645 ‘Verbi
1765 5590 1953 5660 gratia,
1999 5590 2118 5643 ani-

611 5772 618 5797 τ
644 5765 1007 5834 ιῆσωετῑᾳδηι
1040 5781 1072 5819 a
1093 5767 1221 5820 mata
1241 5781 1335 5834 quo
1354 5767 1590 5833 nascitur;
1611 5768 1894 5831 addidimus,
1907 5783 2036 5830 cum,
2057 5782 2123 5821 ex

532 5827 629 5892 ﬁde
651 5827 1100 5892 manuscriptorum.

599 5891 620 5922 ί
651 5889 814 5964 codex
837 5883 988 5964 post,
1024 5905 1119 5945 non
1149 5899 1308 5946 tamen
1345 5883 1401 5946 in
1423 5894 1631 5962 nuptias.
1671 5901 1809 5947 Forte
1833 5892 2120 5960 legendum,

535 5963 632 6003 tum
654 5957 814 6004 tranat
831 5957 1028 6018 nuptiis.

1178 467 1423 527 OPEBIS
1459 467 1868 525 IMPEBFEGTI
1909 465 2184 526 CONTRA
2220 464 2577 529 JULIANUM,
2617 469 2674 524 S.
2718 467 3089 527 AUGUSTINI

2199 688 2385 729 versas
2425 676 2633 744 species
2670 675 3098 745 comprehendit,
3129 676 3333 732 scilicet
3358 676 3615 743 hominis,
3651 676 3795 746 equi,

2203 766 2376 832 bovis,
2419 775 2522 822 etc.
2547 765 2608 822 Si
2637 782 2765 837 ergo
2797 777 2991 837 pereat
3039 783 3142 822 una
3178 768 3410 849 species,
3451 783 3631 839 genus
3674 767 3799 823 illud

2206 875 2313 914 non
2342 859 2503 914 sentit
2527 859 2747 914 exitium
2778 877 2794 914 :
2825 857 2908 917 fac
2930 861 3074 916 cutim
3103 868 3160 915 ut
3199 861 3269 915 de
3295 860 3475 925 rebus,
3506 861 3669 923 boum
3709 876 3800 914 na-

2197 962 2323 1007 tura
2352 951 2600 1018 deﬁciat;
2629 967 2796 1022 genus
2835 952 3084 1008 nimirum
3129 955 3505 1023 interemptum
3545 968 3654 1007 non
3697 961 3796 1018 est,

2205 1045 2431 1100 aliorum
2463 1044 2768 1100 animalium
2796 1055 3142 1114 permanente
3181 1054 3386 1100 natura.
3418 1045 3483 1099 At
3512 1053 3729 1111 contra,
3757 1044 3802 1099 si

2207 1136 2310 1191 hoc
2351 1136 2493 1208 quod
2545 1147 2626 1191 est
2673 1137 2891 1204 animal,
2941 1137 3213 1193 auferatur
3255 1139 3322 1193 de
3367 1138 3562 1203 rebus;
3611 1149 3804 1191 omnes

2203 1227 2324 1284 sine
2339 1228 2509 1283 dubie
2535 1229 2764 1299 species,
2794 1245 2914 1300 quae
2961 1229 3064 1286 hoc
3088 1245 3287 1300 genere
3313 1224 3801 1296 concludebantur,

2199 1322 2514 1378 intereunt:
2541 1323 2683 1380 nulla
2723 1323 2867 1378 enin
2897 1323 3208 1380 remanebit
3244 1325 3450 1394 species
3483 1322 3801 1390 animantis,

2209 1416 2423 1471 animali
2457 1417 2672 1487 penitus
2701 1418 3039 1488 interempto.
3088 1419 3166 1474 Ea
3205 1433 3337 1489 ergo
3361 1435 3483 1490 quae
3525 1419 3809 1488 superiora

2209 1521 2353 1573 sum,
2375 1519 2611 1566 eventus
2639 1525 2766 1567 suos
2783 1521 2944 1582 atque
2973 1511 3164 1566 merita
3189 1512 3490 1582 speciebus,
3519 1526 3665 1582 quas
3695 1526 3810 1566 am-

2211 1604 2532 1674 plectuntur,
2573 1605 2884 1674 impertiunt
2915 1622 2928 1657 :
2953 1619 3059 1659 non
3087 1615 3268 1660 tamen
3298 1604 3550 1669 recurrit,
3602 1613 3662 1658 ut
3688 1619 3810 1671 spe-

2201 1697 2416 1752 cierum
2475 1712 2694 1754 suarum
2743 1697 2894 1767 quasi
2937 1696 3397 1752 necessitudinum
3440 1695 3812 1767 qurumdam

2214 1789 2557 1844 variantibus
2577 1798 2976 1858 permutentur.
3009 1789 3180 1860 thue
3204 1789 3271 1844 ad
3293 1805 3516 1844 causan
3547 1789 3812 1843 referatur

2205 1881 2514 1951 exemplum
2557 1899 2572 1936 :
2617 1890 2819 1937 natura}
2863 1882 3108 1937 humanm
3143 1883 3469 1953 generalitas
3513 1881 3812 1936 institutio-

2155 2041 2158 2044 .
2211 1988 2340 2028 num
2361 1975 2374 2004 ¹
2397 1973 2539 2028 infra
2588 1989 2647 2030 se
2687 1976 2982 2030 locatorum
3021 1989 3197 2045 genus
3235 1973 3499 2045 quoddam
3547 1981 3672 2038 est;
3703 1974 3814 2029 lucc

2157 2133 2160 2136 g
2213 2065 2360 2121 velut
2393 2065 2602 2135 species
2627 2065 2811 2134 habet,
2842 2067 2896 2120 in
2939 2067 3066 2130 situ,
3102 2068 3154 2121 in
3197 2065 3475 2132 membris,
3509 2063 3564 2118 in
3605 2064 3814 2118 ordini-

2216 2157 2335 2225 bus,
2379 2159 2430 2212 in
2453 2159 2714 2225 motibus,
2744 2158 2828 2215 vel
2856 2159 2975 2217 aliis
3021 2159 3074 2214 id
3105 2175 3301 2230 genus.
3324 2158 3656 2226 Qualitatem
3689 2171 3815 2226 ergo

2213 2264 2363 2306 suam
2383 2251 2632 2306 munibus
2649 2251 2940 2322 suppositis
2964 2251 3248 2321 speciebus
3273 2251 3514 2321 impertit
3546 2267 3560 2303 :
3590 2264 3712 2304 non
3741 2257 3814 2302 ta-

2207 2360 2336 2398 men
2365 2345 2744 2400 obnoxiaretur
2778 2346 2867 2399 sui
2880 2347 2924 2409 ³.,
2947 2353 3014 2398 (ut
3055 2345 3319 2398 minorum
3351 2358 3379 2395 a
3417 2358 3476 2396 se
3503 2356 3693 2396 rerum
3723 2355 3815 2410 pe-

2215 2437 2396 2492 riculis
2431 2437 2739 2492 misceatur.
2771 2436 2830 2492 Si
2857 2453 2986 2507 ergo
3023 2445 3214 2492 natura
3239 2437 3594 2505 vituperetur,
3637 2443 3698 2490 et
3725 2434 3816 2489 ob-

2216 2529 2377 2584 noxia
2421 2529 2637 2585 diabolo
2689 2545 2888 2600 resque
2931 2529 3202 2595 credatur,
3245 2529 3553 2599 coniugium
3599 2543 3817 2598 quoque

2212 2623 2359 2694 quod
2381 2623 2491 2678 sub
2535 2622 2623 2678 illa
2661 2631 2766 2687 est,
2805 2632 2860 2677 et
2903 2623 3217 2689 fecunditas,
3261 2628 3324 2677 et
3367 2620 3670 2675 substantia
3705 2628 3816 2674 tota

2216 2717 2574 2773 damnabitur.
2625 2718 2742 2773 Non
2785 2728 2968 2789 .potest
3005 2733 3136 2788 ergo
3184 2717 3386 2773 laudari
3430 2715 3812 2782 conubium,

2215 2813 2358 2883 quod
2389 2812 2454 2867 ﬁt
2496 2812 2794 2868 secundum
2836 2821 3104 2879 naturam,
3151 2811 3198 2867 si
3237 2821 3429 2867 natura
3461 2813 3577 2882 ipsa
3629 2827 3818 2880 repre-

2217 2905 2486 2961 henditur.
2521 2905 2919 2960 Commoriatur
2957 2920 3180 2975 necesse
3214 2915 3303 2958 est
3344 2904 3509 2959 radici
3547 2918 3670 2959 sum
3694 2918 3816 2973 ger-

2219 2998 2420 3054 minum
2470 2999 2800 3056 succisorum
2829 3010 3077 3054 venustas
3103 3017 3115 3052 :
3143 3008 3199 3054 et
3237 3007 3293 3052 ut
3341 3014 3454 3054 rem
3497 2999 3672 3068 ipsum
3711 2998 3818 3067 pla-

2218 3093 2339 3148 nius
2380 3093 2625 3162 eloquar,
2665 3106 2771 3147 non
2804 3099 2980 3162 potest
3023 3092 3124 3146 dici
3156 3092 3356 3148 bonum
3406 3091 3686 3162 negotium
3723 3107 3818 3145 au-

2213 3185 2468 3256 ptiarum,
2511 3185 2557 3239 si
2596 3184 2906 3239 commixtio
2941 3185 3208 3238 naturalis
3232 3183 3515 3254 arguitur;
3559 3183 3820 3252 quoniam

2217 3277 2361 3347 quod
2401 3276 2738 3346 depretiatur'
2763 3277 3054 3347 ingenere,
3083 3279 3172 3332 cui
3216 3276 3613 3332 indivisibiliter
3643 3275 3819 3330 adita:-

2221 3378 2322 3436 ret,
2366 3369 2416 3422 in
2441 3366 2624 3438 specie
2666 3366 2849 3437 nequit
2892 3367 3162 3422 honorari.
3201 3367 3367 3422 Porro
3395 3381 3518 3420 cum
3551 3366 3696 3420 mala
3725 3381 3816 3418 vo-

2221 3461 2396 3516 luntas
2421 3461 2788 3516 instrumentis
2816 3460 3148 3516 naturalibus
3187 3459 3253 3514 ad
3276 3459 3478 3529 ﬂagitia
3518 3458 3717 3524 utitur,
3741 3457 3817 3511 vis

2221 3552 2310 3606 illa
2347 3552 2633 3622 voluptatis
2657 3560 2714 3608 et
2755 3551 2996 3618 seminis,
3029 3568 3148 3622 qua:
3173 3567 3451 3622 nunquam
3490 3565 3591 3620 pro
3617 3565 3816 3606 coeunt.

2222 3647 2351 3700 tium
2379 3645 2650 3701 voluntate
2679 3645 2933 3712 variatur,
2976 3645 3175 3700 nullam
3209 3644 3409 3714 patitur
3445 3643 3698 3698 criminis
3737 3656 3817 3697 so-

2222 3739 2505 3804 cietatem;
2534 3737 2630 3794 sed
2665 3739 2943 3793 materiam
2973 3738 3329 3808 Deoprzestat
3365 3736 3633 3806 aperanti,
3668 3734 3814 3805 ﬂagi-

2223 3832 2458 3903 tiumque
2485 3831 2834 3887 adulterantis
2849 3830 3192 3886 solummodo
3213 3832 3390 3902 arguit
3409 3829 3690 3896 meritum,
3714 3843 3816 3882 non

2221 3935 2446 3980 naturae.
2502 3922 2636 3980 Cum
2688 3925 2846 3995 igitur
2897 3923 2964 3980 de
3012 3923 3342 3978 naturalibus
3387 3921 3810 3992 diSputaremus,

2221 4017 2546 4087 perobtunse
2601 4025 2848 4072 naturam
2895 4015 3189 4086 reprobans
3234 4013 3502 4069 connubia
3550 4009 3811 4074 laudasti;

2221 4124 2343 4164 cum
2383 4107 2784 4164 irrefutabiliter
2805 4115 3017 4163 constet
3047 4121 3220 4178 genus
3253 4105 3538 4176 speciebus
3562 4105 3676 4160 suis
3699 4119 3818 4173 par-

2223 4202 2469 4274 ticiparc,
2503 4201 2760 4272 quidquid
2782 4201 3090 4270 exceperit:
3123 4209 3178 4255 et
3207 4199 3328 4255 ideo
3351 4209 3449 4254 aut
3477 4213 3629 4264 usus,
3659 4211 3816 4267 quem

2226 4296 2522 4350 naturalem
2561 4297 2854 4366 Apostolus
2889 4295 3036 4361 dicit,
3071 4295 3245 4350 bonus
3279 4294 3658 4366 legitimusque
3694 4307 3818 4348 cen-

2225 4387 2449 4452 sebitur,
2493 4398 2550 4442 et
2585 4396 2743 4443 erunt
2785 4386 3009 4442 honesta
3051 4387 3321 4455 coniugia,
3361 4384 3677 4454 nullumque
3716 4382 3820 4437 erit

2227 4480 2468 4534 naturale
2496 4489 2811 4549 peccatum;
2844 4487 2933 4533 aut
2955 4480 3008 4533 si
3051 4476 3289 4532 creditur
3309 4484 3508 4530 natura
3551 4489 3675 4530 esse
3699 4473 3816 4529 dia-

2225 4573 2418 4638 bolica,
2470 4581 2527 4627 ut
2569 4573 2638 4626 sit
2675 4571 2936 4642 originale
2975 4579 3278 4641 peccatum,
3319 4569 3579 4625 connubii
3609 4583 3819 4640 quoque

2225 4682 2356 4722 usus
2383 4665 2701 4721 damnabilis
2721 4663 3175 4734 pronuntiabitur.
3222 4662 3292 4717 Et
3330 4677 3441 4717 non
3479 4661 3699 4732 quidem
3727 4675 3817 4715 so-

2217 4763 2360 4830 brie,
2399 4778 2465 4817 ex
2493 4770 2682 4831 aperto
2709 4771 2886 4815 tamen
2918 4759 3333 4816 Manichaeorum
3365 4757 3565 4828 dogma
3591 4755 3818 4824 suscipi-

2218 4865 2353 4911 tur:
2384 4853 2528 4926 quod
2572 4854 2823 4925 quoniam
2879 4856 3148 4908 funestum
3189 4860 3305 4916 est,
3347 4865 3455 4906 nec
3507 4850 3653 4920 apud
3700 4848 3818 4904 illos

2225 4946 2514 5018 quidquam
2549 4955 2633 5001 est
2658 4953 2752 5002 aut
2777 4944 3038 5013 veritatis,
3065 4952 3156 4999 aut
3183 4943 3501 5008 honestatis,
3524 4951 3624 4998 aut
3662 4939 3818 5006 ﬁdei;

2228 5041 2367 5112 apud
2402 5040 2576 5096 nullos
2601 5049 2778 5096 autem
2805 5040 2939 5095 alios
2975 5038 3155 5109 Opinio
3187 5045 3365 5109 potest
3403 5036 3666 5093 naturalis
3702 5048 3823 5090 esse

2229 5134 2468 5204 peccati;
2514 5141 2573 5187 ut
2617 5147 2718 5188 nos
2760 5131 3082 5196 catholicos,
3107 5130 3188 5186 ita
3213 5145 3309 5186 vos
3329 5139 3545 5186 constat
3567 5143 3687 5185 esse
3706 5127 3821 5181 lla-

2227 5229 2429 5284 chaos.

2300 5319 2434 5374 Anc.
2468 5319 2548 5374 Tu
2581 5327 2728 5374 certe
2755 5318 2823 5374 de
2857 5318 3050 5374 arbore
3079 5317 3288 5373 locutus
3315 5332 3374 5372 es
3394 5358 3411 5384 ,
3453 5325 3518 5371 et
3561 5313 3823 5370 fructibus

2227 5428 2296 5467 ex
2319 5412 2510 5483 quibus
2535 5412 2696 5467 arbor
2721 5411 3027 5482 agnoscitur
3045 5452 3060 5476 ,
3103 5425 3225 5465 cum
3257 5411 3310 5464 in
3343 5408 3448 5464 hac
3474 5405 3825 5464 similitudine

2223 5506 2532 5578 coniugium
2563 5507 2870 5578 prolemque
2897 5503 3299 5574 intelligendam
3319 5511 3605 5573 putasses,
3636 5500 3824 5555 exclu-

2295 5646 2312 5677 ί
2349 5645 2486 5706 Editi,
2518 5642 2859 5696 irritatiomtm.
2884 5651 3035 5694 vetus
3061 5642 3220 5693 codex
3243 5648 3354 5706 Mar.
3374 5677 3388 5700 ,
3418 5638 3717 5706 Matianum.
3771 5645 3828 5685 Αι

2230 5707 2372 5767 infra,
2394 5697 2500 5769 cap.
2522 5708 2602 5768 ’40,
2625 5707 2677 5757 in
2698 5707 3018 5769 responsione
3045 5705 3290 5769 Augustini
3330 5697 3460 5754 hunc
3477 5704 3639 5766 1(6qu
3661 5697 3830 5748 locum

2229 5772 2422 5821 citantis
2443 5767 2616 5819 Omnes
2637 5770 2749 5819 libri
2772 5767 2971 5832 habent,
3000 5767 3362 5832 institutionum.
3449 5825 3462 5832 _
3526 5825 3556 5832 7_
3687 5829 3703 5832 _
3740 5825 3750 5832 _

2295 5835 2314 5863 ί
2348 5834 2505 5881 Codex
2546 5840 2690 5891 Port.,
2714 5830 2920 5882 obnoxia
2937 5825 3097 5880 reatus
3133 5830 3222 5880 sui.
3241 5856 3303 5891 ἡ
3319 5825 3484 5891 Morel,
3507 5825 3827 5891 Elem._(_rit.,

2231 5907 2342 5956 pag.
2367 5893 2599 5953 531,333,
2626 5885 2766 5956 legit,
2810 5892 3015 5945 obnoxia
3059 5889 3430 5952 recursui.Quaa
3452 5885 3599 5941 lectio
3627 5885 3832 5938 videtur

2231 5955 2425 6008 diliicile
2447 5955 2760 6009 admittenda.
2829 5962 2886 6005 tu.

3666 463 3802 521 1460
3893 487 3895 489 ί

2195 580 2312 635 πηιι
2335 595 2503 650 genus
2535 590 2619 636 est
2646 598 2658 634 :
2689 581 2784 636 sed
2815 582 3091 637 latitudine
3119 596 3231 638 sua:
3274 581 3684 654 signiﬁcationis
3709 579 3800 638 di-
