3962 6480
217 439 339 498 ηθι

215 566 298 607 sus
326 545 470 612 inde,
501 543 624 617 quia
651 550 708 598 et
722 539 791 598 de
818 537 1099 595 concubitu
1128 531 1426 590 adulterino
1463 534 1640 599 potest
1674 521 1793 577 talis

219 645 442 701 existere
468 639 702 703 fructus,
744 633 810 690 ad
838 643 1082 689 naturam
1117 627 1316 699 fugisti.
1361 621 1472 678 Nec
1499 621 1666 675 latere
1695 629 1794 670 nos

222 735 464 807 fugientis
504 731 759 787 transitus
788 727 959 799 potuit
990 744 1002 779 :
1036 724 1089 779 in
1117 720 1295 777 verbis
1321 717 1465 774 enim
1493 713 1631 778 tuis,
1677 722 1798 781 qua:

223 844 355 885 nunc
383 822 818 883 commemorabo
838 863 854 890 ,
899 819 1030 875 satis
1057 815 1331 873 evidenter
1355 806 1618 881 apparuit.
1667 801 1803 858 Aisti

221 921 358 978 enim
387 920 610 990 loquens
647 915 714 971 ad
753 930 839 969 me
880 913 1052 983 ipsum
1084 928 1098 964 :
1132 927 1152 962 ι
1186 903 1357 962 Simili
1393 899 1642 957 acumine
1678 891 1808 950 illud

220 1026 431 1084 quoque
460 987 791 1065 labefactare
830 1003 1080 1067 conaris,
1130 998 1269 1071 quod
1317 995 1456 1062 dixi,
1503 987 1809 1048 testimonio

222 1102 546 1175 evangelico,
566 1117 631 1156 ex
655 1097 912 1155 fructibus
932 1095 1042 1150 suis
1062 1091 1254 1148 debere
1271 1089 1516 1143 arborem
1530 1079 1808 1153 cognosci;

224 1207 278 1252 ut
298 1194 674 1256 ostenderem,
712 1209 730 1243 ι
786 1188 993 1260 inquis,
1031 1204 1050 1238 ς
1084 1181 1226 1255 quod
1256 1181 1459 1236 clarum
1487 1185 1603 1242 est,
1633 1169 1815 1228 doceri

225 1291 362 1345 bona
393 1303 496 1343 non
537 1300 692 1357 posse
717 1281 996 1351 coniugia;
1036 1277 1144 1332 imo
1189 1275 1356 1345 ipsam
1385 1280 1628 1324 naturam
1652 1307 1668 1330 ,
1699 1277 1817 1334 qua:

223 1379 597 1451 coniugiorum
644 1375 956 1447 operatione
1002 1368 1320 1440 suppletur,
1370 1378 1471 1417 nec
1521 1357 1615 1414 Dei
1661 1367 1820 1427 posse

228 1473 381 1544 operi
424 1469 722 1537 vindicari,
769 1467 812 1522 si
847 1465 916 1521 de
955 1480 1016 1518 ea
1044 1461 1352 1517 dicerentur
1389 1451 1613 1509 crimina
1647 1447 1820 1518 pullu-

227 1542 359 1621 lare.
396 1583 416 1617 ι
469 1563 563 1619 llis
589 1564 698 1617 tuis
738 1559 895 1620 dictis
920 1553 1175 1628 aperuisti
1214 1550 1350 1621 fugae
1377 1557 1480 1602 tua:
1520 1542 1818 1605 transitum,

227 1657 518 1714 nominatis
536 1653 796 1725 coniugiis
823 1648 1065 1706 addendo
1091 1655 1145 1702 et
1183 1640 1439 1706 dicendo,
1473 1657 1489 1690 ι
1523 1637 1630 1691 imo
1658 1635 1825 1704 ipsam

231 1763 477 1809 naturam
504 1793 520 1818 ,
566 1765 685 1822 qua:
727 1744 1098 1816 coniugiorum
1123 1737 1435 1810 operatione
1462 1731 1761 1802 suppletur.
1803 1742 1824 1778 ι

235 1844 529 1902 Distinxisti
571 1819 699 1914 ergo
737 1840 844 1896 duo
890 1839 1025 1903 ista,
1074 1834 1316 1902 satisque
1362 1823 1645 1884 ostendisti
1687 1819 1832 1877 aliud

232 1955 356 1997 esse
381 1947 650 2002 naturam,
679 1931 823 1988 aliud
852 1928 1119 1999 coniugia,
1145 1938 1374 1997 quorum
1400 1917 1710 1990 operatione
1741 1929 1836 1967 na-

235 2044 355 2089 tura
385 2029 681 2100 suppletur.
725 2023 861 2094 Quid
903 2031 1138 2091 estergo
1181 2015 1324 2089 quod
1354 2022 1541 2085 postea
1581 2018 1833 2064 naturam

237 2140 447 2198 genus,
488 2121 709 2192 eiusque
751 2117 985 2188 speciem
1016 2113 1096 2168 vis
1122 2126 1244 2168 esse
1282 2104 1628 2178 coniugium?
1673 2102 1837 2156 Num-

238 2196 370 2289 quid
403 2216 567 2271 ullum
592 2227 762 2284 genus
797 2207 992 2282 Speciei
1022 2221 1133 2261 suae
1173 2203 1330 2258 ullius
1369 2196 1681 2268 operatione
1709 2209 1839 2263 sup-

242 2288 462 2382 pletur?
507 2306 624 2362 Non
664 2305 848 2376 utique
876 2319 889 2355 :
916 2315 1091 2371 neque
1129 2297 1271 2353 enim
1315 2291 1542 2356 animal,
1590 2288 1729 2360 quod
1759 2293 1844 2342 est

242 2379 418 2478 genus
442 2446 458 2472 ,
490 2401 764 2473 suppletur
802 2395 1111 2468 Operatione
1150 2389 1415 2451 hominis,
1458 2384 1539 2440 vel
1569 2381 1690 2454 equi
1716 2423 1729 2446 ,
1760 2379 1844 2434 vel

243 2497 400 2552 bovis
420 2538 435 2565 ,
465 2494 548 2550 vel
585 2492 804 2547 alterius
828 2488 1054 2557 alicuius
1077 2483 1286 2555 pecoris
1309 2523 1323 2547 ,
1356 2477 1498 2550 quod
1529 2475 1735 2546 species
1764 2480 1847 2527 est

243 2589 464 2662 generis
514 2587 655 2641 illius
698 2603 711 2638 :
757 2579 1187 2652 quandoquidem
1233 2573 1442 2630 etiamsi
1491 2569 1630 2626 desit
1673 2567 1846 2638 aliqua

247 2679 480 2752 species,
511 2675 885 2744 au'feraturque
909 2672 976 2728 de
1005 2671 1200 2734 rebus;
1244 2673 1424 2722 manet
1451 2673 1624 2718 tamen
1655 2672 1845 2732 genus,

252 2763 401 2846 quod
441 2779 664 2828 caeteras
698 2766 1034 2838 amplectitur
1074 2762 1317 2833 species,
1355 2757 1494 2813 sicut
1536 2755 1696 2809 etiam
1738 2751 1852 2822 ipse

256 2864 563 2936 disputasti.
607 2861 758 2932 Quod
798 2872 965 2930 genus
1002 2856 1184 2927 utique
1227 2852 1494 2923 integrum
1523 2861 1630 2902 non
1662 2859 1852 2901 mane-

258 2934 378 3025 ret,
421 2956 467 3012 si
497 2954 808 3025 operatione
845 2947 1078 3020 speciei,
1105 2959 1223 3017 quae
1250 2942 1425 2998 ablata
1451 2947 1551 3003 est,
1579 2934 1855 3007 supplere-

257 3060 347 3108 tur
379 3070 394 3107 :
423 3066 527 3104 non
555 3048 696 3104 enim
728 3044 896 3116 magis
923 3050 1004 3098 est
1025 3053 1192 3112 genus
1213 3080 1228 3104 ,
1277 3037 1320 3092 si
1359 3035 1571 3106 plures;
1601 3039 1651 3086 et
1681 3028 1856 3083 minus

257 3153 344 3201 est
377 3157 552 3215 genus
575 3183 590 3202 ,
640 3139 686 3194 si
729 3136 938 3209 species
968 3132 1161 3188 habeat
1187 3129 1467 3201 pauciores
1496 3143 1508 3178 :
1540 3121 1783 3196 quamvis
1811 3119 1857 3173 si

257 3253 453 3294 omnes
494 3233 804 3289 auferantur
850 3227 1095 3299 species,
1151 3238 1251 3278 nec
1279 3234 1448 3291 genus
1487 3217 1627 3281 erit;
1675 3227 1861 3284 quem-

259 3329 553 3385 admodum
584 3340 783 3398 genere
810 3323 1024 3388 ablato,
1069 3319 1210 3373 nulla
1241 3317 1344 3370 erit
1370 3312 1596 3384 species.
1639 3308 1753 3364 Non
1779 3315 1861 3362 est

259 3423 426 3494 igitur
441 3417 766 3475 connubium
793 3412 1018 3484 species,
1045 3421 1318 3481 genusque
1341 3414 1550 3468 natura,
1592 3401 1636 3454 si
1663 3413 1863 3453 connu-

267 3483 486 3561 biorum
529 3516 694 3574 opere
725 3483 910 3555 natura
952 3495 1227 3566 suppletur
1259 3510 1272 3545 :
1304 3491 1440 3544 sicut
1477 3503 1584 3542 non
1611 3483 1864 3561 est-agri-

261 3599 478 3654 cultura
508 3596 718 3667 species
733 3593 948 3664 segetis,
972 3588 1221 3662 quoniam
1243 3584 1517 3655 suppletur
1537 3593 1688 3650 seges
1705 3592 1866 3646 opere

263 3691 628 3763 agriculturae.
676 3686 879 3742 Deinde
907 3683 951 3738 si
981 3693 1222 3737 naturam
1251 3691 1449 3748 genus,
1495 3673 1715 3744 eiusque
1741 3686 1866 3741 spe-

264 3786 408 3840 ciem
449 3781 587 3838 dicis
615 3795 736 3836 esse
762 3777 1102 3848 coniugium;
1141 3771 1324 3844 procul
1362 3769 1525 3825 dubio
1563 3766 1740 3821 dicere
1774 3781 1870 3818 co-

267 3877 416 3949 geris
436 3917 452 3943 ,
495 3873 637 3945 quod
666 3881 853 3927 natura
889 3869 960 3924 sit
984 3881 1143 3922 omne
1171 3862 1499 3934 coniugium.
1532 3857 1656 3914 Ideo
1677 3856 1871 3928 quippe

269 3970 458 4025 omnis
484 3981 654 4028 equus
684 3963 880 4020 animal
907 3968 1008 4025 est,
1037 3961 1135 4016 etsi
1153 3973 1258 4012 non
1280 3970 1437 4011 omne
1457 3952 1653 4008 animal
1673 3967 1868 4022 equus;

270 4063 399 4134 quia
436 4059 644 4132 species
672 4068 754 4112 est
788 4071 988 4126 equus,
1023 4051 1217 4108 animal
1251 4064 1440 4122 genus.
1472 4046 1618 4118 Ergo
1644 4062 1741 4102 nec
1772 4045 1787 4076 ¹
1817 4045 1876 4099 ﬁt

273 4157 349 4211 ab
374 4154 596 4210 homine
625 4152 801 4223 aliqua
832 4159 1016 4204 natura
1044 4165 1056 4202 :
1081 4145 1322 4218 quamvis
1339 4144 1502 4206 enim,
1531 4152 1590 4196 ut
1618 4141 1874 4210 scriptum

274 4256 362 4303 est
385 4289 401 4315 ,
447 4262 476 4301 a
503 4243 729 4299 Domino
755 4243 1007 4312 iungatur
1040 4238 1228 4293 mulier
1258 4236 1371 4290 viro
1399 4231 1578 4308 (Prov.
1612 4248 1709 4287 XIX
1732 4273 1746 4298 ,
1778 4231 1874 4295 14,

274 4355 382 4394 sec.
429 4335 636 4407 LXX);
689 4334 938 4405 quoniam
991 4331 1088 4386 nisi
1142 4328 1427 4400 adiuvante
1480 4327 1594 4398 ipso
1643 4339 1746 4380 non
1797 4323 1876 4390 fit,

277 4429 504 4502 quando
531 4437 676 4484 recte
702 4425 759 4481 fit
787 4445 800 4481 :
829 4425 949 4496 quis
978 4433 1150 4478 tamen
1194 4421 1394 4476 nesciat
1415 4434 1573 4490 opera
1605 4417 1878 4471 hominum

282 4540 410 4582 esse
460 4520 744 4593 enuiugia?
793 4520 962 4575 Porro
1002 4519 1046 4573 si
1091 4525 1336 4572 naturam
1383 4529 1486 4569 non
1532 4512 1658 4567 facit
1698 4509 1876 4575 homo,

284 4633 397 4672 non
448 4625 532 4672 est
586 4622 771 4668 natura
825 4610 1167 4681 coniugium;
1225 4605 1345 4677 quia
1401 4603 1707 4673 coniugium
1761 4600 1885 4654 facit

285 4711 475 4764 homo.
519 4709 598 4761 Ac
625 4719 721 4776 per
747 4702 848 4758 hoc
867 4744 880 4766 ,
923 4702 1044 4771 quia
1074 4698 1378 4767 coniugium
1411 4702 1596 4748 natura
1626 4708 1732 4746 non
1768 4700 1882 4754 est;

286 4799 538 4872 profecto
593 4805 795 4852 naturm
844 4793 1088 4863 species,
1141 4798 1391 4859 tanquam
1450 4786 1536 4838 illa
1588 4785 1656 4837 sit
1696 4796 1883 4852 genus,

289 4895 444 4949 nullo
485 4906 607 4948 esse
649 4899 806 4962 pacto
854 4893 1046 4957 potest.
1098 4880 1354 4951 Coniugia
1406 4877 1564 4948 igitur
1602 4875 1667 4929 ad
1709 4888 1889 4929 mores

289 4987 577 5040 hominum
607 4983 894 5054 pertinent,
925 4979 1023 5047 ipsi
1052 4984 1229 5030 autem
1257 4971 1504 5027 homines
1527 4968 1592 5023 ad
1621 4977 1888 5023 naturam.

229 5103 234 5106 ·
289 5079 454 5133 Licet
498 5078 675 5146 itaque
718 5073 873 5129 nobis
916 5071 1056 5124 mala
1096 5067 1294 5122 vitiatae
1320 5065 1623 5133 vituperare
1665 5067 1884 5126 naturae,

293 5183 351 5226 et
376 5170 599 5225 laudare
624 5180 801 5222 mores
825 5165 959 5218 bene
976 5169 1188 5219 utentes
1207 5158 1363 5213 bonis
1384 5156 1642 5224 malisque
1667 5163 1890 5208 naturze.

293 5263 487 5319 Laudo
511 5275 640 5331 ergo
667 5256 914 5327 coniugia
947 5272 961 5308 :
991 5252 1132 5308 absit
1157 5259 1334 5306 autem
1354 5258 1410 5303 ut
1432 5247 1640 5302 laudem
1669 5245 1888 5310 malum,

298 5374 408 5429 quo
420 5371 548 5412 caro
573 5348 902 5421 concupiscit
920 5347 1174 5402 adversus
1189 5344 1434 5414 spiritum
1458 5357 1474 5408 ;
1499 5340 1616 5396 sine
1632 5355 1738 5411 quo
1755 5340 1895 5393 malo

301 5452 588 5522 quisquam
615 5445 892 5500 hominum
920 5456 1026 5496 non
1048 5447 1219 5510 potest
1247 5436 1394 5491 nasci
1420 5451 1435 5502 ;
1457 5434 1610 5504 cuius
1641 5431 1764 5486 mali
1791 5446 1894 5485 rea-

307 5553 394 5597 tus
419 5586 435 5609 ,
481 5541 581 5596 nisi
609 5534 940 5594 renascendo
963 5576 979 5603 ,
1025 5548 1130 5592 non
1173 5537 1347 5601 potest
1376 5528 1508 5584 solvi
1532 5546 1548 5593 ;
1596 5525 1750 5597 cuius
1775 5523 1897 5578 mali

311 5639 486 5691 bonus
509 5649 639 5690 usus
670 5631 916 5686 laudatur
937 5630 990 5684 in
1021 5625 1305 5683 concubitu
1332 5621 1615 5692 coniugali.
1668 5618 1902 5674 Proinde

310 5728 577 5801 originale
619 5733 936 5798 peccatum,
985 5720 1124 5792 quod
1169 5735 1271 5774 non
1304 5715 1573 5774 trahitur”
1601 5729 1669 5770 ex
1713 5712 1903 5768 alienae

382 5868 398 5898 ι
432 5863 595 5914 codex
621 5867 763 5920 Port.,
791 5868 985 5926 ergone,
1017 5914 1027 5926 .

381 5931 404 5966 ³
435 5926 727 5991 Vignierius,
749 5921 1125 5980 nm’trqjict’tur.

1547 409 1751 469 LIBER
1787 400 2106 476 QUINTUS.

1900 520 2315 578 commixtione,
2363 506 2460 565 sed
2492 520 2561 586 ex
2605 513 2803 560 nostra!
2836 497 3216 574 depravatione
3258 504 3481 552 naturas.

1905 624 2012 664 non
2062 605 2246 662 dicunt
2290 584 2600 667 Manichaii,
2649 594 2744 652 sed
2787 593 2971 651 dicunt
3011 589 3274 650 Catholici
3300 605 3318 646 :
3344 584 3496 676 quod

1907 715 2004 756 vos
2030 697 2275 771 negando
2302 694 2431 752 estis
2459 690 2719 748 haeretici.

3335 380 3477 438 11182

1982 811 2151 870 XXV.
2177 809 2295 870 Jun.
2339 807 2424 866 Ad
2449 804 2603 878 cuius
2631 801 2862 859 nominis
2888 799 3180 856 cavendam
3214 794 3495 862 invidiam,

1913 885 2113 964 frust'ra
2156 902 2374 959 omnino
2401 899 2737 955 diversarum
2784 893 2915 950 facis
2957 891 3232 948 haereseou
3269 888 3500 946 mentio-

1917 1016 2059 1056 nem.
2088 998 2181 1054 Ais
2204 997 2370 1063 enim,
2398 1013 2418 1047 ι
2453 993 2603 1049 Sicut
2627 989 2811 1046 Ariani
2840 986 3143 1043 Catholicos
3166 982 3500 1040 Sabellianos

1919 1103 2144 1160 vocant,
2189 1089 2432 1162 quamvis
2472 1096 2674 1143 certam
2713 1095 3066 1155 personarum
3107 1077 3504 1134 distinctionem

1923 1186 2136 1250 faciant,
2168 1193 2369 1239 naturae
2409 1191 2586 1236 tamen
2624 1175 2998 1234 communione
3022 1180 3264 1234 servata;
3295 1169 3366 1224 ita
3393 1175 3450 1223 et
3476 1182 3511 1222 a

1925 1279 2077 1335 nobis
2121 1275 2532 1332 Manichaeorum
2570 1271 2721 1327 vobis
2751 1284 2945 1326 nomen
2988 1264 3224 1337 imponi;
3263 1254 3389 1320 eum
3412 1272 3513 1316 vos

1925 1389 2032 1430 non
2073 1370 2262 1428 dicatis
2292 1369 2488 1424 malum
2514 1381 2634 1424 esse
2661 1363 2907 1435 nuptias,
2952 1359 3095 1433 quod
3122 1358 3307 1414 dicunt
3345 1352 3514 1410 Mani-

1928 1464 2064 1521 chaai
2091 1507 2108 1531 ,
2140 1463 2235 1519 sed
2269 1461 2458 1518 dicatis
2491 1459 2692 1515 malum
2731 1457 2789 1512 in
2813 1468 3001 1510 omnes
3040 1450 3284 1506 homines
3309 1453 3518 1502 natura:

1929 1558 2236 1615 conditione
2290 1555 2519 1611 transire
2549 1572 2568 1607 ι
2602 1551 2705 1624 (De
2733 1549 2939 1620 Nuptiis
2985 1555 3033 1602 et
3079 1539 3516 1614 Concupiscentia,

1933 1649 2021 1704 lib.
2047 1648 2116 1715 ἓ,
2147 1666 2198 1702 n.
2229 1646 2342 1719 38).
2370 1646 2494 1700 ch
2509 1654 2685 1700 autem
2713 1647 3025 1712 argumenta
3056 1645 3142 1691 tua
3173 1632 3521 1706 prudentibus

1935 1758 2042 1798 non
2082 1742 2293 1812 ambigo
2322 1739 2535 1796 irrisum
2567 1736 2631 1791 iri
2664 1754 2678 1791 :
2710 1749 2832 1789 nam
2863 1741 2921 1788 ut
2948 1730 3131 1786 Ariani
3172 1728 3308 1783 falso
3327 1725 3526 1782 Catho-

1939 1838 2072 1895 lices
2114 1832 2448 1892 Sabellianos
2483 1829 2700 1894 dicunt,
2737 1840 2856 1881 cum
2899 1840 2928 1877 a
2970 1823 3123 1878 nobis
3161 1830 3214 1875 et
3263 1818 3435 1874 Patris
3470 1823 3530 1871 et:

1941 1933 2062 1989 Filii
2084 1940 2138 1987 et
2161 1928 2393 2000 Spiritus
2421 1922 2594 1980 sancti
2621 1933 2970 1992 personarum
2998 1916 3088 1969 ﬁat
3114 1913 3232 1969 sine
3259 1913 3366 1967 ulla
3389 1924 3522 1966 con-

1940 2024 2150 2082 fusione
2180 2030 2233 2076 et
2261 2019 2377 2075 sine
2419 2014 2713 2072 mutatione
2739 2009 3051 2066 substantiae
3075 2003 3377 2070 distinctio,
3421 2001 3528 2058 illi-

1943 2133 2048 2188 que
2085 2109 2429 2170 hebetissime
2472 2104 2900 2166 calumnientur,
2947 2101 3084 2154 inter
3123 2111 3284 2151 unum
3327 2102 3384 2150 et
3422 2101 3532 2150 tres

1946 2186 2078 2264 nihil
2122 2207 2384 2262 interesse
2415 2219 2430 2256 :
2467 2200 2538 2256 ita
2579 2197 2740 2255 etiam
2777 2193 3038 2250 Catholici
3073 2191 3195 2260 iure
3233 2186 3534 2255 meritoque

1947 2315 2043 2356 vos
2084 2297 2404 2354 Manichaeos
2443 2306 2565 2348 esse
2607 2286 2987 2360 pronuntiant;
3039 2282 3160 2354 quia
3212 2279 3266 2334 id
3310 2295 3338 2332 a
3378 2276 3537 2332 nobis

1949 2392 2054 2451 dici
2101 2390 2233 2446 fides
2278 2397 2454 2444 vestra
2495 2381 2786 2453 compellit.
2836 2379 3095 2433 Asserunt
3134 2372 3330 2444 quippe
3371 2369 3540 2425 Mani:

1950 2485 2085 2542 ebaei
2132 2480 2374 2537 naturale
2414 2486 2690 2550 peccatum
2732 2490 2744 2526 :
2786 2485 2882 2527 vos
2919 2469 3096 2525 dicitis
3138 2465 3400 2522 naturale.
3447 2463 3543 2517 Di-
3610 2501 3620 2512 .

1954 2584 2084 2634 eunt
2128 2571 2404 2630 Manicbaei
2458 2567 2732 2624 libidinem
2779 2576 3062 2634 corporum
3101 2576 3132 2615 a
3171 2558 3384 2614 diabolo
3421 2571 3543 2612 esse

1958 2673 2248 2743 plantatam
2273 2684 2289 2725 :
2323 2676 2374 2720 tu
2400 2663 2452 2720 id
2481 2659 2832 2731 multiplicata
2849 2655 3209 2726 disputatione
3235 2651 3544 2708 confirmas.

1955 2759 2304 2820 Contendunt
2333 2757 2407 2812 illi
2429 2770 2525 2826 per
2548 2753 2780 2809 liberum
2809 2747 3088 2804 arbitrium
3111 2759 3219 2800 non
3248 2758 3408 2814 posse
3437 2756 3549 2796 ma-

1957 2855 2067 2910 lum
2092 2851 2303 2919 caveri,
2341 2849 2538 2921 quippe
2565 2843 2707 2916 quod
2730 2839 2971 2898 naturale
2995 2838 3064 2894 sit
3094 2857 3108 2894 :
3132 2847 3189 2893 tu
3216 2851 3430 2908 quoque
3454 2834 3552 2891 iis-

1959 2947 2082 3004 dem
2105 2942 2443 3002 sermonibus
2472 2939 2695 2995 liberum
2722 2931 3106 2992 commentaris
3134 2931 3434 2995 arbitrium,
3458 2930 3556 2988 sed

1961 3055 2058 3112 per
2087 3037 2230 3110 quod
2275 3035 2475 3091 malum
2514 3031 2628 3086 ﬁeri
2677 3028 2842 3100 possit
2869 3029 2886 3059 ί
2909 3069 2926 3093 ,
2978 3042 3009 3082 a
3042 3025 3185 3080 malo
3227 3031 3408 3079 autem
3445 3037 3556 3078 non

1963 3133 2132 3204 possit
2176 3129 2388 3186 desisti.
2438 3126 2573 3181 Dicit
2619 3121 2947 3178 Manichteus
2989 3134 3174 3175 semen
3217 3132 3339 3173 esse
3384 3115 3558 3170 male-

1966 3227 2166 3283 dictum
2197 3241 2211 3278 :
2243 3232 2297 3278 tu
2326 3220 2379 3276 id
2425 3218 2822 3288 Scripturaruu;
2869 3211 3184 3268 auctoritate
3215 3207 3442 3280 probare
3467 3223 3560 3262 eo-

1967 3317 2130 3373 naris.
2154 3314 2291 3369 Dicit
2310 3309 2632 3366 Manichacus
2659 3303 3120 3361 inconvertibilcm
3134 3301 3518 3357 essemalitiam
3538 3317 3555 3354 :

1969 3420 2027 3466 tu
2053 3410 2132 3466 sic
2155 3422 2278 3464 esse
2306 3402 2634 3460 vociferaris.
2685 3397 2793 3454 Sed
2821 3398 2956 3454 dicis
2988 3407 3043 3451 tu
3072 3395 3242 3451 Adam
3273 3394 3443 3450 solum
3469 3410 3563 3447 na-

1972 3513 2105 3560 turze
2135 3502 2318 3557 fuisse.-
2341 3497 2578 3554 melioris
2610 3513 2624 3548 :
2656 3494 2785 3550 dicit
2809 3493 2970 3548 etiam
3011 3488 3335 3544 Manichacus
3363 3487 3430 3541 ad
3457 3486 3563 3541 Pa-

1975 3597 2207 3663 tricium,
2238 3593 2515 3648 meliorem
2545 3590 2694 3646 illum
2721 3587 2922 3642 secutis
2939 3583 3082 3639 credi
3115 3592 3388 3652 oportere,
3413 3580 3565 3650 quasi

1973 3689 2040 3744 de
2071 3687 2254 3759 prima:
2281 3694 2588 3740 concretum
2623 3679 2761 3735 ﬂore
2785 3675 3116 3732 substantiae.
3165 3673 3310 3729 Dicis
3340 3682 3395 3727 tu
3419 3687 3566 3727 com-

1977 3784 2285 3840 mixtionem
2340 3783 2558 3848 propter
2609 3771 2878 3827 naturales
2930 3777 3108 3824 motus
3157 3781 3278 3822 esse
3335 3765 3561 3819 diaboli-

1978 3891 2095 3932 cam
2117 3915 2130 3938 ,
2186 3881 2345 3942 atque
2390 3868 2635 3924 homines
2676 3881 2708 3921 a
2745 3862 2959 3920 diabolo
2993 3859 3143 3932 quasi
3181 3857 3402 3937 fruticis
3437 3875 3465 3911 a
3509 3873 3567 3911 se

1979 3964 2196 4038 plantati
2245 3929 2445 4016 fructus
2479 3960 2598 4029 iure
2634 3955 2849 4025 decerpi
2881 3971 2895 4006 :
2928 3929 3059 4008 dicit
3100 3955 3261 4006 etiam
3311 3929 3412 4003 hoc
3458 3949 3569 4001 Ma-

1981 4060 2217 4116 nicbams
2240 4097 2256 4124 ,
2310 4055 2504 4127 quippe
2533 4067 2562 4106 a
2586 4064 2694 4122 quo
2731 4047 2786 4105 id
2812 4044 3034 4104 credere
3075 4052 3127 4099 et
3170 4043 3435 4096 affirmare
3487 4040 3572 4093 di-

1983 4151 2178 4210 dicisti.
2229 4148 2365 4206 Dicit
2409 4143 2737 4202 Manichmus
2776 4149 2830 4198 et
2867 4149 3110 4195 naturam
3138 4147 3194 4192 et
3219 4136 3428 4206 nuptias
3465 4151 3576 4190 ma-

1984 4247 2063 4303 las
2110 4258 2279 4302 esse:
2314 4252 2368 4297 tu
2409 4249 2587 4295 autem
2637 4238 2805 4295 bonas
2845 4233 3093 4304 nuptias,
3147 4230 3240 4287 sed
3285 4246 3427 4284 ream
3478 4244 3575 4282 na-

1989 4349 2183 4395 turam.
2239 4334 2354 4390 Non
2383 4340 2437 4387 tu
2478 4331 2566 4385 hic
2610 4327 2944 4400 religiosior,
2995 4323 3090 4380 sed
3125 4322 3215 4378 ille
3243 4321 3572 4392 prudentior.

1987 4427 2267 4498 Quomodo
2318 4438 2448 4495 ergo
2498 4421 2690 4477 falsum
2743 4426 2864 4484 est,
2919 4414 3062 4487 quod
3114 4412 3300 4469 dicunt
3353 4412 3570 4475 Ariani,

1988 4522 2299 4581 Catholieos
2350 4516 2682 4575 Sabellianos
2725 4526 2844 4567 esse
2894 4529 2906 4563 :
2951 4510 3021 4563 ita
3063 4506 3398 4561 verissimum
3455 4512 3574 4567 est,

1991 4615 2133 4688 quod
2179 4614 2360 4668 dicunt
2399 4606 2697 4671 Catholici,
2733 4600 3096 4658 Traducianos
3136 4612 3242 4653 non
3281 4611 3400 4652 esse
3437 4594 3579 4649 aliud

1993 4725 2152 4781 quam
2203 4705 2562 4767 Maniclueos;
2611 4697 3012 4756 distinctionem
3065 4702 3246 4749 autem
3296 4692 3435 4747 inter
3487 4705 3583 4745 vos

1994 4798 2289 4856 illusoriam
2330 4794 2545 4867 quidem
2571 4834 2587 4857 ,
2633 4805 2740 4847 non
2769 4788 2874 4844 fide
2917 4795 3094 4844 vestra
3118 4827 3134 4853 ,
3186 4784 3284 4842 sed
3321 4783 3582 4853 imperitia

1996 4893 2306 4964 contigisse.
2349 4888 2520 4946 Unius
2559 4900 2688 4957 ergo
2729 4882 2853 4940 ﬁdei
2897 4891 2951 4938 tu
2993 4890 3048 4937 et
3093 4878 3418 4935 Manicltatus
3449 4894 3460 4929 :
3491 4875 3584 4930 scd

1999 4988 2086 5043 ille
2125 4986 2300 5042 minus
2333 4980 2649 5052 impudens,
2698 4992 2857 5049 quam
2901 4983 2988 5032 tua
3016 4973 3250 5045 gravitas
3280 4972 3581 5026 invenitur:

2000 5095 2173 5152 neque
2217 5078 2360 5134 enim
2406 5075 2560 5130 facile
2596 5071 2919 5128 Manichacus
2957 5079 3049 5123 aut
3074 5065 3322 5120 Mclitidis
3347 5063 3482 5117 alter
3505 5061 3566 5115 of-
3627 5079 3636 5146 ὲ

2002 5175 2260 5240 fenditur,
2315 5171 2404 5242 qui
2431 5169 2575 5226 dicat
2613 5183 2672 5224 se
2697 5165 2954 5222 damnare
2999 5173 3244 5219 naturam
3287 5159 3571 5214 hominum.
3627 5135 3638 5195 ’›

2003 5269 2097 5326 sed
2121 5283 2225 5322 non
2255 5266 2515 5321 infamare
2539 5262 2806 5333 coniugia.

2075 5363 2213 5416 Anc.
2253 5355 2360 5413 Cur
2382 5370 2483 5428 ego
2520 5355 2746 5411 Arianos
2775 5362 2828 5408 et
2852 5350 3185 5408 Sabellianos
3203 5357 3594 5402 conmemora-

2007 5454 2196 5521 verim,
2226 5452 2318 5523 qui
2344 5451 2536 5507 librum
2559 5448 2708 5503 illum
2738 5461 2917 5502 meum
2945 5442 3245 5512 intelligens
3275 5437 3437 5507 legit,
3468 5452 3589 5490 mox

2008 5549 2248 5614 invenit;
2297 5555 2454 5616 teque
2485 5542 2730 5616 pervidet
2757 5539 2941 5595 dolose
2965 5550 3122 5607 agere
3147 5577 3160 5600 ,
3207 5533 3294 5604 qui
3344 5528 3588 5585 eamdem

2009 5655 2223 5698 causam
2253 5646 2416 5694 totam
2438 5646 2857 5692 commemorare
2882 5628 3114 5685 noluisti.
3139 5625 3258 5680 Tibi
3283 5621 3424 5678 enim
3446 5621 3553 5678 dixi
3580 5638 3592 5672 :

2079 5818 2095 5849 ί
2121 5824 2246 5866 Duos
2268 5815 2347 5863 hic
2368 5823 2558 5869 versus,
2585 5821 2762 5872 nempe
2785 5820 2813 5856 a
2835 5805 3021 5872 verbis,
3037 5810 3089 5857 tu
3125 5814 3326 5868 quoque,
3343 5812 3502 5872 usque
3524 5798 3602 5857 ad,

2021 5863 2149 5942 φιοᾶ
2164 5863 2366 5928 ἰὴαιυητ
2408 5872 2520 5938 ﬁeri
2539 5863 2715 5937 possit,
2737 5863 3046 5921 restinximus
3067 5863 3148 5920 ex"
3165 5863 3520 5926 manusa'iptis.
