3962 6532
424 395 568 456 “63

433 527 453 560 α
488 507 640 564 Sicut
667 504 849 562 Ariani
881 503 1007 562 dum
1037 502 1369 560 Sabellianos
1392 501 1626 573 fugiunt,
1657 501 1708 555 in
1733 497 1881 570 pejus
1911 494 2012 549 ali-

430 599 560 671 quid
590 599 930 666 inciderunt,
967 597 1088 669 quia
1115 592 1390 650 Trinitatis
1410 594 1524 648 ausi
1553 601 1675 648 sunt
1695 608 1798 647 non
1829 603 2015 660 perso-

422 706 524 747 nas
552 690 860 746 discernere
881 729 897 755 ,
925 687 1020 744 sed
1050 696 1268 746 naturas
1299 704 1313 743 :
1341 687 1414 740 ita
1437 683 1705 753 Pelagiani
1743 683 1868 737 dum
1897 680 2012 735 Ma-

425 782 756 838 nichmorum
787 788 992 851 pestem
1013 779 1066 835 in
1087 793 1396 849 perversum
1425 777 1592 831 vitare
1617 783 1877 830 conantur
1895 814 1910 841 ,
1951 772 2018 827 de

429 877 732 946 nuptiarum
809 873 985 929 fructu
1067 872 1196 943 ipsis
1265 870 1568 927 Manichaeis
1630 869 2020 926 convincuntur

425 967 812 1041 perniciosiora
861 965 1060 1021 sentire
1092 1005 1109 1032 ,
1163 962 1430 1019 credendo
1484 961 1734 1034 parvulos
1807 960 2019 1015 Christo

430 1059 643 1114 medico
672 1073 777 1112 non
810 1072 968 1128 egere
1005 1075 1024 1109 ι
1072 1055 1211 1127 (Lib.
1253 1055 1288 1110 2
1317 1054 1380 1109 de
1419 1053 1631 1124 Nuptiis
1676 1063 1720 1107 et
1766 1051 2019 1122 Concupi-

425 1153 643 1218 scentia,
674 1168 728 1204 η.
761 1150 872 1222 58).
918 1150 1042 1206 limo
1089 1149 1252 1205 verba
1304 1163 1424 1204 mea
1474 1148 1570 1202 tibi
1622 1137 2040 1218 proposuisses,

426 1242 512 1297 vel
573 1251 719 1298 certe
767 1242 903 1297 hanc
936 1238 1252 1298 sententiam
1297 1256 1506 1307 meam,
1544 1240 1589 1294 si
1629 1238 1756 1294 mihi
1808 1252 2020 1309 quoquo

425 1334 589 1389 modo
623 1335 950 1406 respondere
981 1335 1244 1390 voluisses
1275 1353 1288 1390 :
1319 1333 1512 1405 quibus
1550 1330 1920 1404 praetermissis
1941 1328 2021 1384 di-

425 1427 506 1481 cis
537 1427 628 1481 tibi
657 1427 770 1497 ipse
791 1427 932 1498 quod
962 1428 1061 1495 vis,
1084 1436 1142 1482 ut
1165 1428 1316 1493 mihi,
1346 1442 1453 1483 non
1481 1441 1544 1482 ea
1571 1442 1688 1498 quae
1711 1441 1741 1480 a
1771 1441 1857 1480 me
1878 1423 2018 1480 dicta

427 1528 555 1573 sunt
594 1518 885 1586 refellenda)
909 1561 924 1585 ,
969 1519 1064 1576 sed
1089 1535 1193 1576 non
1227 1520 1454 1576 tacendo
1481 1517 1820 1590 respondisse
1841 1517 2014 1573 videa-

426 1611 524 1665 ris.
558 1611 624 1666 Et
648 1611 952 1682 nunc,quod
980 1627 1043 1668 ea
1069 1628 1154 1669 me
1178 1613 1377 1668 sentire
1401 1611 1536 1668 dicis
1560 1655 1574 1678 ,
1605 1627 1724 1683 qua:
1749 1611 2015 1667 sentiunt‘

430 1703 741 1771 Manichrei,
788 1705 1008 1760 multum
1050 1706 1283 1773 falleris;
1328 1706 1411 1761 vel
1455 1689 1652 1776 potius“
1682 1719 1815 1775 quos
1870 1712 2020 1774 potes

427 1793 591 1850 fallis.
629 1795 761 1850 Nam
791 1795 1068 1852 Manicltaei
1097 1798 1297 1853 malum
1324 1808 1649 1853 cozeternum
1675 1799 1783 1852 Deo
1805 1839 1817 1861 ,
1852 1797 2020 1851 idem-

429 1901 538 1955 que
564 1887 584 1917 ³
612 1886 808 1941 malum
835 1903 956 1943 esse
993 1889 1340 1945 substantiam
1361 1931 1375 1955 ,
1399 1899 1454 1945 et
1479 1889 1707 1944 alienam
1731 1887 2016 1959 quamdam

431 1977 616 2032 dicunt
643 1994 762 2034 esse
791 1987 1056 2047 naturam,
1101 1998 1220 2052 quae
1246 1983 1298 2036 in
1321 1982 1521 2037 bonum
1545 1983 1736 2036 mutari
1760 2024 1773 2043 ,
1802 1995 1901 2036 nec
1924 1997 2020 2051 per

429 2085 491 2125 se
521 2070 721 2140 ipsam,
754 2087 854 2128 nec
876 2088 907 2128 a
933 2074 1075 2130 bono
1107 2075 1218 2130 Deo
1251 2075 1420 2147 possit
1444 2075 1664 2130 omnino
1693 2093 1705 2129 :
1738 2075 1888 2146 cujus
1916 2075 2019 2128 im-

430 2162 704 2218 mutabilis
731 2164 854 2218 mali
880 2166 1262 2222 commixtione
1288 2166 1331 2234 ³,
1360 2167 1591 2221 animam
1615 2166 1829 2232 bonam,
1859 2180 2018 2236 quam

428 2255 650 2311 credere
678 2257 876 2313 audent
911 2259 1038 2315 boni
1067 2259 1161 2316 Dei
1205 2277 1328 2318 esse
1365 2269 1607 2317 naturam
1633 2303 1648 2327 ,
1694 2260 2020 2332 inquinatam

425 2348 712 2420 perhibent
757 2361 916 2423 atque
961 2363 1305 2425 corruptam;
1352 2365 1405 2410 et
1446 2355 1516 2410 ob
1555 2355 1657 2410 hoc
1701 2355 1752 2410 in
1788 2355 2024 2426 qualibet

427 2439 664 2498 hominis
692 2452 848 2500 aetate
873 2447 1233 2501 necessarium
1268 2446 1467 2502 habere
1493 2447 1831 2513 salvatorem,
1863 2462 1892 2500 a
1914 2462 2021 2518 quo

427 2531 686 2588 mundata
712 2544 766 2590 et
794 2534 1151 2606 redintegrata
1173 2545 1334 2607 atque
1363 2552 1392 2591 a
1425 2536 1514 2591 tali
1534 2538 1837 2607 captivitate
1868 2547 2018 2593 eruta

426 2623 707 2681 liberetur.
761 2627 866 2682 Vos
893 2638 1071 2684 autem
1115 2628 1239 2684 dum
1277 2629 1332 2684 in
1366 2645 1673 2701 perversum
1711 2631 1888 2704 fugitis
1908 2631 2021 2686 Ma-

425 2716 668 2772 nichaeos
690 2759 705 2786 ,
749 2718 801 2772 in
831 2719 925 2772 bas
952 2719 1239 2790 impietatis
1276 2722 1523 2778 tenebras
1554 2722 1844 2788 incidistis,
1873 2731 1930 2777 ut
1953 2722 2022 2777 ab

427 2811 577 2864 omni
620 2811 764 2866 malo
803 2815 1095 2869 asserendo
1137 2817 1386 2885 parvulos
1430 2817 1640 2885 salvos,
1686 2817 2018 2874 Salvatorem

429 2907 646 2962 miseris
681 2909 1042 2965 necessarium
1085 2926 1191 2966 non
1232 2913 1462 2983 putetis;
1513 2921 1568 2967 et
1603 2911 1918 2982 adjuvandis
1942 2911 2021 2967 eis

429 2998 596 3068 ipsis,
643 3015 777 3070 quos
814 3001 988 3072 fugitis
1012 3044 1028 3069 ,
1078 3002 1383 3066 Manichzcis
1411 3004 1593 3060 nescio
1630 3004 1899 3074 quomodo
1925 3019 2022 3076 per

430 3091 712 3147 circuitum
738 3094 899 3148 vestri
927 3096 1222 3150 occurratis
1249 3096 1485 3164 erroris,
1535 3095 1782 3168 negando
1820 3097 2018 3152 malum

431 3183 632 3238 vitiata:
674 3195 878 3240 natura:
937 3195 1163 3252 nostrae;
1215 3197 1274 3243 ut
1318 3187 1574 3259 quidquid
1624 3189 1888 3244 malorum
1937 3190 2018 3245 vel

433 3284 584 3331 recte
633 3277 900 3344 creditur,
961 3279 1044 3334 vel
1093 3288 1276 3350 aperte
1326 3280 1594 3335 invenitur
1644 3281 1697 3336 in
1751 3282 2019 3352 parvulis,

431 3368 800 3424 commixtioni
855 3368 1035 3443 (quod
1081 3371 1270 3427 volunt
1315 3372 1456 3443 ipsi)
1509 3381 1713 3428 naturae
1764 3375 2024 3430 tribuatur

431 3459 641 3514 alienaz.
687 3459 961 3517 Catholica
1000 3477 1130 3518 vero
1171 3471 1230 3517 ut
1265 3463 1588 3519 Manichaeos
1627 3477 1681 3520 et
1711 3465 2024 3537 Pelagianos

433 3550 670 3620 devitet,
714 3553 915 3608 nullam
954 3563 1194 3610 naturam
1220 3565 1380 3628 atque
1408 3557 1756 3612 substantiam
1798 3574 1917 3614 esse
1943 3559 2025 3614 di-

431 3645 509 3699 cit
553 3646 795 3701 malum:
826 3645 921 3702 sed
961 3648 1262 3704 voluntario
1309 3650 1484 3715 malo,
1533 3651 1674 3721 quod
1719 3667 1814 3722 per
1858 3669 2022 3708 unum

430 3734 707 3792 hominem
736 3738 789 3792 in
818 3753 1003 3795 omnes
1029 3739 1274 3796 homines
1296 3742 1627 3811 pertransiit,
1660 3753 1896 3798 nostram
1931 3761 2024 3799 na-

430 3836 604 3885 turam
627 3840 785 3903 atque
807 3833 1156 3889 substantiam
1188 3834 1308 3890 ideo
1333 3836 1640 3892 mutabilem
1669 3845 1693 3870 ι
1711 3880 1727 3906 ,
1770 3839 1894 3910 quia
1924 3839 2021 3895 Dei

431 3933 622 3979 natura
653 3939 759 3980 non
786 3934 886 3990 est,
911 3942 1017 3982 non
1046 3937 1206 3999 negat
1227 3943 1347 3985 esse
1375 3930 1612 3985 vitiatam
1635 3947 1650 3996 ;
1673 3933 1829 4002 eique
1855 3933 2020 3999 malo,

429 4016 574 4085 quod
605 4017 896 4073 insanabile
941 4019 1052 4075 Deo
1079 4036 1184 4076 non
1213 4031 1336 4090 est,
1377 4031 1436 4077 ut
1473 4023 1682 4079 absumi
1728 4025 1927 4096 possit,
1970 4027 2022 4081 in

430 4111 684 4167 omnibus
708 4113 954 4168 aetatibus
983 4114 1314 4172 Salvatorem
1333 4119 1694 4173 necessarium
1716 4120 2021 4176 confitetur.

429 4204 664 4262 Proinde
689 4220 788 4260 nec
814 4205 880 4260 de
904 4216 1122 4275 peccato
1153 4208 1402 4274 naturali,
1427 4224 1527 4264 nec
1557 4209 1624 4264 de
1655 4209 1874 4265 libidine
1903 4227 2024 4266 cor-

429 4313 625 4369 porum
650 4341 666 4366 ,
693 4313 793 4355 nec
833 4298 901 4354 de
928 4299 1097 4355 libero
1126 4299 1346 4356 arbitrio
1371 4342 1384 4366 ,
1420 4316 1520 4357 nec
1543 4301 1611 4357 de
1631 4303 1836 4358 semine
1861 4303 2026 4357 male-

433 4389 579 4445 dicto
601 4431 617 4458 ,
660 4404 761 4446 nec
790 4389 858 4444 de
907 4390 1291 4447 inconvertibili
1322 4391 1521 4446 malitia
1547 4433 1562 4459 ,
1614 4407 1714 4447 nec
1741 4392 1808 4447 de
1836 4403 2024 4448 natura

430 4481 592 4553 primi
619 4480 852 4538 hominis
870 4525 884 4551 ,
916 4497 1018 4538 nec
1043 4481 1109 4538 de
1139 4483 1518 4539 commixtione
1555 4499 1776 4539 sexuum
1795 4526 1810 4551 ,
1839 4500 1939 4540 nec
1958 4485 2025 4541 de

427 4581 695 4646 potestate
723 4574 981 4631 diabolica
1003 4574 1055 4630 in
1073 4575 1340 4642 homines,
1372 4574 1557 4631 eadem
1581 4591 1699 4646 quae
1722 4575 2020 4644 Manichaei,

429 4668 613 4724 dicere
651 4683 977 4740 possumus;
1020 4669 1111 4740 qui
1154 4668 1286 4724 duas
1315 4677 1531 4725 naturas
1571 4677 1732 4740 atque
1771 4669 2022 4725 substan-

428 4763 568 4829 tias,
601 4775 760 4816 unam
784 4762 906 4816 boni
931 4804 948 4829 ,
980 4762 1201 4818 alteram
1232 4761 1396 4827 mali,
1429 4761 1544 4816 sine.
1587 4761 1737 4816 initio
1768 4762 2024 4832 temporis

429 4852 809 4923 sempiternas,
840 4861 894 4909 et
916 4869 980 4908 ex
1007 4853 1236 4924 quodam
1265 4853 1414 4908 initio
1433 4853 1690 4923 temporis
1706 4853 2024 4909 commixtas

427 4960 555 5002 esse
599 4960 707 5000 non
753 4945 1012 5012 dicimus;
1062 4961 1132 5002 ne
1157 4947 1178 4978 ⁸
1208 4945 1347 5000 inter
1383 4945 1549 5000 multa
1590 4945 1818 5000 absurda
1864 4955 2024 5018 atque

427 5051 628 5095 Vesana
647 5079 664 5105 ,
689 5038 850 5094 etiam
872 5038 970 5093 Dei
1005 5047 1249 5094 naturam
1273 5036 1724 5107 coinquinabilem
1754 5039 2022 5109 corrupti-

427 5129 708 5202 bilemque
753 5129 1014 5184 dicamus.
1057 5129 1213 5197 Quod
1251 5136 1429 5184 autem
1457 5143 1544 5183 me
1585 5127 1756 5183 solum
1785 5127 2024 5184 affirmas

430 5222 615 5279 dicere
656 5222 824 5278 bonas
871 5222 1081 5292 nuptias
1105 5263 1122 5288 ,
1172 5235 1427 5292 reamque
1465 5229 1709 5276 naturam
1741 5239 1754 5275 :
1787 5228 1845 5276 ut
1891 5221 2026 5276 alios

492 5382 509 5414 ³
546 5381 619 5430 Sic
638 5385 748 5430 Mss.
775 5386 828 5428 In
849 5379 1009 5442 \‘ign.,
1053 5378 1232 5444 sentire
1269 5379 1412 5442 dicis,
1437 5378 1565 5444 quod
1589 5377 1773 5430 dicunt.

491 5445 514 5476 ²
546 5444 621 5493 Sic
641 5449 750 5492 Mss.
777 5450 828 5490 ιιι
846 5440 1008 5505 \’_ign.,
1035 5440 1262 5505 denique.

492 5506 514 5569 ξ
546 5505 683 5569 Editi,
711 5501 1116 5554 commiitionem.
1156 5501 1210 5554 Et
1231 5507 1376 5569 paulo
1401 5512 1525 5569 post,
1564 5503 1750 5568 pietatis
1788 5502 2025 5555 tenebras.

425 5573 481 5619 Et
495 5568 748 5631 int‘rapro,
769 5578 996 5631 reamque
1015 5568 1242 5617 naturam
1254 5605 1269 5629 ,
1292 5568 1536 5629 ferebant,
1561 5579 1762 5631 emitque
1783 5573 2025 5631 naturam.

427 5631 510 5678 His
528 5637 579 5679 et
601 5627 706 5677 aliis
729 5630 779 5677 in
802 5629 894 5676 ista
912 5631 1231 5690 responsione
1256 5627 1379 5682 locis
1402 5627 1725 5682 emendantur
1749 5630 1808 5679 ad
1831 5637 2032 5680 veteres

428 5693 640 5741 codices.

493 5755 514 5783 ‘
549 5753 838 5818 ",igﬂiei‘iUS,
861 5750 972 5802 ideo
989 5764 1092 5804 esse
1115 5756 1418 5811 mutabilem.
1464 5756 1629 5818 Abest,
1667 5767 1788 5816 esse,
1813 5766 1842 5805 a
1863 5766 2032 5818 manu-

425 5817 634 5878 Scriptis.

495 5871 846 5941 "V’ignierius,
871 5889 976 5927 nec.
1003 5883 1130 5940 Mss,
1157 5891 1231 5929 ne.
1308 5924 1322 5953 ἑ

1098 383 1344 447 OPERIS
1381 381 1790 442 lMPERFECTl
1824 375 2095 438 CONTRA
2135 372 2493 446 JULIANUM,
2534 373 2594 434 S.
2634 369 3012 435 AUGUSTINI

1951 5957 2058 6008 ,Ἓξ

3483 265 3550 282 σο

3573 371 3717 434 tm

2127 501 2326 548 taceam
2351 533 2364 557 ,
2395 493 2461 548 do
2488 493 2578 550 tibi
2607 493 2832 549 Paulum
2859 488 3156 564 apostolum
3177 533 3191 559 ,
3223 505 3384 565 quem
3411 496 3472 549 tu
3497 505 3714 564 quoque

2124 586 2451 643 laudatorem
2480 588 2734 658 przedicas
2754 588 3058 658 nuptiarum
3081 631 3097 656 ,
3144 586 3409 644 dicentem
3433 595 3619 642 tamen
3647 586 3711 641 de

2123 688 2326 734 naturae
2355 680 2628 752 originalis
2651 687 2668 717 ι
2715 689 2864 735 reatu
2883 722 2898 748 ,
2931 696 3123 752 corpus
3149 688 3417 734 mortuum
3447 694 3570 735 esse
3591 693 3691 749 pro

2125 781 2244 842 pter
2282 781 2554 843 peccatum
2587 770 2763 846 (Rom.
2795 789 2916 839 vm,
2949 772 3062 844 10).
3115 773 3193 827 Do
3223 772 3318 828 tibi
3355 772 3585 826 alterum
3618 772 3691 825 hu

2119 865 2210 936 jus
2245 865 2629 922 intelleCIorem
2654 907 2668 932 ,
2717 881 3002 936 meumque
3042 865 3348 930 doctorem,
3389 865 3716 920 catholicum

2125 958 2506 1021 Ambrosium,
2563 959 2652 1029 qui
2703 974 2823 1014 cum
2882 959 3062 1014 laudet
3115 957 3450 1028 conjugalem
3504 957 3713 1029 pudici-

2125 1054 2286 1121 tiam,
2334 1052 2462 1108 dicit
2486 1061 2663 1108 tamen
2697 1071 2708 1106 :
2749 1073 2768 1106 ι
2800 1052 3000 1108 Omnes
3029 1053 3130 1108 sub
3170 1061 3388 1122 peccato
3420 1050 3710 1116 nascimur,

2125 1158 2349 1214 quorum
2377 1143 2491 1214 ipse
2515 1152 2662 1199 ortus
2684 1143 2736 1198 in
2775 1143 2902 1198 vitio
2927 1152 3009 1198 est
3037 1161 3056 1195 ι
3093 1142 3195 1213 (De
3232 1141 3542 1197 Paenitentia
3565 1183 3582 1208 ,
3615 1141 3704 1195 lib.

2128 1235 2568 1308 l,cap.2ve15).
2612 1235 2970 1302 Calumniose,
3008 1235 3402 1303 contentiose‘,
3450 1235 3715 1306 linguose,

2123 1327 2254 1398 quid
2273 1329 2470 1398 quaeris
2498 1329 2765 1398 amplius?

2198 1421 2385 1476 XXVI.
2431 1421 2549 1478 JUL.
2597 1421 2795 1477 Verum
2838 1421 3120 1478 adversum
3163 1420 3279 1477 haac
3311 1420 3542 1477 ludibria
3583 1423 3712 1477 satis

2126 1522 2303 1568 actum
2331 1523 2412 1569 est
2442 1532 2456 1570 :
2489 1515 2764 1569 veniamus
2793 1514 2859 1569 ad
2887 1530 3024 1580 eam,
3059 1529 3217 1585 quam
3243 1529 3404 1584 supra
3434 1514 3567 1578 dixi,
3597 1529 3716 1584 per-

2125 1606 2486 1677 plexissimam
2519 1609 2869 1678 quaestionem
2895 1650 2910 1676 ,
2953 1624 3073 1680 qua:
3111 1607 3286 1679 ipsum
3328 1617 3716 1679 praeceptorem

2128 1708 2274 1754 tuum
2313 1699 2394 1754 sui
2432 1699 2723 1756 subtilitate
2755 1699 2986 1770 decepit.
3017 1699 3353 1771 Oppositioni
3386 1701 3586 1771 quippe
3616 1716 3712 1754 no-

2125 1801 2250 1847 stra:
2270 1835 2285 1861 ,
2317 1792 2454 1848 haud
2482 1793 2797 1862 exponendo
2821 1835 2838 1860 ,
2867 1792 2963 1849 sed
2988 1793 3134 1849 aliud
3174 1792 3441 1848 difﬁcilius
3467 1792 3718 1864 ponendo

2125 1893 2346 1940 conatus
2376 1901 2435 1940 cs
2461 1900 2765 1942 occurrere.
2798 1886 2931 1942 Cum
2963 1887 3104 1941 enim
3132 1885 3436 1942 docuissem
3461 1928 3472 1950 ,
3507 1887 3635 1957 quia
3666 1887 3715 1941 in

2127 1976 2429 2032 hominibus
2472 1977 2803 2047 perfectioris
2845 1978 3018 2032 mtatis
3058 1979 3256 2032 malum
3297 1987 3487 2048 suapte
3529 1978 3719 2032 volun-

2127 2078 2233 2124 tate
2277 2070 2296 2101 ³
2342 2072 2723 2141 operantibus,
2769 2080 2823 2127 et
2858 2072 3086 2128 innocua
3127 2079 3332 2127 naturae
3370 2072 3720 2128 laudarentur

2126 2163 2366 2232 exordia,
2393 2173 2449 2219 et
2473 2166 2740 2221 actionum
2764 2165 3076 2221 diverticula
3098 2165 3220 2236 jure
3249 2165 3716 2238 vituperarentur;

2125 2255 2337 2328 duoque
2379 2273 2514 2323 esse,
2567 2274 2687 2330 qua:
2733 2259 2941 2330 possint
2987 2259 3274 2314 contrariis
3317 2259 3616 2330 applicari;
3667 2259 3718 2315 in

2123 2351 2360 2421 parvulis
2388 2361 2564 2406 autem
2595 2368 2758 2406 unum
2785 2395 2800 2419 ,
2833 2351 2884 2406 id
2912 2361 3024 2417 est,
3055 2361 3300 2407 naturam
3321 2394 3335 2418 ,
3373 2353 3498 2423 quia
3527 2352 3719 2407 volun-

2125 2452 2208 2498 tas
2236 2458 2339 2498 non
2371 2453 2546 2509 esset;
2591 2443 2825 2515 illudque
2861 2461 3026 2500 unum
3070 2454 3162 2500 aut
3199 2446 3340 2512 Deo,
3368 2455 3461 2500 aut
3487 2445 3721 2501 dmmoni

2125 2550 2244 2591 esse
2271 2535 2623 2606 reputandum
2652 2554 2665 2589 :
2697 2537 2997 2607 collegique
3021 2535 3043 2568 ⁸
3068 2578 3082 2604 ,
3110 2545 3171 2592 ut
3199 2538 3242 2592 si
3289 2553 3386 2608 per
3423 2537 3594 2592 Deum
3625 2553 3721 2592 na-

2125 2638 2245 2685 tura
2299 2630 2658 2698 subsisteret,
2701 2646 2806 2686 non
2860 2640 3043 2702 posset
3089 2647 3209 2688 esse
3249 2634 3302 2687 in
3343 2648 3408 2688 ea
3463 2633 3723 2703 originale

2125 2722 2360 2788 malum;
2390 2723 2433 2778 si
2461 2731 2637 2778 autem
2661 2723 2873 2778 diabolo
2913 2725 3362 2780 transcriberetur
3391 2739 3488 2796 per
3517 2725 3724 2795 ingeni-

2125 2822 2237 2868 tum
2269 2814 2468 2868 malum
2491 2856 2506 2880 ,
2539 2815 2667 2870 nihil
2698 2824 2845 2870 esset
2872 2831 2966 2886 per
2991 2816 3132 2886 quod
3167 2816 3326 2870 homo
3363 2815 3549 2870 divino
3574 2817 3724 2888 operi

2127 2908 2490 2965 vindicaretur
2521 2928 2534 2964 :
2565 2925 2684 2964 cum
2715 2924 2844 2980 ergo
2884 2909 2950 2964 ad
2978 2925 3039 2965 ea
3071 2911 3407 2980 pervenisses
3433 2910 3551 2964 loca
3577 2952 3593 2977 ,
3636 2926 3724 2968 re-

2125 3001 2407 3072 spondisti,
2441 3001 2544 3057 fide
2571 3001 2747 3069 solita,
2786 3016 2872 3056 me
2903 3002 3182 3073 collegisse
3208 3017 3431 3067 verum;
3462 3001 3559 3056 sed
3588 3009 3644 3057 et
3672 3001 3724 3057 in

2127 3094 2360 3166 parvulis
2387 3094 2493 3150 duo
2521 3110 2658 3160 esse,
2687 3093 2737 3149 id
2760 3102 2862 3161 est,
2893 3103 3135 3149 naturam
3165 3103 3219 3149 et
3241 3093 3724 3165 peccatumsQuod

2129 3198 2304 3243 tamen
2334 3196 2606 3258 peccatum
2628 3229 2644 3254 ,
2686 3195 2745 3242 ut
2776 3188 3013 3259 priorum
3027 3177 3420 3243 ‘dcfinitionum
3467 3187 3723 3244 recorde-

2126 3280 2240 3346 ris,
2289 3279 2420 3334 nihil
2467 3289 2548 3334 est
2593 3279 2756 3348 aliud,
2812 3295 2970 3350 quam
3022 3281 3269 3335 voluntas
3321 3280 3589 3336 retinendi
3641 3280 3724 3335 vel

2128 3371 2439 3427 admitteudi
2471 3371 2612 3442 quod
2640 3371 2843 3442 justitia
2875 3381 3016 3427 vetat
3043 3415 3057 3435 ,
3107 3381 3161 3428 et
3202 3373 3344 3428 unde
3376 3373 3604 3429 liberum
3643 3382 3725 3429 est

2128 3467 2416 3521 abstinere.
2447 3464 2751 3521 Constituto
2778 3480 2905 3537 ergo
2935 3474 3211 3536 peccatum
3239 3467 3371 3521 nihil
3401 3480 3526 3522 esse
3557 3466 3720 3532 aliud,

2128 3575 2284 3631 quam
2315 3573 2489 3629 pravae
2512 3558 2802 3614 voluntatis
2828 3559 3180 3625 electionem;
3212 3559 3563 3630 respondisti,
3592 3559 3721 3630 Epi-

2129 3668 2259 3708 cure
2287 3652 2455 3707 nostri
2487 3651 2764 3727 temporis,
2792 3651 2845 3706 in
2871 3652 3106 3721 parvulis
3136 3660 3412 3722 peccatum
3439 3667 3596 3720 esse,
3629 3667 3719 3708 vo-

2128 3746 2387 3801 luntatem
2417 3760 2526 3799 non
2565 3758 2685 3800 esse
2715 3761 2728 3797 :
2759 3744 2901 3814 quod
2943 3745 3096 3814 cujus
3123 3745 3192 3799 sit
3217 3745 3500 3802 dedecoris
3523 3787 3541 3813 ,
3589 3743 3720 3804 liber

2123 3837 2235 3908 jam
2261 3845 2480 3907 quartus
2505 3834 2759 3891 ostendit.
2788 3835 2844 3890 ln
2873 3835 2958 3890 his
2979 3851 3106 3906 ergo
3137 3836 3269 3892 locis
3294 3852 3416 3892 cum
3444 3837 3715 3904 dixissem,

2129 3929 2184 3984 Si
2211 3945 2278 3985 ex
2303 3929 2575 3983 voluntate
2614 3938 2695 3984 eSt
2740 3935 3016 3997 peccatum
3038 3967 3054 3993 ,
3101 3928 3242 3983 mala
3281 3929 3529 3984 voluntas
3553 3971 3570 3998 ,
3605 3945 3715 4001 quae

2130 4028 2409 4092 peccatum
2440 4019 2595 4085 facit;
2628 4017 2674 4073 si
2699 4033 2765 4074 ex
2799 4026 3008 4085 natura,
3039 4019 3178 4076 mala
3208 4029 3420 4087 natura,
3452 4038 3573 4094 qua:
3598 4038 3716 4095 pec-

2130 4121 2307 4168 catum
2352 4111 2479 4166 facit
2511 4129 2524 4166 :
2557 4125 2618 4166 ea
2669 4111 2967 4182 quaastione
3001 4126 3060 4166 es
3097 4111 3230 4166 mihi
3269 4123 3496 4169 conatus
3534 4130 3716 4172 occur.

2129 4221 2289 4272 rere,
2320 4219 2476 4275 quam
2506 4219 2535 4257 a
2578 4212 2629 4258 te
2669 4203 3029 4274 excogitatam
3071 4220 3178 4260 non
3220 4219 3342 4261 esse
3376 4206 3713 4263 manifestum

2131 4309 2235 4355 est.
2266 4299 2400 4355 Nam
2431 4314 2554 4354 cum
2584 4305 2709 4353 ante
2734 4298 2833 4352 hos
2862 4313 3030 4353 annos
3055 4313 3298 4354 essemus
3327 4299 3664 4373 Carthagini,
3688 4317 3716 4355 a

2132 4391 2366 4464 quodam
2411 4391 2543 4446 mihi
2594 4389 2868 4445 Honorato
2916 4391 3133 4446 nomine
3177 4390 3199 4422 ⁸
3244 4393 3552 4448 necessario
3597 4401 3716 4460 tuo,

2131 4483 2427 4540 Maniehteo
2455 4498 2607 4554 :eque
2627 4524 2642 4548 ,
2689 4482 2829 4538 sicut
2855 4481 3098 4552 epistolae
3138 4492 3332 4538 vestrae
3363 4483 3638 4552 indicant,
3671 4485 3717 4540 id

2132 4578 2307 4648 ipsum
2338 4575 2670 4647 propositum
2697 4584 2798 4630 est.
2831 4573 2992 4645 Cujus
3018 4574 3095 4630 rei
3121 4574 3188 4629 ad
3219 4573 3322 4630 hoc
3353 4576 3719 4632 tantummodo

2131 4671 2236 4729 feci
2268 4672 2625 4736 mentionem,
2656 4678 2714 4724 ut
2741 4668 2970 4724 clareret
3010 4669 3146 4724 hanc
3185 4683 3306 4724 esse
3336 4669 3717 4739 quaastionem,

2133 4781 2255 4838 quzc
2283 4775 2338 4822 et
2374 4765 2580 4820 Manem
2609 4773 2664 4820 et
2701 4763 3026 4818 Marcionem
3054 4772 3179 4819 ante
3218 4772 3299 4818 tot
3327 4765 3527 4820 saecula
3558 4765 3713 4822 dece-

2133 4858 2321 4928 pisset.
2351 4856 2439 4913 Sic
2479 4871 2607 4927 ergo
2648 4854 2886 4926 loqueris
2909 4861 3096 4910 contra
3125 4854 3228 4909 hoc
3255 4853 3400 4924 quod
3440 4869 3544 4926 ego
3577 4856 3722 4911 dixe-

2135 4963 2272 5014 ram,
2299 4947 2354 5003 Si
2382 4955 2656 5017 peccatum
2685 4946 2736 5000 in
2767 4953 3032 5012 naturam,
3060 4943 3200 4999 mala
3229 4953 3418 5000 natura
3449 4961 3575 5016 qua:
3605 4961 3715 5017 pec.

2135 5051 2312 5094 catum
2342 5038 2468 5094 facit
2498 5057 2511 5092 :
2547 5057 2565 5090 ‹
2599 5037 2793 5107 Quazro
2826 5037 2892 5093 ab
2922 5037 3011 5091 illo
3034 5077 3053 5105 ,
3083 5035 3337 5107 sipotest
3365 5037 3724 5109 respondeat,

2200 5194 2218 5225 ί
2253 5198 2410 5253 Forte,
2431 5189 2673 5253 originali.

2200 5203 2218 5225 ι

2200 5256 2222 5287 ³
2253 5203 2998 5315 ῗὲἓᾎῗ’ἆιῗῖἐῖιιῧῗέε,νὶεηὶθτὶυε
3019 5253 3356 5314 substituent,
3373 5253 3727 5307 contmliose.

2203 5317 2226 5350 ³
2257 5317 2406 5375 Editi,
2425 5323 2597 5427 amite
2615 5321 2808 5365 natura.
2834 5317 3006 5365 Verius
3020 5322 3159 5376 Mss,
3177 5321 3347 5380 suapte
3377 5315 3638 5368 voluntate.

2199 5378 2223 5411 ⁸
2256 5386 2413 5427 Forte.
2440 5377 2514 5427 col
2551 5390 2708 5427 atque.

2256 5386 2413 5428 Forte.
2440 5386 2708 5428 commune.

2201 5390 2223 5411 ι
2256 5390 2413 5440 Forte,
2440 5390 2708 5441 comgtque.

2201 5443 2223 5474 ⁸
2259 5440 2392 5506 Fditj,
2420 5439 2648 5506 honorato
2691 5437 2898 5506 Ιιοηῂηθ.
2933 5447 2996 5490 Ac
3038 5438 3184 5502 paulo
3215 5446 3341 5506 post,
3370 5439 3500 5506 sicut
3521 5440 3736 5506 epistola:

2137 5509 2316 5554 nostra:
2345 5500 2579 5552 indicant.
2619 5501 2940 5565 Emendantur
2975 5500 3426 5565 eat—manuscriptis.
3453 5500 3736 5565 Honoratus

2139 5579 2285 5630 porro
2297 5565 2492 5630 amicus
2517 5565 2787 5630 Augustini,
2821 5564 3198 5630 qui__h_lanicb:eis
3242 5564 3499 5630 aliquando
3523 5566 3733 5625 inhmsit,

2140 5625 2420 5689 notissimus
2437 5634 2515 5676 est
2533 5639 2595 5674 ex
2621 5625 2744 5689 libro
2758 5625 2822 5689 de
2847 5625 3058 5689 utilitate
3079 5625 3387 5676 credendiad
3408 5639 3525 5676 eum
3537 5630 3733 5689 scripto.

2140 5699 2275 5753 Hunc
2305 5687 2522 5738 Julianus
2542 5688 2660 5753 satis
2697 5687 2878 5753 indicat
2909 5688 3139 5753 eumdem
3176 5690 3336 5753 ipsum
3361 5701 3494 5753 esse,
3519 5692 3606 5752 qui
3622 5687 3734 5753 βω·-
3785 5711 3791 5729 ι

2141 5752 2343 5813 thagine
2361 5750 2710 5814 quaestionibus
2747 5750 2908 5799 missis
2951 5751 3009 5800 ad
3054 5749 3391 5814 augustinum,
3435 5749 3570 5799 illam
3593 5751 3655 5799 ab
3678 5763 3736 5799 eo

2140 5823 2309 5863 contra
2333 5813 2614 5876 Pelagianos
2624 5813 2884 5876 eximiam,
2908 5826 3019 5875 quae
3042 5813 3106 5864 de
3129 5813 3287 5863 Gratia
3298 5813 3413 5864 Novi
3437 5820 3735 5865 Testamenta

2141 5875 2440 5934 inscribitur,
2450 5873 2719 5936 epistolam
2746 5873 2832 5923 HO
2854 5873 3054 5938 accepit.
