3962 6518
156 467 289 527 N65

153 581 287 637 sicut
316 577 656 635 manifestum
678 582 796 646 est,
824 589 890 633 ex
916 573 1188 632 voluntate
1214 574 1354 631 mala
1393 582 1646 644 tanquam
1673 590 1740 631 ex

151 673 344 729 arbore
369 671 508 746 mala
537 671 738 727 fructus
761 672 878 740 ejus
906 668 1021 726 fieri
1043 668 1222 724 omnia
1252 683 1417 739 opera
1441 668 1576 723 mala
1602 684 1617 732 ;
1662 668 1740 723 sic

153 767 320 837 ipsam
362 767 689 822 voluntatem
731 764 962 832 malam,
1008 763 1061 819 id
1091 771 1209 830 est,
1261 763 1430 834 ipsam
1472 761 1736 818 fructuum

154 859 417 914 malorum
443 857 690 913 arborem
719 858 913 912 malam
945 856 1086 912 unde
1117 856 1259 913 dicat
1287 865 1550 912 exortam.
1584 855 1640 911 Si
1671 871 1737 911 ex

150 951 378 1020 angelo;
403 949 529 1020 quid
554 959 669 1006 erat
691 950 806 1022 ipse
825 950 1065 1021 angelus,
1098 949 1198 1004 nisi
1224 949 1420 1004 bonum
1445 963 1579 1020 opus
1609 949 1739 1004 Dei?

149 1042 201 1098 Si
233 1057 304 1098 ex
332 1042 578 1108 homine;
607 1043 734 1115 quid
758 1052 874 1098 erat
901 1044 1015 1114 ipse
1041 1042 1224 1109 homo,
1256 1042 1358 1098 nisi
1382 1043 1579 1098 bonum
1606 1055 1738 1112 opus

149 1134 289 1189 Dei?
337 1134 451 1190 lmo
491 1135 613 1206 quia
657 1137 902 1192 voluntas
938 1135 1077 1191 mala
1117 1151 1184 1191 ex
1209 1135 1399 1206 angelo
1437 1135 1646 1206 angeli,
1685 1144 1740 1191 et

147 1240 208 1280 ex
236 1225 457 1281 homine
483 1226 712 1283 hominis
738 1236 856 1282 orta
881 1233 996 1294 est;
1028 1227 1152 1298 quid
1180 1236 1334 1283 erant
1359 1227 1472 1282 haec
1494 1227 1620 1290 duo,
1644 1242 1740 1281 an-

53 1341 55 1343 ί
147 1327 365 1390 tequam
390 1319 443 1375 in
469 1319 548 1376 eis
576 1322 674 1374 ista
715 1320 852 1374 mala
889 1320 1191 1384 orirentur,
1225 1319 1328 1374 nisi
1369 1319 1565 1374 bonum
1605 1333 1740 1390 opus

149 1413 269 1480 Dei,
291 1422 347 1469 et
365 1413 503 1469 bona
514 1421 674 1486 atque
691 1414 951 1470 laudanda
966 1414 1192 1470 natura?
1209 1413 1348 1469 Ecce
1364 1428 1491 1485 ergo
1513 1429 1576 1468 ex
1599 1413 1740 1469 bono

146 1506 320 1562 oritur
341 1507 563 1574 malum,
596 1523 695 1566 nec
724 1506 822 1562 fuit
839 1508 1058 1562 omnino
1085 1507 1226 1562 unde
1253 1508 1380 1562 oriri
1411 1519 1614 1578 posset,
1638 1509 1739 1563 nisi

147 1613 209 1653 ex
235 1598 417 1666 bono;
448 1599 615 1670 ipsam
646 1598 767 1654 dico
806 1599 1134 1654 voluntatem
1174 1598 1400 1666 malam,
1429 1615 1586 1670 quam
1617 1599 1740 1654 nul-

147 1694 257 1748 lum
302 1695 582 1764 praecessit
626 1694 856 1760 malum;
891 1709 996 1749 non
1037 1709 1199 1764 opera
1239 1694 1376 1748 mala
1402 1735 1416 1760 ,
1465 1710 1586 1764 quas
1634 1709 1739 1748 non

145 1796 274 1844 sunt
294 1789 404 1844 nisi
431 1805 496 1844 ex
520 1789 793 1844 voluntate
811 1788 970 1854 mala,
999 1799 1246 1858 tanquam
1270 1803 1338 1843 ex
1361 1787 1555 1843 arbore
1576 1787 1737 1842 mala.

146 1882 257 1940 Nec
289 1883 414 1940 ideo
455 1892 630 1938 tamen
658 1898 722 1938 ex
753 1882 894 1937 bono
927 1881 1100 1953 potuit
1126 1882 1253 1936 oriri
1284 1881 1532 1936 voluntas
1563 1880 1699 1936 mala
1719 1921 1736 1947 ,

144 1977 265 2048 quia
315 1977 514 2032 bonum
565 1975 760 2032 factum
802 1984 884 2030 est
924 1989 954 2028 a
994 1975 1104 2029 Deo
1145 1973 1315 2038 bono;
1363 1972 1456 2028 sed
1500 1971 1622 2042 quia
1673 1971 1741 2028 de

145 2071 312 2125 nihilo
356 2070 548 2124 factum
581 2076 697 2135 est,
730 2082 836 2122 non
863 2067 931 2123 de
958 2066 1089 2122 Deo.
1131 2065 1268 2133 Quid
1311 2073 1396 2121 est
1437 2079 1564 2135 ergo
1597 2063 1740 2134 quod

143 2161 293 2226 dicit,
325 2159 386 2216 Si
414 2168 600 2215 natura
626 2173 761 2229 opus
790 2167 873 2214 est
899 2158 1013 2224 Dei,
1055 2174 1148 2229 per
1177 2173 1312 2228 opus
1339 2157 1433 2212 Dei
1460 2171 1594 2226 opus
1621 2156 1739 2211 dia-

141 2254 251 2308 boli
282 2253 515 2308 transire
545 2269 650 2307 non
669 2251 895 2307 sinitur?
917 2251 1104 2306 Nonne
1125 2266 1261 2321 opus
1281 2249 1502 2316 diaboli,
1527 2248 1740 2320 quando

142 2349 193 2402 in
230 2347 427 2417 angelo
455 2346 543 2415 qui
569 2345 815 2400 diabolus
845 2343 1013 2400 factus
1045 2352 1129 2400 est
1152 2386 1167 2410 ,
1217 2344 1366 2415 prius
1404 2352 1580 2397 ortum
1622 2350 1735 2407 est,

141 2441 190 2495 in
223 2455 393 2510 opere
418 2440 512 2494 Dei
536 2448 711 2494 ortum
741 2439 868 2494 est?
893 2437 1228 2509 Quapropter
1267 2438 1311 2492 si
1359 2437 1555 2491 malum
1597 2435 1738 2505 quod

140 2532 368 2585 omnino
400 2545 656 2600 nusquam
682 2537 800 2585 erat
828 2529 879 2583 in
911 2543 1075 2599 opere
1115 2528 1207 2584 Dei
1240 2528 1369 2582 oriri
1399 2527 1601 2597 potuit;
1641 2542 1740 2581 cur

140 2623 343 2677 malum
382 2621 524 2692 quod
551 2621 742 2676 alicubi
770 2621 880 2690 jam
908 2629 1024 2675 erat
1043 2662 1058 2687 ,
1101 2635 1198 2691 per
1227 2635 1359 2690 opus
1388 2619 1477 2672 Dei
1512 2618 1740 2674 transire

139 2730 245 2769 non
289 2714 505 2784 potuit?
545 2713 811 2783 Numquid
850 2712 1098 2768 homines
1136 2725 1244 2766 non
1285 2719 1410 2767 sunt
1434 2725 1569 2781 opus
1600 2709 1740 2765 Dei?

138 2809 470 2865 Pertransiit
497 2822 624 2879 ergo
655 2816 931 2878 peccatum
965 2821 1060 2877 per
1089 2806 1352 2870 homines,
1381 2805 1481 2860 hoc
1501 2813 1602 2872 est,
1626 2804 1739 2858 dia-

141 2900 256 2955 boli
285 2915 425 2972 opus
458 2915 552 2971 per
579 2915 714 2970 opus
742 2899 870 2964 Dei;
914 2906 1072 2968 atque
1103 2905 1162 2952 ut
1190 2897 1296 2951 alio
1324 2896 1482 2952 modo
1509 2895 1738 2967 idipsum

135 2992 314 3048 dicam
337 3035 354 3058 ,
402 3008 534 3063 opus
565 2992 656 3047 Dei
695 3006 792 3062 per
831 3005 964 3060 opus
993 2989 1173 3060 operis
1203 2989 1296 3044 Dei
1333 3006 1352 3040 ι
1394 2987 1497 3063 (De
1526 2986 1740 3059 Nuptiis

135 3095 182 3138 et
205 3085 462 3153 Concup.,
494 3084 582 3138 lib.
604 3084 657 3149 2,
687 3101 741 3137 η.
768 3081 880 3156 48).
905 3082 1031 3138 Haec
1053 3092 1157 3137 tam
1186 3082 1371 3148 multa,
1404 3096 1522 3151 qum
1542 3080 1610 3136 de
1637 3080 1740 3136 tuis

135 3177 484 3232 sermonibus
511 3177 703 3246 posui,
750 3183 1076 3246 aperuerunt
1119 3175 1336 3228 omnino
1379 3174 1550 3244 ipsum
1583 3181 1741 3242 caput

134 3277 190 3324 et
218 3268 425 3324 fontem
457 3269 654 3324 erroris
683 3267 888 3339 antiqui
919 3285 932 3322 :
965 3267 1095 3321 nihil
1121 3267 1172 3320 in
1201 3265 1358 3320 dictis
1384 3265 1488 3320 tuis
1507 3267 1736 3330 acutius,

135 3362 271 3417 nihil
303 3363 360 3416 in
392 3361 706 3417 disserendo
737 3360 1042 3432 perplexius
1081 3359 1339 3424 attulisti;
1381 3368 1494 3414 toto
1519 3359 1740 3413 omnino

133 3471 331 3528 campo
361 3457 739 3527 disputationis
767 3456 1016 3527 agitatus,
1042 3470 1105 3509 ac
1125 3454 1192 3510 de
1218 3453 1363 3508 omni
1385 3452 1524 3519 loco,
1560 3452 1610 3506 in
1634 3465 1740 3522 quo

133 3556 451 3604 tentaveras
477 3549 768 3603 subsistere
788 3589 803 3613 ,
834 3547 999 3602 armis
1041 3545 1249 3600 infestae
1281 3545 1526 3600 veritatis
1551 3542 1742 3614 expul-

133 3657 254 3709 sus,
288 3643 588 3713 pervenisti
621 3639 834 3696 tandem
866 3639 932 3694 ad
958 3639 1106 3694 illum
1138 3653 1383 3709 specum,
1413 3651 1570 3708 quem
1601 3635 1740 3690 inter

130 3751 308 3807 opaca
365 3735 721 3806 quaestionum
773 3732 1094 3787 Manichteus
1152 3729 1382 3786 foderat.
1440 3727 1740 3784 Reddidisti

129 3829 501 3902 propositioni
530 3828 654 3882 huic
695 3827 1058 3883 testimonium
1099 3822 1430 3880 difficultatis
1455 3837 1567 3877 suae
1591 3862 1606 3886 ,
1653 3821 1739 3876 di-

130 3939 272 3980 cens
295 3967 312 3990 ,
349 3942 369 3976 σ
406 3923 600 3990 Quaero
624 3921 693 3976 ab
719 3921 811 3976 illo
830 3961 845 3986 ,
876 3928 936 3974 ut
959 3917 1006 3972 si
1036 3926 1211 3988 potest
1237 3915 1562 3987 respondeat
1589 3933 1603 3970 ε
1638 3932 1657 3966 ι
1688 3922 1744 3968 et

129 4015 264 4072 ideo
292 4014 546 4086 quoniam
587 4012 838 4068 convenit
880 4011 1018 4066 inter
1057 4017 1343 4079 utrumque
1379 4015 1620 4062 nostrum
1662 4005 1743 4059 lo-

131 4124 267 4165 cum
291 4123 418 4164 esse
447 4105 742 4171 difficilem,
770 4114 829 4161 ut
855 4112 970 4160 toto
991 4103 1171 4158 animo
1196 4102 1336 4157 adsit
1357 4101 1530 4156 lector
1553 4098 1742 4153 admo-

129 4218 269 4258 nco.
315 4201 695 4256 Distinctiones
723 4213 821 4270 pro
847 4200 927 4254 rei
958 4197 1265 4254 conditione
1307 4197 1531 4252 subtiles
1553 4237 1568 4261 ,
1609 4209 1742 4266 quas

129 4297 434 4367 adjuvante
455 4295 670 4350 Christo
690 4293 902 4350 confido
921 4293 1290 4364 pinguescere,
1314 4291 1462 4362 prius
1484 4291 1741 4357 intentus,

129 4403 278 4442 mox
310 4401 536 4442 securus
563 4385 824 4456 sequitur.
855 4383 1105 4452 Quaesisti
1134 4379 1297 4453 ergo,
1330 4381 1470 4437 unde
1497 4382 1691 4435 malum
1727 4397 1740 4435 :

131 4480 426 4548 interrogo
450 4519 467 4544 ,
511 4477 654 4548 quod
694 4477 893 4532 malum
921 4475 1105 4542 dicas;
1148 4490 1430 4532 commune
1468 4475 1610 4530 enim
1642 4474 1746 4529 hoc

131 4586 352 4627 nomen
384 4579 468 4626 est
494 4569 666 4639 culpa:
691 4576 746 4623 et
769 4567 1053 4632 vindictae;
1081 4575 1334 4622 caeterum
1361 4566 1582 4622 abusive
1611 4581 1744 4636 sup-

127 4663 368 4733 plicium
392 4661 593 4716 malum
615 4669 858 4725 vocatur,
879 4674 1000 4714 cum
1027 4658 1287 4730 gravitate
1312 4657 1428 4728 ejus
1448 4673 1555 4729 quo
1581 4656 1746 4713 infer-

130 4765 239 4812 tur
261 4755 453 4827 judicii
489 4754 808 4810 vindicetur.
847 4752 1196 4824 Respondes,
1234 4752 1303 4807 de
1327 4759 1547 4823 peccato
1577 4760 1628 4807 te
1665 4751 1748 4806 di-

119 4865 292 4917 cere,
319 4865 432 4906 non
459 4849 527 4906 de
557 4849 838 4920 supplicio.

206 4945 356 5000 Anc.
389 4941 661 5013 Aperuisti
689 4940 908 4995 omnino
935 4937 1216 4995 stultitiam
1260 4944 1406 4992 tuam
1431 4977 1446 5002 ,
1490 4943 1747 5007 quantum

117 5035 393 5109 potuisti,
421 5033 513 5105 qui
540 5032 740 5087 malum
767 5029 1040 5087 conﬁteris
1060 5043 1180 5085 esse
1207 5041 1447 5099 peccare,
1474 5036 1528 5082 et
1547 5027 1746 5082 malum

115 5145 257 5186 non
283 5143 409 5185 esse
436 5127 572 5182 dicis
589 5169 604 5193 ,
634 5126 728 5182 sed
755 5125 972 5181 abusive
1003 5123 1200 5179 malum
1226 5122 1405 5177 vocari
1429 5162 1444 5188 ,
1476 5121 1739 5192 supplicio

111 5223 464 5294 sempiterni
487 5221 624 5293 ignis
651 5219 861 5275 ardere.
891 5218 995 5275 Sed
1023 5227 1184 5273 tantae
1214 5216 1563 5272 absurditatis
1582 5216 1748 5270 ratio-

1492 457 1691 520 mssa
1727 457 2045 534 QUINTUS.

3291 464 3427 524 1466

1839 575 2042 646 justum
2072 579 2174 642 est,
2199 573 2402 629 bonum
2429 578 2514 628 est
2545 586 2561 626 τ
2588 580 2788 628 bonum
2816 579 2900 629 est
2925 587 3058 647 ergo
3081 573 3427 648 supplicium.

1843 669 2032 726 Nonne
2057 671 2266 736 cernis,
2296 669 2398 725 nisi
2428 670 2499 725 ita
2528 670 2838 728 damnatum
2866 688 2895 729 a
2919 673 3208 734 damnante
3232 677 3426 735 distin-

1844 775 1994 832 guas,
2022 769 2083 816 ut
2106 761 2274 832 ipsam
2304 761 2722 830 damnationem,
2751 765 2892 835 quod
2917 767 3234 838 supplicium
3263 780 3343 825 est
3371 779 3428 828 et

1845 867 2001 924 paena
2051 855 2295 924 peccati,
2357 855 2552 910 bonum
2604 855 2820 928 quidem
2863 871 2999 929 Opus
3050 875 3168 916 esse
3214 877 3424 921 asseras

1844 945 2164 1014 damnantis,
2210 948 2304 1003 sed
2347 948 2582 1004 damnati
2626 950 2842 1006 exitium
2880 938 3078 1008 malum
3110 971 3124 1007 :
3153 969 3257 1009 non
3283 997 3299 1023 ,
3340 955 3427 1011 in—

1845 1055 2025 1109 quam,
2055 1041 2251 1109 cernis,
2283 1041 2390 1097 nisi
2419 1042 2534 1099 haec
2561 1057 2624 1099 ea
2654 1045 2859 1100 ratione
2888 1045 3204 1118 distinguas,
3233 1048 3299 1104 ad
3327 1049 3428 1105 hoc

1847 1139 1898 1186 te
1920 1131 2134 1203 perduci
2161 1142 2218 1188 ut
2245 1132 2414 1202 dicas,
2439 1133 2681 1191 homines
2703 1137 2858 1192 malis
2884 1138 3130 1208 operibus
3157 1139 3284 1206 suis,
3320 1156 3428 1196 non

1845 1224 1911 1279 ad
1938 1225 2074 1278 mala
2102 1241 2220 1295 quae
2247 1227 2518 1297 patiantur
2537 1230 2806 1301 graviora,
2831 1231 2973 1302 quod
2998 1247 3183 1289 verum
3209 1243 3308 1299 est,
3333 1235 3430 1291 sed

1846 1317 1912 1372 ad
1949 1317 2088 1373 bona
2117 1320 2296 1390 potius
2328 1322 2642 1392 pervenire,
2684 1323 2826 1405 quod
2854 1333 2961 1380 tam
2990 1324 3179 1382 falsum
3211 1336 3294 1382 est
3316 1369 3332 1395 ,
3372 1336 3429 1383 et

1846 1419 1992 1466 tanta
2020 1413 2252 1468 vanitate
2278 1413 2473 1470 dicitur
2496 1457 2511 1481 ,
2553 1423 2610 1470 ut
2634 1415 2731 1471 ista
2763 1431 2953 1487 sapere
2983 1425 3188 1474 tantum
3215 1419 3283 1474 sit
3311 1434 3431 1474 ma-

1847 1506 1975 1568 lum,
2005 1514 2260 1577 quantum
2293 1517 2376 1563 est
2395 1509 2554 1565 etiam
2584 1510 2762 1566 cordis
2785 1512 2913 1567 caeci
2940 1513 3254 1584 supplicium
3279 1514 3304 1568 ?
3332 1513 3431 1585 Igi-

1849 1608 1934 1654 tur
1963 1615 2069 1654 non
2096 1600 2316 1658 abusive
2342 1611 2564 1659 vocatur
2589 1604 2824 1671 malum;
2855 1605 2948 1661 sed
2976 1622 3199 1678 prorsus
3229 1608 3427 1665 malum

1847 1701 1932 1747 est
1955 1692 2173 1763 patienti
2203 1711 2218 1748 :
2259 1695 2456 1750 bonum
2487 1704 2570 1751 est
2595 1706 2770 1751 autem
2807 1697 3052 1763 facienti,
3083 1701 3202 1770 quia
3229 1700 3432 1771 justum

1846 1795 1929 1842 est
1965 1802 2176 1858 pmnam
2210 1789 2444 1860 irrogare
2471 1791 2736 1861 peccanti.
2787 1789 2843 1846 Si
2879 1790 3110 1848 delirare
3158 1808 3263 1848 non
3305 1793 3387 1849 vis
3413 1832 3430 1859 ,

1847 1881 1945 1936 ista
1975 1881 2260 1952 distingue.
2301 1896 2308 1902 ‘

1917 1969 2132 2028 XXVII.
2183 1973 2300 2028 Jun.
2334 1973 2539 2043 Quaeris
2581 1990 2708 2047 ergo
2756 1975 2895 2032 unde
2937 1975 3006 2030 sit
3050 1976 3151 2033 hoc
3190 1978 3385 2033 malum
3413 2022 3429 2046 ,

1846 2068 1985 2139 quod
2016 2069 2207 2124 merito
2234 2069 2430 2123 malum
2456 2078 2678 2125 vocatur
2700 2113 2715 2138 ,
2760 2070 2811 2124 id
2839 2079 2955 2136 est,
2995 2079 3297 2142 peccatum.
3320 2072 3432 2128 Re-

1846 2161 2104 2230 spondeo,
2133 2161 2381 2232 imperite
2411 2162 2572 2217 nimis
2600 2162 2774 2233 rogari
2804 2163 3063 2233 originem
3091 2163 3165 2218 rei
3194 2206 3207 2229 ,
3238 2162 3306 2219 de
3333 2178 3432 2219 cu-

1840 2253 1928 2324 jus
1967 2252 2143 2309 adhuc
2178 2253 2487 2309 definitione
2522 2269 2631 2309 non
2677 2255 2936 2310 constitit.
2969 2254 3258 2312 Videamus
3297 2271 3427 2328 ergo

1839 2344 1992 2414 prius
2020 2352 2196 2399 utrum
2224 2345 2312 2410 sit,
2339 2355 2463 2399 tunc
2489 2345 2612 2416 quid
2635 2345 2723 2412 sit,
2752 2346 2996 2401 ultimum
3029 2346 3169 2402 unde
3189 2347 3276 2402 sit.
3302 2347 3431 2404 Feci

1847 2434 1948 2490 hoc
1973 2435 2186 2506 quidem
2215 2435 2267 2488 in
2291 2435 2464 2505 primo
2487 2435 2768 2504 praesentis
2792 2437 2969 2506 operis
2995 2437 3174 2492 libella
3200 2478 3211 2500 .
3240 2437 3333 2493 sed
3359 2439 3433 2494 ibi

1845 2540 1913 2581 ex
1952 2525 2130 2597 aliqua
2179 2535 2328 2606 parte
2365 2540 2582 2582 securus
2615 2527 2955 2598 :ambigatur
2994 2543 3121 2600 ergo
3155 2535 3336 2585 utrum‘
3363 2530 3436 2586 sit

1844 2618 2064 2674 malum.

1915 2713 2050 2770 Avo.
2083 2710 2140 2768 Si
2171 2721 2225 2768 tu
2255 2726 2374 2768 esse
2398 2712 2598 2768 malum
2623 2711 2832 2769 diceres
2853 2757 2868 2781 ,
2915 2728 3014 2785 ego
3049 2723 3225 2770 autem
3273 2731 3435 2787 nega-

1847 2819 1958 2858 rem
1985 2822 1999 2869 ;
2030 2812 2155 2860 tunc
2181 2804 2321 2860 inter
2347 2819 2444 2859 nos
2471 2804 2696 2875 quaestio
2721 2813 3018 2860 verteretur
3039 2848 3055 2874 ,
3089 2815 3264 2862 utrum
3291 2816 3438 2863 esset

1846 2899 2045 2953 malum
2067 2940 2083 2967 ,
2127 2899 2178 2952 in
2210 2913 2312 2969 qua
2351 2900 2648 2970 quaestione
2677 2898 2978 2969 susciperes
3008 2885 3290 2955 ostendere
3317 2914 3436 2955 ma-

1846 2991 1956 3046 lum
1980 3006 2122 3057 esse,
2156 2991 2278 3062 quia
2310 2990 2361 3045 id
2391 3006 2419 3043 a
2447 3006 2535 3046 me
2566 2999 2816 3060 negatum
2845 2998 2988 3046 esset
3019 3007 3033 3045 :
3064 3006 3186 3046 cum
3222 3006 3352 3046 vero
3381 2991 3437 3046 id

1845 3091 2037 3139 neuter
2067 3092 2305 3138 nostrum
2328 3090 2505 3154 neget,
2535 3092 2725 3138 neuter
2751 3083 2874 3137 hinc
2900 3082 3161 3154 ambigat;
3189 3083 3312 3154 quid
3343 3097 3438 3153 po-

1847 3177 1952 3232 scis
1980 3185 2037 3230 nt
2063 3175 2361 3247 ambigatur
2384 3175 2524 3230 unde
2553 3191 2658 3229 non
2688 3176 3010 3245 ambigitur,
3054 3176 3154 3230 nisi
3184 3176 3438 3247 loquendi

1848 3269 2099 3335 libidine;
2128 3278 2187 3323 ut
2214 3284 2320 3324 non
2355 3268 2636 3323 verborum
2668 3282 2911 3322 meorum
2941 3267 3273 3322 convictione
3298 3309 3311 3333 ,
3342 3267 3438 3323 sed

1846 3363 2102 3419 librorum
2134 3372 2344 3417 tuorum
2370 3360 2704 3416 multitudine
2728 3361 3010 3431 glorieris?

1921 3454 2159 3511 XXVIII.
2190 3455 2310 3511 JUL.
2339 3456 2408 3508 At
2436 3453 2488 3509 id
2517 3469 2636 3510 esse
2663 3462 2926 3509 testantur
2948 3453 3279 3524 frequentata
3308 3453 3441 3509 vitia

1847 3555 1903 3604 et
1930 3563 2115 3603 severa
2135 3547 2333 3618 judicia
2367 3562 2397 3603 ε·
2411 3546 2651 3602 constitit
2675 3561 2803 3617 ergo
2823 3561 2943 3602 esse
2962 3555 3262 3616 peccatum.
3285 3547 3444 3615 Qua:-

1849 3640 2020 3696 rimus
2045 3639 2171 3711 quid
2215 3639 2316 3706 sit;
2369 3647 2545 3693 utrum
2585 3653 2783 3709 corpus
2813 3637 3026 3708 aliquod
3051 3637 3159 3705 sit,
3205 3638 3343 3708 quod
3375 3653 3442 3693 ex

1850 3735 2032 3789 multis
2060 3735 2078 3766 ¹
2105 3734 2460 3803 compositum
2484 3731 2761 3796 videatur;
2785 3747 2851 3785 an
2879 3732 3143 3803 singulare
3164 3731 3440 3803 quiddam,

1850 3827 1989 3881 sicut
2015 3841 2182 3880 unum
2210 3825 2425 3894 aliquod
2453 3824 2802 3890 elementum,
2833 3824 2918 3878 vel
2949 3839 3044 3894 per
3067 3825 3441 3895 cogitationem

1850 3935 1881 3974 a
1906 3921 2225 3991 reliquorum
2255 3919 2632 3974 communione
2661 3926 2961 3990 purgatum.
2989 3919 3155 3972 Porro
3180 3918 3310 3972 nihil
3339 3919 3442 3972 ho-

1850 4033 1968 4071 rum
1997 4024 2099 4071 est.
2131 4015 2269 4084 Quid
2299 4025 2380 4069 est
2413 4014 2580 4084 ergo?
2609 4013 2890 4084 Appetitus
2915 4011 3101 4066 libera:
3129 4012 3439 4079 voluntatis,

1851 4123 2010 4179 quem
2057 4105 2303 4177 prohibet
2335 4105 2538 4175 justitia
2571 4122 2583 4159 :
2613 4105 2733 4170 vel,
2781 4113 2839 4157 ut
2876 4102 3187 4158 definitione
3231 4113 3450 4158 utamur

1852 4202 2053 4272 priore,
2085 4199 2345 4254 Voluntas
2372 4197 2599 4252 faciendi
2629 4195 2770 4267 quod
2795 4196 2998 4266 justitia
3027 4204 3191 4262 vetat,
3222 4204 3276 4250 et
3304 4196 3446 4251 unde
3515 4182 3517 4184 ’

1853 4292 2080 4348 liberum
2126 4299 2208 4346 est
2245 4289 2534 4344 abstinere.
2576 4287 2867 4344 Considera
2895 4302 3044 4358 ergo,
3077 4296 3255 4342 utrum
3298 4296 3448 4342 extra

1855 4385 2112 4440 terminos
2151 4383 2476 4438 definitionis
2506 4381 2666 4452 hujus
2705 4389 2982 4452 peccatum
3027 4390 3256 4450 nequeat
3297 4383 3445 4437 inve-

1855 4478 1981 4542 niri,
2014 4491 2081 4530 ne
2109 4475 2234 4530 alibi
2261 4483 2517 4546 vagetur,
2550 4474 2691 4544 quod
2733 4488 2830 4528 nos
2867 4474 3310 4542 comprehensum
3342 4490 3445 4544 pu-

1857 4577 2049 4624 tamus.
2078 4567 2434 4623 Consulamus
2459 4581 2587 4638 ergo
2609 4567 2870 4637 justitiam
2892 4565 3202 4635 judicantis,
3230 4575 3289 4620 ut
3313 4575 3369 4622 et
3393 4567 3452 4622 il-

1855 4661 1958 4716 lius
1989 4661 2296 4716 testimonio
2328 4661 2564 4726 clareat,
2599 4667 2774 4713 utrum
2817 4659 2954 4713 bene
2999 4658 3230 4713 cinctum
3266 4659 3337 4713 sit
3364 4658 3449 4715 his

1856 4753 2113 4808 limitibus
2138 4767 2306 4823 genus
2331 4767 2490 4806 omne
2515 4753 2536 4783 ²
2564 4750 2788 4821 peccati.
2817 4751 3116 4821 lmputatne
3141 4749 3284 4806 Deus
3305 4752 3451 4823 quod

1856 4847 1959 4902 scit
1985 4860 2094 4900 non
2121 4859 2278 4916 posse
2307 4843 2505 4898 vitari?
2534 4843 2603 4897 At
2628 4843 2772 4897 nulla
2795 4843 2998 4912 justitia
3029 4851 3133 4911 est,
3164 4852 3218 4898 et
3242 4857 3454 4900 summa
3539 4903 3548 4912 η

1857 4939 2170 4994 deformitas
2203 4956 2216 4993 :
2246 4938 2355 4992 imo
2391 4938 2434 4991 si
2463 4936 2565 4992 hoc
2595 4935 2703 5003 ﬁat,
2735 4951 2840 4990 non
2874 4937 3170 5006 puniuntur
3195 4948 3409 5008 peccata
3434 4981 3450 5008 ,

1858 5030 1951 5087 sed
1979 5037 2246 5087 crescunt.
2275 5030 2318 5084 Α
2346 5029 2489 5099 justo
2515 5029 2657 5084 enim
2683 5028 2863 5098 judice
2883 5027 3038 5101 culpa
3067 5031 3244 5100 puniri
3273 5031 3409 5088 solet
3436 5051 3451 5089 :

1859 5140 1923 5180 ea
1953 5125 1997 5179 si
2022 5125 2072 5178 in
2107 5124 2276 5195 ipsum
2306 5123 2565 5177 arbitrum
2595 5121 2616 5152 ³
2638 5121 2862 5188 iustitia:
2891 5125 3234 5193 corruptione
3263 5139 3455 5196 perva-

1860 5215 1971 5282 dat,
2014 5213 2278 5270 vindicata
2305 5223 2388 5269 est
2418 5213 2486 5268 de
2523 5212 2706 5282 judice
2731 5255 2747 5279 ,
2799 5227 2905 5268 non
2938 5216 3140 5284 punita.
3181 5215 3297 5271 Non
3325 5232 3453 5288 ergo

1862 5310 2084 5380 imputat
2107 5307 2312 5378 justitia
2341 5308 2391 5362 in
2424 5315 2702 5378 peccatum
2731 5350 2746 5374 ,
2779 5308 2878 5362 nisi
2925 5308 3068 5364 unde
3105 5309 3330 5365 liberum
3368 5319 3452 5365 cst

1860 5401 2148 5456 abstinere.
2181 5401 2428 5455 Liberum
2461 5409 2639 5454 autem
2670 5399 2772 5455 dici
2804 5414 2912 5454 non
2944 5409 3150 5469 potest,
3183 5401 3282 5456 nisi
3308 5402 3452 5472 quod

1861 5495 1977 5550 sine
2019 5494 2196 5564 aliquo
2240 5491 2531 5548 inevitabili
2581 5493 2902 5547 naturalium
2957 5501 3186 5560 coactu,
3235 5492 3287 5546 in
3331 5493 3455 5563 jzlre

1861 5585 2206 5655 emancipatte
2248 5583 2551 5639 constiterit
2589 5584 2896 5639 voluntatis.
2947 5582 3160 5653 Optime
3199 5599 3328 5655 ergo
3366 5593 3453 5642 est

1861 5681 2068 5736 finitum
2109 5687 2163 5736 et
2205 5680 2362 5750 plene
2415 5696 2429 5734 :
2472 5678 2754 5734 Peccatum
2803 5685 2885 5732 est
2928 5678 3174 5734 voluntas
3220 5677 3454 5738 faciendi

108 5332 273 5372 nem
295 5313 481 5370 reddis
510 5314 822 5384 egregiam:
859 5329 880 5364 ‹
915 5309 1169 5377 Abusive,
1209 5327 1228 5362 ι
1266 5308 1461 5379 inquis,
1498 5327 1517 5359 ‹
1553 5307 1751 5378 suppli-

103 5413 292 5469 cium
317 5407 521 5463 malum
551 5413 791 5468 vocatur,
823 5418 942 5458 cum
968 5402 1225 5474 gravitate
1249 5401 1368 5470 ejus
1396 5415 1500 5471 quo
1526 5399 1753 5455 infertur

97 5501 333 5577 judicii
365 5497 690 5555 vindicetur.
738 5515 756 5548 ›
795 5496 852 5551 Si
883 5509 1011 5566 ergo
1035 5537 1049 5561 ,
1085 5502 1142 5548 ut
1170 5493 1274 5548 hoc
1302 5493 1448 5547 dicas
1471 5533 1486 5557 ,
1515 5492 1752 5546 damnati

97 5610 370 5669 poenam
416 5609 526 5649 non
581 5607 646 5648 ex
703 5591 918 5646 miseria
971 5587 1242 5660 patientis,
1297 5585 1388 5641 sed
1435 5601 1498 5639 ex
1547 5584 1749 5655 justitia

99 5686 464 5746 damnantis
493 5683 788 5754 appendis;
819 5682 905 5737 dic
931 5679 1169 5750 apertius
1191 5720 1206 5745 ,
1234 5677 1434 5732 bonum
1463 5691 1583 5730 esse
1621 5691 1750 5745 snp-

91 5781 374 5857 plicium
399 5820 415 5844 ,
466 5777 609 5850 quod
647 5776 868 5831 abusive
895 5773 1029 5829 dicis
1067 5771 1266 5827 malum
1295 5769 1495 5824 vocari.
1531 5766 1749 5838 Suppli-

85 5880 296 5933 cium
317 5880 400 5927 est
427 5870 574 5927 enim
597 5883 752 5940 poena
779 5866 1004 5940 peccati,
1033 5873 1086 5920 et
1104 5863 1245 5935 justa
1274 5869 1357 5917 est
1382 5860 1562 5943 utique
1591 5873 1748 5929 poena

78 5964 362 6041 pecuati
387 5981 408 6020 :
432 5962 645 6036 justum
664 5970 745 6019 est
764 5961 945 6032 itaque
971 5955 1324 6030 supplicium;
1353 5963 1407 6010 et
1426 5967 1585 6012 omne
1605 5953 1748 6024 quod

1926 5838 1940 5904 ξ
1978 5837 2051 5904 sic
2072 5841 2178 5886 Mss.
2205 5841 2262 5886 At
2283 5834 2421 5904 editi,
2439 5847 2504 5886 ea:
2523 5831 2763 5904 munibus.

1924 5902 1945 5932 ³
1964 5901 2049 5948 ’διο
2062 5905 2170 5949 Mss.
2194 5905 2249 5961 In
2267 5900 2425 5961 vign.,
2450 5900 2619 5961 omnis.

1931 5964 1950 5996 ³
1982 5961 2120 6020 Editi,
2144 5955 2420 6011 arbitrium.
2438 5957 2604 6009 Melius
2623 5964 2752 6017 Mss,
2775 5955 3030 6011 arbitrum.
