3962 6492
561 413 706 474 1467

569 528 714 600 quod
735 526 938 599 {iustitia
978 534 1142 596 vetat,
1185 535 1242 583 ot
1285 526 1428 583 unde
1467 527 1701 582 liberum
1737 538 1820 582 est
1857 526 2145 581 abstinere.

573 623 672 682 His
700 638 827 693 ergo
853 621 1095 694 partibus
1116 621 1397 687 absolutis,
1428 629 1700 691 quaeratur
1729 619 1870 675 unde
1894 619 1983 686 sit,
2011 616 2152 688 quod

567 715 1034 787 perturbatissitue
1060 723 1184 771 ante
1217 713 1314 770 has
1339 713 1680 770 definitiones
1717 713 1892 766 fuerat
1928 711 2153 782 inquisi-

572 817 706 864 tum.
735 806 887 864 Unde
912 816 994 863 est
1017 822 1144 878 ergo
1170 806 1484 878 peceatum?
1507 803 1846 875 Respondeo,
1881 804 1956 860 De
1987 803 2154 858 libera

571 901 842 958 voluntate
867 898 1128 956 facientis.

644 996 778 1052 Anc.
813 993 958 1050 itane
975 1010 1100 1050 vero
1119 993 1186 1052 de
1204 993 1370 1050 libera
1383 991 1652 1048 voluntate
1665 990 1910 1046 facientis
1939 998 2042 1057 est,
2066 989 2156 1046 ubi

577 1085 798 1152 dicitur,
832 1085 894 1142 Si
907 1084 1355 1157 autenupwdnoto
1379 1101 1492 1158 ego,
1523 1084 1617 1139 hoc
1632 1084 1785 1154 facio,
1805 1084 1920 1152 jam
1943 1100 2044 1138 non
2066 1097 2156 1154 ego

577 1195 756 1248 operor
777 1177 926 1242 illud,
939 1177 1028 1234 sed
1047 1177 1185 1245 quod
1207 1177 1398 1234 habitat
1409 1177 1469 1230 in
1486 1193 1563 1231 me
1584 1185 1844 1247 peccatum
1863 1172 2036 1246 (Rom.
2059 1189 2152 1239 vlt,

584 1270 706 1337 20)?
738 1271 962 1326 Videsne
990 1286 1111 1326 cum
1137 1270 1330 1340 quan-is
1361 1269 1501 1325 unde
1535 1269 1612 1324 sit
1655 1277 1926 1338 peccatum
1950 1309 1964 1332 ,
1995 1275 2157 1335 atque

578 1364 900 1436 respondes,
937 1383 956 1422 ι
991 1365 1066 1420 De
1087 1364 1256 1422 libera
1287 1363 1555 1418 voluntate
1577 1360 1858 1424 facientis,
1890 1379 1909 1412 ›
1945 1358 2073 1413 illud
2107 1368 2157 1414 te

573 1458 808 1527 cngitare
833 1465 1130 1526 peccatum,
1147 1455 1288 1527 quod
1319 1472 1424 1510 non
1446 1465 1529 1510 est
1548 1454 1705 1510 etiam
1729 1469 1884 1524 pinna
1899 1450 2108 1522 peccati
2138 1467 2152 1503 :

578 1550 682 1607 hoc
717 1559 890 1604 autem
937 1549 1026 1604 ubi
1063 1550 1185 1603 facit
1221 1548 1382 1604 homo
1412 1548 1553 1619 quod
1589 1564 1694 1602 non
1724 1548 1868 1613 vult,
1898 1556 1950 1602 et
1977 1554 2155 1600 tamen

569 1650 848 1714 peccatum
888 1657 1007 1698 esse
1035 1643 1322 1712 Apostolus
1353 1641 1581 1705 clamat,
1610 1639 1676 1694 ad
1703 1640 1842 1693 hanc
1885 1647 2025 1692 tuam
2067 1653 2155 1692 re-

575 1734 914 1804 sponsionem
954 1734 1173 1790 minime
1213 1734 1479 1803 pertinere
1502 1775 1515 1796 ,
1542 1748 1639 1787 nec
1682 1731 1748 1788 ad
1793 1730 1935 1784 illam
1970 1728 2158 1783 delini-

573 1828 800 1893 tionem,
847 1842 1007 1897 quam
1050 1826 1478 1882 commemorasti
1520 1825 1734 1888 dicens,
1776 1823 2058 1878 Peccatum
2104 1819 2156 1874 id

572 1933 721 1986 esse,
752 1919 894 1989 quod
932 1926 1015 1974 est
1040 1919 1280 1974 voluntas
1307 1917 1532 1974 faciendi
1571 1916 1716 1987 quod
1750 1915 1951 1984 justitia
1982 1921 2153 1978 vetat,

572 2018 627 2066 et
648 2010 788 2068 unde
808 2011 1032 2067 liberum
1054 2020 1137 2066 est
1155 2009 1459 2066 abstinere?
1477 2007 1755 2078 Quomodo
1770 2007 1911 2063 enim
1932 2007 2154 2062 liberum

573 2113 654 2160 est
689 2104 987 2170 abstinere,
1033 2103 1122 2159 ubi
1164 2103 1451 2171 clamatur,
1485 2100 1633 2170 Quod
1679 2099 1795 2154 nolo
1816 2141 1830 2166 ,
1865 2098 1958 2152 hoc
1987 2098 2158 2170 facio?

578 2195 747 2251 Aliter
776 2211 905 2266 ergo
933 2207 1122 2250 natura
1149 2193 1381 2249 humana
1405 2193 1679 2266 peccavit,
1711 2189 1924 2262 quando
1945 2190 1996 2245 ei
2026 2189 2157 2244 libe-

569 2303 689 2344 rum
713 2287 810 2342 fuit
840 2286 1111 2342 abstinere
1133 2302 1168 2341 ~a
1185 2295 1409 2358 peccato
1442 2303 1454 2338 :
1489 2284 1643 2339 aliter
1669 2299 1808 2338 nunc
1831 2291 2013 2353 peccat
2033 2297 2158 2350 pcr-

565 2380 680 2436 dita
710 2379 971 2445 libertate,
993 2378 1204 2450 quando
1228 2387 1349 2449 eget
1373 2377 1675 2432 liberatoris
1695 2375 1910 2430 auxilio.
1935 2375 2002 2428 Et
2027 2373 2157 2428 illud

571 2471 937 2530 tantummodo
953 2479 1231 2542 peccatum
1245 2477 1360 2526 erat
1377 2486 1390 2522 :
1409 2469 1513 2530 hoc
1529 2478 1704 2524 autem
1722 2467 1880 2524 etiam
1901 2475 1985 2522 est
1997 2480 2155 2537 pmna

570 2563 794 2630 peccati.
1787 2567 1796 2578 ‘
1915 2633 1917 2635 ι

646 2653 839 2710 XXIX.
867 2653 987 2714 Jun.
1018 2652 1125 2712 Sed
1159 2653 1465 2722 videamus,
1495 2662 1670 2709 utrum
1711 2652 1850 2708 istud
1889 2651 2030 2722 quod
2059 2651 2156 2707 de-

569 2747 743 2808 finitio
779 2747 1051 2818 praemissa
1084 2746 1340 2811 confecit,
1365 2745 1603 2801 omnium
1639 2745 1951 2802 assensione
1978 2743 2158 2800 firme-

571 2847 678 2894 tur.
717 2827 875 2895 Certe
914 2854 1014 2894 nec
1057 2837 1288 2909 prudens
1327 2838 1453 2894 hinc
1499 2838 1638 2892 ullus
1690 2844 1897 2907 potest,
1932 2851 2031 2890 nec
2069 2850 2159 2890 ca-

571 2930 800 2987 tholicus
839 2931 1113 2999 dubitare,
1152 2931 1205 2988 id
1250 2940 1368 2997 est,
1414 2946 1512 2986 nec
1561 2939 1837 3002 peccatum
1888 2946 2007 2986 esse
2055 2930 2159 2986 nisi

570 3025 712 3096 quod
752 3032 929 3096 potest
963 3024 1169 3094 caveri,
1200 3038 1300 3080 nec
1335 3024 1596 3096 justitiam
1629 3039 1748 3080 esse
1786 3024 1886 3079 nisi
1911 3037 2030 3094 quae
2057 3020 2160 3079 hoc

563 3116 797 3188 imputet
821 3115 898 3170 illi
923 3130 1082 3186 quem
1110 3115 1286 3187 punit,
1319 3115 1461 3186 quod
1489 3115 1657 3172 libera
1683 3115 1951 3171 voluntate
1982 3130 2075 3185 per
2100 3129 2159 3170 se

569 3208 688 3280 ipse
707 3207 994 3276 commisit,
1017 3222 1137 3264 eum
1167 3208 1426 3279 potuisset
1453 3223 1661 3263 cavere.

644 3302 779 3356 Aus.
825 3299 940 3355 Hoc
989 3299 1301 3371 imputatum
1344 3309 1428 3356 est
1480 3299 1654 3372 primo
1715 3298 1962 3368 homini,
2017 3297 2159 3364 quod

573 3403 755 3464 posset
806 3408 1032 3463 cavere,
1083 3394 1132 3449 si
1187 3394 1345 3449 vellet
1395 3411 1408 3447 :
1457 3393 1554 3448 sed
1598 3392 1714 3464 ejus
1771 3401 1991 3464 peccato
2036 3392 2157 3446 uni-

572 3501 728 3546 versa
777 3486 937 3544 etiam
987 3487 1041 3541 in
1107 3487 1342 3558 posteris
1395 3497 1582 3542 natura
1637 3486 1818 3541 vitiata
1879 3485 2159 3542 Salvatore

571 3593 708 3648 opus
737 3578 893 3635 habet
920 3621 934 3645 ,
968 3589 1023 3634 ut
1051 3581 1220 3651 possit
1247 3595 1438 3640 cavere
1468 3588 1682 3650 peccata
1702 3621 1717 3646 ,
1748 3580 1963 3650 quando
1999 3581 2157 3636 etiam

569 3680 702 3727 aatas
736 3671 1052 3740 accesserit,
1079 3687 1182 3742 qua
1223 3671 1295 3726 uti
1336 3671 1504 3742 possit
1531 3671 1753 3726 rationis
1783 3671 1959 3726 officio
1989 3689 2002 3725 :
2034 3680 2159 3727 ante

568 3762 711 3820 hanc
734 3777 863 3820 vero
887 3774 1099 3820 aetatem
1125 3764 1267 3820 inest
1293 3779 1359 3820 ex
1385 3765 1589 3834 origine
1617 3773 1794 3819 reatus
1817 3764 2160 3836 generatione

569 3863 912 3923 contractus,
966 3862 1371 3929 regeneratione
1425 3856 1805 3912 detrahendus.
1859 3857 2012 3926 Quod
2065 3874 2159 3914 vos

571 3945 857 4017 negando,
891 3947 1229 4018 apertissime
1274 3947 1452 4004 dicitis
1503 3948 1772 4005 Christum
1825 3947 2008 4006 Jesum
2053 3965 2159 4004 non

570 4052 692 4092 esse
716 4035 902 4093 Jesum
943 4038 1217 4108 parvulis;
1241 4040 1330 4109 qui
1376 4048 1656 4111 propterea
1690 4050 1824 4096 teste
1853 4041 2060 4111 Angelo
2085 4042 2161 4096 sie

571 4138 830 4198 vocatur,
865 4132 987 4202 quia
1028 4132 1225 4189 salvum
1259 4135 1409 4205 faciet
1447 4133 1699 4205 papulum
1740 4151 1888 4190 suum
1917 4132 2014 4207 (in
2053 4149 2159 4205 quo

565 4223 769 4296 populo
814 4226 1062 4296 parvulos
1111 4241 1230 4284 esse
1265 4241 1373 4282 non
1411 4227 1622 4298 vultis)
1658 4244 1692 4281 a
1727 4228 1945 4299 peccatis
1985 4242 2160 4282 eorum

564 4314 788 4386 (Matth.
817 4332 864 4386 ι,
891 4315 1005 4389 21).

643 4407 812 4466 ΧΧΧ.
835 4407 957 4465 Jun.
986 4407 1091 4465 Sed
1119 4417 1176 4464 ut
1199 4409 1353 4465 nobis
1367 4408 1478 4480 jam
1501 4411 1601 4466 ista
1631 4425 1738 4466 non
1770 4411 2029 4467 lubricant
2049 4454 2063 4474 .
2088 4412 2160 4468 ita

569 4516 603 4556 a
627 4500 918 4556 Manichaao
952 4510 1004 4556 et
1031 4500 1367 4558 Traduciano
1394 4502 1613 4572 paribus
1655 4503 1845 4558 animis
1886 4503 2159 4575 repellun-

578 4603 682 4658 tur.
712 4594 999 4650 Videamus
1019 4609 1148 4665 ergo
1173 4594 1297 4665 quid
1327 4595 1425 4666 ipsi
1455 4595 1653 4654 dicant.
1678 4596 2002 4652 Manichacus
2024 4599 2158 4652 seri-

576 4683 652 4738 bit
673 4686 912 4740 naturale
939 4700 1058 4741 esse
1084 4695 1360 4757 peccatum
1392 4704 1405 4740 :
1435 4689 1623 4743 annuit
1649 4689 1973 4759 Augustinus
2002 4697 2158 4743 natu-

571 4777 682 4831 rale
703 4792 823 4832 esse
846 4788 1140 4847 peccatum.
1163 4779 1337 4834 Ambo
1367 4795 1494 4850 ergo
1519 4781 1587 4836 ab
1607 4796 1690 4845 ea,
1719 4796 1874 4850 quam
1902 4781 2163 4852 praemisi-

569 4883 722 4935 mus,
745 4869 1053 4926 definitione
1086 4872 1409 4927 dissentiunt
1430 4913 1445 4936 ,
1477 4873 1777 4942 habentque
1809 4874 1858 4928 in
1901 4874 2161 4929 naturalis

570 4964 770 5034 peccati
788 4963 1183 5034 nuncupatione
1201 4965 1814 5037 collegiumﬂideamus
1834 4968 1958 5037 quid
1985 4969 2162 5023 dicant

568 5054 727 5110 etiam
772 5053 840 5109 de
883 5069 1082 5126 genere
1121 5057 1357 5126 peccati,
1393 5055 1446 5112 id
1486 5066 1596 5120 est,
1623 5057 1764 5126 quod
1817 5067 1998 5127 putant
2040 5075 2161 5114 esse

568 5154 876 5216 peceatum,
909 5145 1048 5216 quod
1079 5147 1238 5202 ambo
1269 5147 1512 5203 naturale
1540 5149 1897 5215 confirmant,
1933 5167 1998 5204 ne
2026 5150 2162 5206 forte

568 5237 652 5292 vel
677 5238 729 5292 in
761 5248 1019 5310 sequente
1042 5238 1210 5307 gradu
1247 5239 1582 5296 dissentiant.
1613 5240 1750 5307 Quid
1781 5243 1968 5298 scribit
1992 5243 2160 5298 Mani-

568 5328 754 5384 chreus
795 5329 861 5383 ad
912 5328 1639 5400 filiam?Concupiscentiam
1681 5335 1890 5401 carnis,
1923 5346 1978 5390 et
2019 5337 2160 5391 illam

569 5421 895 5492 voluptatem
927 5422 941 5452 ¹
973 5420 1309 5477 fecunditatis
1350 5425 1497 5495 operi
1539 5426 1858 5483 destinatam
1883 5472 1898 5497 ,
1932 5445 2026 5499 per
2061 5430 2163 5485 hoc

571 5515 785 5586 probari
839 5513 1153 5570 diabolicam
1183 5557 1199 5582 ,
1227 5532 1322 5586 per
1367 5518 1508 5588 quod
1559 5536 1693 5590 opus
1742 5523 1858 5592 ejus
1892 5524 2160 5595 publicum

573 5607 704 5662 vitet
741 5617 1038 5679 aspectum.
1067 5607 1204 5677 Quid
1236 5609 1608 5680 Augustinus?
1639 5613 1784 5671 Idem
1804 5621 1912 5686 'per
1937 5618 2115 5672 omnia
2146 5636 2158 5670 :

580 5719 598 5752 ‹
648 5700 739 5756 Illa
802 5701 1230 5774 concupiscentia
1295 5705 1472 5760 carnis
1541 5705 1717 5764 frutex
1772 5718 1856 5765 est
1920 5710 2160 5780 diaboli;

641 5855 990 5934 {3513971990.
1025 5857 1344 5934 mitigatam,
1375 5863 1706 5934 absumunt,
1735 5878 1937 5932 operam
1976 5879 1997 5920 :
2018 5879 2164 5932 repu-

583 5918 1217 5984 altantime

1222 410 1466 472 OPERIS
1501 413 1917 480 ιΜΡΕιιησΠ
1949 413 2157 474 ΟΟΝΊἚ

2267 409 2619 478 ΙῦῙιΙΔΝυΜ,
2659 409 2719 467 S.
2760 409 3131 469 AUGUSTINI

2268 542 2286 575 ι
2331 537 2492 578 causa
2518 564 2534 590 ,
2563 521 2646 577 lex
2677 523 2915 592 peccati,
2943 538 3060 593 qua:
3085 522 3279 591 evitat,
3309 539 3330 574 ι
3360 522 3566 594 inquit,
3602 541 3624 578 ι
3652 521 3843 595 ubique

2267 634 2287 668 ι
2323 624 2750 685 conspectum,et
2769 615 3227 686 quaeritpudendo
3253 627 3551 672 secretum»
3568 616 3676 689 (De
3697 615 3843 690 Nup-

2261 710 2342 763 tiis
2387 717 2435 763 et
2479 707 2896 781 Concupiscentia
2923 751 2938 777 ,
2967 709 3052 763 lib.
3086 711 3106 764 f
3139 751 3154 774 ,
3183 726 3235 764 τι.
3263 708 3334 766 26
3360 752 3375 776 ,
3405 721 3454 766 et
3475 701 3530 766 n.
3557 710 3596 767 8
3622 711 3664 782 ).
3711 712 3847 781 Ergo

2264 820 2368 860 nec
2393 805 2460 861 de
2479 804 2698 875 priore,
2731 819 2832 861 nec
2858 804 2924 860 de
2952 814 3209 875 sequente
3237 805 3358 860 mali
3396 805 3606 862 ratione
3639 804 3844 861 discor-

2264 898 2411 954 dant.
2461 897 2598 965 Quid
2649 896 2899 953 tertium?
2949 897 3083 953 Cum
3133 897 3244 968 jam
3299 901 3555 968 quieritur
3600 898 3743 954 unde
3783 900 3848 954 sit

2266 990 2462 1045 malum
2486 1008 2502 1058 ;
2534 991 2856 1048 Manichacus
2883 1034 2898 1059 ,
2919 991 3000 1047 :De
3025 1001 3212 1046 natura
3233 1033 3248 1058 ,
3275 991 3476 1062 inquit,
3503 992 3842 1048 tenebrarum

2263 1092 2484 1138 acterna.
2513 1084 2648 1152 Quid
2685 1083 3050 1155 Augustinus?
3078 1083 3282 1149 Nimie,
3311 1083 3478 1154 inquit
3505 1125 3520 1149 ,
3551 1085 3699 1140 istud
3733 1101 3846 1139 ma-

2262 1177 2427 1248 gister
2454 1194 2625 1244 meus,
2653 1180 2742 1250 qui
2763 1187 2920 1250 putat
2945 1180 3142 1234 malum
3157 1196 3436 1251 nunquam
3455 1180 3690 1251 cupisse
3711 1198 3725 1234 :
3747 1196 3847 1235 cre-

2266 1271 2344 1340 pit
2374 1287 2468 1341 per
2503 1272 2660 1342 primi
2687 1271 2919 1328 hominis
2945 1273 3270 1328 voluntatem
3297 1314 3313 1338 ,
3337 1273 3449 1328 timo
3486 1272 3598 1342 jam
3631 1288 3727 1342 per
3761 1289 3846 1327 su-

2266 1367 2492 1436 perioris
2539 1377 2744 1424 natura
2775 1409 2790 1433 ,
2844 1367 2896 1423 id
2944 1377 3066 1435 est,
3124 1369 3420 1440 angelicae;
3471 1368 3616 1425 sed‘
3673 1384 3740 1424 ex
3789 1383 3846 1423 eo

2269 1467 2510 1531 tempore
2585 1461 2778 1518 factum
2852 1469 2936 1518 est
3011 1463 3269 1517 naturale.
3344 1462 3648 1518 Evorberat
3733 1476 3846 1516 eum

2267 1551 2517 1606 nimirum
2549 1561 2845 1622 praeceptor
2881 1569 3046 1620 suus,
3073 1562 3129 1609 et
3164 1553 3216 1607 in
3237 1553 3323 1623 jus
3349 1553 3844 1611 auctoritatissime’

2259 1643 2446 1699 trahit.
2469 1645 2605 1712 Quid
2625 1645 2960 1716 judicaturus
2986 1655 3070 1701 est
3098 1647 3236 1702 inter
3261 1645 3360 1702 hos
3389 1646 3690 1702 catholicus
3709 1645 3733 1699 τ
3752 1645 3846 1698 Ma-

2263 1734 2526 1790 nichmum
2567 1736 2781 1806 quidem
2805 1737 2924 1792 sine
2947 1736 3110 1791 dubio
3131 1737 3536 1794 stolidissimum
3557 1779 3574 1804 ,
3601 1736 3693 1806 qui
3713 1747 3848 1806 putet

2266 1829 2510 1884 naturale
2539 1837 2850 1899 peccatum;
2878 1828 2973 1884 sed
2999 1843 3120 1884 cum
3150 1829 3428 1899 Augustini
3457 1828 3682 1900 ingenio
3710 1843 3844 1882 con-

2257 1920 2494 1990 positum
2523 1962 2540 1988 ,
2571 1929 2882 1990 peracutum
2919 1920 3110 1975 videri.
3147 1920 3350 1988 Quibus
3393 1920 3537 1976 enim
3577 1921 3847 1975 conveniat

2264 2012 2502 2068 naturale
2547 2028 2666 2068 esse
2699 2021 3000 2082 peccatum,
3051 2022 3213 2082 atque
3241 2011 3344 2068 hoc
3381 2021 3664 2083 peccatum
3709 2012 3848 2067 unius

2264 2107 2461 2176 speciei
2499 2121 2620 2164 esse
2663 2106 2949 2173 fateantur,
2974 2123 3002 2161 a
3027 2122 3133 2178 quo
3170 2123 3332 2163 omne
3369 2122 3541 2178 genus
3583 2107 3848 2162 hominum

2267 2198 2530 2268 possideri
2574 2201 2793 2269 putent“!
2819 2198 2926 2257 Sed
2957 2209 3077 2270 post
3107 2199 3224 2254 haec
3250 2199 3430 2255 dicere
3458 2198 3664 2254 audere

2267 2290 2469 2360 pulum,
2497 2290 2550 2345 in
2577 2305 2683 2346 uno
2707 2299 2910 2346 tantum
2943 2307 3047 2346 non
3075 2306 3195 2346 esse
3222 2291 3486 2358 naturale,
3510 2291 3661 2362 quod
3689 2292 3849 2347 omni-

2261 2380 2365 2437 bus
2410 2381 2640 2437 fateatur
2673 2383 3003 2453 ingenitum;
3031 2383 3326 2453 puerilibus
3367 2385 3486 2440 sine
3525 2383 3850 2440 dubitatione

2265 2474 2578 2529 verberibus
2608 2475 2920 2530 infamatum
2942 2516 2957 2541 ,
2987 2474 3218 2530 subdent
3240 2489 3362 2530 eum
3389 2476 3648 2545 magistro
3674 2490 3851 2530 conse-

2264 2566 2514 2637 quentius
2541 2566 2947 2636 blasphemanti.
2979 2565 3084 2621 Sed
3117 2577 3398 2635 utrumque
3417 2567 3598 2632 simul,
3621 2566 3847 2636 discipu-

2265 2658 2374 2713 lum
2399 2666 2454 2713 et
2474 2659 2808 2728 magistrum,
2827 2673 2856 2710 a
2876 2667 3138 2713 conventu
3169 2659 3601 2714 exterminabunt
3627 2660 3846 2730 piorum.

2265 2749 2402 2804 Vide
2447 2765 2574 2820 ergo
2619 2749 2746 2820 quid
2795 2748 3188 2820 indulgeamus.
3217 2749 3333 2804 Non
3366 2750 3460 2806 tibi
3505 2751 3688 2820 placet
3719 2750 3849 2821 quod

2263 2840 2393 2895 dicit
2440 2840 2796 2908 Manichacus,
2842 2841 3042 2896 malum
3072 2856 3194 2896 esse
3236 2840 3524 2897 naturale’
3557 2857 3572 2895 :
3614 2841 3707 2897 dic
3735 2858 3851 2912 ergo

2265 2933 2536 2989 neminem
2578 2948 2727 2988 reum
2775 2932 2964 2998 nasci,
2993 2941 3048 2988 et
3091 2933 3340 2998 evasisti,
3371 2947 3578 3002 negans
3623 2933 3850 3006 profecto

2265 3023 2526 3094 originale
2569 3033 2867 3094 peceatum.
2912 3023 3018 3079 Sed
3059 3039 3170 3078 non
3214 3024 3388 3089 dicis;
3419 3024 3696 3079 confiteris
3733 3040 3850 3094 ergo

2267 3132 2367 3172 nec
2395 3133 2424 3170 a
2466 3116 2722 3188 magistro
2752 3125 2802 3174 te
2833 3115 2972 3170 velle
2997 3115 3258 3172 desistere
3279 3158 3295 3186 ,
3328 3131 3427 3174 nec
3459 3116 3744 3172 catholicis
3766 3132 3850 3171 co-

2263 3208 2458 3280 pulari.

2337 3301 2472 3356 Auc.
2517 3298 2784 3371 Numquid
2831 3310 3112 3370 propterea
3157 3298 3342 3356 dicere
3393 3315 3499 3355 non
3556 3299 3849 3363 debemus,

2266 3393 2407 3463 quod
2457 3394 2628 3450 bonus
2667 3393 2809 3448 Deus
2836 3392 3021 3448 fecerit
3056 3392 3313 3448 mundum
3336 3434 3352 3459 ,
3385 3393 3510 3463 quia
3559 3392 3666 3447 hoc
3707 3394 3851 3447 etiam

2265 3485 2395 3542 dicit
2421 3485 2742 3540 Manichmus
2764 3484 2918 3540 ?‘Sed
2945 3500 3064 3539 cum
3093 3485 3350 3556 quaeritur
3380 3484 3521 3540 unde
3551 3482 3760 3550 fecerit,
3787 3485 3853 3540 ibi

2265 3578 2639 3634 discernimur.
2663 3577 2770 3634 Nos
2796 3578 2936 3634 enim
2952 3578 3198 3646 dicimus,
3218 3578 3297 3632 Ex
3325 3578 3409 3633 his
3424 3593 3545 3649 quae
3561 3594 3674 3634 non
3689 3589 3850 3642 erant;

2264 3671 2516 3740 quoniam
2576 3671 2688 3740 ipse
2717 3670 2868 3736 dixit,
2900 3679 2955 3726 et
2980 3670 3115 3724 facta
3143 3680 3269 3726 sunt
3296 3669 3469 3743 (Paul.
3505 3686 3731 3736 cxnvm,
3760 3671 3808 3738 5)
3837 3688 3851 3723 :

2268 3762 2353 3817 ille
2384 3771 2582 3826 autem,
2617 3762 2692 3817 Ex
2721 3761 2927 3816 duabus
2951 3763 3155 3816 naturis
3178 3803 3192 3824 ,
3227 3761 3351 3818 boni
3385 3761 3595 3818 scilicet
3623 3772 3678 3817 et
3699 3763 3813 3816 ntali
3834 3803 3850 3824 ,

2265 3873 2384 3927 quae
2423 3871 2530 3910 non
2569 3856 2743 3914 solum
2781 3855 2892 3926 jam
2933 3862 3118 3918 erant,
3148 3854 3241 3910 sed
3283 3869 3498 3925 semper
3531 3862 3706 3908 erant.
3736 3853 3855 3908 Ηίῡο

2264 3965 2392 4019 ergo
2409 3965 2527 4020 quae
2547 3965 2652 4006 non
2670 3949 2825 4004 simul
2843 3947 3200 4012 dicimus,nou
3228 3949 3411 4004 sinunt
3437 3964 3558 4003 esse
3574 3963 3672 4002 nos
3689 3949 3854 4000 socios

2266 4057 2451 4097 eorum
2493 4057 2556 4096 ex
2605 4041 2695 4096 illo
2740 4040 2883 4111 quod
2927 4041 3084 4096 simul
3123 4041 3370 4096 dicimus.
3404 4041 3541 4096 Item
3567 4041 3612 4095 si
3639 4041 3858 4094 interro-

2265 4149 2452 4204 gemur
2479 4141 2653 4187 utrum
2675 4133 2745 4188 sit
2774 4132 2948 4196 Deus;
2983 4139 3038 4188 et
3067 4148 3166 4188 nos
3192 4141 3247 4190 et
3269 4132 3549 4188 Manichmi
3575 4133 3854 4202 respmtde-

2265 4242 2407 4293 mus,
2441 4225 2534 4281 Est
2563 4226 2704 4280 Deus
2738 4243 2751 4281 :
2782 4233 2838 4281 et
2876 4226 2930 4280 in
2961 4225 3061 4281 hoc
3099 4226 3309 4298 utrique
3338 4242 3654 4298 separamur
3677 4225 3743 4280 ab
3768 4225 3857 4278 illo

2266 4321 2434 4374 stulto
2460 4362 2476 4385 ,
2507 4320 2600 4390 qui
2642 4319 2771 4374 dixit
2801 4321 2854 4374 in
2897 4320 3048 4374 corde
3083 4337 3207 4384 suo,
3239 4318 3360 4374 Non
3394 4331 3466 4374 est
3499 4319 3636 4376 Deus
3663 4318 3679 4387 (
3713 4317 3854 4372 Paul.

2269 4429 2386 4482 xm,
2419 4413 2474 4486 1)
2505 4431 2518 4467 :
2549 4413 2644 4470 sed
2685 4397 2814 4470 cum
2843 4413 3100 4483 quaeritur
3127 4414 3298 4484 qualis
3325 4412 3398 4468 sit
3424 4414 3567 4467 Deus
3587 4455 3603 4478 ,
3633 4428 3662 4466 a
3691 4412 3856 4466 Mani-

2266 4509 2538 4566 chaeorum
2585 4507 2784 4564 nefaria
2833 4507 3256 4578 fabula,magua
3300 4507 3628 4564 discretione
3673 4507 3859 4564 distin-

2265 4603 2496 4672 guimur.
2523 4600 2632 4656 Nos
2657 4601 2798 4658 enim
2839 4600 3067 4656 dicimus
3095 4601 3558 4669 incorruptibilem
3585 4609 3743 4671 atque
3765 4599 3860 4654 de-

2266 4693 2568 4755 fendimus;
2598 4693 2674 4748 illi
2705 4708 2834 4747 vero
2881 4691 3182 4746 fabulantur
3231 4692 3634 4762 corruptibilem
3678 4692 3858 4746 Deum.

2269 4785 2345 4841 De
2371 4786 2482 4856 ipsa
2511 4801 2720 4856 quoque
2745 4784 3003 4838 Trinitate
3027 4784 3356 4855 interrogati,
3381 4783 3596 4854 utrique
3618 4782 3859 4842 dicimus,

2268 4879 2480 4936 Patrem
2529 4889 2583 4933 et
2635 4877 2824 4934 Filium
2855 4887 2908 4932 et
2937 4877 3196 4946 Spiritum
3241 4886 3484 4932 sanctum
3532 4877 3691 4930 unius
3727 4875 3865 4944 ejus-

2267 4973 2498 5043 demque
2527 4985 2646 5026 esse
2690 4979 2893 5026 natura:
2923 4988 2934 5021 :
2963 4985 3062 5024 nec
3095 4969 3215 5024 ideo
3253 4977 3429 5023 tamen
3450 4969 3536 5023 vel
3562 4983 3661 5023 nos
3685 4982 3868 5022 sumus

2268 5063 2544 5119 Manichaei
2570 5105 2586 5130 ,
2619 5064 2700 5117 vel
2752 5063 2849 5132 ipsi
2901 5061 3185 5126 catholici;
3229 5061 3414 5115 dicunt
3456 5061 3602 5116 enim
3655 5061 3753 5114 alia
3794 5060 3869 5112 de

2270 5158 2427 5214 Patre
2455 5165 2510 5212 et
2539 5155 2672 5210 Filio
2709 5164 2764 5211 et
2790 5155 2991 5228 Spiritu
3031 5163 3239 5218 sancto,
3273 5154 3324 5212 in
3354 5152 3548 5223 quibus
3575 5151 3646 5207 ab
3684 5151 3756 5206 eis
3780 5150 3868 5202 di-

2270 5251 2565 5308 versissimi
2597 5252 2778 5322 eisque
2807 5249 3172 5304 adversissimi
3201 5261 3405 5302 sumus.
3441 5245 3596 5308 Unde
3626 5247 3725 5300 ista
3750 5260 3871 5314 qua:

2273 5344 2432 5400 simul
2459 5343 2686 5398 dicimus
2709 5384 2726 5408 ,
2753 5342 3014 5398 adversus
3046 5341 3275 5395 aliorum
3320 5353 3536 5393 errores
3559 5339 3653 5408 qui
3690 5352 3750 5392 ea
3771 5351 3876 5389 ne-

2270 5445 2419 5507 gant,
2444 5427 2671 5490 fidenter
2691 5434 2984 5490 asserimus
3017 5451 3030 5487 :
3066 5447 3166 5487 nec
3184 5433 3436 5486 timemus
3464 5446 3533 5485 ne
3550 5428 3882 5484 Manichacus

2273 5543 2374 5582 nos
2399 5527 2701 5598 appellent,
2729 5534 2784 5580 ct
2811 5540 2870 5581 se
2897 5524 3023 5584 inde
3050 5523 3337 5595 prmferaut
3378 5521 3534 5580 nobis
3554 5562 3568 5588 ,
3598 5520 3717 5592 quia
3746 5534 3882 5573 cum

2341 5732 2357 5800 ξ
2395 5729 2685 5800 vignierius,
2705 5727 2766 5780 si.
2792 5737 2918 5800 uss,
2941 5726 3048 5781 sed.

2339 5795 2359 5825 ¹
2392 5799 2442 5840 tn
2468 5800 2596 5850 Mss,
2619 5795 2964 5842 auctarissime.

2277 5857 2360 5970 ca:
2392 5857 2464 5904 sic
2485 5861 2592 5904 Mss.
2619 5861 2665 5904 tn
2691 5856 2849 5918 vign.,
2891 5853 3010 5907 dicit
3028 5853 3338 5915 Manichaee,
3377 5852 3604 5906 mitrata
3643 5863 3743 5904 esse
3762 5861 3894 5902 νεο-

2357 5931 2455 5969 um.
3618 5939 3636 5948 -
