3990 6474
535 411 660 466 “7!

531 535 655 580 sunt
683 524 750 580 de
780 523 901 590 illo,
937 530 996 578 ut
1025 537 1294 595 nunquam
1327 522 1485 578 fuerit
1529 523 1644 590 ipse
1689 520 1835 590 prior
1880 519 2006 573 illis.
2058 518 2126 572 Et

531 619 651 674 ideo
698 619 796 672 ista
827 624 1015 672 natura
1059 632 1165 673 non
1215 625 1392 687 potest
1419 616 1639 671 omnino
1683 628 1944 684 peccare;
1996 611 2120 682 quia

529 728 635 766 non
685 719 858 780 potest
898 725 960 766 se
1006 710 1122 780 ipsa
1166 709 1450 769 deserere.
1495 723 1597 763 nec
1639 706 1915 762 meliorem
1961 703 2122 758 habet

526 806 612 860 cui
642 804 836 860 debeat
863 803 1126 858 inhazrere
1145 843 1161 870 ,
1193 809 1248 857 et
1271 800 1423 872 cujus
1451 799 1620 870 possit
1649 797 1952 854 desertione
1991 809 2119 865 pec-

525 915 669 955 care.
700 897 809 952 Nec
849 904 1026 952 tamen
1071 895 1144 950 ita
1172 895 1449 950 rationalis
1477 902 1561 948 est
1589 891 1726 947 facta
1755 898 2028 952 creatura,
2061 896 2122 942 ut

526 991 750 1046 haberet
779 989 1035 1059 peccandi
1079 989 1452 1043 necessitatem
1481 1003 1495 1039 :
1529 983 1625 1040 sed
1655 997 1755 1039 nec
1792 980 2118 1054 possibilita-

527 1096 632 1139 tem
663 1083 921 1150 haberet,
954 1083 998 1137 si
1031 1090 1220 1136 natura
1248 1080 1342 1136 Dei
1383 1087 1564 1145 esset;
1595 1076 1845 1148 quoniam
1885 1074 1977 1130 Dei
2017 1087 2118 1127 na-

527 1187 642 1233 tura
675 1192 898 1248 peccare
926 1191 1026 1232 nec
1052 1176 1166 1231 vult
1189 1190 1346 1246 posse
1367 1216 1383 1239 ,
1409 1188 1512 1229 nec
1536 1179 1711 1244 potest
1741 1169 1900 1225 velle.

597 1269 816 1324 XXXII.
857 1268 978 1324 Jun.
1020 1268 1132 1324 Hoc
1169 1267 1311 1322 enim
1351 1265 1522 1332 nihil,
1563 1265 1631 1320 de
1670 1278 1776 1334 quo
1817 1261 1955 1316 facta
1993 1268 2120 1314 sunt

525 1363 727 1428 omnia,
754 1361 991 1416 afﬁrmas
1015 1374 1230 1416 causam
1257 1358 1424 1414 fuisse
1449 1356 1673 1429 peccati.
1704 1354 1932 1409 Tantum
1959 1352 2118 1422 igitur

524 1454 653 1510 facit
678 1453 818 1523 apud
859 1461 912 1508 te
953 1451 1102 1507 nihili
1147 1451 1305 1522 hujus
1351 1449 1621 1521 potentia,
1667 1455 1925 1518 quantum
1975 1442 2116 1515 apud

525 1545 874 1600 Manichaeum
898 1545 1153 1616 principis
1180 1544 1544 1600 tenebrarum.
1568 1540 1741 1596 Ambo
1765 1555 1890 1610 ergo
1915 1537 2112 1604 dicitis,

526 1643 687 1695 etiam
731 1641 887 1710 primi
932 1640 1060 1695 mali
1104 1640 1480 1696 necessitatem
1525 1636 1733 1693 fuisse:
1765 1635 1861 1692 sed
1890 1635 1983 1690 dat
2025 1633 2116 1689 ille

523 1734 845 1788 soliditatem
879 1733 961 1788 vel
997 1733 1230 1798 malam;
1278 1741 1333 1786 tu
1375 1732 1716 1795 inanitatem,
1747 1743 1900 1800 atque
1934 1735 2114 1783 tamen

521 1827 762 1882 malam:
807 1827 898 1882 ille
941 1841 1070 1898 ergo
1114 1826 1245 1882 dicit
1280 1826 1571 1882 violentam
1615 1825 2008 1887 substantiam;
2056 1831 2114 1878 tu

522 1918 813 1973 violentum
843 1933 1030 1989 atque,
1062 1918 1160 1974 sed
1200 1917 1444 1973 nihilum.
1477 1916 1612 1973 Vide
1653 1931 1782 1988 ergo
1819 1914 2114 1988 syllogismi

523 2013 598 2067 tui
630 2011 789 2069 ﬁnem
819 2030 832 2067 :
861 2012 1089 2068 nihilum
1134 2027 1359 2084 nempe,
1391 2027 1512 2067 cum
1550 2010 1776 2067 necdum
1823 2009 2112 2080 quidquam

521 2115 666 2160 esset
704 2113 940 2160 creatum
961 2146 978 2173 ,
1007 2115 1223 2161 aeternae
1252 2113 1367 2160 erat
1395 2103 1666 2159 inanitatis
1692 2101 1946 2158 indicium
1972 2117 1988 2168 ;
2017 2099 2111 2155 sed

522 2195 627 2251 hoc
655 2197 828 2266 ipsum
877 2196 1131 2260 nihilum.
1164 2196 1217 2251 id
1246 2204 1363 2261 est,
1395 2196 1624 2251 inanitas
1647 2236 1662 2260 ,
1704 2193 1998 2249 orientibus
2031 2201 2115 2248 est

523 2287 672 2344 ﬁnita
702 2289 962 2345 creaturis
990 2306 1003 2343 :
1033 2288 1226 2344 desivit
1253 2289 1398 2344 enim
1428 2286 1560 2342 nihil
1605 2301 1759 2352 esse,
1792 2301 1915 2340 cum
1951 2285 2116 2356 coepit

522 2379 720 2450 aliquid
765 2395 905 2436 esse.
960 2381 1134 2450 Ipsum
1163 2393 1293 2450 ergo
1336 2377 1560 2433 nihilum
1607 2377 1768 2433 etiam
1807 2392 1930 2433 cum
1974 2385 2111 2442 erat,

521 2486 633 2527 non
661 2479 814 2539 erat;
848 2472 1100 2542 quoniam
1132 2480 1257 2526 tunc
1285 2470 1595 2541 intelligitur
1620 2468 1806 2535 fuisse,
1835 2484 1958 2524 eum
1987 2485 2115 2526 nec-

523 2562 652 2617 dum
681 2562 882 2633 aliquid
920 2572 1057 2619 erat.
1087 2563 1277 2618 Postea
1303 2577 1431 2618 vero
1458 2577 1617 2632 quam
1645 2561 1801 2617 factae
1835 2577 1923 2618 res
1965 2571 2111 2630 sunt,

524 2657 629 2713 hoc
652 2657 920 2714 inanitatis
958 2657 1209 2713 indicium
1237 2658 1280 2726 ί,
1313 2656 1363 2712 id
1389 2665 1503 2722 est,
1536 2656 1791 2721 nihilum,
1821 2657 1960 2712 sicut
1983 2656 2114 2712 sub-

525 2751 776 2806 stantiam
823 2766 1090 2823 nunquam
1141 2751 1421 2816 habuerat,
1473 2751 1544 2806 ita
1593 2751 1752 2807 etiam
1793 2749 2112 2806 vocabulum

525 2857 682 2897 suum
711 2842 975 2913 perdidit;
1022 2844 1328 2913 factumque
1369 2849 1478 2908 est,
1517 2849 1576 2896 ut
1603 2840 1747 2913 quod
1789 2841 1841 2895 in
1883 2856 1944 2896 re
1971 2856 2113 2896 nun-

525 2951 685 3008 quam
710 2937 987 3004 extiterat,
1015 2937 1176 2993 etiam
1204 2939 1379 3009 ipsum
1406 2951 1600 2992 nomen
1628 2936 1917 2992 amitteret.
1946 2935 2115 3006 Hujus

525 3043 656 3100 ergo
697 3037 751 3083 tu
776 3029 1032 3085 violentia
1071 3029 1271 3085 malum
1310 3039 1364 3086 et
1391 3029 1444 3086 in
1489 3028 1679 3101 angelo
1707 3038 1762 3085 et
1804 3029 1857 3084 in
1900 3027 2116 3085 homine

525 3121 906 3177 commentaris
945 3131 1187 3177 exortum
1219 3139 1233 3177 :
1261 3136 1367 3193 quo
1408 3121 1537 3193 quid
1579 3120 1829 3176 furiosius
1869 3119 1974 3176 dici
2022 3134 2116 3192 po-

525 3221 631 3269 test
648 3212 672 3267 ?

599 3307 736 3364 Auc.
779 3306 858 3362 Tu
885 3307 1062 3378 potius
1090 3305 1445 3362 maledicendi
1484 3305 1661 3360 studio
1690 3304 1868 3360 furere
1895 3304 2115 3362 videris.

525 3400 643 3470 Ego
671 3415 776 3455 non
805 3400 912 3455 dixi
941 3401 1232 3455 violentum
1266 3399 1397 3454 nihil
1427 3416 1440 3454 :
1473 3414 1580 3454 non
1610 3399 1752 3456 enim
1782 3408 1866 3455 est
1891 3399 2113 3470 aliquid,

527 3492 670 3562 quod
703 3492 871 3562 possit
898 3507 1019 3548 esse
1048 3491 1361 3548 violentum.
1392 3491 1501 3548 Nec
1542 3493 1762 3563 angelus
1783 3533 1798 3558 ,
1828 3507 1929 3547 nec
1955 3491 2118 3547 homo

525 3581 580 3636 vi
607 3582 785 3654 aliqua
829 3597 1056 3653 peccare
1081 3583 1102 3614 ⁸
1130 3583 1436 3653 compulsus
1478 3591 1598 3649 est;
1644 3598 1744 3638 nec
1779 3595 2115 3654 peccament,

527 3675 572 3730 si
613 3690 838 3745 peccare
880 3675 1211 3741 noluissent,
1253 3676 1344 3746 qui
1383 3675 1546 3731 etiam
1587 3675 1727 3731 nolle
1770 3677 2114 3746 potuissent:

527 3781 712 3822 verum
741 3775 796 3822 et
833 3781 992 3839 posse
1019 3781 1239 3838 peccare
1270 3783 1381 3822 non
1419 3767 1474 3822 in
1512 3767 1596 3824 his
1638 3777 1814 3834 esset,
1845 3769 1888 3822 si
1929 3778 2117 3824 natura

527 3859 621 3915 Dei
647 3869 848 3917 essent.

603 3951 844 4006 XXXIII.
875 3952 996 4008 Jun.
1025 3953 1290 4024 Magnam,
1319 3953 1517 4026 inquis,
1543 3955 1651 4010 vim
1679 3954 1861 4011 habuit
1884 3970 1972 4012 res
1997 3971 2118 4028 qua:

533 4057 640 4096 non
670 4051 808 4110 erat,
831 4044 899 4098 ob
926 4043 1028 4099 hoc
1052 4046 1246 4110 solum,
1270 4047 1393 4117 quia
1420 4063 1692 4118 nunquam
1719 4050 1907 4117 fuerat,
1931 4065 2117 4106 verum

536 4146 645 4191 tum
675 4151 834 4207 posse
867 4137 1154 4208 plurimum
1183 4140 1380 4210 coepit,
1408 4150 1687 4211 postquam
1722 4151 1778 4197 et
1814 4143 1986 4213 ipsum
2018 4159 2117 4198 no-

536 4245 660 4284 men
685 4229 901 4295 amisit;
949 4231 1308 4302 sortitumque
1344 4241 1427 4288 est
1469 4233 1572 4289 hoc
1607 4234 1831 4290 nihilum
1873 4251 2118 4307 magnam

533 4321 973 4389 dominationem,
1016 4330 1293 4393 postquam
1335 4324 1496 4379 etiam
1536 4327 1821 4397 appellatio
1864 4327 1981 4399 ejus
2033 4330 2119 4384 in-

531 4416 696 4472 teriit.

603 4514 739 4567 Anc.
782 4509 837 4567 Si
867 4510 918 4568 id
948 4511 1087 4583 quod
1117 4511 1251 4566 nihil
1276 4519 1393 4580 est,
1430 4513 1628 4585 aliquid
1667 4523 1843 4582 esset,
1883 4517 2020 4588 apud
2067 4525 2119 4574 te

532 4603 800 4659 diceretur
824 4605 1073 4659 sortitum
1113 4621 1358 4677 magnam
1389 4606 1805 4664 dominationem
1837 4627 1849 4663 :
1879 4611 2121 4681 quando-

533 4695 744 4765 quidem
773 4695 1010 4763 vanitas,
1043 4697 1156 4752 sive
1195 4697 1395 4753 falsitas
1416 4741 1430 4767 ,
1463 4699 1532 4754 ita
1563 4700 1656 4755 tibi
1696 4701 2032 4769 dominatur,
2064 4714 2122 4760 ut

535 4787 731 4842 tamdiu
759 4796 809 4844 tc
836 4791 934 4844 ista
963 4790 1133 4844 inania
1160 4793 1362 4862 garrire
1389 4794 1693 4863 compellat.

603 4880 845 4936 XXXIV.
886 4880 1006 4936 Jun.
1048 4882 1217 4939 Macte
1262 4885 1456 4940 virtute
1499 4887 1804 4957 sapientiae,
1839 4891 1927 4960 qui
1968 4905 2122 4946 novae

533 4980 587 5027 et
623 4986 652 5026 a
685 4981 736 5026 te
771 4970 792 5003 ³
829 4972 1057 5028 inveutze
1101 4975 1330 5044 primum
1362 4976 1733 5047 disputationis
1776 4983 2000 5053 regulis,
2034 4999 2124 5038 se-

535 5063 706 5143 cunda
734 5065 1027 5134 primorum
1058 5067 1339 5136 negatione
1377 5070 1780 5139 complecteris,
1808 5082 1861 5127 et
1895 5088 2120 5143 corpora

536 5135 799 5226 capitibus
841 5163 1027 5211 trunca
1059 5135 1356 5228 componis.
1387 5158 1499 5214 Non
1529 5145 1824 5218 invidemus
1853 5164 2121 5219 subtilita-

537 5247 676 5302 tibus
707 5246 808 5300 tuis
842 5265 853 5300 :
897 5247 1021 5317 quin
1068 5248 1174 5304 imo
1212 5250 1499 5306 christiana
1531 5250 1861 5310 humanitate
1903 5257 2124 5312 misera-

537 5355 686 5406 mnr,
711 5341 854 5412 quod
892 5343 1108 5414 dignum
1139 5345 1382 5416 reperisti
1414 5347 1614 5402 exitum
1645 5347 1875 5420 dogmati
1912 5360 2033 5414 tuo,
2067 5359 2125 5406 ut

537 5431 808 5500 profectus
835 5448 865 5488 a
895 5434 1209 5492 criminibus
1249 5436 1613 5507 innocentum,
1644 5442 1709 5497 ad
1737 5443 1961 5499 nihilum
1994 5459 2119 5516 per-

535 5539 766 5580 VGIlll‘eS.

603 5748 621 5814 ξ
656 5749 730 5814 sic
751 5755 858 5800 Mss.
883 5756 934 5800 In
955 5751 1114 5814 νίς-ειη
1137 5751 1390 5808 indictum.

601 5810 626 5883 ξ
655 5811 727 5883 sic
751 5819 855 5862 Mss.
875 5820 926 5883 In
947 5810 1109 5883 vign.,
1140 5815 1191 5866 in
1230 5818 1395 5881 aliqua
1417 5831 1637 5883 peccare.

604 5871 628 5902 ⁸
660 5874 815 5937 vign.,
841 5871 1153 5939 tetate.'uss.,
1175 5885 1221 5930 et
1242 5894 1272 5930 α
1293 5871 1356 5932 ὡ.

1209 405 1451 466 OPERIS
1476 405 1886 464 IMPERFECTI
1923 400 2198 463 CONTRA
2237 402 2599 473 JULIANUM,
2639 403 2698 461 S.
2737 402 3107 461 AUGUSTINI

3669 400 3824 461 1473

2306 517 2440 573 Avo.
2480 517 2560 572 Ad
2591 517 2812 573 nihilum
2844 530 2898 574 tu
2924 520 3103 590 potius
3131 522 3452 593 pervenisti,
3479 523 3623 595 quod
3654 534 3709 582 te
3749 528 3827 586 ita

2232 607 2495 678 delectat,
2527 620 2584 665 ut
2627 610 2751 667 inde
2778 612 3066 681 recedere,
3098 615 3184 670 vel
3210 617 3388 674 redire
3423 617 3600 674 adhuc
3628 620 3827 676 nolis:

2231 706 2319 774 qui
2349 720 2435 759 me
2467 714 2746 776 propterea
2776 706 2912 762 dicis
2936 707 2988 762 id
3018 708 3160 778 quod
3187 709 3316 765 nihil
3339 719 3443 775 est,
3475 710 3674 768 dixisse
3702 726 3832 768 esse

2232 797 2451 867 aliquid,
2482 807 2538 854 ut
2565 807 2670 854 tam
2704 799 2925 855 multum
2956 810 3014 855 tu
3041 800 3251 858 diceres
3279 802 3436 858 nihil.

2300 889 2521 945 XXXV.
2562 889 2682 946 JUL.
2722 889 2768 947 Ο
2804 892 3108 961 sanitatem,
3139 909 3172 948 o
3199 893 3514 966 elegantiam
3542 895 3829 967 disputan-

2230 983 2336 1038 tis!
2373 1001 2392 1034 ‹
2423 983 2538 1038 Non
2568 982 2688 1039 ideo
2710 1025 2726 1050 ,
2762 1002 2780 1037 ι
2817 985 3024 1056 inquit,
3058 1004 3080 1038 ι
3114 987 3315 1043 malum
3351 997 3595 1045 exortum
3639 998 3728 1045 est
3769 990 3825 1044 in

2227 1074 2465 1142 homine,
2499 1075 2622 1146 quia
2666 1090 2697 1130 a
2741 1076 2850 1132 Deo
2898 1077 3094 1134 factum
3139 1087 3242 1146 cst,
3286 1080 3381 1135 sed
3424 1080 3545 1136 ideo
3585 1080 3711 1152 quia
3757 1080 3829 1136 de

2226 1166 2394 1221 nihilo
2428 1186 2447 1220 ι
2486 1166 2590 1238 (De
2615 1166 2828 1238 Nuptiis
2854 1178 2903 1224 et
2927 1167 3351 1241 Concupiscentia
3369 1214 3385 1239 ,
3415 1171 3503 1228 lib.
3522 1173 3588 1240 2,
3613 1189 3671 1228 η.
3693 1173 3825 1244 48).

2226 1257 2570 1313 Ostendimus
2591 1258 2702 1329 jam
2730 1274 2976 1327 acumen,
3001 1276 3110 1332 quo
3134 1262 3214 1317 vis
3239 1264 3469 1318 maxima
3498 1263 3622 1319 huic
3647 1262 3828 1319 nihilo

2225 1348 2508 1420 subrogata
2560 1359 2642 1405 est
2689 1367 2703 1404 :
2747 1366 2888 1406 nunc
2938 1352 3068 1407 illud
3119 1353 3418 1421 admoneo,
3467 1355 3610 1426 quod
3655 1355 3824 1412 etiam

2225 1441 2471 1509 superior
2498 1441 2778 1497 conﬂictus
2810 1442 2933 1498 fecit
2972 1444 3224 1516 intelligi,
3257 1460 3358 1501 nec
3387 1446 3403 1478 ¹
3437 1446 3670 1516 primum
3697 1463 3822 1503 ma-

2224 1532 2333 1588 lum
2375 1535 2641 1604 peccantis
2689 1534 2852 1592 fuisse
2894 1537 3168 1594 voluntate
3211 1548 3546 1610 susceptum,
3592 1543 3638 1598 si
3685 1541 3823 1599 illud

2224 1626 2370 1682 nasci
2400 1626 2636 1682 conditio
2666 1628 2931 1684 venientis
2957 1629 3025 1685 de
3054 1631 3223 1686 nihilo
3248 1633 3429 1703 stirpis
3454 1635 3651 1705 exegit.

2296 1718 2432 1774 Anc.
2471 1717 2590 1773 Non
2619 1720 2795 1790 exegit
2823 1731 3098 1792 peccatum
3131 1725 3274 1780 nasci
3299 1725 3404 1780 ulla
3434 1726 3672 1783 conditio
3695 1730 3826 1786 stir-

2223 1810 2305 1880 pis
2333 1809 2401 1866 de
2430 1810 2598 1866 nihilo
2619 1813 2883 1869 venientis
2908 1832 2922 1870 :
2950 1815 3379 1888 quandoquidem
3407 1818 3537 1874 illud
3563 1821 3820 1892 exigitur,

2222 1903 2366 1974 quod
2395 1905 2736 1975 compellitur
2771 1907 2922 1962 reddi
2964 1908 3050 1964 vel
3093 1909 3208 1966 ﬁeri
3239 1929 3252 1964 :
3285 1910 3534 1981 angelum
3558 1928 3694 1970 vero
3730 1915 3824 1972 vel

2224 1995 2528 2062 hominem,
2579 2012 2609 2052 a
2656 1999 2848 2070 quibus
2887 2008 2944 2056 et
2979 2001 3033 2056 in
3076 2002 3270 2074 quibus
3313 2004 3483 2075 prima
3528 2015 3656 2061 sunt
3696 2017 3824 2065 orta

2223 2099 2442 2160 peccata
2466 2132 2480 2157 ,
2509 2106 2735 2162 peccare
2763 2094 2909 2149 nulla
2939 2110 3026 2151 res
3054 2097 3348 2167 compulit;
3398 2098 3491 2154 sed
3517 2098 3690 2156 libera
3719 2117 3823 2157 vo-

2223 2182 2428 2239 luntate
2457 2177 2792 2255 peccarunt':
2823 2187 2965 2258 quod
2993 2197 3050 2245 et
3089 2189 3233 2244 nolle
3271 2199 3524 2260 possent,
3563 2194 3690 2264 quia
3718 2209 3826 2251 nec

2221 2275 2548 2347 cogebantur
2592 2285 2647 2332 ut
2675 2278 2910 2344 vellent;
2955 2289 3011 2335 et
3053 2289 3231 2337 tamen
3257 2281 3396 2338 velle
3421 2298 3527 2339 non
3572 2295 3822 2354 possent,

2223 2367 2270 2422 si
2313 2367 2382 2423 de
2424 2367 2536 2424 Deo
2575 2376 2820 2425 naturam
2862 2369 3144 2440 haberent,
3196 2388 3305 2428 non
3356 2373 3424 2431 de
3473 2374 3642 2431 nihilo
3693 2376 3826 2433 facti

2222 2471 2426 2518 essent.

2293 2553 2536 2609 XXXVI.
2556 2553 2674 2611 Jun.
2696 2555 2898 2611 Dedisti
2919 2556 3078 2627 igitur
3101 2566 3155 2613 et
3178 2557 3370 2628 primi'
3398 2568 3641 2614 naturam
3664 2561 3823 2630 mali,

2222 2646 2318 2702 sed
2346 2647 2641 2703 inaniorem
2686 2663 2845 2720 quam
2873 2648 3214 2716 Manichacus,
3242 2665 3393 2722 teque
3436 2660 3618 2708 tamen
3659 2662 3826 2709 aeter-

2224 2752 2372 2794 nam.
2411 2738 2762 2811 Pugnandum
2788 2756 2950 2811 super
2977 2742 3080 2798 hoc
3107 2758 3213 2798 non
3242 2752 3326 2800 est
3357 2763 3370 2798 :
3403 2745 3568 2800 claret
3595 2747 3826 2802 omnino

2222 2831 2344 2902 quia
2369 2840 2582 2888 maneat
2606 2833 2746 2889 inter
2773 2848 2871 2889 vos
2897 2833 3071 2890 foedus
3089 2877 3106 2900 ,
3137 2835 3280 2906 quod
3317 2836 3574 2892 naturalis
3608 2837 3740 2892 mali
3769 2849 3826 2894 et

2223 2926 2407 2981 :eterni
2433 2925 2560 2980 mali
2597 2935 2785 2982 catena
2811 2927 3094 2984 connectit.
3504 2979 3506 2981 .

2295 3018 2430 3075 Auc.
2471 3016 2850 3088 lnsulsissime,
2883 3035 2990 3075 non
3017 3028 3196 3091 potest
3234 3030 3492 3078 aeternum
3522 3038 3643 3080 esse
3676 3026 3826 3096 quod

2223 3111 2356 3166 nihil
2401 3118 2502 3178 est,
2545 3126 2652 3166 non
2699 3121 2874 3183 potest
2919 3122 3178 3170 aeternum
3208 3129 3329 3172 esse
3358 3115 3498 3187 quod
3541 3117 3692 3173 nulla
3733 3135 3828 3176 res

2225 3211 2347 3268 est,
2421 3211 2692 3273 postremo
2751 3220 2858 3260 non
2931 3213 3108 3277 potest
3166 3222 3286 3263 esse
3347 3217 3606 3265 :cternum
3674 3211 3827 3282 quod

2225 3311 2331 3350 non
2377 3305 2478 3351 est.

2298 3386 2565 3444 XXXVII.
2589 3388 2710 3444 Jun.
2737 3389 2833 3461 Egi
2861 3399 3028 3458 certe,
3059 3399 3118 3446 ut
3139 3391 3297 3448 ﬁdem
3323 3392 3703 3464 disputationis
3727 3396 3828 3452 de-

2226 3478 2421 3545 cebat;
2465 3480 2699 3552 illudque
2752 3481 2894 3554 quod
2924 3492 2980 3540 tu
3008 3485 3430 3556 argumentando
3454 3487 3735 3555 effeceras,
3768 3490 3829 3545 id

2227 3583 2311 3626 est
2333 3613 2349 3638 ,
2379 3571 2500 3626 ideo
2526 3573 2579 3628 in
2609 3588 2773 3644 opere
2797 3575 2890 3632 Dei
2920 3586 3092 3632 ortam
3116 3579 3441 3636 voluntatem
3471 3582 3666 3637 malam
3695 3584 3827 3655 quia

2228 3662 2418 3719 fuisset
2447 3663 2606 3719 homo
2629 3675 2843 3722 creatus
2867 3683 2933 3723 ex
2961 3668 3147 3736 nihilo,
3173 3671 3308 3726 ratio
3332 3683 3666 3742 perscrutata
3692 3690 3829 3731 con-

2229 3755 2408 3822 trivit;
2451 3758 2741 3815 ostendens
2784 3760 3068 3830 videlicet,
3115 3771 3167 3823 te
3211 3765 3505 3822 immutatis
3545 3769 3829 3825 vocabulis

2228 3846 2368 3902 idem
2399 3847 2596 3906 dixisse
2619 3892 2634 3918 ,
2667 3851 2808 3922 quod
2836 3852 3162 3910 Manichacus
3192 3855 3342 3912 ﬁnxit
3373 3865 3429 3912 et
3469 3857 3736 3927 credidit,
3768 3862 3828 3917 id

2227 3950 2330 4007 est,
2363 3942 2591 4011 primum
2622 3959 2833 4015 quoque
2881 3956 3155 4016 peccatum
3200 3958 3520 4008 aeternarum
3566 3954 3830 4011 tenebra-

2227 4048 2346 4088 rum
2378 4034 2626 4090 violentia
2650 4038 2908 4106 genitum.
2959 4029 2967 4040 ’

2299 4126 2438 4183 Ave.
2480 4127 2597 4182 Jam
2630 4137 2681 4183 te
2709 4130 2955 4200 superius
2985 4131 3390 4206 admonuimus,
3422 4146 3684 4194 azternum
3714 4156 3832 4196 non

2227 4230 2387 4288 posse
2415 4233 2555 4284 esse,
2583 4220 2724 4290 quod
2765 4236 2870 4277 non
2899 4232 2982 4280 est
3010 4242 3023 4278 :
3055 4225 3182 4296 quid
3212 4236 3298 4283 est
3335 4243 3463 4301 ergo
3491 4232 3632 4302 quod
3660 4229 3830 4302 dicis,

2231 4310 2351 4365 ideo
2390 4327 2478 4367 me
2515 4314 2930 4384 comparandum
2976 4332 3096 4375 esse
3141 4319 3465 4391 Manicheo,
3497 4326 3623 4395 quia
3651 4327 3835 4382 Mani-

2229 4401 2410 4456 chacus
2435 4413 2756 4460 (eternal-um
2787 4408 3123 4466 tenebrarum
3148 4412 3396 4469 violentia
3424 4417 3665 4486 genitum
3690 4419 3836 4477 dixit

2231 4493 2459 4562 primum
2506 4511 2625 4552 esse
2673 4501 3222 4574 peccatum?_quibus
3270 4506 3502 4563 tenebris
3546 4508 3700 4564 dedit
3735 4512 3837 4568 ille

2231 4586 2585 4642 substantiam
2611 4605 2626 4654 ;
2659 4604 2758 4661 ego
2784 4601 2960 4648 autem
2993 4593 3160 4650 nihilo
3183 4595 3312 4652 dare
3338 4597 3689 4655 substantiam
3719 4617 3834 4658 non

2231 4678 2411 4746 potui,
2440 4687 2500 4733 ut
2525 4680 2594 4735 ob
2621 4681 2723 4737 hoc
2757 4693 2810 4738 et
2833 4699 2933 4756 ego
2962 4687 3113 4757 quasi
3153 4689 3532 4746 constituerem
3575 4694 3838 4752 tenebras

2231 4779 2483 4838 mternas,
2524 4781 2783 4829 aeternum
2831 4777 3034 4833 scilicet
3081 4777 3232 4834 nihil.
3278 4777 3426 4836 Sicut
3467 4793 3648 4839 autem
3696 4787 3836 4842 sub.

2233 4864 2505 4929 stantiam,
2539 4865 2610 4919 ita
2641 4866 2948 4923 violentiam
2979 4870 3062 4925 vel
3107 4874 3458 4929 aeternitatem
3499 4875 3627 4932 dare
3657 4879 3839 4937 nihilo

2234 4970 2339 5010 non
2378 4957 2568 5028 potui:
2600 4959 2746 5014 nullo
2785 4961 2982 5032 quippe
3023 4963 3220 5032 modo,
3263 4965 3347 5021 vel
3388 4966 3714 5035 violentum,
3744 4975 3838 5030 vel

2233 5057 2489 5104 mternum
2516 5092 2532 5116 ,
2563 5051 2700 5105 sicut
2733 5053 2844 5121 jam
2880 5053 3140 5122 diximus,
3171 5065 3349 5127 potest
3375 5075 3495 5117 esse
3522 5062 3668 5132 quod
3695 5064 3840 5124 nihil

2234 5149 2335 5196 est.
2386 5139 2604 5196 Frustra
2653 5142 2811 5213 igitur
2855 5143 3112 5203 adversus
3155 5164 3242 5206 me
3285 5152 3498 5208 voluisti
3551 5154 3842 5226 disputare

2233 5233 2371 5304 quod
2402 5234 2531 5289 nihil
2562 5244 2662 5291 est.

2303 5327 2587 5384 XXXVIII.
2628 5329 2749 5386 JUL.
2796 5331 2992 5388 Verum
3031 5350 3099 5392 ne
3140 5343 3194 5392 tu
3225 5336 3498 5396 detectum
3543 5351 3712 5400 temet
3744 5344 3839 5400 in-

2233 5422 2492 5491 spiciens,
2547 5423 2637 5478 illo
2685 5432 2859 5482 tentes
2906 5442 3190 5499 erumpere
3217 5474 3232 5498 ,
3275 5441 3332 5487 ut
3377 5435 3577 5490 referas
3621 5453 3732 5493 non
3785 5450 3842 5497 te

2233 5513 2451 5577 dixisse,
2479 5515 2602 5570 Ideo
2631 5517 2824 5571 malum
2855 5527 3028 5574 ortum
3054 5530 3136 5576 est
3162 5521 3214 5576 in
3238 5539 3400 5594 Opere
3427 5525 3546 5593 Dei,
3570 5531 3837 5598 quoniam

2232 5621 2296 5661 cx
2324 5607 2491 5662 nihilo
2521 5607 2713 5664 factum
2746 5619 2867 5678 est;
2915 5613 3006 5667 scd
3027 5655 3042 5682 ,
3074 5613 3202 5671 Ideo
3230 5618 3401 5687 potuit
3437 5619 3636 5676 oboriri
3658 5663 3674 5688 ,
3706 5627 3840 5695 quia

2240 5829 2250 5840 ο
2283 5768 2564 5878 ἇιῗέἓεηηε.
2584 5775 2825 5820 Portarum
2840 5772 2992 5823 codex
3015 5775 3326 5838 praecedente
3353 5780 3610 5842 conjuncta
3656 5782 3842 5850 verbo,

2240 5845 2278 5878 ιιι
2415 5843 2532 5878 ιδιιε.

2232 5837 2532 5893 uttetltgtsue.

2298 5895 2315 5923 ³
2349 5899 2399 5940 tn
2420 5891 2576 5953 editis,
2599 5892 2826 5955 primum.
