3990 6480
177 461 294 518 1475

177 592 231 630 ex
260 571 418 627 nihilo
449 570 646 624 factttm
673 575 757 621 est
785 583 797 618 :
841 556 1225 619 ostendendum
1253 565 1335 613 est
1358 597 1372 622 ,
1405 562 1603 624 quanto
1634 552 1753 606 vio-

181 662 473 719 lt-ntiorihus
502 657 710 730 laqueis
738 656 975 728 illigeris.
1007 652 1066 709 Si
1096 651 1238 707 enim
1267 648 1464 703 dixeris
1490 643 1758 716 possibili-

180 767 321 812 tatem
349 763 402 810 te
429 753 558 808 mali
577 794 590 815 ,
620 766 726 807 non
757 747 1129 806 necessitatem
1151 785 1167 812 ,
1199 741 1390 798 aeterni
1431 740 1573 795 illius
1601 733 1753 792 nihili

121 873 131 895 τ
180 851 361 904 viribus
393 847 692 916 imputasse
721 862 736 899 :
776 857 876 900 nos
911 841 1226 903 referimus,
1255 835 1398 909 quod
1431 831 1600 905 potuit
1627 828 1759 886 oriri

125 921 131 932 ’
180 942 301 996 mala
325 939 574 996 voluntas
603 937 658 992 in
686 936 923 1000 homine,
952 949 1059 989 non
1087 939 1171 988 est
1198 938 1352 986 certe
1379 929 1396 960 ¹
1428 924 1573 982 aliud
1598 935 1760 994 quam

177 1032 444 1088 arbitrium
494 1029 722 1085 liberum
753 1047 767 1084 :
799 1026 920 1084 ideo
948 1026 1093 1081 enim
1134 1023 1306 1094 potuit
1335 1018 1463 1075 oriri
1491 1015 1631 1072 mala
1659 1028 1761 1069 vo-

177 1127 374 1190 luntas,
405 1129 466 1176 ut
494 1121 624 1175 oriri
653 1128 838 1190 posset
873 1127 928 1173 et
955 1117 1113 1172 bona.
1150 1113 1276 1168 llaec
1314 1111 1534 1166 libertas
1561 1115 1672 1173 est,
1707 1103 1762 1159 in

175 1233 266 1288 qua
296 1231 356 1271 se
397 1215 534 1270 ratio
563 1220 820 1278 exercet,
853 1219 1069 1281 propter
1092 1205 1235 1277 quod
1259 1202 1326 1259 ad
1358 1202 1638 1272 imaginem
1668 1194 1764 1252 Dei

177 1310 327 1364 homo
373 1306 548 1362 factus
590 1304 868 1369 asseritur,
915 1317 1010 1372 per
1053 1313 1213 1370 quam
1258 1293 1518 1352 creaturis
1555 1288 1766 1346 exteris

175 1401 458 1457 antecellit.
511 1398 568 1456 Si
615 1413 743 1468 ergo
789 1395 932 1467 quod
975 1395 1026 1448 in
1075 1392 1290 1448 homine
1334 1388 1470 1444 mala
1517 1385 1765 1440 voluntas

175 1499 342 1565 potuit
369 1491 607 1558 exoriri,
636 1490 767 1546 nihil
791 1499 875 1545 est
899 1487 1041 1542 aliud
1066 1501 1225 1558 quam
1264 1479 1471 1538 arbitrii
1509 1479 1762 1542 libertas;

175 1595 222 1642 et
244 1587 348 1642 hoe
374 1593 586 1642 tantum
612 1592 717 1651 est,
749 1591 805 1637 ut
838 1596 936 1652 per
959 1579 1075 1650 ejus
1114 1575 1342 1647 insignia
1381 1571 1592 1628 caeteris
1624 1567 1766 1624 anti—

175 1688 274 1735 stet
313 1676 724 1732 animantibus:
755 1683 812 1729 tu
853 1672 946 1744 qui
975 1671 1112 1726 hanc
1151 1666 1556 1740 possibilitatem
1601 1659 1768 1734 proii-

175 1772 298 1828 teris
323 1769 448 1826 ideo
473 1767 644 1824 fuisse
676 1767 730 1822 in
759 1766 995 1832 homine,
1023 1778 1130 1818 non
1156 1761 1278 1832 quia
1304 1775 1336 1816 a
1363 1759 1493 1822 Deo,
1522 1755 1616 1812 sed
1645 1754 1769 1826 quia

176 1867 237 1922 de
273 1866 446 1922 nihilo
487 1864 660 1921 factus
702 1872 824 1929 est,
871 1876 1014 1916 novo
1059 1857 1322 1929 dogmatis
1366 1852 1608 1926 prodigio
1638 1848 1769 1905 illud

179 1959 324 2026 nihil,
351 1958 408 2014 id
433 1967 536 2023 est,
569 1957 843 2028 antiquam
871 1952 1216 2017 inanitatem,
1247 1948 1380 2004 tanti
1410 1944 1559 2013 boni,
1589 1944 1641 1999 id
1666 1951 1765 2008 est,

180 2053 325 2108 liberi
379 2050 587 2107 arbitrii
639 2065 856 2106 causam
911 2043 1242 2117 pronuntias.
1295 2041 1534 2110 Denique
1579 2045 1637 2092 ut
1685 2049 1772 2092 res

180 2145 317 2201 brevi
343 2143 767 2213 interrogatione
792 2141 1062 2194 lucescat:
1088 2135 1192 2190 hoc
1216 2131 1358 2204 quod
1380 2130 1586 2196 dixisti,
1617 2146 1635 2180 ‹
1663 2125 1773 2182 Νεε

182 2241 294 2296 ideo
337 2249 522 2294 tamen
568 2235 743 2308 potuit
780 2233 910 2288 oriri
948 2231 1198 2286 voluntas
1243 2227 1380 2282 mala
1405 2268 1419 2292 ,
1451 2224 1573 2295 quia
1602 2237 1632 2276 a
1662 2221 1772 2276 Deo

184 2333 344 2388 factus
369 2341 456 2386 est
487 2330 653 2386 homo
678 2370 692 2395 ,
721 2328 815 2384 sed
860 2326 980 2382 idco
1021 2324 1144 2396 quia
1189 2321 1256 2378 de
1289 2319 1456 2376 nihilo
1497 2317 1664 2372 factus
1689 2323 1775 2371 est

185 2425 333 2498 homo
357 2441 374 2489 ;
396 2443 418 2476 ι
447 2423 572 2490 hoc,
601 2422 836 2492 inquam,
862 2419 1032 2490 ipsum
1060 2414 1202 2488 quod
1235 2412 1404 2485 potuit
1431 2410 1560 2466 oriri
1585 2410 1775 2464 volun-

187 2529 276 2582 tas,
322 2517 528 2572 bonum
568 2529 712 2580 esse,
755 2529 822 2568 an
869 2513 1064 2567 malum
1109 2507 1329 2565 credis?
1376 2506 1428 2560 id
1460 2514 1560 2570 est,
1604 2504 1772 2574 ipsam

187 2609 482 2664 iaeultatem
526 2605 762 2663 oriendae
799 2603 1089 2660 voluntatis
1112 2643 1128 2668 ,
1160 2614 1318 2672 quam
1351 2597 1521 2653 nihilo
1551 2604 1772 2666 reputa-

186 2703 332 2771 visti,
366 2703 594 2773 probam
641 2699 956 2773 arbitraris,
999 2714 1066 2752 an
1099 2691 1430 2766 pessimam?
1473 2690 1530 2746 Si
1577 2689 1772 2744 bonam

183 2795 370 2851 dixeris
403 2813 417 2848 :
451 2809 585 2866 ergo
611 2809 720 2848 non
747 2793 886 2848 Deus
909 2800 995 2846 est
1019 2788 1144 2844 boni
1169 2803 1328 2843 causa
1349 2827 1364 2851 ,
1395 2783 1493 2841 sed
1521 2782 1770 2839 nihilum.

185 2885 266 2942 Sin
293 2896 478 2942 autem
505 2927 522 2952 ,
568 2884 673 2942 hoc
712 2899 832 2941 esse
874 2880 1271 2938 insanissimum
1314 2877 1500 2934 videns
1525 2918 1539 2942 ,
1576 2875 1773 2930 malam

185 2997 292 3036 eam
337 2978 824 3052 pronuntiaveris;
873 2975 1073 3048 quippe
1117 2989 1276 3045 quam
1325 2972 1459 3028 dicis
1507 2984 1612 3026 non
1661 2969 1773 3024 Deo

186 3071 528 3144 reputandam
555 3084 698 3137 esse,
725 3067 821 3124 sed
852 3067 1020 3123 nihilo
1045 3082 1062 3122 ε
1095 3063 1478 3136 protestaberis
1514 3076 1615 3117 nos
1638 3059 1774 3116 nihil

186 3163 461 3219 adversum
496 3172 551 3219 te
591 3160 874 3232 collegisse
903 3168 1145 3224 versute,
1177 3156 1272 3213 sed
1300 3155 1441 3212 bona
1469 3152 1775 3224 disputandi

187 3256 280 3312 [ide
304 3257 505 3311 malam
537 3254 699 3311 ﬁdem
745 3253 820 3309 tui
861 3251 1126 3323 dogmatis
1169 3249 1462 3305 subruisse.
1491 3247 1610 3302 Stat
1647 3260 1775 3318 ergo

187 3351 559 3408 inconcussum
581 3347 724 3421 quod
744 3347 970 3420 egimus,
991 3355 1042 3401 te
1059 3343 1310 3400 videlicet
1329 3351 1383 3399 et
1401 3339 1770 3408 Manichaeum,

186 3446 334 3501 etiam
382 3444 546 3516 primi
591 3441 824 3499 hominis
861 3441 1188 3497 voluntatem
1231 3437 1425 3494 malam
1469 3434 1774 3494 necessitati

187 3546 392 3592 reterns:
419 3536 648 3606 originis
677 3535 989 3606 imputasse.

250 3632 384 3686 Aac.
426 3627 567 3697 Quid
604 3627 698 3683 tibi
737 3623 1050 3697 reaponderi
1078 3632 1291 3695 posset,
1319 3621 1778 3695 qualitercumque

187 3721 354 3778 vidisti
409 3740 424 3777 :
470 3719 570 3777 sed
616 3718 811 3775 frustra
859 3733 918 3775 es
965 3727 1189 3774 conatus
1237 3716 1498 3772 obsistere
1544 3712 1776 3778 veritati,

191 3815 329 3885 quasi
378 3811 716 3884 respondens
760 3810 936 3866 verbis
987 3809 1144 3876 meis,
1189 3817 1244 3864 et
1293 3822 1399 3862 non
1446 3805 1779 3876 respondens

192 3907 358 3962 verbis
387 3907 548 3961 meis.
579 3903 669 3960 Sic
693 3903 835 3959 enim
861 3900 1178 3972 disputasti,
1213 3909 1464 3970 tanquam
1503 3914 1603 3968 ego
1626 3896 1778 3951 dixe-

195 3996 307 4066 rim,
332 3996 446 4053 Nec
471 3995 596 4052 ideo
624 4003 803 4050 tamen
827 4004 941 4049 orta
969 4003 1053 4048 est
1077 4007 1146 4048 ex
1171 3991 1312 4048 bono
1337 3990 1582 4046 voluntas
1607 3989 1776 4055 mala;

196 4090 324 4160 quod
365 4105 469 4160 ego
512 4103 619 4144 non
662 4086 816 4142 dixi:
848 4084 943 4140 sed
987 4084 1116 4152 dixi,
1152 4102 1170 4137 ι
1197 4082 1308 4138 Νεε
1346 4081 1465 4137 ideo
1495 4091 1672 4136 tamen
1714 4095 1781 4135 ex

200 4181 326 4236 bono
366 4179 544 4251 potuit
579 4179 708 4234 oriri
739 4177 876 4232 mala
904 4176 1179 4242 voluntas,
1208 4175 1329 4246 quia
1356 4174 1552 4229 bonum
1587 4174 1781 4228 factum

201 4282 272 4328 est
292 4287 321 4328 a
351 4273 469 4328 Deo
493 4271 659 4335 bono,
707 4270 803 4325 sed
831 4269 953 4339 quia
982 4268 1050 4324 de
1079 4267 1244 4322 nihilo
1285 4265 1481 4321 factum
1518 4272 1624 4331 est,
1671 4279 1778 4320 non

200 4365 258 4422 de
284 4367 392 4422 Deo
425 4385 444 4419 ι
476 4363 578 4437 (De
607 4362 815 4432 Nuptiis
840 4373 886 4416 et
907 4359 1324 4432 Concupiscentia
1343 4401 1357 4424 ,
1387 4359 1476 4412 lib.
1497 4355 1562 4422 2,
1587 4375 1640 4412 η.
1665 4356 1781 4428 48).

199 4459 334 4516 Sicut
374 4459 564 4516 eadem
598 4457 760 4513 verba
801 4471 921 4512 mea
959 4455 1120 4511 etiam
1151 4455 1263 4524 ipse
1304 4452 1527 4524 posuisti
1561 4451 1779 4523 (Supra,

197 4571 304 4626 cap.
328 4552 446 4625 26).
476 4551 614 4620 Quid
643 4560 725 4607 est
751 4565 879 4621 ergo
904 4549 1046 4620 quod
1075 4547 1146 4603 ita
1175 4545 1606 4620 respondendum
1634 4555 1785 4616 puta-

196 4649 280 4714 sti,
306 4649 457 4720 quasi
483 4661 585 4717 ego
609 4644 862 4710 dixerim,
891 4642 1001 4699 Nec
1025 4642 1144 4698 ideo
1173 4650 1348 4697 tamen
1370 4651 1490 4695 orta
1513 4649 1631 4704 est;
1661 4654 1782 4694 cum

193 4759 289 4815 ego
334 4741 563 4799 dixerim
584 4781 600 4808 ,
624 4738 734 4794 Nec
756 4736 880 4793 ideo
906 4745 1083 4792 tamen
1107 4734 1235 4790 oriri
1263 4732 1469 4803 potuit;
1503 4740 1556 4787 et
1585 4731 1785 4786 tamdiu

195 4836 399 4892 loeutus
443 4850 504 4889 es
548 4831 808 4888 adversus
836 4845 958 4886 eum
985 4870 1000 4896 ,
1033 4828 1122 4899 qui
1151 4827 1527 4885 necessitatem
1559 4825 1684 4880 mali
1725 4833 1786 4880 ut

194 4929 420 4985 oriretur
444 4943 516 4983 ex
550 4925 715 4993 bono,
763 4939 828 4978 ex
870 4923 972 4978 hoe
999 4921 1129 4977 dixit
1159 4920 1399 4986 irruisse,
1443 4918 1566 4990 quia
1609 4919 1782 4990 ipsum

194 5018 386 5074 bonum
412 5035 444 5074 a
475 5018 590 5073 Deo
614 5015 682 5072 de
705 5015 874 5070 nihilo
898 5013 1225 5082 factum‘est,
1255 5028 1360 5068 non
1390 5011 1458 5068 de
1483 5011 1628 5076 Deo;
1661 5026 1782 5066 cum

196 5126 291 5180 ego
315 5126 419 5165 non
447 5107 826 5164 necessitatem
855 5105 1132 5162 tribuerim
1171 5104 1262 5160 tali
1291 5118 1467 5160 causae
1490 5147 1505 5173 ,
1535 5103 1631 5159 sed
1655 5119 1784 5175 pos-

195 5202 498 5257 sibilitatem
527 5199 652 5255 mali
680 5217 693 5264 ;
721 5199 845 5270 quia
879 5213 982 5253 non
1026 5197 1135 5253 dixi
1161 5196 1282 5253 ideo
1306 5212 1427 5253 esse
1457 5205 1662 5264 ortum,
1688 5196 1784 5252 sed

197 5294 314 5348 ideo
355 5293 595 5364 potuisse
641 5289 770 5348 oriri
815 5307 881 5347 ex
923 5290 1064 5346 bono
1110 5290 1353 5346 malum?
1414 5290 1482 5345 Et
1523 5290 1783 5346 accusasti

197 5384 392 5439 tamdiu
417 5384 575 5452 nihil,
601 5391 655 5439 et
675 5383 968 5438 violentum
997 5382 1167 5438 fecisti
1193 5381 1323 5436 nihil
1347 5398 1361 5447 ;
1391 5383 1540 5453 quasi
1563 5397 1785 5452 peccare

196 5479 437 5548 angelum
466 5485 524 5533 et
547 5475 821 5533 hominem
851 5475 1138 5532 inevitabili
1167 5475 1485 5531 necessitate
1509 5477 1786 5546 compule-

197 5571 265 5625 rit
291 5571 440 5626 nihil.
469 5570 626 5627 Nunc
651 5585 780 5642 ergo
804 5569 872 5624 ad
896 5585 1015 5626 mea
1041 5568 1200 5624 verba
1238 5569 1450 5625 tandem
1478 5569 1620 5635 redi,
1649 5570 1787 5626 sicut

197 5662 371 5718 redire
400 5663 633 5733 coepisti.
679 5661 942 5732 PrOponis
965 5660 1109 5716 enim
1140 5659 1229 5716 tibi
1267 5661 1635 5731 quaestionem,
1666 5669 1786 5716 tan-

197 5767 354 5823 quam
401 5753 501 5809 tibi
544 5753 722 5809 subito
765 5753 998 5808 venisset
1038 5751 1093 5807 in
1139 5761 1405 5817 mentem,
1458 5751 1786 5822 respondere

261 5911 288 5986 ἦ
315 5911 606 5986 vtgnierius.
633 5913 680 5960 et
709 5921 808 5986 non
822 5914 901 5986 gest
953 5914 1102 5962 certe.
1139 5905 1387 5961 ttedundat
1421 5904 1684 5974 particula,
1719 5913 1785 5976 et,

193 5983 297 6028 nec
315 5979 464 6031 estin
497 5979 855 6038 muniamus.

1505 438 1704 495 LIBER
1741 424 2058 502 QUINTUS.

3312 422 3450 487 1474

1861 545 1987 616 quid
2031 554 2280 613 possem;
2327 558 2448 598 eum
2493 541 2595 598 hoc
2621 556 2720 613 ego
2766 534 2922 614 longe
2967 550 3091 599 ante
3135 543 3186 597 in
3236 559 3322 606 eo,
3357 544 3444 597 cui

1860 636 2168 699 reluctaris,
2200 635 2336 690 libro
2368 635 2660 706 posuerim.
2704 635 2844 689 Dicis
2871 635 3042 702 enim,
3075 655 3096 688 ι
3128 633 3331 691 referre
3359 649 3447 688 me

1861 744 2038 800 posse,
2083 745 2190 785 non
2229 746 2316 785 me
2357 730 2556 786 dixisse
2581 772 2596 799 ,
2643 728 2768 784 Ideo
2811 729 3006 784 malum
3050 739 3225 785 ortum
3271 738 3354 785 est
3391 728 3448 783 in

1861 835 2023 892 opere
2055 823 2178 889 Dei,
2211 823 2464 892 quoniam
2493 838 2564 879 ex
2595 823 2762 878 nihilo
2787 821 2984 878 factum
3011 833 3128 889 est;
3171 823 3288 890 sed,
3324 823 3451 879 Ideo

1863 913 2035 984 petuit
2063 915 2284 984 oboriri,
2315 915 2436 988 quia
2464 931 2530 972 ex
2555 914 2725 971 nihilo
2754 915 2950 971 factum
2979 923 3080 971 est.
3112 933 3130 968 ι
3164 914 3275 971 Hoc
3302 930 3454 985 pror—

1864 1018 1955 1059 sus
1981 1003 2125 1073 dixi,
2158 1005 2283 1062 Ideo
2312 1007 2483 1078 potuit
2524 1007 2725 1062 oboriri
2754 1006 2870 1062 dixi
2895 1048 2910 1073 ,
2942 1021 3050 1063 nou
3077 1005 3197 1062 ideo
3227 1006 3335 1061 dixi
3360 1022 3454 1063 or-

1867 1107 1980 1152 tum
2022 1115 2036 1152 :
2082 1098 2484 1168 possibilitatem
2531 1100 2662 1156 mali
2703 1100 2720 1132 ¹
2761 1099 2884 1157 dedi
2933 1099 3057 1156 huic
3107 1114 3302 1167 causae,
3346 1115 3458 1158 non

1868 1192 2261 1248 necessitatem.
2285 1193 2582 1250 Rationalis
2603 1194 2800 1266 quippe
2818 1203 3062 1250 creatura
3083 1209 3206 1250 eum
3229 1194 3460 1264 primum

1868 1283 2002 1339 facta
2045 1293 2148 1352 εει,
2193 1285 2266 1341 ita
2312 1287 2445 1341 facta
2476 1296 2579 1354 est,
2627 1295 2684 1342 ut
2725 1287 2775 1342 si
2815 1300 3037 1357 peccare
3079 1286 3266 1352 nollet,
3318 1286 3462 1342 nulla

1868 1376 2188 1432 necessitate
2215 1386 2492 1448 urgeretur
2521 1387 2577 1433 ut
2602 1378 2783 1447 vellet,
2809 1389 2901 1435 aut
2929 1379 3090 1436 etiam
3116 1395 3222 1435 non
3250 1379 3460 1450 volens,

1868 1467 1923 1522 id
1963 1477 2067 1536 est,
2114 1469 2276 1525 invita
2323 1479 2590 1541 peccaret,
2635 1481 2692 1527 et
2734 1487 2841 1528 non
2889 1471 3031 1543 quod
3060 1472 3218 1528 vellet
3261 1469 3464 1529 faceret

1870 1556 2089 1623 bonum,
2120 1559 2214 1615 sed
2243 1560 2442 1616 malum
2467 1561 2610 1632 quod
2641 1563 2826 1628 nollet,
2859 1563 2961 1619 hoc
2986 1572 3169 1634 ageret
3196 1580 3211 1618 τ
3239 1562 3328 1619 ubi
3348 1563 3463 1633 jam

1872 1666 1978 1705 non
2008 1659 2283 1721 peccatum
2321 1652 2452 1708 illud
2489 1652 2634 1724 quod
2659 1654 2974 1725 simpliciter
3011 1663 3290 1726 peccatum
3325 1654 3464 1711 dici-

1874 1753 1978 1813 tur,
2018 1746 2114 1801 sed
2145 1745 2306 1802 etiam
2337 1762 2492 1817 poena
2523 1749 2725 1819 peccati
2755 1758 2855 1806 est.
2903 1747 3281 1806 Verumtamen
3323 1749 3467 1806 male

1871 1836 2070 1907 aliquid
2099 1837 2271 1906 velle,
2315 1839 2400 1895 vel
2440 1841 2566 1896 mali
2605 1841 2802 1913 aliquid
2833 1841 2992 1898 etiam
3035 1841 3223 1899 nolens
3262 1841 3465 1914 facere,

1873 1931 2093 1986 omnino
2123 1947 2227 1987 non
2257 1943 2463 2002 posset,
2494 1935 2592 1990 nisi
2618 1934 2686 1991 de
2708 1935 2878 1992 nihilo
2907 1935 3045 1993 facta
3073 1945 3246 2005 esset,
3280 1937 3331 1992 id
3358 1946 3462 2006 est,

1874 2023 1920 2078 si
1951 2025 2041 2080 Dei
2086 2035 2275 2082 natura
2302 2036 2464 2084 esset.
2513 2027 2637 2084 Sola
2676 2029 2820 2085 enim
2847 2029 2943 2086 Dei
2982 2039 3167 2085 natura
3199 2029 3268 2086 de
3294 2029 3464 2086 nihilo

1872 2115 2013 2172 facta
2045 2133 2148 2173 non
2177 2130 2280 2185 est,
2314 2119 2434 2190 quia
2459 2135 2560 2176 nec
2584 2120 2720 2177 facta
2753 2133 2868 2185 est;
2911 2129 2966 2178 et
2985 2121 3107 2178 ideo
3135 2121 3280 2178 nullo
3309 2138 3467 2193 pror-

1873 2225 1966 2266 sus
2006 2212 2164 2267 modo
2207 2213 2399 2268 mutari
2453 2223 2648 2284 potest.
2698 2215 2850 2283 Quod
2893 2231 3016 2272 eum
3064 2216 3310 2284 dicimus,
3357 2231 3466 2273 non

1874 2303 2015 2359 vires
2046 2305 2212 2360 nihilo
2241 2306 2459 2375 damus,
2489 2309 2641 2378 quasi
2670 2310 2901 2378 potuerit
2931 2308 3104 2364 facere
3127 2307 3348 2380 aliquid,
3377 2307 3466 2364 vel

1875 2395 2057 2452 fecerit
2086 2399 2316 2469 aliquid,
2348 2416 2468 2455 cum
2507 2401 2576 2456 sit
2618 2400 2747 2456 nihil
2779 2419 2791 2455 :
2827 2402 2920 2458 sed
2957 2412 3203 2459 naturam
3232 2404 3326 2460 Dei
3357 2419 3465 2459 non

1873 2502 1995 2544 esse
2024 2489 2277 2556 dicimus,
2305 2508 2422 2561 qua:
2453 2507 2675 2562 peccare
2706 2494 2894 2564 potuit.
2922 2495 3171 2566 Sequitur
3197 2504 3375 2552 autem
3406 2504 3466 2554 ut

1875 2594 2063 2639 natura
2107 2601 2226 2654 quae
2273 2586 2365 2641 Dei
2412 2596 2598 2642 natura
2645 2603 2753 2644 non
2801 2598 2922 2654 est,
2971 2589 3109 2645 facta
3139 2591 3245 2657 sit;
3295 2607 3468 2662 neque

1875 2679 2017 2733 enim
2043 2679 2156 2734 Deo
2192 2691 2459 2735 comterna
2495 2690 2579 2737 est
2618 2699 2633 2736 :
2674 2691 2729 2738 et
2771 2683 2816 2737 si
2860 2682 3000 2739 facta
3044 2692 3146 2752 est,
3193 2685 3260 2740 de
3303 2685 3470 2742 nihilo

1876 2767 2016 2826 facta
2059 2771 2168 2837 sit;
2213 2773 2334 2842 quia
2365 2781 2419 2826 ει
2449 2771 2554 2828 illae
2596 2782 2801 2829 natura:
2838 2791 2957 2845 quae
2998 2775 3067 2831 de
3105 2777 3227 2832 aliis
3267 2779 3472 2833 naturis

1877 2858 2031 2916 facta:
2057 2869 2201 2928 sunt,
2231 2862 2454 2932 stirpem
2483 2862 2550 2918 de
2581 2863 2749 2919 nihilo
2772 2863 3010 2932 ducunt;
3040 2866 3292 2936 quoniam
3318 2876 3472 2923 natu-

1875 2968 1952 3007 rae
1995 2952 2064 3009 de
2112 2953 2306 3024 quibus
2335 2956 2506 3010 'l'aeta:
2550 2965 2694 3024 sunt,
2742 2965 3026 3028 antequam
3075 2957 3288 3023 ﬂerent,
3339 2959 3474 3016 nihil

1874 3045 2110 3114 fuerunt,
2139 3048 2242 3104 hoc
2267 3057 2351 3104 est
2372 3091 2385 3115 ,
2415 3050 2636 3105 omnino
2666 3065 2770 3104 non
2817 3049 3048 3106 fuerunt.
3096 3049 3200 3106 Sed
3224 3093 3239 3120 ,
3269 3050 3470 3123 inquis,

1882 3157 1901 3192 ι
1935 3139 2061 3196 Ideo
2088 3141 2258 3210 potuit
2297 3141 2427 3198 oriri
2455 3141 2700 3198 voluntas
2739 3143 2898 3211 mala,
2941 3152 3000 3198 ut
3041 3143 3166 3199 oriri
3212 3154 3393 3214 posset
3418 3153 3474 3201 et

1877 3231 2034 3287 bona.
2069 3251 2088 3284 ι
2119 3231 2284 3300 Quasi
2310 3248 2417 3288 non
2453 3249 2574 3289 cum
2609 3235 2746 3289 bona
2777 3235 3050 3292 voluntate
3090 3235 3262 3292 factus
3292 3238 3361 3292 sit
3386 3238 3472 3294 vel

1877 3326 2096 3396 angelus
2139 3327 2226 3381 vel
2269 3326 2450 3382 homo.
2502 3327 2698 3383 Factus
2737 3329 2758 3360 ²
2797 3337 2881 3384 εει
2920 3339 3128 3394 rectus,
3162 3329 3298 3385 sicut
3338 3329 3473 3386 dixit

1878 3417 2153 3486 Scriptura
2183 3412 2376 3489 (Eccle.
2401 3434 2474 3473 vn
2492 3461 2507 3486 ,
2541 3418 2647 3490 50)
2678 3436 2692 3474 :
2723 3435 2829 3475 non
2858 3435 2984 3492 ergo
3012 3421 3268 3492 quaeritur
3286 3463 3302 3491 ,
3332 3422 3474 3480 unde

1879 3510 1931 3565 in
1979 3511 2070 3566 illo
2102 3512 2328 3580 potuerit
2356 3511 2484 3567 oriri
2519 3511 2660 3568 bona
2689 3513 2970 3581 voluntas,
3001 3529 3124 3570 eum
3154 3531 3254 3586 qua
3304 3516 3474 3570 lactus

1880 3611 2002 3668 est;
2044 3603 2136 3657 scd
2169 3602 2310 3659 unde
2339 3604 2477 3658 mala
2499 3645 2516 3672 ,
2548 3620 2669 3659 cum
2697 3620 2801 3676 qua
2830 3604 3000 3662 factus
3029 3621 3135 3662 non
3163 3614 3262 3662 est.
3309 3607 3376 3662 Et
3417 3615 3472 3663 tu

1884 3697 2014 3752 dicis
2037 3739 2053 3764 ,
2085 3711 2192 3751 non
2231 3697 2513 3752 attendens
2540 3697 2666 3768 quid
2707 3697 2873 3764 dicas,
2909 3717 2927 3750 ι
2962 3697 3086 3754 ideo
3124 3699 3294 3770 potuit
3336 3699 3467 3755 oriri

1883 3791 2128 3845 voluntas
2173 3789 2314 3845 mala
2340 3831 2354 3855 ,
2399 3799 2457 3844 ut
2502 3789 2632 3845 oriri
2676 3799 2859 3860 posset
2901 3800 2954 3845 et
2999 3791 3185 3846 bona:
3223 3810 3244 3845 ι
3273 3799 3328 3847 ει
3371 3790 3475 3847 hoc

1883 3892 2038 3952 putas
2068 3882 2133 3937 ad
2172 3891 2416 3937 naturam
2458 3881 2613 3936 liberi
2643 3882 2846 3937 arbitrii
2875 3883 3144 3952 pertinere
3163 3924 3178 3949 ,
3210 3891 3267 3936 ut
3308 3882 3477 3954 possit

1885 3983 2193 4044 utrumque,
2224 3983 2280 4030 et
2305 3989 2533 4047 peccare
2561 3973 2783 4040 scilicet,
2827 3983 3011 4030 etnon
3043 3990 3301 4046 peccare;
3341 3985 3398 4032 et
3421 3975 3477 4032 iu

1884 4069 1987 4124 hoc
2031 4069 2305 4125 existimas
2357 4067 2630 4124 hominem
2678 4067 2876 4126 factum
2921 4069 2990 4125 ad
3033 4070 3316 4141 imaginem
3357 4069 3472 4139 Dei,

1884 4179 2006 4218 eum
2053 4163 2192 4218 Deus
2237 4164 2351 4234 ipse
2391 4177 2498 4218 non
2540 4163 2709 4233 possit
2755 4171 3060 4234 utrumque.
3107 4161 3291 4234 Neque
3330 4163 3478 4219 enim

1887 4255 1972 4310 vel
2001 4253 2225 4310 demens
2263 4255 2542 4325 quisquam
2574 4253 2789 4320 dixerit,
2824 4254 2992 4311 Deum
3027 4269 3187 4326 posse
3216 4270 3474 4325 peccare;

1885 4356 1977 4402 aut
2023 4355 2081 4402 tu
2122 4347 2300 4403 dicere
2339 4347 2526 4414 audes,
2569 4347 2736 4403 Deum
2781 4347 3006 4403 liberum
3051 4348 3326 4403 arbitrium
3369 4364 3478 4405 non

1886 4437 2103 4494 habere.
2161 4439 2254 4494 Dei
2302 4454 2463 4509 ergo,
2515 4454 2620 4494 non
2667 4439 2836 4508 nihili,
2885 4455 3078 4495 munus
3123 4448 3205 4495 est
3247 4439 3477 4495 liberum

1885 4531 2164 4586 arbitrium
2195 4548 2206 4584 :
2239 4529 2336 4586 sed
2379 4530 2434 4585 in
2476 4530 2594 4602 ipso
2622 4530 2733 4585 Deo
2777 4546 3042 4585 summum
3083 4539 3164 4585 est
3203 4529 3431 4586 liberum
3454 4529 3478 4564 ⁸

1886 4627 2165 4683 arbitrium
2187 4666 2202 4695 ,
2229 4626 2319 4696 qtti
2352 4639 2573 4696 peccare
2602 4623 2748 4680 nullo
2776 4623 2937 4679 modo
2971 4632 3164 4694 potest.
3213 4623 3477 4693 Quoniam

1887 4721 1933 4775 si
1964 4719 2194 4788 iniustus
2235 4733 2354 4774 esse
2397 4724 2612 4787 posset,
2641 4716 2800 4771 etiam
2838 4717 2974 4770 Deus
3003 4731 3110 4771 non
3141 4731 3263 4774 esse
3292 4714 3478 4788 utique

1889 4821 2114 4885 posset:
2161 4813 2208 4867 si
2251 4811 2392 4867 enim
2435 4811 2576 4866 Deus
2606 4818 2721 4875 est,
2750 4810 3266 4882 consequentissime
3301 4810 3480 4880 justus

1889 4915 1972 4962 est
2022 4924 2036 4960 :
2082 4915 2134 4960 et
2185 4903 2306 4960 ideo
2355 4917 2561 4958 sumine
2611 4901 2950 4972 maximeque
2998 4901 3203 4958 habens
3251 4902 3479 4959 liberum

1889 4997 2190 5064 arbitrium,
2219 5010 2443 5066 peccare
2473 5003 2645 5050 tamen
2672 4991 2695 5024 ⁸
2718 5009 2824 5048 nou
2854 5003 3028 5064 potest
3054 4994 3218 5051 Deus.
3246 4995 3480 5066 Angelus

1892 5109 2019 5166 ergo
2046 5093 2128 5147 vel
2157 5091 2321 5148 homo
2350 5098 2630 5161 prepterea
2659 5103 2880 5159 peccare
2910 5089 3099 5160 potuit,
3129 5089 3181 5146 id
3208 5098 3322 5157 est,
3357 5103 3480 5160 pro-

1895 5195 2075 5256 pterea
2105 5185 2207 5238 isto
2235 5181 2328 5237 Dei
2360 5195 2603 5245 munere,
2636 5179 2777 5251 quod
2802 5189 2885 5236 est
2927 5179 3152 5236 liberum
3179 5179 3474 5245 arbitrium,

1892 5278 2031 5334 male
2058 5277 2132 5331 uti
2159 5274 2348 5347 potuit,
2381 5274 2503 5344 quia
2535 5289 2640 5329 non
2669 5281 2754 5330 est
2774 5273 2930 5340 Deus,
2963 5273 3067 5328 hoc
3090 5281 3191 5338 est,
3217 5271 3284 5327 de
3312 5270 3478 5326 nihilo

1891 5372 2062 5428 factus
2089 5380 2172 5426 est
2199 5385 2229 5422 a
2256 5369 2388 5436 Deo,
2419 5383 2527 5423 non
2556 5367 2624 5424 de
2651 5368 2768 5439 ipso
2799 5368 2932 5424 Deo.
2965 5365 3220 5436 lntellige,
3245 5373 3298 5419 et
3327 5373 3442 5420 tacc
3460 5382 3474 5396 υ

1892 5473 1984 5520 aut
2011 5462 2155 5534 quod
2182 5459 2529 5530 intellexeris,
2557 5475 2666 5516 non
2695 5467 2873 5516 autem
2897 5457 3039 5531 quod
3068 5472 3176 5514 non
3203 5455 3453 5512 intellexe

1892 5560 1966 5614 ris
1982 5599 1997 5625 ,
2028 5557 2266 5628 loquere.

1962 5647 2207 5705 XXXIX.
2235 5647 2355 5706 Jun.
2385 5648 2583 5706 Verum
2625 5663 2732 5704 non
2759 5661 2867 5702 uno
2903 5644 3063 5702 modo
3101 5644 3294 5702 vicisse
3331 5657 3470 5702 con-

1957 5784 1974 5815 ί
2001 5791 2049 5832 ιιι
2071 5782 2216 5834 editis
2233 5783 2478 5842 omissum,
2503 5780 2640 5832 mali.
2662 5786 2825 5830 Exstat
2843 5781 2891 5829 in
2914 5778 3266 5842 manusa'lptis.

1953 5847 1975 5908 ξ
2007 5845 2341 5908 οοόεξς-Ροιι..
2365 5857 2475 5894 cwn
2495 5845 2666 5908 factus.

1956 5906 1978 5969 ξ
2007 5908 2110 5967 Hic,
2131 5905 2352 5964 liberum,
2379 5921 2442 5957 ex
2465 5905 2567 5954 Mss.
2594 5905 2878 5969 adjecimus.

1958 5967 1983 6002 δ
2014 5971 2088 6023 sic
2104 5978 2207 6021 MSS.
2233 5975 2284 6021 ιιι
2300 5971 2457 6034 γιςιιυ
2483 5967 2657 6020 autem.

2670 6085 2706 6093 ι’
2735 6077 2848 6096 04η..-
