  <div class='ocr_page' id='page_1' title='image "/cluster/home/n/w/nwhite01/storage/ocr_20150623/45/hvd.32044015471501/252.png"; bbox 0 0 3962 6488; ppageno 0'>
   <div class='ocr_carea' id='block_1_1' title="bbox 105 420 231 480">
    <p class='ocr_par' dir='ltr' id='par_1_1' title="bbox 105 420 231 480">
     <span class='ocr_line' id='line_1_1' title="bbox 105 420 231 480; baseline -0.008 0"><span class='ocrx_word' id='word_1_1' title='bbox 105 420 231 480; x_wconf 70' lang='lat' dir='ltr'><strong>M77.</strong></span> 
     </span>
    </p>
   </div>
   <div class='ocr_carea' id='block_1_2' title="bbox 108 516 1666 611">
    <p class='ocr_par' dir='ltr' id='par_1_2' title="bbox 108 516 1666 611">
     <span class='ocr_line' id='line_1_2' title="bbox 108 516 1666 611; baseline -0.011 -22"><span class='ocrx_word' id='word_1_2' title='bbox 108 536 211 610; x_wconf 85' lang='lat' dir='ltr'><strong>quia</strong></span> <span class='ocrx_word' id='word_1_3' title='bbox 240 527 455 611; x_wconf 81' lang='lat' dir='ltr'><strong>spiritus</strong></span> <span class='ocrx_word' id='word_1_4' title='bbox 505 521 622 583; x_wconf 98' lang='lat' dir='ltr'><strong>sine</strong></span> <span class='ocrx_word' id='word_1_5' title='bbox 665 516 1014 597; x_wconf 84' lang='lat' dir='ltr'><strong>ambiguitate</strong></span> <span class='ocrx_word' id='word_1_6' title='bbox 1050 531 1237 578; x_wconf 87' lang='lat' dir='ltr'><strong>natura</strong></span> <span class='ocrx_word' id='word_1_7' title='bbox 1280 529 1391 587; x_wconf 90' lang='lat' dir='ltr'><strong>est,</strong></span> <span class='ocrx_word' id='word_1_8' title='bbox 1440 521 1553 575; x_wconf 84' lang='lat' dir='ltr'><strong>sive</strong></span> <span class='ocrx_word' id='word_1_9' title='bbox 1596 520 1666 611; x_wconf 85' lang='lat' dir='ltr'><strong>sit</strong></span> 
     </span>
    </p>
   </div>
   <div class='ocr_carea' id='block_1_3' title="bbox 106 610 1667 687">
    <p class='ocr_par' dir='ltr' id='par_1_3' title="bbox 106 610 1667 687">
     <span class='ocr_line' id='line_1_3' title="bbox 106 610 1667 687; baseline -0.01 -9"><span class='ocrx_word' id='word_1_10' title='bbox 106 632 325 687; x_wconf 60' lang='lat' dir='ltr'><strong>creator,</strong></span> <span class='ocrx_word' id='word_1_11' title='bbox 347 620 460 679; x_wconf 84' lang='lat' dir='ltr'><strong>sive</strong></span> <span class='ocrx_word' id='word_1_12' title='bbox 474 618 549 674; x_wconf 88' lang='lat' dir='ltr'><strong>sit</strong></span> <span class='ocrx_word' id='word_1_13' title='bbox 574 628 806 673; x_wconf 88' lang='lat' dir='ltr'><strong>creatus.</strong></span> <span class='ocrx_word' id='word_1_14' title='bbox 842 614 951 671; x_wconf 87' lang='lat' dir='ltr'><strong>Nec</strong></span> <span class='ocrx_word' id='word_1_15' title='bbox 984 624 1161 673; x_wconf 83' lang='lat' dir='ltr'><strong>tamen</strong></span> <span class='ocrx_word' id='word_1_16' title='bbox 1190 612 1331 684; x_wconf 89' lang='lat' dir='ltr'><strong>quod</strong></span> <span class='ocrx_word' id='word_1_17' title='bbox 1370 611 1451 665; x_wconf 82' lang='lat' dir='ltr'><strong>vel</strong></span> <span class='ocrx_word' id='word_1_18' title='bbox 1479 610 1667 680; x_wconf 79' lang='lat' dir='ltr'><strong>angelo</strong></span> 
     </span>
    </p>
   </div>
   <div class='ocr_carea' id='block_1_4' title="bbox 108 704 1668 778">
    <p class='ocr_par' dir='ltr' id='par_1_4' title="bbox 108 704 1668 778">
     <span class='ocr_line' id='line_1_4' title="bbox 108 704 1668 778; baseline -0.012 -5"><span class='ocrx_word' id='word_1_19' title='bbox 108 718 179 773; x_wconf 87' lang='lat' dir='ltr'><strong>vel</strong></span> <span class='ocrx_word' id='word_1_20' title='bbox 201 714 414 772; x_wconf 82' lang='lat' dir='ltr'><strong>homine</strong></span> <span class='ocrx_word' id='word_1_21' title='bbox 440 712 653 767; x_wconf 83' lang='lat' dir='ltr'><strong>volente</strong></span> <span class='ocrx_word' id='word_1_22' title='bbox 675 710 692 742; x_wconf 84' lang='grc'>¹</span> <span class='ocrx_word' id='word_1_23' title='bbox 716 709 1059 767; x_wconf 91' lang='lat' dir='ltr'><strong>commissum</strong></span> <span class='ocrx_word' id='word_1_24' title='bbox 1080 714 1185 775; x_wconf 89' lang='lat' dir='ltr'><strong>est,</strong></span> <span class='ocrx_word' id='word_1_25' title='bbox 1209 704 1458 778; x_wconf 88' lang='lat' dir='ltr'><strong>quoniam</strong></span> <span class='ocrx_word' id='word_1_26' title='bbox 1482 712 1668 757; x_wconf 89' lang='lat' dir='ltr'><strong>natura</strong></span> 
     </span>
    </p>
   </div>
   <div class='ocr_carea' id='block_1_5' title="bbox 107 791 1668 883">
    <p class='ocr_par' dir='ltr' id='par_1_5' title="bbox 107 791 1668 883">
     <span class='ocr_line' id='line_1_5' title="bbox 107 791 1668 883; baseline -0.008 -21"><span class='ocrx_word' id='word_1_27' title='bbox 107 805 321 883; x_wconf 75' lang='lat' dir='ltr'><strong>peccavit</strong></span> <span class='ocrx_word' id='word_1_28' title='bbox 341 804 417 880; x_wconf 91' lang='lat' dir='ltr'><strong>(et</strong></span> <span class='ocrx_word' id='word_1_29' title='bbox 446 803 671 876; x_wconf 83' lang='lat' dir='ltr'><strong>angelus</strong></span> <span class='ocrx_word' id='word_1_30' title='bbox 694 802 841 858; x_wconf 90' lang='lat' dir='ltr'><strong>enim</strong></span> <span class='ocrx_word' id='word_1_31' title='bbox 878 810 934 856; x_wconf 93' lang='lat' dir='ltr'><strong>et</strong></span> <span class='ocrx_word' id='word_1_32' title='bbox 963 800 1124 856; x_wconf 93' lang='lat' dir='ltr'><strong>homo</strong></span> <span class='ocrx_word' id='word_1_33' title='bbox 1157 807 1364 855; x_wconf 82' lang='lat' dir='ltr'><strong>naturae</strong></span> <span class='ocrx_word' id='word_1_34' title='bbox 1394 793 1563 867; x_wconf 89' lang='lat' dir='ltr'><strong>sunt),</strong></span> <span class='ocrx_word' id='word_1_35' title='bbox 1596 791 1668 849; x_wconf 88' lang='lat' dir='ltr'><strong>ita</strong></span> 
     </span>
    </p>
   </div>
   <div class='ocr_carea' id='block_1_6' title="bbox 107 887 1670 973">
    <p class='ocr_par' dir='ltr' id='par_1_6' title="bbox 107 887 1670 973">
     <span class='ocr_line' id='line_1_6' title="bbox 107 887 1670 973; baseline -0.011 -14"><span class='ocrx_word' id='word_1_36' title='bbox 107 904 191 960; x_wconf 89' lang='lat' dir='ltr'><strong>hoc</strong></span> <span class='ocrx_word' id='word_1_37' title='bbox 214 912 332 953; x_wconf 86' lang='lat' dir='ltr'><strong>esse</strong></span> <span class='ocrx_word' id='word_1_38' title='bbox 362 894 877 962; x_wconf 84' lang='lat' dir='ltr'><strong>dicimus_naturale</strong></span> <span class='ocrx_word' id='word_1_39' title='bbox 914 900 1192 973; x_wconf 81' lang='lat' dir='ltr'><strong>peccatum</strong></span> <span class='ocrx_word' id='word_1_40' title='bbox 1212 933 1227 959; x_wconf 93' lang='lat'><strong>,</strong></span> <span class='ocrx_word' id='word_1_41' title='bbox 1261 899 1319 945; x_wconf 92' lang='lat' dir='ltr'><strong>ut</strong></span> <span class='ocrx_word' id='word_1_42' title='bbox 1349 887 1670 944; x_wconf 79' lang='lat' dir='ltr'><strong>necessitate</strong></span> 
     </span>
    </p>
   </div>
   <div class='ocr_carea' id='block_1_7' title="bbox 106 982 1674 1060">
    <p class='ocr_par' dir='ltr' id='par_1_7' title="bbox 106 982 1674 1060">
     <span class='ocr_line' id='line_1_7' title="bbox 106 982 1674 1060; baseline -0.012 -7"><span class='ocrx_word' id='word_1_43' title='bbox 106 996 278 1053; x_wconf 76' lang='lat' dir='ltr'><strong>factum</strong></span> <span class='ocrx_word' id='word_1_44' title='bbox 306 1005 433 1047; x_wconf 85' lang='lat' dir='ltr'><strong>esse</strong></span> <span class='ocrx_word' id='word_1_45' title='bbox 461 990 723 1057; x_wconf 92' lang='lat' dir='ltr'><strong>dicamus,</strong></span> <span class='ocrx_word' id='word_1_46' title='bbox 752 985 894 1060; x_wconf 91' lang='lat' dir='ltr'><strong>quod</strong></span> <span class='ocrx_word' id='word_1_47' title='bbox 923 986 1118 1042; x_wconf 77' lang='lat' dir='ltr'><strong>factum</strong></span> <span class='ocrx_word' id='word_1_48' title='bbox 1166 992 1247 1041; x_wconf 89' lang='lat' dir='ltr'><strong>est</strong></span> <span class='ocrx_word' id='word_1_49' title='bbox 1293 983 1458 1039; x_wconf 90' lang='lat' dir='ltr'><strong>libera</strong></span> <span class='ocrx_word' id='word_1_50' title='bbox 1486 982 1674 1036; x_wconf 89' lang='lat' dir='ltr'><strong>volun-</strong></span> 
     </span>
    </p>
   </div>
   <div class='ocr_carea' id='block_1_8' title="bbox 107 1074 1676 1153">
    <p class='ocr_par' dir='ltr' id='par_1_8' title="bbox 107 1074 1676 1153">
     <span class='ocr_line' id='line_1_8' title="bbox 107 1074 1676 1153; baseline -0.01 -11"><span class='ocrx_word' id='word_1_51' title='bbox 107 1094 213 1143; x_wconf 86' lang='lat' dir='ltr'><strong>tate.</strong></span> <span class='ocrx_word' id='word_1_52' title='bbox 242 1082 343 1153; x_wconf 94' lang='lat' dir='ltr'><strong>Qui</strong></span> <span class='ocrx_word' id='word_1_53' title='bbox 371 1082 515 1137; x_wconf 90' lang='lat' dir='ltr'><strong>enim</strong></span> <span class='ocrx_word' id='word_1_54' title='bbox 534 1089 818 1153; x_wconf 84' lang='lat' dir='ltr'><strong>propterea</strong></span> <span class='ocrx_word' id='word_1_55' title='bbox 849 1078 1110 1149; x_wconf 83' lang='lat' dir='ltr'><strong>peccavit,</strong></span> <span class='ocrx_word' id='word_1_56' title='bbox 1139 1076 1261 1149; x_wconf 90' lang='lat' dir='ltr'><strong>quia</strong></span> <span class='ocrx_word' id='word_1_57' title='bbox 1293 1076 1479 1140; x_wconf 87' lang='lat' dir='ltr'><strong>voluit,</strong></span> <span class='ocrx_word' id='word_1_58' title='bbox 1504 1074 1676 1145; x_wconf 88' lang='lat' dir='ltr'><strong>potuit</strong></span> 
     </span>
    </p>
   </div>
   <div class='ocr_carea' id='block_1_9' title="bbox 107 1158 1670 1239">
    <p class='ocr_par' dir='ltr' id='par_1_9' title="bbox 107 1158 1670 1239">
     <span class='ocr_line' id='line_1_9' title="bbox 107 1158 1670 1239; baseline -0.008 -13"><span class='ocrx_word' id='word_1_59' title='bbox 107 1183 151 1227; x_wconf 88' lang='lat' dir='ltr'><strong>et</strong></span> <span class='ocrx_word' id='word_1_60' title='bbox 176 1168 308 1225; x_wconf 90' lang='lat' dir='ltr'><strong>nolle</strong></span> <span class='ocrx_word' id='word_1_61' title='bbox 335 1181 563 1239; x_wconf 84' lang='lat' dir='ltr'><strong>peccare</strong></span> <span class='ocrx_word' id='word_1_62' title='bbox 591 1184 605 1222; x_wconf 91' lang='lat'><strong>:</strong></span> <span class='ocrx_word' id='word_1_63' title='bbox 632 1173 687 1221; x_wconf 89' lang='lat' dir='ltr'><strong>et</strong></span> <span class='ocrx_word' id='word_1_64' title='bbox 714 1165 785 1220; x_wconf 87' lang='lat' dir='ltr'><strong>ita</strong></span> <span class='ocrx_word' id='word_1_65' title='bbox 813 1164 974 1220; x_wconf 92' lang='lat' dir='ltr'><strong>homo</strong></span> <span class='ocrx_word' id='word_1_66' title='bbox 1002 1172 1217 1219; x_wconf 90' lang='lat' dir='ltr'><strong>creatus</strong></span> <span class='ocrx_word' id='word_1_67' title='bbox 1241 1169 1343 1224; x_wconf 86' lang='lat' dir='ltr'><strong>est,</strong></span> <span class='ocrx_word' id='word_1_68' title='bbox 1370 1171 1425 1215; x_wconf 93' lang='lat' dir='ltr'><strong>ut</strong></span> <span class='ocrx_word' id='word_1_69' title='bbox 1445 1168 1499 1214; x_wconf 92' lang='lat' dir='ltr'><strong>et</strong></span> <span class='ocrx_word' id='word_1_70' title='bbox 1524 1158 1670 1215; x_wconf 88' lang='lat' dir='ltr'><strong>nolle</strong></span> 
     </span>
    </p>
   </div>
   <div class='ocr_carea' id='block_1_10' title="bbox 105 1253 1675 1339">
    <p class='ocr_par' dir='ltr' id='par_1_10' title="bbox 105 1253 1675 1339">
     <span class='ocr_line' id='line_1_10' title="bbox 105 1253 1675 1339; baseline -0.009 -20"><span class='ocrx_word' id='word_1_71' title='bbox 105 1270 265 1339; x_wconf 87' lang='lat' dir='ltr'><strong>posset</strong></span> <span class='ocrx_word' id='word_1_72' title='bbox 296 1270 356 1318; x_wconf 88' lang='lat' dir='ltr'><strong>et</strong></span> <span class='ocrx_word' id='word_1_73' title='bbox 381 1261 547 1326; x_wconf 81' lang='lat' dir='ltr'><strong>velle,</strong></span> <span class='ocrx_word' id='word_1_74' title='bbox 590 1267 645 1316; x_wconf 91' lang='lat' dir='ltr'><strong>et</strong></span> <span class='ocrx_word' id='word_1_75' title='bbox 680 1258 957 1330; x_wconf 86' lang='lat' dir='ltr'><strong>quodlibet</strong></span> <span class='ocrx_word' id='word_1_76' title='bbox 1003 1257 1194 1312; x_wconf 92' lang='lat' dir='ltr'><strong>horum</strong></span> <span class='ocrx_word' id='word_1_77' title='bbox 1229 1254 1459 1309; x_wconf 67' lang='lat' dir='ltr'><strong>haberet»</strong></span> <span class='ocrx_word' id='word_1_78' title='bbox 1491 1253 1543 1307; x_wconf 90' lang='lat' dir='ltr'><strong>in</strong></span> <span class='ocrx_word' id='word_1_79' title='bbox 1578 1266 1675 1322; x_wconf 88' lang='lat' dir='ltr'><strong>po-</strong></span> 
     </span>
    </p>
   </div>
   <div class='ocr_carea' id='block_1_11' title="bbox 109 1344 1673 1422">
    <p class='ocr_par' dir='ltr' id='par_1_11' title="bbox 109 1344 1673 1422">
     <span class='ocr_line' id='line_1_11' title="bbox 109 1344 1673 1422; baseline -0.008 -12"><span class='ocrx_word' id='word_1_80' title='bbox 109 1362 271 1412; x_wconf 76' lang='lat' dir='ltr'><strong>testate</strong></span> <span class='ocrx_word' id='word_1_81' title='bbox 298 1354 346 1409; x_wconf 82' lang='grc'><strong>¹.</strong></span> <span class='ocrx_word' id='word_1_82' title='bbox 368 1352 474 1409; x_wconf 90' lang='lat' dir='ltr'><strong>Sed</strong></span> <span class='ocrx_word' id='word_1_83' title='bbox 491 1349 637 1407; x_wconf 89' lang='lat' dir='ltr'><strong>aliud</strong></span> <span class='ocrx_word' id='word_1_84' title='bbox 661 1359 745 1407; x_wconf 89' lang='lat' dir='ltr'><strong>est</strong></span> <span class='ocrx_word' id='word_1_85' title='bbox 767 1349 1035 1422; x_wconf 82' lang='lat' dir='ltr'><strong>originale</strong></span> <span class='ocrx_word' id='word_1_86' title='bbox 1061 1356 1341 1419; x_wconf 88' lang='lat' dir='ltr'><strong>peccatum</strong></span> <span class='ocrx_word' id='word_1_87' title='bbox 1359 1387 1374 1411; x_wconf 90' lang='lat'><strong>,</strong></span> <span class='ocrx_word' id='word_1_88' title='bbox 1404 1344 1545 1417; x_wconf 90' lang='lat' dir='ltr'><strong>quod</strong></span> <span class='ocrx_word' id='word_1_89' title='bbox 1572 1344 1673 1399; x_wconf 89' lang='lat' dir='ltr'><strong>etsi</strong></span> 
     </span>
    </p>
   </div>
   <div class='ocr_carea' id='block_1_12' title="bbox 108 1442 1680 1516">
    <p class='ocr_par' dir='ltr' id='par_1_12' title="bbox 108 1442 1680 1516">
     <span class='ocr_line' id='line_1_12' title="bbox 108 1442 1680 1516; baseline -0.008 -13"><span class='ocrx_word' id='word_1_90' title='bbox 108 1448 306 1505; x_wconf 89' lang='lat' dir='ltr'><strong>trahunt</strong></span> <span class='ocrx_word' id='word_1_91' title='bbox 333 1445 453 1501; x_wconf 87' lang='lat' dir='ltr'><strong>sine</strong></span> <span class='ocrx_word' id='word_1_92' title='bbox 483 1444 695 1516; x_wconf 86' lang='lat' dir='ltr'><strong>propria</strong></span> <span class='ocrx_word' id='word_1_93' title='bbox 716 1442 991 1499; x_wconf 80' lang='lat' dir='ltr'><strong>voluntate</strong></span> <span class='ocrx_word' id='word_1_94' title='bbox 1020 1449 1303 1496; x_wconf 90' lang='lat' dir='ltr'><strong>nascentes</strong></span> <span class='ocrx_word' id='word_1_95' title='bbox 1322 1479 1338 1503; x_wconf 94' lang='lat'><strong>,</strong></span> <span class='ocrx_word' id='word_1_96' title='bbox 1378 1448 1554 1493; x_wconf 88' lang='lat' dir='ltr'><strong>tamen</strong></span> <span class='ocrx_word' id='word_1_97' title='bbox 1583 1450 1680 1505; x_wconf 88' lang='lat' dir='ltr'><strong>per</strong></span> 
     </span>
    </p>
   </div>
   <div class='ocr_carea' id='block_1_13' title="bbox 107 1527 1681 1609">
    <p class='ocr_par' dir='ltr' id='par_1_13' title="bbox 107 1527 1681 1609">
     <span class='ocr_line' id='line_1_13' title="bbox 107 1527 1681 1609; baseline -0.009 -12"><span class='ocrx_word' id='word_1_98' title='bbox 107 1527 414 1598; x_wconf 80' lang='lat' dir='ltr'><strong>voluntatem</strong></span> <span class='ocrx_word' id='word_1_99' title='bbox 442 1537 597 1609; x_wconf 87' lang='lat' dir='ltr'><strong>primi</strong></span> <span class='ocrx_word' id='word_1_100' title='bbox 627 1535 860 1591; x_wconf 89' lang='lat' dir='ltr'><strong>hominis</strong></span> <span class='ocrx_word' id='word_1_101' title='bbox 882 1535 994 1605; x_wconf 91' lang='lat' dir='ltr'><strong>ipsa</strong></span> <span class='ocrx_word' id='word_1_102' title='bbox 1012 1541 1094 1590; x_wconf 91' lang='lat' dir='ltr'><strong>est</strong></span> <span class='ocrx_word' id='word_1_103' title='bbox 1119 1531 1270 1603; x_wconf 80' lang='lat' dir='ltr'><strong>origo</strong></span> <span class='ocrx_word' id='word_1_104' title='bbox 1298 1530 1482 1586; x_wconf 89' lang='lat' dir='ltr'><strong>vitiata</strong></span> <span class='ocrx_word' id='word_1_105' title='bbox 1509 1527 1681 1584; x_wconf 65' lang='lat' dir='ltr'><strong>:si‘eut</strong></span> 
     </span>
    </p>
   </div>
   <div class='ocr_carea' id='block_1_14' title="bbox 108 1609 1676 1699">
    <p class='ocr_par' dir='ltr' id='par_1_14' title="bbox 108 1609 1676 1699">
     <span class='ocr_line' id='line_1_14' title="bbox 108 1609 1676 1699; baseline -0.008 -11"><span class='ocrx_word' id='word_1_106' title='bbox 108 1632 228 1691; x_wconf 80' lang='lat' dir='ltr'><strong>‘aliud</strong></span> <span class='ocrx_word' id='word_1_107' title='bbox 257 1609 429 1686; x_wconf 36' lang='lat' dir='ltr'><strong>etiam.</strong></span> <span class='ocrx_word' id='word_1_108' title='bbox 452 1638 535 1685; x_wconf 89' lang='lat' dir='ltr'><strong>est</strong></span> <span class='ocrx_word' id='word_1_109' title='bbox 560 1630 613 1683; x_wconf 91' lang='lat' dir='ltr'><strong>in</strong></span> <span class='ocrx_word' id='word_1_110' title='bbox 636 1628 840 1699; x_wconf 87' lang='lat' dir='ltr'><strong>majore</strong></span> <span class='ocrx_word' id='word_1_111' title='bbox 868 1626 1084 1682; x_wconf 89' lang='lat' dir='ltr'><strong>homine</strong></span> <span class='ocrx_word' id='word_1_112' title='bbox 1105 1634 1327 1696; x_wconf 89' lang='lat' dir='ltr'><strong>propter</strong></span> <span class='ocrx_word' id='word_1_113' title='bbox 1351 1623 1492 1694; x_wconf 92' lang='lat' dir='ltr'><strong>quod</strong></span> <span class='ocrx_word' id='word_1_114' title='bbox 1515 1621 1676 1690; x_wconf 86' lang='lat' dir='ltr'><strong>dicit,</strong></span> 
     </span>
    </p>
   </div>
   <div class='ocr_carea' id='block_1_15' title="bbox 110 1717 1681 1794">
    <p class='ocr_par' dir='ltr' id='par_1_15' title="bbox 110 1717 1681 1794">
     <span class='ocr_line' id='line_1_15' title="bbox 110 1717 1681 1794; baseline -0.006 -15"><span class='ocrx_word' id='word_1_115' title='bbox 110 1723 211 1781; x_wconf 79' lang='lat' dir='ltr'><strong>Non</strong></span> <span class='ocrx_word' id='word_1_116' title='bbox 234 1723 370 1778; x_wconf 78' lang='lat' dir='ltr'><strong>enim</strong></span> <span class='ocrx_word' id='word_1_117' title='bbox 397 1721 536 1794; x_wconf 85' lang='lat' dir='ltr'><strong>quod</strong></span> <span class='ocrx_word' id='word_1_118' title='bbox 573 1721 708 1789; x_wconf 83' lang='lat' dir='ltr'><strong>volo,</strong></span> <span class='ocrx_word' id='word_1_119' title='bbox 746 1720 879 1790; x_wconf 75' lang='lat' dir='ltr'><strong>facio</strong></span> <span class='ocrx_word' id='word_1_120' title='bbox 906 1719 1125 1785; x_wconf 86' lang='lat' dir='ltr'><strong>bonum;</strong></span> <span class='ocrx_word' id='word_1_121' title='bbox 1154 1719 1243 1773; x_wconf 81' lang='lat' dir='ltr'><strong>sed</strong></span> <span class='ocrx_word' id='word_1_122' title='bbox 1265 1718 1402 1791; x_wconf 85' lang='lat' dir='ltr'><strong>quod</strong></span> <span class='ocrx_word' id='word_1_123' title='bbox 1428 1717 1545 1771; x_wconf 89' lang='lat' dir='ltr'><strong>nolo</strong></span> <span class='ocrx_word' id='word_1_124' title='bbox 1571 1732 1681 1769; x_wconf 84' lang='lat' dir='ltr'><strong>ma-</strong></span> 
     </span>
    </p>
   </div>
   <div class='ocr_carea' id='block_1_16' title="bbox 110 1811 1682 1887">
    <p class='ocr_par' dir='ltr' id='par_1_16' title="bbox 110 1811 1682 1887">
     <span class='ocr_line' id='line_1_16' title="bbox 110 1811 1682 1887; baseline -0.005 -13"><span class='ocrx_word' id='word_1_125' title='bbox 110 1819 214 1879; x_wconf 69' lang='lat' dir='ltr'><strong>lum,</strong></span> <span class='ocrx_word' id='word_1_126' title='bbox 256 1816 359 1870; x_wconf 81' lang='lat' dir='ltr'><strong>hoc</strong></span> <span class='ocrx_word' id='word_1_127' title='bbox 400 1828 497 1887; x_wconf 81' lang='lat' dir='ltr'><strong>ago</strong></span> <span class='ocrx_word' id='word_1_128' title='bbox 538 1813 713 1883; x_wconf 81' lang='lat' dir='ltr'><strong>(Rom.</strong></span> <span class='ocrx_word' id='word_1_129' title='bbox 758 1829 852 1880; x_wconf 87' lang='lat' dir='ltr'><strong>vn,</strong></span> <span class='ocrx_word' id='word_1_130' title='bbox 882 1812 974 1886; x_wconf 80' lang='grc'><strong>15)</strong></span> <span class='ocrx_word' id='word_1_131' title='bbox 1010 1828 1147 1869; x_wconf 88' lang='lat' dir='ltr'><strong>:nec</strong></span> <span class='ocrx_word' id='word_1_132' title='bbox 1179 1820 1359 1868; x_wconf 87' lang='lat' dir='ltr'><strong>tamen</strong></span> <span class='ocrx_word' id='word_1_133' title='bbox 1394 1811 1553 1867; x_wconf 87' lang='lat' dir='ltr'><strong>etiam</strong></span> <span class='ocrx_word' id='word_1_134' title='bbox 1583 1811 1682 1866; x_wconf 87' lang='lat' dir='ltr'><strong>ista</strong></span> 
     </span>
    </p>
   </div>
   <div class='ocr_carea' id='block_1_17' title="bbox 111 1902 1681 1972">
    <p class='ocr_par' dir='ltr' id='par_1_17' title="bbox 111 1902 1681 1972">
     <span class='ocr_line' id='line_1_17' title="bbox 111 1902 1681 1972; baseline -0.006 -5"><span class='ocrx_word' id='word_1_135' title='bbox 111 1910 381 1967; x_wconf 78' lang='lat' dir='ltr'><strong>necessitas</strong></span> <span class='ocrx_word' id='word_1_136' title='bbox 400 1907 710 1967; x_wconf 85' lang='lat' dir='ltr'><strong>insanabilis</strong></span> <span class='ocrx_word' id='word_1_137' title='bbox 738 1915 822 1963; x_wconf 88' lang='lat' dir='ltr'><strong>est</strong></span> <span class='ocrx_word' id='word_1_138' title='bbox 848 1907 919 1972; x_wconf 89' lang='lat' dir='ltr'><strong>ei,</strong></span> <span class='ocrx_word' id='word_1_139' title='bbox 947 1905 1034 1961; x_wconf 92' lang='lat' dir='ltr'><strong>cui</strong></span> <span class='ocrx_word' id='word_1_140' title='bbox 1060 1904 1276 1972; x_wconf 91' lang='lat' dir='ltr'><strong>dicitur,</strong></span> <span class='ocrx_word' id='word_1_141' title='bbox 1305 1902 1384 1960; x_wconf 89' lang='lat' dir='ltr'><strong>De</strong></span> <span class='ocrx_word' id='word_1_142' title='bbox 1415 1902 1681 1959; x_wconf 79' lang='lat' dir='ltr'><strong>necessita-</strong></span> 
     </span>
    </p>
   </div>
   <div class='ocr_carea' id='block_1_18' title="bbox 111 1995 1198 2077">
    <p class='ocr_par' dir='ltr' id='par_1_18' title="bbox 111 1995 1198 2077">
     <span class='ocr_line' id='line_1_18' title="bbox 111 1995 1198 2077; baseline -0.007 -19"><span class='ocrx_word' id='word_1_143' title='bbox 111 2004 217 2059; x_wconf 65' lang='lat' dir='ltr'><strong>tibus</strong></span> <span class='ocrx_word' id='word_1_144' title='bbox 246 2002 377 2057; x_wconf 86' lang='lat' dir='ltr'><strong>meis</strong></span> <span class='ocrx_word' id='word_1_145' title='bbox 414 2017 535 2055; x_wconf 84' lang='lat' dir='ltr'><strong>erue</strong></span> <span class='ocrx_word' id='word_1_146' title='bbox 559 2016 638 2057; x_wconf 84' lang='lat' dir='ltr'><strong>me</strong></span> <span class='ocrx_word' id='word_1_147' title='bbox 682 1997 852 2077; x_wconf 82' lang='lat' dir='ltr'><strong>(Psal.</strong></span> <span class='ocrx_word' id='word_1_148' title='bbox 888 2012 1046 2064; x_wconf 71' lang='lat' dir='ltr'><strong>xxrv,</strong></span> <span class='ocrx_word' id='word_1_149' title='bbox 1079 1995 1198 2069; x_wconf 80' lang='lat' dir='ltr'><strong>l7).</strong></span> 
     </span>
    </p>
   </div>
   <div class='ocr_carea' id='block_1_19' title="bbox 166 2087 1685 2165">
    <p class='ocr_par' dir='ltr' id='par_1_19' title="bbox 166 2087 1685 2165">
     <span class='ocr_line' id='line_1_19' title="bbox 166 2087 1685 2165; baseline -0.005 -15"><span class='ocrx_word' id='word_1_150' title='bbox 166 2093 286 2151; x_wconf 79' lang='lat' dir='ltr'><strong>XLI.</strong></span> <span class='ocrx_word' id='word_1_151' title='bbox 324 2091 448 2149; x_wconf 71' lang='lat' dir='ltr'><strong>Jun.</strong></span> <span class='ocrx_word' id='word_1_152' title='bbox 479 2092 728 2161; x_wconf 56' lang='lat' dir='ltr'><strong>Quaeritis</strong></span> <span class='ocrx_word' id='word_1_153' title='bbox 757 2106 882 2165; x_wconf 89' lang='lat' dir='ltr'><strong>ergo</strong></span> <span class='ocrx_word' id='word_1_154' title='bbox 911 2090 1280 2146; x_wconf 84' lang='lat' dir='ltr'><strong>necessitatem</strong></span> <span class='ocrx_word' id='word_1_155' title='bbox 1303 2087 1402 2155; x_wconf 86' lang='lat' dir='ltr'><strong>rei,</strong></span> <span class='ocrx_word' id='word_1_156' title='bbox 1426 2101 1544 2158; x_wconf 69' lang='lat' dir='ltr'><strong>qua:</strong></span> <span class='ocrx_word' id='word_1_157' title='bbox 1564 2100 1685 2143; x_wconf 91' lang='lat' dir='ltr'><strong>esse</strong></span> 
     </span>
    </p>
   </div>
   <div class='ocr_carea' id='block_1_20' title="bbox 111 2178 1685 2256">
    <p class='ocr_par' dir='ltr' id='par_1_20' title="bbox 111 2178 1685 2256">
     <span class='ocr_line' id='line_1_20' title="bbox 111 2178 1685 2256; baseline -0.006 -12"><span class='ocrx_word' id='word_1_158' title='bbox 111 2203 199 2244; x_wconf 89' lang='lat' dir='ltr'><strong>non</strong></span> <span class='ocrx_word' id='word_1_159' title='bbox 227 2193 404 2256; x_wconf 80' lang='lat' dir='ltr'><strong>potest</strong></span> <span class='ocrx_word' id='word_1_160' title='bbox 433 2184 477 2239; x_wconf 90' lang='lat' dir='ltr'><strong>si</strong></span> <span class='ocrx_word' id='word_1_161' title='bbox 521 2182 719 2255; x_wconf 87' lang='lat' dir='ltr'><strong>patitur</strong></span> <span class='ocrx_word' id='word_1_162' title='bbox 743 2181 1137 2237; x_wconf 83' lang='lat' dir='ltr'><strong>necessitatem.</strong></span> <span class='ocrx_word' id='word_1_163' title='bbox 1174 2179 1305 2235; x_wconf 82' lang='lat' dir='ltr'><strong>Huic</strong></span> <span class='ocrx_word' id='word_1_164' title='bbox 1331 2180 1501 2234; x_wconf 89' lang='lat' dir='ltr'><strong>motui</strong></span> <span class='ocrx_word' id='word_1_165' title='bbox 1521 2178 1685 2234; x_wconf 89' lang='lat' dir='ltr'><strong>animi</strong></span> 
     </span>
    </p>
   </div>
   <div class='ocr_carea' id='block_1_21' title="bbox 111 2271 1686 2346">
    <p class='ocr_par' dir='ltr' id='par_1_21' title="bbox 111 2271 1686 2346">
     <span class='ocr_line' id='line_1_21' title="bbox 111 2271 1686 2346; baseline -0.007 -10"><span class='ocrx_word' id='word_1_166' title='bbox 111 2281 280 2346; x_wconf 90' lang='lat' dir='ltr'><strong>libero,</strong></span> <span class='ocrx_word' id='word_1_167' title='bbox 332 2277 452 2332; x_wconf 87' lang='lat' dir='ltr'><strong>sine</strong></span> <span class='ocrx_word' id='word_1_168' title='bbox 492 2284 680 2332; x_wconf 84' lang='lat' dir='ltr'><strong>coactu</strong></span> <span class='ocrx_word' id='word_1_169' title='bbox 717 2275 939 2346; x_wconf 84' lang='lat' dir='ltr'><strong>originis</strong></span> <span class='ocrx_word' id='word_1_170' title='bbox 968 2274 1236 2345; x_wconf 88' lang='lat' dir='ltr'><strong>inquieto,</strong></span> <span class='ocrx_word' id='word_1_171' title='bbox 1283 2272 1327 2327; x_wconf 92' lang='lat' dir='ltr'><strong>si</strong></span> <span class='ocrx_word' id='word_1_172' title='bbox 1369 2285 1530 2327; x_wconf 89' lang='lat' dir='ltr'><strong>causa</strong></span> <span class='ocrx_word' id='word_1_173' title='bbox 1569 2271 1686 2341; x_wconf 90' lang='lat' dir='ltr'><strong>ipso</strong></span> 
     </span>
    </p>
   </div>
   <div class='ocr_carea' id='block_1_22' title="bbox 109 2364 1689 2445">
    <p class='ocr_par' dir='ltr' id='par_1_22' title="bbox 109 2364 1689 2445">
     <span class='ocr_line' id='line_1_22' title="bbox 109 2364 1689 2445; baseline -0.007 -15"><span class='ocrx_word' id='word_1_174' title='bbox 109 2382 233 2430; x_wconf 80' lang='lat' dir='ltr'><strong>niotu</strong></span> <span class='ocrx_word' id='word_1_175' title='bbox 256 2369 422 2426; x_wconf 88' lang='lat' dir='ltr'><strong>detur</strong></span> <span class='ocrx_word' id='word_1_176' title='bbox 445 2369 469 2401; x_wconf 86' lang='grc'><em>³</em></span> <span class='ocrx_word' id='word_1_177' title='bbox 490 2368 777 2445; x_wconf 84' lang='lat' dir='ltr'><strong>antiquior,</strong></span> <span class='ocrx_word' id='word_1_178' title='bbox 806 2383 913 2422; x_wconf 91' lang='lat' dir='ltr'><strong>non</strong></span> <span class='ocrx_word' id='word_1_179' title='bbox 938 2366 1169 2438; x_wconf 86' lang='lat' dir='ltr'><strong>gignitur</strong></span> <span class='ocrx_word' id='word_1_180' title='bbox 1197 2365 1444 2432; x_wconf 85' lang='lat' dir='ltr'><strong>omnino,</strong></span> <span class='ocrx_word' id='word_1_181' title='bbox 1466 2365 1559 2420; x_wconf 89' lang='lat' dir='ltr'><strong>sed</strong></span> <span class='ocrx_word' id='word_1_182' title='bbox 1591 2364 1689 2420; x_wconf 81' lang='lat' dir='ltr'><strong>tol-</strong></span> 
     </span>
    </p>
   </div>
   <div class='ocr_carea' id='block_1_23' title="bbox 111 2456 1689 2531">
    <p class='ocr_par' dir='ltr' id='par_1_23' title="bbox 111 2456 1689 2531">
     <span class='ocr_line' id='line_1_23' title="bbox 111 2456 1689 2531; baseline -0.004 -11"><span class='ocrx_word' id='word_1_183' title='bbox 111 2465 233 2521; x_wconf 71' lang='lat' dir='ltr'><strong>ritur.</strong></span> <span class='ocrx_word' id='word_1_184' title='bbox 260 2461 475 2517; x_wconf 76' lang='lat' dir='ltr'><strong>Nomen</strong></span> <span class='ocrx_word' id='word_1_185' title='bbox 501 2462 644 2517; x_wconf 87' lang='lat' dir='ltr'><strong>enim</strong></span> <span class='ocrx_word' id='word_1_186' title='bbox 671 2461 843 2531; x_wconf 90' lang='lat' dir='ltr'><strong>ipsum</strong></span> <span class='ocrx_word' id='word_1_187' title='bbox 866 2459 1151 2518; x_wconf 85' lang='lat' dir='ltr'><strong>voluntatis</strong></span> <span class='ocrx_word' id='word_1_188' title='bbox 1175 2458 1371 2513; x_wconf 91' lang='lat' dir='ltr'><strong>nullam</strong></span> <span class='ocrx_word' id='word_1_189' title='bbox 1392 2458 1498 2512; x_wconf 85' lang='lat' dir='ltr'><strong>vim</strong></span> <span class='ocrx_word' id='word_1_190' title='bbox 1530 2456 1689 2513; x_wconf 88' lang='lat' dir='ltr'><strong>habet</strong></span> 
     </span>
    </p>
   </div>
   <div class='ocr_carea' id='block_1_24' title="bbox 110 2548 1685 2625">
    <p class='ocr_par' dir='ltr' id='par_1_24' title="bbox 110 2548 1685 2625">
     <span class='ocr_line' id='line_1_24' title="bbox 110 2548 1685 2625; baseline -0.004 -15"><span class='ocrx_word' id='word_1_191' title='bbox 110 2557 347 2622; x_wconf 79' lang='lat' dir='ltr'><strong>alteram,</strong></span> <span class='ocrx_word' id='word_1_192' title='bbox 388 2568 548 2625; x_wconf 88' lang='lat' dir='ltr'><strong>quam</strong></span> <span class='ocrx_word' id='word_1_193' title='bbox 580 2567 685 2607; x_wconf 92' lang='lat' dir='ltr'><strong>non</strong></span> <span class='ocrx_word' id='word_1_194' title='bbox 728 2550 926 2608; x_wconf 88' lang='lat' dir='ltr'><strong>debere</strong></span> <span class='ocrx_word' id='word_1_195' title='bbox 964 2549 1202 2606; x_wconf 78' lang='lat' dir='ltr'><strong>materiae</strong></span> <span class='ocrx_word' id='word_1_196' title='bbox 1231 2548 1372 2620; x_wconf 88' lang='lat' dir='ltr'><strong>quod</strong></span> <span class='ocrx_word' id='word_1_197' title='bbox 1419 2563 1685 2604; x_wconf 78' lang='lat' dir='ltr'><strong>movetur.</strong></span> 
     </span>
    </p>
   </div>
   <div class='ocr_carea' id='block_1_25' title="bbox 113 2642 1690 2718">
    <p class='ocr_par' dir='ltr' id='par_1_25' title="bbox 113 2642 1690 2718">
     <span class='ocr_line' id='line_1_25' title="bbox 113 2642 1690 2718; baseline -0.004 -15"><span class='ocrx_word' id='word_1_198' title='bbox 113 2648 223 2703; x_wconf 81' lang='lat' dir='ltr'><strong>Cum</strong></span> <span class='ocrx_word' id='word_1_199' title='bbox 247 2662 382 2718; x_wconf 87' lang='lat' dir='ltr'><strong>ergo</strong></span> <span class='ocrx_word' id='word_1_200' title='bbox 410 2645 550 2701; x_wconf 86' lang='lat' dir='ltr'><strong>unde</strong></span> <span class='ocrx_word' id='word_1_201' title='bbox 576 2653 691 2700; x_wconf 90' lang='lat' dir='ltr'><strong>orta</strong></span> <span class='ocrx_word' id='word_1_202' title='bbox 715 2645 785 2698; x_wconf 89' lang='lat' dir='ltr'><strong>sit</strong></span> <span class='ocrx_word' id='word_1_203' title='bbox 813 2644 1076 2707; x_wconf 88' lang='lat' dir='ltr'><strong>voluntas,</strong></span> <span class='ocrx_word' id='word_1_204' title='bbox 1104 2642 1215 2713; x_wconf 85' lang='lat' dir='ltr'><strong>ipsa</strong></span> <span class='ocrx_word' id='word_1_205' title='bbox 1243 2643 1518 2697; x_wconf 75' lang='lat' dir='ltr'><strong>voluntate</strong></span> <span class='ocrx_word' id='word_1_206' title='bbox 1544 2656 1690 2714; x_wconf 79' lang='lat' dir='ltr'><strong>quae-</strong></span> 
     </span>
    </p>
   </div>
   <div class='ocr_carea' id='block_1_26' title="bbox 111 2734 1692 2813">
    <p class='ocr_par' dir='ltr' id='par_1_26' title="bbox 111 2734 1692 2813">
     <span class='ocr_line' id='line_1_26' title="bbox 111 2734 1692 2813; baseline -0.007 -13"><span class='ocrx_word' id='word_1_207' title='bbox 111 2742 172 2800; x_wconf 79' lang='lat' dir='ltr'><strong>ris</strong></span> <span class='ocrx_word' id='word_1_208' title='bbox 190 2741 496 2813; x_wconf 89' lang='lat' dir='ltr'><strong>antiquius;</strong></span> <span class='ocrx_word' id='word_1_209' title='bbox 519 2754 625 2795; x_wconf 92' lang='lat' dir='ltr'><strong>non</strong></span> <span class='ocrx_word' id='word_1_210' title='bbox 650 2736 929 2796; x_wconf 77' lang='lat' dir='ltr'><strong>exordium</strong></span> <span class='ocrx_word' id='word_1_211' title='bbox 961 2737 1078 2809; x_wconf 90' lang='lat' dir='ltr'><strong>ejus</strong></span> <span class='ocrx_word' id='word_1_212' title='bbox 1102 2778 1117 2804; x_wconf 94' lang='lat'><strong>,</strong></span> <span class='ocrx_word' id='word_1_213' title='bbox 1143 2734 1237 2792; x_wconf 84' lang='lat' dir='ltr'><strong>sed</strong></span> <span class='ocrx_word' id='word_1_214' title='bbox 1263 2735 1482 2792; x_wconf 79' lang='lat' dir='ltr'><strong>exitium</strong></span> <span class='ocrx_word' id='word_1_215' title='bbox 1513 2735 1692 2806; x_wconf 89' lang='lat' dir='ltr'><strong>requi-</strong></span> 
     </span>
    </p>
   </div>
   <div class='ocr_carea' id='block_1_27' title="bbox 111 2828 1690 2900">
    <p class='ocr_par' dir='ltr' id='par_1_27' title="bbox 111 2828 1690 2900">
     <span class='ocr_line' id='line_1_27' title="bbox 111 2828 1690 2900; baseline -0.006 -9"><span class='ocrx_word' id='word_1_216' title='bbox 111 2835 175 2891; x_wconf 81' lang='lat' dir='ltr'><strong>ris</strong></span> <span class='ocrx_word' id='word_1_217' title='bbox 206 2851 220 2888; x_wconf 89' lang='lat'><strong>:</strong></span> <span class='ocrx_word' id='word_1_218' title='bbox 245 2834 473 2888; x_wconf 81' lang='lat' dir='ltr'><strong>cumino</strong></span> <span class='ocrx_word' id='word_1_219' title='bbox 499 2832 642 2889; x_wconf 90' lang='lat' dir='ltr'><strong>enim</strong></span> <span class='ocrx_word' id='word_1_220' title='bbox 671 2845 778 2885; x_wconf 91' lang='lat' dir='ltr'><strong>non</strong></span> <span class='ocrx_word' id='word_1_221' title='bbox 811 2829 1125 2900; x_wconf 88' lang='lat' dir='ltr'><strong>intelligitur</strong></span> <span class='ocrx_word' id='word_1_222' title='bbox 1151 2843 1302 2893; x_wconf 90' lang='lat' dir='ltr'><strong>esse,</strong></span> <span class='ocrx_word' id='word_1_223' title='bbox 1347 2828 1391 2883; x_wconf 90' lang='lat' dir='ltr'><strong>si</strong></span> <span class='ocrx_word' id='word_1_224' title='bbox 1421 2838 1514 2882; x_wconf 90' lang='lat' dir='ltr'><strong>aut</strong></span> <span class='ocrx_word' id='word_1_225' title='bbox 1543 2836 1690 2882; x_wconf 83' lang='lat' dir='ltr'><strong>tene-</strong></span> 
     </span>
    </p>
   </div>
   <div class='ocr_carea' id='block_1_28' title="bbox 112 2919 1687 2999">
    <p class='ocr_par' dir='ltr' id='par_1_28' title="bbox 112 2919 1687 2999">
     <span class='ocr_line' id='line_1_28' title="bbox 112 2919 1687 2999; baseline -0.005 -17"><span class='ocrx_word' id='word_1_226' title='bbox 112 2925 207 2982; x_wconf 81' lang='lat' dir='ltr'><strong>bris</strong></span> <span class='ocrx_word' id='word_1_227' title='bbox 228 2926 543 2999; x_wconf 61' lang='lat' dir='ltr'><strong>deputetur,</strong></span> <span class='ocrx_word' id='word_1_228' title='bbox 565 2932 656 2979; x_wconf 90' lang='lat' dir='ltr'><strong>aut</strong></span> <span class='ocrx_word' id='word_1_229' title='bbox 685 2922 874 2987; x_wconf 79' lang='lat' dir='ltr'><strong>nihilo;</strong></span> <span class='ocrx_word' id='word_1_230' title='bbox 906 2937 1004 2978; x_wconf 87' lang='lat' dir='ltr'><strong>nec</strong></span> <span class='ocrx_word' id='word_1_231' title='bbox 1029 2928 1203 2991; x_wconf 87' lang='lat' dir='ltr'><strong>potest</strong></span> <span class='ocrx_word' id='word_1_232' title='bbox 1231 2921 1334 2975; x_wconf 91' lang='lat' dir='ltr'><strong>dici</strong></span> <span class='ocrx_word' id='word_1_233' title='bbox 1353 2921 1464 2990; x_wconf 87' lang='lat' dir='ltr'><strong>jam</strong></span> <span class='ocrx_word' id='word_1_234' title='bbox 1496 2919 1687 2975; x_wconf 86' lang='lat' dir='ltr'><strong>volun-</strong></span> 
     </span>
    </p>
   </div>
   <div class='ocr_carea' id='block_1_29' title="bbox 111 3009 1690 3088">
    <p class='ocr_par' dir='ltr' id='par_1_29' title="bbox 111 3009 1690 3088">
     <span class='ocr_line' id='line_1_29' title="bbox 111 3009 1690 3088; baseline -0.007 -15"><span class='ocrx_word' id='word_1_235' title='bbox 111 3022 182 3074; x_wconf 79' lang='lat' dir='ltr'><strong>tas</strong></span> <span class='ocrx_word' id='word_1_236' title='bbox 200 3058 215 3085; x_wconf 92' lang='lat'><strong>,</strong></span> <span class='ocrx_word' id='word_1_237' title='bbox 239 3032 363 3088; x_wconf 81' lang='lat' dir='ltr'><strong>quae</strong></span> <span class='ocrx_word' id='word_1_238' title='bbox 402 3015 696 3072; x_wconf 88' lang='lat' dir='ltr'><strong>subsistere</strong></span> <span class='ocrx_word' id='word_1_239' title='bbox 722 3028 826 3069; x_wconf 91' lang='lat' dir='ltr'><strong>non</strong></span> <span class='ocrx_word' id='word_1_240' title='bbox 856 3020 1035 3083; x_wconf 77' lang='lat' dir='ltr'><strong>potest</strong></span> <span class='ocrx_word' id='word_1_241' title='bbox 1053 3054 1066 3076; x_wconf 90' lang='lat'><strong>,</strong></span> <span class='ocrx_word' id='word_1_242' title='bbox 1100 3011 1200 3067; x_wconf 90' lang='lat' dir='ltr'><strong>nisi</strong></span> <span class='ocrx_word' id='word_1_243' title='bbox 1226 3010 1279 3065; x_wconf 91' lang='lat' dir='ltr'><strong>in</strong></span> <span class='ocrx_word' id='word_1_244' title='bbox 1309 3021 1454 3065; x_wconf 90' lang='lat' dir='ltr'><strong>motu</strong></span> <span class='ocrx_word' id='word_1_245' title='bbox 1484 3009 1647 3065; x_wconf 90' lang='lat' dir='ltr'><strong>animi</strong></span> <span class='ocrx_word' id='word_1_246' title='bbox 1672 3050 1690 3079; x_wconf 89' lang='lat'><strong>,</strong></span> 
     </span>
    </p>
   </div>
   <div class='ocr_carea' id='block_1_30' title="bbox 113 3102 1694 3181">
    <p class='ocr_par' dir='ltr' id='par_1_30' title="bbox 113 3102 1694 3181">
     <span class='ocr_line' id='line_1_30' title="bbox 113 3102 1694 3181; baseline -0.006 -17"><span class='ocrx_word' id='word_1_247' title='bbox 113 3118 316 3181; x_wconf 87' lang='lat' dir='ltr'><strong>cogente</strong></span> <span class='ocrx_word' id='word_1_248' title='bbox 351 3107 517 3163; x_wconf 88' lang='lat' dir='ltr'><strong>nullo.</strong></span> <span class='ocrx_word' id='word_1_249' title='bbox 546 3105 603 3163; x_wconf 88' lang='lat' dir='ltr'><strong>Si</strong></span> <span class='ocrx_word' id='word_1_250' title='bbox 633 3120 763 3177; x_wconf 86' lang='lat' dir='ltr'><strong>ergo</strong></span> <span class='ocrx_word' id='word_1_251' title='bbox 788 3112 943 3176; x_wconf 84' lang='lat' dir='ltr'><strong>cogat</strong></span> <span class='ocrx_word' id='word_1_252' title='bbox 970 3104 1161 3174; x_wconf 88' lang='lat' dir='ltr'><strong>aliquis</strong></span> <span class='ocrx_word' id='word_1_253' title='bbox 1181 3144 1196 3171; x_wconf 91' lang='lat'><strong>,</strong></span> <span class='ocrx_word' id='word_1_254' title='bbox 1229 3112 1310 3158; x_wconf 90' lang='lat' dir='ltr'><strong>est</strong></span> <span class='ocrx_word' id='word_1_255' title='bbox 1337 3102 1549 3173; x_wconf 89' lang='lat' dir='ltr'><strong>quidem</strong></span> <span class='ocrx_word' id='word_1_256' title='bbox 1580 3116 1694 3156; x_wconf 90' lang='lat' dir='ltr'><strong>mo-</strong></span> 
     </span>
    </p>
   </div>
   <div class='ocr_carea' id='block_1_31' title="bbox 113 3194 1693 3268">
    <p class='ocr_par' dir='ltr' id='par_1_31' title="bbox 113 3194 1693 3268">
     <span class='ocr_line' id='line_1_31' title="bbox 113 3194 1693 3268; baseline -0.005 -11"><span class='ocrx_word' id='word_1_257' title='bbox 113 3208 214 3268; x_wconf 88' lang='lat' dir='ltr'><strong>tus;</strong></span> <span class='ocrx_word' id='word_1_258' title='bbox 244 3200 342 3257; x_wconf 81' lang='lat' dir='ltr'><strong>‘sed</strong></span> <span class='ocrx_word' id='word_1_259' title='bbox 375 3215 483 3255; x_wconf 92' lang='lat' dir='ltr'><strong>non</strong></span> <span class='ocrx_word' id='word_1_260' title='bbox 508 3206 591 3255; x_wconf 89' lang='lat' dir='ltr'><strong>est</strong></span> <span class='ocrx_word' id='word_1_261' title='bbox 613 3198 857 3254; x_wconf 81' lang='lat' dir='ltr'><strong>voluntas</strong></span> <span class='ocrx_word' id='word_1_262' title='bbox 879 3238 893 3263; x_wconf 89' lang='lat'><strong>,</strong></span> <span class='ocrx_word' id='word_1_263' title='bbox 925 3195 1077 3267; x_wconf 88' lang='lat' dir='ltr'><strong>cujus</strong></span> <span class='ocrx_word' id='word_1_264' title='bbox 1105 3195 1211 3250; x_wconf 87' lang='lat' dir='ltr'><strong>vim</strong></span> <span class='ocrx_word' id='word_1_265' title='bbox 1252 3196 1339 3250; x_wconf 89' lang='lat' dir='ltr'><strong>illa</strong></span> <span class='ocrx_word' id='word_1_266' title='bbox 1365 3194 1693 3250; x_wconf 82' lang='lat' dir='ltr'><strong>deﬁnitionis</strong></span> 
     </span>
    </p>
   </div>
   <div class='ocr_carea' id='block_1_32' title="bbox 114 3286 1695 3365">
    <p class='ocr_par' dir='ltr' id='par_1_32' title="bbox 114 3286 1695 3365">
     <span class='ocr_line' id='line_1_32' title="bbox 114 3286 1695 3365; baseline -0.004 -16"><span class='ocrx_word' id='word_1_267' title='bbox 114 3309 219 3365; x_wconf 87' lang='lat' dir='ltr'><strong>pars</strong></span> <span class='ocrx_word' id='word_1_268' title='bbox 243 3293 483 3350; x_wconf 89' lang='lat' dir='ltr'><strong>secunda</strong></span> <span class='ocrx_word' id='word_1_269' title='bbox 507 3290 814 3361; x_wconf 79' lang='lat' dir='ltr'><strong>complevit,</strong></span> <span class='ocrx_word' id='word_1_270' title='bbox 842 3289 891 3345; x_wconf 93' lang='lat' dir='ltr'><strong>id</strong></span> <span class='ocrx_word' id='word_1_271' title='bbox 918 3297 1021 3357; x_wconf 89' lang='lat' dir='ltr'><strong>est,</strong></span> <span class='ocrx_word' id='word_1_272' title='bbox 1051 3287 1195 3343; x_wconf 87' lang='lat' dir='ltr'><strong>nullo</strong></span> <span class='ocrx_word' id='word_1_273' title='bbox 1218 3296 1460 3359; x_wconf 87' lang='lat' dir='ltr'><strong>cogente.</strong></span> <span class='ocrx_word' id='word_1_274' title='bbox 1489 3286 1543 3343; x_wconf 91' lang='lat' dir='ltr'><strong>Si</strong></span> <span class='ocrx_word' id='word_1_275' title='bbox 1566 3301 1695 3359; x_wconf 86' lang='lat' dir='ltr'><strong>ergo</strong></span> 
     </span>
    </p>
   </div>
   <div class='ocr_carea' id='block_1_33' title="bbox 113 3383 1693 3454">
    <p class='ocr_par' dir='ltr' id='par_1_33' title="bbox 113 3383 1693 3454">
     <span class='ocr_line' id='line_1_33' title="bbox 113 3383 1693 3454; baseline -0.002 -12"><span class='ocrx_word' id='word_1_276' title='bbox 113 3388 343 3442; x_wconf 74' lang='lat' dir='ltr'><strong>voluntas</strong></span> <span class='ocrx_word' id='word_1_277' title='bbox 368 3385 501 3441; x_wconf 88' lang='lat' dir='ltr'><strong>nihil</strong></span> <span class='ocrx_word' id='word_1_278' title='bbox 527 3396 613 3440; x_wconf 74' lang='lat' dir='ltr'><strong>est</strong></span> <span class='ocrx_word' id='word_1_279' title='bbox 638 3383 779 3439; x_wconf 86' lang='lat' dir='ltr'><strong>aliud</strong></span> <span class='ocrx_word' id='word_1_280' title='bbox 799 3427 814 3451; x_wconf 92' lang='lat'><strong>,</strong></span> <span class='ocrx_word' id='word_1_281' title='bbox 843 3398 1000 3454; x_wconf 89' lang='lat' dir='ltr'><strong>quam</strong></span> <span class='ocrx_word' id='word_1_282' title='bbox 1028 3391 1204 3437; x_wconf 91' lang='lat' dir='ltr'><strong>motus</strong></span> <span class='ocrx_word' id='word_1_283' title='bbox 1233 3383 1395 3437; x_wconf 90' lang='lat' dir='ltr'><strong>animi</strong></span> <span class='ocrx_word' id='word_1_284' title='bbox 1421 3425 1436 3451; x_wconf 92' lang='lat'><strong>,</strong></span> <span class='ocrx_word' id='word_1_285' title='bbox 1469 3391 1693 3453; x_wconf 86' lang='lat' dir='ltr'><strong>cogente</strong></span> 
     </span>
    </p>
   </div>
   <div class='ocr_carea' id='block_1_34' title="bbox 115 3474 1694 3549">
    <p class='ocr_par' dir='ltr' id='par_1_34' title="bbox 115 3474 1694 3549">
     <span class='ocr_line' id='line_1_34' title="bbox 115 3474 1694 3549; baseline -0.004 -14"><span class='ocrx_word' id='word_1_286' title='bbox 115 3480 277 3546; x_wconf 85' lang='lat' dir='ltr'><strong>nullo;</strong></span> <span class='ocrx_word' id='word_1_287' title='bbox 310 3478 459 3533; x_wconf 76' lang='lat' dir='ltr'><strong>male</strong></span> <span class='ocrx_word' id='word_1_288' title='bbox 484 3491 703 3549; x_wconf 87' lang='lat' dir='ltr'><strong>prorsus</strong></span> <span class='ocrx_word' id='word_1_289' title='bbox 736 3476 993 3547; x_wconf 65' lang='lat' dir='ltr'><strong>quaeritur</strong></span> <span class='ocrx_word' id='word_1_290' title='bbox 1012 3476 1160 3545; x_wconf 85' lang='lat' dir='ltr'><strong>origo</strong></span> <span class='ocrx_word' id='word_1_291' title='bbox 1189 3475 1300 3541; x_wconf 88' lang='lat' dir='ltr'><strong>rei,</strong></span> <span class='ocrx_word' id='word_1_292' title='bbox 1327 3474 1478 3545; x_wconf 86' lang='lat' dir='ltr'><strong>cujus</strong></span> <span class='ocrx_word' id='word_1_293' title='bbox 1505 3475 1694 3529; x_wconf 90' lang='lat' dir='ltr'><strong>condi-</strong></span> 
     </span>
    </p>
   </div>
   <div class='ocr_carea' id='block_1_35' title="bbox 115 3564 1697 3641">
    <p class='ocr_par' dir='ltr' id='par_1_35' title="bbox 115 3564 1697 3641">
     <span class='ocr_line' id='line_1_35' title="bbox 115 3564 1697 3641; baseline -0.003 -15"><span class='ocrx_word' id='word_1_294' title='bbox 115 3572 214 3637; x_wconf 86' lang='lat' dir='ltr'><strong>tio,</strong></span> <span class='ocrx_word' id='word_1_295' title='bbox 256 3571 301 3626; x_wconf 87' lang='lat' dir='ltr'><strong>si</strong></span> <span class='ocrx_word' id='word_1_296' title='bbox 339 3569 697 3641; x_wconf 84' lang='lat' dir='ltr'><strong>praevenitur,</strong></span> <span class='ocrx_word' id='word_1_297' title='bbox 748 3568 948 3623; x_wconf 88' lang='lat' dir='ltr'><strong>interit.</strong></span> <span class='ocrx_word' id='word_1_298' title='bbox 977 3566 1232 3639; x_wconf 79' lang='lat' dir='ltr'><strong>Expende</strong></span> <span class='ocrx_word' id='word_1_299' title='bbox 1277 3580 1406 3637; x_wconf 91' lang='lat' dir='ltr'><strong>ergo</strong></span> <span class='ocrx_word' id='word_1_300' title='bbox 1455 3564 1580 3637; x_wconf 93' lang='lat' dir='ltr'><strong>quid</strong></span> <span class='ocrx_word' id='word_1_301' title='bbox 1627 3567 1697 3621; x_wconf 89' lang='lat' dir='ltr'><strong>sit</strong></span> 
     </span>
    </p>
   </div>
   <div class='ocr_carea' id='block_1_36' title="bbox 114 3659 1699 3735">
    <p class='ocr_par' dir='ltr' id='par_1_36' title="bbox 114 3659 1699 3735">
     <span class='ocr_line' id='line_1_36' title="bbox 114 3659 1699 3735; baseline -0.004 -14"><span class='ocrx_word' id='word_1_302' title='bbox 114 3664 239 3735; x_wconf 80' lang='lat' dir='ltr'><strong>quod</strong></span> <span class='ocrx_word' id='word_1_303' title='bbox 264 3678 429 3735; x_wconf 86' lang='lat' dir='ltr'><strong>roges</strong></span> <span class='ocrx_word' id='word_1_304' title='bbox 460 3680 477 3717; x_wconf 85' lang='lat'><strong>:</strong></span> <span class='ocrx_word' id='word_1_305' title='bbox 507 3661 688 3729; x_wconf 74' lang='lat' dir='ltr'><strong>Unde,</strong></span> <span class='ocrx_word' id='word_1_306' title='bbox 730 3662 943 3733; x_wconf 87' lang='lat' dir='ltr'><strong>inquis,</strong></span> <span class='ocrx_word' id='word_1_307' title='bbox 980 3661 1095 3731; x_wconf 85' lang='lat' dir='ltr'><strong>ipsa</strong></span> <span class='ocrx_word' id='word_1_308' title='bbox 1122 3660 1357 3715; x_wconf 77' lang='lat' dir='ltr'><strong>voluntas</strong></span> <span class='ocrx_word' id='word_1_309' title='bbox 1384 3660 1520 3714; x_wconf 85' lang='lat' dir='ltr'><strong>mala</strong></span> <span class='ocrx_word' id='word_1_310' title='bbox 1554 3659 1699 3732; x_wconf 84' lang='lat' dir='ltr'><strong>quasi</strong></span> 
     </span>
    </p>
   </div>
   <div class='ocr_carea' id='block_1_37' title="bbox 114 3750 1697 3827">
    <p class='ocr_par' dir='ltr' id='par_1_37' title="bbox 114 3750 1697 3827">
     <span class='ocr_line' id='line_1_37' title="bbox 114 3750 1697 3827; baseline -0.004 -16"><span class='ocrx_word' id='word_1_311' title='bbox 114 3757 249 3811; x_wconf 68' lang='lat' dir='ltr'><strong>arbor</strong></span> <span class='ocrx_word' id='word_1_312' title='bbox 272 3756 418 3811; x_wconf 83' lang='lat' dir='ltr'><strong>mala</strong></span> <span class='ocrx_word' id='word_1_313' title='bbox 447 3756 501 3809; x_wconf 83' lang='lat' dir='ltr'><strong>in</strong></span> <span class='ocrx_word' id='word_1_314' title='bbox 546 3755 712 3827; x_wconf 82' lang='lat' dir='ltr'><strong>primo</strong></span> <span class='ocrx_word' id='word_1_315' title='bbox 739 3754 943 3808; x_wconf 80' lang='lat' dir='ltr'><strong>homine</strong></span> <span class='ocrx_word' id='word_1_316' title='bbox 988 3752 1151 3824; x_wconf 82' lang='lat' dir='ltr'><strong>potuit</strong></span> <span class='ocrx_word' id='word_1_317' title='bbox 1197 3752 1383 3807; x_wconf 75' lang='lat' dir='ltr'><strong>exoriri</strong></span> <span class='ocrx_word' id='word_1_318' title='bbox 1431 3750 1536 3823; x_wconf 77' lang='lat' dir='ltr'><strong>(De</strong></span> <span class='ocrx_word' id='word_1_319' title='bbox 1575 3751 1697 3806; x_wconf 82' lang='lat' dir='ltr'><strong>Nu-</strong></span> 
     </span>
    </p>
   </div>
   <div class='ocr_carea' id='block_1_38' title="bbox 118 3843 1698 3921">
    <p class='ocr_par' dir='ltr' id='par_1_38' title="bbox 118 3843 1698 3921">
     <span class='ocr_line' id='line_1_38' title="bbox 118 3843 1698 3921; baseline -0.004 -17"><span class='ocrx_word' id='word_1_320' title='bbox 118 3850 222 3921; x_wconf 73' lang='lat' dir='ltr'><strong>ptiis</strong></span> <span class='ocrx_word' id='word_1_321' title='bbox 244 3859 288 3903; x_wconf 78' lang='lat' dir='ltr'><strong>et</strong></span> <span class='ocrx_word' id='word_1_322' title='bbox 317 3847 767 3919; x_wconf 74' lang='lat' dir='ltr'><strong>Concupisccnlia,</strong></span> <span class='ocrx_word' id='word_1_323' title='bbox 798 3845 885 3900; x_wconf 83' lang='lat' dir='ltr'><strong>lib.</strong></span> <span class='ocrx_word' id='word_1_324' title='bbox 913 3844 982 3913; x_wconf 74' lang='lat'><strong>2,</strong></span> <span class='ocrx_word' id='word_1_325' title='bbox 1031 3862 1085 3900; x_wconf 80' lang='grc' dir='ltr'><strong>η.</strong></span> <span class='ocrx_word' id='word_1_326' title='bbox 1135 3844 1268 3916; x_wconf 67' lang='grc' dir='ltr'><strong>ιεγρ</strong></span> <span class='ocrx_word' id='word_1_327' title='bbox 1297 3845 1386 3915; x_wconf 87' lang='lat' dir='ltr'><strong>qui</strong></span> <span class='ocrx_word' id='word_1_328' title='bbox 1428 3843 1698 3901; x_wconf 85' lang='lat' dir='ltr'><strong>conﬁteris</strong></span> 
     </span>
    </p>
   </div>
   <div class='ocr_carea' id='block_1_39' title="bbox 116 3936 1698 4011">
    <p class='ocr_par' dir='ltr' id='par_1_39' title="bbox 116 3936 1698 4011">
     <span class='ocr_line' id='line_1_39' title="bbox 116 3936 1698 4011; baseline -0.002 -15"><span class='ocrx_word' id='word_1_329' title='bbox 116 3941 433 3996; x_wconf 69' lang='lat' dir='ltr'><strong>vohntatem</strong></span> <span class='ocrx_word' id='word_1_330' title='bbox 456 3939 526 3996; x_wconf 85' lang='lat' dir='ltr'><strong>de</strong></span> <span class='ocrx_word' id='word_1_331' title='bbox 552 3938 758 4011; x_wconf 80' lang='lat' dir='ltr'><strong>origine</strong></span> <span class='ocrx_word' id='word_1_332' title='bbox 782 3938 1091 4009; x_wconf 87' lang='lat' dir='ltr'><strong>contigisse.</strong></span> <span class='ocrx_word' id='word_1_333' title='bbox 1124 3936 1381 3993; x_wconf 76' lang='lat' dir='ltr'><strong>Voluntas</strong></span> <span class='ocrx_word' id='word_1_334' title='bbox 1406 3937 1548 3992; x_wconf 89' lang='lat' dir='ltr'><strong>enim</strong></span> <span class='ocrx_word' id='word_1_335' title='bbox 1580 3953 1698 3993; x_wconf 84' lang='lat' dir='ltr'><strong>mo-</strong></span> 
     </span>
    </p>
   </div>
   <div class='ocr_carea' id='block_1_40' title="bbox 115 4030 1702 4105">
    <p class='ocr_par' dir='ltr' id='par_1_40' title="bbox 115 4030 1702 4105">
     <span class='ocr_line' id='line_1_40' title="bbox 115 4030 1702 4105; baseline -0.003 -16"><span class='ocrx_word' id='word_1_336' title='bbox 115 4040 192 4090; x_wconf 86' lang='lat' dir='ltr'><strong>tus</strong></span> <span class='ocrx_word' id='word_1_337' title='bbox 215 4044 297 4091; x_wconf 88' lang='lat' dir='ltr'><strong>est</strong></span> <span class='ocrx_word' id='word_1_338' title='bbox 322 4034 513 4101; x_wconf 83' lang='lat' dir='ltr'><strong>animi,</strong></span> <span class='ocrx_word' id='word_1_339' title='bbox 542 4042 765 4105; x_wconf 87' lang='lat' dir='ltr'><strong>cogente</strong></span> <span class='ocrx_word' id='word_1_340' title='bbox 786 4031 951 4088; x_wconf 84' lang='lat' dir='ltr'><strong>nullo.</strong></span> <span class='ocrx_word' id='word_1_341' title='bbox 984 4030 1255 4087; x_wconf 77' lang='lat' dir='ltr'><strong>Naturalia</strong></span> <span class='ocrx_word' id='word_1_342' title='bbox 1285 4039 1473 4086; x_wconf 87' lang='lat' dir='ltr'><strong>cuncta</strong></span> <span class='ocrx_word' id='word_1_343' title='bbox 1504 4036 1702 4101; x_wconf 89' lang='lat' dir='ltr'><strong>cogunt</strong></span> 
     </span>
    </p>
   </div>
   <div class='ocr_carea' id='block_1_41' title="bbox 115 4126 1700 4201">
    <p class='ocr_par' dir='ltr' id='par_1_41' title="bbox 115 4126 1700 4201">
     <span class='ocr_line' id='line_1_41' title="bbox 115 4126 1700 4201; baseline -0.003 -16"><span class='ocrx_word' id='word_1_344' title='bbox 115 4128 394 4201; x_wconf 77' lang='lat' dir='ltr'><strong>essequod</strong></span> <span class='ocrx_word' id='word_1_345' title='bbox 437 4128 722 4199; x_wconf 85' lang='lat' dir='ltr'><strong>sequitur:</strong></span> <span class='ocrx_word' id='word_1_346' title='bbox 752 4127 1000 4182; x_wconf 86' lang='lat' dir='ltr'><strong>voluntas</strong></span> <span class='ocrx_word' id='word_1_347' title='bbox 1036 4135 1215 4182; x_wconf 80' lang='lat' dir='ltr'><strong>autem</strong></span> <span class='ocrx_word' id='word_1_348' title='bbox 1257 4127 1303 4181; x_wconf 89' lang='lat' dir='ltr'><strong>si</strong></span> <span class='ocrx_word' id='word_1_349' title='bbox 1350 4126 1700 4196; x_wconf 67' lang='lat' dir='ltr'><strong>prmoedenti-</strong></span> 
     </span>
    </p>
   </div>
   <div class='ocr_carea' id='block_1_42' title="bbox 117 4218 1699 4292">
    <p class='ocr_par' dir='ltr' id='par_1_42' title="bbox 117 4218 1699 4292">
     <span class='ocr_line' id='line_1_42' title="bbox 117 4218 1699 4292; baseline 0.001 -19"><span class='ocrx_word' id='word_1_350' title='bbox 117 4220 205 4276; x_wconf 76' lang='lat' dir='ltr'><strong>bus</strong></span> <span class='ocrx_word' id='word_1_351' title='bbox 229 4222 410 4277; x_wconf 86' lang='lat' dir='ltr'><strong>causis</strong></span> <span class='ocrx_word' id='word_1_352' title='bbox 431 4229 672 4292; x_wconf 87' lang='lat' dir='ltr'><strong>cogatur,</strong></span> <span class='ocrx_word' id='word_1_353' title='bbox 702 4219 945 4275; x_wconf 85' lang='lat' dir='ltr'><strong>voluntas</strong></span> <span class='ocrx_word' id='word_1_354' title='bbox 967 4234 1086 4275; x_wconf 91' lang='lat' dir='ltr'><strong>esse</strong></span> <span class='ocrx_word' id='word_1_355' title='bbox 1109 4234 1232 4274; x_wconf 83' lang='lat' dir='ltr'><strong>mox</strong></span> <span class='ocrx_word' id='word_1_356' title='bbox 1258 4218 1475 4285; x_wconf 88' lang='lat' dir='ltr'><strong>desinit,</strong></span> <span class='ocrx_word' id='word_1_357' title='bbox 1502 4226 1557 4275; x_wconf 92' lang='lat' dir='ltr'><strong>et</strong></span> <span class='ocrx_word' id='word_1_358' title='bbox 1576 4234 1699 4290; x_wconf 90' lang='lat' dir='ltr'><strong>per-</strong></span> 
     </span>
    </p>
   </div>
   <div class='ocr_carea' id='block_1_43' title="bbox 116 4313 1215 4385">
    <p class='ocr_par' dir='ltr' id='par_1_43' title="bbox 116 4313 1215 4385">
     <span class='ocr_line' id='line_1_43' title="bbox 116 4313 1215 4385; baseline -0.003 -16"><span class='ocrx_word' id='word_1_359' title='bbox 116 4313 186 4369; x_wconf 91' lang='lat' dir='ltr'><strong>dit</strong></span> <span class='ocrx_word' id='word_1_360' title='bbox 210 4315 596 4382; x_wconf 88' lang='lat' dir='ltr'><strong>conditionem,</strong></span> <span class='ocrx_word' id='word_1_361' title='bbox 629 4315 675 4370; x_wconf 86' lang='lat' dir='ltr'><strong>si</strong></span> <span class='ocrx_word' id='word_1_362' title='bbox 700 4314 904 4385; x_wconf 88' lang='lat' dir='ltr'><strong>accepit</strong></span> <span class='ocrx_word' id='word_1_363' title='bbox 932 4313 1215 4384; x_wconf 89' lang='lat' dir='ltr'><strong>originem.</strong></span> 
     </span>
    </p>
   </div>
   <div class='ocr_carea' id='block_1_44' title="bbox 178 4405 1703 4479">
    <p class='ocr_par' dir='ltr' id='par_1_44' title="bbox 178 4405 1703 4479">
     <span class='ocr_line' id='line_1_44' title="bbox 178 4405 1703 4479; baseline 0 -16"><span class='ocrx_word' id='word_1_364' title='bbox 178 4409 310 4465; x_wconf 74' lang='lat' dir='ltr'><strong>Anc.</strong></span> <span class='ocrx_word' id='word_1_365' title='bbox 359 4406 417 4464; x_wconf 88' lang='lat' dir='ltr'><strong>Si</strong></span> <span class='ocrx_word' id='word_1_366' title='bbox 460 4407 708 4463; x_wconf 85' lang='lat' dir='ltr'><strong>voluntas</strong></span> <span class='ocrx_word' id='word_1_367' title='bbox 739 4406 859 4462; x_wconf 89' lang='lat' dir='ltr'><strong>ideo</strong></span> <span class='ocrx_word' id='word_1_368' title='bbox 888 4422 994 4461; x_wconf 92' lang='lat' dir='ltr'><strong>non</strong></span> <span class='ocrx_word' id='word_1_369' title='bbox 1045 4405 1206 4463; x_wconf 88' lang='lat' dir='ltr'><strong>habet</strong></span> <span class='ocrx_word' id='word_1_370' title='bbox 1235 4406 1495 4479; x_wconf 84' lang='lat' dir='ltr'><strong>originem</strong></span> <span class='ocrx_word' id='word_1_371' title='bbox 1520 4450 1536 4477; x_wconf 91' lang='lat'><strong>,</strong></span> <span class='ocrx_word' id='word_1_372' title='bbox 1581 4407 1703 4479; x_wconf 89' lang='lat' dir='ltr'><strong>quia</strong></span> 
     </span>
    </p>
   </div>
   <div class='ocr_carea' id='block_1_45' title="bbox 115 4497 1706 4572">
    <p class='ocr_par' dir='ltr' id='par_1_45' title="bbox 115 4497 1706 4572">
     <span class='ocr_line' id='line_1_45' title="bbox 115 4497 1706 4572; baseline -0.002 -16"><span class='ocrx_word' id='word_1_373' title='bbox 115 4514 211 4556; x_wconf 87' lang='lat' dir='ltr'><strong>non</strong></span> <span class='ocrx_word' id='word_1_374' title='bbox 246 4503 495 4572; x_wconf 86' lang='lat' dir='ltr'><strong>cogitur;</strong></span> <span class='ocrx_word' id='word_1_375' title='bbox 536 4515 637 4556; x_wconf 90' lang='lat' dir='ltr'><strong>nec</strong></span> <span class='ocrx_word' id='word_1_376' title='bbox 679 4500 793 4570; x_wconf 89' lang='lat' dir='ltr'><strong>ipse</strong></span> <span class='ocrx_word' id='word_1_377' title='bbox 837 4498 997 4554; x_wconf 91' lang='lat' dir='ltr'><strong>homo</strong></span> <span class='ocrx_word' id='word_1_378' title='bbox 1044 4497 1202 4554; x_wconf 88' lang='lat' dir='ltr'><strong>habet</strong></span> <span class='ocrx_word' id='word_1_379' title='bbox 1232 4499 1492 4569; x_wconf 88' lang='lat' dir='ltr'><strong>originem</strong></span> <span class='ocrx_word' id='word_1_380' title='bbox 1536 4507 1594 4554; x_wconf 90' lang='lat' dir='ltr'><strong>ut</strong></span> <span class='ocrx_word' id='word_1_381' title='bbox 1636 4499 1706 4554; x_wconf 92' lang='lat' dir='ltr'><strong>sit</strong></span> 
     </span>
    </p>
   </div>
   <div class='ocr_carea' id='block_1_46' title="bbox 115 4591 1704 4665">
    <p class='ocr_par' dir='ltr' id='par_1_46' title="bbox 115 4591 1704 4665">
     <span class='ocr_line' id='line_1_46' title="bbox 115 4591 1704 4665; baseline -0.001 -16"><span class='ocrx_word' id='word_1_382' title='bbox 115 4592 306 4663; x_wconf 79' lang='lat' dir='ltr'><strong>homo,</strong></span> <span class='ocrx_word' id='word_1_383' title='bbox 352 4593 479 4665; x_wconf 87' lang='lat' dir='ltr'><strong>quia</strong></span> <span class='ocrx_word' id='word_1_384' title='bbox 521 4608 628 4649; x_wconf 92' lang='lat' dir='ltr'><strong>non</strong></span> <span class='ocrx_word' id='word_1_385' title='bbox 659 4601 875 4648; x_wconf 89' lang='lat' dir='ltr'><strong>coactus</strong></span> <span class='ocrx_word' id='word_1_386' title='bbox 920 4601 1002 4648; x_wconf 84' lang='lat' dir='ltr'><strong>est</strong></span> <span class='ocrx_word' id='word_1_387' title='bbox 1045 4606 1181 4647; x_wconf 89' lang='lat' dir='ltr'><strong>esse.</strong></span> <span class='ocrx_word' id='word_1_388' title='bbox 1230 4591 1511 4659; x_wconf 88' lang='lat' dir='ltr'><strong>Quomodo</strong></span> <span class='ocrx_word' id='word_1_389' title='bbox 1562 4592 1704 4647; x_wconf 90' lang='lat' dir='ltr'><strong>enim</strong></span> 
     </span>
    </p>
   </div>
   <div class='ocr_carea' id='block_1_47' title="bbox 115 4683 1704 4759">
    <p class='ocr_par' dir='ltr' id='par_1_47' title="bbox 115 4683 1704 4759">
     <span class='ocr_line' id='line_1_47' title="bbox 115 4683 1704 4759; baseline -0.001 -18"><span class='ocrx_word' id='word_1_390' title='bbox 115 4686 221 4759; x_wconf 86' lang='lat' dir='ltr'><strong>cogi</strong></span> <span class='ocrx_word' id='word_1_391' title='bbox 248 4697 485 4757; x_wconf 82' lang='lat' dir='ltr'><strong>poterat,</strong></span> <span class='ocrx_word' id='word_1_392' title='bbox 514 4686 603 4757; x_wconf 89' lang='lat' dir='ltr'><strong>qui</strong></span> <span class='ocrx_word' id='word_1_393' title='bbox 631 4700 736 4741; x_wconf 92' lang='lat' dir='ltr'><strong>non</strong></span> <span class='ocrx_word' id='word_1_394' title='bbox 763 4685 919 4740; x_wconf 85' lang='lat' dir='ltr'><strong>erat?</strong></span> <span class='ocrx_word' id='word_1_395' title='bbox 939 4684 1009 4739; x_wconf 86' lang='lat' dir='ltr'><strong>Et</strong></span> <span class='ocrx_word' id='word_1_396' title='bbox 1029 4696 1176 4741; x_wconf 88' lang='lat' dir='ltr'><strong>certe</strong></span> <span class='ocrx_word' id='word_1_397' title='bbox 1204 4683 1574 4739; x_wconf 82' lang='lat' dir='ltr'><strong>homonatura</strong></span> <span class='ocrx_word' id='word_1_398' title='bbox 1600 4693 1704 4752; x_wconf 89' lang='lat' dir='ltr'><strong>est;</strong></span> 
     </span>
    </p>
   </div>
   <div class='ocr_carea' id='block_1_48' title="bbox 114 4779 1709 4853">
    <p class='ocr_par' dir='ltr' id='par_1_48' title="bbox 114 4779 1709 4853">
     <span class='ocr_line' id='line_1_48' title="bbox 114 4779 1709 4853; baseline 0.001 -20"><span class='ocrx_word' id='word_1_399' title='bbox 114 4788 266 4851; x_wconf 87' lang='lat' dir='ltr'><strong>tuque</strong></span> <span class='ocrx_word' id='word_1_400' title='bbox 292 4781 476 4837; x_wconf 80' lang='lat' dir='ltr'><strong>dixisti</strong></span> <span class='ocrx_word' id='word_1_401' title='bbox 498 4822 512 4846; x_wconf 88' lang='lat'><strong>,</strong></span> <span class='ocrx_word' id='word_1_402' title='bbox 548 4779 823 4834; x_wconf 83' lang='lat' dir='ltr'><strong>Naturalia</strong></span> <span class='ocrx_word' id='word_1_403' title='bbox 842 4791 1024 4834; x_wconf 86' lang='lat' dir='ltr'><strong>cuncta</strong></span> <span class='ocrx_word' id='word_1_404' title='bbox 1047 4788 1231 4851; x_wconf 84' lang='lat' dir='ltr'><strong>cogunt</strong></span> <span class='ocrx_word' id='word_1_405' title='bbox 1260 4795 1366 4834; x_wconf 77' lang='lat' dir='ltr'><strong>esse</strong></span> <span class='ocrx_word' id='word_1_406' title='bbox 1388 4782 1524 4850; x_wconf 84' lang='lat' dir='ltr'><strong>quod</strong></span> <span class='ocrx_word' id='word_1_407' title='bbox 1543 4780 1709 4853; x_wconf 86' lang='lat' dir='ltr'><strong>sequi-</strong></span> 
     </span>
    </p>
   </div>
   <div class='ocr_carea' id='block_1_49' title="bbox 115 4871 1707 4944">
    <p class='ocr_par' dir='ltr' id='par_1_49' title="bbox 115 4871 1707 4944">
     <span class='ocr_line' id='line_1_49' title="bbox 115 4871 1707 4944; baseline -0.001 -18"><span class='ocrx_word' id='word_1_408' title='bbox 115 4883 207 4926; x_wconf 75' lang='lat' dir='ltr'><strong>tur.</strong></span> <span class='ocrx_word' id='word_1_409' title='bbox 233 4873 389 4944; x_wconf 80' lang='lat' dir='ltr'><strong>Rogo</strong></span> <span class='ocrx_word' id='word_1_410' title='bbox 420 4880 491 4937; x_wconf 90' lang='lat' dir='ltr'><strong>te,</strong></span> <span class='ocrx_word' id='word_1_411' title='bbox 523 4871 737 4928; x_wconf 76' lang='lat' dir='ltr'><strong>attende</strong></span> <span class='ocrx_word' id='word_1_412' title='bbox 765 4871 893 4943; x_wconf 85' lang='lat' dir='ltr'><strong>quid</strong></span> <span class='ocrx_word' id='word_1_413' title='bbox 915 4872 1058 4927; x_wconf 79' lang='lat' dir='ltr'><strong>dicas</strong></span> <span class='ocrx_word' id='word_1_414' title='bbox 1085 4889 1098 4925; x_wconf 88' lang='lat'><strong>:</strong></span> <span class='ocrx_word' id='word_1_415' title='bbox 1132 4871 1237 4926; x_wconf 89' lang='lat' dir='ltr'><strong>noli</strong></span> <span class='ocrx_word' id='word_1_416' title='bbox 1265 4872 1436 4926; x_wconf 81' lang='lat' dir='ltr'><strong>oculis</strong></span> <span class='ocrx_word' id='word_1_417' title='bbox 1464 4871 1660 4927; x_wconf 87' lang='lat' dir='ltr'><strong>clausis</strong></span> <span class='ocrx_word' id='word_1_418' title='bbox 1684 4871 1707 4904; x_wconf 70' lang='grc'><strong><em>⁵</em></strong></span> 
     </span>
    </p>
   </div>
   <div class='ocr_carea' id='block_1_50' title="bbox 112 4958 1704 5043">
    <p class='ocr_par' dir='ltr' id='par_1_50' title="bbox 112 4958 1704 5043">
     <span class='ocr_line' id='line_1_50' title="bbox 112 4958 1704 5043; baseline -0.001 -22"><span class='ocrx_word' id='word_1_419' title='bbox 112 4965 346 5037; x_wconf 81' lang='lat' dir='ltr'><strong>linguam</strong></span> <span class='ocrx_word' id='word_1_420' title='bbox 391 4979 644 5032; x_wconf 86' lang='lat' dir='ltr'><strong>movere,</strong></span> <span class='ocrx_word' id='word_1_421' title='bbox 690 4958 959 5036; x_wconf 76' lang='lat' dir='ltr'><strong>quomOdo</strong></span> <span class='ocrx_word' id='word_1_422' title='bbox 989 4964 1077 5043; x_wconf 89' lang='lat' dir='ltr'><strong>qui</strong></span> <span class='ocrx_word' id='word_1_423' title='bbox 1128 4963 1179 5018; x_wconf 92' lang='lat' dir='ltr'><strong>in</strong></span> <span class='ocrx_word' id='word_1_424' title='bbox 1213 4964 1415 5018; x_wconf 88' lang='lat' dir='ltr'><strong>somnis</strong></span> <span class='ocrx_word' id='word_1_425' title='bbox 1454 4963 1704 5035; x_wconf 87' lang='lat' dir='ltr'><strong>loquitur.</strong></span> 
     </span>
    </p>
   </div>
   <div class='ocr_carea' id='block_1_51' title="bbox 111 5056 1707 5130">
    <p class='ocr_par' dir='ltr' id='par_1_51' title="bbox 111 5056 1707 5130">
     <span class='ocr_line' id='line_1_51' title="bbox 111 5056 1707 5130; baseline 0 -17"><span class='ocrx_word' id='word_1_426' title='bbox 111 5056 260 5114; x_wconf 74' lang='lat' dir='ltr'><strong>Nulla</strong></span> <span class='ocrx_word' id='word_1_427' title='bbox 286 5075 402 5126; x_wconf 84' lang='lat' dir='ltr'><strong>res,</strong></span> <span class='ocrx_word' id='word_1_428' title='bbox 434 5073 555 5130; x_wconf 71' lang='lat' dir='ltr'><strong>qua:</strong></span> <span class='ocrx_word' id='word_1_429' title='bbox 585 5074 691 5112; x_wconf 92' lang='lat' dir='ltr'><strong>non</strong></span> <span class='ocrx_word' id='word_1_430' title='bbox 718 5065 822 5125; x_wconf 92' lang='lat' dir='ltr'><strong>est,</strong></span> <span class='ocrx_word' id='word_1_431' title='bbox 849 5058 965 5129; x_wconf 81' lang='lat' dir='ltr'><strong>cogi</strong></span> <span class='ocrx_word' id='word_1_432' title='bbox 996 5060 1189 5127; x_wconf 84' lang='lat' dir='ltr'><strong>potest.</strong></span> <span class='ocrx_word' id='word_1_433' title='bbox 1207 5056 1340 5113; x_wconf 77' lang='lat' dir='ltr'><strong>Vide</strong></span> <span class='ocrx_word' id='word_1_434' title='bbox 1366 5056 1524 5112; x_wconf 91' lang='lat' dir='ltr'><strong>etiam</strong></span> <span class='ocrx_word' id='word_1_435' title='bbox 1548 5072 1707 5129; x_wconf 90' lang='lat' dir='ltr'><strong>quam</strong></span> 
     </span>
    </p>
   </div>
   <div class='ocr_carea' id='block_1_52' title="bbox 106 5152 1709 5225">
    <p class='ocr_par' dir='ltr' id='par_1_52' title="bbox 106 5152 1709 5225">
     <span class='ocr_line' id='line_1_52' title="bbox 106 5152 1709 5225; baseline 0.001 -18"><span class='ocrx_word' id='word_1_436' title='bbox 106 5156 173 5207; x_wconf 87' lang='lat' dir='ltr'><strong>sit</strong></span> <span class='ocrx_word' id='word_1_437' title='bbox 202 5155 457 5210; x_wconf 86' lang='lat' dir='ltr'><strong>insanum</strong></span> <span class='ocrx_word' id='word_1_438' title='bbox 481 5196 496 5220; x_wconf 91' lang='lat'><strong>,</strong></span> <span class='ocrx_word' id='word_1_439' title='bbox 544 5168 738 5225; x_wconf 88' lang='lat' dir='ltr'><strong>negare</strong></span> <span class='ocrx_word' id='word_1_440' title='bbox 781 5152 979 5208; x_wconf 84' lang='lat' dir='ltr'><strong>habere</strong></span> <span class='ocrx_word' id='word_1_441' title='bbox 1026 5152 1284 5223; x_wconf 90' lang='lat' dir='ltr'><strong>originem</strong></span> <span class='ocrx_word' id='word_1_442' title='bbox 1322 5168 1405 5207; x_wconf 86' lang='lat' dir='ltr'><strong>res</strong></span> <span class='ocrx_word' id='word_1_443' title='bbox 1435 5167 1553 5221; x_wconf 65' lang='lat' dir='ltr'><strong>quae</strong></span> <span class='ocrx_word' id='word_1_444' title='bbox 1578 5162 1709 5208; x_wconf 61' lang='lat' dir='ltr'><strong>ortae</strong></span> 
     </span>
    </p>
   </div>
   <div class='ocr_carea' id='block_1_53' title="bbox 108 5243 1708 5319">
    <p class='ocr_par' dir='ltr' id='par_1_53' title="bbox 108 5243 1708 5319">
     <span class='ocr_line' id='line_1_53' title="bbox 108 5243 1708 5319; baseline 0 -18"><span class='ocrx_word' id='word_1_445' title='bbox 108 5250 269 5315; x_wconf 75' lang='lat' dir='ltr'><strong>sunt;</strong></span> <span class='ocrx_word' id='word_1_446' title='bbox 298 5263 425 5303; x_wconf 90' lang='lat' dir='ltr'><strong>cum</strong></span> <span class='ocrx_word' id='word_1_447' title='bbox 449 5247 563 5318; x_wconf 88' lang='lat' dir='ltr'><strong>ipsa</strong></span> <span class='ocrx_word' id='word_1_448' title='bbox 595 5246 744 5319; x_wconf 87' lang='lat' dir='ltr'><strong>origo</strong></span> <span class='ocrx_word' id='word_1_449' title='bbox 770 5245 839 5301; x_wconf 92' lang='lat' dir='ltr'><strong>ab</strong></span> <span class='ocrx_word' id='word_1_450' title='bbox 867 5244 1091 5300; x_wconf 89' lang='lat' dir='ltr'><strong>oriundo</strong></span> <span class='ocrx_word' id='word_1_451' title='bbox 1120 5245 1188 5300; x_wconf 89' lang='lat' dir='ltr'><strong>sit</strong></span> <span class='ocrx_word' id='word_1_452' title='bbox 1219 5244 1379 5300; x_wconf 89' lang='lat' dir='ltr'><strong>dicta.</strong></span> <span class='ocrx_word' id='word_1_453' title='bbox 1408 5243 1538 5300; x_wconf 89' lang='lat' dir='ltr'><strong>Nam</strong></span> <span class='ocrx_word' id='word_1_454' title='bbox 1567 5244 1708 5317; x_wconf 87' lang='lat' dir='ltr'><strong>quod</strong></span> 
     </span>
    </p>
   </div>
   <div class='ocr_carea' id='block_1_54' title="bbox 220 5402 1405 5468">
    <p class='ocr_par' dir='ltr' id='par_1_54' title="bbox 220 5402 1405 5468">
     <span class='ocr_line' id='line_1_54' title="bbox 220 5402 1405 5468; baseline -0.006 -9"><span class='ocrx_word' id='word_1_455' title='bbox 220 5404 355 5459; x_wconf 54' lang='lat' dir='ltr'><strong>alii</strong></span> <span class='ocrx_word' id='word_1_456' title='bbox 372 5440 389 5466; x_wconf 87' lang='lat'><strong>,</strong></span> <span class='ocrx_word' id='word_1_457' title='bbox 411 5402 620 5459; x_wconf 62' lang='lat' dir='ltr'><strong>natalia.</strong></span> <span class='ocrx_word' id='word_1_458' title='bbox 639 5404 941 5468; x_wconf 55' lang='lat' dir='ltr'><strong>mangonum</strong></span> <span class='ocrx_word' id='word_1_459' title='bbox 963 5416 1029 5453; x_wconf 69' lang='lat' dir='ltr'><strong>ex</strong></span> <span class='ocrx_word' id='word_1_460' title='bbox 1050 5404 1405 5468; x_wconf 70' lang='lat' dir='ltr'><strong>manseriptis.</strong></span> 
     </span>
    </p>
   </div>
   <div class='ocr_carea' id='block_1_55' title="bbox 169 5465 1711 5530">
    <p class='ocr_par' dir='ltr' id='par_1_55' title="bbox 169 5465 1711 5530">
     <span class='ocr_line' id='line_1_55' title="bbox 169 5465 1711 5530; baseline 0.002 -13"><span class='ocrx_word' id='word_1_461' title='bbox 169 5468 201 5530; x_wconf 55' lang='grc' dir='ltr'><strong>ξ</strong></span> <span class='ocrx_word' id='word_1_462' title='bbox 221 5469 303 5517; x_wconf 77' lang='lat' dir='ltr'><strong>sic</strong></span> <span class='ocrx_word' id='word_1_463' title='bbox 326 5478 502 5530; x_wconf 77' lang='lat' dir='ltr'><strong>omnes</strong></span> <span class='ocrx_word' id='word_1_464' title='bbox 526 5465 855 5530; x_wconf 67' lang='lat' dir='ltr'><strong>manuscripti,</strong></span> <span class='ocrx_word' id='word_1_465' title='bbox 881 5474 937 5517; x_wconf 78' lang='lat' dir='ltr'><strong>At</strong></span> <span class='ocrx_word' id='word_1_466' title='bbox 954 5467 1185 5530; x_wconf 82' lang='lat' dir='ltr'><strong>vignierii</strong></span> <span class='ocrx_word' id='word_1_467' title='bbox 1219 5465 1385 5530; x_wconf 81' lang='lat' dir='ltr'><strong>editio,</strong></span> <span class='ocrx_word' id='word_1_468' title='bbox 1410 5470 1463 5516; x_wconf 85' lang='lat' dir='ltr'><strong>ut</strong></span> <span class='ocrx_word' id='word_1_469' title='bbox 1485 5465 1633 5530; x_wconf 80' lang='lat' dir='ltr'><strong>possit</strong></span> <span class='ocrx_word' id='word_1_470' title='bbox 1664 5473 1711 5520; x_wconf 85' lang='lat' dir='ltr'><strong>et</strong></span> 
     </span>
    </p>
   </div>
   <div class='ocr_carea' id='block_1_56' title="bbox 103 5526 1709 5592">
    <p class='ocr_par' dir='ltr' id='par_1_56' title="bbox 103 5526 1709 5592">
     <span class='ocr_line' id='line_1_56' title="bbox 103 5526 1709 5592; baseline -0.001 -13"><span class='ocrx_word' id='word_1_471' title='bbox 103 5527 232 5579; x_wconf 73' lang='lat' dir='ltr'><strong>nolle</strong></span> <span class='ocrx_word' id='word_1_472' title='bbox 255 5535 308 5578; x_wconf 84' lang='lat' dir='ltr'><strong>et</strong></span> <span class='ocrx_word' id='word_1_473' title='bbox 332 5526 470 5587; x_wconf 75' lang='lat' dir='ltr'><strong>velte,</strong></span> <span class='ocrx_word' id='word_1_474' title='bbox 494 5532 542 5592; x_wconf 71' lang='lat' dir='ltr'><strong>et</strong></span> <span class='ocrx_word' id='word_1_475' title='bbox 563 5526 804 5592; x_wconf 70' lang='lat' dir='ltr'><strong>quodlibet</strong></span> <span class='ocrx_word' id='word_1_476' title='bbox 828 5526 1228 5592; x_wconf 13' lang='lat' dir='ltr'><strong>Aliorum&#39;rhabetur</strong></span> <span class='ocrx_word' id='word_1_477' title='bbox 1262 5526 1311 5578; x_wconf 83' lang='lat' dir='ltr'><strong>in</strong></span> <span class='ocrx_word' id='word_1_478' title='bbox 1349 5526 1595 5592; x_wconf 76' lang='lat' dir='ltr'><strong>potestate.</strong></span> <span class='ocrx_word' id='word_1_479' title='bbox 1620 5538 1709 5579; x_wconf 82' lang='lat' dir='ltr'><strong>Lo-</strong></span> 
     </span>
    </p>
   </div>
   <div class='ocr_carea' id='block_1_57' title="bbox 175 5590 1711 5654">
    <p class='ocr_par' dir='ltr' id='par_1_57' title="bbox 175 5590 1711 5654">
     <span class='ocr_line' id='line_1_57' title="bbox 175 5590 1711 5654; baseline 0 -13"><span class='ocrx_word' id='word_1_480' title='bbox 175 5594 279 5641; x_wconf 72' lang='lat' dir='ltr'><strong>imc</strong></span> <span class='ocrx_word' id='word_1_481' title='bbox 306 5590 607 5654; x_wconf 55' lang='lat' dir='ltr'><strong>Augustinus</strong></span> <span class='ocrx_word' id='word_1_482' title='bbox 624 5590 919 5654; x_wconf 78' lang='lat' dir='ltr'><strong>dehominis</strong></span> <span class='ocrx_word' id='word_1_483' title='bbox 956 5591 1111 5653; x_wconf 83' lang='lat' dir='ltr'><strong>primo</strong></span> <span class='ocrx_word' id='word_1_484' title='bbox 1135 5590 1358 5653; x_wconf 70' lang='lat' dir='ltr'><strong>peccato,</strong></span> <span class='ocrx_word' id='word_1_485' title='bbox 1386 5592 1515 5654; x_wconf 77' lang='lat' dir='ltr'><strong>quod</strong></span> <span class='ocrx_word' id='word_1_486' title='bbox 1538 5593 1602 5641; x_wconf 83' lang='lat' dir='ltr'><strong>ab</strong></span> <span class='ocrx_word' id='word_1_487' title='bbox 1625 5592 1711 5643; x_wconf 86' lang='lat' dir='ltr'><strong>illo</strong></span> 
     </span>
    </p>
   </div>
   <div class='ocr_carea' id='block_1_58' title="bbox 231 5652 1713 5717">
    <p class='ocr_par' dir='ltr' id='par_1_58' title="bbox 231 5652 1713 5717">
     <span class='ocr_line' id='line_1_58' title="bbox 231 5652 1713 5717; baseline 0 -13"><span class='ocrx_word' id='word_1_488' title='bbox 231 5662 256 5704; x_wconf 80' lang='grc' dir='ltr'><strong>ι</strong></span> <span class='ocrx_word' id='word_1_489' title='bbox 276 5652 599 5717; x_wconf 62' lang='lat' dir='ltr'><strong>commissum</strong></span> <span class='ocrx_word' id='word_1_490' title='bbox 618 5667 678 5703; x_wconf 87' lang='lat' dir='ltr'><strong>ea</strong></span> <span class='ocrx_word' id='word_1_491' title='bbox 702 5652 949 5713; x_wconf 79' lang='lat' dir='ltr'><strong>libertate,</strong></span> <span class='ocrx_word' id='word_1_492' title='bbox 974 5652 1149 5717; x_wconf 77' lang='lat' dir='ltr'><strong>quaet</strong></span> <span class='ocrx_word' id='word_1_493' title='bbox 1186 5666 1392 5717; x_wconf 78' lang='lat' dir='ltr'><strong>peccare</strong></span> <span class='ocrx_word' id='word_1_494' title='bbox 1406 5652 1547 5703; x_wconf 59' lang='lat' dir='ltr'><strong>&#39;nolle</strong></span> <span class='ocrx_word' id='word_1_495' title='bbox 1571 5662 1713 5717; x_wconf 82' lang='lat' dir='ltr'><strong>pote-</strong></span> 
     </span>
    </p>
   </div>
   <div class='ocr_carea' id='block_1_59' title="bbox 102 5710 1711 5780">
    <p class='ocr_par' dir='ltr' id='par_1_59' title="bbox 102 5710 1711 5780">
     <span class='ocr_line' id='line_1_59' title="bbox 102 5710 1711 5780; baseline 0.001 -15"><span class='ocrx_word' id='word_1_496' title='bbox 102 5724 195 5775; x_wconf 85' lang='lat' dir='ltr'><strong>rat,</strong></span> <span class='ocrx_word' id='word_1_497' title='bbox 225 5722 299 5780; x_wconf 19' lang='lat' dir='ltr'><strong>et,</strong></span> <span class='ocrx_word' id='word_1_498' title='bbox 331 5710 463 5765; x_wconf 84' lang='lat' dir='ltr'><strong>velle</strong></span> <span class='ocrx_word' id='word_1_499' title='bbox 481 5727 703 5780; x_wconf 64' lang='lat' dir='ltr'><strong>lieecare,</strong></span> <span class='ocrx_word' id='word_1_500' title='bbox 728 5726 821 5764; x_wconf 89' lang='lat' dir='ltr'><strong>nou</strong></span> <span class='ocrx_word' id='word_1_501' title='bbox 845 5710 1009 5780; x_wconf 68' lang='lat' dir='ltr'><strong>autem</strong></span> <span class='ocrx_word' id='word_1_502' title='bbox 1027 5714 1125 5764; x_wconf 86' lang='lat' dir='ltr'><strong>ulla</strong></span> <span class='ocrx_word' id='word_1_503' title='bbox 1150 5710 1230 5780; x_wconf 72' lang='lat' dir='ltr'><strong>ta&#39;_li</strong></span> <span class='ocrx_word' id='word_1_504' title='bbox 1251 5710 1711 5780; x_wconf 70' lang='lat' dir='ltr'><strong>necessitate,&#39;quali</strong></span> 
     </span>
    </p>
   </div>
   <div class='ocr_carea' id='block_1_60' title="bbox 100 5776 1463 5842">
    <p class='ocr_par' dir='ltr' id='par_1_60' title="bbox 100 5776 1463 5842">
     <span class='ocr_line' id='line_1_60' title="bbox 100 5776 1463 5842; baseline -0.001 -14"><span class='ocrx_word' id='word_1_505' title='bbox 100 5779 437 5842; x_wconf 61' lang='lat' dir='ltr'><strong>panem</strong></span> <span class='ocrx_word' id='word_1_506' title='bbox 560 5778 756 5829; x_wconf 60' lang='lat' dir='ltr'><strong>die“</strong></span> <span class='ocrx_word' id='word_1_507' title='bbox 772 5787 902 5842; x_wconf 48' lang='lat' dir='ltr'><strong>tam</strong></span> <span class='ocrx_word' id='word_1_508' title='bbox 921 5776 1054 5829; x_wconf 81' lang='lat' dir='ltr'><strong>enim</strong></span> <span class='ocrx_word' id='word_1_509' title='bbox 1074 5777 1203 5842; x_wconf 75' lang='lat' dir='ltr'><strong>quod</strong></span> <span class='ocrx_word' id='word_1_510' title='bbox 1225 5777 1347 5839; x_wconf 75' lang='lat' dir='ltr'><strong>volo,</strong></span> <span class='ocrx_word' id='word_1_511' title='bbox 1366 5784 1463 5827; x_wconf 84' lang='lat' dir='ltr'><strong>etc.</strong></span> 
     </span>
    </p>
   </div>
   <div class='ocr_carea' id='block_1_61' title="bbox 170 5838 969 5901">
    <p class='ocr_par' dir='ltr' id='par_1_61' title="bbox 170 5838 969 5901">
     <span class='ocr_line' id='line_1_61' title="bbox 170 5838 969 5901; baseline -0.001 -11"><span class='ocrx_word' id='word_1_512' title='bbox 170 5843 194 5874; x_wconf 87' lang='grc'><em>³</em></span> <span class='ocrx_word' id='word_1_513' title='bbox 229 5842 315 5890; x_wconf 80' lang='lat' dir='ltr'><strong>sic</strong></span> <span class='ocrx_word' id='word_1_514' title='bbox 336 5847 443 5891; x_wconf 70' lang='lat' dir='ltr'><strong>uss.</strong></span> <span class='ocrx_word' id='word_1_515' title='bbox 468 5838 588 5892; x_wconf 69' lang='lat' dir='ltr'><strong>Editi</strong></span> <span class='ocrx_word' id='word_1_516' title='bbox 607 5854 746 5901; x_wconf 90' lang='lat' dir='ltr'><strong>vero,</strong></span> <span class='ocrx_word' id='word_1_517' title='bbox 771 5838 969 5891; x_wconf 79' lang='lat' dir='ltr'><strong>dicitur.</strong></span> 
     </span>
    </p>
   </div>
   <div class='ocr_carea' id='block_1_62' title="bbox 166 5901 1715 5976">
    <p class='ocr_par' dir='ltr' id='par_1_62' title="bbox 166 5901 1715 5976">
     <span class='ocr_line' id='line_1_62' title="bbox 166 5901 1715 5976; baseline 0.003 -26"><span class='ocrx_word' id='word_1_518' title='bbox 166 5906 192 5935; x_wconf 75' lang='grc' dir='ltr'>δ</span> <span class='ocrx_word' id='word_1_519' title='bbox 226 5901 363 5976; x_wconf 67' lang='lat' dir='ltr'><strong>[aditi</strong></span> <span class='ocrx_word' id='word_1_520' title='bbox 401 5902 807 5966; x_wconf 66' lang='lat' dir='ltr'><strong>praetermittunt,</strong></span> <span class='ocrx_word' id='word_1_521' title='bbox 834 5902 1013 5956; x_wconf 67' lang='lat' dir='ltr'><strong>clausis</strong></span> <span class='ocrx_word' id='word_1_522' title='bbox 1039 5916 1057 5954; x_wconf 91' lang='lat'><strong><em>:</em></strong></span> <span class='ocrx_word' id='word_1_523' title='bbox 1088 5903 1179 5955; x_wconf 85' lang='lat' dir='ltr'><strong>sed</strong></span> <span class='ocrx_word' id='word_1_524' title='bbox 1202 5903 1384 5953; x_wconf 82' lang='lat' dir='ltr'><strong>habent</strong></span> <span class='ocrx_word' id='word_1_525' title='bbox 1430 5911 1592 5954; x_wconf 86' lang='lat' dir='ltr'><strong>tamen</strong></span> <span class='ocrx_word' id='word_1_526' title='bbox 1617 5918 1715 5955; x_wconf 86' lang='lat' dir='ltr'><strong>ma-</strong></span> 
     </span>
    </p>
   </div>
   <div class='ocr_carea' id='block_1_63' title="bbox 1329 387 1991 472">
    <p class='ocr_par' dir='ltr' id='par_1_63' title="bbox 1329 387 1991 472">
     <span class='ocr_line' id='line_1_63' title="bbox 1329 387 1991 472; baseline -0.005 -10"><span class='ocrx_word' id='word_1_527' title='bbox 1329 387 1339 400; x_wconf 84' lang='lat'><strong>’</strong></span> <span class='ocrx_word' id='word_1_528' title='bbox 1429 393 1639 467; x_wconf 76' lang='lat' dir='ltr'><strong>LIBER</strong></span> <span class='ocrx_word' id='word_1_529' title='bbox 1673 398 1991 472; x_wconf 75' lang='lat' dir='ltr'><strong>QUINTUS.</strong></span> 
     </span>
    </p>
   </div>
   <div class='ocr_carea' id='block_1_64' title="bbox 3226 399 3377 471">
    <p class='ocr_par' dir='ltr' id='par_1_64' title="bbox 3226 399 3377 471">
     <span class='ocr_line' id='line_1_64' title="bbox 3226 399 3377 471; baseline 0.007 -11"><span class='ocrx_word' id='word_1_530' title='bbox 3226 399 3377 471; x_wconf 67' lang='grc' dir='ltr'><strong>υ,Ὶᾶ</strong></span> 
     </span>
    </p>
   </div>
   <div class='ocr_carea' id='block_1_65' title="bbox 1775 517 3364 597">
    <p class='ocr_par' dir='ltr' id='par_1_65' title="bbox 1775 517 3364 597">
     <span class='ocr_line' id='line_1_65' title="bbox 1775 517 3364 597; baseline 0.002 -24"><span class='ocrx_word' id='word_1_531' title='bbox 1775 528 1876 584; x_wconf 90' lang='lat' dir='ltr'><strong>est,</strong></span> <span class='ocrx_word' id='word_1_532' title='bbox 1901 527 1955 574; x_wconf 90' lang='lat' dir='ltr'><strong>et</strong></span> <span class='ocrx_word' id='word_1_533' title='bbox 1975 518 2232 591; x_wconf 91' lang='lat' dir='ltr'><strong>originem</strong></span> <span class='ocrx_word' id='word_1_534' title='bbox 2255 532 2361 575; x_wconf 91' lang='lat' dir='ltr'><strong>non</strong></span> <span class='ocrx_word' id='word_1_535' title='bbox 2388 517 2569 583; x_wconf 88' lang='lat' dir='ltr'><strong>habet,</strong></span> <span class='ocrx_word' id='word_1_536' title='bbox 2592 530 2806 597; x_wconf 83' lang='lat' dir='ltr'><strong>semper</strong></span> <span class='ocrx_word' id='word_1_537' title='bbox 2834 518 2948 586; x_wconf 81' lang='lat' dir='ltr'><strong>fuit;</strong></span> <span class='ocrx_word' id='word_1_538' title='bbox 2978 520 3023 577; x_wconf 85' lang='lat' dir='ltr'><strong>si</strong></span> <span class='ocrx_word' id='word_1_539' title='bbox 3051 526 3227 577; x_wconf 86' lang='lat' dir='ltr'><strong>autem</strong></span> <span class='ocrx_word' id='word_1_540' title='bbox 3254 536 3364 577; x_wconf 66' lang='lat' dir='ltr'><strong>non</strong></span> 
     </span>
    </p>
   </div>
   <div class='ocr_carea' id='block_1_66' title="bbox 1773 610 3365 686">
    <p class='ocr_par' dir='ltr' id='par_1_66' title="bbox 1773 610 3365 686">
     <span class='ocr_line' id='line_1_66' title="bbox 1773 610 3365 686; baseline 0.002 -20"><span class='ocrx_word' id='word_1_541' title='bbox 1773 610 1869 666; x_wconf 79' lang='lat' dir='ltr'><strong>fuit</strong></span> <span class='ocrx_word' id='word_1_542' title='bbox 1890 654 1905 680; x_wconf 90' lang='lat'><strong>,</strong></span> <span class='ocrx_word' id='word_1_543' title='bbox 1933 621 1989 669; x_wconf 90' lang='lat' dir='ltr'><strong>et</strong></span> <span class='ocrx_word' id='word_1_544' title='bbox 2010 622 2123 677; x_wconf 88' lang='lat' dir='ltr'><strong>est,</strong></span> <span class='ocrx_word' id='word_1_545' title='bbox 2153 620 2329 667; x_wconf 89' lang='lat' dir='ltr'><strong>ortum</strong></span> <span class='ocrx_word' id='word_1_546' title='bbox 2354 621 2471 679; x_wconf 91' lang='lat' dir='ltr'><strong>est;</strong></span> <span class='ocrx_word' id='word_1_547' title='bbox 2498 612 2553 675; x_wconf 47' lang='lat' dir='ltr'><strong>si.</strong></span> <span class='ocrx_word' id='word_1_548' title='bbox 2569 622 2744 669; x_wconf 90' lang='lat' dir='ltr'><strong>ortum</strong></span> <span class='ocrx_word' id='word_1_549' title='bbox 2773 622 2874 677; x_wconf 88' lang='lat' dir='ltr'><strong>est,</strong></span> <span class='ocrx_word' id='word_1_550' title='bbox 2899 613 3059 670; x_wconf 89' lang='lat' dir='ltr'><strong>habet</strong></span> <span class='ocrx_word' id='word_1_551' title='bbox 3080 613 3365 686; x_wconf 88' lang='lat' dir='ltr'><strong>originem.</strong></span> 
     </span>
    </p>
   </div>
   <div class='ocr_carea' id='block_1_67' title="bbox 1774 702 3367 777">
    <p class='ocr_par' dir='ltr' id='par_1_67' title="bbox 1774 702 3367 777">
     <span class='ocr_line' id='line_1_67' title="bbox 1774 702 3367 777; baseline 0.002 -19"><span class='ocrx_word' id='word_1_552' title='bbox 1774 702 1846 758; x_wconf 87' lang='lat' dir='ltr'><strong>Et</strong></span> <span class='ocrx_word' id='word_1_553' title='bbox 1872 705 2113 760; x_wconf 82' lang='lat' dir='ltr'><strong>voluntas</strong></span> <span class='ocrx_word' id='word_1_554' title='bbox 2127 720 2256 777; x_wconf 92' lang='lat' dir='ltr'><strong>ergo</strong></span> <span class='ocrx_word' id='word_1_555' title='bbox 2286 703 2510 777; x_wconf 91' lang='lat' dir='ltr'><strong>peccati,</strong></span> <span class='ocrx_word' id='word_1_556' title='bbox 2537 719 2655 775; x_wconf 62' lang='lat' dir='ltr'><strong>quae</strong></span> <span class='ocrx_word' id='word_1_557' title='bbox 2678 702 2935 772; x_wconf 72' lang='lat' dir='ltr'><strong>nonfuit,</strong></span> <span class='ocrx_word' id='word_1_558' title='bbox 2967 713 3020 760; x_wconf 87' lang='lat' dir='ltr'><strong>et</strong></span> <span class='ocrx_word' id='word_1_559' title='bbox 3044 715 3144 772; x_wconf 89' lang='lat' dir='ltr'><strong>est,</strong></span> <span class='ocrx_word' id='word_1_560' title='bbox 3179 703 3367 775; x_wconf 83' lang='lat' dir='ltr'><strong>utique</strong></span> 
     </span>
    </p>
   </div>
   <div class='ocr_carea' id='block_1_68' title="bbox 1774 796 3371 868">
    <p class='ocr_par' dir='ltr' id='par_1_68' title="bbox 1774 796 3371 868">
     <span class='ocr_line' id='line_1_68' title="bbox 1774 796 3371 868; baseline 0 -17"><span class='ocrx_word' id='word_1_561' title='bbox 1774 804 1890 851; x_wconf 89' lang='lat' dir='ltr'><strong>orta</strong></span> <span class='ocrx_word' id='word_1_562' title='bbox 1914 804 1996 851; x_wconf 90' lang='lat' dir='ltr'><strong>est</strong></span> <span class='ocrx_word' id='word_1_563' title='bbox 2024 814 2037 851; x_wconf 89' lang='lat'><strong>:</strong></span> <span class='ocrx_word' id='word_1_564' title='bbox 2067 796 2112 852; x_wconf 93' lang='lat' dir='ltr'><strong>si</strong></span> <span class='ocrx_word' id='word_1_565' title='bbox 2144 797 2286 853; x_wconf 91' lang='lat' dir='ltr'><strong>enim</strong></span> <span class='ocrx_word' id='word_1_566' title='bbox 2314 804 2427 863; x_wconf 89' lang='lat' dir='ltr'><strong>est,</strong></span> <span class='ocrx_word' id='word_1_567' title='bbox 2455 806 2510 853; x_wconf 92' lang='lat' dir='ltr'><strong>et</strong></span> <span class='ocrx_word' id='word_1_568' title='bbox 2550 805 2663 852; x_wconf 88' lang='lat' dir='ltr'><strong>orta</strong></span> <span class='ocrx_word' id='word_1_569' title='bbox 2692 812 2796 851; x_wconf 93' lang='lat' dir='ltr'><strong>non</strong></span> <span class='ocrx_word' id='word_1_570' title='bbox 2828 804 2942 862; x_wconf 85' lang='lat' dir='ltr'><strong>est,</strong></span> <span class='ocrx_word' id='word_1_571' title='bbox 2975 811 3186 868; x_wconf 87' lang='lat' dir='ltr'><strong>semper</strong></span> <span class='ocrx_word' id='word_1_572' title='bbox 3225 797 3320 852; x_wconf 82' lang='lat' dir='ltr'><strong>fuit</strong></span> <span class='ocrx_word' id='word_1_573' title='bbox 3344 813 3371 865; x_wconf 87' lang='lat'><strong>;</strong></span> 
     </span>
    </p>
   </div>
   <div class='ocr_carea' id='block_1_69' title="bbox 1775 887 3366 961">
    <p class='ocr_par' dir='ltr' id='par_1_69' title="bbox 1775 887 3366 961">
     <span class='ocr_line' id='line_1_69' title="bbox 1775 887 3366 961; baseline 0 -18"><span class='ocrx_word' id='word_1_574' title='bbox 1775 888 1871 944; x_wconf 88' lang='lat' dir='ltr'><strong>sed</strong></span> <span class='ocrx_word' id='word_1_575' title='bbox 1915 903 2021 943; x_wconf 91' lang='lat' dir='ltr'><strong>non</strong></span> <span class='ocrx_word' id='word_1_576' title='bbox 2064 888 2161 943; x_wconf 78' lang='lat' dir='ltr'><strong>fuit</strong></span> <span class='ocrx_word' id='word_1_577' title='bbox 2189 904 2438 961; x_wconf 91' lang='lat' dir='ltr'><strong>semper;</strong></span> <span class='ocrx_word' id='word_1_578' title='bbox 2482 903 2611 961; x_wconf 89' lang='lat' dir='ltr'><strong>ergo</strong></span> <span class='ocrx_word' id='word_1_579' title='bbox 2653 896 2770 945; x_wconf 86' lang='lat' dir='ltr'><strong>orta</strong></span> <span class='ocrx_word' id='word_1_580' title='bbox 2807 894 2908 943; x_wconf 89' lang='lat' dir='ltr'><strong>est.</strong></span> <span class='ocrx_word' id='word_1_581' title='bbox 2936 887 3053 945; x_wconf 70' lang='lat' dir='ltr'><strong>J’am</strong></span> <span class='ocrx_word' id='word_1_582' title='bbox 3099 897 3153 944; x_wconf 92' lang='lat' dir='ltr'><strong>tu</strong></span> <span class='ocrx_word' id='word_1_583' title='bbox 3196 889 3366 945; x_wconf 84' lang='lat' dir='ltr'><strong>clama</strong></span> 
     </span>
    </p>
   </div>
   <div class='ocr_carea' id='block_1_70' title="bbox 1776 967 3369 1054">
    <p class='ocr_par' dir='ltr' id='par_1_70' title="bbox 1776 967 3369 1054">
     <span class='ocr_line' id='line_1_70' title="bbox 1776 967 3369 1054; baseline 0 -18"><span class='ocrx_word' id='word_1_584' title='bbox 1776 988 1961 1036; x_wconf 89' lang='lat' dir='ltr'><strong>contra</strong></span> <span class='ocrx_word' id='word_1_585' title='bbox 1991 980 2381 1054; x_wconf 89' lang='lat' dir='ltr'><strong>apertissimam</strong></span> <span class='ocrx_word' id='word_1_586' title='bbox 2410 981 2723 1047; x_wconf 85' lang='lat' dir='ltr'><strong>veritatem;</strong></span> <span class='ocrx_word' id='word_1_587' title='bbox 2750 981 2852 1037; x_wconf 88' lang='lat' dir='ltr'><strong>hoc</strong></span> <span class='ocrx_word' id='word_1_588' title='bbox 2876 967 3022 1038; x_wconf 78' lang='lat' dir='ltr'><strong>enim</strong></span> <span class='ocrx_word' id='word_1_589' title='bbox 3047 979 3204 1038; x_wconf 85' lang='lat' dir='ltr'><strong>decet</strong></span> <span class='ocrx_word' id='word_1_590' title='bbox 3225 990 3369 1036; x_wconf 92' lang='lat' dir='ltr'><strong>tuam</strong></span> 
     </span>
    </p>
   </div>
   <div class='ocr_carea' id='block_1_71' title="bbox 1776 1071 3370 1146">
    <p class='ocr_par' dir='ltr' id='par_1_71' title="bbox 1776 1071 3370 1146">
     <span class='ocr_line' id='line_1_71' title="bbox 1776 1071 3370 1146; baseline 0.002 -19"><span class='ocrx_word' id='word_1_591' title='bbox 1776 1087 1969 1127; x_wconf 88' lang='lat' dir='ltr'><strong>vanam</strong></span> <span class='ocrx_word' id='word_1_592' title='bbox 2003 1073 2379 1145; x_wconf 84' lang='lat' dir='ltr'><strong>loquacitatem</strong></span> <span class='ocrx_word' id='word_1_593' title='bbox 2415 1083 2511 1131; x_wconf 89' lang='lat' dir='ltr'><strong>:et</strong></span> <span class='ocrx_word' id='word_1_594' title='bbox 2538 1074 2659 1142; x_wconf 92' lang='lat' dir='ltr'><strong>die,</strong></span> <span class='ocrx_word' id='word_1_595' title='bbox 2689 1075 2819 1131; x_wconf 83' lang='lat' dir='ltr'><strong>Orta</strong></span> <span class='ocrx_word' id='word_1_596' title='bbox 2858 1083 2942 1131; x_wconf 91' lang='lat' dir='ltr'><strong>est</strong></span> <span class='ocrx_word' id='word_1_597' title='bbox 2981 1074 3230 1146; x_wconf 90' lang='lat' dir='ltr'><strong>quidem,</strong></span> <span class='ocrx_word' id='word_1_598' title='bbox 3275 1071 3370 1130; x_wconf 84' lang='lat' dir='ltr'><strong>sed</strong></span> 
     </span>
    </p>
   </div>
   <div class='ocr_carea' id='block_1_72' title="bbox 1778 1149 3373 1239">
    <p class='ocr_par' dir='ltr' id='par_1_72' title="bbox 1778 1149 3373 1239">
     <span class='ocr_line' id='line_1_72' title="bbox 1778 1149 3373 1239; baseline 0.002 -19"><span class='ocrx_word' id='word_1_599' title='bbox 1778 1149 2056 1236; x_wconf 27' lang='lat' dir='ltr'><strong>originem.</strong></span> <span class='ocrx_word' id='word_1_600' title='bbox 2082 1181 2187 1221; x_wconf 89' lang='lat' dir='ltr'><strong>non</strong></span> <span class='ocrx_word' id='word_1_601' title='bbox 2218 1164 2411 1230; x_wconf 89' lang='lat' dir='ltr'><strong>habet;</strong></span> <span class='ocrx_word' id='word_1_602' title='bbox 2443 1176 2563 1236; x_wconf 90' lang='lat' dir='ltr'><strong>aut,</strong></span> <span class='ocrx_word' id='word_1_603' title='bbox 2589 1166 2729 1239; x_wconf 90' lang='lat' dir='ltr'><strong>quod</strong></span> <span class='ocrx_word' id='word_1_604' title='bbox 2760 1174 2843 1222; x_wconf 89' lang='lat' dir='ltr'><strong>est</strong></span> <span class='ocrx_word' id='word_1_605' title='bbox 2867 1166 3141 1235; x_wconf 86' lang='lat' dir='ltr'><strong>insanius,</strong></span> <span class='ocrx_word' id='word_1_606' title='bbox 3171 1166 3240 1222; x_wconf 86' lang='lat' dir='ltr'><strong>Et</strong></span> <span class='ocrx_word' id='word_1_607' title='bbox 3266 1181 3373 1223; x_wconf 89' lang='lat' dir='ltr'><strong>non</strong></span> 
     </span>
    </p>
   </div>
   <div class='ocr_carea' id='block_1_73' title="bbox 1779 1257 3370 1327">
    <p class='ocr_par' dir='ltr' id='par_1_73' title="bbox 1779 1257 3370 1327">
     <span class='ocr_line' id='line_1_73' title="bbox 1779 1257 3370 1327; baseline 0.002 -14"><span class='ocrx_word' id='word_1_608' title='bbox 1779 1257 1877 1313; x_wconf 80' lang='lat' dir='ltr'><strong>fuit</strong></span> <span class='ocrx_word' id='word_1_609' title='bbox 1896 1302 1910 1327; x_wconf 91' lang='lat'><strong>,</strong></span> <span class='ocrx_word' id='word_1_610' title='bbox 1941 1268 1994 1314; x_wconf 91' lang='lat' dir='ltr'><strong>et</strong></span> <span class='ocrx_word' id='word_1_611' title='bbox 2020 1267 2133 1326; x_wconf 91' lang='lat' dir='ltr'><strong>est,</strong></span> <span class='ocrx_word' id='word_1_612' title='bbox 2160 1269 2214 1315; x_wconf 92' lang='lat' dir='ltr'><strong>et</strong></span> <span class='ocrx_word' id='word_1_613' title='bbox 2244 1269 2417 1317; x_wconf 88' lang='lat' dir='ltr'><strong>tamen</strong></span> <span class='ocrx_word' id='word_1_614' title='bbox 2446 1272 2561 1316; x_wconf 89' lang='lat' dir='ltr'><strong>orta</strong></span> <span class='ocrx_word' id='word_1_615' title='bbox 2599 1277 2705 1317; x_wconf 92' lang='lat' dir='ltr'><strong>non</strong></span> <span class='ocrx_word' id='word_1_616' title='bbox 2733 1270 2831 1317; x_wconf 90' lang='lat' dir='ltr'><strong>est.</strong></span> <span class='ocrx_word' id='word_1_617' title='bbox 2863 1259 3035 1317; x_wconf 90' lang='lat' dir='ltr'><strong>Porro</strong></span> <span class='ocrx_word' id='word_1_618' title='bbox 3063 1261 3107 1316; x_wconf 90' lang='lat' dir='ltr'><strong>si</strong></span> <span class='ocrx_word' id='word_1_619' title='bbox 3134 1261 3237 1317; x_wconf 91' lang='lat' dir='ltr'><strong>hoc</strong></span> <span class='ocrx_word' id='word_1_620' title='bbox 3263 1276 3370 1316; x_wconf 93' lang='lat' dir='ltr'><strong>non</strong></span> 
     </span>
    </p>
   </div>
   <div class='ocr_carea' id='block_1_74' title="bbox 1780 1348 3374 1424">
    <p class='ocr_par' dir='ltr' id='par_1_74' title="bbox 1780 1348 3374 1424">
     <span class='ocr_line' id='line_1_74' title="bbox 1780 1348 3374 1424; baseline 0.003 -21"><span class='ocrx_word' id='word_1_621' title='bbox 1780 1348 1944 1419; x_wconf 89' lang='lat' dir='ltr'><strong>dicis,</strong></span> <span class='ocrx_word' id='word_1_622' title='bbox 1994 1365 2061 1406; x_wconf 92' lang='lat' dir='ltr'><strong>ne</strong></span> <span class='ocrx_word' id='word_1_623' title='bbox 2103 1352 2487 1409; x_wconf 84' lang='lat' dir='ltr'><strong>insulsissimus</strong></span> <span class='ocrx_word' id='word_1_624' title='bbox 2527 1362 2581 1409; x_wconf 92' lang='lat' dir='ltr'><strong>et</strong></span> <span class='ocrx_word' id='word_1_625' title='bbox 2608 1354 2829 1409; x_wconf 90' lang='lat' dir='ltr'><strong>omnino</strong></span> <span class='ocrx_word' id='word_1_626' title='bbox 2857 1351 3037 1409; x_wconf 79' lang='lat' dir='ltr'><strong>fatuus</strong></span> <span class='ocrx_word' id='word_1_627' title='bbox 3075 1352 3374 1424; x_wconf 88' lang='lat' dir='ltr'><strong>judiceris;</strong></span> 
     </span>
    </p>
   </div>
   <div class='ocr_carea' id='block_1_75' title="bbox 1781 1444 3372 1519">
    <p class='ocr_par' dir='ltr' id='par_1_75' title="bbox 1781 1444 3372 1519">
     <span class='ocr_line' id='line_1_75' title="bbox 1781 1444 3372 1519; baseline 0.004 -24"><span class='ocrx_word' id='word_1_628' title='bbox 1781 1456 1961 1515; x_wconf 72' lang='lat' dir='ltr'><strong>quazre</strong></span> <span class='ocrx_word' id='word_1_629' title='bbox 2001 1444 2142 1502; x_wconf 90' lang='lat' dir='ltr'><strong>unde</strong></span> <span class='ocrx_word' id='word_1_630' title='bbox 2184 1454 2301 1501; x_wconf 92' lang='lat' dir='ltr'><strong>orta</strong></span> <span class='ocrx_word' id='word_1_631' title='bbox 2345 1447 2414 1502; x_wconf 90' lang='lat' dir='ltr'><strong>sit</strong></span> <span class='ocrx_word' id='word_1_632' title='bbox 2457 1447 2688 1503; x_wconf 88' lang='lat' dir='ltr'><strong>hominis</strong></span> <span class='ocrx_word' id='word_1_633' title='bbox 2730 1446 2974 1506; x_wconf 85' lang='lat' dir='ltr'><strong>voluntas</strong></span> <span class='ocrx_word' id='word_1_634' title='bbox 2999 1447 3170 1515; x_wconf 89' lang='lat' dir='ltr'><strong>mala,</strong></span> <span class='ocrx_word' id='word_1_635' title='bbox 3215 1462 3372 1519; x_wconf 90' lang='lat' dir='ltr'><strong>quam</strong></span> 
     </span>
    </p>
   </div>
   <div class='ocr_carea' id='block_1_76' title="bbox 1782 1539 3376 1619">
    <p class='ocr_par' dir='ltr' id='par_1_76' title="bbox 1782 1539 3376 1619">
     <span class='ocr_line' id='line_1_76' title="bbox 1782 1539 3376 1619; baseline 0.001 -27"><span class='ocrx_word' id='word_1_636' title='bbox 1782 1552 1980 1608; x_wconf 86' lang='lat' dir='ltr'><strong>negare</strong></span> <span class='ocrx_word' id='word_1_637' title='bbox 2006 1554 2112 1592; x_wconf 91' lang='lat' dir='ltr'><strong>non</strong></span> <span class='ocrx_word' id='word_1_638' title='bbox 2138 1546 2288 1619; x_wconf 87' lang='lat' dir='ltr'><strong>potes</strong></span> <span class='ocrx_word' id='word_1_639' title='bbox 2314 1546 2485 1594; x_wconf 88' lang='lat' dir='ltr'><strong>ortam</strong></span> <span class='ocrx_word' id='word_1_640' title='bbox 2528 1554 2675 1604; x_wconf 90' lang='lat' dir='ltr'><strong>esse,</strong></span> <span class='ocrx_word' id='word_1_641' title='bbox 2705 1539 2825 1613; x_wconf 89' lang='lat' dir='ltr'><strong>quia</strong></span> <span class='ocrx_word' id='word_1_642' title='bbox 2862 1553 3057 1617; x_wconf 84' lang='lat' dir='ltr'><strong>negare</strong></span> <span class='ocrx_word' id='word_1_643' title='bbox 3088 1553 3193 1601; x_wconf 88' lang='lat' dir='ltr'><strong>non</strong></span> <span class='ocrx_word' id='word_1_644' title='bbox 3225 1545 3376 1609; x_wconf 84' lang='lat' dir='ltr'><strong>potes</strong></span> 
     </span>
    </p>
   </div>
   <div class='ocr_carea' id='block_1_77' title="bbox 1782 1630 3380 1703">
    <p class='ocr_par' dir='ltr' id='par_1_77' title="bbox 1782 1630 3380 1703">
     <span class='ocr_line' id='line_1_77' title="bbox 1782 1630 3380 1703; baseline -0.001 -16"><span class='ocrx_word' id='word_1_645' title='bbox 1782 1647 1890 1687; x_wconf 89' lang='lat' dir='ltr'><strong>non</strong></span> <span class='ocrx_word' id='word_1_646' title='bbox 1931 1630 2095 1687; x_wconf 78' lang='lat' dir='ltr'><strong>fuisse</strong></span> <span class='ocrx_word' id='word_1_647' title='bbox 2136 1641 2191 1687; x_wconf 92' lang='lat' dir='ltr'><strong>et</strong></span> <span class='ocrx_word' id='word_1_648' title='bbox 2232 1646 2352 1689; x_wconf 90' lang='lat' dir='ltr'><strong>esse</strong></span> <span class='ocrx_word' id='word_1_649' title='bbox 2392 1632 2663 1703; x_wconf 88' lang='lat' dir='ltr'><strong>coepisse:</strong></span> <span class='ocrx_word' id='word_1_650' title='bbox 2695 1647 2906 1703; x_wconf 79' lang='lat' dir='ltr'><strong>quaere,</strong></span> <span class='ocrx_word' id='word_1_651' title='bbox 2956 1631 3207 1702; x_wconf 88' lang='lat' dir='ltr'><strong>inquam,</strong></span> <span class='ocrx_word' id='word_1_652' title='bbox 3240 1630 3380 1686; x_wconf 92' lang='lat' dir='ltr'><strong>unde</strong></span> 
     </span>
    </p>
   </div>
   <div class='ocr_carea' id='block_1_78' title="bbox 1785 1720 3381 1794">
    <p class='ocr_par' dir='ltr' id='par_1_78' title="bbox 1785 1720 3381 1794">
     <span class='ocr_line' id='line_1_78' title="bbox 1785 1720 3381 1794; baseline -0.001 -17"><span class='ocrx_word' id='word_1_653' title='bbox 1785 1730 1902 1777; x_wconf 91' lang='lat' dir='ltr'><strong>orta</strong></span> <span class='ocrx_word' id='word_1_654' title='bbox 1932 1722 2036 1790; x_wconf 90' lang='lat' dir='ltr'><strong>sit;</strong></span> <span class='ocrx_word' id='word_1_655' title='bbox 2061 1729 2118 1779; x_wconf 92' lang='lat' dir='ltr'><strong>et</strong></span> <span class='ocrx_word' id='word_1_656' title='bbox 2142 1722 2380 1779; x_wconf 91' lang='lat' dir='ltr'><strong>invenies</strong></span> <span class='ocrx_word' id='word_1_657' title='bbox 2410 1722 2585 1794; x_wconf 88' lang='lat' dir='ltr'><strong>ipsum</strong></span> <span class='ocrx_word' id='word_1_658' title='bbox 2624 1722 2894 1781; x_wconf 88' lang='lat' dir='ltr'><strong>hominem</strong></span> <span class='ocrx_word' id='word_1_659' title='bbox 2928 1739 2942 1775; x_wconf 89' lang='lat'><strong>:</strong></span> <span class='ocrx_word' id='word_1_660' title='bbox 2971 1737 3040 1778; x_wconf 82' lang='lat' dir='ltr'><strong>ex</strong></span> <span class='ocrx_word' id='word_1_661' title='bbox 3071 1720 3163 1777; x_wconf 90' lang='lat' dir='ltr'><strong>illo</strong></span> <span class='ocrx_word' id='word_1_662' title='bbox 3183 1721 3381 1793; x_wconf 90' lang='lat' dir='ltr'><strong>quippe</strong></span> 
     </span>
    </p>
   </div>
   <div class='ocr_carea' id='block_1_79' title="bbox 1784 1810 3378 1886">
    <p class='ocr_par' dir='ltr' id='par_1_79' title="bbox 1784 1810 3378 1886">
     <span class='ocr_line' id='line_1_79' title="bbox 1784 1810 3378 1886; baseline -0.001 -15"><span class='ocrx_word' id='word_1_663' title='bbox 1784 1823 1901 1871; x_wconf 87' lang='lat' dir='ltr'><strong>orta</strong></span> <span class='ocrx_word' id='word_1_664' title='bbox 1951 1824 2034 1871; x_wconf 90' lang='lat' dir='ltr'><strong>est</strong></span> <span class='ocrx_word' id='word_1_665' title='bbox 2080 1815 2327 1870; x_wconf 88' lang='lat' dir='ltr'><strong>voluntas</strong></span> <span class='ocrx_word' id='word_1_666' title='bbox 2371 1815 2510 1870; x_wconf 89' lang='lat' dir='ltr'><strong>mala</strong></span> <span class='ocrx_word' id='word_1_667' title='bbox 2534 1856 2550 1883; x_wconf 93' lang='lat'><strong>,</strong></span> <span class='ocrx_word' id='word_1_668' title='bbox 2589 1830 2717 1886; x_wconf 42' lang='lat' dir='ltr'><strong>qum,</strong></span> <span class='ocrx_word' id='word_1_669' title='bbox 2746 1814 2799 1869; x_wconf 94' lang='lat' dir='ltr'><strong>in</strong></span> <span class='ocrx_word' id='word_1_670' title='bbox 2829 1814 2918 1875; x_wconf 84' lang='lat' dir='ltr'><strong>illo</strong></span> <span class='ocrx_word' id='word_1_671' title='bbox 2957 1821 3081 1869; x_wconf 89' lang='lat' dir='ltr'><strong>ante</strong></span> <span class='ocrx_word' id='word_1_672' title='bbox 3109 1828 3216 1868; x_wconf 92' lang='lat' dir='ltr'><strong>non</strong></span> <span class='ocrx_word' id='word_1_673' title='bbox 3258 1810 3378 1869; x_wconf 83' lang='lat' dir='ltr'><strong>fuit.</strong></span> 
     </span>
    </p>
   </div>
   <div class='ocr_carea' id='block_1_80' title="bbox 1784 1906 3382 1980">
    <p class='ocr_par' dir='ltr' id='par_1_80' title="bbox 1784 1906 3382 1980">
     <span class='ocr_line' id='line_1_80' title="bbox 1784 1906 3382 1980; baseline 0.001 -19"><span class='ocrx_word' id='word_1_674' title='bbox 1784 1906 1977 1976; x_wconf 59' lang='lat' dir='ltr'><strong>Quane</strong></span> <span class='ocrx_word' id='word_1_675' title='bbox 2006 1908 2165 1962; x_wconf 89' lang='lat' dir='ltr'><strong>etiam</strong></span> <span class='ocrx_word' id='word_1_676' title='bbox 2196 1908 2371 1980; x_wconf 88' lang='lat' dir='ltr'><strong>qualis</strong></span> <span class='ocrx_word' id='word_1_677' title='bbox 2409 1917 2526 1965; x_wconf 90' lang='lat' dir='ltr'><strong>erat</strong></span> <span class='ocrx_word' id='word_1_678' title='bbox 2565 1906 2755 1975; x_wconf 89' lang='lat' dir='ltr'><strong>homo,</strong></span> <span class='ocrx_word' id='word_1_679' title='bbox 2802 1916 3087 1980; x_wconf 86' lang='lat' dir='ltr'><strong>antequam</strong></span> <span class='ocrx_word' id='word_1_680' title='bbox 3135 1906 3382 1963; x_wconf 87' lang='lat' dir='ltr'><strong>voluntas</strong></span> 
     </span>
    </p>
   </div>
   <div class='ocr_carea' id='block_1_81' title="bbox 1785 1999 3379 2072">
    <p class='ocr_par' dir='ltr' id='par_1_81' title="bbox 1785 1999 3379 2072">
     <span class='ocr_line' id='line_1_81' title="bbox 1785 1999 3379 2072; baseline -0.001 -14"><span class='ocrx_word' id='word_1_681' title='bbox 1785 2003 1921 2058; x_wconf 87' lang='lat' dir='ltr'><strong>mala</strong></span> <span class='ocrx_word' id='word_1_682' title='bbox 1950 2002 2183 2058; x_wconf 88' lang='lat' dir='ltr'><strong>oriretur</strong></span> <span class='ocrx_word' id='word_1_683' title='bbox 2216 2018 2280 2059; x_wconf 83' lang='lat' dir='ltr'><strong>ex</strong></span> <span class='ocrx_word' id='word_1_684' title='bbox 2307 2001 2436 2068; x_wconf 91' lang='lat' dir='ltr'><strong>illo;</strong></span> <span class='ocrx_word' id='word_1_685' title='bbox 2468 2010 2522 2058; x_wconf 93' lang='lat' dir='ltr'><strong>et</strong></span> <span class='ocrx_word' id='word_1_686' title='bbox 2552 2001 2791 2058; x_wconf 87' lang='lat' dir='ltr'><strong>invenies</strong></span> <span class='ocrx_word' id='word_1_687' title='bbox 2820 2000 3018 2059; x_wconf 89' lang='lat' dir='ltr'><strong>bonum</strong></span> <span class='ocrx_word' id='word_1_688' title='bbox 3050 2019 3063 2056; x_wconf 90' lang='lat'><strong>:</strong></span> <span class='ocrx_word' id='word_1_689' title='bbox 3091 2016 3152 2059; x_wconf 84' lang='lat' dir='ltr'><strong>ea</strong></span> <span class='ocrx_word' id='word_1_690' title='bbox 3183 1999 3379 2072; x_wconf 87' lang='lat' dir='ltr'><strong>quippe</strong></span> 
     </span>
    </p>
   </div>
   <div class='ocr_carea' id='block_1_82' title="bbox 1785 2093 3382 2167">
    <p class='ocr_par' dir='ltr' id='par_1_82' title="bbox 1785 2093 3382 2167">
     <span class='ocr_line' id='line_1_82' title="bbox 1785 2093 3382 2167; baseline 0.001 -19"><span class='ocrx_word' id='word_1_691' title='bbox 1785 2095 2060 2150; x_wconf 87' lang='lat' dir='ltr'><strong>voluntate</strong></span> <span class='ocrx_word' id='word_1_692' title='bbox 2081 2094 2251 2150; x_wconf 81' lang='lat' dir='ltr'><strong>factus</strong></span> <span class='ocrx_word' id='word_1_693' title='bbox 2271 2103 2351 2149; x_wconf 91' lang='lat' dir='ltr'><strong>est</strong></span> <span class='ocrx_word' id='word_1_694' title='bbox 2378 2093 2569 2162; x_wconf 90' lang='lat' dir='ltr'><strong>malus,</strong></span> <span class='ocrx_word' id='word_1_695' title='bbox 2593 2109 2712 2167; x_wconf 81' lang='lat' dir='ltr'><strong>quae</strong></span> <span class='ocrx_word' id='word_1_696' title='bbox 2741 2102 3025 2165; x_wconf 85' lang='lat' dir='ltr'><strong>antequam</strong></span> <span class='ocrx_word' id='word_1_697' title='bbox 3057 2093 3288 2153; x_wconf 86' lang='lat' dir='ltr'><strong>oriretur</strong></span> <span class='ocrx_word' id='word_1_698' title='bbox 3312 2109 3382 2149; x_wconf 77' lang='lat' dir='ltr'><strong>ex</strong></span> 
     </span>
    </p>
   </div>
   <div class='ocr_carea' id='block_1_83' title="bbox 1788 2185 3385 2258">
    <p class='ocr_par' dir='ltr' id='par_1_83' title="bbox 1788 2185 3385 2258">
     <span class='ocr_line' id='line_1_83' title="bbox 1788 2185 3385 2258; baseline -0.001 -16"><span class='ocrx_word' id='word_1_699' title='bbox 1788 2186 1902 2255; x_wconf 88' lang='lat' dir='ltr'><strong>illo,</strong></span> <span class='ocrx_word' id='word_1_700' title='bbox 1932 2187 2049 2242; x_wconf 89' lang='lat' dir='ltr'><strong>talis</strong></span> <span class='ocrx_word' id='word_1_701' title='bbox 2077 2197 2220 2252; x_wconf 85' lang='lat' dir='ltr'><strong>erat,</strong></span> <span class='ocrx_word' id='word_1_702' title='bbox 2251 2187 2423 2258; x_wconf 88' lang='lat' dir='ltr'><strong>qualis</strong></span> <span class='ocrx_word' id='word_1_703' title='bbox 2450 2203 2479 2241; x_wconf 90' lang='lat' dir='ltr'><strong>a</strong></span> <span class='ocrx_word' id='word_1_704' title='bbox 2508 2187 2650 2242; x_wconf 91' lang='lat' dir='ltr'><strong>bono</strong></span> <span class='ocrx_word' id='word_1_705' title='bbox 2680 2185 2850 2243; x_wconf 82' lang='lat' dir='ltr'><strong>factus</strong></span> <span class='ocrx_word' id='word_1_706' title='bbox 2878 2193 3025 2255; x_wconf 86' lang='lat' dir='ltr'><strong>erat,</strong></span> <span class='ocrx_word' id='word_1_707' title='bbox 3058 2185 3112 2242; x_wconf 91' lang='lat' dir='ltr'><strong>id</strong></span> <span class='ocrx_word' id='word_1_708' title='bbox 3137 2195 3259 2255; x_wconf 88' lang='lat' dir='ltr'><strong>est,</strong></span> <span class='ocrx_word' id='word_1_709' title='bbox 3289 2185 3385 2242; x_wconf 83' lang='lat' dir='ltr'><strong>bo-</strong></span> 
     </span>
    </p>
   </div>
   <div class='ocr_carea' id='block_1_84' title="bbox 1788 2278 3382 2351">
    <p class='ocr_par' dir='ltr' id='par_1_84' title="bbox 1788 2278 3382 2351">
     <span class='ocr_line' id='line_1_84' title="bbox 1788 2278 3382 2351; baseline -0.001 -16"><span class='ocrx_word' id='word_1_710' title='bbox 1788 2295 1910 2335; x_wconf 90' lang='lat' dir='ltr'><strong>nus.</strong></span> <span class='ocrx_word' id='word_1_711' title='bbox 1944 2279 2055 2335; x_wconf 80' lang='lat' dir='ltr'><strong>Hoc</strong></span> <span class='ocrx_word' id='word_1_712' title='bbox 2100 2288 2184 2336; x_wconf 89' lang='lat' dir='ltr'><strong>est</strong></span> <span class='ocrx_word' id='word_1_713' title='bbox 2233 2279 2392 2350; x_wconf 88' lang='lat' dir='ltr'><strong>igitur</strong></span> <span class='ocrx_word' id='word_1_714' title='bbox 2434 2279 2577 2351; x_wconf 88' lang='lat' dir='ltr'><strong>quod</strong></span> <span class='ocrx_word' id='word_1_715' title='bbox 2621 2280 2696 2333; x_wconf 90' lang='lat' dir='ltr'><strong>ait</strong></span> <span class='ocrx_word' id='word_1_716' title='bbox 2745 2293 2896 2334; x_wconf 90' lang='lat' dir='ltr'><strong>meus</strong></span> <span class='ocrx_word' id='word_1_717' title='bbox 2925 2278 3113 2334; x_wconf 87' lang='lat' dir='ltr'><strong>doctor</strong></span> <span class='ocrx_word' id='word_1_718' title='bbox 3156 2288 3382 2350; x_wconf 89' lang='lat' dir='ltr'><strong>tuusque</strong></span> 
     </span>
    </p>
   </div>
   <div class='ocr_carea' id='block_1_85' title="bbox 1789 2367 3384 2444">
    <p class='ocr_par' dir='ltr' id='par_1_85' title="bbox 1789 2367 3384 2444">
     <span class='ocr_line' id='line_1_85' title="bbox 1789 2367 3384 2444; baseline -0.002 -16"><span class='ocrx_word' id='word_1_719' title='bbox 1789 2370 2091 2429; x_wconf 83' lang='lat' dir='ltr'><strong>destructor</strong></span> <span class='ocrx_word' id='word_1_720' title='bbox 2115 2371 2431 2427; x_wconf 85' lang='lat' dir='ltr'><strong>Ambrosius</strong></span> <span class='ocrx_word' id='word_1_721' title='bbox 2456 2390 2470 2427; x_wconf 90' lang='lat'><strong>:</strong></span> <span class='ocrx_word' id='word_1_722' title='bbox 2494 2370 2576 2426; x_wconf 77' lang='lat' dir='ltr'><strong>Ea:</strong></span> <span class='ocrx_word' id='word_1_723' title='bbox 2616 2372 2758 2427; x_wconf 80' lang='lat' dir='ltr'><strong>bonis</strong></span> <span class='ocrx_word' id='word_1_724' title='bbox 2783 2372 2940 2444; x_wconf 80' lang='lat' dir='ltr'><strong>igitur</strong></span> <span class='ocrx_word' id='word_1_725' title='bbox 2963 2370 3103 2426; x_wconf 85' lang='lat' dir='ltr'><strong>mala</strong></span> <span class='ocrx_word' id='word_1_726' title='bbox 3131 2380 3242 2426; x_wconf 83' lang='lat' dir='ltr'><strong>orta</strong></span> <span class='ocrx_word' id='word_1_727' title='bbox 3266 2367 3384 2425; x_wconf 80' lang='lat' dir='ltr'><strong>sunt</strong></span> 
     </span>
    </p>
   </div>
   <div class='ocr_carea' id='block_1_86' title="bbox 1791 2461 3383 2535">
    <p class='ocr_par' dir='ltr' id='par_1_86' title="bbox 1791 2461 3383 2535">
     <span class='ocr_line' id='line_1_86' title="bbox 1791 2461 3383 2535; baseline -0.002 -16"><span class='ocrx_word' id='word_1_728' title='bbox 1791 2462 1929 2535; x_wconf 82' lang='lat' dir='ltr'><strong>(Lib.</strong></span> <span class='ocrx_word' id='word_1_729' title='bbox 1962 2464 2025 2518; x_wconf 85' lang='lat' dir='ltr'><strong>de</strong></span> <span class='ocrx_word' id='word_1_730' title='bbox 2054 2461 2208 2519; x_wconf 82' lang='lat' dir='ltr'><strong>Isaac</strong></span> <span class='ocrx_word' id='word_1_731' title='bbox 2234 2472 2279 2517; x_wconf 82' lang='lat' dir='ltr'><strong>et</strong></span> <span class='ocrx_word' id='word_1_732' title='bbox 2308 2462 2522 2530; x_wconf 81' lang='lat' dir='ltr'><strong>Anima,</strong></span> <span class='ocrx_word' id='word_1_733' title='bbox 2551 2480 2666 2532; x_wconf 85' lang='lat' dir='ltr'><strong>cap.</strong></span> <span class='ocrx_word' id='word_1_734' title='bbox 2697 2461 2773 2533; x_wconf 88' lang='lat'><strong>7).</strong></span> <span class='ocrx_word' id='word_1_735' title='bbox 2810 2462 2963 2531; x_wconf 85' lang='lat' dir='ltr'><strong>Quod</strong></span> <span class='ocrx_word' id='word_1_736' title='bbox 3008 2471 3064 2518; x_wconf 92' lang='lat' dir='ltr'><strong>tu</strong></span> <span class='ocrx_word' id='word_1_737' title='bbox 3100 2461 3343 2534; x_wconf 89' lang='lat' dir='ltr'><strong>negando</strong></span> <span class='ocrx_word' id='word_1_738' title='bbox 3366 2504 3383 2531; x_wconf 89' lang='lat'><strong>,</strong></span> 
     </span>
    </p>
   </div>
   <div class='ocr_carea' id='block_1_87' title="bbox 1791 2552 3383 2623">
    <p class='ocr_par' dir='ltr' id='par_1_87' title="bbox 1791 2552 3383 2623">
     <span class='ocr_line' id='line_1_87' title="bbox 1791 2552 3383 2623; baseline -0.003 -13"><span class='ocrx_word' id='word_1_739' title='bbox 1791 2564 1844 2610; x_wconf 86' lang='lat' dir='ltr'><strong>et</strong></span> <span class='ocrx_word' id='word_1_740' title='bbox 1870 2554 2117 2622; x_wconf 88' lang='lat' dir='ltr'><strong>dicendo,</strong></span> <span class='ocrx_word' id='word_1_741' title='bbox 2152 2554 2340 2611; x_wconf 74' lang='lat' dir='ltr'><strong>Rerum</strong></span> <span class='ocrx_word' id='word_1_742' title='bbox 2360 2554 2489 2608; x_wconf 85' lang='lat' dir='ltr'><strong>ratio</strong></span> <span class='ocrx_word' id='word_1_743' title='bbox 2516 2570 2617 2608; x_wconf 86' lang='lat' dir='ltr'><strong>non</strong></span> <span class='ocrx_word' id='word_1_744' title='bbox 2644 2554 2800 2621; x_wconf 87' lang='lat' dir='ltr'><strong>sinit,</strong></span> <span class='ocrx_word' id='word_1_745' title='bbox 2826 2563 2881 2607; x_wconf 88' lang='lat' dir='ltr'><strong>ut</strong></span> <span class='ocrx_word' id='word_1_746' title='bbox 2909 2554 2970 2607; x_wconf 88' lang='lat' dir='ltr'><strong>de</strong></span> <span class='ocrx_word' id='word_1_747' title='bbox 3001 2554 3130 2609; x_wconf 84' lang='lat' dir='ltr'><strong>bono</strong></span> <span class='ocrx_word' id='word_1_748' title='bbox 3157 2552 3349 2608; x_wconf 80' lang='lat' dir='ltr'><strong>malum</strong></span> <span class='ocrx_word' id='word_1_749' title='bbox 3367 2595 3383 2623; x_wconf 83' lang='lat'><strong>,</strong></span> 
     </span>
    </p>
   </div>
   <div class='ocr_carea' id='block_1_88' title="bbox 1790 2643 3390 2718">
    <p class='ocr_par' dir='ltr' id='par_1_88' title="bbox 1790 2643 3390 2718">
     <span class='ocr_line' id='line_1_88' title="bbox 1790 2643 3390 2718; baseline 0.001 -17"><span class='ocrx_word' id='word_1_750' title='bbox 1790 2655 1837 2701; x_wconf 77' lang='lat' dir='ltr'><strong>et</strong></span> <span class='ocrx_word' id='word_1_751' title='bbox 1863 2646 1926 2701; x_wconf 84' lang='lat' dir='ltr'><strong>de</strong></span> <span class='ocrx_word' id='word_1_752' title='bbox 1936 2646 2077 2717; x_wconf 82' lang='lat' dir='ltr'><strong>justo</strong></span> <span class='ocrx_word' id='word_1_753' title='bbox 2102 2646 2348 2718; x_wconf 74' lang='lat' dir='ltr'><strong>iniustum</strong></span> <span class='ocrx_word' id='word_1_754' title='bbox 2373 2645 2567 2718; x_wconf 81' lang='lat' dir='ltr'><strong>aliquid</strong></span> <span class='ocrx_word' id='word_1_755' title='bbox 2590 2649 2913 2718; x_wconf 75' lang='lat' dir='ltr'><strong>proferatur;</strong></span> <span class='ocrx_word' id='word_1_756' title='bbox 2940 2651 3143 2701; x_wconf 90' lang='lat' dir='ltr'><strong>tantum</strong></span> <span class='ocrx_word' id='word_1_757' title='bbox 3169 2643 3390 2716; x_wconf 83' lang='lat' dir='ltr'><strong>adjuvas</strong></span> 
     </span>
    </p>
   </div>
   <div class='ocr_carea' id='block_1_89' title="bbox 1790 2735 3388 2808">
    <p class='ocr_par' dir='ltr' id='par_1_89' title="bbox 1790 2735 3388 2808">
     <span class='ocr_line' id='line_1_89' title="bbox 1790 2735 3388 2808; baseline -0.003 -15"><span class='ocrx_word' id='word_1_758' title='bbox 1790 2737 2111 2793; x_wconf 69' lang='lat' dir='ltr'><strong>Manichmos</strong></span> <span class='ocrx_word' id='word_1_759' title='bbox 2140 2737 2205 2793; x_wconf 90' lang='lat' dir='ltr'><strong>ad</strong></span> <span class='ocrx_word' id='word_1_760' title='bbox 2244 2736 2684 2793; x_wconf 87' lang='lat' dir='ltr'><strong>introducendam</strong></span> <span class='ocrx_word' id='word_1_761' title='bbox 2715 2747 2960 2792; x_wconf 89' lang='lat' dir='ltr'><strong>naturam</strong></span> <span class='ocrx_word' id='word_1_762' title='bbox 2996 2737 3155 2803; x_wconf 88' lang='lat' dir='ltr'><strong>mali,</strong></span> <span class='ocrx_word' id='word_1_763' title='bbox 3194 2735 3259 2791; x_wconf 89' lang='lat' dir='ltr'><strong>de</strong></span> <span class='ocrx_word' id='word_1_764' title='bbox 3285 2752 3388 2808; x_wconf 87' lang='lat' dir='ltr'><strong>qua</strong></span> 
     </span>
    </p>
   </div>
   <div class='ocr_carea' id='block_1_90' title="bbox 1792 2824 3391 2902">
    <p class='ocr_par' dir='ltr' id='par_1_90' title="bbox 1792 2824 3391 2902">
     <span class='ocr_line' id='line_1_90' title="bbox 1792 2824 3391 2902; baseline -0.003 -16"><span class='ocrx_word' id='word_1_765' title='bbox 1792 2829 1971 2886; x_wconf 90' lang='lat' dir='ltr'><strong>dicunt</strong></span> <span class='ocrx_word' id='word_1_766' title='bbox 2000 2830 2128 2886; x_wconf 91' lang='lat' dir='ltr'><strong>oriri</strong></span> <span class='ocrx_word' id='word_1_767' title='bbox 2156 2830 2292 2884; x_wconf 84' lang='lat' dir='ltr'><strong>mala</strong></span> <span class='ocrx_word' id='word_1_768' title='bbox 2314 2871 2328 2895; x_wconf 92' lang='lat'><strong>,</strong></span> <span class='ocrx_word' id='word_1_769' title='bbox 2353 2839 2411 2885; x_wconf 94' lang='lat' dir='ltr'><strong>ut</strong></span> <span class='ocrx_word' id='word_1_770' title='bbox 2441 2838 2491 2885; x_wconf 92' lang='lat' dir='ltr'><strong>te</strong></span> <span class='ocrx_word' id='word_1_771' title='bbox 2525 2824 2807 2901; x_wconf 78' lang='lat' dir='ltr'><strong>patronum</strong></span> <span class='ocrx_word' id='word_1_772' title='bbox 2838 2829 2919 2885; x_wconf 89' lang='lat' dir='ltr'><strong>sui</strong></span> <span class='ocrx_word' id='word_1_773' title='bbox 2944 2829 3276 2902; x_wconf 87' lang='lat' dir='ltr'><strong>gratulentur</strong></span> <span class='ocrx_word' id='word_1_774' title='bbox 3300 2844 3391 2883; x_wconf 88' lang='lat' dir='ltr'><strong>er-</strong></span> 
     </span>
    </p>
   </div>
   <div class='ocr_carea' id='block_1_91' title="bbox 1792 2918 3392 3001">
    <p class='ocr_par' dir='ltr' id='par_1_91' title="bbox 1792 2918 3392 3001">
     <span class='ocr_line' id='line_1_91' title="bbox 1792 2918 3392 3001; baseline -0.004 -21"><span class='ocrx_word' id='word_1_775' title='bbox 1792 2923 1933 2980; x_wconf 83' lang='lat' dir='ltr'><strong>roris</strong></span> <span class='ocrx_word' id='word_1_776' title='bbox 1955 2966 1970 2991; x_wconf 93' lang='lat'><strong>,</strong></span> <span class='ocrx_word' id='word_1_777' title='bbox 2003 2923 2106 2979; x_wconf 89' lang='lat' dir='ltr'><strong>nisi</strong></span> <span class='ocrx_word' id='word_1_778' title='bbox 2146 2938 2267 2979; x_wconf 91' lang='lat' dir='ltr'><strong>cum</strong></span> <span class='ocrx_word' id='word_1_779' title='bbox 2300 2923 2381 2978; x_wconf 91' lang='lat' dir='ltr'><strong>eis</strong></span> <span class='ocrx_word' id='word_1_780' title='bbox 2409 2930 2464 2979; x_wconf 90' lang='lat' dir='ltr'><strong>et</strong></span> <span class='ocrx_word' id='word_1_781' title='bbox 2505 2923 2619 3001; x_wconf 83' lang='lat' dir='ltr'><strong>ipse</strong></span> <span class='ocrx_word' id='word_1_782' title='bbox 2643 2922 2895 2978; x_wconf 88' lang='lat' dir='ltr'><strong>vincaris.</strong></span> <span class='ocrx_word' id='word_1_783' title='bbox 2926 2920 3007 2976; x_wconf 84' lang='lat' dir='ltr'><strong>Tu</strong></span> <span class='ocrx_word' id='word_1_784' title='bbox 3046 2936 3104 2976; x_wconf 89' lang='lat' dir='ltr'><strong>es</strong></span> <span class='ocrx_word' id='word_1_785' title='bbox 3129 2920 3269 2976; x_wconf 90' lang='lat' dir='ltr'><strong>enim</strong></span> <span class='ocrx_word' id='word_1_786' title='bbox 3300 2918 3392 2991; x_wconf 89' lang='lat' dir='ltr'><strong>qui</strong></span> 
     </span>
    </p>
   </div>
   <div class='ocr_carea' id='block_1_92' title="bbox 1794 3012 3397 3087">
    <p class='ocr_par' dir='ltr' id='par_1_92' title="bbox 1794 3012 3397 3087">
     <span class='ocr_line' id='line_1_92' title="bbox 1794 3012 3397 3087; baseline -0.004 -14"><span class='ocrx_word' id='word_1_787' title='bbox 1794 3016 2023 3073; x_wconf 89' lang='lat' dir='ltr'><strong>mirabili</strong></span> <span class='ocrx_word' id='word_1_788' title='bbox 2055 3017 2389 3087; x_wconf 89' lang='lat' dir='ltr'><strong>eloquentia,</strong></span> <span class='ocrx_word' id='word_1_789' title='bbox 2424 3017 2507 3071; x_wconf 90' lang='lat' dir='ltr'><strong>vel</strong></span> <span class='ocrx_word' id='word_1_790' title='bbox 2553 3015 2729 3087; x_wconf 89' lang='lat' dir='ltr'><strong>potius</strong></span> <span class='ocrx_word' id='word_1_791' title='bbox 2771 3015 3003 3071; x_wconf 89' lang='lat' dir='ltr'><strong>amentia</strong></span> <span class='ocrx_word' id='word_1_792' title='bbox 3042 3015 3120 3070; x_wconf 88' lang='lat' dir='ltr'><strong>sic</strong></span> <span class='ocrx_word' id='word_1_793' title='bbox 3148 3012 3397 3081; x_wconf 57' lang='lat' dir='ltr'><strong>defendi;</strong></span> 
     </span>
    </p>
   </div>
   <div class='ocr_carea' id='block_1_93' title="bbox 1795 3104 3390 3180">
    <p class='ocr_par' dir='ltr' id='par_1_93' title="bbox 1795 3104 3390 3180">
     <span class='ocr_line' id='line_1_93' title="bbox 1795 3104 3390 3180; baseline 0.001 -18"><span class='ocrx_word' id='word_1_794' title='bbox 1795 3109 2075 3180; x_wconf 87' lang='lat' dir='ltr'><strong>parvulos,</strong></span> <span class='ocrx_word' id='word_1_795' title='bbox 2100 3116 2209 3163; x_wconf 91' lang='lat' dir='ltr'><strong>uta</strong></span> <span class='ocrx_word' id='word_1_796' title='bbox 2248 3108 2524 3164; x_wconf 86' lang='lat' dir='ltr'><strong>Salvatore</strong></span> <span class='ocrx_word' id='word_1_797' title='bbox 2549 3104 2799 3179; x_wconf 63' lang='lat' dir='ltr'><strong>separes;</strong></span> <span class='ocrx_word' id='word_1_798' title='bbox 2846 3110 2923 3167; x_wconf 88' lang='lat' dir='ltr'><strong>sic</strong></span> <span class='ocrx_word' id='word_1_799' title='bbox 2964 3122 3239 3179; x_wconf 88' lang='lat' dir='ltr'><strong>oppugnas</strong></span> <span class='ocrx_word' id='word_1_800' title='bbox 3277 3107 3390 3163; x_wconf 82' lang='lat' dir='ltr'><strong>Ma-</strong></span> 
     </span>
    </p>
   </div>
   <div class='ocr_carea' id='block_1_94' title="bbox 1797 3184 3143 3270">
    <p class='ocr_par' dir='ltr' id='par_1_94' title="bbox 1797 3184 3143 3270">
     <span class='ocr_line' id='line_1_94' title="bbox 1797 3184 3143 3270; baseline -0.001 -12"><span class='ocrx_word' id='word_1_801' title='bbox 1797 3203 2053 3270; x_wconf 83' lang='lat' dir='ltr'><strong>nichacus,</strong></span> <span class='ocrx_word' id='word_1_802' title='bbox 2084 3211 2142 3258; x_wconf 91' lang='lat' dir='ltr'><strong>ut</strong></span> <span class='ocrx_word' id='word_1_803' title='bbox 2166 3210 2350 3258; x_wconf 88' lang='lat' dir='ltr'><strong>contra</strong></span> <span class='ocrx_word' id='word_1_804' title='bbox 2378 3202 2711 3260; x_wconf 88' lang='lat' dir='ltr'><strong>Salvatorem</strong></span> <span class='ocrx_word' id='word_1_805' title='bbox 2738 3201 3002 3259; x_wconf 90' lang='lat' dir='ltr'><strong>subleves.</strong></span> <span class='ocrx_word' id='word_1_806' title='bbox 3138 3184 3143 3189; x_wconf 45' lang='grc'><strong>’</strong></span> 
     </span>
    </p>
   </div>
   <div class='ocr_carea' id='block_1_95' title="bbox 1867 3292 3390 3365">
    <p class='ocr_par' dir='ltr' id='par_1_95' title="bbox 1867 3292 3390 3365">
     <span class='ocr_line' id='line_1_95' title="bbox 1867 3292 3390 3365; baseline 0.001 -15"><span class='ocrx_word' id='word_1_807' title='bbox 1867 3293 2028 3351; x_wconf 77' lang='lat' dir='ltr'><strong>XLII.</strong></span> <span class='ocrx_word' id='word_1_808' title='bbox 2058 3292 2175 3350; x_wconf 72' lang='lat' dir='ltr'><strong>Jun.</strong></span> <span class='ocrx_word' id='word_1_809' title='bbox 2200 3294 2333 3349; x_wconf 90' lang='lat' dir='ltr'><strong>Cum</strong></span> <span class='ocrx_word' id='word_1_810' title='bbox 2383 3310 2510 3365; x_wconf 88' lang='lat' dir='ltr'><strong>ergo</strong></span> <span class='ocrx_word' id='word_1_811' title='bbox 2546 3294 2686 3350; x_wconf 91' lang='lat' dir='ltr'><strong>bene</strong></span> <span class='ocrx_word' id='word_1_812' title='bbox 2726 3294 2941 3349; x_wconf 76' lang='lat' dir='ltr'><strong>definita</strong></span> <span class='ocrx_word' id='word_1_813' title='bbox 2990 3293 3061 3349; x_wconf 89' lang='lat' dir='ltr'><strong>sit</strong></span> <span class='ocrx_word' id='word_1_814' title='bbox 3105 3294 3349 3351; x_wconf 90' lang='lat' dir='ltr'><strong>voluntas</strong></span> <span class='ocrx_word' id='word_1_815' title='bbox 3373 3337 3390 3365; x_wconf 92' lang='lat'><strong>,</strong></span> 
     </span>
    </p>
   </div>
   <div class='ocr_carea' id='block_1_96' title="bbox 1797 3380 3393 3465">
    <p class='ocr_par' dir='ltr' id='par_1_96' title="bbox 1797 3380 3393 3465">
     <span class='ocr_line' id='line_1_96' title="bbox 1797 3380 3393 3465; baseline -0.001 -24"><span class='ocrx_word' id='word_1_816' title='bbox 1797 3380 1971 3441; x_wconf 76' lang='lat' dir='ltr'><strong>Motus</strong></span> <span class='ocrx_word' id='word_1_817' title='bbox 2011 3385 2208 3451; x_wconf 86' lang='lat' dir='ltr'><strong>animi,</strong></span> <span class='ocrx_word' id='word_1_818' title='bbox 2256 3395 2481 3457; x_wconf 90' lang='lat' dir='ltr'><strong>cogente</strong></span> <span class='ocrx_word' id='word_1_819' title='bbox 2510 3385 2677 3453; x_wconf 89' lang='lat' dir='ltr'><strong>nullo;</strong></span> <span class='ocrx_word' id='word_1_820' title='bbox 2728 3383 2854 3457; x_wconf 90' lang='lat' dir='ltr'><strong>quid</strong></span> <span class='ocrx_word' id='word_1_821' title='bbox 2903 3385 3098 3456; x_wconf 60' lang='lat' dir='ltr'><strong>quavis</strong></span> <span class='ocrx_word' id='word_1_822' title='bbox 3146 3386 3393 3465; x_wconf 86' lang='lat' dir='ltr'><strong>superius</strong></span> 
     </span>
    </p>
   </div>
   <div class='ocr_carea' id='block_1_97' title="bbox 1798 3476 3394 3550">
    <p class='ocr_par' dir='ltr' id='par_1_97' title="bbox 1798 3476 3394 3550">
     <span class='ocr_line' id='line_1_97' title="bbox 1798 3476 3394 3550; baseline 0 -15"><span class='ocrx_word' id='word_1_823' title='bbox 1798 3492 1988 3535; x_wconf 87' lang='lat' dir='ltr'><strong>causas</strong></span> <span class='ocrx_word' id='word_1_824' title='bbox 2008 3520 2023 3545; x_wconf 93' lang='lat'><strong>,</strong></span> <span class='ocrx_word' id='word_1_825' title='bbox 2046 3493 2179 3549; x_wconf 85' lang='lat' dir='ltr'><strong>quas</strong></span> <span class='ocrx_word' id='word_1_826' title='bbox 2205 3476 2443 3534; x_wconf 79' lang='lat' dir='ltr'><strong>definitio</strong></span> <span class='ocrx_word' id='word_1_827' title='bbox 2471 3478 2765 3537; x_wconf 87' lang='lat' dir='ltr'><strong>voluntatis</strong></span> <span class='ocrx_word' id='word_1_828' title='bbox 2791 3479 3055 3535; x_wconf 80' lang='lat' dir='ltr'><strong>exclusit?</strong></span> <span class='ocrx_word' id='word_1_829' title='bbox 3095 3476 3394 3550; x_wconf 82' lang='lat' dir='ltr'><strong>Expendite</strong></span> 
     </span>
    </p>
   </div>
   <div class='ocr_carea' id='block_1_98' title="bbox 1798 3570 3394 3644">
    <p class='ocr_par' dir='ltr' id='par_1_98' title="bbox 1798 3570 3394 3644">
     <span class='ocr_line' id='line_1_98' title="bbox 1798 3570 3394 3644; baseline 0.003 -20"><span class='ocrx_word' id='word_1_830' title='bbox 1798 3571 1959 3642; x_wconf 82' lang='lat' dir='ltr'><strong>igitur</strong></span> <span class='ocrx_word' id='word_1_831' title='bbox 1982 3570 2107 3642; x_wconf 91' lang='lat' dir='ltr'><strong>quid</strong></span> <span class='ocrx_word' id='word_1_832' title='bbox 2135 3570 2205 3627; x_wconf 91' lang='lat' dir='ltr'><strong>sit</strong></span> <span class='ocrx_word' id='word_1_833' title='bbox 2248 3570 2494 3626; x_wconf 91' lang='lat' dir='ltr'><strong>voluntas</strong></span> <span class='ocrx_word' id='word_1_834' title='bbox 2518 3613 2531 3635; x_wconf 86' lang='lat'><strong>,</strong></span> <span class='ocrx_word' id='word_1_835' title='bbox 2564 3580 2618 3627; x_wconf 92' lang='lat' dir='ltr'><strong>et</strong></span> <span class='ocrx_word' id='word_1_836' title='bbox 2657 3570 2913 3629; x_wconf 89' lang='lat' dir='ltr'><strong>desinetis</strong></span> <span class='ocrx_word' id='word_1_837' title='bbox 2941 3571 3215 3644; x_wconf 88' lang='lat' dir='ltr'><strong>inquirere</strong></span> <span class='ocrx_word' id='word_1_838' title='bbox 3252 3572 3394 3629; x_wconf 89' lang='lat' dir='ltr'><strong>unde</strong></span> 
     </span>
    </p>
   </div>
   <div class='ocr_carea' id='block_1_99' title="bbox 1798 3662 3395 3738">
    <p class='ocr_par' dir='ltr' id='par_1_99' title="bbox 1798 3662 3395 3738">
     <span class='ocr_line' id='line_1_99' title="bbox 1798 3662 3395 3738; baseline 0.002 -18"><span class='ocrx_word' id='word_1_839' title='bbox 1798 3664 1871 3720; x_wconf 86' lang='lat' dir='ltr'><strong>sit</strong></span> <span class='ocrx_word' id='word_1_840' title='bbox 1897 3663 2163 3725; x_wconf 86' lang='lat' dir='ltr'><strong>voluntas.</strong></span> <span class='ocrx_word' id='word_1_841' title='bbox 2199 3662 2457 3720; x_wconf 80' lang='lat' dir='ltr'><strong>Voluntas</strong></span> <span class='ocrx_word' id='word_1_842' title='bbox 2483 3672 2567 3720; x_wconf 90' lang='lat' dir='ltr'><strong>est</strong></span> <span class='ocrx_word' id='word_1_843' title='bbox 2590 3664 2733 3720; x_wconf 91' lang='lat' dir='ltr'><strong>enim</strong></span> <span class='ocrx_word' id='word_1_844' title='bbox 2757 3673 2932 3720; x_wconf 91' lang='lat' dir='ltr'><strong>motus</strong></span> <span class='ocrx_word' id='word_1_845' title='bbox 2956 3665 3143 3734; x_wconf 89' lang='lat' dir='ltr'><strong>animi,</strong></span> <span class='ocrx_word' id='word_1_846' title='bbox 3168 3675 3395 3738; x_wconf 90' lang='lat' dir='ltr'><strong>cogente</strong></span> 
     </span>
    </p>
   </div>
   <div class='ocr_carea' id='block_1_100' title="bbox 1799 3756 3398 3830">
    <p class='ocr_par' dir='ltr' id='par_1_100' title="bbox 1799 3756 3398 3830">
     <span class='ocr_line' id='line_1_100' title="bbox 1799 3756 3398 3830; baseline -0.001 -17"><span class='ocrx_word' id='word_1_847' title='bbox 1799 3757 1946 3813; x_wconf 88' lang='lat' dir='ltr'><strong>nullo</strong></span> <span class='ocrx_word' id='word_1_848' title='bbox 1972 3775 1986 3811; x_wconf 94' lang='lat'>:</span> <span class='ocrx_word' id='word_1_849' title='bbox 2015 3772 2111 3813; x_wconf 92' lang='lat' dir='ltr'><strong>vos</strong></span> <span class='ocrx_word' id='word_1_850' title='bbox 2141 3757 2183 3813; x_wconf 94' lang='lat' dir='ltr'><strong>si</strong></span> <span class='ocrx_word' id='word_1_851' title='bbox 2215 3758 2430 3813; x_wconf 88' lang='lat' dir='ltr'><strong>tentetis</strong></span> <span class='ocrx_word' id='word_1_852' title='bbox 2456 3759 2536 3817; x_wconf 88' lang='lat' dir='ltr'><strong>ire</strong></span> <span class='ocrx_word' id='word_1_853' title='bbox 2558 3756 2779 3813; x_wconf 88' lang='lat' dir='ltr'><strong>dimidio</strong></span> <span class='ocrx_word' id='word_1_854' title='bbox 2805 3773 2978 3829; x_wconf 90' lang='lat' dir='ltr'><strong>ungue</strong></span> <span class='ocrx_word' id='word_1_855' title='bbox 3000 3760 3266 3830; x_wconf 86' lang='lat' dir='ltr'><strong>superius,</strong></span> <span class='ocrx_word' id='word_1_856' title='bbox 3290 3767 3398 3813; x_wconf 89' lang='lat' dir='ltr'><strong>sta-</strong></span> 
     </span>
    </p>
   </div>
   <div class='ocr_carea' id='block_1_101' title="bbox 1800 3848 3398 3931">
    <p class='ocr_par' dir='ltr' id='par_1_101' title="bbox 1800 3848 3398 3931">
     <span class='ocr_line' id='line_1_101' title="bbox 1800 3848 3398 3931; baseline 0.001 -27"><span class='ocrx_word' id='word_1_857' title='bbox 1800 3851 1894 3904; x_wconf 90' lang='lat' dir='ltr'><strong>tim</strong></span> <span class='ocrx_word' id='word_1_858' title='bbox 1917 3850 2201 3906; x_wconf 89' lang='lat' dir='ltr'><strong>constituta</strong></span> <span class='ocrx_word' id='word_1_859' title='bbox 2232 3849 2549 3913; x_wconf 86' lang='lat' dir='ltr'><strong>convellitis.</strong></span> <span class='ocrx_word' id='word_1_860' title='bbox 2572 3849 2717 3919; x_wconf 54' lang='lat' dir='ltr'><strong>Quid,</strong></span> <span class='ocrx_word' id='word_1_861' title='bbox 2730 3865 2856 3931; x_wconf 79' lang='lat' dir='ltr'><strong>ergo</strong></span> <span class='ocrx_word' id='word_1_862' title='bbox 2876 3848 3004 3906; x_wconf 90' lang='lat' dir='ltr'><strong>dicit</strong></span> <span class='ocrx_word' id='word_1_863' title='bbox 3030 3848 3398 3913; x_wconf 79' lang='lat' dir='ltr'><strong>Manichaeus?</strong></span> 
     </span>
    </p>
   </div>
   <div class='ocr_carea' id='block_1_102' title="bbox 1802 3942 3394 4016">
    <p class='ocr_par' dir='ltr' id='par_1_102' title="bbox 1802 3942 3394 4016">
     <span class='ocr_line' id='line_1_102' title="bbox 1802 3942 3394 4016; baseline 0 -16"><span class='ocrx_word' id='word_1_864' title='bbox 1802 3942 1911 4000; x_wconf 90' lang='lat' dir='ltr'><strong>Sed</strong></span> <span class='ocrx_word' id='word_1_865' title='bbox 1940 3945 2040 3999; x_wconf 88' lang='lat' dir='ltr'><strong>iste</strong></span> <span class='ocrx_word' id='word_1_866' title='bbox 2065 3951 2241 3998; x_wconf 93' lang='lat' dir='ltr'><strong>motus</strong></span> <span class='ocrx_word' id='word_1_867' title='bbox 2266 3943 2388 3999; x_wconf 84' lang='lat' dir='ltr'><strong>ideo</strong></span> <span class='ocrx_word' id='word_1_868' title='bbox 2416 3951 2639 3999; x_wconf 79' lang='lat' dir='ltr'><strong>exortus</strong></span> <span class='ocrx_word' id='word_1_869' title='bbox 2666 3953 2786 4013; x_wconf 91' lang='lat' dir='ltr'><strong>est,</strong></span> <span class='ocrx_word' id='word_1_870' title='bbox 2809 3945 2932 4016; x_wconf 86' lang='lat' dir='ltr'><strong>quia</strong></span> <span class='ocrx_word' id='word_1_871' title='bbox 2959 3944 3027 4001; x_wconf 93' lang='lat' dir='ltr'><strong>de</strong></span> <span class='ocrx_word' id='word_1_872' title='bbox 3052 3945 3394 4002; x_wconf 78' lang='lat' dir='ltr'><strong>tenebrarum</strong></span> 
     </span>
    </p>
   </div>
   <div class='ocr_carea' id='block_1_103' title="bbox 1803 4034 3398 4111">
    <p class='ocr_par' dir='ltr' id='par_1_103' title="bbox 1803 4034 3398 4111">
     <span class='ocr_line' id='line_1_103' title="bbox 1803 4034 3398 4111; baseline 0 -20"><span class='ocrx_word' id='word_1_873' title='bbox 1803 4046 1990 4091; x_wconf 88' lang='lat' dir='ltr'><strong>natura</strong></span> <span class='ocrx_word' id='word_1_874' title='bbox 2018 4035 2181 4090; x_wconf 90' lang='lat' dir='ltr'><strong>homo</strong></span> <span class='ocrx_word' id='word_1_875' title='bbox 2206 4034 2375 4091; x_wconf 78' lang='lat' dir='ltr'><strong>factus</strong></span> <span class='ocrx_word' id='word_1_876' title='bbox 2399 4044 2498 4091; x_wconf 87' lang='lat' dir='ltr'><strong>est.</strong></span> <span class='ocrx_word' id='word_1_877' title='bbox 2529 4034 2666 4111; x_wconf 87' lang='lat' dir='ltr'><strong>Quid</strong></span> <span class='ocrx_word' id='word_1_878' title='bbox 2694 4035 2782 4091; x_wconf 79' lang='lat' dir='ltr'><strong>tu?</strong></span> <span class='ocrx_word' id='word_1_879' title='bbox 2807 4035 2927 4109; x_wconf 88' lang='lat' dir='ltr'><strong>quia</strong></span> <span class='ocrx_word' id='word_1_880' title='bbox 2949 4078 2965 4105; x_wconf 87' lang='lat'><strong>,</strong></span> <span class='ocrx_word' id='word_1_881' title='bbox 2992 4035 3188 4109; x_wconf 86' lang='lat' dir='ltr'><strong>inquis,</strong></span> <span class='ocrx_word' id='word_1_882' title='bbox 3219 4036 3287 4093; x_wconf 91' lang='lat' dir='ltr'><strong>de</strong></span> <span class='ocrx_word' id='word_1_883' title='bbox 3312 4037 3398 4092; x_wconf 85' lang='lat' dir='ltr'><strong>ni-</strong></span> 
     </span>
    </p>
   </div>
   <div class='ocr_carea' id='block_1_104' title="bbox 1804 4126 3400 4207">
    <p class='ocr_par' dir='ltr' id='par_1_104' title="bbox 1804 4126 3400 4207">
     <span class='ocr_line' id='line_1_104' title="bbox 1804 4126 3400 4207; baseline 0.002 -23"><span class='ocrx_word' id='word_1_884' title='bbox 1804 4126 1915 4184; x_wconf 89' lang='lat' dir='ltr'><strong>hilo</strong></span> <span class='ocrx_word' id='word_1_885' title='bbox 1941 4127 2110 4184; x_wconf 80' lang='lat' dir='ltr'><strong>factus</strong></span> <span class='ocrx_word' id='word_1_886' title='bbox 2138 4136 2222 4184; x_wconf 90' lang='lat' dir='ltr'><strong>est</strong></span> <span class='ocrx_word' id='word_1_887' title='bbox 2248 4126 2428 4183; x_wconf 89' lang='lat' dir='ltr'><strong>homo.</strong></span> <span class='ocrx_word' id='word_1_888' title='bbox 2474 4127 2622 4184; x_wconf 88' lang='lat' dir='ltr'><strong>Unus</strong></span> <span class='ocrx_word' id='word_1_889' title='bbox 2647 4143 2774 4207; x_wconf 81' lang='lat' dir='ltr'><strong>ergo</strong></span> <span class='ocrx_word' id='word_1_890' title='bbox 2798 4127 2961 4198; x_wconf 90' lang='lat' dir='ltr'><strong>dicit,</strong></span> <span class='ocrx_word' id='word_1_891' title='bbox 2999 4127 3125 4186; x_wconf 83' lang='lat' dir='ltr'><strong>Ideo</strong></span> <span class='ocrx_word' id='word_1_892' title='bbox 3154 4129 3400 4189; x_wconf 82' lang='lat' dir='ltr'><strong>voluntas</strong></span> 
     </span>
    </p>
   </div>
   <div class='ocr_carea' id='block_1_105' title="bbox 1804 4220 3398 4294">
    <p class='ocr_par' dir='ltr' id='par_1_105' title="bbox 1804 4220 3398 4294">
     <span class='ocr_line' id='line_1_105' title="bbox 1804 4220 3398 4294; baseline -0.001 -14"><span class='ocrx_word' id='word_1_893' title='bbox 1804 4224 1963 4289; x_wconf 91' lang='lat' dir='ltr'><strong>mala,</strong></span> <span class='ocrx_word' id='word_1_894' title='bbox 1990 4223 2113 4294; x_wconf 89' lang='lat' dir='ltr'><strong>quia</strong></span> <span class='ocrx_word' id='word_1_895' title='bbox 2140 4223 2206 4278; x_wconf 90' lang='lat' dir='ltr'><strong>de</strong></span> <span class='ocrx_word' id='word_1_896' title='bbox 2228 4221 2393 4278; x_wconf 84' lang='lat' dir='ltr'><strong>nihilo</strong></span> <span class='ocrx_word' id='word_1_897' title='bbox 2414 4220 2584 4279; x_wconf 85' lang='lat' dir='ltr'><strong>factus</strong></span> <span class='ocrx_word' id='word_1_898' title='bbox 2605 4231 2688 4278; x_wconf 90' lang='lat' dir='ltr'><strong>est</strong></span> <span class='ocrx_word' id='word_1_899' title='bbox 2713 4220 2877 4285; x_wconf 83' lang='lat' dir='ltr'><strong>homo</strong></span> <span class='ocrx_word' id='word_1_900' title='bbox 2904 4241 2917 4277; x_wconf 91' lang='lat'><strong>:</strong></span> <span class='ocrx_word' id='word_1_901' title='bbox 2950 4222 3087 4280; x_wconf 88' lang='lat' dir='ltr'><strong>alter</strong></span> <span class='ocrx_word' id='word_1_902' title='bbox 3106 4265 3122 4293; x_wconf 92' lang='lat'><strong>,</strong></span> <span class='ocrx_word' id='word_1_903' title='bbox 3157 4221 3279 4279; x_wconf 91' lang='lat' dir='ltr'><strong>Ideo</strong></span> <span class='ocrx_word' id='word_1_904' title='bbox 3303 4238 3398 4279; x_wconf 88' lang='lat' dir='ltr'><strong>vo-</strong></span> 
     </span>
    </p>
   </div>
   <div class='ocr_carea' id='block_1_106' title="bbox 1804 4312 3400 4389">
    <p class='ocr_par' dir='ltr' id='par_1_106' title="bbox 1804 4312 3400 4389">
     <span class='ocr_line' id='line_1_106' title="bbox 1804 4312 3400 4389; baseline 0 -17"><span class='ocrx_word' id='word_1_905' title='bbox 1804 4312 1983 4372; x_wconf 88' lang='lat' dir='ltr'><strong>luntas</strong></span> <span class='ocrx_word' id='word_1_906' title='bbox 2024 4316 2163 4371; x_wconf 89' lang='lat' dir='ltr'><strong>mala</strong></span> <span class='ocrx_word' id='word_1_907' title='bbox 2212 4315 2265 4370; x_wconf 91' lang='lat' dir='ltr'><strong>in</strong></span> <span class='ocrx_word' id='word_1_908' title='bbox 2307 4315 2555 4383; x_wconf 90' lang='lat' dir='ltr'><strong>homine,</strong></span> <span class='ocrx_word' id='word_1_909' title='bbox 2587 4316 2707 4389; x_wconf 89' lang='lat' dir='ltr'><strong>quia</strong></span> <span class='ocrx_word' id='word_1_910' title='bbox 2737 4314 2804 4372; x_wconf 90' lang='lat' dir='ltr'><strong>de</strong></span> <span class='ocrx_word' id='word_1_911' title='bbox 2846 4316 3080 4379; x_wconf 84' lang='lat' dir='ltr'><strong>tenebris</strong></span> <span class='ocrx_word' id='word_1_912' title='bbox 3122 4316 3290 4373; x_wconf 83' lang='lat' dir='ltr'><strong>factus</strong></span> <span class='ocrx_word' id='word_1_913' title='bbox 3317 4324 3400 4374; x_wconf 90' lang='lat' dir='ltr'><strong>est</strong></span> 
     </span>
    </p>
   </div>
   <div class='ocr_carea' id='block_1_107' title="bbox 1806 4407 3400 4481">
    <p class='ocr_par' dir='ltr' id='par_1_107' title="bbox 1806 4407 3400 4481">
     <span class='ocr_line' id='line_1_107' title="bbox 1806 4407 3400 4481; baseline 0.003 -16"><span class='ocrx_word' id='word_1_914' title='bbox 1806 4409 1987 4465; x_wconf 88' lang='lat' dir='ltr'><strong>homo.</strong></span> <span class='ocrx_word' id='word_1_915' title='bbox 2016 4407 2240 4481; x_wconf 87' lang='lat' dir='ltr'><strong>Utrique</strong></span> <span class='ocrx_word' id='word_1_916' title='bbox 2265 4423 2392 4480; x_wconf 85' lang='lat' dir='ltr'><strong>ergo</strong></span> <span class='ocrx_word' id='word_1_917' title='bbox 2429 4407 2558 4463; x_wconf 93' lang='lat' dir='ltr'><strong>illud</strong></span> <span class='ocrx_word' id='word_1_918' title='bbox 2582 4409 2869 4465; x_wconf 88' lang='lat' dir='ltr'><strong>voluntatis</strong></span> <span class='ocrx_word' id='word_1_919' title='bbox 2893 4408 3273 4480; x_wconf 88' lang='lat' dir='ltr'><strong>suppletorium</strong></span> <span class='ocrx_word' id='word_1_920' title='bbox 3303 4408 3400 4469; x_wconf 82' lang='lat' dir='ltr'><strong>de-</strong></span> 
     </span>
    </p>
   </div>
   <div class='ocr_carea' id='block_1_108' title="bbox 1808 4490 3397 4574">
    <p class='ocr_par' dir='ltr' id='par_1_108' title="bbox 1808 4490 3397 4574">
     <span class='ocr_line' id='line_1_108' title="bbox 1808 4490 3397 4574; baseline -0.001 -16"><span class='ocrx_word' id='word_1_921' title='bbox 1808 4503 2045 4574; x_wconf 87' lang='lat' dir='ltr'><strong>negatis,</strong></span> <span class='ocrx_word' id='word_1_922' title='bbox 2082 4501 2132 4556; x_wconf 92' lang='lat' dir='ltr'><strong>id</strong></span> <span class='ocrx_word' id='word_1_923' title='bbox 2159 4512 2261 4571; x_wconf 91' lang='lat' dir='ltr'><strong>est,</strong></span> <span class='ocrx_word' id='word_1_924' title='bbox 2292 4510 2513 4573; x_wconf 85' lang='lat' dir='ltr'><strong>cogente</strong></span> <span class='ocrx_word' id='word_1_925' title='bbox 2538 4501 2703 4556; x_wconf 91' lang='lat' dir='ltr'><strong>nullo.</strong></span> <span class='ocrx_word' id='word_1_926' title='bbox 2734 4490 2799 4561; x_wconf 53' lang='lat' dir='ltr'><strong>Si~</strong></span> <span class='ocrx_word' id='word_1_927' title='bbox 2817 4501 2960 4561; x_wconf 90' lang='lat' dir='ltr'><strong>enim</strong></span> <span class='ocrx_word' id='word_1_928' title='bbox 2990 4509 3131 4555; x_wconf 89' lang='lat' dir='ltr'><strong>tanta</strong></span> <span class='ocrx_word' id='word_1_929' title='bbox 3158 4500 3255 4556; x_wconf 91' lang='lat' dir='ltr'><strong>l&#39;uit</strong></span> <span class='ocrx_word' id='word_1_930' title='bbox 3283 4500 3397 4557; x_wconf 90' lang='lat' dir='ltr'><strong>vir-</strong></span> 
     </span>
    </p>
   </div>
   <div class='ocr_carea' id='block_1_109' title="bbox 1807 4594 3399 4666">
    <p class='ocr_par' dir='ltr' id='par_1_109' title="bbox 1807 4594 3399 4666">
     <span class='ocr_line' id='line_1_109' title="bbox 1807 4594 3399 4666; baseline 0.001 -16"><span class='ocrx_word' id='word_1_931' title='bbox 1807 4604 1893 4651; x_wconf 89' lang='lat' dir='ltr'><strong>tus</strong></span> <span class='ocrx_word' id='word_1_932' title='bbox 1921 4595 1973 4650; x_wconf 93' lang='lat' dir='ltr'><strong>in</strong></span> <span class='ocrx_word' id='word_1_933' title='bbox 2000 4595 2198 4662; x_wconf 89' lang='lat' dir='ltr'><strong>nihilo,</strong></span> <span class='ocrx_word' id='word_1_934' title='bbox 2238 4603 2431 4666; x_wconf 90' lang='lat' dir='ltr'><strong>quanta</strong></span> <span class='ocrx_word' id='word_1_935' title='bbox 2461 4595 2512 4649; x_wconf 93' lang='lat' dir='ltr'><strong>in</strong></span> <span class='ocrx_word' id='word_1_936' title='bbox 2543 4595 2758 4665; x_wconf 91' lang='lat' dir='ltr'><strong>aliquo;</strong></span> <span class='ocrx_word' id='word_1_937' title='bbox 2789 4611 2906 4665; x_wconf 81' lang='lat' dir='ltr'><strong>quac</strong></span> <span class='ocrx_word' id='word_1_938' title='bbox 2935 4595 3111 4666; x_wconf 86' lang='lat' dir='ltr'><strong>coegit</strong></span> <span class='ocrx_word' id='word_1_939' title='bbox 3138 4594 3275 4651; x_wconf 90' lang='lat' dir='ltr'><strong>hanc</strong></span> <span class='ocrx_word' id='word_1_940' title='bbox 3299 4610 3399 4651; x_wconf 88' lang='lat' dir='ltr'><strong>vo-</strong></span> 
     </span>
    </p>
   </div>
   <div class='ocr_carea' id='block_1_110' title="bbox 1809 4682 3398 4760">
    <p class='ocr_par' dir='ltr' id='par_1_110' title="bbox 1809 4682 3398 4760">
     <span class='ocr_line' id='line_1_110' title="bbox 1809 4682 3398 4760; baseline -0.001 -14"><span class='ocrx_word' id='word_1_941' title='bbox 1809 4690 2065 4746; x_wconf 87' lang='lat' dir='ltr'><strong>luntatem</strong></span> <span class='ocrx_word' id='word_1_942' title='bbox 2096 4689 2360 4755; x_wconf 80' lang='lat' dir='ltr'><strong>existere,</strong></span> <span class='ocrx_word' id='word_1_943' title='bbox 2389 4682 2621 4743; x_wconf 66' lang='lat' dir='ltr'><strong>exclusit</strong></span> <span class='ocrx_word' id='word_1_944' title='bbox 2636 4689 2702 4743; x_wconf 89' lang='lat' dir='ltr'><strong>ab</strong></span> <span class='ocrx_word' id='word_1_945' title='bbox 2728 4703 2791 4744; x_wconf 91' lang='lat' dir='ltr'><strong>ea</strong></span> <span class='ocrx_word' id='word_1_946' title='bbox 2821 4688 3181 4747; x_wconf 89' lang='lat' dir='ltr'><strong>conditionem</strong></span> <span class='ocrx_word' id='word_1_947' title='bbox 3208 4703 3359 4747; x_wconf 89' lang='lat' dir='ltr'><strong>suam</strong></span> <span class='ocrx_word' id='word_1_948' title='bbox 3383 4732 3398 4760; x_wconf 89' lang='lat'><strong>,</strong></span> 
     </span>
    </p>
   </div>
   <div class='ocr_carea' id='block_1_111' title="bbox 1809 4779 3402 4854">
    <p class='ocr_par' dir='ltr' id='par_1_111' title="bbox 1809 4779 3402 4854">
     <span class='ocr_line' id='line_1_111' title="bbox 1809 4779 3402 4854; baseline 0.004 -20"><span class='ocrx_word' id='word_1_949' title='bbox 1809 4798 1909 4854; x_wconf 89' lang='lat' dir='ltr'><strong>qua</strong></span> <span class='ocrx_word' id='word_1_950' title='bbox 1937 4782 2134 4837; x_wconf 89' lang='lat' dir='ltr'><strong>dictum</strong></span> <span class='ocrx_word' id='word_1_951' title='bbox 2180 4781 2386 4848; x_wconf 82' lang='lat' dir='ltr'><strong>fuerat,</strong></span> <span class='ocrx_word' id='word_1_952' title='bbox 2430 4788 2656 4852; x_wconf 89' lang='lat' dir='ltr'><strong>cogente</strong></span> <span class='ocrx_word' id='word_1_953' title='bbox 2702 4781 2868 4837; x_wconf 87' lang='lat' dir='ltr'><strong>nullo.</strong></span> <span class='ocrx_word' id='word_1_954' title='bbox 2915 4779 3021 4837; x_wconf 89' lang='lat' dir='ltr'><strong>Sed</strong></span> <span class='ocrx_word' id='word_1_955' title='bbox 3068 4798 3173 4837; x_wconf 92' lang='lat' dir='ltr'><strong>non</strong></span> <span class='ocrx_word' id='word_1_956' title='bbox 3226 4783 3402 4847; x_wconf 86' lang='lat' dir='ltr'><strong>minus</strong></span> 
     </span>
    </p>
   </div>
   <div class='ocr_carea' id='block_1_112' title="bbox 1808 4872 3403 4957">
    <p class='ocr_par' dir='ltr' id='par_1_112' title="bbox 1808 4872 3403 4957">
     <span class='ocr_line' id='line_1_112' title="bbox 1808 4872 3403 4957; baseline 0.001 -26"><span class='ocrx_word' id='word_1_957' title='bbox 1808 4876 1937 4932; x_wconf 88' lang='lat' dir='ltr'><strong>mali</strong></span> <span class='ocrx_word' id='word_1_958' title='bbox 1964 4875 2140 4948; x_wconf 88' lang='lat' dir='ltr'><strong>abegit</strong></span> <span class='ocrx_word' id='word_1_959' title='bbox 2166 4872 2435 4929; x_wconf 76' lang='lat' dir='ltr'><strong>infamiam</strong></span> <span class='ocrx_word' id='word_1_960' title='bbox 2459 4891 2473 4941; x_wconf 94' lang='lat'><strong>;</strong></span> <span class='ocrx_word' id='word_1_961' title='bbox 2507 4888 2615 4929; x_wconf 92' lang='lat' dir='ltr'><strong>non</strong></span> <span class='ocrx_word' id='word_1_962' title='bbox 2642 4881 2724 4930; x_wconf 90' lang='lat' dir='ltr'><strong>est</strong></span> <span class='ocrx_word' id='word_1_963' title='bbox 2746 4873 2887 4929; x_wconf 92' lang='lat' dir='ltr'><strong>enim</strong></span> <span class='ocrx_word' id='word_1_964' title='bbox 2921 4881 3196 4945; x_wconf 89' lang='lat' dir='ltr'><strong>peccatum</strong></span> <span class='ocrx_word' id='word_1_965' title='bbox 3218 4918 3232 4942; x_wconf 88' lang='lat'><strong>,</strong></span> <span class='ocrx_word' id='word_1_966' title='bbox 3260 4875 3403 4957; x_wconf 86' lang='lat' dir='ltr'><strong>quod</strong></span> 
     </span>
    </p>
   </div>
   <div class='ocr_carea' id='block_1_113' title="bbox 1810 4970 3405 5046">
    <p class='ocr_par' dir='ltr' id='par_1_113' title="bbox 1810 4970 3405 5046">
     <span class='ocr_line' id='line_1_113' title="bbox 1810 4970 3405 5046; baseline 0.001 -17"><span class='ocrx_word' id='word_1_967' title='bbox 1810 4971 1878 5029; x_wconf 88' lang='lat' dir='ltr'><strong>de</strong></span> <span class='ocrx_word' id='word_1_968' title='bbox 1904 4983 2050 5029; x_wconf 91' lang='lat' dir='ltr'><strong>motu</strong></span> <span class='ocrx_word' id='word_1_969' title='bbox 2088 4973 2249 5028; x_wconf 90' lang='lat' dir='ltr'><strong>animi</strong></span> <span class='ocrx_word' id='word_1_970' title='bbox 2288 4972 2459 5028; x_wconf 87' lang='lat' dir='ltr'><strong>libero</strong></span> <span class='ocrx_word' id='word_1_971' title='bbox 2496 4987 2603 5027; x_wconf 90' lang='lat' dir='ltr'><strong>non</strong></span> <span class='ocrx_word' id='word_1_972' title='bbox 2635 4970 2821 5029; x_wconf 88' lang='lat' dir='ltr'><strong>venit:</strong></span> <span class='ocrx_word' id='word_1_973' title='bbox 2860 4970 3215 5046; x_wconf 71' lang='lat' dir='ltr'><strong>effectumque</strong></span> <span class='ocrx_word' id='word_1_974' title='bbox 3239 4982 3324 5032; x_wconf 88' lang='lat' dir='ltr'><strong>est</strong></span> <span class='ocrx_word' id='word_1_975' title='bbox 3346 4983 3405 5031; x_wconf 88' lang='lat' dir='ltr'><strong>ut</strong></span> 
     </span>
    </p>
   </div>
   <div class='ocr_carea' id='block_1_114' title="bbox 1811 5064 3407 5137">
    <p class='ocr_par' dir='ltr' id='par_1_114' title="bbox 1811 5064 3407 5137">
     <span class='ocr_line' id='line_1_114' title="bbox 1811 5064 3407 5137; baseline 0.001 -16"><span class='ocrx_word' id='word_1_976' title='bbox 1811 5080 1931 5121; x_wconf 90' lang='lat' dir='ltr'><strong>cum</strong></span> <span class='ocrx_word' id='word_1_977' title='bbox 1959 5064 2238 5137; x_wconf 86' lang='lat' dir='ltr'><strong>dispendio</strong></span> <span class='ocrx_word' id='word_1_978' title='bbox 2260 5065 2519 5132; x_wconf 90' lang='lat' dir='ltr'><strong>veritatis,</strong></span> <span class='ocrx_word' id='word_1_979' title='bbox 2546 5064 2707 5119; x_wconf 90' lang='lat' dir='ltr'><strong>totius</strong></span> <span class='ocrx_word' id='word_1_980' title='bbox 2733 5064 2856 5119; x_wconf 91' lang='lat' dir='ltr'><strong>mali</strong></span> <span class='ocrx_word' id='word_1_981' title='bbox 2884 5064 3081 5136; x_wconf 88' lang='lat' dir='ltr'><strong>periret</strong></span> <span class='ocrx_word' id='word_1_982' title='bbox 3101 5065 3322 5133; x_wconf 89' lang='lat' dir='ltr'><strong>invidia;</strong></span> <span class='ocrx_word' id='word_1_983' title='bbox 3351 5073 3407 5122; x_wconf 88' lang='lat' dir='ltr'><strong>et</strong></span> 
     </span>
    </p>
   </div>
   <div class='ocr_carea' id='block_1_115' title="bbox 1812 5157 3402 5226">
    <p class='ocr_par' dir='ltr' id='par_1_115' title="bbox 1812 5157 3402 5226">
     <span class='ocr_line' id='line_1_115' title="bbox 1812 5157 3402 5226; baseline -0.003 -9"><span class='ocrx_word' id='word_1_984' title='bbox 1812 5161 2033 5223; x_wconf 28' lang='lat' dir='ltr'><strong>evanuit,</strong></span> <span class='ocrx_word' id='word_1_985' title='bbox 2049 5159 2172 5215; x_wconf 85' lang='lat' dir='ltr'><strong>mali</strong></span> <span class='ocrx_word' id='word_1_986' title='bbox 2195 5168 2385 5215; x_wconf 87' lang='lat' dir='ltr'><strong>natura</strong></span> <span class='ocrx_word' id='word_1_987' title='bbox 2404 5200 2421 5226; x_wconf 93' lang='lat'><strong>,</strong></span> <span class='ocrx_word' id='word_1_988' title='bbox 2449 5172 2568 5212; x_wconf 92' lang='lat' dir='ltr'><strong>cum</strong></span> <span class='ocrx_word' id='word_1_989' title='bbox 2597 5157 2800 5212; x_wconf 88' lang='lat' dir='ltr'><strong>crimen</strong></span> <span class='ocrx_word' id='word_1_990' title='bbox 2826 5157 3117 5214; x_wconf 86' lang='lat' dir='ltr'><strong>voluntatis</strong></span> <span class='ocrx_word' id='word_1_991' title='bbox 3145 5159 3359 5215; x_wconf 84' lang='lat' dir='ltr'><strong>evanuit</strong></span> <span class='ocrx_word' id='word_1_992' title='bbox 3385 5174 3402 5214; x_wconf 89' lang='lat'><strong>:</strong></span> 
     </span>
    </p>
   </div>
   <div class='ocr_carea' id='block_1_116' title="bbox 1811 5252 3406 5317">
    <p class='ocr_par' dir='ltr' id='par_1_116' title="bbox 1811 5252 3406 5317">
     <span class='ocr_line' id='line_1_116' title="bbox 1811 5252 3406 5317; baseline -0.005 -4"><span class='ocrx_word' id='word_1_993' title='bbox 1811 5258 2013 5314; x_wconf 91' lang='lat' dir='ltr'><strong>crimen</strong></span> <span class='ocrx_word' id='word_1_994' title='bbox 2052 5264 2227 5311; x_wconf 91' lang='lat' dir='ltr'><strong>autem</strong></span> <span class='ocrx_word' id='word_1_995' title='bbox 2256 5252 2471 5309; x_wconf 90' lang='lat' dir='ltr'><strong>evanuit</strong></span> <span class='ocrx_word' id='word_1_996' title='bbox 2511 5252 2830 5317; x_wconf 89' lang='lat' dir='ltr'><strong>voluntatis,</strong></span> <span class='ocrx_word' id='word_1_997' title='bbox 2872 5267 2993 5309; x_wconf 91' lang='lat' dir='ltr'><strong>cum</strong></span> <span class='ocrx_word' id='word_1_998' title='bbox 3033 5252 3274 5308; x_wconf 81' lang='lat' dir='ltr'><strong>definitio</strong></span> <span class='ocrx_word' id='word_1_999' title='bbox 3312 5267 3406 5306; x_wconf 64' lang='lat' dir='ltr'><strong>vo.</strong></span> 
     </span>
    </p>
   </div>
   <div class='ocr_carea' id='block_1_117' title="bbox 1811 5346 3405 5420">
    <p class='ocr_par' dir='ltr' id='par_1_117' title="bbox 1811 5346 3405 5420">
     <span class='ocr_line' id='line_1_117' title="bbox 1811 5346 3405 5420; baseline -0.004 -12"><span class='ocrx_word' id='word_1_1000' title='bbox 1811 5352 2030 5408; x_wconf 87' lang='lat' dir='ltr'><strong>luntatis</strong></span> <span class='ocrx_word' id='word_1_1001' title='bbox 2063 5357 2278 5408; x_wconf 78' lang='lat' dir='ltr'><strong>exsecta</strong></span> <span class='ocrx_word' id='word_1_1002' title='bbox 2319 5358 2421 5405; x_wconf 90' lang='lat' dir='ltr'><strong>est.</strong></span> <span class='ocrx_word' id='word_1_1003' title='bbox 2453 5347 2519 5403; x_wconf 88' lang='lat' dir='ltr'><strong>Et</strong></span> <span class='ocrx_word' id='word_1_1004' title='bbox 2562 5347 2763 5418; x_wconf 89' lang='lat' dir='ltr'><strong>peccati</strong></span> <span class='ocrx_word' id='word_1_1005' title='bbox 2814 5348 2974 5420; x_wconf 89' lang='lat' dir='ltr'><strong>igitur</strong></span> <span class='ocrx_word' id='word_1_1006' title='bbox 3016 5354 3071 5404; x_wconf 91' lang='lat' dir='ltr'><strong>et</strong></span> <span class='ocrx_word' id='word_1_1007' title='bbox 3116 5346 3405 5403; x_wconf 84' lang='lat' dir='ltr'><strong>voluntatis</strong></span> 
     </span>
    </p>
   </div>
   <div class='ocr_carea' id='block_1_118' title="bbox 1811 5439 3404 5517">
    <p class='ocr_par' dir='ltr' id='par_1_118' title="bbox 1811 5439 3404 5517">
     <span class='ocr_line' id='line_1_118' title="bbox 1811 5439 3404 5517; baseline -0.007 -11"><span class='ocrx_word' id='word_1_1008' title='bbox 1811 5447 2002 5506; x_wconf 86' lang='lat' dir='ltr'><strong>claruit</strong></span> <span class='ocrx_word' id='word_1_1009' title='bbox 2035 5445 2295 5517; x_wconf 87' lang='lat' dir='ltr'><strong>ejusmodi</strong></span> <span class='ocrx_word' id='word_1_1010' title='bbox 2324 5459 2443 5500; x_wconf 84' lang='lat' dir='ltr'><strong>esse</strong></span> <span class='ocrx_word' id='word_1_1011' title='bbox 2484 5440 2842 5499; x_wconf 87' lang='lat' dir='ltr'><strong>conditionem</strong></span> <span class='ocrx_word' id='word_1_1012' title='bbox 2863 5484 2877 5508; x_wconf 90' lang='lat'><strong>,</strong></span> <span class='ocrx_word' id='word_1_1013' title='bbox 2910 5443 3033 5507; x_wconf 79' lang='lat' dir='ltr'><strong>utsi</strong></span> <span class='ocrx_word' id='word_1_1014' title='bbox 3063 5439 3237 5496; x_wconf 78' lang='lat' dir='ltr'><strong>causis</strong></span> <span class='ocrx_word' id='word_1_1015' title='bbox 3266 5457 3404 5511; x_wconf 77' lang='lat' dir='ltr'><strong>pra:-</strong></span> 
     </span>
    </p>
   </div>
   <div class='ocr_carea' id='block_1_119' title="bbox 1813 5530 3401 5611">
    <p class='ocr_par' dir='ltr' id='par_1_119' title="bbox 1813 5530 3401 5611">
     <span class='ocr_line' id='line_1_119' title="bbox 1813 5530 3401 5611; baseline -0.008 -13"><span class='ocrx_word' id='word_1_1016' title='bbox 1813 5541 2125 5599; x_wconf 88' lang='lat' dir='ltr'><strong>cedentibus</strong></span> <span class='ocrx_word' id='word_1_1017' title='bbox 2151 5540 2462 5611; x_wconf 90' lang='lat' dir='ltr'><strong>deputetur,</strong></span> <span class='ocrx_word' id='word_1_1018' title='bbox 2496 5546 2545 5592; x_wconf 90' lang='lat' dir='ltr'><strong>et</strong></span> <span class='ocrx_word' id='word_1_1019' title='bbox 2568 5535 2656 5607; x_wconf 87' lang='lat' dir='ltr'><strong>jus</strong></span> <span class='ocrx_word' id='word_1_1020' title='bbox 2685 5536 2700 5568; x_wconf 88' lang='grc'>¹</span> <span class='ocrx_word' id='word_1_1021' title='bbox 2728 5532 2937 5607; x_wconf 88' lang='lat' dir='ltr'><strong>perdat,</strong></span> <span class='ocrx_word' id='word_1_1022' title='bbox 2968 5542 3023 5588; x_wconf 90' lang='lat' dir='ltr'><strong>et</strong></span> <span class='ocrx_word' id='word_1_1023' title='bbox 3046 5532 3271 5597; x_wconf 81' lang='lat' dir='ltr'><strong>crimen.</strong></span> <span class='ocrx_word' id='word_1_1024' title='bbox 3301 5530 3401 5589; x_wconf 88' lang='lat' dir='ltr'><strong>Ubi</strong></span> 
     </span>
    </p>
   </div>
   <div class='ocr_carea' id='block_1_120' title="bbox 1812 5624 3405 5706">
    <p class='ocr_par' dir='ltr' id='par_1_120' title="bbox 1812 5624 3405 5706">
     <span class='ocr_line' id='line_1_120' title="bbox 1812 5624 3405 5706; baseline -0.009 -13"><span class='ocrx_word' id='word_1_1025' title='bbox 1812 5652 1940 5706; x_wconf 86' lang='lat' dir='ltr'><strong>ergo</strong></span> <span class='ocrx_word' id='word_1_1026' title='bbox 1976 5634 2079 5691; x_wconf 92' lang='lat' dir='ltr'><strong>erit</strong></span> <span class='ocrx_word' id='word_1_1027' title='bbox 2120 5630 2244 5689; x_wconf 90' lang='lat' dir='ltr'><strong>mali</strong></span> <span class='ocrx_word' id='word_1_1028' title='bbox 2275 5640 2461 5687; x_wconf 86' lang='lat' dir='ltr'><strong>natura</strong></span> <span class='ocrx_word' id='word_1_1029' title='bbox 2481 5673 2501 5701; x_wconf 86' lang='lat'><strong>,</strong></span> <span class='ocrx_word' id='word_1_1030' title='bbox 2537 5645 2659 5686; x_wconf 88' lang='lat' dir='ltr'><strong>cum</strong></span> <span class='ocrx_word' id='word_1_1031' title='bbox 2687 5626 2881 5682; x_wconf 80' lang='lat' dir='ltr'><strong>malum</strong></span> <span class='ocrx_word' id='word_1_1032' title='bbox 2925 5641 3030 5693; x_wconf 82' lang='lat' dir='ltr'><strong>non</strong></span> <span class='ocrx_word' id='word_1_1033' title='bbox 3058 5640 3178 5682; x_wconf 91' lang='lat' dir='ltr'><strong>esse</strong></span> <span class='ocrx_word' id='word_1_1034' title='bbox 3203 5624 3405 5681; x_wconf 89' lang='lat' dir='ltr'><strong>consti-</strong></span> 
     </span>
    </p>
   </div>
   <div class='ocr_carea' id='block_1_121' title="bbox 1815 5730 1974 5788">
    <p class='ocr_par' dir='ltr' id='par_1_121' title="bbox 1815 5730 1974 5788">
     <span class='ocr_line' id='line_1_121' title="bbox 1815 5730 1974 5788; baseline -0.019 -1"><span class='ocrx_word' id='word_1_1035' title='bbox 1815 5730 1974 5788; x_wconf 88' lang='lat' dir='ltr'><strong>terit?</strong></span> 
     </span>
    </p>
   </div>
   <div class='ocr_carea' id='block_1_122' title="bbox 1889 5810 3406 5891">
    <p class='ocr_par' dir='ltr' id='par_1_122' title="bbox 1889 5810 3406 5891">
     <span class='ocr_line' id='line_1_122' title="bbox 1889 5810 3406 5891; baseline -0.006 -11"><span class='ocrx_word' id='word_1_1036' title='bbox 1889 5828 2020 5882; x_wconf 72' lang='lat' dir='ltr'><strong>Atto.</strong></span> <span class='ocrx_word' id='word_1_1037' title='bbox 2041 5823 2149 5879; x_wconf 87' lang='lat' dir='ltr'><strong>Dici</strong></span> <span class='ocrx_word' id='word_1_1038' title='bbox 2182 5838 2283 5876; x_wconf 90' lang='lat' dir='ltr'><strong>non</strong></span> <span class='ocrx_word' id='word_1_1039' title='bbox 2310 5828 2501 5891; x_wconf 88' lang='lat' dir='ltr'><strong>potest,</strong></span> <span class='ocrx_word' id='word_1_1040' title='bbox 2521 5823 2773 5887; x_wconf 87' lang='lat' dir='ltr'><strong>quantum</strong></span> <span class='ocrx_word' id='word_1_1041' title='bbox 2801 5811 2966 5870; x_wconf 87' lang='lat' dir='ltr'><strong>mirer</strong></span> <span class='ocrx_word' id='word_1_1042' title='bbox 2991 5810 3218 5871; x_wconf 73' lang='lat' dir='ltr'><strong>frontem</strong></span> <span class='ocrx_word' id='word_1_1043' title='bbox 3240 5822 3406 5888; x_wconf 85' lang='lat' dir='ltr'><strong>tuam,</strong></span> 
     </span>
    </p>
   </div>
   <div class='ocr_carea' id='block_1_123' title="bbox 1890 5953 2691 6022">
    <p class='ocr_par' dir='ltr' id='par_1_123' title="bbox 1890 5953 2691 6022">
     <span class='ocr_line' id='line_1_123' title="bbox 1890 5953 2691 6022; baseline -0.011 -9"><span class='ocrx_word' id='word_1_1044' title='bbox 1890 5965 1909 5997; x_wconf 67' lang='grc' dir='ltr'>ι</span> <span class='ocrx_word' id='word_1_1045' title='bbox 1943 5960 2268 6022; x_wconf 55' lang='lat' dir='ltr'><strong>mihi,de</strong></span> <span class='ocrx_word' id='word_1_1046' title='bbox 2294 5966 2351 6010; x_wconf 68' lang='lat' dir='ltr'><strong>At</strong></span> <span class='ocrx_word' id='word_1_1047' title='bbox 2372 5964 2501 6018; x_wconf 63' lang='lat' dir='ltr'><strong>Mss,</strong></span> <span class='ocrx_word' id='word_1_1048' title='bbox 2525 5953 2691 6013; x_wconf 79' lang='lat' dir='ltr'><strong>etjus.</strong></span> 
     </span>
    </p>
   </div>
  </div>
