3962 6480
555 443 696 509 14³19

552 565 821 642 quomodo
858 563 1004 620 dicas
1048 571 1290 618 naturam
1325 561 1484 628 mali,
1526 559 1615 632 qui
1661 558 1856 614 malum
1906 557 2148 613 naturale

551 677 658 719 non
685 658 848 725 dicis;
875 665 966 712 aut
1003 655 1270 727 quomodo
1299 656 1496 709 malum
1528 653 1770 708 naturale
1811 668 1918 707 non
1957 651 2102 706 dicas
2127 692 2143 719 ,

550 753 640 824 qui
679 762 923 807 naturam
952 748 1077 805 mali
1107 748 1262 804 dicis.
1291 747 1426 816 Quid
1457 756 1634 802 autem
1661 746 1848 801 vanius
1879 745 2144 801 definitio-

550 845 707 902 nibus
733 842 868 909 tuis,
898 843 988 914 qui
1019 851 1302 912 propterea
1325 851 1476 911 putas
1515 856 1620 894 non
1649 853 1768 894 esse
1794 838 2142 909 quaerendum

549 937 691 993 unde
734 936 803 992 sit
831 935 1112 1000 voluntas,
1165 933 1286 1005 quia
1332 941 1507 988 motus
1555 940 1640 987 est
1678 931 1874 998 animi,
1923 938 2145 1000 cogente

553 1029 736 1086 nullo?
764 1029 819 1085 Si
856 1028 1000 1083 enim
1039 1011 1275 1093 dicatur,
1306 1033 1364 1080 ut
1387 1033 1539 1096 putas
1563 1065 1578 1088 ,
1609 1023 1749 1078 unde
1776 1023 1877 1089 sit;
1911 1038 2015 1077 non
2043 1022 2145 1076 crit

551 1137 738 1179 verum
775 1121 916 1192 quod
961 1120 1159 1175 dictum
1202 1127 1320 1184 est,
1365 1127 1569 1189 cogente
1611 1116 1753 1170 nullo
1795 1132 1812 1169 :
1851 1114 1973 1185 quia
2017 1113 2145 1168 illud

552 1215 696 1270 unde
726 1224 837 1278 cst,
865 1229 982 1269 eam
1007 1212 1150 1283 cogit
1177 1227 1330 1277 esse;
1360 1219 1415 1266 et
1434 1209 1553 1265 ideo
1578 1225 1683 1264 non
1705 1218 1788 1264 est
1815 1207 2062 1263 alicunde
2089 1207 2105 1238 ¹
2126 1249 2142 1274 ,

552 1323 619 1362 ιιε
659 1314 879 1378 cogatur
919 1320 1059 1360 esse.
1091 1302 1136 1360 Ο
1171 1303 1452 1359 stultitiam
1494 1301 1855 1372 singularem!
1903 1301 2018 1356 Non
2063 1308 2148 1355 est

554 1413 682 1467 ergo
725 1396 974 1452 alicunde
999 1396 1114 1466 ipse
1137 1395 1332 1461 homo,
1363 1395 1454 1466 qui
1491 1410 1596 1450 non
1622 1403 1707 1450 est
1744 1403 1960 1449 coactus
1987 1408 2142 1456 esse;

551 1491 675 1560 quia
708 1505 814 1545 non
836 1498 951 1545 erat
977 1487 1071 1558 qui
1088 1496 1389 1559 cogeretur,
1420 1496 1707 1557 antequam
1729 1494 1890 1542 esset.
1919 1485 2145 1540 Prorsus

555 1590 610 1637 et
639 1580 884 1636 alicunde
912 1588 996 1636 cst
1022 1579 1270 1635 voluntas
1293 1621 1308 1648 ,
1341 1586 1396 1646 et
1437 1593 1559 1634 esse
1588 1594 1693 1633 non
1731 1577 1973 1648 cogitur;
2005 1585 2059 1633 et
2099 1576 2144 1631 si

553 1674 670 1746 ejus
699 1674 848 1745 origo
872 1673 1162 1744 quaerenda
1191 1688 1297 1728 non
1323 1681 1427 1741 est,
1451 1687 1560 1728 non
1581 1671 1701 1727 ideo
1720 1671 2007 1742 quaerenda
2039 1686 2145 1727 non

553 1775 656 1833 est,
689 1764 829 1836 quod
858 1765 1106 1821 voluntas
1133 1764 1380 1820 alicunde
1424 1779 1528 1819 non
1557 1763 1665 1832 sit,
1698 1763 1793 1819 sed
1819 1763 1940 1834 quia
1971 1763 2144 1818 maui-

555 1858 745 1914 fcstum
782 1866 866 1912 est
900 1857 1041 1913 unde
1069 1857 1158 1914 sit.
1182 1857 1263 1913 Ab
1290 1858 1382 1913 illo
1408 1867 1491 1914 est
1513 1859 1656 1915 enim
1685 1858 1931 1914 voluntas
1951 1899 1967 1925 ,
1993 1857 2147 1929 cujus

553 1959 636 2004 εει
675 1950 957 2016 voluntas;
990 1951 1058 2005 ab
1081 1951 1270 2021 angelo
1313 1950 1514 2006 scilicet
1553 1951 1797 2006 voluntas
1825 1950 1998 2021 angeli
2021 1989 2035 2015 ,
2078 1948 2147 2004 ab

554 2041 772 2096 homine
801 2041 1071 2109 hominis,
1108 2057 1139 2097 a
1170 2041 1279 2097 Deo
1317 2042 1432 2097 Dei.
1465 2041 1535 2097 Et
1575 2042 1620 2097 si
1647 2050 1898 2113 operatur
1925 2042 2066 2097 Deus
2092 2042 2147 2096 in

555 2131 773 2188 homine
799 2133 1130 2188 voluntatem
1156 2133 1350 2189 bonam
1371 2174 1386 2201 ,
1412 2133 1463 2188 id
1491 2134 1673 2204 utique
1698 2135 1839 2205 agit,
1865 2143 1923 2189 ut
1945 2134 2149 2189 oriatur

555 2225 622 2280 ab
648 2225 738 2280 illo
763 2224 902 2281 bona
930 2226 1194 2291 voluntas,
1223 2226 1376 2296 cujus
1401 2235 1485 2281 est
1509 2227 1774 2291 voluntas;
1797 2226 1934 2282 sicut
1959 2225 2069 2295 agit
2093 2234 2150 2280 ut

554 2315 718 2372 homo
752 2316 952 2372 oriatur
987 2318 1054 2373 ab
1085 2317 1301 2372 homine
1341 2333 1485 2373 :non
1515 2320 1657 2373 enim
1683 2318 1808 2389 quia
1838 2317 1979 2374 Deus
2002 2325 2150 2372 creat

556 2407 859 2475 hominem,
895 2409 1014 2464 ideo
1044 2425 1149 2464 non
1189 2408 1352 2464 homo
1381 2424 1445 2464 ex
1478 2408 1692 2466 homine
1712 2412 1969 2466 nascitur.
1998 2410 2150 2465 Mala:

556 2510 734 2555 autem
776 2500 1064 2555 voluntatis
1104 2515 1216 2556 sua:
1254 2501 1618 2572 unusquisque
1647 2513 1833 2559 auctor
1869 2514 1984 2573 est,
2026 2503 2148 2574 quia

558 2595 752 2647 malum
784 2591 914 2647 vult.
945 2593 1051 2649 Sed
1093 2609 1215 2650 cum
1246 2595 1532 2665 quieritur,
1574 2611 1738 2667 quare
1779 2596 1940 2652 homo
1983 2598 2150 2668 possit

558 2679 757 2739 habere
785 2683 978 2739 malam
1004 2685 1332 2741 voluntatem
1362 2686 1607 2757 quamvis
1635 2696 1692 2743 ut
1716 2685 1908 2744 habeat
1941 2704 2048 2744 non
2079 2689 2151 2744 sit

557 2793 801 2846 necesse;
825 2794 931 2834 non
961 2779 1111 2852 origo
1136 2780 1393 2851 qumritur
1415 2783 1701 2839 voluntatis
1720 2823 1736 2850 ,
1760 2782 1854 2838 sed
1885 2783 2034 2855 origo
2062 2783 2148 2855 ip-

556 2872 668 2928 sius
697 2872 1060 2943 possibilitatis
1090 2891 1102 2928 :
1136 2881 1192 2928 et
1233 2873 1503 2929 invenitur
1547 2890 1608 2930 ea
1647 2889 1767 2930 esse
1803 2890 1996 2943 causa,
2026 2877 2150 2947 quia

557 2965 657 3037 etsi
693 2981 940 3037 magnum
966 2965 1163 3023 bonum
1208 2975 1291 3022 est
1315 2967 1590 3022 rationalis
1614 2975 1858 3023 creatura
1883 3010 1898 3035 ,
1927 2985 2035 3023 non
2065 2978 2149 3024 ta-

557 3035 680 3114 r’nen
708 3035 802 3114 est—
818 3057 959 3128 quod
986 3066 1069 3112 est
1090 3058 1228 3114 Deus
1245 3099 1259 3125 ,
1287 3058 1438 3129 cujus
1465 3058 1630 3115 solius
1658 3067 1741 3115 est
1767 3059 2150 3117 inconvertibi-

558 3150 622 3206 lis
649 3151 1203 3223 inconunutabilisque
1231 3162 1440 3208 natura.
1473 3152 1542 3207 Et
1567 3152 1725 3224 hujus
1745 3153 1822 3209 rei
1843 3169 2003 3210 causa
2028 3169 2150 3210 cum

555 3243 842 3314 quaeritur,
887 3241 989 3297 hoc
1017 3242 1315 3311 invenitur,
1354 3243 1477 3314 quia
1508 3259 1614 3298 non
1646 3243 1712 3299 dc
1755 3260 1814 3300 se
1844 3245 1960 3316 ipso
1983 3287 1998 3313 ,
2048 3245 2152 3302 hoc

557 3342 671 3400 est,
703 3334 772 3390 de
798 3348 895 3389 sua
921 3343 1112 3402 natura
1145 3344 1307 3406 atque
1347 3335 1644 3391 substantia
1689 3336 1904 3407 genuit,
1949 3337 2042 3394 sed
2082 3337 2152 3394 de

556 3425 724 3482 nihilo
744 3467 758 3491 ,
790 3425 894 3482 hoc
913 3435 1023 3493 est,
1062 3426 1130 3482 de
1160 3427 1304 3482 nulla
1333 3442 1393 3482 re
1414 3427 1538 3482 fecit
1557 3427 1673 3482 haec
1695 3427 1851 3483 Deus.
1886 3427 2000 3483 Non
2029 3431 2149 3500 quia

557 3517 688 3573 nihil
719 3516 880 3574 habet
903 3518 1135 3590 aliquam
1161 3518 1303 3587 vim;
1332 3519 1377 3574 si
1404 3521 1549 3575 enim
1571 3519 1825 3590 haberet,
1850 3538 1956 3578 non
1980 3522 2148 3592 nihil,

557 3609 653 3666 sed
682 3609 880 3681 aliquid
911 3619 1053 3666 esset
1079 3627 1093 3666 :
1123 3609 1220 3667 sed
1247 3611 1369 3682 quia
1401 3611 1502 3668 hoc
1541 3621 1626 3668 est
1652 3614 1672 3645 ¹
1711 3613 1902 3684 cuique
1947 3623 2150 3670 naturm

557 3703 625 3760 de
655 3703 822 3760 nihilo
847 3704 1040 3760 factam
1063 3719 1204 3772 esse,
1228 3704 1370 3775 quod
1391 3714 1473 3762 est
1500 3715 1743 3762 naturam
1767 3706 1863 3762 Dei
1885 3723 1990 3762 non
2007 3723 2150 3778 esse,

556 3813 676 3868 quae
715 3798 1058 3856 immutabilis
1096 3799 1206 3856 sola
1249 3807 1350 3855 est.
1392 3798 1502 3857 Nec
1543 3816 1607 3857 ea
1632 3817 1750 3873 quae
1776 3800 1845 3859 de
1887 3803 2152 3874 aliquibus

555 3890 716 3946 rebus
746 3889 883 3946 facta
922 3900 1080 3958 sunt,
1124 3892 1192 3947 ab
1231 3890 1335 3947 hac
1365 3893 1702 3963 excipiuntur
1736 3893 1941 3965 origine
1974 3912 1988 3951 :
2016 3911 2151 3967 quo-

556 3981 698 4037 niam
729 3997 815 4038 res
858 3999 976 4053 qua:
1008 3984 1078 4038 ita
1107 3982 1261 4040 facta:
1286 3994 1448 4053 sunt,
1481 3995 1538 4041 ut
1566 4002 1632 4042 ex
1671 3987 1736 4041 iis
1763 3989 1884 4044 aliae
1925 3989 2147 4058 fierent,

556 4072 624 4130 de
651 4073 810 4129 nullis
835 4075 1164 4131 exstantibus
1189 4075 1344 4132 facta:
1363 4086 1524 4146 sunt,
1569 4079 1672 4134 hoc
1696 4090 1778 4135 est
1796 4121 1812 4148 ,
1842 4082 2059 4137 omnino
2083 4082 2151 4140 de

556 4165 746 4222 nihilo.
775 4165 966 4221 Mutari
990 4175 1168 4222 autem
1203 4179 1428 4238 possunt
1452 4185 1803 4241 quaecumque
1829 4171 1930 4226 alia
1970 4173 2149 4229 diver-

555 4259 631 4316 sis
661 4267 716 4316 et
742 4259 970 4331 propriis
1000 4261 1345 4331 qualitatibus
1375 4263 1516 4328 suis;
1546 4263 1820 4320 voluntate
1849 4281 2000 4331 vero,
2032 4283 2151 4338 quae

556 4356 764 4412 ratione
792 4355 990 4422 utitur,
1020 4355 1130 4410 sola
1157 4364 1240 4412 est
1275 4356 1552 4412 rationalis
1589 4367 1828 4413 creatura
1855 4360 2146 4416 mutabilis.

556 4449 683 4506 llaec
706 4449 990 4521 diligenter
1010 4458 1063 4505 et
1094 4449 1450 4521 intelligentcr
1475 4450 1714 4522 quisquis
1739 4451 1984 4518 advertit,
2008 4453 2149 4508 mul-

563 4554 675 4599 tum
711 4553 762 4599 te
781 4543 849 4600 de
878 4543 1046 4600 nihilo
1074 4543 1206 4599 nihil
1253 4543 1392 4614 quod
1431 4543 1498 4599 ad
1527 4559 1640 4600 rem
1663 4545 1925 4616 pertineat
1951 4545 2150 4605 dixisse

557 4647 864 4710 cognoscet.

625 4729 808 4785 XLlll.
829 4729 946 4786 JUL.
969 4730 1105 4798 Quid
1131 4739 1213 4786 est
1232 4730 1373 4786 enim
1404 4730 1623 4797 malum,
1650 4729 1701 4785 id
1722 4739 1824 4800 est,
1845 4731 2148 4803 peccatum?

555 4821 814 4878 Voluntas
841 4823 1096 4894 sequendi
1123 4823 1262 4894 quod
1289 4822 1492 4892 justitia
1530 4832 1700 4887 vetat,
1748 4833 1803 4878 et
1842 4824 1983 4880 unde
2011 4825 2147 4881 libe-

553 4933 675 4973 rum
731 4925 814 4974 est
867 4918 1152 4975 abstinere.
1200 4918 1336 4987 Quid
1381 4927 1462 4974 est
1513 4918 1625 4988 ipsa
1651 4919 1932 4974 voluntas?
1974 4919 2147 4978 Motus

555 5012 716 5068 animi
742 5053 757 5081 ,
789 5021 1010 5083 cogente
1039 5013 1204 5068 nullo.
1234 5011 1292 5069 Si
1321 5027 1447 5083 ergo
1478 5021 1750 5083 peccatum
1781 5027 1847 5067 ex
1875 5014 2146 5072 voluntate

553 5113 736 5160 uatum
778 5113 892 5172 est,
941 5104 1188 5161 voluntas
1226 5121 1292 5160 ex
1325 5112 1474 5159 motu
1515 5103 1678 5158 animi
1707 5113 1931 5174 cogente
1959 5106 2140 5173 nullo;

553 5213 653 5256 nec
680 5196 860 5265 nihili,
891 5213 988 5253 nec
1015 5197 1350 5253 tenebrarum
1382 5195 1617 5252 conditio
1657 5193 1780 5250 fecit
1809 5206 1864 5250 ut
1889 5205 2032 5252 esset
2056 5196 2145 5253 hic

553 5301 730 5348 motus
753 5334 770 5360 ,
816 5290 907 5362 qui
952 5291 1070 5346 ideo
1095 5305 1126 5344 a
1153 5289 1299 5344 nullo
1341 5289 1547 5360 cogitur
1567 5331 1582 5353 ,
1615 5297 1671 5343 ut
1709 5290 1878 5360 possit
1904 5305 2020 5344 esse
2049 5306 2144 5346 co-

554 5393 712 5457 gente
741 5383 908 5439 nullo.
944 5383 1020 5438 Ac
1046 5396 1140 5452 per
1161 5380 1265 5435 hoc
1301 5380 1503 5435 nullum
1529 5388 1610 5436 est
1636 5381 1876 5436 naturale
1897 5421 1912 5446 ,
1941 5381 2142 5438 nullum

553 5477 813 5549 originale
840 5481 1115 5545 peccatum
1147 5490 1159 5526 :
1191 5471 1314 5543 quia
1345 5473 1460 5528 lucc
1485 5472 1590 5528 duo
1619 5473 1833 5528 nomina
1864 5489 2025 5528 unum
2057 5473 2143 5529 in-

553 5569 753 5637 dicant,
779 5566 830 5622 id
855 5574 965 5634 est,
997 5574 1277 5636 peccatum
1301 5579 1419 5620 esse
1443 5580 1549 5619 non
1575 5565 1930 5620 voluntarium
1955 5581 1969 5631 ;
2004 5581 2144 5636 pm.

553 5660 768 5731 scripsit
809 5666 988 5713 autem
1029 5657 1257 5722 veritas,
1289 5655 1391 5712 nisi
1434 5656 1785 5711 voluntarimu
1831 5672 1938 5712 non
1989 5673 2143 5728 posse

555 5767 676 5810 esse
719 5759 993 5824 peccatum
1027 5757 1125 5806 :et
1164 5747 1284 5806 ideo
1329 5748 1422 5821 qui
1450 5748 1578 5805 dicit
1616 5749 1812 5804 malum
1845 5765 1963 5806 esse
2002 5749 2142 5820 quod

620 5887 637 5918 ί
671 5886 745 5936 sic
767 5893 871 5934 Mss.
897 5892 946 5934 In
966 5882 1367 5947 \'ign.,_galitmde.

617 5949 638 5979 ι
674 5948 960 6014 vigriierius,
984 5942 1068 5995 se'd
1082 5942 1275 6014 aliquid
1291 5956 1428 6012 esset,
1455 5948 1570 6014 quia
1590 5944 1676 5998 hoc
1702 5950 1770 5999 cst
1782 5958 1800 6012 ε
1823 5944 2002 5999 omisso
2025 5942 2144 5997 alte-

557 6007 1235 6088 Ξοικᾶιιιιιοάεξξμὺαιιιι
1257 6016 1364 6064 uss.
1416 6007 1479 6014 "
1617 6080 1619 6083 Ι
1731 6075 1733 6077 ι
1782 6007 1793 6012 ν
1908 6017 1914 6022 .
1969 6019 1991 6024 ,ν

1228 441 1476 500 OPERIS
1513 441 1924 498 IMPERFECTI
1960 437 2230 496 CONTRA
2270 425 2633 507 JULIANUM,
2673 437 2730 496 S.
2772 429 3149 496 AUGUSTINI

3717 443 3836 506 μω

2255 562 2466 611 constat
2497 555 2819 627 ingenitum,
2850 570 2956 609 non
2976 553 3246 610 convincit
3265 554 3320 610 in
3351 566 3537 612 natura
3567 571 3697 614 esse
3725 576 3835 630 pec-

2254 661 2451 718 catum;
2484 651 2578 706 sed
2604 666 2662 705 se
2691 649 2924 706 ostendit
2950 665 3044 720 per
3070 649 3390 720 pravitatem
3417 649 3600 721 judicii
3624 652 3644 684 ί
3673 654 3833 710 ετίιιιὶι

2254 758 2465 798 nosum.
2499 743 2639 798 Ecce
2666 757 2980 810 responsum
3019 752 3135 808 est,
3166 741 3232 795 ad
3272 742 3414 813 quod
3441 753 3496 797 tu
3536 745 3833 814 responderi

2255 852 2360 892 nou
2393 851 2549 906 posse
2582 835 2860 891 credebas.
2887 833 3154 905 Oxymora
3204 832 3280 906 (a)
3325 850 3540 905 prorsus
3568 834 3674 890 fuit
3713 852 3836 907 qum-

2253 929 2357 986 stio
2379 972 2395 998 ,
2425 945 2583 1000 quam
2612 938 2667 984 tu
2689 930 2964 986 arbitraris
2991 930 3264 986 invictam.

2326 1024 2460 1078 Anc.
2503 1022 2750 1077 Exsultas
2778 1022 3023 1088 inaniter,
3053 1033 3107 1078 ει
3125 1022 3279 1090 dicis,
3314 1041 3332 1075 ι
3362 1021 3502 1077 Ecce
3522 1036 3832 1092 reSponsum

2253 1127 2336 1172 est
2371 1134 2384 1170 :
2425 1136 2444 1169 ι
2479 1116 2569 1171 ubi
2598 1125 2648 1171 te
2689 1116 3018 1186 respondere
3043 1132 3146 1171 non
3179 1117 3416 1187 potuisse
3445 1133 3569 1171 mox
3612 1116 3832 1183 invenit,

2251 1209 2573 1279 quicumque
2597 1219 2784 1264 acutus
2808 1209 2936 1278 legit
2962 1208 3076 1264 haec
3105 1218 3214 1276 tua,
3245 1209 3329 1264 vel
3356 1224 3464 1264 non
3492 1209 3724 1264 multum
3749 1219 3834 1264 tar-

2251 1299 2350 1356 dus
2376 1310 2430 1356 et
2455 1317 2595 1355 mea.
2622 1301 2962 1369 Quantalibet
2979 1302 3119 1356 enim
3149 1302 3516 1372 perplexitate,
3544 1316 3657 1356 non
3677 1301 3831 1372 impli-

2251 1405 2368 1448 cata
2411 1393 2704 1464 explicare,
2755 1393 2849 1448 sed
2897 1403 3081 1464 aperta
3127 1393 3401 1464 implicare
3448 1393 3832 1456 coneris;sani

2250 1501 2449 1556 negare
2490 1501 2595 1541 non
2627 1494 2870 1556 possunt,
2913 1487 3040 1541 oriri
3070 1485 3139 1541 ab
3169 1501 3491 1557 unoquoque
3521 1485 3833 1543 voluntatem

2249 1591 2422 1642 suam,
2455 1591 2552 1632 nec
2601 1577 2702 1631 nisi
2730 1577 2796 1631 ab
2824 1577 3041 1633 homine
3066 1577 3192 1632 oriri
3223 1576 3453 1632 hominis
3495 1577 3831 1635 voluntatem.

2251 1670 2330 1724 Ac
2342 1684 2435 1739 per
2448 1663 2826 1739 hoc,quouiam
2843 1669 2977 1724 mala
2997 1668 3270 1724 hominum
3291 1669 3429 1723 mala
3444 1668 3726 1723 voluntate
3739 1684 3836 1725 esse

2250 1770 2548 1832 coeperunt,
2593 1769 2648 1816 et
2690 1770 2816 1816 ante
2857 1760 3182 1815 voluntatem
3210 1761 3403 1815 malam
3449 1760 3656 1815 scimus
3691 1758 3833 1817 fuisse

2252 1853 2525 1910 hominum
2557 1863 2801 1909 naturam
2844 1855 3077 1918 bonam;
3105 1869 3171 1909 ex
3216 1852 3370 1908 bonis
3394 1862 3509 1908 orta
3539 1862 3672 1907 sunt
3698 1855 3832 1908 mala.

2253 1947 2366 2003 lloc
2415 1948 2542 2002 dicit
2591 1946 2945 2012 Ambrosius;
2991 1945 3117 2002 hinc
3165 1946 3442 2016 perimitur
3489 1944 3832 2000 Manichacus:

2255 2038 2357 2094 hoc
2384 2055 2479 2109 pro
2503 2037 2795 2093 Manichteo
2823 2045 2980 2109 negat
3007 2049 3192 2092 contra
3216 2037 3561 2092 Ambrosium
3592 2035 3832 2104 Julianus,

2253 2132 2458 2200 dicens,
2482 2150 2500 2183 ι
2526 2132 2583 2188 Si
2602 2141 2790 2186 natura
2805 2146 2940 2202 opus
2959 2130 3055 2186 Dei
3069 2141 3152 2187 est
3169 2173 3184 2199 ,
3205 2146 3302 2200 per
3320 2145 3456 2201 opus
3477 2130 3572 2184 Dei
3591 2145 3729 2200 opus
3745 2129 3836 2184 dia-

2254 2223 2362 2280 boli
2393 2224 2620 2279 transire
2650 2240 2752 2280 non
2783 2224 3016 2292 sinitur;
3054 2243 3074 2276 ι
3109 2232 3168 2278 ιιι
3191 2223 3515 2278 Manichmus
3538 2223 3714 2288 dicat,
3742 2238 3829 2277 non

2252 2333 2373 2374 esse
2403 2317 2646 2374 homines
2675 2334 2807 2388 opus
2836 2318 2969 2386 Dei,
2997 2331 3094 2388 per
3120 2334 3254 2388 quos
3283 2319 3574 2388 Apostolus
3603 2317 3837 2374 transisse

2253 2410 2380 2465 dicit
2406 2418 2680 2481 peccatum
2702 2421 2756 2466 et
2775 2420 3004 2466 mortem
3024 2409 3198 2483 (Rom.
3228 2428 3280 2476 ν,
3307 2409 3376 2467 12
3394 2411 3436 2483 ),
3456 2411 3600 2482 quod
3621 2421 3707 2466 est
3725 2426 3838 2482 opus

2252 2502 2449 2558 diaboli
2474 2521 2488 2558 :
2510 2503 2761 2574 quoniam
2788 2503 3080 2560 secundum
3106 2502 3395 2571 Julianum,
3431 2523 3450 2556 ι
3488 2520 3587 2573 per
3607 2520 3741 2574 Opus
3760 2504 3838 2558 Dei

2253 2609 2386 2666 opus
2413 2595 2612 2650 diaboli
2639 2596 2864 2651 transire
2888 2611 2994 2651 non
3023 2595 3250 2660 sinitur;
3289 2614 3309 2649 ι
3341 2605 3396 2652 ει
3415 2596 3548 2652 dicit
3566 2597 3837 2666 Apostolus

2253 2705 2350 2761 per
2380 2688 2626 2745 homines
2659 2689 2910 2745 transisse
2958 2705 3094 2760 opus
3137 2689 3374 2755 diaboli;
3405 2705 3511 2745 non
3560 2699 3691 2744 sunt
3729 2704 3840 2760 ergo

2254 2782 2500 2838 homines
2529 2797 2664 2854 Opus
2707 2782 2823 2840 Dei.
2867 2783 3143 2840 Manichzei
3171 2792 3255 2840 est
3297 2785 3399 2839 ista
3427 2784 3726 2851 conclusio,
3753 2800 3838 2839 ve-

2255 2877 2408 2932 niens
2436 2876 2534 2944 illi,
2577 2875 2806 2942 Juliane,
2853 2876 2922 2932 de
2964 2875 3228 2948 adjutorio
3258 2885 3370 2932 tuo.
3421 2876 3527 2933 Sed
3558 2877 3834 2945 Apostolus

2255 2984 2352 3040 pro
2381 2969 2606 3025 veritate
2651 2968 2953 3036 decertans,
3000 2977 3055 3025 et
3105 2968 3521 3049 hominesdicit
3562 2984 3686 3025 esse
3721 2985 3838 3041 opus

2254 3061 2370 3128 Dei,
2403 3069 2460 3116 ut
2485 3068 2787 3131 prosternat
2825 3060 3174 3116 Manichaeum
3199 3079 3215 3128 ;
3246 3070 3302 3117 et
3323 3076 3421 3132 per
3442 3075 3581 3132 opus
3605 3060 3722 3127 Dei,
3753 3061 3839 3116 hoc

2255 3162 2354 3220 est,
2406 3168 2501 3224 per
2527 3153 2772 3209 homines
2815 3153 3070 3211 transisse
3111 3170 3247 3226 opus
3275 3154 3492 3224 diaboli,
3527 3165 3586 3210 ut
3611 3171 3735 3210 cum
3759 3155 3836 3210 illo

2257 3256 2559 3318 prosternat
2585 3256 2639 3303 et
2669 3255 2720 3303 te
2749 3247 2942 3318 ipsum.

2328 3338 2510 3394 XLIV.
2541 3339 2661 3396 ιυι..
2703 3339 2833 3395 Illud
2865 3349 3040 3396 tamen
3067 3340 3356 3410 admoneo,
3395 3341 3573 3398 solere
3607 3343 3764 3399 etiam
3791 3352 3838 3400 te

2255 3432 2307 3488 in
2349 3432 2562 3504 scriptis
2592 3434 2696 3489 tuis
2738 3435 2985 3490 tenebras
3029 3449 3135 3490 non
3174 3435 3356 3492 dicere
3399 3446 3724 3505 creaturam,
3753 3438 3837 3494 sed

2253 3527 2494 3583 absentia
2546 3527 2759 3582 luminis
2806 3543 3086 3585 remanere
3142 3529 3563 3598 obscuritatem;
3610 3539 3670 3586 ut
3718 3530 3837 3586 nihil

2253 3621 2396 3676 aliud
2448 3623 2519 3677 sit
2564 3622 2970 3692 obtencbratio,
3022 3639 3179 3695 quam
3238 3625 3546 3697 splendoris
3593 3627 3835 3683 exclusio.

2253 3715 2405 3784 Quod
2436 3731 2563 3786 ergo
2587 3716 2906 3785 excluditur,
2935 3726 3236 3775 creaturam
3267 3735 3466 3787 vocas;
3495 3721 3644 3792 quod
3674 3738 3834 3779 rema-

2255 3817 2366 3873 net,
2401 3808 2648 3865 tenebras
2681 3828 2695 3863 :
2727 3809 2865 3880 quod
2897 3811 3111 3882 quidem
3155 3813 3426 3884 vulgatum
3455 3830 3486 3868 a
3514 3815 3834 3886 philosophis

2254 3911 2374 3966 est;
2404 3916 2504 3956 nec
2549 3917 2690 3957 nunc
2719 3918 2902 3973 qumro
2931 3918 3191 3960 verumne
3234 3918 3356 3960 esse
3385 3915 3625 3976 putetur,
3655 3923 3718 3962 an
3746 3907 3836 3962 fal-

2253 4010 2370 4049 sum
2403 4011 2415 4048 :
2445 3994 2540 4050 sed
2581 3995 2709 4050 illud
2755 3995 2986 4063 inculco,
3019 3997 3268 4054 tenebras
3296 4006 3349 4053 tu
3392 4014 3501 4054 non
3548 3999 3679 4055 dicis
3722 4015 3836 4056 esse

2253 4087 2394 4142 aliud
2436 4103 2592 4158 quam
2636 4087 2767 4143 nihil
2800 4106 2812 4143 :
2845 4089 2898 4143 in
2929 4089 3143 4145 homine
3185 4099 3400 4156 autem,
3450 4090 3502 4147 id
3543 4103 3644 4160 at,
3686 4107 3837 4162 opere

2255 4177 2349 4234 Dei
2379 4179 2574 4233 malum
2601 4179 2721 4236 ideo
2757 4179 3028 4236 exstitisse
3057 4183 3467 4252 argumentaris,
3511 4183 3634 4253 quia
3670 4184 3733 4239 de
3761 4185 3837 4238 ni-

2257 4269 2366 4323 hilo
2410 4269 2578 4324 factus
2621 4279 2737 4324 erat
2779 4289 2792 4326 :
2835 4286 3051 4327 causam
3096 4287 3226 4343 ergo
3273 4273 3396 4327 ntali
3445 4273 3578 4328 illud
3623 4275 3834 4331 nihilum

2253 4359 2423 4418 fuisse
2464 4361 2772 4432 conﬁrmas,
2821 4365 2963 4434 quod
2997 4365 3220 4421 nihilum
3253 4367 3498 4422 tenebras
3527 4369 3682 4423 etiam
3711 4384 3832 4438 pro-

2254 4454 2487 4508 nuntias.
2512 4453 2895 4510 Necessitatem
2917 4457 3096 4527 itaque
3124 4458 3250 4513 mali
3269 4458 3336 4514 de
3356 4460 3695 4515 tenebrarum
3710 4459 3836 4515 dicis

2252 4546 2560 4603 conditione
2580 4547 2927 4606 descendam.
2957 4551 3118 4621 Igitur
3139 4567 3238 4607 nec
3267 4552 3319 4607 iu
3346 4553 3449 4609 hoc
3467 4570 3498 4609 a
3523 4565 3838 4625 prazceptore

2253 4637 2520 4706 dissentis,
2555 4640 2806 4710 quoniam
2835 4643 3161 4700 voluntatem
3191 4645 3382 4700 malam
3408 4646 3612 4716 pariter
3634 4646 3834 4701 aeternis

2253 4733 2488 4789 tenebris
2511 4733 2800 4813 deputatis.

2322 4828 2456 4886 Auc.
2500 4827 2664 4884 Paulo
2711 4838 2836 4886 ante
2858 4828 2966 4900 jam
3000 4830 3093 4886 tibi
3123 4830 3192 4886 de
3235 4831 3403 4887 nihilo
3441 4832 3578 4888 nihil
3607 4833 3791 4888 dicenti
3814 4875 3830 4900 ,

2249 4930 2502 4992 quantum
2532 4931 2715 4992 aperte
2742 4922 2910 4993 potui,
2944 4923 3282 4996 breviterque
3308 4927 3586 4995 respondi,
3615 4935 3668 4982 et
3693 4940 3831 4981 nunc

2249 5012 2443 5068 frustra
2473 5012 2538 5068 ad
2569 5014 2816 5070 tenebras
2857 5014 3071 5070 voluisti
3101 5014 3306 5086 fugere.
3352 5016 3468 5072 Non
3495 5018 3685 5073 latebis
3714 5035 3728 5071 :
3756 5018 3835 5071 lu-

2248 5121 2370 5161 men
2401 5105 2596 5176 quippe
2625 5115 2676 5161 te
2702 5109 3042 5178 persequitur
3070 5107 3330 5174 veritatis,
3364 5109 3434 5162 ita
3460 5109 3648 5166 dicens
3676 5109 3833 5164 factas

2248 5213 2312 5254 ex
2345 5197 2510 5252 nihilo
2530 5209 2824 5266 creaturas,
2851 5217 2968 5270 qum
3001 5215 3104 5256 non
3132 5209 3256 5255 sunt
3282 5201 3423 5271 quod
3447 5201 3563 5272 ipse
3588 5203 3672 5272 qui
3694 5202 3830 5265 fecit,

2248 5298 2306 5344 ut
2343 5289 2515 5360 ipsum
2559 5290 2691 5345 nihil
2732 5307 2837 5347 non
2880 5292 3212 5347 existimetur
3243 5293 3320 5347 vel
3353 5293 3679 5364 intelligatur
3715 5309 3831 5349 esse

2246 5380 2464 5451 aliquid,
2492 5395 2594 5437 nec
2633 5381 2697 5436 ad
2729 5380 3029 5438 faciendum
3059 5382 3258 5440 habere
3283 5385 3515 5455 aliquam
3548 5387 3652 5440 vim
3677 5401 3690 5449 ;
3718 5385 3834 5455 quia

2247 5472 2291 5527 si
2337 5472 2577 5540 haberet,
2611 5489 2718 5528 non
2761 5485 2904 5530 esset
2934 5474 3088 5530 nihil.
3138 5477 3218 5531 Ac
3256 5492 3354 5548 per
3399 5477 3521 5546 hoc,
3571 5477 3699 5532 nihil
3740 5490 3836 5529 nec

2245 5579 2440 5635 corpus
2481 5575 2562 5620 est
2607 5565 2794 5634 ullum,
2841 5581 2941 5621 nec
2990 5568 3229 5637 spiritus,
3275 5583 3376 5624 nec
3404 5567 3488 5624 his
3535 5568 3837 5624 substantiis

2246 5657 2440 5727 aliquid
2468 5657 2738 5725 accidens,
2768 5675 2867 5715 nec
2892 5658 3135 5715 informis
3161 5660 3266 5716 ulla
3296 5661 3572 5728 materies,
3604 5677 3699 5719 nec
3723 5661 3838 5715 ina-

2247 5751 2330 5807 nis
2373 5753 2541 5821 locus,
2583 5768 2683 5809 nec
2710 5754 2840 5825 ipsa:
2869 5754 3126 5824 tenebrae,
3155 5754 3249 5812 sed
3278 5769 3500 5828 prorsus
3522 5755 3656 5812 nihil
3679 5773 3693 5810 :
3715 5753 3837 5825 quia

2310 5886 2327 5953 ξ
2363 5886 2436 5953 sic
2459 5893 2562 5935 Mss.
2587 5885 2708 5936 Editi
2731 5899 2870 5953 vero,
2887 5887 3082 5953 ingenii.

2310 5947 2381 6020 (a)
2409 5954 2474 6020 lix
2489 5961 2658 6020 graer
2670 5947 2964 6020 omuméros':
2995 5952 3060 6004 de
3082 5954 3329 6008 sententia
3341 5953 3516 6007 dicitur
3530 5950 3663 6007 fatue
3677 5955 3833 6014 acula:

2245 6011 2327 6066 vel
2349 6008 2579 6065 celeriter
2601 6011 2846 6076 dissipata.
