3962 6478
180 319 302 379 188]

175 436 260 491 ubi
300 440 423 489 sunt
447 430 703 498 tenebrae,
735 442 930 499 corpus
967 434 1049 482 est
1071 424 1281 498 aliquod
1310 438 1498 481 carens
1525 425 1747 490 lumine,

173 526 281 583 sive
301 530 413 592 aer,
441 523 552 578 sive
578 530 735 593 aqua,
760 520 871 575 sive
897 518 1090 590 aliquid
1112 517 1252 572 aliud
1274 533 1290 585 ;
1317 517 1579 587 corporali
1604 508 1748 571 enim

172 615 368 671 lumine
394 614 476 670 vel
507 612 791 668 illuminari
820 622 873 667 ιιι
900 612 1120 678 clari-at,
1159 609 1244 665 vel
1284 607 1478 680 privari
1518 617 1577 662 ut
1599 609 1751 662 lene-

170 706 393 769 brescat,
425 704 522 759 nisi
560 718 755 775 corpus
785 717 891 756 non
932 709 1126 774 potest.
1157 699 1236 756 Ac
1264 706 1358 771 per
1396 698 1498 754 hoc
1525 699 1747 753 istarum

168 797 519 868 corporalium
565 795 900 851 tenebrarum
947 786 1193 848 cenditor
1238 808 1342 845 non
1375 797 1476 855 est,
1528 789 1628 845 nisi
1657 787 1748 859 qui

167 889 400 948 condidit
424 894 644 960 corbem
681 928 695 941 .
723 888 939 959 propter
966 880 1105 957 quod
1151 885 1204 940 in
1230 886 1430 958 hymno
1477 882 1634 938 trittm
1663 879 1750 935 vi-

167 986 343 1038 rorum
377 980 696 1036 benedicunt
721 993 840 1033 cum
872 979 958 1032 lux
985 986 1039 1033 ct
1065 976 1296 1032 tenebrae
1325 975 1490 1048 (Dan.
1520 990 1599 1039 ιιι,
1627 972 1746 1044 72).

168 1076 310 1133 Fecit
340 1091 466 1146 ergo
494 1075 632 1130 Deus
660 1080 849 1128 cuncta
877 1071 944 1127 de
983 1068 1148 1125 nihilo
1172 1086 1185 1133 ;
1218 1069 1269 1124 id
1298 1078 1397 1133 est,
1427 1067 1600 1122 omnia
1629 1082 1749 1137 qua)

166 1179 219 1222 ut
247 1175 432 1221 essent
470 1165 611 1230 fecit,
644 1165 687 1219 si
718 1169 902 1219 eorum
946 1162 1204 1232 originem
1235 1161 1457 1232 primam
1489 1158 1748 1229 respicia-

164 1275 278 1314 mus
303 1274 374 1313 εχ
399 1258 486 1313 his
533 1272 650 1328 quae
690 1270 795 1311 non
825 1264 977 1311 erant
1003 1254 1126 1309 fecit
1154 1272 1168 1309 :
1200 1252 1303 1308 hoc
1330 1252 1498 1307 Cra-ci
1526 1250 1745 1317 dicunt,

162 1360 213 1420 ἱε
236 1358 318 1408 οὐκ
350 1352 509 1408 ειτων.
558 1350 709 1419 Quod
749 1366 815 1404 ne
840 1349 1085 1404 credatur
1126 1347 1193 1402 de
1223 1346 1523 1417 Unigenito,
1553 1344 1642 1416 qui
1667 1352 1750 1400 εει

164 1437 300 1503 Deus
317 1447 388 1502 de
406 1446 516 1501 Deo
538 1488 553 1512 ,
579 1445 756 1499 lumen
776 1442 843 1498 de
861 1443 1087 1507 lumine,
1121 1451 1173 1495 ει
1189 1439 1309 1495 ideo
1337 1455 1441 1493 non
1471 1438 1536 1493 dc
1561 1438 1743 1502 nihilo,

163 1537 508 1591 vehementer
550 1534 815 1590 Catholica
864 1533 1063 1587 resistit
1106 1529 1337 1584 Arianis.
1383 1518 1517 1584 Cum
1567 1528 1748 1598 itaque

162 1627 408 1692 dicimus,
444 1643 548 1680 non
595 1625 715 1679 ideo
759 1623 993 1693 potuisse
1021 1620 1147 1675 oriri
1177 1624 1239 1676 ex
1273 1621 1414 1675 bene
1441 1619 1630 1673 malam
1658 1634 1749 1672 vo-

162 1715 442 1785 luniatem,
474 1719 594 1790 quia
636 1718 831 1772 honmn
879 1715 1071 1770 factum
1115 1716 1252 1769 'csta
1294 1712 1434 1766 bono
1478 1710 1607 1778 Deo,
1652 1709 1748 1765 sed

162 1813 276 1883 quia
299 1810 373 1867 de
396 1812 565 1866 nihil‘o
592 1808 784 1864 factum
826 1818 930 1874 est,
984 1823 1087 1861 non
1131 1804 1199 1860 de
1247 1804 1390 1869 Deo;
1440 1820 1544 1859 non
1585 1803 1750 1859 nihilo

162 1896 351 1961 damus
382 1898 540 1957 ullam
572 1905 836 1967 naturam,
864 1898 956 1955 sed
983 1907 1223 1953 naturam
1263 1895 1478 1951 factoris
1503 1912 1532 1949 a
1561 1904 1746 1950 natura

162 2011 345 2051 eorum
374 2011 495 2067 quae
534 2003 657 2048 sunt
687 1992 821 2048 facta
848 1989 1222 2047 discernimus.
1254 1989 1377 2044 Ideo
1402 1987 1597 2060 quippe
1624 2003 1747 2058 pos-

162 2097 275 2142 sunt
304 2088 411 2143 ista
434 2087 646 2154 minari,
670 2086 782 2141 sive
806 2086 1096 2148 voluntate,
1126 2084 1258 2138 sicut
1288 2082 1558 2136 rationalis
1578 2082 1750 2153 potuit

162 2187 428 2245 creatura,
454 2178 565 2233 sive
592 2176 818 2248 propriis
839 2175 1177 2247 qualitatibus
1202 2174 1332 2237 suis,
1361 2173 1495 2227 sicut
1521 2184 1745 2241 caetera;

160 2270 412 2341 quoniam
441 2270 507 2324 de
535 2267 701 2323 nihilo
741 2266 876 2322 laeta
920 2275 1063 2332 sunt,
1094 2281 1195 2319 non
1242 2264 1308 2319 de
1337 2264 1466 2330 Deo,
1509 2263 1749 2335 quamvis

159 2361 390 2418 faciente
416 2360 625 2416 nonnisi
656 2359 805 2425 Deo;
835 2357 885 2413 id
910 2366 1012 2423 εει,
1053 2358 1175 2428 quia
1207 2371 1311 2410 non
1342 2358 1463 2409 sunt
1487 2355 1642 2424 quod
1663 2353 1748 2410 illa

160 2463 375 2520 natura,
418 2469 538 2523 qua:
562 2451 696 2505 facta
727 2466 829 2504 non
856 2458 957 2512 est,
986 2457 1143 2518 atque
1184 2443 1255 2502 ‘ob
1281 2445 1381 2500 hoc
1410 2437 1750 2523 immutabilis

160 2545 267 2600 sola
298 2552 405 2599 est.
435 2543 493 2599 Si
532 2554 659 2613 ergo
683 2541 763 2595 vis
791 2538 1110 2595 Μιιιιῑειιιειιε
1137 2538 1220 2592 vel
1248 2536 1485 2592 devitarc
1510 2535 1593 2590 vel
1633 2536 1751 2591 vina-

160 2642 302 2698 ce‘re,
336 2636 441 2689 hoc
466 2649 613 2704 sape,
640 2624 743 2687 hoc
769 2636 900 2703 cape
938 2618 1299 2699 intelligendo,
1344 2627 1388 2683 si
1429 2634 1603 2700 potes,
1633 2642 1750 2682 crc-

159 2725 361 2794 dendo,
406 2726 453 2781 si
500 2741 607 2780 non
654 2728 828 2795 potes,
875 2722 1123 2794 quoniam
1170 2730 1236 2776 e'x
1283 2719 1436 2775 bonis
1466 2720 1582 2775 orta
1626 2720 1751 2776 sunt

158 2820 319 2886 mala,
355 2835 456 2876 nec
481 2828 563 2875 est
589 2817 787 2888 aliquid
819 2816 1015 2871 malitia
1045 2815 1142 2870 nisi
1170 2815 1455 2886 indigentia
1486 2814 1633 2870 boni.

225 2910 396 2966 XLV.
425 2910 543 2966 Jun.
585 2908 782 2965 Verum
810 2917 867 2962 ut
892 2907 1079 2962 ambos
1106 2921 1202 2961 vos
1227 2906 1422 2961 veritas
1445 2905 1663 2974 detexit,
1696 2914 1752 2963 et

160 3002 373 3072 premit
403 3019 419 3055 :
449 3002 519 3055 ita
544 3016 575 3054 a
605 3000 758 3055 nobis
784 2997 1144 3054 consideratio
1169 2996 1336 3052 nostri
1364 2990 1593 3068 reposcit
1635 2998 1753 3053 otii-

158 3092 245 3157 cii,
280 3103 343 3146 ut
371 3091 493 3161 quid
516 3090 586 3145 sit
611 3090 711 3144 huc
737 3088 877 3161 quod
898 3088 1271 3143 obscuritatem
1294 3086 1418 3143 huic
1444 3088 1746 3158 quaestioni,

158 3192 273 3252 qua:
299 3181 417 3252 jam
457 3188 725 3236 exarmata
769 3188 873 3247 est,
921 3178 1138 3242 fecerat,
1170 3178 1515 3248 explicemus.
1560 3179 1749 3235 Omnia

156 3288 273 3342 qua:
324 3271 482 3338 ﬁunt,
512 3260 661 3326 auta
701 3270 1022 3337 necessario,
1053 3273 1145 3323 aut
1168 3284 1198 3323 a
1227 3270 1459 3339 possibili
1502 3268 1751 3325 dicuntur

156 3365 417 3420 existere.
449 3362 819 3419 Necessarium
848 3370 1023 3417 autem
1055 3351 1142 3417 hic
1175 3361 1315 3428 dico,
1360 3378 1463 3416 non
1491 3361 1632 3433 quod
1658 3378 1750 3417 so-

160 3454 343 3512 lemus
393 3455 523 3510 utile
562 3464 885 3524 nuncupare,
932 3453 1024 3510 sed
1072 3453 1214 3525 quod
1261 3453 1549 3524 majoribus
1595 3453 1752 3511 fuerit

158 3547 337 3601 causis
393 3554 658 3601 coactum.
713 3545 1083 3601 Necessarium
1129 3559 1257 3615 ergo
1305 3559 1594 3612 vocamus,
1642 3561 1749 3601 non

156 3636 298 3705 quod
322 3636 380 3690 in
401 3635 522 3705 jure
545 3636 613 3691 sit
630 3634 935 3701 voluntatis,
955 3634 1047 3691 sed
1074 3634 1214 3705 quod
1236 3634 1462 3704 patiatur
1485 3636 1750 3693 existendi

156 3727 285 3783 vim.
338 3728 601 3784 Possibile
644 3737 822 3783 autem
851 3727 1097 3790 dicimus,
1143 3726 1284 3798 quod
1314 3741 1415 3782 nec
1444 3726 1702 3783 existeudi
1730 3770 1747 3796 ,

156 3830 255 3876 nec
284 3836 399 3876 non
430 3819 691 3875 existendi
722 3821 772 3874 in
803 3820 1026 3875 alteram
1073 3828 1276 3890 partem
1323 3820 1630 3890 experiatur
1660 3836 1752 3876 ne-

158 3912 498 3977 cessitatem,
538 3910 631 3966 sed
658 3911 819 3966 certis
847 3910 1016 3966 modis
1044 3920 1097 3967 et
1124 3911 1292 3983 possit
1318 3926 1457 3975 esse,
1500 3920 1554 3966 et
1583 3911 1754 3982 possit

157 4018 262 4058 non
292 4017 442 4057 esse.
473 4002 673 4058 Teneat
715 4017 842 4073 ergo
867 4002 1036 4057 lector
1064 4011 1267 4067 noster,
1297 4001 1424 4073 quid
1455 4001 1541 4056 hic
1566 4017 1754 4059 neces-

155 4088 389 4153 sarium,
410 4087 537 4158 quid
561 4087 807 4157 possibile
833 4099 1216 4156 nuncnpemus.
1247 4085 1436 4142 Etuta
1460 4086 1751 4156 grandibus

155 4181 482 4237 inchoemus
522 4179 809 4248 exemplis,
860 4188 917 4233 ut
966 4178 1104 4234 Deus
1150 4176 1350 4233 faceret
1397 4177 1689 4244 mundum,
1720 4189 1753 4234 a

154 4271 406 4342 possibili
446 4271 590 4325 venit
614 4271 687 4335 ei,
733 4284 837 4325 non
862 4285 892 4325 a
918 4262 1254 4335 necessario;
1283 4268 1335 4325 id
1362 4277 1463 4331 est,
1505 4270 1752 4341 omnipo-

156 4365 345 4421 tentis:
373 4364 492 4433 ejus
520 4364 770 4433 possibile
795 4362 893 4417 fuit
920 4372 1103 4418 ereare
1131 4377 1249 4433 qua:
1273 4361 1529 4426 condidit,
1564 4376 1753 4418 neces-

153 4457 363 4511 sarium
392 4464 570 4510 tamen
615 4470 719 4509 non
761 4453 878 4516 fuit,
923 4453 1168 4508 videlicet
1196 4468 1300 4507 non
1344 4462 1426 4507 est
1468 4452 1535 4508 ab
1575 4454 1753 4522 aliquo

153 4557 382 4602 coactus
411 4555 465 4601 ιιι
512 4544 728 4613 faceret,
774 4545 866 4599 sed
902 4543 1024 4601 fecit
1069 4545 1191 4615 quia
1241 4544 1425 4607 voluit,
1474 4543 1613 4614 quod
1648 4556 1752 4598 non

151 4640 383 4696 fecisset
429 4637 666 4708 profecto
707 4639 751 4692 si
783 4638 1056 4693 noluisset.
1109 4639 1179 4692 At
1220 4636 1321 4690 hoc
1365 4636 1507 4706 quod
1549 4635 1753 4691 auctori

150 4731 330 4785 adl’uit
374 4741 405 4785 a
436 4729 694 4800 possibili,
728 4730 779 4783 in
810 4744 968 4799 opere
1003 4744 1032 4782 a
1062 4729 1362 4782 necessario
1407 4727 1598 4781 lacttun
1628 4736 1710 4783 est
1732 4767 1749 4794 ,

150 4823 205 4878 id
236 4832 349 4885 est,
379 4837 485 4876 non
512 4822 605 4875 fuit
638 4821 835 4875 mundo
863 4821 1110 4888 possibile
1136 4835 1256 4876 esse
1281 4828 1337 4875 et
1364 4834 1467 4874 non
1498 4833 1636 4886 esse,
1664 4818 1754 4890 qui

150 4930 282 4971 esse
329 4915 401 4969 ab
430 4913 804 4985 Omnipotcnte
853 4913 1151 4983 iubebatur,
1198 4912 1290 4968 sed
1328 4912 1616 4983 cogebatur
1639 4911 1754 4968 cxii-

149 5018 326 5075 stere,
357 5006 444 5061 cui
474 5003 823 5076 Omnipotens
854 5000 1136 5060 mandabat
1162 5006 1472 5060 essentiam.

223 5098 373 5152 Anc.
414 5096 695 5164 Quomodo
745 5096 974 5150 mundus
1032 5095 1319 5165 cogebatur
1362 5095 1614 5161 existere,
1665 5096 1754 5167 qui

150 5205 264 5243 non
289 5196 414 5245 erat
437 5197 722 5258 antequam
748 5187 1040 5243 existi-ret?
1075 5187 1353 5255 Quomodo
1378 5189 1584 5258 cogitur
1608 5190 1755 5260 quis-

148 5297 285 5351 que,
310 5282 358 5334 si
384 5297 490 5335 non
517 5280 643 5334 est?
670 5278 858 5336 Nonae
880 5281 1048 5335 satius
1066 5287 1253 5334 eratut
1278 5278 1505 5345 diceres,
1533 5279 1757 5336 Mundus

146 5372 337 5430 factus
363 5378 449 5428 est
474 5373 569 5427 Dei
599 5372 889 5434 voluntate,
924 5387 1027 5426 non
1054 5370 1188 5425 sua?
1218 5370 1323 5424 Sed
1366 5386 1544 5443 perge,
1573 5371 1755 5425 videa-

148 5481 285 5520 mus
315 5465 445 5535 quid
489 5479 554 5518 ex
586 5464 686 5517 ista
735 5462 1072 5517 diStinetione
1100 5461 1366 5530 possibilis
1392 5470 1445 5515 et
1472 5461 1757 5517 necessarii

147 5558 383 5612 coneris
429 5555 714 5610 ostendere
746 5572 761 5610 :
791 5569 951 5625 quam
1001 5554 1189 5609 melius
1239 5567 1519 5624 possemus
1563 5554 1760 5608 intelli-

146 5664 313 5721 gere,
344 5649 389 5703 si
417 5662 535 5703 eam
562 5660 987 5701 commemorare
1030 5643 1415 5712 tantummodo,
1447 5660 1552 5699 non
1583 5653 1637 5700 et
1665 5660 1757 5699 ex-

148 5753 369 5813 ponere
407 5737 694 5793 voluisses.
722 5736 853 5804 Quis
880 5735 1022 5790 enim
1063 5750 1167 5791 non
1199 5735 1391 5802 videat,
1435 5748 1593 5791 omne
1616 5733 1757 5806 quad

456 5851 682 5912 Sum.
726 5850 1003 5913 Αυευετ.
1049 5848 1133 5910 Χ.

1542 308 1744 366 LIBER
1779 308 2096 379 QUlNTCS.

3304 322 3324 379 Ι
3336 322 3439 381 482

1860 423 1971 479 ﬁeri
2014 439 2235 483 necesse
2263 433 2364 495 est,
2391 426 2550 483 etiam
2590 418 2699 484 ﬁeri
2744 442 2936 500 posse;
2969 445 3073 486 non
3098 447 3255 499 omne
3294 436 3437 506 quod

1858 513 1969 569 lic‘ri
1995 519 2188 585 potest,
2217 516 2374 571 etiam
2402 515 2513 573 fieri
2545 522 2761 574 ιιεεεεεε
2787 521 2948 576 esse?
2975 523 3030 577 Si
3058 539 3185 596 ergo
3214 524 3314 583 hoc
3339 520 3435 583 tibi

1858 607 2053 678 placuit
2080 608 2346 679 appellare
2376 610 2647 680 possibile,
2693 611 2832 682 quod
2875 614 2944 670 ita
2991 615 3100 670 ﬁeri
3148 627 3342 687 potest,
3374 620 3433 676 ut

1857 704 1962 753 non
1987 699 2058 753 sit
2084 706 2338 767 necesse;
2372 699 2500 756 illud
2528 711 2706 756 autem
2736 706 3111 769 necessarium,
3141 709 3281 778 quod
3325 713 3434 765 non

1856 790 2027 845 solum
2057 791 2168 847 ﬁeri
2201 801 2391 863 potest,
2419 809 2605 849 verum
2636 795 2794 849 etiam
2825 811 3042 852 necesse
3069 809 3151 854 est
3176 818 3188 853 :
3218 802 3438 872 loquere

1857 890 1913 936 ut
1937 880 2037 950 vis,
2072 883 2157 938 ubi
2184 900 2269 939 res
2291 894 2566 956 apparent,
2598 897 2804 944 nonest
2830 889 2901 943 de
2927 889 3102 945 verbis
3120 902 3434 950 controvers

1855 974 1933 1029 sia
1997 975 2256 1032 facienda.
2326 978 2468 1034 Satis
2513 988 2596 1036 est
2641 995 2801 1037 nosse
2864 998 3025 1039 onine
3073 988 3433 1043 necessarium

1855 1081 1975 1122 esse
2026 1064 2302 1138 possibile,
2355 1079 2462 1128 non
2514 1084 2672 1128 omne
2721 1074 2971 1146 possibile
3015 1091 3134 1134 esse
3182 1072 3434 1136 necessa-

1855 1172 2014 1213 num.

1925 1243 2109 1309 XLVI.
2142 1251 2242 1310 .lu.
2301 1243 2531 1312 iTransiit
2555 1273 2681 1330 ergo
2708 1259 2762 1314 in
2793 1263 3163 1319 uecesSitatem
3193 1264 3391 1321 conditi
3413 1307 3432 1335 ,

1854 1344 1994 1415 quod
2037 1356 2254 1403 venerat
2276 1344 2344 1404 de
2369 1341 2715 1418 possibilitate
2757 1353 3054 1409 candentis.
3103 1355 3247 1413 Fecit
3272 1358 3432 1414 etiam

1854 1424 2095 1493 diversas
2115 1449 2327 1494 naturas
2347 1440 2692 1512 diversasque
2712 1445 2917 1513 Species
2940 1445 2991 1499 in
3011 1448 3231 1515 naturis,
3255 1458 3438 1505 custo-

1854 1524 1967 1581 dito
1992 1543 2057 1583 eo
2082 1529 2270 1585 ordine
2308 1532 2395 1602 qui
2423 1548 2453 1586 a
2484 1549 2658 1588 rermn
2689 1536 2703 1567 ί
2731 1535 2925 1591 ﬂuitabat
2954 1538 3195 1596 exordio,
3231 1548 3284 1591 ut
3328 1540 3434 1597 alia

1854 1630 2037 1676 essent
2067 1624 2390 1687 necessaria,
2434 1625 2534 1679 alia
2568 1626 2856 1696 possibilia.
2888 1629 3150 1700 Quidquid
3181 1646 3309 1703 ergo
3336 1630 3436 1686 had-

1854 1709 1984 1766 bent
2016 1720 2275 1768 creatura:
2305 1715 2636 1783 naturaliter,
2668 1732 2698 1771 a
2739 1718 3023 1773 necessarii
3053 1730 3202 1790 parte
3231 1720 3436 1778 sortita!

1853 1811 1998 1857 sunt.
3130 1872 3137 1877 1

1925 1895 2059 1950 Avo.
2101 1892 2156 1947 Si
2200 1894 2452 1966 quidquid
2494 1895 2689 1953 habent
2732 1909 2990 1956 creatura:
3036 1901 3374 1970 naturaliter,
3402 1910 3435 1959 τι

1852 1978 2004 2052 parte
2047 1986 2332 2039 necessarii
2376 1987 2577 2042 sortita:
2620 1997 2776 2056 sunt;
2810 2006 2916 2045 non
2952 2006 3082 2063 ergo
3122 1994 3435 2049 naturaliter

1855 2070 2051 2129 habent
2072 2074 2312 2131 lnunines
2338 2078 2477 2148 quod
2504 2081 2882 2148 c'oncdmbu'nt,
2915 2074 3008 2140 sed
3038 2083 3179 2157 quod
3210 2094 3435 2157 possunt

1853 2167 2208 2222 concumbere
2239 2184 2252 2222 :
2286 2183 2385 2223 nec
2421 2166 2508 2224 ille
2532 2186 2690 2241 quem
2716 2173 3005 2244 Apostolus
3044 2170 3433 2234 commemorati

1855 2259 1950 2326 Vit,
1980 2252 2232 2315 naturalis
2260 2272 2341 2315 est
2366 2276 2496 2318 usus
2523 2263 2733 2319 l'emime
2758 2265 2935 2338 (Rom.
2970 2285 3006 2335 ι,
3038 2262 3152 2342 27),
3185 2274 3277 2328 sed
3306 2289 3434 2344 pos-

1855 2344 2078 2406 sibilitas
2103 2351 2257 2421 ejus;
2284 2353 2329 2408 si
2356 2354 2496 2409 enim
2527 2355 2659 2410 nolit
2684 2356 2861 2424 homo,
2897 2376 3000 2417 non
3032 2374 3113 2419 est
3142 2365 3256 2436 ipse
3281 2385 3431 2442 usus,

1854 2445 2093 2513 quamvis
2111 2445 2273 2514 possit
2289 2458 2425 2512 esse,
2444 2445 2625 2501 sivclit
2644 2465 2657 2501 :
2674 2449 2988 2519 possibilitas
3008 2470 3133 2525 ergo
3149 2438 3269 2527 ejus
3286 2438 3413 2518 natu

1852 2536 1981 2590 'r.dis
2001 2544 2102 2602 est,
2132 2537 2244 2607 ipse
2272 2552 2374 2592 non
2404 2546 2515 2603 est;
2546 2554 2649 2593 non
2674 2540 2814 2594 enim
2832 2543 3281 2620 estn'dcessarius,
3305 2556 3430 2623 qui‘

1854 2628 2031 2682 nullus
2054 2636 2156 2693 est,
2200 2628 2245 2684 si
2271 2629 2517 2697 nolimus,
2544 2634 2597 2685 et
2621 2623 2811 2687 erravit
2844 2635 3126 2705 Apostolus
3167 2642 3256 2712 qui
3297 2644 3434 2702 dixit

1854 2724 1973 2774 esSe
2007 2727 2159 2774 usum
2208 2718 2418 2775 feminae
2466 2722 2781 2779 naturalem.
2812 2716 2913 2782 Ubi
2959 2738 3042 2784 εει
3083 2731 3242 2787 etiam
3289 2734 3431 2806 quod

1854 2814 1976 2865 ante
2018 2810 2217 2879 dixisti,
2268 2823 2512 2868 naturam
2558 2830 2748 2885 genus,
2791 2817 3130 2892 speciemque
3168 2823 3284 2895 ejus
3309 2842 3429 2884 esse

1854 2900 2196 2971 conjnginm;
2226 2904 2651 2974 quandoquidem
2696 2922 2799 2961 non
2833 2912 3172 2981 necessitate,
3215 2917 3309 2971 sed
3335 2934 3434 2974 γον

1854 2993 2057 3050 luutate
2080 2995 2320 3066 coniugia
2345 2997 2703 3068 copulantur?
2734 3001 2808 3055 Au
2835 3001 2970 3058 forte
2991 3013 3047 3059 ut
3075 3006 3175 3061 hoc
3199 3008 3431 3077 diceres,

1854 3086 2088 3142 nondum
2118 3088 2206 3143 tibi
2237 3089 2287 3142 in
2330 3098 2559 3143 mentem
2592 3103 2804 3147 venerat
2835 3093 3061 3151 duorum
3105 3097 3347 3168 istorum,
3380 3102 3435 3157 id

1854 3188 1955 3244 est,
2000 3180 2287 3234 necessarii
2338 3181 2705 3252 possibilisque
2733 3183 3046 3241 distinctio?
3092 3188 3159 3243 Et
3208 3199 3267 3245 ut
3316 3197 3437 3263 post

1855 3272 2194 3327 concubitum
2237 3287 2457 3328 sexuum
2504 3283 2750 3330 nascatur
2802 3276 2982 3343 homo,
3034 3283 3273 3338 naturale
3323 3299 3433 3341 non

1855 3373 1956 3431 est,
1986 3364 2107 3434 quia
2135 3379 2239 3418 non
2271 3373 2353 3419 est
2378 3366 2780 3421 necessarium?
2806 3367 2920 3422 Non
2946 3369 3085 3424 enim
3112 3387 3332 3428 necesse
3352 3377 3439 3432 est

1856 3462 1914 3511 ut
1940 3466 2192 3526 sequatur
2215 3467 2503 3528 conceptus
2535 3466 2589 3512 et
2616 3465 2815 3530 partus,
2844 3468 2966 3517 cum
3006 3478 3119 3518 mas
3145 3474 3196 3520 et
3236 3459 3436 3523 femina

1854 3547 2235 3602 concubuerint
2266 3563 2280 3600 :
2314 3549 2415 3603 hoc
2439 3557 2616 3604 autem
2651 3550 2918 3619 possibile,
2947 3567 3053 3611 non
3075 3557 3437 3629 necessarium

1855 3636 2107 3704 deﬁnisti,
2134 3637 2275 3708 quod
2315 3636 2428 3694 ﬁeri
2465 3647 2657 3710 potest,
2687 3640 2778 3697 sed
2805 3653 3025 3700 necesse
3053 3659 3158 3701 non
3196 3656 3298 3703 est.
3327 3649 3438 3705 Nec

1857 3729 2168 3784 naturaliter
2192 3728 2609 3785 manducamus?
2634 3731 2767 3799 Quia
2797 3743 2850 3788 ει
2887 3733 2989 3790 Ιιοε
3013 3734 3054 3802 ³,
3083 3736 3126 3791 si
3167 3724 3435 3804 nolumus,

1858 3831 1963 3874 non
1991 3819 2081 3885 tit;
2108 3827 2164 3876 et
2191 3819 2308 3875 ideo
2345 3820 2596 3891 possibile
2620 3831 2720 3887 est,
2767 3830 2872 3879 non
2918 3828 3297 3883 necessarium.
3329 3826 3436 3886 Sed

1857 3909 1956 3966 ista
2000 3919 2197 3982 negare
2221 3927 2340 3966 esse
2370 3911 2654 3980 naturalia,
2696 3915 2824 3968 nihil
2858 3918 2939 3971 εει
2966 3916 3106 3974 aliud
3139 3925 3296 3990 qnam
3325 3936 3439 3975 mas

1854 3998 2012 4073 gnam
2040 4011 2245 4071 partem
2275 4002 2406 4057 velle
2429 3998 2641 4059 auferre
2660 4013 2882 4061 naturze.
2911 3995 3127 4062 Falsum
3154 4018 3236 4066 est
3260 4010 3438 4080 itaque

1857 4094 1999 4165 quod
2028 4095 2169 4160 aisti,
2206 4113 2226 4148 ι
2261 4094 2525 4167 Quidquid
2557 4095 2753 4153 habent
2793 4107 3052 4156 creatura:
3102 4102 3436 4172 naturaliter,

1857 4200 1888 4239 a
1916 4186 2200 4242 necessarii
2247 4198 2394 4258 parte
2439 4188 2640 4244 sortita:
2669 4186 2792 4245 sunt
2823 4207 2838 4245 :
2878 4210 2899 4244 ι
2928 4192 3355 4266 quandoquidem
3385 4207 3442 4252 et

1861 4277 1976 4336 lucc
2002 4295 2121 4350 qua:
2165 4282 2601 4349 commemoravi,
2648 4291 2701 4337 ει
2726 4282 2827 4338 alia
2864 4299 2982 4355 quae.
3019 4300 3442 4343 commemorare

1860 4369 2075 4441 longum
2105 4382 2206 4437 est,
2242 4373 2554 4429 naturaliter
2580 4372 2796 4442 habent,
2831 4386 2931 4430 nec
2967 4391 3029 4431 ea
3062 4385 3234 4434 tamen
3261 4384 3379 4433 sunt
3405 4386 3435 4432 ιι

1860 4462 2143 4517 necessarii
2177 4471 2325 4532 parte
2350 4464 2569 4518 εοιειὶιιε.

1932 4546 2136 4608 XLVII.
2164 4551 2284 4607 JUL.
2324 4553 2421 4622 Qui
2448 4553 2469 4585 ⁸
2498 4560 2676 4609 atltcm
2699 4555 2933 4609 sentiunt
2962 4554 3013 4610 in
3034 4566 3302 4625 processu,
3329 4566 3434 4613 ιιοιι

1860 4657 2072 4712 semper
2100 4659 2129 4697 a
2168 4645 2495 4710 necessario,
2539 4642 2631 4699 sed
2666 4646 2827 4699 multa
2856 4660 2884 4698 a
2926 4647 3161 4716 possibili
3198 4649 3437 4719 capiunt.

1860 4732 1973 4789 line
2017 4734 2068 4787 in
2099 4735 2303 4789 cunctis
2353 4735 2472 4790 lieet
2510 4734 2689 4791 videre
2718 4737 3033 4807 corporibus
3062 4754 3074 4792 :
3104 4739 3197 4794 sed
3230 4739 3441 4811 longior

1860 4825 2144 4895 disputatio
2192 4827 2460 4891 nascitur;
2509 4835 2670 4896 pauca
2718 4836 2893 4884 tamen
2942 4827 3132 4886 demus
3171 4831 3438 4901 exempla.

1860 4914 2054 4972 Natura
2081 4931 2362 4986 corporum
2380 4925 2481 4985 εει,
2512 4921 2569 4972 ιιι
2586 4920 3047 4988 coagmentatiOne
3066 4929 3439 4988 cohercscant,

1860 5008 2118 5064 divisione
2145 5004 2419 5065 Solvantur
2446 5016 2459 5065 ξ
2489 5009 2704 5080 capacia
2730 5023 2859 5079 ergo
2884 5019 3007 5065 sunt
3034 5012 3293 5078 vulneris,
3321 5020 3449 5083 quae“

1862 5099 2132 5170 patiuntur
2158 5099 2447 5154 interitum.
2480 5097 2549 5154 Ut
2578 5112 2705 5169 ergo
2736 5099 2938 5171 possint
2968 5100 3251 5165 Vulnerari,
3282 5117 3312 5156 a
3344 5117 3441 5156 ne-

1861 5192 2093 5246 cessario
2139 5190 2369 5255 habent;
2402 5198 2458 5245 ιιι
2505 5189 2852 5247 vulnerentur
2878 5201 3076 5255 autem,
3120 5206 3149 5245 a
3183 5192 3438 5259 possibili.

1864 5284 1935 5339 lta
1963 5295 1993 5338 ιι
2024 5284 2322 5338 necessario
2349 5291 2432 5337 est
2463 5279 2825 5353 posSibilitatis
2854 5290 3064 5347 natura,
3093 5296 3213 5337 cum
3236 5297 3340 5337 non
3371 5282 3443 5339 sit

1863 5376 2191 5432 necessarius
2217 5375 2580 5446 possibilitatis
2598 5375 2837 5432 cﬂ‘ectus.
2861 5376 3020 5432 Verbi
3041 5375 3226 5446 gratia,
3248 5390 3439 5447 equus,

1928 5556 1945 5589 ί
1966 5555 2101 5614 Fditi,
2125 5567 2221 5619 qua
2242 5567 2420 5619 rerum.
2446 5556 2746 5619 Castigantur
2768 5566 2832 5606 ex
2866 5554 3218 5617 nunuscriptts.

1926 5619 1948 5681 ξ
1982 5616 2271 5681 \‘iguierius,
2296 5618 2425 5680 quia.
2454 5616 2701 5681 Mssa—qui,

1928 5680 1950 5743 ξ
1980 5677 2060 5728 εξιῐ
2077 5688 2177 5729 uss.
2208 5677 2265 5727 tu
2281 5677 2439 5743 vign.,
2459 5678 2576 5741 Quia
2592 5677 2656 5729 ea:
2677 5677 2785 5728 hoc.

1930 5742 1951 5773 ⁸
1984 5748 2142 5802 Forte,
2170 5752 2299 5802 cum.

2555 5836 3137 5923 {Quaranlc-scpt.)
