3990 6470
517 353 541 408 1
560 351 655 407 183

513 466 631 532 hos,
660 474 713 522 ct
738 463 937 522 similes
964 465 1260 521 animantes
1296 462 1684 518 vulnerabilem
1714 461 1913 516 habent
1941 470 2096 515 natu-

512 574 648 621 ram,
679 566 734 612 et
762 556 881 611 ideo
918 555 1240 612 incommodi
1283 555 1498 624 capacia
1539 570 1569 610 a
1596 553 1899 609 necessario
1927 561 2052 608 sunt
2079 568 2095 605 :

514 662 570 705 ut
595 660 772 705 autem
818 651 1182 715 vulnerentur,
1216 663 1321 703 non
1350 661 1563 717 semper
1602 644 1962 701 necessarium
1993 651 2096 700 est.

512 743 569 798 Si
599 743 739 798 enim
769 756 865 812 per
889 740 1214 812 diligentiam
1250 737 1527 793 custodum
1555 735 1905 792 defendamur
1931 750 1962 788 a
1989 735 2101 805 pla-

512 835 610 906 gis,
643 843 866 904 possunt
889 847 995 887 non
1021 830 1285 886 vulnerari
1309 846 1321 882 :
1346 828 1485 899 quod
1507 829 1549 882 si
1572 842 1678 883 non
1707 826 2092 891 custodiantur,

510 933 736 996 possunt
773 923 930 979 etiam
958 921 1242 976 vulnerari.
1297 919 1585 973 Plurimum
1623 933 1750 989 ergo
1777 917 1937 971 distat
1963 916 2103 971 inter

513 1034 574 1073 ea
605 1033 725 1089 qua:
751 1031 782 1071 a
813 1014 1049 1087 possibili
1087 1014 1322 1077 veniunt,
1355 1022 1408 1067 et
1434 1026 1496 1066 ea
1536 1026 1654 1080 qua:
1679 1025 1708 1063 a
1749 1008 2053 1065 necessario
2082 1025 2096 1062 :

512 1128 632 1182 quae
676 1109 777 1165 nisi
821 1107 1148 1163 custodiatur
1190 1104 1494 1169 distinctio,
1547 1103 1598 1156 in
1642 1102 1949 1157 innumeros
1997 1101 2101 1155 itur

513 1220 745 1261 errores.
785 1202 937 1272 Quod
964 1211 1019 1256 ul
1044 1200 1438 1270 comparatione
1476 1197 1738 1251 clarescat
1768 1217 1776 1247 ;
1813 1193 1944 1263 lapsi
1977 1202 2100 1246 sunt

513 1295 726 1366 quidam
775 1292 1053 1348 medicina:
1102 1296 1509 1359 oppugnalOt‘eS,
1565 1284 1915 1356 argutnentati
1963 1283 2101 1337 hanc

513 1395 685 1442 artem
709 1384 833 1439 nihil
860 1382 1058 1437 habere
1084 1380 1317 1434 utilitatis
1340 1396 1359 1443 ;
1386 1378 1761 1447 diSputantque
1792 1372 1893 1428 hoc
1917 1368 2095 1427 modo:

513 1475 850 1531 llioriturisne
879 1471 1139 1528 medicina
1168 1467 1432 1533 subvenit,
1459 1482 1525 1521 an
1556 1464 1813 1521 victuris?
1841 1464 1896 1519 Si
1924 1464 2088 1517 mori-

516 1568 671 1636 turis,
702 1566 830 1622 nihil
873 1572 1149 1637 promovet
1180 1582 1192 1617 :
1223 1563 1267 1617 si
1298 1561 1537 1627 victuris,
1570 1560 1761 1614 frustra
1789 1556 1964 1629 gestit.
1998 1554 2099 1623 Qui

514 1661 657 1716 enim
688 1658 929 1714 morituri
959 1665 1130 1719 erant,
1164 1655 1265 1710 hac
1290 1669 1501 1724 quoque
1528 1652 1821 1717 laborante,
1864 1650 2100 1704 morien-

513 1761 601 1807 tur
632 1769 645 1806 :
679 1750 768 1821 qui
806 1749 1017 1816 victuri,
1070 1749 1185 1802 sine
1213 1760 1423 1817 quoque
1464 1745 1622 1814 hujus
1662 1743 1925 1799 beneﬁcio
1970 1740 2101 1796 salvi

513 1859 632 1901 esse
662 1850 965 1913 potuerunt.
997 1841 1166 1909 Quam
1194 1854 1386 1909 nempe
1409 1839 1688 1904 concinna,
1715 1852 1870 1906 quam
1898 1834 2101 1889 urbana

517 1935 827 1993 conclusio!
860 1934 953 1989 sed
979 1933 1284 1987 dissolvitur
1323 1948 1351 1983 a
1404 1927 1879 2000 propugnatoribus
1928 1925 2101 1980 medi-

510 2027 645 2082 cina:
676 2026 777 2081 hoc
818 2024 979 2079 modo
1008 2042 1020 2076 :
1057 2023 1181 2077 lltcc
1208 2036 1315 2085 ars,
1359 2020 1620 2091 inquiunt,
1654 2018 1868 2089 prodest
1897 2033 1997 2072 nec
2023 2016 2101 2071 vii-

509 2119 695 2184 cturis,
745 2132 843 2173 uec
886 2116 1156 2171 morituris
1200 2113 1457 2169 duntaxat
1496 2127 1526 2166 a
1575 2110 1901 2177 necessario,
1949 2108 2101 2163 seda

507 2209 750 2282 possibili
800 2207 852 2263 id
900 2216 1186 2277 utrumque
1238 2206 1474 2276 passuris
1508 2221 1521 2257 :
1553 2218 1660 2257 non
1712 2217 1838 2273 ergo
1886 2199 2101 2270 adjuvat

507 2302 769 2359 medicina
795 2317 916 2356 eum
949 2300 1038 2371 qui
1067 2300 1184 2354 sine
1210 2297 1369 2352 dubio
1398 2295 1684 2350 moriturus
1712 2303 1812 2359 est,
1845 2293 2098 2363 quoniam

509 2395 685 2451 facere
713 2393 1067 2447 immortalem
1096 2407 1199 2445 non
1250 2396 1459 2458 potest;
1489 2386 1583 2441 sed
1615 2400 1784 2457 neque
1813 2384 1863 2439 ei
1901 2384 2096 2439 subve-

508 2486 608 2551 nit,
651 2485 740 2556 qui
783 2484 898 2538 sine
935 2482 1099 2536 dubio
1144 2482 1345 2534 iuturus
1380 2480 1395 2510 ί
1438 2477 1716 2533 incolumis
1744 2486 1826 2532 est
1865 2495 1879 2531 :
1912 2492 2098 2531 verum

508 2578 609 2644 illi,
640 2577 728 2646 qui
754 2575 798 2630 si
831 2590 933 2629 non
964 2581 1200 2639 curetur,
1233 2570 1519 2643 periclitari
1551 2577 1757 2640 potest;
1788 2569 1832 2623 si
1860 2576 2095 2635 curetur,

507 2661 722 2724 liberari
756 2675 930 2738 potest
960 2683 974 2720 :
1006 2667 1144 2721 sicut
1186 2680 1312 2735 ergo
1339 2678 1441 2718 nec
1481 2663 1683 2718 victuro
1715 2676 1812 2716 nec
1839 2662 2099 2716 morituro

508 2777 539 2816 a
570 2760 855 2817 necessarii
884 2758 1188 2816 conditione
1214 2758 1517 2824 subvenire,
1548 2757 1617 2811 ita
1659 2764 1712 2811 et
1754 2755 2015 2810 morituro
2044 2762 2099 2809 et

508 2857 736 2920 victuro,
766 2854 857 2911 sed
888 2870 918 2909 a
963 2852 1223 2924 possibili,
1252 2866 1341 2906 ars
1371 2859 1545 2922 potest
1585 2848 1790 2905 erudita
1821 2848 2093 2918 prodesse.

509 2946 586 3001 Illi
632 2961 760 3016 ergo
811 2946 1013 3016 priores
1063 2944 1419 2999 medieantum
1471 2942 1659 2996 studiis
1694 2942 2092 3011 obloqncntes,

508 3040 926 3110 prepositionem
958 3053 985 3091 a
1019 3037 1255 3108 possibili
1289 3035 1646 3100 inchoantetn,
1678 3035 1963 3088 necessarii
1996 3033 2098 3088 line

505 3122 816 3189 clauserunt
854 3149 867 3185 :
917 3131 1058 3201 quod
1088 3129 1460 3199 disputationis
1502 3142 1672 3197 genus
1717 3127 1766 3180 in
1816 3127 2095 3180 innumera

503 3222 829 3279 extenditur.
881 3221 1040 3277 Verbi
1086 3221 1276 3292 gratia,
1327 3219 1571 3289 prohibet
1617 3218 1699 3273 lex
1753 3215 2095 3271 homicidium

505 3314 641 3380 ﬁeri,
669 3314 916 3385 prohibet
933 3314 1092 3368 etiam
1122 3312 1451 3383 negligentiae
1479 3325 1574 3380 per
1598 3324 1754 3380 quam
1783 3309 1833 3363 in
1860 3307 2095 3383 pericula

502 3409 675 3464 ruitur
702 3407 1037 3463 occasionem
1066 3406 1201 3469 dari,
1236 3414 1292 3458 ut
1318 3404 1371 3458 in
1401 3413 1553 3457 tauro
1581 3411 1865 3472 cornnpeta
1896 3392 2092 3474 (Exod.

506 3514 620 3565 XXI,
649 3496 864 3570 28-59.),
909 3506 1068 3567 atque
1098 3498 1150 3550 iu
1182 3495 1462 3549 domorum
1490 3494 1703 3547 coronis
1747 3491 1921 3562 (Deut.
1954 3506 2093 3559 xxu,

503 3589 583 3660 8).
615 3590 868 3660 Atpotest
895 3586 998 3644 diei
1025 3606 1039 3643 :
1071 3587 1283 3641 Victore
1312 3584 1555 3639 subvenit
1586 3585 1682 3638 ista
1709 3584 2000 3652 diligentia,
2028 3598 2096 3638 an

505 3681 809 3738 morituro?
837 3680 892 3737 Si
910 3680 1188 3743 morituro,
1217 3676 1344 3732 nihil
1371 3685 1683 3747 promovet:
1712 3675 1756 3728 si
1784 3674 2008 3740 victuro,
2030 3688 2096 3729 c1

504 3771 793 3829 abundanti
838 3771 1104 3836 consulit;
1133 3769 1178 3824 si
1209 3778 1491 3838 tttrumque
1523 3766 1623 3821 hoc
1665 3766 2013 3830 contrarium,
2043 3772 2096 3818 et

502 3880 601 3936 per
646 3862 1024 3934 impedimenta
1076 3871 1131 3916 et
1176 3860 1293 3914 sine
1348 3857 1737 3928 impedimentis
1792 3856 2094 3910 necessario

504 3964 917 4026 consequentur.
950 3954 1022 4008 At
1049 3953 1150 4007 hoc
1175 3951 1366 4006 falsum
1395 3959 1478 4006 est
1510 3968 1523 4004 :
1555 3950 1756 4020 optimo
1785 3949 1924 4003 enim
1953 3962 2096 4002 mors

503 4047 699 4102 talibus
736 4045 854 4116 jure
896 4044 1211 4107 consulitur,
1255 4052 1311 4097 ut
1352 4041 1492 4112 quod
1536 4048 1780 4110 poterant
1826 4039 1931 4109 pati
1978 4040 2094 4093 sine

502 4137 798 4208 diligentia,
830 4135 1115 4206 diligentize
1139 4134 1325 4203 opibus
1353 4135 1374 4165 ¹
1405 4132 1649 4187 evadant.
1678 4129 1834 4186 Aliud
1866 4145 1989 4201 ergo
2013 4142 2094 4184 est

506 4248 536 4285 a
565 4229 819 4301 possibili,
854 4227 993 4283 aliud
1026 4242 1054 4279 a
1078 4227 1401 4280 netessario.
1433 4223 1805 4287 Ostendamus,
1828 4222 1937 4293 jam
1961 4222 2086 4292 quid

510 4321 597 4376 his
638 4318 959 4389 anteloquiis
986 4317 1315 4387 adjuvemnr.
1370 4312 1516 4369 Fecit
1548 4314 1685 4369 Deus
1716 4312 1984 4367 hominem
2028 4306 2092 4367 li-

508 4410 623 4468 beri
654 4410 881 4476 arbitrii,
914 4417 1115 4463 Hallle
1143 4407 1326 4470 bonae;
1356 4405 1449 4461 sed
1480 4421 1597 4475 qua:
1624 4419 1788 4475 capax
1819 4414 1959 4457 esset
1989 4405 2092 4456 vir-

511 4513 701 4567 tutum,
729 4517 860 4573 quas
880 4500 979 4555 sibi
1001 4516 1064 4554 ex
1092 4515 1150 4554 se
1174 4498 1473 4568 mancipata
1492 4496 1668 4551 animo
1690 4504 2051 4565 eompat'asset
2076 4512 2089 4549 :

508 4592 650 4665 quod
679 4594 905 4649 liberum
946 4592 1220 4645 arbitrium
1252 4590 1404 4644 aliter
1436 4599 1680 4645 constare.
1709 4603 1815 4641 non
1856 4596 2089 4657 poterat,

510 4700 669 4756 quam
701 4693 758 4738 ut
797 4683 1019 4737 haberet
1049 4681 1205 4735 etiam
1250 4679 1498 4750 peccandi
1544 4679 1967 4749 possibilitatem.
2003 4677 2091 4730 Li-

509 4779 769 4833 bertatem
801 4789 927 4845 ergo
952 4791 981 4828 a
1009 4774 1308 4829 necessario
1336 4772 1515 4837 habet,
1548 4772 1871 4826 voluntatem
1904 4786 1932 4824 a
1964 4784 2091 4839 pos-

510 4867 671 4922 sibili.
702 4865 817 4921 Non
845 4874 1020 4934 potest
1048 4881 1152 4920 non
1188 4880 1305 4920 esse
1334 4863 1497 4929 liber;
1528 4862 1622 4918 scd
1651 4863 1701 4916 in
1724 4872 1963 4916 neutram
1996 4878 2092 4914 vo-

490 4960 767 5017 luntatem
795 4957 910 5026 cogi
941 4965 1147 5026 potest,
1178 4955 1449 5026 factusque
1475 4954 1553 5010 rei
1580 4953 1891 5008 necessariae
1917 4952 2092 5023 possi-

511 5049 632 5104 bilis
676 5046 914 5102 cll‘ectus.
968 5045 1022 5099 In
1069 5046 1307 5116 p05sib;li
1355 5059 1481 5113 ergo
1523 5043 1730 5114 peccari
1780 5051 1992 5113 potest,
2041 5044 2093 5097 in

514 5137 816 5195 necessario
857 5152 961 5190 non
1007 5146 1213 5207 potest;
1252 5134 1373 5205 quia
1405 5134 1425 5165 ³
1453 5132 1752 5188 necessario
1779 5148 1882 5189 non
1917 5141 2085 5198 actor,

510 5229 605 5286 sed
628 5236 812 5283 auctor
835 5228 947 5297 ipse
970 5240 1250 5291 censetur;
1278 5235 1437 5296 atque
1460 5224 1562 5280 hoc
1582 5223 1719 5295 quod
1740 5233 1907 5293 potest
1930 5224 2091 5279 homo

511 5336 576 5374 ex
610 5320 814 5387 integro
848 5317 940 5373 Dci
977 5326 1085 5383 Csl,
1117 5335 1145 5371 a
1187 5316 1425 5386 possibili
1459 5327 1634 5371 autem
1678 5316 1787 5387 ipse
1813 5328 1960 5371 actor
1986 5332 2089 5371 ex-

513 5410 778 5481 penditur.

583 5502 717 5557 Anc.
760 5499 895 5566 Quid
925 5498 1057 5552 dicis
1077 5497 1143 5552 de
1173 5496 1383 5551 diabolo
1405 5539 1419 5562 ,
1450 5497 1514 5552 de
1538 5512 1644 5569 quo
1686 5498 1937 5565 scriptum
1974 5506 2087 5562 est,

576 5659 589 5689 ι
628 5657 916 5719 \‘igniertus,
939 5653 1042 5703 sine
1057 5650 1201 5702 dubie
1214 5649 1463 5703 ιηεοιιιιιιὶδ
1485 5658 1570 5702 εειε
1590 5658 1651 5699 Ex-
1676 5658 1779 5700 atss.
1801 5651 2091 5713 addendum,

514 5722 715 5781 (taurus.

580 5780 600 5810 ³
632 5780 703 5827 sic
721 5785 827 5829 uss.
854 5785 910 5829 At
934 5775 1071 5839 editi,
1092 5773 1332 5840 operibus.

576 5840 599 5875 ⁸
629 5846 785 5899 Forte,
801 5842 914 5902 quia
934 5854 980 5890 ιι.

1210 346 1455 404 ()PlilllS
1492 344 1902 402 llll'ERFECTl
1941 344 2213 401 CONTRA
2255 343 2613 412 JULIANUM,
2655 346 2712 401 S.
2755 348 3122 406 AUGUSTINI

3662 355 3804 410 “9.1

2210 459 2285 514 Ab
2306 459 2447 513 initio
2470 461 2700 517 diabolus
2724 474 2892 534 peccat
2918 466 2960 537 (1
2987 467 3140 521 .Ionn.
3175 485 3248 532 ιιι,
3274 468 3363 540 8)?
3380 470 3802 528 Possibilitatcm

2211 551 2463 621 peccandi
2496 552 2656 608 habet
2681 569 2749 609 an
2780 558 3149 612 necessitatem
3172 558 3196 612 7
3218 559 3272 615 Si
3314 564 3716 625 necessitatem.
3746 576 3803 620 tu

2212 641 2408 698 videris
2435 643 2707 714 quomodo
2730 644 3024 703 secundum
3052 658 3169 705 tuas
3207 651 3595 721 disputationes
3633 670 3805 711 exeu-

2209 742 2357 788 setur
2401 747 2429 786 a
2473 734 2695 791 crimine
2723 734 2739 767 ⁸
2778 754 2792 790 :
2834 737 2880 792 si
2928 745 3107 793 autem
3152 741 3583 811 possibilitatem;
3617 755 3805 816 potest

2210 840 2337 896 ergo
2364 835 2417 883 et
2450 842 2557 882 non
2597 844 2840 900 peccare,
2872 839 3046 901 potest
3075 829 3273 890 habere
3302 836 3493 892 bonam
3536 841 3801 893 volunt-t-

2210 914 2348 986 tem,
2377 929 2553 991 potest
2577 937 2736 993 agere
2767 925 3131 992 pmnitentiam
3166 935 3220 982 et
3256 927 3543 998 impetrare
3582 933 3804 987 miseri-

2212 1012 2449 1067 cordiam
2476 1012 2601 1078 Dei;
2635 1014 2755 1083 quia
2782 1030 2875 1073 cor
2894 1016 3181 1071 contritum
3207 1028 3263 1072 et
3287 1012 3622 1077 humiliatnm
3651 1024 3801 1079 Dens

2209 1119 2315 1159 non
2346 1104 2603 1175 despiciet
2649 1104 2817 1177 (Psal.
2850 1125 2900 1174 ι,
2938 1109 3047 1180 18).
3078 1108 3231 1178 Quod
3259 1112 3471 1183 quidem
3500 1115 3673 1169 visum
3719 1127 3805 1171 est

2208 1195 2545 1265 quibusdam,
2579 1198 2805 1267 Origene
2842 1208 2896 1252 ut
2917 1202 3225 1268 perhibetur
3251 1214 3469 1260 auctore
3502 1206 3634 1261 :sed
3672 1188 3799 1273 huc,

2210 1300 2265 1340 ut
2296 1303 2453 1343 nosse
2485 1297 2535 1344 te
2566 1289 2845 1357 existimo,
2875 1291 3005 1346 ﬁdes
3034 1294 3296 1349 catholica
3328 1305 3381 1351 et
3407 1311 3534 1352 sana
3567 1312 3675 1353 non
3706 1316 3800 1353 re-

2207 1378 2349 1446 cepit
2368 1378 2389 1409 ⁸
2415 1396 2426 1431 :
2458 1378 2598 1434 unde
2627 1379 2864 1435 nonnulli
2892 1380 3173 1452 Origenem
3202 1401 3408 1457 quoque
3436 1382 3611 1457 ipsum
3658 1389 3800 1444 alie-

2208 1482 2332 1522 num
2350 1468 2509 1525 fuisse
2528 1474 2594 1525 ab
2611 1472 2710 1527 hoc
2723 1489 2905 1529 errore
2924 1477 3001 1529 vel
3023 1477 3265 1545 probant,
3284 1479 3364 1534 vel
3384 1480 3589 1535 volunt.
3612 1482 3803 1538 Restat

2208 1561 2385 1633 igitur,
2413 1574 2505 1618 aut
2530 1566 2654 1619 ante
2683 1567 2998 1635 Supplicium
3024 1567 3160 1639 ignis
3183 1571 3388 1636 a:terni,
3415 1573 3579 1627 etiam
3602 1590 3801 1629 ncces-

2206 1655 2336 1710 sitas
2378 1655 2476 1710 ista
2525 1657 2779 1726 peccandi
2818 1674 3007 1730 magna
3054 1661 3122 1714 sit
3151 1661 3359 1716 diabolo
3384 1666 3560 1735 magni
3587 1664 3607 1695 ³
3635 1681 3799 1736 paena

2208 1740 2410 1811 peccati
2437 1756 2607 1812 neque
2634 1740 2763 1797 hinc
2788 1755 3079 1799 excusetur
3107 1762 3135 1799 a
3164 1747 3385 1803 crimine
3405 1790 3418 1814 ,
3448 1751 3703 1820 quoniam
3743 1764 3801 1808 et

2205 1833 2304 1888 ista
2336 1834 2562 1890 vindicta
2590 1845 2672 1890 est
2698 1852 2795 1907 pro
2817 1838 3049 1892 maximo
3078 1840 3303 1895 crimine
3322 1839 3363 1907 ⁸,
3398 1853 3457 1896 ιιι
3491 1860 3615 1898 eum
3644 1844 3800 1900 dele-

2205 1937 2313 1983 ctet
2356 1929 2467 1983 sola
2513 1930 2735 1997 malitia,
2778 1946 2876 1986 nec
2918 1933 3087 2002 possit
3127 1924 3397 1990 delectare
3439 1936 3668 2004 justitia.
3713 1937 3799 1993 Ad

2205 2019 2342 2075 hanc
2366 2030 2544 2075 autem
2566 2022 2677 2092 jam
2707 2022 2971 2093 pmnalem
2998 2026 3252 2094 peccandi
3279 2027 3651 2084 necessitatem
3687 2046 3797 2085 non

2207 2110 2388 2181 utique
2416 2113 2748 2181 pervenisset
2768 2155 2782 2179 ,
2813 2112 2911 2168 nisi
2946 2114 3092 2184 prius
3122 2116 3288 2171 libera
3318 2116 3613 2187 voluntate,
3641 2122 3795 2176 nulla

2205 2201 2526 2257 necessitate
2560 2214 2857 2274 peccasset.
2900 2205 3148 2261 Deﬁnitio
3191 2208 3369 2278 itaque
3404 2208 3491 2264 illa
3543 2212 3795 2280 peccati,

2204 2309 2323 2349 cum
2349 2293 2406 2348 iit
2433 2294 2574 2366 quod
2596 2295 2801 2366 justitia
2824 2306 2986 2361 vetat,
3019 2308 3072 2353 et
3094 2299 3234 2354 unde
3260 2301 3479 2355 liberum
3503 2292 3587 2356 est
3624 2303 3797 2356 ³1)-ιὶ-

2204 2402 2354 2453 nere,
2392 2386 2457 2441 ad
2501 2387 2626 2441 illud
2674 2398 2949 2460 peccatum
2980 2388 3210 2460 pertinet
3237 2391 3374 2461 quod
3419 2393 3795 2449 tantummodo

2201 2478 2477 2550 peccatum
2509 2488 2611 2547 est,
2642 2497 2746 2534 non
2776 2480 2919 2552 quod
2944 2483 3101 2536 etiam
3126 2497 3282 2552 paena
3315 2484 3536 2552 peccati.

2272 2560 2503 2625 XLVlll.
2532 2571 2651 2626 ιω..
2687 2573 2752 2627 Ει
2776 2573 2971 2627 ntalum
3001 2590 3127 2645 ergo
3154 2585 3205 2629 et
3237 2576 3434 2630 bonum
3465 2594 3529 2631 ex
3573 2581 3795 2648 propria

2202 2660 2472 2716 voluntate
2520 2662 2679 2717 facit:
2713 2663 2806 2718 sed
2848 2664 3045 2718 bonum
3074 2681 3227 2720 suum
3271 2666 3429 2721 etiam
3471 2667 3579 2722 Deo
3605 2668 3794 2735 debet,

2202 2754 2289 2823 qui
2320 2756 2453 2823 parti
2485 2755 2625 2820 huic,
2661 2770 2767 2809 non
2808 2752 3023 2827 quidem
3062 2756 3449 2831 prmjudicium,
3480 2773 3659 2819 tamen
3695 2766 3798 2820 ad-

2196 2843 2452 2917 jutorium
2485 2847 2876 2903 subministrat.

2272 2938 2407 2995 Anc.
2442 2930 2569 2993 ‘l‘am
2597 2938 2795 2994 bonum
2839 2950 2986 2996 certe
3026 2958 3182 3012 quam
3226 2945 3425 2999 malum
3462 2960 3535 3019 es
3572 2947 3796 3019 propria

2202 3027 2384 3097 homo,
2416 3030 2549 3085 sicut
2577 3030 2730 3096 dicis,
2752 3032 3027 3089 voluntate
3051 3033 3199 3102 facit,
3229 3044 3283 3090 et
3310 3016 3586 3107 utriuSque
3611 3016 3798 3096 iit—illo

2201 3121 2527 3191 possibilitas
2557 3138 2707 3192 atqua
2739 3123 2889 3180 lance
2918 3125 3162 3185 libratur.
3193 3135 3247 3182 et
3270 3127 3338 3182 ad
3360 3128 3379 3159 ⁵
3403 3127 3541 3184 bene
3580 3129 3793 3186 facien-

2200 3212 2327 3267 dmn
2359 3214 2498 3268 Deus
2529 3213 2852 3285 adjutorinm
2877 3216 3246 3271 subministrat
3278 3234 3412 3273 :cur
3431 3234 3559 3290 ergo
3578 3220 3644 3275 ad
3674 3238 3798 3292 pec-

2200 3304 2427 3361 candum
2468 3307 2758 3377 proclivior
2800 3316 2883 3363 est
2922 3308 3110 3362 natura
3158 3310 3461 3364 mortalium
3486 3311 3527 3377 ',
3568 3313 3613 3367 si
3656 3296 3796 3369 nihil

2200 3397 2310 3468 egit
2351 3397 2609 3469 originale
2652 3397 2967 3467 peccatum?
2996 3400 3251 3467 Quamvis
3279 3409 3333 3455 et
3376 3402 3543 3472 ipsum
3573 3402 3798 3472 adjuto-

2202 3489 2363 3551 rium,
2408 3488 2548 3559 quod
2585 3488 2993 3545 subministrare
3025 3491 3187 3545 Deum
3233 3493 3484 3565 eogimini
3514 3494 3791 3562 conﬁteri,

2200 3579 2357 3650 quale
2391 3578 2583 3634 dicatis
2618 3595 2771 3647 esse,
2802 3596 2911 3635 non
2952 3580 3135 3637 lateat.
3179 3581 3376 3652 Legem
3414 3585 3640 3655 quippe,
3674 3596 3791 3641 non

2201 3670 2446 3741 spiritum
2467 3671 2646 3726 dicitis
2670 3711 2685 3736 ,
2713 3680 2833 3727 cum
2874 3672 3068 3727 Paulus
3093 3674 3367 3743 apestolns
3396 3690 3496 3745 per
3519 3675 3794 3731 submini-

2201 3765 2512 3819 strationem
2534 3763 2764 3832 Spiritus
2786 3765 2953 3818 sancti
2982 3779 3080 3819 nos
3106 3763 3297 3820 doceat
3334 3767 3569 3837 adjuvari
3608 3765 3787 3839 (Plit-

2202 3853 2329 3927 (ipp.
2354 3872 2390 3922 ι,
2423 3852 2533 3927 l9).
2564 3854 2715 3923 Quod
2760 3854 2879 3909 ideo
2918 3857 3442 3911 commemorandum
3472 3857 3690 3927 putavi,
3723 3871 3797 3915 ne

2202 3945 2338 4002 forte
2362 3947 2451 4016 qni
2479 3946 2700 4001 audiunt
2736 3945 2819 4001 vel
2850 3945 3034 4017 legunt
3068 3946 3136 4002 de
3176 3948 3674 4004 subministratione
3704 3948 3794 4004 di-

2200 4042 2307 4094 vini
2328 4038 2578 4109 adjutorii
2603 4039 2921 4095 sententiam
2948 4048 3113 4108 tuam,
3133 4040 3511 4095 obliviscantur
3530 4039 3793 4098 hmrcsim

2200 4134 2454 4185 vestram.

2273 4219 2458 4277 XLIX.
2488 4220 2605 4276 Jun.
2635 4216 2864 4276 Tantum
2888 4234 3015 4289 ergo
3037 4220 3176 4275 valet
3209 4220 3308 4275 ista
3334 4220 3625 4285 distinctio,
3655 4232 3715 4276 ut
3742 4223 3793 4278 si

2201 4313 2523 4377 nescientes,
2554 4310 2694 4383 quod
2728 4326 2757 4365 a
2788 4310 3027 4380 possibili
3071 4309 3289 4380 incipit,
3329 4310 3381 4364 in
3415 4312 3789 4367 necessarium

2199 4403 2601 4468 concludamus,
2647 4402 2827 4457 omnia
2873 4403 3094 4457 erimina
3139 4401 3206 4457 ad
3254 4403 3419 4457 Deum
3471 4415 3788 4459 recurrant.

2198 4496 2349 4564 Quod
2370 4493 2692 4551 Mauiehmus
2721 4492 2925 4557 videns,
2950 4493 3197 4549 tenebras
3226 4493 3426 4563 peccati
3457 4494 3795 4564 excogitavit

2198 4598 2443 4643 auctores
2476 4603 2490 4640 :
2532 4601 2638 4640 non
2676 4585 2819 4639 enim
2858 4584 3026 4638 valuit
3056 4585 3194 4638 inter
3234 4584 3485 4654 possibile
3525 4600 3791 4639 necessa-

2199 4680 2439 4749 riumque
2464 4676 2807 4747 distinguere.
2835 4676 3005 4731 Omne
3025 4691 3152 4746 ergo
3181 4675 3323 4746 quod
3354 4676 3670 4730 naturaliter
3695 4678 3795 4733 ha-

2198 4770 2286 4826 bet
2311 4770 2490 4833 homo,
2520 4783 2548 4823 a
2570 4768 2859 4823 necessarii
2892 4775 3044 4838 parte
3083 4769 3305 4823 sortitus
3334 4777 3417 4824 est
3460 4787 3473 4824 :
3519 4769 3642 4839 quia
3678 4785 3791 4826 non

2200 4862 2367 4934 potuit
2384 4861 2541 4915 aliter
2565 4875 2685 4915 esse
2711 4876 2868 4929 quam
2896 4859 3067 4915 factus
3092 4868 3192 4914 est.

2272 4955 2405 5009 Aue.
2453 4952 2569 5007 Jam
2608 4951 2766 5021 paulo
2812 4960 2935 5005 ante
2974 4952 3289 5019 monstravi,
3336 4967 3493 5022 quam
3530 4968 3669 5007 vana
3722 4955 3795 5009 sit

2200 5043 2461 5098 sententia
2488 5042 2586 5097 ista
2614 5058 2625 5095 :
2664 5039 3068 5097 stolidissimum
3099 5050 3177 5096 est
3209 5042 3351 5096 enim
3377 5043 3418 5110 τ,
3450 5041 3652 5098 habere
3684 5045 3795 5099 ho-

2266 5280 2282 5311 ί
2319 5285 2368 5327 In
2394 5278 2538 5328 editis
2560 5278 2807 5341 omissum,
2831 5276 3065 5341 quomodo
3087 5277 3351 5329 semirutum
3368 5284 3473 5328 tuas
3499 5276 3799 5339 disputatio-

2200 5348 2557 5413 nesetrcnsetur
2580 5354 2611 5389 α
2634 5340 2850 5390 crimine.
2876 5342 3068 5403 Legitur
3094 5348 3255 5390 tunam
3279 5342 3328 5404 in
3368 5344 3599 5393 mamilius
3623 5358 3799 5395 mauu-

2200 5410 2407 5464 scriptis.

2266 5466 2287 5526 ἕ
2320 5470 2446 5521 Mss,
2471 5462 2657 5526 recipit.

2266 5525 2288 5588 ξ
2320 5526 2456 5583 ωἰιί,
2479 5523 2673 5588 "mgna,
2688 5523 2943 5588 mendose.

2268 5586 2289 5617 ι
2324 5589 2397 5635 sic
2414 5582 2516 5636 Mss.
2541 5582 2729 5649 triarjet
2751 5582 2871 5634 Clar.
2900 5592 2955 5649 ᾼι
2975 5585 3109 5649 editi,
3128 5592 3196 5635 est
3220 5588 3444 5649 proxima
3466 5586 3696 5640 crimme.

2263 5649 2284 5681 ⁸
2316 5654 2467 5696 vetus
2480 5647 2632 5697 codex
2658 5655 2804 5705 Port.,
2829 5646 2915 5697 sed
2938 5647 3020 5697 ad.

2267 5709 2289 5741 ⁸
2322 5711 2612 5819 vignieriltts,
2632 5716 2805 5759 natura
2822 5708 3033 5759 humana
3056 5708 3346 5762 mortalium.
3372 5712 3540 5774 Abest,
3558 5713 3797 5779 lumwna,

2267 5784 2528 5819 manuscrtn
2555 5784 2609 5819 IS.

2206 5785 2233 5821 a
2256 5785 2609 5832 manuscrtpus.

2276 5831 2295 5866 τ
2325 5840 2470 5881 Vetus
2490 5834 2645 5881 codex
2669 5839 2790 5882 Port.
2818 5833 2895 5883 hic
2918 5833 3077 5893 addit,
3114 5835 3292 5886 (tacere.
