3962 6476
170 354 299 417 ηὸὅ

169 474 335 530 mines
386 471 703 529 naturaliter
750 470 1154 542 possibilitatem
1203 472 1585 538 manducandi,
1637 476 1732 539 sed

64 616 81 624 ρ
161 568 265 621 non
287 564 598 621 naturaliter
630 563 779 619 cibos
816 572 1021 619 natura:
1057 575 1324 636 congrues
1363 565 1727 634 manducare;

160 667 249 712 aut
279 655 477 712 habere
520 655 764 713 homines
801 656 1116 713 naturaliter
1148 654 1558 727 passibilitatem
1595 661 1732 713 eon-

160 749 461 816 cumhendi,
489 748 584 805 sed
622 763 730 804 non
767 747 1083 804 naturaliter
1119 748 1442 820 genitalibus
1484 749 1738 806 membris

160 856 314 896 sexus
365 839 642 911 utriusque
684 838 1060 896 concumbere.
1102 838 1232 909 Quis
1282 837 1387 895 hoc
1438 838 1601 908 dicat,
1647 840 1739 911 qui

159 931 459 989 considerat
495 935 784 1001 utcumque
808 929 826 961 ι
857 930 999 1001 quod
1043 929 1211 987 dicit?
1250 929 1549 1002 Utrumque
1592 931 1738 986 enim

159 1020 396 1079 naturale
420 1030 522 1090 est,
544 1033 597 1079 et
618 1006 907 1094 quodiieri
928 1032 1151 1094 possunt
1172 1022 1294 1091 ista,
1321 1031 1376 1078 et
1401 1022 1541 1094 quod
1566 1022 1735 1081 fiunt:

157 1113 242 1170 Sed
262 1122 347 1168 est
368 1112 493 1170 illud
524 1123 576 1169 et
599 1114 811 1185 quando
843 1114 1124 1183 uolumus;
1155 1113 1257 1171 hoc
1280 1130 1386 1170 non
1409 1125 1491 1170 est
1519 1116 1617 1170 nisi
1645 1131 1739 1173 ve-

155 1204 328 1258 limus.
1260 1276 1263 1283 ‘

218 1294 281 1350 L.
312 1293 437 1350 Jun.
469 1294 664 1350 Malum
686 1302 863 1351 autem
897 1294 1036 1367 quod
1065 1298 1192 1367 agit,
1216 1312 1243 1352 a
1273 1298 1512 1368 possibili
1534 1292 1662 1369 agit.

219 1390 351 1444 Anc.
386 1386 616 1443 Attende
645 1403 765 1442 eum
793 1388 879 1457 qtti
911 1386 1060 1456 dicit,
1086 1378 1237 1456 Quod
1260 1389 1378 1444 noto
1404 1390 1616 1454 malum,
1643 1387 1739 1445 hoc

152 1496 281 1552 ago;
328 1489 385 1535 et
430 1480 697 1550 responde
754 1489 929 1535 utrum
974 1480 1344 1536 necessitatem
1389 1495 1494 1536 non
1546 1480 1740 1536 haheat

152 1570 339 1642 agendi
368 1572 590 1638 malum;
621 1569 713 1642 qui
745 1586 848 1626 non
875 1572 897 1603 ¹
923 1571 1066 1643 quod
1105 1573 1216 1628 vult
1243 1571 1367 1628 facit
1395 1573 1614 1641 bonum,
1641 1571 1739 1630 sed

150 1662 285 1735 quod
316 1659 427 1718 non
458 1663 569 1718 vult
590 1666 805 1732 malum,
841 1664 942 1719 hoc
965 1663 1093 1736 agit.
1125 1665 1274 1733 Quod
1302 1665 1347 1721 si
1378 1661 1634 1737 Apostolo
1655 1682 1742 1721 re-

151 1770 389 1826 pugnare
413 1769 519 1809 non
546 1754 731 1824 audes,
762 1765 886 1811 c‘eee
917 1754 1078 1810 homo
1118 1771 1148 1810 a
1191 1758 1494 1813 necessario
1537 1757 1736 1813 malum

150 1860 307 1917 agens
335 1846 676 1903 deﬁnitiones
712 1858 828 1904 tuas
854 1846 1139 1919 disrumpit
1163 1858 1218 1905 et
1244 1840 1470 1921 dissipat
1496 1868 1508 1903 ε
1540 1858 1734 1907 neces-

149 1938 298 1993 Sitate
339 1939 540 2010 quippe
576 1938 772 1994 malum
806 1940 932 2011 agit,
955 1938 1047 2011 qui
1076 1954 1184 1995 non
1216 1940 1348 2005 vult,
1374 1952 1429 1997 et
1458 1941 1582 2012 agit.
1623 1940 1737 1997 Hoc

148 2036 319 2083 autem
341 2028 487 2099 quod
518 2029 705 2085 nolens
732 2029 859 2101 agit,
887 2029 931 2084 si
960 2029 1328 2087 tantummodo
1356 2031 1739 2103 concupiscere

146 2128 428 2186 estearne,
458 2121 572 2175 sine
599 2120 705 2176 ulla
731 2121 928 2178 mentis
955 2121 1309 2178 consensione
1342 2121 1739 2178 membrorum-

144 2216 243 2282 que
268 2213 621 2282 operatione;
652 2212 790 2266 mala
815 2221 896 2268 est
925 2221 978 2267 et
1016 2211 1443 2285 concupiscentia
1475 2209 1497 2244 ³
1531 2213 1729 2282 carnis,

143 2303 350 2377 etiamsi
387 2321 497 2360 non
523 2305 573 2361 ei
600 2307 966 2361 consentiatur
996 2303 1063 2359 ad
1093 2304 1323 2370 malum;
1354 2320 1513 2376 quam
1556 2310 1607 2360 te
1655 2315 1736 2360 ta“-

144 2404 260 2451 men
302 2395 530 2450 laudare
562 2394 830 2450 delectat:
865 2393 909 2449 si
944 2402 1120 2449 autem
1151 2401 1354 2449 tantum
1394 2396 1601 2465 cogitur
1637 2394 1737 2449 istc

142 2486 226 2558 qui
255 2488 481 2553 clamat,
513 2484 664 2555 Quod
684 2486 801 2541 noto
827 2484 1019 2540 malum
1039 2527 1054 2550 ,
1081 2484 1177 2541 hoc
1202 2502 1299 2559 ago
1320 2527 1335 2551 ,
1363 2494 1419 2540 ut
1446 2484 1608 2542 etiam
1638 2500 1736 2542 sua

142 2576 382 2634 membra
410 2577 663 2635 exhibeat
687 2593 835 2633 arma
864 2584 1113 2648 peccato;
1139 2592 1245 2631 non
1275 2576 1449 2633 solum
1476 2578 1733 2648 concupi-

142 2680 362 2727 scuntur
399 2686 430 2725 a
468 2669 770 2725 necessario
804 2669 966 2734 mala,
994 2683 1178 2723 verum
1199 2668 1357 2723 etiam
1390 2667 1737 2724 committun-

142 2771 237 2818 tur.
269 2759 380 2818 Ubi
409 2770 534 2816 sunt
560 2760 894 2815 deﬁnitiones
919 2764 1042 2824 tum,
1076 2774 1211 2829 quas
1242 2766 1385 2814 tanta
1413 2757 1735 2830 loquacitate

140 2848 468 2927 distinguis?
490 2852 694 2924 Nempe
720 2862 776 2908 ut
801 2851 978 2907 fumus
1006 2850 1317 2908 defecerunt
1344 2861 1398 2908 et
1437 2852 1728 2923 perierunt.

138 2945 511 3003 Necessarium
540 2954 698 3016 atque
724 2945 977 3016 possibile
1003 2960 1192 3016 magna
1218 2960 1343 3001 cura
1370 2943 1731 3000 discernenda

137 3038 518 3106 commendas,
548 3037 908 3092 necessarium
941 3035 1128 3092 dicens
1166 3051 1290 3092 esse
1315 3035 1455 3107 quod
1498 3034 1611 3091 fieri
1638 3050 1734 3091 ne;

138 3145 287 3186 cesse
313 3139 438 3196 est;
470 3128 723 3197 possibile
751 3132 929 3183 autem
958 3125 1099 3197 quod
1128 3125 1241 3182 fieri
1273 3134 1468 3196 potest,
1500 3124 1595 3181 sed
1638 3140 1733 3181 ne-

138 3234 289 3277 cesse
317 3233 431 3276 non
465 3227 567 3275 est.
611 3218 841 3274 Proinde
884 3220 1257 3275 necessitatem
1294 3217 1599 3273 necessario
1631 3216 1731 3272 tri-

138 3309 301 3368 buis:
357 3310 612 3382 possibile
652 3321 781 3365 vero
828 3309 974 3365 nulla
1019 3310 1339 3366 necessitate
1386 3308 1729 3382 constringis.

136 3407 299 3465 Malos
323 3417 480 3463 actus
510 3421 615 3463 non
646 3405 744 3461 das
770 3405 1096 3470 necessario,
1125 3404 1218 3460 sed
1249 3404 1522 3475 possibili;
1553 3414 1607 3460 et
1646 3404 1731 3459 di-

136 3499 209 3555 eis
245 3499 482 3570 loquens
514 3496 582 3553 de
624 3496 874 3564 homine,
920 3493 1120 3550 Maium
1163 3505 1332 3550 autent
1368 3495 1504 3568 quod
1529 3496 1665 3567 agit,
1699 3510 1733 3551 a

139 3591 370 3665 possibili
408 3590 549 3663 ag'it;
597 3604 666 3646 ne
703 3590 981 3661 quisquam
1023 3589 1161 3643 male
1202 3593 1361 3659 agere
1389 3587 1728 3656 necessitate,

137 3701 240 3740 non
266 3684 572 3751 voluntate,
600 3682 825 3738 dicatur.
863 3679 969 3737 Sed
998 3678 1239 3751 procedit
1280 3679 1334 3734 in
1367 3679 1599 3735 medium
1639 3679 1731 3753 qui

136 3778 226 3833 tibi
255 3776 591 3832 validissime
620 3772 972 3840 contradicit,
1002 3781 1059 3830 et
1086 3772 1251 3829 dicit:
1289 3771 1425 3840 Quid
1464 3782 1549 3828 est
1588 3771 1729 3846 quod

134 3867 299 3924 dicis?
328 3869 472 3924 Ecce
501 3882 602 3938 ego
630 3883 731 3922 non
755 3865 894 3939 quod
921 3867 1055 3933 volo,
1077 3864 1212 3936 facio
1237 3865 1460 3931 bonum;
1484 3866 1573 3919 sed
1590 3863 1728 3937 quod

133 3960 248 4014 nolo
278 3960 501 4025 malunt,
535 3959 629 4012 hoc
650 3974 746 4030 ago
767 3954 944 4031 (Rom.
967 3970 1069 4022 vn,
1098 3954 1211 4028 i9).
1238 3953 1430 4010 Nolunt
1459 3963 1543 4011 est
1585 3954 1727 4027 quod

133 4051 294 4106 homo
322 4050 535 4122 primus
552 4049 823 4103 voluntate
848 4047 1046 4103 malum
1076 4046 1203 4118 egit,
1228 4055 1333 4101 nan
1363 4045 1681 4100 necessitate
1710 4063 1725 4102 :

131 4141 226 4198 sed
252 4143 363 4198 iste
391 4141 481 4213 qui
501 4140 649 4207 dicit,
676 4139 825 4208 Quod
849 4137 968 4193 nolo
1005 4138 1226 4204 malum,
1259 4137 1355 4192 hoc
1380 4143 1514 4210 ago;
1542 4149 1731 4193 neces-

131 4234 288 4289 sitate
334 4226 398 4290 se
437 4231 672 4291 ostendit
712 4230 909 4287 malum
958 4245 1117 4301 agere
1141 4269 1158 4297 ,
1201 4243 1306 4283 non
1339 4230 1642 4296 voluntate;
1675 4237 1730 4283 et

130 4322 263 4382 ﬂens
292 4325 549 4381 miserias
574 4338 718 4391 suas,
746 4323 884 4377 ridet
908 4319 1243 4377 deﬁnitiones
1271 4330 1406 4396 tuas.

196 4415 288 4471 Li.
345 4414 481 4471 ιω...
516 4413 629 4469 Nisi
673 4423 802 4484 ergo
839 4411 1138 4467 necessaria
1171 4410 1492 4482 pos$ibilitas
1519 4409 1726 4479 fuisset,

129 4507 363 4564 eﬂ'ectus
387 4505 659 4579 possibilis
684 4519 791 4560 non
833 4501 1039 4558 fuisset.
1063 4500 1133 4558 Ut
1154 4517 1283 4573 ergo
1322 4501 1493 4573 possit
1528 4501 1728 4556 malum

127 4607 181 4653 et
207 4598 421 4653 bonum
456 4594 657 4662 facere,
694 4592 1054 4649 necessarium
1081 4600 1164 4648 est
1192 4609 1205 4647 :
1230 4602 1289 4646 ut
1314 4601 1491 4655 autem
1529 4591 1727 4656 malum

126 4688 316 4756 faciat,
358 4704 468 4744 non
510 4687 837 4752 necessario,
872 4684 969 4742 sed
1009 4683 1249 4756 poSsihili
1286 4698 1383 4739 suo
1416 4679 1595 4739 debet.
1626 4675 1728 4738 Ubi

126 4792 316 4838 autem
376 4779 702 4853 possibilitas
750 4790 833 4834 est
886 4778 1051 4848 partis
1098 4777 1397 4847 utriusque,
1439 4775 1729 4831 necessitas

123 4884 321 4929 neutra
348 4881 452 4929 est.
482 4872 572 4927 Sic
599 4872 655 4926 tit
694 4877 752 4926 ut
789 4869 923 4924 nihil
954 4869 1025 4924 sit
1062 4865 1206 4924 aliud
1235 4876 1541 4938 peccatum,
1565 4881 1727 4937 quam

121 4967 388 5021 voluntas
412 4962 603 5034 agendi
645 4962 786 5035 quod
810 4961 1013 5032 iustitia
1049 4969 1208 5027 vetat,
1237 4963 1293 5016 et
1318 4956 1461 5017 unde
1501 4959 1727 5015 liberum

120 5065 205 5112 est
232 5055 537 5111 abstinere.
562 5053 617 5109 Si
648 5053 780 5107 nihil
811 5052 878 5107 sit
900 5059 1078 5107 autem
1103 5049 1248 5105 aliud
1276 5042 1539 5119 voluntas,
1568 5064 1729 5122 quam

118 5160 311 5204 motus
346 5147 535 5210 animi,
564 5153 787 5217 cogente
811 5144 989 5221 nullo;
1022 5142 1290 5215 quomodo
1318 5158 1448 5213 ergo
1478 5142 1639 5209 Deus,
1669 5150 1726 5197 ut

119 5240 397 5297 mundum
430 5239 651 5306 faceret,
679 5253 710 5293 a
746 5237 983 5309 possibili
1028 5236 1241 5302 habuit;
1274 5235 1503 5292 mundtis
1551 5244 1730 5291 autem

89 5318 267 5404 'ipse,
297 5338 363 5388 ut
386 5329 667 5396 existeret,
696 5344 726 5384 a
757 5328 1059 5385 necessario
1087 5326 1306 5399 pertulit
1337 5344 1351 5381 :
1385 5327 1454 5382 ita
1485 5328 1643 5382 etiam
1675 5326 1727 5381 in

134 5425 369 5496 magine
410 5423 505 5479 Dei
547 5420 724 5478 simile
766 5419 1016 5491 quiddam
1058 5419 1389 5488 iﬂlelliglldt'.
1424 5418 1631 5490 Quippe
1673 5425 1731 5472 ιιι

112 5515 354 5583 habent,
379 5528 541 5585 quam
568 5511 788 5583 elegerit
808 5511 1158 5577 voluntatem,
1182 5525 1288 5565 non
1312 5510 1546 5580 cogitur;
1579 5504 1672 5564 sed
1699 5523 1729 5564 a

112 5606 380 5680 possibili
400 5605 450 5663 ei
478 5605 665 5661 venit:
696 5603 823 5660 illud
849 5611 1027 5659 autem
1058 5601 1199 5674 quod
1232 5603 1372 5661 male
1398 5602 1604 5671 fecerit,
1632 5612 1728 5658 ne-

180 5741 202 5774 ι
240 5741 461 5790 siclss.
489 5744 541 5789 in
561 5739 721 5802 \‘ign.,
744 5738 1017 5802 ιιιῃιηιφιε.

178 5803 208 5868 ξ
240 5802 524 5868 sicpmnes
547 5794 648 5849 Mss'.
677 5794 731 5868 ιιι
754 5799 869 5868 editi
891 5794 996 5868 pro,
1021 5794 1104 5860 qui
1126 5805 1251 5868 non;
1281 5797 1492 5868 habent,
1518 5796 1727 5864 qumtdO.

180 5862 209 5898 ³
241 5862 418 5916 Culex
434 5868 583 5923 Porta
600 5860 732 5911 mata
748 5867 817 5911 est
838 5859 940 5912 sola
961 5859 1360 5923 concupiscentia.

1526 361 1726 418 LIBER
1765 364 2080 433 QUINTUS.

3287 381 3421 438 “88

1846 479 2150 537 eessitatem
2174 478 2337 536 habet
2372 488 2569 538 reatus.
2597 483 2673 540 ita
2702 487 2902 544 crimen
2938 506 2969 545 a
3006 496 3308 551 necessario
3338 498 3424 563 ἰιιτ

1841 582 2011 628 currit
2037 570 2342 641 horrorem;
2373 573 2499 632 licet
2523 587 2763 634 exortum
2791 582 2878 647 sit,
2900 600 3002 639 non
3026 601 3054 639 a
3082 589 3422 655 necessitate,

1843 662 1939 718 sed
1975 677 2005 718 a
2044 663 2394 752 possibilitate
2430 666 2693 725 facientis.
2719 670 2867 742 Opus
2896 691 3022 745 ergo
3057 680 3423 748 possibilitatis

1843 752 2205 811 testimonium
2234 764 2317 811 est
2341 756 2497 813 liberi
2520 759 2825 817 animantis.
3412 758 3419 764 ’

1914 862 2052 921 Απ.
2091 864 2208 920 iam
2240 874 2292 923 te
2319 869 2537 926 omnino
2558 872 2796 944 negligit,
2817 875 2905 945 qui
2922 890 2983 933 ea
3010 892 3126 948 qua:
3147 881 3238 937 tibi
3264 889 3424 954 supra

1843 955 2240 1024 respondimus,
2278 958 2426 1030 legit.
2471 960 2734 1030 Quoniam
2787 967 2878 1036 qui
2923 966 3073 1036 dicit,
3122 970 3242 1027 Non
3287 972 3425 1045 quod

1843 1045 1978 1113 υσιο.
2006 1049 2140 1119 latio
2163 1049 2347 1106 bonum
2367 1069 2386 1118 ;
2404 1053 2494 1108 sed
2515 1057 2651 1125 quod
2675 1058 2791 1112 nolo
2817 1061 3027 1128 naulum,
3050 1062 3146 1118 hoc
3173 1079 3271 1138 (rgo
3293 1083 3312 1132 ,'
3332 1082 3429 1126 nue-

1842 1141 2094 1229 eessitate
2139 1156 2200 1197 se
2236 1141 2303 1198 ad
2330 1146 2593 1214 agendum
2632 1148 2828 1206 malum
2876 1154 3044 1221 premi
3070 1157 3201 1213 satis
3239 1163 3425 1229 aperte

1843 1228 2044 1291 iudicat
2081 1240 2138 1289 et
2160 1234 2398 1290 ostendit
2426 1234 2619 1293 falsum
2646 1255 2765 1295 esse
2787 1243 2930 1312 quod
2955 1245 3112 1314 dicis,
3139 1246 3209 1305 Ut
3237 1228 3429 1311 niuium

1758 1354 1759 1357 η
1843 1322 2017 1393 faciat,
2050 1340 2155 1379 non
2182 1328 2465 1387 necessario
2487 1369 2504 1397 ,
2524 1331 2614 1386 sed
2638 1333 2981 1404 passibilisne
3008 1338 3150 1395 debet
3178 1357 3197 1395 :
3226 1350 3282 1397 et
3317 1356 3428 1399 cae»

1844 1418 1958 1479 tem
1979 1415 2102 1473 talia
2131 1432 2250 1488 qua:
2272 1419 2444 1489 garris
2465 1420 2711 1479 inaniter.
2736 1425 2826 1480 Sic
2853 1426 2912 1483 lit
2931 1428 2990 1484 ut
3016 1428 3105 1485 illa
3125 1429 3140 1463 ¹
3158 1430 3426 1503 deﬁnitio,

1841 1521 1946 1579 qua
1971 1507 2184 1575 dicitur,
2207 1524 2330 1569 esse
2358 1525 2635 1581 peccatum
2667 1516 2913 1575 voluntas
2947 1522 3139 1592 agendi
3173 1524 3314 1594 quod
3340 1525 3428 1596 ju-

1841 1600 1987 1661 stitia
2015 1608 2183 1668 vetat,
2209 1613 2265 1685 et
2291 1602 2431 1659 unde
2455 1604 2682 1662 liberum
2706 1617 2790 1664 est
2819 1609 3114 1677 abstinere.
3146 1614 3275 1672 illud
3302 1632 3430 1688 pec-

1840 1698 2020 1746 catum
2059 1691 2484 1762 complectatur,
2526 1695 2662 1752 sicut
2699 1698 2811 1768 jain
2851 1702 3097 1772 superius
3133 1706 3424 1773 admonui.

1840 1781 1983 1851 quod
2032 1785 2403 1866 tantummodo
2450 1798 2724 1857 peccatum
2765 1802 2884 1861 est,
2929 1810 3034 1850 non
3075 1798 3217 1868 quod
3260 1801 3421 1859 etiam

1842 1883 1998 1941 pinna
2040 1875 2267 1963 peccati.
2296 1875 2411 1933 Tali
2455 1887 2687 1950 namque
2727 1886 2881 1951 pana
2922 1885 3022 1942 iste
3063 1889 3255 1958 agebat
3280 1892 3427 1962 quod

1842 1964 2060 2021 nolebat
2086 1966 2321 2034 malum;
2357 1967 2497 2024 unde
2519 1970 2593 2025 illi
2622 1970 2670 2028 si
2695 1972 2923 2030 liberum
2961 1987 3106 2033 esset
3127 1980 3421 2049 abstinere,

1841 2070 2173 2127 nequaquam
2197 2058 2420 2128 diceret,
2448 2060 2571 2118 Non
2593 2065 2729 2136 quod
2751 2067 2897 2135 uolo,
2926 2071 3060 2141 facio
3078 2070 3309 2141 ’bouum;
3334 2075 3424 2132 sed

1839 2147 1979 2218 quod
2006 2145 2124 2203 nolo
2169 2145 2390 2218 malum,
2419 2152 2515 2209 hoc
2536 2158 2658 2228 apo.
2700 2157 2851 2215 Sicut
2887 2165 3015 2232 "ergo
3048 2177 3147 2220 nos
3181 2168 3428 2236 agnosci-

1840 2254 1961 2303 mus
1984 2237 2256 2297 hominem
2284 2243 2338 2298 in
2367 2252 2591 2315 corpore
2623 2247 2742 2304 vita:
2781 2250 2925 2307 illius
2968 2253 3202 2320 beatum,
3237 2258 3325 2314 ubi
3362 2260 3428 2316 li—

1838 2330 2028 2389 herum
2060 2332 2243 2393 habuit
2278 2337 2298 2367 '
2343 2338 2484 2407 quod
2517 2340 2675 2395 vellet
2703 2357 2891 2413 agere,
2922 2345 3038 2403 sive
3065 2347 3291 2417 bonum,
3311 2353 3427 2410 sive

1840 2421 2037 2479 malum
2069 2441 2085 2480 :
2113 2423 2195 2480 sic
2217 2433 2273 2480 et
2302 2435 2356 2481 tu
2390 2443 2622 2498 agnosce
2646 2430 2913 2489 hominem
2940 2435 2994 2491 in
3022 2453 3249 2508 corpore
3273 2448 3423 2499 motu

1842 2512 1911 2568 tis
1938 2512 2100 2584 hujus
2124 2514 2415 2584 miserum,
2439 2520 2529 2576 ubi
2570 2522 2772 2590 perdita
2813 2524 3062 2583 libertate
3098 2531 3251 2588 audis
3297 2548 3422 2590 eum

1837 2601 2039 2670 dicere,
2070 2603 2192 2660 Non
2216 2607 2355 2675 quod
2380 2608 2514 2675 bolo,
2545 2618 2679 2682 ago;
2703 2612 2794 2668 sed
2810 2615 2948 2685 quod
2970 2618 3075 2683 odi,
3102 2619 3233 2675 illud
3251 2623 3386 2691 facio
3399 2640 3424 2691 ;

1838 2702 1917 2761 et,
1947 2694 2067 2753 Non
2090 2698 2231 2766 quod
2248 2699 2379 2766 volo,
2411 2700 2547 2771 facio
2572 2702 2789 2772 bonum;
2803 2706 2894 2761 sed
2911 2708 3048 2778 quod
3063 2711 3182 2765 noto
3208 2714 3422 2782 malum,

1836 2785 1934 2841 liae
1959 2803 2087 2858 ago;
2109 2798 2183 2857 et,
2212 2789 2368 2847 Miser
2395 2808 2486 2863 ego
2508 2793 2683 2862 homo,
2708 2796 2820 2864 quis
2844 2813 2923 2851 me
2950 2799 3187 2857 liberabit
3206 2803 3272 2859 de
3302 2810 3423 2863 hor!-

1836 2894 1964 2949 pere
1980 2881 2160 2941 mortis
2188 2882 2339 2953 huius
2369 2883 2546 2956 (Rom.
2574 2900 2669 2953 vn;
2702 2886 2792 2954 15,
2825 2888 2915 2954 i9,
2938 2874 3068 2963 25)?

1907 2987 2017 3046 LII.
2042 2992 2163 3050 Jun.
2193 2994 2363 3065 Hujus
2396 2998 2713 3069 vituperatio
2750 3003 2819 3058 ad
2858 3008 3154 3062 necessaria
3197 3024 3301 3065 non
3329 3026 3423 3067 re-

1834 3083 2007 3138 currit
2034 3101 2050 3141 :
2080 3085 2204 3155 quia
2228 3085 2483 3158 quidquid
2511 3089 2579 3147 ad
2604 3094 2964 3151 necessarium
2986 3101 3310 3170 pervenerit,
3342 3103 3424 3174 ip-

1835 3187 1954 3229 sum
1979 3175 2154 3243 pulsat
2181 3185 2478 3237 auctorem.

1907 3266 2043 3322 Ave.
2063 3266 2331 3339 Numquid
2359 3271 2461 3326 hoc
2484 3272 2679 3328 malum
2702 3273 2953 3347 hominis,
2976 3278 3064 3335 ubi
3092 3281 3243 3350 dicit,
3271 3277 3425 3352 Quod

1834 3354 1955 3411 noto
1975 3358 2185 3425 malum,
2209 3359 2304 3414 hoc
2324 3378 2440 3433 ago,
2469 3361 2638 3433 ipsum
2663 3363 2897 3423 hominis
2919 3371 3095 3439 pulsat
3116 3375 3420 3430 auctorem?

1835 3447 1902 3503 Et
1932 3457 2108 3506 tamen
2146 3454 2267 3508 eum
2301 3454 2392 3525 qui
2431 3455 2510 3511 ste
2546 3456 2656 3528 agit
2690 3460 2886 3514 malum
2910 3503 2924 3525 ,
2953 3462 3084 3519 satis
3108 3476 3329 3537 apparet
3351 3468 3422 3523 ad

1835 3542 2195 3631 neeeissarium
2261 3546 2571 3614 pervenisse
2623 3565 2642 3604 :
2688 3552 3008 3610 necessitate
3058 3558 3256 3629 quippe
3311 3560 3424 3631 agit

1834 3630 1976 3700 quod
2000 3645 2109 3687 non
2132 3633 2245 3705 agit
2266 3634 2558 3693 voluntate.
2654 3686 2657 3689 λ

1905 3744 2036 3800 Lill.
2064 3745 2183 3803 Jun.
2210 3739 2488 3817 Quomodo
2521 3766 2649 3823 ergo
2675 3753 2879 3824 quod,'a
2911 3760 3215 3816 necessario
3243 3763 3419 3826 venit,

1834 3837 2071 3907 possibili
2095 3854 2216 3895 meo
2237 3840 2467 3923 adscribi
2501 3859 2605 3899 non
2633 3855 2847 3915 potest:
2872 3849 2941 3905 ita
2966 3852 3106 3921 quod
3127 3868 3156 3907 a
3179 3854 3420 3924 possibili

1831 3928 2000 3995 venit,
2032 3932 2338 3986 necessario
2362 3928 2593 3990 adscribi
2623 3940 2727 3992 nun
2758 3938 2955 4008 potest.
2986 3940 3041 3996 id
3071 3952 3171 4011 est,
3197 3961 3423 4016 quomo-

1831 4017 1902 4074 do
1932 4029 2115 4075 natura
2137 4023 2381 4093 corporis
2409 4033 2463 4078 et
2487 4024 2648 4081 animi
2674 4028 2776 4083 mei
2805 4030 3063 4087 voluntati
3094 4050 3231 4090 mere
3251 4038 3422 4107 appli-

1830 4107 1943 4164 cari
1980 4126 2085 4165 non
2124 4121 2333 4181 potest,
2375 4124 2430 4169 ut
2469 4115 2593 4172 ideo
2631 4118 2710 4173 sic
2736 4119 2920 4177 videar
2944 4136 3065 4180 esse
3089 4126 3212 4196 quia
3233 4130 3418 4198 volui,

1829 4202 1952 4254 eum
1978 4216 2081 4255 non
2114 4203 2376 4272 potuerim
2406 4205 2543 4261 velle
2564 4214 2853 4280 antequam
2880 4220 3076 4281 e3sem,
3110 4216 3181 4271 ita
3220 4206 3418 4276 malum

1832 4291 2119 4347 voluntatis
2140 4297 2343 4350 naturae
2370 4309 2476 4350 non
2500 4306 2677 4367 potest
2700 4299 2996 4373 admoveri,
3029 4316 3087 4362 ut
3113 4312 3420 4368 necessitati

1832 4382 2195 4452 possibilitatis
2215 4399 2375 4456 opera
2407 4387 2736 4445 misceantur
2758 4390 2803 4444 ⁸.

1903 4474 2038 4529 Avo.
2070 4475 2109 4528 Α
2137 4476 2456 4532 necessitate
2475 4478 2687 4549 quidem
2710 4482 2838 4536 satis
2859 4483 3133 4541 evidenter
3154 4493 3208 4542 et
3231 4474 3419 4559 aperte

1832 4564 2178 4636 discernitur,
2208 4569 2347 4639 quod
2375 4569 2446 4625 ita
2478 4571 2591 4628 ﬁeri
2618 4581 2809 4643 potest,
2840 4584 2897 4630 ut
2925 4592 3029 4632 non
3054 4578 3123 4632 sit
3152 4595 3374 4638 necesse
3401 4601 3416 4636 :

1835 4656 1938 4712 hoc
1958 4665 2011 4712 tu
2037 4658 2290 4728 possibile
2307 4654 2826 4734 appellas,tanquam
2841 4668 3168 4738 impossibile
3181 4673 3253 4728 sit
3271 4678 3415 4745 quod

1833 4748 1949 4806 ﬁeri
1980 4746 2086 4806 non
2120 4752 2293 4809 solum
2326 4762 2520 4826 potest,
2547 4771 2730 4811 verum
2752 4760 2913 4814 etiam
2935 4770 3155 4818 neeesse
3180 4776 3281 4821 est.
3311 4768 3421 4825 Sed

1832 4841 2083 4912 quoniam
2115 4841 2312 4913 placuit
2345 4842 2440 4899 tibi
2480 4845 2599 4903 talia
2626 4847 2834 4903 dudbus
2860 4849 2979 4905 istis
3005 4854 3217 4911 nomina
3245 4856 3420 4932 impo-

1838 4937 1987 5001 nere,
2018 4934 2376 5007 intelligamus
2403 4943 2459 4992 ut
2481 4952 2784 5009 possumus,
2807 4951 2864 4997 et
2884 4943 3137 5029 feramus.
3164 4947 3269 5006 Sed
3293 4955 3422 5023 quid

1833 5035 1917 5083 est
1941 5024 2082 5098 quod
2109 5028 2243 5083 dicis
2264 5070 2278 5095 ,
2314 5038 2334 5081 ι
2366 5028 2557 5085 Malum
2582 5031 2874 5088 voluntatis
2898 5024 3003 5090 non
3034 5047 3204 5108 poteSt
3225 5042 3422 5099 admo-

1838 5120 1954 5175 veri
1976 5121 2218 5176 naturzei
2246 5139 2265 5174 ι
2300 5121 2488 5178 Nonne
2514 5138 2635 5178 cum
2662 5126 2905 5196 angelus,
2934 5129 3015 5184 vel
3041 5129 3200 5188 hamo
3221 5135 3418 5207 aliquid

1835 5212 1966 5278 vult,
1988 5221 2174 5266 natura
2199 5211 2398 5284 aliquid
2424 5213 2534 5269 vult
2549 5210 2615 5269 ⁸2
2640 5214 2706 5271 Ει
2731 5218 2951 5289 angelus
2963 5229 3018 5277 et
3037 5221 3197 5280 homo
3219 5238 3421 5283 natura:

1889 5488 2238 5566 t‘ig‘merius,
2258 5488 2528 5566 ubihabuit
2554 5491 2758 5546 liberum
2779 5493 3052 5550 arbitrium.
3084 5501 3233 5554 Abest
3246 5538 3262 5566 ,
3287 5488 3420 5558 arin-

1834 5555 2001 5616 trt'um,
2023 5562 2052 5601 a
2075 5555 2425 5616 manuscriptis.

1900 5613 1922 5681 ξ
1951 5618 2194 5681 Mss._ttar.
2221 5621 2275 5665 et
2293 5613 2434 5681 Clay,
2460 5614 2736 5681 misceatur.
2754 5624 2844 5681 Attis.
2870 5625 3015 5681 Pcrt.,
3039 5622 3259 5677 misceat.

1899 5673 1923 5752 ξ
1951 5676 2188 5752 paginis
2203 5673 2531 5752 Aquileiensis
2547 5680 2595 5752 in
2617 5679 2801 5752 synodo
2821 5673 3131 5752 lateranensi
3154 5673 3267 5738 ista
3304 5688 3401 5741 eto

1836 5742 1932 5813 act:
2019 5734 2213 5813 iocum
2235 5734 2371 5813 hunc
2378 5741 2627 5813 .itacitati
2643 5734 2918 5813 'Numquid,
2959 5742 3151 5796 Jutimte
3166 5734 3388 5813 ξξᾳῷᾶἱ

1837 5796 2035 5910 πίεραι
2050 5805 2134 5849 aut
2161 5797 2302 5857 homo
2323 5798 2507 5867 aliquid
2533 5800 2659 5864 exiit,
2704 5796 2801 5852 nari
2837 5796 3010 5856 natura
3043 5796 3209 5862 eorum
