3962 6474
549 389 684 463 4297

545 535 649 576 non
671 526 792 573 sunt
811 519 825 548 ¹
840 518 863 571 ?
881 514 1011 584 Quis
1027 513 1128 570 hoc
1147 511 1378 567 dixerit?
1393 511 1446 567 Si
1463 525 1590 580 ergo
1610 518 1809 563 naturm
1828 515 1946 561 sunt
1971 521 2124 574 ange-

543 614 627 669 lus
665 623 717 666 et
754 609 947 673 homo;
983 606 1216 678 profecto
1262 611 1446 658 natura
1478 602 1587 656 vult
1616 599 1984 670 quodcumque
2013 595 2126 649 vult

545 703 786 775 angelus,
810 711 995 754 natura
1014 699 1121 752 vnlt
1139 696 1506 768 quodct'nnqnc
1524 686 1632 747 vult
1650 692 1827 744 homo.
1845 687 2124 758 Quomodo

543 813 673 868 ergo
715 795 914 850 malum
939 790 1225 846 voluntatis
1253 796 1456 844 naturae
1481 802 1585 841 non
1619 794 1788 855 potest
1816 781 2124 846 admoveri;

544 905 668 943 cum
697 888 831 942 velle
857 884 1053 955 aliquid
1080 883 1178 937 nisi
1203 890 1387 936 natura
1409 895 1512 934 non
1538 876 1744 948 possit?
1765 878 1868 930 Aut
1895 890 1997 929 non
2027 874 2126 927 im-

545 988 760 1049 putetur
791 975 989 1032 homini
1022 981 1296 1044 peceatum
1332 969 1618 1025 voluntatis
1643 983 1786 1031 sure;
1815 966 1935 1037 quia
1970 966 2127 1020 homo

545 1084 734 1126 natura
762 1079 864 1133 est,
896 1079 949 1123 et
979 1067 1174 1121 malum
1199 1063 1505 1126 voluntatis,
1538 1069 1596 1116 ut
1619 1061 1772 1126 dicis,
1795 1068 2000 1114 natura:
2021 1074 2126 1130 non

544 1171 721 1234 potest
745 1159 1037 1216 admoveri.
1069 1160 1149 1213 An
1179 1158 1231 1210 in
1261 1165 1461 1210 tantum
1492 1163 1578 1208 tua
1607 1151 1943 1223 progreditur
1979 1148 2130 1203 vani-

545 1267 646 1320 tas,
681 1262 737 1308 ut
766 1261 968 1307 natura:
1008 1250 1152 1304 dicas
1181 1248 1377 1300 debere
1416 1244 1704 1312 imputari,
1747 1241 1888 1312 quod
1927 1250 2129 1294 natura!

543 1362 651 1401 non
673 1351 849 1416 potest
873 1340 1181 1396 admoveri?
1202 1337 1332 1392 Nam
1361 1337 1480 1407 quis
1505 1335 1642 1389 dicat
1666 1344 1868 1386 natur-.e
1895 1347 2000 1385 non
2024 1331 2128 1384 im-

545 1437 755 1508 putari,
783 1433 924 1504 quod
951 1433 1238 1501 imputatur
1269 1427 1468 1482 homini
1491 1468 1504 1489 ,
1535 1425 1635 1480 nisi
1665 1425 1905 1494 quisquis
1933 1423 2003 1475 ita
2031 1421 2128 1475 de-

546 1530 692 1598 sipit,
716 1535 776 1580 nt
804 1524 1070 1580 hominem
1101 1529 1256 1591 neget
1278 1535 1397 1574 esse
1419 1516 1696 1572 naturam?
1721 1515 1947 1569 Videsne
1968 1525 2126 1582 quam

545 1621 771 1675 multum
803 1615 1055 1686 loquaris,
1088 1613 1338 1668 nesciens
1365 1611 1491 1682 quid
1523 1609 1793 1680 loquaris?
1819 1608 1873 1662 Si
1895 1623 2022 1675 ergo
2048 1606 2130 1659 di-

545 1726 672 1776 cas,
706 1709 960 1764 Voluntas
998 1697 1304 1761 necessitati
1351 1719 1457 1757 non
1500 1709 1674 1772 potest
1714 1698 2022 1758 admoveri;
2063 1708 2130 1751 ne

549 1804 652 1858 hoc
677 1800 890 1871 quidem
921 1796 1293 1851 universaliter
1319 1810 1499 1848 verum
1525 1800 1624 1845 est.
1661 1788 1958 1859 Aliquando
1987 1787 2128 1840 enim

546 1894 686 1966 quod
730 1905 950 1946 necesse
989 1897 1072 1943 est
1100 1888 1378 1950 volumus;
1407 1886 1544 1939 sicut
1580 1896 1799 1936 necesse
1825 1887 1908 1934 est
1944 1888 2002 1932 ut
2040 1877 2130 1947 qui

550 1992 958 2056 perseveranter
997 1982 1131 2034 bene
1171 1978 1391 2042 vivunt,
1445 1977 1571 2030 (iant
1618 1974 1755 2029 beati
1799 1989 1812 2026 :
1847 1969 2132 2041 aliquando

545 2081 707 2133 etiam
731 2090 953 2131 necesse
974 2083 1055 2127 est
1074 2071 1271 2142 aliquid
1297 2081 1352 2124 ut
1378 2069 1633 2132 velimus;
1654 2069 1788 2120 sicut
1811 2079 2032 2120 necesse
2052 2070 2135 2116 est

545 2186 646 2226 nos
677 2167 1058 2224 beatitudinem
1087 2165 1223 2219 velle
1255 2181 1268 2216 :
1303 2161 1444 2216 unde
1471 2159 1713 2230 qiuedam
1753 2167 1838 2212 est
1882 2165 1938 2213 et
1979 2156 2132 2210 beata

545 2261 862 2322 necessitas,
890 2259 1012 2327 quia
1035 2256 1055 2288 ³
1083 2269 1300 2308 necesse
1327 2263 1407 2306 est
1436 2252 1600 2306 Deum
1622 2265 1836 2318 semper
1863 2257 1914 2303 et
1944 2248 2136 2301 immu-

545 2351 785 2406 tabililcr
825 2357 880 2403 et
919 2347 1225 2403 beatissime
1267 2345 1466 2397 vivere.
1506 2341 1610 2396 Sed
1653 2339 1902 2409 quoniam
1933 2347 2055 2391 sunt
2080 2344 2136 2391 et

548 2443 791 2515 mundam
823 2441 1170 2495 necessitates
1207 2437 1285 2490 sic
1314 2452 1342 2488 a
1373 2431 1732 2487 voluntatibus
1756 2431 1966 2492 alienze,
1997 2436 2054 2482 ut
2081 2433 2135 2482 et

547 2533 843 2590 necessitas
884 2531 954 2585 sit
994 2529 1080 2582 ubi
1118 2527 1364 2580 voluntas
1405 2539 1510 2578 non
1539 2533 1615 2578 est
1645 2564 1660 2590 ,
1693 2531 1746 2578 et
1771 2523 2015 2576 voluntas
2045 2520 2134 2574 ubi

549 2641 658 2678 non
689 2631 772 2677 est
798 2619 1091 2675 necessitas
1119 2635 1132 2668 :
1165 2633 1229 2670 ex
1260 2626 1406 2684 parte
1442 2614 1629 2668 saltem
1658 2627 1842 2667 verum
1881 2619 1960 2665 est
1993 2609 2136 2680 quod

550 2716 768 2776 dicitur,
796 2714 1050 2766 Voluntas
1073 2710 1370 2765 necessitati
1397 2723 1500 2761 non
1525 2715 1696 2776 potest
1719 2704 2011 2760 admoveri.
2035 2703 2136 2769 Qui

547 2797 680 2862 vero
707 2806 874 2869 dicit,
904 2803 1034 2858 Mala
1069 2803 1312 2855 voluntas
1355 2817 1458 2853 non
1501 2807 1675 2869 potest
1711 2806 1914 2852 natura:
1951 2796 2138 2851 admo-

551 2899 664 2953 veri
694 2913 708 2952 :
740 2896 878 2950 idem
907 2893 1089 2955 nobis,
1123 2895 1165 2946 si
1200 2901 1402 2962 potest,
1435 2891 1758 2944 voluntatem
1790 2888 1870 2943 vel
1907 2887 2096 2941 malam
2117 2928 2134 2954 ,

551 2991 636 3045 vel
669 2990 858 3043 bonam
883 3029 899 3055 ,
940 2986 1029 3041 ubi
1057 2997 1241 3040 natura
1279 3001 1385 3038 non
1420 2992 1501 3038 est
1525 3023 1540 3048 ,
1568 2981 1852 3046 ostendat;
1877 2978 2136 3051 autquod

552 3082 803 3138 voluntas
832 3095 952 3135 esse
976 3079 1150 3149 aliqua
1179 3079 1361 3148 possit,
1387 3076 1432 3132 si
1463 3085 1650 3131 natura
1676 3093 1779 3130 non
1807 3076 1875 3129 sit
1900 3091 2018 3145 quae
2041 3074 2139 3129 ali-

552 3173 678 3244 quid
714 3173 860 3227 velit.
895 3169 1123 3225 Attende
1159 3170 1318 3240 igitnr
1346 3185 1505 3240 quam
1535 3169 1610 3224 sis
1635 3184 1664 3222 a
1697 3169 1918 3224 veritate
1958 3168 2136 3224 seclu~

551 3281 666 3322 sus.
715 3265 795 3321 'l‘u
847 3263 1017 3329 dicis,
1069 3261 1323 3318 Voluntas
1370 3261 1504 3316 maia
1555 3269 1757 3315 natura:
1810 3275 1918 3314 non
1962 3268 2139 3329 potest

552 3356 825 3414 admoveri
857 3375 870 3410 :
905 3356 1101 3411 veritas
1121 3363 1298 3409 autem
1322 3353 1470 3422 dicit,
1495 3353 1758 3422 Quamdiu
1783 3361 1865 3409 est
1895 3353 2139 3407 voluntas

551 3451 680 3515 ulla,
713 3465 744 3505 a
776 3459 959 3503 natura
987 3463 1090 3502 non
1122 3455 1294 3516 potest
1319 3447 1578 3515 separari.

625 3539 756 3596 LIV.
785 3539 902 3595 JUL.
937 3539 1085 3593 llanc
1123 3552 1252 3606 ergo
1280 3537 1630 3591 subtilitatem
1669 3535 1988 3591 divisionum
2031 3550 2138 3590 non

553 3631 930 3701 introspiciens
958 3629 1278 3684 Maniehmus
1297 3671 1312 3695 ,
1341 3627 1794 3683 Traducianorum
1827 3629 1979 3682 nobis
2009 3643 2138 3697 pro-

552 3723 705 3779 duxit
729 3722 993 3778 examina.
1024 3721 1436 3790 Argumentatur
1455 3720 1598 3775 enim
1623 3721 1725 3775 hoc
1754 3719 1914 3774 modo
1947 3737 1962 3775 :
1989 3718 2139 3776 Unde

552 3815 790 3872 malum?
819 3814 1077 3870 Nimirum
1103 3801 1171 3867 de
1199 3812 1490 3866 voluntate.
1521 3810 1672 3868 Unde
1696 3811 1945 3866 voluntas
1975 3811 2138 3866 mala?

556 3906 884 3977 Respondet.
910 3907 984 3960 De
1007 3905 1240 3959 homine.
1269 3902 1420 3960 Unde.
1443 3902 1645 3958 homo?
1665 3903 1766 3957 Per
1788 3903 1976 3958 Deum.
2000 3903 2144 3957 Con-

555 3999 827 4070 cluditque
855 4017 869 4053 :
896 3999 949 4054 Si
979 3998 1172 4052 malum
1210 4013 1275 4051 ex
1312 3995 1528 4050 homine
1549 4037 1563 4061 ,
1606 3993 1765 4049 homo
1805 4010 1901 4064 per
1934 3995 2136 4060 Deum;

557 4091 758 4145 malum
790 4089 946 4158 igitur
974 4103 1069 4157 per
1095 4087 1279 4140 Dcnm.
1304 4085 1370 4139 Et
1390 4095 1510 4156 post
1535 4086 1818 4155 hoc,quasi
1839 4085 2136 4154 religiosus,

556 4199 628 4241 ne
647 4181 990 4238 criminosum
1016 4177 1173 4232 faciat
1195 4179 1381 4239 Deum,
1403 4177 1493 4230 dat
1516 4177 1852 4230 tenebrarum
1872 4186 2136 4244 naturam,

556 4277 644 4332 cui
686 4275 884 4330 malum
923 4272 1211 4327 debeamus
1252 4269 1577 4324 adscribere.
1620 4268 1750 4323 llinc
1792 4278 1846 4322 ct
1885 4270 2140 4338 Augusti-

557 4382 711 4422 nus:
759 4363 910 4421 Unde
953 4361 1187 4417 malum?
1237 4360 1310 4415 De
1360 4359 1649 4413 voluntate.
1691 4358 1875 4421 Unde,
1927 4359 2136 4429 inquit,

555 4463 670 4533 ipsa
685 4457 950 4515 voluntas?
973 4458 1047 4510 De
1069 4454 1302 4520 homine,
1321 4453 1410 4524 qui
1433 4463 1515 4506 est
1537 4467 1668 4522 opus
1692 4453 1803 4506 Dei.
1821 4451 1887 4504 Et
1909 4453 2135 4522 colligit:

554 4555 611 4610 Si
641 4552 835 4608 malum
884 4566 949 4604 cx
976 4549 1280 4613 voluntate,
1333 4545 1574 4598 voluntas
1615 4558 1680 4598 ex
1714 4543 1946 4609 homine,
1979 4542 2139 4597 homo

558 4659 693 4714 opus
714 4643 839 4707 Dei;
861 4641 1056 4696 malum
1075 4638 1232 4709 igitur
1256 4653 1347 4707 per
1370 4636 1555 4690 Deum.
1576 4633 1728 4702 Quod
1745 4635 1893 4704 quasi
1916 4645 2138 4688 conatus

554 4736 870 4797 absolvere,
920 4749 987 4787 ne
1034 4733 1201 4786 Deum
1245 4729 1591 4784 criminosum
1639 4727 1818 4782 dicere
1869 4726 2139 4782 videretur

557 4825 722 4897 (quod
753 4823 937 4878 tradux
969 4822 1084 4888 ejus
1109 4820 1384 4888 affirmat),
1413 4819 1702 4874 violentum
1731 4833 1880 4887 teque
1905 4833 2000 4886 pro
2030 4819 2138 4873 Deo

560 4916 712 4972 nobis
735 4913 864 4968 nihil
888 4913 1097 4976 obtulit,
1123 4911 1172 4964 id
1205 4921 1307 4974 est,
1335 4909 1581 4963 tenebras
1603 4908 1794 4978 quibus
1817 4909 2012 4962 malum
2038 4908 2138 4962 hoc

556 5007 861 5062 adscribere
891 5004 1225 5057 deberemus.
1265 5019 1282 5053 ι
1319 5001 1434 5055 Non
1461 5001 1602 5054 enim
1626 5041 1641 5066 ,
1674 5019 1692 5051 ι
1729 5000 1927 5069 inquit,
1963 5019 1982 5051 ι
2020 5001 2138 5056 ideo

558 5100 609 5154 in
638 5096 850 5152 homine
879 5095 1073 5149 malum
1102 5103 1283 5147 natum
1313 5101 1415 5154 est,
1445 5092 1568 5160 quia
1593 5107 1726 5160 opus
1754 5093 1842 5146 Dei
1865 5103 1974 5146 erat
1996 5134 2011 5155 ,
2043 5093 2136 5147 sed

557 5190 680 5247 ideo
705 5188 826 5259 quia
847 5185 914 5242 de
942 5184 1108 5239 nihilo
1132 5193 1248 5240 erat
1272 5203 1290 5238 ι
1311 5183 1413 5258 (De
1442 5182 1605 5253 Nupt.
1629 5193 1675 5238 et
1692 5181 1942 5253 Concup.,
1961 5185 2048 5237 lib.
2081 5185 2134 5250 9.,

555 5299 610 5335 ιι.
639 5282 750 5348 48).
791 5277 952 5346 Quasi
978 5277 1176 5330 veritas
1215 5277 1538 5344 respondere
1584 5293 1686 5329 non
1715 5278 1884 5346 possit
1909 5295 1920 5329 :
1950 5277 2136 5346 l-thna

553 5369 882 5438 impudentia
907 5366 1078 5438 primo
1101 5366 1350 5421 mentitur
1378 5366 1517 5421 Deus
1544 5375 1682 5430 tntis,
1706 5382 1824 5421 esse
1848 5370 1897 5420 in
1924 5367 2138 5422 homine

557 5462 920 5524 voluntatem;
959 5457 1153 5514 deinde
1179 5455 1532 5524 condemnat,
1573 5473 1694 5512 eum
1737 5460 1930 5511 malum
1959 5459 2095 5513 istud
2115 5500 2132 5526 ,

557 5553 802 5609 videlicet
823 5559 1117 5621 peccatum,
1132 5548 1200 5604 de
1217 5549 1530 5604 necessitate
1551 5549 1756 5604 noverit
1773 5550 2132 5614 tenebrarum,

620 5779 636 5798 ·
673 5764 810 5824 κάῑιί,
844 5770 1031 5830 minute
1051 5770 1196 5830 sunt;
1232 5765 1407 5813 omissa
1450 5771 1664 5828 negante
1708 5765 1970 5828 particula,
1996 5781 2138 5830 qnazn

558 5839 622 5877 ex
647 5828 980 5885 manuscriptis
1004 5827 1319 5877 restituitnus.

623 5889 645 5922 ⁸
673 5893 827 5947 Forte,
849 5899 959 5947 qua.

1257 397 1501 454 Ol‘ER‘S
1541 393 1949 451 lllPERFECTl
1989 389 2257 448 CONTRA
2301 388 2759 455 JUl.l.-\NU.\I,'S.
2799 388 3168 446 AUGUSTINI

3692 383 3831 441 “88

2235 502 2284 556 id
2309 514 2410 569 est,
2442 503 2644 572 antiqui
2684 501 2832 556 nihili
2862 501 3185 572 contigisse?
3217 499 3520 556 lnllexinms
3548 513 3646 568 per
3669 513 3832 553 casus

2235 595 2366 648 nihtl
2388 637 2402 661 ,
2429 605 2485 649 ut
2514 602 2794 664 appareret
2821 595 3140 650 Traduciani
3171 595 3347 649 virtus
3367 596 3417 647 in
3447 593 3620 648 nihilo
3653 595 3830 648 collo-

2233 682 2405 742 cautis
2445 703 2591 756 spem
2629 702 2800 741 suam.
2847 686 2976 742 Vide
3013 693 3190 741 tamen
3234 685 3656 741 imbecillitatem
3699 685 3828 750 Dei,

2235 789 2392 850 quem
2433 766 2793 835 'l'raducianns
2824 781 3043 836 inducit.
3087 782 3266 852 Ipsum
3309 781 3529 835 nihilum
3575 797 3834 849 superare

2237 878 2342 925 non
2395 870 2602 928 valuit;
2645 877 2874 943 Cumque
2915 872 3184 927 hominem
3237 872 3453 928 fecisset
3509 883 3575 927 ex
3629 872 3826 937 nihilo,

2237 979 2342 1017 non
2366 979 2486 1018 eum
2517 965 2686 1034 potuit
2719 980 2749 1019 a
2770 963 3074 1019 conditione
3108 965 3266 1029 mali,
3296 981 3416 1034 qua:
3438 965 3504 1018 de
3537 964 3714 1018 nihilo
3743 972 3833 1018 vc-

2239 1055 2446 1124 niebat,
2477 1060 2674 1112 c‘xnere
2714 1057 2848 1112 :s'cd
2891 1073 3067 1111 rerum
3112 1057 3424 1112 dillicultate
3467 1057 3642 1111 factus
3687 1073 3834 1110 ama-

2237 1147 2378 1213 rior,
2409 1163 2505 1217 pro
2527 1149 2637 1204 suis
2664 1149 2834 1219 culpis
2855 1151 3123 1204 hominem
3145 1150 3476 1213 criminatur,
3505 1160 3562 1205 ct
3584 1151 3833 1221 imaginis

2237 1252 2346 1291 Sua:
2376 1239 2544 1293 exitio
2585 1240 2731 1294 nihili
2773 1241 2962 1296 delicta
2999 1241 3338 1296 condemnat.
3383 1242 3681 1312 Benignius
3713 1246 3831 1298 eum

2237 1346 2302 1382 co
2328 1331 2434 1398 agit
2463 1347 2622 1384 senex
2647 1331 2822 1385 Manes
2843 1373 2858 1399 ,
2889 1342 2944 1386 nt
2969 1333 3108 1387 dicat
3132 1334 3278 1387 illiilli
3311 1350 3412 1387 non
3445 1351 3833 1404 usquequaque

2239 1422 2575 1475 tenebrarum
2619 1432 2776 1493 gente
2812 1433 3104 1489 vastatum;
3149 1424 3303 1494 cujus
3337 1424 3675 1479 debilitatem
3721 1435 3832 1480 tau-

2238 1518 2343 1565 tam
2374 1513 2571 1568 inducit
2597 1515 2958 1571 'l‘radueianus
2978 1557 2994 1584 ,
3028 1517 3084 1571 ul
3110 1525 3504 1573 commcntetur
3534 1523 3664 1574 eum
3695 1534 3725 1571 a
3751 1519 3832 1574 nl-

2237 1603 2349 1658 hilo
2377 1605 2541 1661 fuisse
2571 1609 2902 1678 superatum.

2310 1697 2444 1751 Anc.
2470 1697 2636 1752 Nemo
2648 1705 2925 1769 superatur
2946 1716 2973 1753 a
3002 1700 3308 1766 'n‘ihilo;scd
3336 1711 3388 1756 tu
3411 1703 3691 1773 superaris
3709 1696 3832 1759 nihil

2237 1784 2501 1841 dicendo:
2533 1806 2628 1844 nec
2650 1806 2747 1861 ego
2775 1791 3015 1846 in'nihilo
3037 1785 3292 1848 collocavi
3322 1810 3474 1865 spem
3499 1775 3683 1850 meam
3706 1811 3721 1862 ;
3744 1797 3833 1852 scd

2239 1887 2292 1933 tu
2319 1879 2383 1934 ad
2417 1881 2637 1936 nihilum
2670 1883 2961 1953 perduxisti
2991 1886 3365 1956 loquacitatem
3395 1899 3560 1941 tuam.
3595 1888 3766 1953 Sane,
3790 1889 3832 1944 si

2239 1984 2385 2028 recte
2429 1974 2695 2045 intelligas
2734 1973 2875 2048 quod
2920 1980 3171 2048 perverse
3215 1981 3474 2052 loqueris,
3527 1983 3635 2037 isto
3679 1982 3832 2036 modo

2240 2063 2381 2118 Dens
2410 2080 2439 2118 a
2479 2065 2648 2120 nihilo
2693 2068 3008 2136 superatur,
3049 2070 3299 2140 quoniam
3347 2071 3512 2126 Deum
3559 2070 3708 2126 nulla
3751 2087 3834 2126 res

2239 2164 2459 2224 snperat
2503 2173 2516 2208 :
2559 2157 2688 2211 nihil
2733 2159 2875 2213 enim
2917 2158 3044 2230 quid
3083 2170 3202 2228 est,
3236 2163 3338 2216 nisi
3379 2177 3468 2217 res
3507 2163 3706 2218 nulla?
3735 2163 3833 2218 lsto

2241 2245 2400 2299 modo
2441 2247 2602 2301 etiam
2644 2247 2783 2304 Deus
2825 2264 2928 2304 non
2976 2259 3149 2320 potest
3186 2267 3442 2322 superare
3486 2254 3663 2319 nihil;
3714 2253 3832 2324 quia

2240 2337 2441 2392 nullam
2484 2354 2597 2393 rem
2643 2355 2747 2393 non
2793 2351 3050 2410 supcrat,
3097 2343 3185 2413 qui
3234 2353 3453 2413 supcrat
3494 2345 3718 2410 omnia;
3757 2352 3834 2399 est

2241 2429 2384 2482 cnim
2412 2445 2572 2498 super
2595 2431 2792 2486 omnia.
2828 2430 2934 2486 Sed
2970 2451 2990 2484 ι
3028 2447 3130 2488 non
3160 2435 3495 2505 introspexit,
3538 2453 3559 2487 ι
3597 2446 3657 2489 ιιι
3682 2435 3830 2500 dicis,

2247 2539 2267 2572 ι
2305 2521 2626 2577 Manielueus
2654 2523 2974 2579 subtilitates
2999 2525 3319 2580 divisionum
3369 2535 3605 2594 tuarum,
3633 2537 3692 2582 ct
3719 2526 3833 2581 ideo

2241 2611 2404 2680 dicit,
2433 2613 2490 2669 Si
2517 2615 2712 2670 malum
2742 2631 2810 2670 ex
2839 2616 3052 2671 homine
3072 2658 3085 2681 ,
3117 2618 3276 2670 homo
3298 2628 3475 2672 autem
3509 2634 3606 2687 per
3635 2601 3830 2683 Deum,

2242 2706 2442 2759 malum
2467 2706 2626 2776 igitur
2649 2723 2743 2775 per
2769 2707 2934 2762 Deum
2966 2725 2981 2762 :
3020 2727 3040 2760 ι
3068 2707 3242 2762 uthac
3263 2709 3611 2763 conclusione
3646 2709 3832 2773 territi,

2241 2807 2334 2851 aut
2356 2797 2625 2852 hominem
2661 2813 2754 2868 per
2781 2795 2973 2865 Deum,
3001 2808 3092 2853 aut
3120 2801 3318 2853 malum
3351 2815 3610 2869 negemus
3638 2804 3710 2854 ex
3743 2799 3835 2853 ho.

2243 2888 2407 2954 mine,
2433 2896 2528 2943 aut
2553 2899 2859 2959 utrumque,
2890 2900 2946 2944 ut
2968 2891 3078 2958 ille,
3102 2887 3291 2946 falsum
3319 2908 3439 2947 esse
3460 2892 3752 2957 dicamus;
3780 2895 3836 2948 ac

2243 2978 2321 3034 sic
2356 2978 2509 3035 nobis
2538 2980 2838 3035 introducat
2876 2983 3056 3036 nescio
3097 2999 3254 3053 quam
3299 2984 3661 3038 substantiam
3701 2992 3836 3038 tene-

2241 3065 2457 3126 brarum
2478 3112 2494 3138 ,
2519 3087 2638 3144 qua:
2663 3072 2934 3128 hominem
2966 3072 3188 3141 fecerit,
3214 3084 3270 3129 et
3308 3091 3428 3145 qua:
3464 3075 3837 3146 principaliter

2241 3163 2441 3220 malum
2483 3165 2585 3233 sit,
2614 3165 2754 3221 unde
2780 3165 2974 3220 malum
3002 3182 3161 3221 onme
3195 3167 3449 3222 credatur
3478 3168 3518 3219 ³.
3551 3167 3637 3221 Tu
3679 3181 3834 3237 ergo,

2243 3257 2448 3313 divisor
2468 3259 2837 3324 subtilissime,
2868 3260 2988 3314 Luic
3016 3250 3226 3316 astutia:
3256 3276 3359 3330 qua
3390 3269 3546 3331 putas
3575 3260 3836 3331 sapientia

2243 3350 2643 3407 resistendum?
2669 3369 2688 3404 ι
2731 3352 2933 3418 Dicam,
2965 3371 2984 3404 ι
3013 3353 3206 3424 inquis,
3235 3371 3254 3404 ι
3287 3351 3486 3407 malum
3515 3354 3586 3408 ab
3616 3351 3837 3407 homine

2242 3457 2308 3498 es
2353 3442 2589 3513 possibili
2636 3443 2945 3510 exstitisse,
2993 3460 3098 3499 non
3146 3461 3209 3500 ex
3258 3447 3588 3501 necessario.
3631 3465 3652 3498 ι
3681 3445 3834 3514 Quasi

2243 3549 2372 3587 vero
2415 3533 2509 3588 tibi
2551 3534 2638 3589 ille
2680 3535 3007 3605 reSpondere
3047 3551 3151 3590 non
3192 3537 3399 3607 possit,
3443 3536 3500 3592 Si
3542 3539 3748 3592 malum
3775 3539 3835 3591 ex

2243 3623 2520 3694 possibili,
2550 3625 2874 3694 possibilitas
2913 3641 2978 3680 ex
3017 3636 3207 3680 natura
3231 3668 3246 3692 ,
3286 3636 3473 3681 natura
3505 3641 3604 3696 per
3637 3627 3834 3691 Deum,

2244 3716 2446 3771 malum
2474 3717 2633 3786 igitur
2652 3723 2750 3788 per
2771 3717 2959 3772 Deum.
2985 3717 3132 3772 llanc
3153 3719 3552 3773 Conclusionem
3577 3719 3626 3774 si
3656 3730 3710 3773 tu
3736 3727 3836 3772 non

2245 3809 2405 3863 times
2427 3847 2444 3876 ,
2480 3823 2580 3863 nec
2604 3823 2702 3879 cgo
2738 3809 2884 3864 illam
2915 3809 3200 3880 :quoniam
3228 3811 3384 3866 ambo
3417 3826 3523 3865 non
3555 3827 3624 3866 ex
3651 3826 3838 3866 neces-

2245 3900 2426 3962 sario,
2469 3899 2561 3954 sed
2603 3914 2668 3954 cx
2712 3900 2955 3970 possibili
2997 3915 3250 3970 peccasse
3293 3900 3566 3956 hominem
3610 3902 3837 3970 primum

2245 3991 2580 4046 conﬁtemur.
2608 3990 2820 4046 Etenim
2852 4005 2950 4046 nos
2975 3991 3215 4046 dicentes
3245 3990 3519 4046 hominem
3554 4002 3839 4062 propterea

2245 4081 2482 4152 potuisse
2517 4097 2738 4152 peccare
2763 4124 2777 4149 ,
2812 4083 2934 4153 quia
2965 4097 3070 4137 non
3108 4090 3190 4136 est
3232 4082 3348 4152 ejus
3388 4093 3580 4136 natura
3609 4081 3749 4136 facta
3777 4082 3840 4138 de

2248 4177 2376 4240 Deo,
2404 4178 2647 4248 quamvis
2672 4179 2893 4232 omnino
2922 4193 3043 4234 esse
3069 4179 3170 4233 nisi
3202 4179 3294 4234 illo
3327 4189 3549 4235 creante
3578 4197 3684 4235 non
3711 4195 3841 4250 pos-

2245 4278 2358 4335 set;
2387 4285 2494 4324 non
2531 4271 2602 4324 ita
2640 4269 2742 4324 hoc
2770 4269 2998 4324 dicimus
3019 4311 3034 4333 ,
3063 4277 3123 4325 ut
3156 4284 3222 4326 ex
3251 4271 3351 4324 hoc
3379 4271 3429 4326 ei
3470 4270 3716 4325 dicamus
3747 4272 3842 4325 im-

2245 4371 2491 4428 pactam.
2541 4359 2678 4414 sicut
2719 4359 3061 4415 calumniaris
3086 4401 3100 4422 ,
3141 4359 3395 4430 peccandi
3438 4360 3840 4414 necessitatem.

2245 4451 2472 4506 Prorsus
2496 4465 2717 4520 peccare
2742 4461 2949 4521 poterat
2968 4461 3019 4506 et
3043 4467 3150 4506 non
3185 4468 3409 4523 peccare
3434 4454 3456 4485 ⁸
3488 4469 3502 4505 :
3537 4452 3633 4507 sed
3665 4454 3704 4507 si
3737 4469 3843 4508 non

2245 4541 2313 4596 de
2341 4543 2508 4596 nihilo
2536 4544 2703 4596 factus
2730 4550 2903 4610 esset,
2937 4543 2987 4597 id
3027 4552 3140 4610 est,
3169 4544 3212 4597 si
3243 4543 3309 4599 de
3354 4545 3464 4598 Deo
3503 4555 3695 4598 natura
3724 4544 3843 4614 ejus

2237 4635 2407 4700 esset,
2435 4649 2659 4704 peccare
2680 4635 2900 4688 omnino
2927 4650 3032 4689 non
3061 4643 3260 4706 posset.
3293 4635 3422 4702 Quis
3446 4636 3593 4690 enim
3621 4645 3705 4690 est
3736 4647 3842 4691 tam

2246 4725 2488 4789 demens,
2513 4727 2601 4796 qui
2625 4725 2805 4780 dicere
2827 4727 3039 4792 audeat,
3065 4728 3450 4783 immutabilem
3474 4738 3530 4783 et
3557 4730 3843 4785 inconver-

2247 4817 2449 4871 tibilem
2484 4825 2727 4870 naturam
2756 4832 2872 4887 qtue
2904 4817 3041 4872 Deus
3066 4828 3168 4882 cst,
3199 4819 3306 4872 ullo
3335 4820 3496 4874 modo
3526 4836 3686 4890 posse
3719 4836 3844 4892 pec-

2245 4922 2398 4971 care;
2439 4906 2506 4961 de
2536 4922 2641 4976 quo
2669 4907 2806 4961 dicat
2839 4909 3127 4980 Apostolus
3148 4953 3162 4976 ,
3194 4908 3400 4982 Negare
3440 4929 3494 4966 se
3535 4913 3704 4984 ipsum
3748 4931 3849 4969 non

2247 5007 2406 5068 potest
2438 4997 2510 5069 (ιι
2535 4996 2668 5052 Tim.
2704 5015 2773 5064 tt,
2809 5000 2930 5064 l5)?
2961 4999 3183 5070 Utrique
3229 5003 3386 5072 igitur
3427 5003 3731 5059 Maniclueo
3761 5020 3849 5061 re-

2244 5089 2503 5152 sistimus,
2522 5088 2801 5146 dicentcsa
2825 5091 2965 5146 bono
2990 5093 3200 5162 etjusto
3216 5095 3328 5150 Deo
3343 5111 3448 5149 non
3475 5096 3848 5154 sichominem

2246 5181 2441 5234 factum
2469 5195 2610 5247 esse,
2643 5190 2700 5236 ut
2723 5183 2772 5238 ei
2797 5193 2939 5239 esset
2968 5199 3189 5240 necesse
3213 5201 3464 5255 peccare;
3488 5198 3546 5242 et
3573 5187 3699 5242 ideo
3723 5205 3851 5259 pec-

2245 5285 2397 5325 casse
2436 5272 2559 5342 quia
2600 5273 2764 5328 Voltlll
2790 5315 2806 5340 ,
2835 5274 2922 5343 qui
2969 5285 3149 5344 posset
3173 5271 3230 5331 et
3269 5277 3432 5330 nolle.
3475 5277 3586 5332 Sed
3622 5278 3764 5347 quod
3799 5278 3850 5332 in

2247 5361 2360 5430 ejus
2379 5365 2632 5433 progenie
2650 5365 2784 5418 mala
2807 5374 2951 5420 tanta
2967 5375 3020 5420 et
3039 5375 3142 5420 tam
3160 5367 3437 5422 manifesta
3457 5369 3850 5439 conspicimus,

2247 5467 2354 5506 non
2374 5453 2671 5510 voluntaria
2702 5453 3008 5524 hominum,
3045 5456 3138 5512 sed
3169 5474 3288 5511 cum
3317 5461 3513 5528 quibus
3541 5461 3654 5513 nati
3684 5471 3849 5526 sunt,

2246 5557 2366 5596 cum
2409 5560 2469 5596 ca
2510 5545 2692 5599 venire
2731 5546 2798 5600 de
2831 5548 3012 5601 vitiata
3055 5564 3148 5618 per
3183 5560 3459 5619 peccatum
3505 5552 3716 5621 origine
3752 5566 3852 5607 vos

2247 5637 2484 5704 negatis,
2528 5635 2766 5706 profecto
2804 5638 2869 5693 ad
2909 5650 3152 5694 naturam
3191 5642 3317 5695 mali
3357 5643 3814 5700 introduccndam

2313 5769 2331 5800 ί
2365 5769 2523 5818 Oodcx
2551 5777 2696 5828 Port.,
2721 5770 2900 5822 malum
2921 5785 3022 5823 csse
3045 5774 3290 5824 credatur.

2231 5837 2234 5839 λ
2313 5831 2333 5860 ³
2366 5835 2414 5877 lu
2441 5832 2584 5903 editis
2607 5831 2712 5903 loco
2731 5866 2746 5889 ,
2769 5846 3004 5897 pcccm‘e;
3028 5835 3154 5886 male
3174 5838 3522 5900 substitutum,
3546 5844 3736 5903 poterat
3751 5872 3774 5902 ν
3793 5843 3850 5885 Εἰ

2251 5903 2324 5953 τοι
2342 5895 2630 5952 urguentibus
2657 5901 2758 5942 uss.
2833 5907 2840 5913 ‘
