3962 6474
167 393 298 453 “89

160 511 308 583 Cujus
335 507 714 568 eammixtionc
744 504 836 560 Dei
864 510 1051 558 natura
1075 507 1324 568 corrupta
1354 496 1445 562 sit,
1487 507 1735 563 tanquam

161 607 212 659 in
236 617 363 658 arce
391 599 739 656 Maniehzeum
768 595 986 651 lneresis
1015 601 1187 647 vestra
1215 588 1511 655 constituit,
1537 600 1610 642 ex
1637 599 1741 655 qua

158 706 209 752 et
236 696 384 750 illum
408 691 566 748 simul
591 700 645 746 et
677 705 770 745 vos
793 688 992 743 veritas
1017 682 1219 755 dejicit.

225 789 336 843 LV.
367 786 482 842 λιιι.
511 785 791 841 Patiuntur
829 781 966 836 hanc
1003 791 1190 836 omnes
1225 772 1568 846 ignominiam
1595 812 1610 836 ,
1650 769 1740 840 qui

156 881 393 938 indicunt
414 877 624 933 veritati
651 876 870 934 bellum.
901 872 1009 928 Nos
1034 885 1162 940 ergo
1189 867 1331 940 quod
1358 866 1562 936 egimus
1591 863 1743 918 colli-

155 989 358 1043 garuus.
400 972 669 1038 Qumritur
705 968 847 1024 unde
886 967 974 1024 illa
1013 963 1184 1035 prima
1225 960 1469 1018 voluntas
1509 957 1643 1011 mala
1687 955 1738 1008 in

155 1064 371 1120 homine
401 1062 563 1118 fuerit
590 1073 795 1116 exorta.
830 1055 1257 1125 Respondemus,
1287 1053 1328 1106 A
1360 1057 1506 1104 tnotu
1536 1045 1736 1112 animi,

153 1164 378 1226 cogente
403 1155 569 1215 nullo,
598 1151 858 1222 Objicitur
882 1189 896 1216 ,
929 1148 985 1202 Si
1017 1148 1034 1178 ⁸
1067 1147 1118 1200 in
1143 1158 1309 1216 Opere
1337 1142 1428 1196 Dei
1458 1135 1740 1208 apparuit?

151 1249 490 1305 Assentimur
538 1261 723 1300 verum
767 1258 907 1298 esse.
949 1242 1186 1311 tingatur
1227 1233 1494 1307 quomodo
1536 1231 1585 1287 id
1633 1245 1738 1284 non

150 1341 471 1404 abnuamus,
500 1339 588 1410 qui
618 1351 870 1407 negamus
898 1333 1138 1389 naturale
1164 1337 1461 1402 peccatum.
1493 1325 1738 1394 Respon-

149 1431 361 1498 demus,
392 1430 525 1497 Quia
552 1431 606 1483 in
629 1441 790 1498 opere
819 1425 908 1480 Dei
938 1441 966 1477 a
1001 1422 1234 1493 possibili
1257 1419 1436 1475 existit
1464 1425 1738 1487 peccattun

149 1525 290 1580 istud
315 1565 332 1590 ,
383 1539 489 1579 non
533 1537 562 1576 a
603 1520 924 1576 necessario.
965 1515 1236 1571 Naturalia
1271 1527 1399 1583 ergo
1438 1507 1738 1564 necessaria

147 1625 310 1682 sunt,
346 1613 621 1686 possibilia
650 1621 827 1666 autem
855 1607 1170 1664 voluntaria.

209 1709 357 1763 Acs.
386 1708 521 1762 Sunt
540 1714 595 1760 et
617 1702 918 1760 voluntaria
943 1698 1264 1764 necessaria,
1299 1697 1436 1752 sicut
1455 1694 1593 1750 beati
1620 1707 1740 1749 esse

147 1800 418 1866 volumus,
448 1807 503 1854 et
532 1812 754 1854 necesse
778 1804 861 1852 est
887 1805 942 1850 ut
960 1795 1185 1850 velimtts
1210 1810 1225 1848 :
1249 1797 1374 1846 sunt
1393 1798 1447 1845 et
1469 1787 1738 1859 possibilia

147 1893 444 1960 naturalia;
473 1892 549 1946 sic
576 1891 826 1961 possibile
857 1897 942 1944 est
977 1887 1120 1944 enim
1161 1894 1218 1940 ut
1244 1884 1506 1954 concipiat
1544 1882 1738 1936 femina

147 2003 268 2058 qua:
316 1985 628 2041 concumbit
674 2000 795 2040 cum
842 1984 957 2037 viro
999 1981 1110 2036 suis
1147 1988 1210 2035 et.
1239 1980 1380 2033 illius
1421 1977 1739 2048 genitalibus

145 2077 430 2144 membris,
463 2076 506 2132 si
532 2091 631 2132 nec
657 2077 768 2145 ipsa
790 2074 986 2130 sterilis
1014 2073 1103 2138 sit,
1138 2087 1236 2126 nec
1263 2071 1383 2134 ille;
1415 2068 1507 2123 sed
1531 2083 1635 2122 non
1658 2074 1740 2121 est

147 2169 515 2225 necessarium
559 2186 574 2222 :
617 2167 730 2222 fieri
771 2167 973 2237 quippe
1009 2171 1216 2234 potest,
1247 2161 1340 2216 sed
1382 2174 1602 2215 necesse
1631 2173 1737 2212 non

145 2258 256 2325 est;
281 2271 338 2316 et
371 2271 548 2315 tamen
580 2259 820 2314 naturale
840 2268 941 2314 est.
965 2257 1126 2321 Tace,
1148 2255 1376 2309 obsecro
1399 2271 1412 2305 :
1437 2267 1588 2307 minae
1614 2259 1740 2306 sunt

144 2353 517 2420 definitiones;
542 2367 640 2408 nec
660 2351 905 2418 subtiles,
928 2349 1020 2404 sed
1044 2348 1273 2418 pueriles
1292 2344 1585 2400 divisiones
1612 2351 1737 2398 tuae.

208 2444 349 2500 LVI.
378 2444 500 2501 Jun.
531 2445 612 2501 Ac
641 2459 736 2514 per
760 2442 863 2498 hoc
886 2483 901 2507 ,
933 2450 994 2495 ut
1020 2449 1292 2510 peccatum
1322 2435 1488 2492 motui
1527 2434 1697 2490 libero
1719 2425 1746 2500 ,'

147 2538 216 2592 ita
242 2547 498 2592 naturam
526 2536 637 2591 Deo
662 2533 1012 2590 adscribimus
1036 2528 1318 2586 conditori.
1345 2527 1439 2582 Est
1463 2526 1622 2597 igitur
1647 2539 1740 2578 na-

147 2639 258 2684 tura
302 2628 540 2684 humana
565 2627 766 2682 bonum
793 2639 928 2695 cpus
955 2623 1047 2678 Dei
1081 2640 1095 2677 ε
1126 2629 1212 2676 est
1247 2619 1469 2674 libertas
1496 2615 1736 2682 arbitrii,

146 2719 193 2774 id
216 2729 324 2786 est,
351 2719 680 2790 possibilitas
697 2717 782 2772 vel
808 2713 1176 2785 delinquendi,
1198 2713 1282 2768 vel
1309 2719 1458 2774 recte
1485 2708 1736 2776 faciendi,

144 2814 348 2869 bonum
372 2828 528 2883 teque
547 2827 679 2882 opus
697 2811 812 2866 Dei.
838 2811 1131 2878 Utrumque
1151 2807 1255 2861 hoc
1275 2803 1475 2859 homini
1495 2818 1526 2857 a
1547 2815 1739 2857 neces-

145 2911 284 2965 sario
309 2910 506 2963 venit:
536 2916 722 2962 neutra
760 2905 826 2961 de
856 2904 940 2959 bis
977 2902 1182 2958 duabus
1220 2899 1378 2956 rebus
1415 2897 1542 2953 mali
1578 2910 1738 2951 causa

144 3011 239 3056 est.
265 2999 380 3056 Sed
408 2999 515 3055 huc
544 3013 714 3068 usque
735 2993 1035 3052 necessaria
1061 2993 1148 3048 illa
1179 2998 1440 3046 venerunt
1468 3005 1482 3043 :
1508 2988 1619 3059 jam
1647 3000 1742 3041 vo-

146 3095 318 3148 luntas
346 3093 566 3164 quidem
592 3091 644 3146 in
677 3090 760 3144 his
786 3088 1046 3150 exoritur.
1077 3086 1171 3142 sed
1199 3100 1305 3140 non
1334 3083 1403 3139 de
1432 3081 1535 3136 his.
1568 3081 1743 3150 Capa-

143 3186 221 3240 cia
233 3185 532 3239 voluntatis
551 3183 906 3253 suntquippc,
937 3195 1044 3234 non
1071 3178 1255 3249 plena;
1279 3190 1380 3232 nec
1402 3173 1620 3240 faciunt,
1645 3171 1741 3228 sed

143 3276 417 3347 accipiunt
445 3273 808 3330 diversitatem
835 3272 1167 3327 meritorum.
1658 3283 1659 3286 η

210 3370 359 3424 Ave.
413 3365 666 3420 Naturam
721 3374 776 3419 et
826 3364 1052 3419 liberum
1105 3359 1385 3416 arbitrium
1441 3356 1742 3414 rectissime

144 3459 282 3513 bona
313 3457 598 3513 conliteris
622 3470 743 3512 esse
775 3455 866 3510 Dei
895 3469 1058 3524 opera
1084 3470 1097 3508 :
1122 3450 1384 3522 sedquod
1413 3449 1741 3504 voluntatem

145 3553 194 3606 in
241 3551 330 3605 his
370 3550 611 3620 quidem,
645 3547 740 3602 sed
781 3562 887 3602 non
917 3545 1098 3601 dehis
1133 3539 1332 3600 a'sseris
1367 3540 1583 3605 exoriri,
1615 3538 1739 3610 quid

145 3644 394 3698 insanius
424 3641 533 3696 dici
575 3639 962 3711 potest?.ltane
988 3651 1138 3701 vero,
1172 3634 1400 3700 Juliane,
1428 3648 1495 3688 ex
1526 3629 1743 3686 homine

147 3736 384 3792 hominis
410 3736 660 3790 voluntas
689 3749 796 3788 non
827 3732 1014 3797 oritur,
1039 3745 1162 3785 cum
1194 3728 1355 3783 hoino
1382 3726 1580 3782 bonum
1607 3739 1744 3794 opus

144 3832 238 3888 Dei
284 3833 400 3887 sit?
439 3831 722 3889 Postremo
747 3829 984 3898 potuitne
1019 3823 1312 3880 ascendere
1352 3823 1405 3877 in
1445 3835 1540 3876 eor
1569 3827 1739 3884 tuum,

147 3926 350 3980 exoriri
373 3925 591 3996 quidem
619 3923 850 3978 hominis
874 3921 1219 3984 voluntatem,
1241 3915 1335 3972 sed
1357 3930 1462 3969 non
1480 3914 1549 3969 de
1573 3912 1742 3967 libero

144 4019 260 4088 ejus
281 4017 549 4073 arbitrio?
569 4017 672 4072 Dic
689 4030 815 4086 ergo
841 4013 1001 4079 unde,
1027 4012 1071 4067 si
1099 4027 1205 4066 non
1231 4010 1298 4066 de
1327 4017 1533 4073 natura,
1557 4005 1609 4060 id
1636 4013 1741 4072 est,

145 4128 252 4165 non
281 4111 358 4166 de
389 4111 505 4180 ipso
536 4109 784 4174 homine;
813 4108 858 4163 si
895 4121 1000 4161 non
1033 4105 1114 4160 de.
1142 4105 1312 4159 libero
1346 4102 1461 4172 ejus
1498 4098 1742 4166 arbitrio,

144 4203 253 4270 dic,
285 4217 446 4272 rogo,
478 4201 619 4257 unde
645 4201 892 4256 voluntas
927 4196 1407 4254 hominisoriatur.
1438 4192 1623 4247 Dixisti
1653 4188 1743 4246 ubi
1789 4215 1794 4218 ·
1849 4188 2833 4272 θξιξτυυηυξν.ν¹¹¹ξ.¹¹³¹“¹τ²¹³ηδ¹ξωῄωηο]

1792 4279 1802 4301 κ
1849 4259 1922 4313 rit
1944 4257 1965 4288 ⁸
2008 4257 2149 4328 quod
2188 4258 2241 4312 in
2279 4258 2488 4314 diversa
2527 4259 2789 4327 findatur,
2821 4260 2949 4316 illud
2978 4261 3336 4318 necessarium
3369 4261 3435 4316 il-

143 4297 380 4362 oriatur,
411 4294 501 4349 die
528 4303 583 4349 et
609 4292 772 4348 unde.
796 4292 940 4350 Bona
968 4304 1130 4361 opera
1159 4288 1250 4343 Dei
1294 4293 1425 4342 sunt-
1460 4294 1646 4339 natura
1689 4289 1744 4338 et

142 4386 380 4442 liberum
408 4385 684 4440 arbitrium
709 4402 722 4437 :
753 4401 774 4436 ιι
806 4383 860 4438 In
887 4383 992 4449 bis,
1025 4400 1053 4434 ι.
1075 4379 1269 4451 inquis,
1297 4397 1317 4430 ι
1345 4378 1589 4433 voluntas
1616 4389 1749 4430 exo-

142 4479 302 4543 ritur,
346 4476 444 4533 sed
476 4492 582 4531 non
624 4475 692 4531 de
731 4474 832 4529 his.
865 4492 884 4526 ι
921 4472 1070 4530 Unde
1097 4469 1265 4542 ergo?
1291 4469 1408 4536 die;
1439 4467 1738 4533 audiamus,

141 4569 442 4625 discamus.
485 4569 592 4624 Aut
635 4566 858 4623 ostende
904 4563 1341 4636 aliquid‘alieubi
1379 4571 1555 4617 ortum
1597 4575 1739 4628 esse,

141 4676 264 4715 cum
295 4660 447 4716 unde
473 4675 578 4715 non
611 4668 774 4715 esset.
803 4657 1024 4713 Mundus
1054 4655 1266 4728 quidem
1295 4654 1364 4710 de
1393 4652 1560 4708 nihilo
1587 4666 1744 4707 exor-

139 4765 228 4808 tus
255 4763 368 4820 est,
391 4752 489 4808 sed
516 4753 630 4808 Deo
657 4752 914 4817 faciente;
946 4766 1066 4804 nam
1097 4750 1141 4805 si
1169 4749 1335 4804 Deum
1361 4745 1604 4817 opilicem
1633 4759 1740 4798 non

139 4846 395 4910 haberet,
435 4843 503 4900 de
531 4843 690 4899 nullis
715 4843 874 4899 rebus
899 4841 1120 4897 omnino
1147 4840 1274 4895 oriri
1315 4854 1421 4894 non
1462 4845 1660 4908 posset.
1685 4835 1743 4891 Si

135 4955 272 5010 ergo
300 4947 362 4993 et
385 4937 636 4993 voluntas
664 4938 716 4992 in
747 4937 966 4992 homine
993 4935 1076 4990 vel
1107 4935 1158 4989 in
1190 4933 1304 5004 ejus
1330 4932 1499 4987 libero
1522 4931 1744 4988 arbitrio

137 5031 211 5085 de
262 5029 441 5085 nihilo
487 5037 673 5084 exorta
721 5037 822 5094 est,
868 5026 990 5099 quis
1033 5041 1152 5082 eam
1204 5024 1365 5080 fecit?
1397 5025 1501 5078 Aut
1545 5024 1589 5077 si
1637 5037 1743 5078 non

136 5121 307 5190 facta,
343 5122 432 5177 vel
461 5128 578 5176 orta
606 5130 690 5176 est
712 5122 756 5188 ³,
780 5120 900 5190 quis
927 5135 1044 5175 eam
1071 5117 1286 5188 genuit?
1313 5117 1393 5172 An
1422 5117 1535 5171 sola
1571 5122 1654 5171 est
1689 5116 1743 5170 in

138 5215 348 5278 rebus,
393 5229 516 5285 quae
559 5229 678 5269 esse
719 5221 1026 5284 cmperunt,
1073 5212 1208 5266 facta
1237 5227 1266 5266 a
1295 5211 1442 5265 nullo
1462 5209 1504 5275 ³,
1529 5218 1650 5264 nata
1675 5209 1745 5266 de

134 5304 334 5360 nullo?
363 5302 474 5358 Cur
501 5318 631 5375 ergo
669 5313 887 5375 propter
932 5303 1079 5358 illam
1118 5301 1402 5356 damnatur
1428 5302 1610 5366 homo,
1637 5314 1745 5370 quo

135 5412 252 5451 nun
285 5397 505 5453 volente
547 5406 730 5452 exorta
771 5405 854 5453 est
893 5399 946 5452 in
993 5396 1085 5450 illo
1114 5395 1362 5451 voluntas
1400 5397 1562 5462 mala,
1591 5395 1748 5465 cujus

134 5500 264 5545 erat
304 5498 513 5545 tantum
558 5503 747 5558 capax,
777 5503 882 5544 non
924 5487 1154 5544 efficax?
1179 5486 1237 5543 Si
1282 5496 1482 5553 autem,
1527 5494 1587 5542 ut
1619 5487 1744 5558 jure

211 5670 228 5700 ¹
265 5665 432 5716 Codex
459 5673 726 5726 rectarum,
750 5665 859 5717 sed.

208 5731 234 5761 ¹
268 5729 403 5777 Idem
424 5730 581 5777 codex
597 5763 612 5786 ,
635 5729 720 5778 sed
734 5737 840 5780 orta
861 5733 948 5778 cst.

214 5792 236 5822 ³
267 5791 420 5856 miti,
445 5791 508 5839 de
531 5789 699 5850 nullo;
736 5803 791 5842 ac
813 5789 956 5855 paulo
980 5796 1103 5853 post,
1132 5803 1223 5856 quo
1253 5787 1436 5847 nolente
1455 5795 1626 5856 exorta
1657 5796 1742 5843 est.

136 5853 478 5903 tmendantur
503 5865 566 5902 ex

1530 374 1728 430 LIBER
1769 373 2083 441 QUINTUS.

3293 377 3427 437 H90

1848 487 2150 559 damnetur,
2189 505 2255 547 eo
2299 490 2511 551 volente
2560 493 2611 548 in
2662 493 2753 548 illo
2796 499 2980 553 exorta
3025 504 3139 561 est;
3181 509 3274 550 cur
3315 496 3432 568 ejus

1847 581 2014 652 ipsius
2040 583 2364 640 voluntatem
2389 585 2456 640 de
2487 585 2578 639 illo
2605 595 2845 648 exortam
2876 603 3054 658 negas,
3089 603 3194 657 quo
3220 587 3433 643 volente

1846 683 2086 730 exortam
2109 691 2249 742 esse,
2272 686 2324 732 et
2350 691 2455 747 quo
2482 676 2582 731 nisi
2606 676 2816 733 volente
2841 678 3037 734 exoriri
3064 695 3168 733 non
3193 679 3431 749 potuisse

1847 781 1953 820 non
2001 767 2200 839 negas?
2237 769 2370 824 Cum
2411 784 2541 824 vero
2585 767 2652 828 de
2703 769 2792 824 illo
2832 779 2947 824 orta
2991 779 3092 834 cst,
3134 769 3200 824 de
3245 779 3431 824 natura

1845 868 2030 914 exorta
2056 869 2160 927 est,
2184 861 2306 930 quia
2328 859 2487 916 homo
2512 869 2699 916 natura
2719 870 2800 916 est
2825 878 2839 927 ;
2865 869 2919 916 et
2937 862 3058 931 quia
3082 862 3250 930 potuit
3269 862 3428 916 etiam

1846 949 1992 1006 nolle
2027 950 2166 1021 quod
2194 952 2380 1012 voluit.
2407 952 2476 1008 de
2514 953 2680 1007 libero
2706 952 2821 1024 ejus
2851 952 3084 1009 arbitrio.
3110 963 3296 1008 exorta
3327 962 3427 1019 est,

1845 1042 1986 1112 quod
2030 1052 2085 1098 et
2131 1043 2326 1114 ipsum,
2357 1046 2495 1100 sicut
2541 1045 2742 1109 fateris,
2777 1047 3008 1116 pertinet
3045 1044 3111 1099 ad
3144 1052 3384 1100 naturam
3417 1064 3430 1097 :

1845 1147 1942 1188 cur
1971 1148 2098 1203 ergo
2139 1150 2301 1205 negas
2341 1135 2535 1190 clausis
2576 1136 2745 1191 oculis
2775 1151 2862 1191 res
2890 1143 3125 1206 apertas,
3149 1134 3215 1190 de
3243 1142 3429 1190 natura

1847 1223 2078 1280 hominis
2118 1225 2317 1280 exoriri
2342 1226 2668 1282 voluntatem
2696 1226 2928 1292 hominis
2954 1227 2995 1292 ί,
3019 1226 3143 1281 dum
3184 1225 3338 1281 times
3364 1242 3432 1281 ne

1847 1313 2170 1377 Munichmus
2205 1328 2409 1372 naturte
2445 1316 2604 1388 hujus
2642 1327 2856 1376 accuset
2887 1318 3200 1377 auctorem?
3225 1316 3431 1374 Sufficit

1845 1405 1914 1460 ad
1962 1407 2108 1471 illam
2152 1409 2505 1479 pestilentiam
2550 1410 2938 1479 refellendam,
2983 1411 3126 1481 quod
3169 1411 3429 1466 catholica

1846 1499 2040 1552 veritas
2070 1499 2342 1569 prmdioat,
2383 1501 2450 1557 ab
2493 1501 2695 1571 optimo
2737 1503 2844 1558 Deo
2886 1503 2964 1558 sic
3003 1519 3125 1558 esse
3156 1503 3425 1558 hominem

1845 1591 2141 1658 conditum,
2170 1601 2225 1647 ut
2251 1594 2626 1657 necessitatem
2653 1596 2904 1666 peccandi
2933 1613 3037 1652 non
3063 1597 3302 1663 haberet,
3331 1613 3429 1652 nec

1846 1691 2110 1752 peccaret,
2137 1684 2180 1738 si
2213 1699 2438 1754 peccare
2465 1685 2668 1752 nollet;
2690 1702 2818 1742 eum
2851 1689 3009 1742 etiam
3049 1701 3260 1757 semper
3289 1688 3430 1742 nolle

1848 1776 2028 1846 utique
2048 1786 2249 1848 posset.
2273 1778 2402 1846 Quis
2424 1779 2565 1834 enim
2597 1787 2713 1838 tam,
2731 1781 2798 1834 sit
2825 1790 3001 1836 tuente
3031 1795 3220 1845 exuens,
3246 1791 3428 1836 utnon

1845 1867 2051 1934 videat,
2083 1870 2220 1924 sicut
2262 1869 2423 1932 homo
2462 1880 2544 1925 est
2589 1870 2833 1941 primitus
2871 1872 3135 1938 conditus,
3177 1888 3428 1943 magnum

1846 1959 2043 2015 bonum
2066 1976 2185 2017 esse
2205 1971 2427 2026 natura},
2453 1977 2744 2032 posse-non
2775 1979 3028 2034 peccare;
3056 1965 3294 2033 quamvis
3317 1980 3429 2019 ma-

1839 2047 1928 2118 jus
1958 2050 2048 2116 sit,
2078 2066 2182 2106 non
2215 2066 2375 2122 posse
2404 2069 2622 2123 peccare
2648 2071 2660 2107 :
2689 2063 2846 2125 atque
2874 2055 3265 2112 ordinatissime
3292 2071 3427 2111 eon-

1845 2142 2123 2209 stitutnm,
2175 2154 2232 2198 ut
2280 2143 2381 2198 hoc
2426 2145 2574 2216 prius
2623 2157 2767 2201 esset
2812 2146 2952 2201 unde
3001 2149 3152 2202 fieret
3197 2146 3427 2204 hominis

1846 2235 2132 2302 meritum,
2183 2245 2235 2292 et
2281 2237 2410 2292 illud
2457 2247 2600 2294 esset
2650 2247 2832 2308 postea
2882 2240 3018 2295 bene
3060 2239 3235 2295 meriti
3285 2254 3427 2310 pra:-

1846 2327 2053 2380 mium?

1916 2417 2072 2472 LVII.
2113 2418 2234 2475 Juc.
2274 2420 2420 2475 Bona
2451 2436 2578 2492 ergo
2611 2423 2934 2492 possibilitas
2961 2425 3084 2480 mali
3117 2435 3276 2496 atque
3302 2426 3427 2482 boni

1845 2510 2172 2568 voluntatem
2222 2529 2328 2568 non
2373 2515 2532 2584 cogit,
2575 2516 2667 2571 sed
2713 2517 2972 2586 permittit
3014 2517 3231 2575 oboriri.
3259 2519 3428 2576 Nemo

1847 2600 2006 2672 igitur
2046 2602 2168 2658 ideo
2210 2601 2382 2659 bonus
2421 2613 2526 2672 est,
2567 2607 2688 2676 quia
2735 2607 2903 2662 libero
2951 2609 3170 2665 allectus
3211 2610 3431 2668 arbitrio

1847 2705 1967 2762 est;
1998 2706 2122 2751 sunt
2149 2696 2344 2767 quippe
2381 2698 2534 2753 multi
2574 2699 2820 2756 homines
2847 2716 3000 2770 asque
3028 2701 3200 2766 liberi,
3227 2702 3320 2758 sed
3349 2712 3429 2757 ta-

1847 2803 1972 2842 men
2002 2789 2217 2859 pessimi
2244 2809 2257 2843 :
2289 2790 2383 2846 sed
2423 2806 2524 2847 nec
2566 2791 2686 2848 ideo
2723 2793 2949 2862 quisque
2985 2793 3154 2849 malus
3179 2802 3280 2863 est,
3307 2798 3428 2866 quia

1847 2879 1999 2936 liberi
2043 2882 2249 2937 arbitrii
2288 2891 2407 2950 est;
2437 2895 2562 2940 sunt
2608 2885 2748 2940 enim
2794 2887 2942 2944 multi
2980 2902 3133 2964 aeque
3170 2889 3433 2950 libertatis

1849 2969 2006 3042 hujus
2033 2973 2348 3044 participes,
2368 2983 2541 3028 tamen
2567 2975 2776 3044 optimi.
2803 2975 2912 3037 Nec
2934 2976 3103 3034 bonus
3129 2977 3306 3048 igitur,
3332 2994 3434 3033 nec

1848 3063 2020 3118 malus
2049 3063 2211 3128 homo
2240 3064 2362 3120 ideo
2389 3073 2492 3128 est,
2521 3067 2642 3137 quia
2679 3066 2817 3122 liber
2838 3076 2962 3122 est:
2991 3068 3082 3124 sed
3114 3084 3212 3124 nec
3235 3069 3428 3132 bonus.

1849 3171 1948 3221 nec
1975 3157 2147 3212 malus
2184 3173 2304 3214 esse
2327 3167 2534 3228 posset,
2559 3158 2659 3213 nisi
2699 3159 2833 3218 liber
2861 3168 3024 3218 esset.
3053 3160 3147 3216 Est
3175 3175 3303 3231 ergo
3331 3161 3432 3216 ista

1849 3249 2195 3318 possibilitas,
2231 3266 2350 3322 quae
2387 3252 2604 3307 nomine
2650 3251 2914 3311 libertatis
2952 3254 3269 3321 ostenditur,
3301 3254 3371 3309 ita
3401 3271 3432 3310 a

1847 3339 2248 3409 sapientissimo
2294 3342 2580 3396 constituta
2621 3342 2752 3409 Deo,
2793 3349 2852 3397 ut
2888 3344 3004 3398 sine
3041 3344 3154 3413 ipsa
3183 3359 3300 3420 non
3340 3346 3430 3409 sit,

1848 3428 1992 3500 quod
2021 3445 2115 3499 per
2143 3429 2312 3500 ipsam
2341 3446 2462 3487 esse
2491 3449 2595 3486 non
2621 3433 2844 3504 cogitur.
2867 3433 3264 3490 Contrariorum
3287 3436 3431 3491 enim

1849 3536 1954 3576 una
1983 3521 2276 3591 capacitate
2301 3523 2371 3578 ab
2401 3533 2744 3596 utrormnque
2774 3526 3078 3596 prarjudicio
3101 3527 3431 3594 vindicatur;

1851 3614 1900 3669 id
1933 3623 2036 3681 est,
2071 3630 2171 3671 nec
2210 3616 2362 3670 mala:
2391 3617 2706 3682 voluntatis,
2745 3633 2846 3674 nec
2881 3619 3033 3673 bonae
3068 3633 3228 3674 causa
3258 3629 3315 3675 et
3341 3636 3436 3674 ne-

1848 3707 2070 3770 cessitas
2112 3706 2216 3775 dici
2264 3715 2458 3777 potest,
2501 3724 2620 3778 quae
2651 3718 2928 3778 utramque
2973 3709 3051 3764 sic
3098 3710 3322 3779 recipit,
3378 3720 3436 3764 ut

1851 3808 2093 3867 neutram
2119 3801 2399 3870 compellat
2427 3802 2677 3857 existere.
2707 3800 3143 3856 Necessariorum
3172 3817 3299 3874 ergo
3325 3803 3436 3857 sin-

1848 3891 2050 3962 gularis
2087 3890 2298 3959 ductus,
2338 3901 2391 3947 et
2432 3908 2592 3947 unum
2628 3893 2857 3963 quodam
2895 3891 3054 3947 modo
3088 3891 3235 3947 filum
3282 3895 3432 3960 est’,

1849 3983 1994 4046 velut
2033 3983 2355 4054 geometrica
2399 3983 2488 4038 illa
2531 3983 2650 4039 sine
2697 3983 2974 4039 latitudine
3019 3982 3292 4054 longitudo
3327 3994 3432 4052 est,

1848 4089 1951 4130 nec
1988 4074 2075 4130 hic
2114 4074 2240 4128 unio
2281 4073 2444 4129 dividi
2487 4083 2680 4145 potest.
2709 4074 2970 4144 Quamdiu
2997 4089 3126 4144 ergo
3153 4074 3436 4146 singularis

1849 4165 2176 4232 extenditur,
2199 4167 2308 4220 vim
2335 4178 2537 4220 natura:
2564 4182 2674 4222 sua:
2702 4177 2848 4223 tenet
2872 4186 2888 4223 :
2909 4177 2964 4222 at
2993 4168 3080 4223 ubi
3110 4168 3160 4223 ei
3184 4182 3436 4224 occurre-

1847 4353 1954 4408 lieo
2002 4353 2335 4408 terminatur.
2375 4351 2434 4408 Id
2484 4362 2584 4420 est,
2629 4354 2800 4409 bonus
2834 4353 2976 4410 Deus
3019 4355 3217 4411 bonum
3261 4354 3387 4410 fecit
3413 4354 3436 4387 ⁸

1849 4445 2143 4502 hominem.

1919 4538 2056 4594 Anc.
2092 4538 2198 4595 Cur
2223 4554 2349 4609 ergo
2377 4538 2578 4606 dixisti,
2604 4555 2703 4595 nec
2728 4541 2946 4604 bonum,
2969 4555 3070 4596 nec
3095 4539 3289 4596 malum
3311 4556 3436 4597 esse

1849 4629 2142 4697 hominem,
2170 4630 2268 4685 nisi
2297 4631 2511 4700 propria
2534 4631 2839 4696 voluntate;
2869 4639 2926 4688 et
2950 4632 3202 4703 quidquid
3232 4648 3299 4688 ex
3324 4633 3437 4688 Deo

1849 4721 2036 4786 habet,
2066 4738 2132 4777 ex
2159 4721 2462 4777 necessario
2503 4722 2721 4788 habere,
2754 4738 2858 4779 non
2887 4739 2950 4778 ex
2985 4724 3260 4794 possibili?
3282 4724 3437 4792 Quod

1849 4816 1931 4870 vis
1957 4814 2198 4884 intelligi,
2239 4829 2304 4868 ex
2331 4822 2549 4878 natura,
2585 4830 2690 4870 non
2727 4830 2793 4869 ex
2826 4815 3132 4882 voluntate;
3163 4824 3221 4870 ut
3246 4830 3340 4887 per
3369 4831 3432 4872 se

1850 4905 2024 4976 ipsum
2052 4903 2224 4959 bonus
2252 4904 2322 4959 sit
2347 4904 2526 4970 homo,
2560 4919 2663 4960 non
2695 4919 2791 4974 per
2813 4905 3000 4972 Deum,
3027 4916 3119 4961 aut
3145 4915 3291 4962 certe
3314 4920 3436 4961 me-

1848 4998 1950 5054 lior
1975 5013 2068 5069 per
2088 5013 2149 5054 se
2175 4997 2346 5069 ipsum
2376 5012 2533 5068 quam
2565 5013 2660 5068 per
2686 4999 2876 5052 Deum.
2901 4997 3028 5054 Haec
3055 4999 3250 5069 quippe
3273 4998 3437 5054 verba

1851 5099 1938 5145 tua
1987 5101 2148 5146 sunt:
2179 5108 2198 5141 ι
2227 5089 2415 5154 Nemo,
2451 5109 2470 5142 ι
2502 5090 2695 5160 inquis,
2730 5108 2749 5142 ι
2782 5089 2904 5146 idco
2949 5092 3121 5146 bonus
3167 5100 3280 5157 est,
3314 5093 3437 5162 quia

1849 5180 2018 5236 libero
2064 5180 2286 5237 affectus
2336 5179 2556 5235 arbitrio
2597 5188 2696 5235 est.
2730 5199 2750 5234 ι
2778 5181 2842 5235 Et
2889 5182 3048 5252 paulo
3093 5191 3251 5252 post:
3279 5199 3299 5232 ι
3327 5181 3439 5236 Nec

1850 5272 1972 5328 ideo
1997 5276 2222 5343 quisque
2247 5271 2421 5338 malus
2445 5280 2548 5336 est,
2581 5291 2600 5326 ι
2634 5273 2828 5344 inquis,
2859 5292 2878 5327 ι
2907 5276 3030 5346 quia
3058 5273 3209 5329 liberi
3233 5272 3440 5328 arbitrii

1851 5376 1952 5422 est.
1983 5365 2240 5434 quibus
2269 5365 2446 5424 verbis
2471 5365 2598 5440 quid
2625 5366 2779 5432 dicis,
2809 5367 2907 5423 nisi
2938 5366 3076 5439 quod
3109 5381 3208 5422 nec
3235 5366 3437 5422 bonum

1915 5605 1935 5636 ί
1951 5602 2124 5654 -Codex
2142 5608 2286 5662 Port.,
2311 5600 2498 5653 exoriri
2519 5600 2700 5654 homini
2719 5602 3018 5654 voluntatem.

1915 5667 1939 5731 ξ
1968 5668 2043 5715 Sic
2069 5673 2192 5714 Mss.
2217 5672 2274 5731 at
2295 5664 2438 5731 editi,
2464 5665 2790 5731 Necessarium
2825 5678 2939 5729 ergo
2959 5662 3220 5731 angularia
3242 5664 3438 5730 ductus,

1853 5737 1900 5781 et
1922 5728 2095 5777 bonum
2117 5726 2470 5790 quodauuuodo
2491 5725 2761 5790 litantesse.

1917 5793 1938 5858 ξ
1971 5797 2100 5858 Mss.,
2121 5787 2404 5838 accurrerit.
2432 5787 2698 5858 [occurrit]

1920 5852 1940 5886 δ
1973 5852 2132 5903 Codex
2158 5859 2417 5914 t‘ortarum,
2441 5852 2572 5913 furit.
