  <div class='ocr_page' id='page_1' title='image "/cluster/home/n/w/nwhite01/storage/ocr_20150623/45/hvd.32044015471501/259.png"; bbox 0 0 3990 6468; ppageno 0'>
   <div class='ocr_carea' id='block_1_1' title="bbox 517 382 647 451">
    <p class='ocr_par' dir='ltr' id='par_1_1' title="bbox 517 382 647 451">
     <span class='ocr_line' id='line_1_1' title="bbox 517 382 647 451; baseline -0.008 -13"><span class='ocrx_word' id='word_1_1' title='bbox 517 382 647 451; x_wconf 61' lang='grc'><strong>1491</strong></span> 
     </span>
    </p>
   </div>
   <div class='ocr_carea' id='block_1_2' title="bbox 518 476 2107 553">
    <p class='ocr_par' dir='ltr' id='par_1_2' title="bbox 518 476 2107 553">
     <span class='ocr_line' id='line_1_2' title="bbox 518 476 2107 553; baseline -0.013 -2"><span class='ocrx_word' id='word_1_2' title='bbox 518 512 619 553; x_wconf 86' lang='lat' dir='ltr'><strong>nec</strong></span> <span class='ocrx_word' id='word_1_3' title='bbox 662 495 857 550; x_wconf 88' lang='lat' dir='ltr'><strong>malum</strong></span> <span class='ocrx_word' id='word_1_4' title='bbox 902 493 1041 547; x_wconf 78' lang='lat' dir='ltr'><strong>[leus</strong></span> <span class='ocrx_word' id='word_1_5' title='bbox 1088 489 1272 545; x_wconf 77' lang='lat' dir='ltr'><strong>fecerit</strong></span> <span class='ocrx_word' id='word_1_6' title='bbox 1318 487 1609 548; x_wconf 84' lang='lat' dir='ltr'><strong>hominem,</strong></span> <span class='ocrx_word' id='word_1_7' title='bbox 1653 482 1746 541; x_wconf 87' lang='lat' dir='ltr'><strong>sed</strong></span> <span class='ocrx_word' id='word_1_8' title='bbox 1794 476 2107 543; x_wconf 81' lang='lat' dir='ltr'><strong>utrumlibet</strong></span> 
     </span>
    </p>
   </div>
   <div class='ocr_carea' id='block_1_3' title="bbox 518 574 2106 657">
    <p class='ocr_par' dir='ltr' id='par_1_3' title="bbox 518 574 2106 657">
     <span class='ocr_line' id='line_1_3' title="bbox 518 574 2106 657; baseline -0.012 -11"><span class='ocrx_word' id='word_1_9' title='bbox 518 590 710 646; x_wconf 79' lang='lat' dir='ltr'><strong>horum</strong></span> <span class='ocrx_word' id='word_1_10' title='bbox 746 588 859 657; x_wconf 87' lang='lat' dir='ltr'><strong>ipse</strong></span> <span class='ocrx_word' id='word_1_11' title='bbox 894 602 950 640; x_wconf 83' lang='lat' dir='ltr'><strong>se</strong></span> <span class='ocrx_word' id='word_1_12' title='bbox 981 584 1125 651; x_wconf 80' lang='lat' dir='ltr'><strong>facit,</strong></span> <span class='ocrx_word' id='word_1_13' title='bbox 1157 601 1278 637; x_wconf 91' lang='lat' dir='ltr'><strong>cum</strong></span> <span class='ocrx_word' id='word_1_14' title='bbox 1306 583 1441 637; x_wconf 87' lang='lat' dir='ltr'><strong>bene</strong></span> <span class='ocrx_word' id='word_1_15' title='bbox 1468 581 1546 634; x_wconf 86' lang='lat' dir='ltr'><strong>vel</strong></span> <span class='ocrx_word' id='word_1_16' title='bbox 1578 579 1715 632; x_wconf 87' lang='lat' dir='ltr'><strong>male</strong></span> <span class='ocrx_word' id='word_1_17' title='bbox 1745 576 1910 631; x_wconf 88' lang='lat' dir='ltr'><strong>utitur</strong></span> <span class='ocrx_word' id='word_1_18' title='bbox 1937 574 2106 627; x_wconf 87' lang='lat' dir='ltr'><strong>libero</strong></span> 
     </span>
    </p>
   </div>
   <div class='ocr_carea' id='block_1_4' title="bbox 520 666 2108 748">
    <p class='ocr_par' dir='ltr' id='par_1_4' title="bbox 520 666 2108 748">
     <span class='ocr_line' id='line_1_4' title="bbox 520 666 2108 748; baseline -0.012 -11"><span class='ocrx_word' id='word_1_19' title='bbox 520 682 777 737; x_wconf 85' lang='lat' dir='ltr'><strong>arbitrio?-</strong></span> <span class='ocrx_word' id='word_1_20' title='bbox 794 678 930 748; x_wconf 82' lang='lat' dir='ltr'><strong>Quid</strong></span> <span class='ocrx_word' id='word_1_21' title='bbox 958 686 1038 732; x_wconf 87' lang='lat' dir='ltr'><strong>est</strong></span> <span class='ocrx_word' id='word_1_22' title='bbox 1062 692 1187 746; x_wconf 78' lang='lat' dir='ltr'><strong>ergo</strong></span> <span class='ocrx_word' id='word_1_23' title='bbox 1209 674 1348 745; x_wconf 89' lang='lat' dir='ltr'><strong>quod</strong></span> <span class='ocrx_word' id='word_1_24' title='bbox 1378 686 1518 728; x_wconf 92' lang='lat' dir='ltr'><strong>nunc</strong></span> <span class='ocrx_word' id='word_1_25' title='bbox 1536 671 1691 735; x_wconf 89' lang='lat' dir='ltr'><strong>dicis,</strong></span> <span class='ocrx_word' id='word_1_26' title='bbox 1726 686 1744 720; x_wconf 75' lang='grc' dir='ltr'><strong>ι</strong></span> <span class='ocrx_word' id='word_1_27' title='bbox 1772 668 1948 722; x_wconf 83' lang='lat' dir='ltr'><strong>Bonus</strong></span> <span class='ocrx_word' id='word_1_28' title='bbox 1966 666 2108 719; x_wconf 87' lang='lat' dir='ltr'><strong>Deus</strong></span> 
     </span>
    </p>
   </div>
   <div class='ocr_carea' id='block_1_5' title="bbox 521 757 2110 841">
    <p class='ocr_par' dir='ltr' id='par_1_5' title="bbox 521 757 2110 841">
     <span class='ocr_line' id='line_1_5' title="bbox 521 757 2110 841; baseline -0.013 -12"><span class='ocrx_word' id='word_1_29' title='bbox 521 776 715 829; x_wconf 85' lang='lat' dir='ltr'><strong>bonum</strong></span> <span class='ocrx_word' id='word_1_30' title='bbox 751 773 870 828; x_wconf 87' lang='lat' dir='ltr'><strong>fecit</strong></span> <span class='ocrx_word' id='word_1_31' title='bbox 893 770 1198 841; x_wconf 68' lang='lat' dir='ltr'><strong>hominem;</strong></span> <span class='ocrx_word' id='word_1_32' title='bbox 1231 787 1250 821; x_wconf 72' lang='grc' dir='ltr'><strong>ι</strong></span> <span class='ocrx_word' id='word_1_33' title='bbox 1281 767 1325 820; x_wconf 90' lang='lat' dir='ltr'><strong>si</strong></span> <span class='ocrx_word' id='word_1_34' title='bbox 1357 780 1456 820; x_wconf 91' lang='lat' dir='ltr'><strong>nec</strong></span> <span class='ocrx_word' id='word_1_35' title='bbox 1485 765 1676 827; x_wconf 86' lang='lat' dir='ltr'><strong>bonus,</strong></span> <span class='ocrx_word' id='word_1_36' title='bbox 1704 774 1804 815; x_wconf 89' lang='lat' dir='ltr'><strong>nec</strong></span> <span class='ocrx_word' id='word_1_37' title='bbox 1829 757 2000 812; x_wconf 89' lang='lat' dir='ltr'><strong>malus</strong></span> <span class='ocrx_word' id='word_1_38' title='bbox 2025 761 2110 811; x_wconf 86' lang='lat' dir='ltr'><strong>est</strong></span> 
     </span>
    </p>
   </div>
   <div class='ocr_carea' id='block_1_6' title="bbox 522 849 2109 936">
    <p class='ocr_par' dir='ltr' id='par_1_6' title="bbox 522 849 2109 936">
     <span class='ocr_line' id='line_1_6' title="bbox 522 849 2109 936; baseline -0.011 -14"><span class='ocrx_word' id='word_1_39' title='bbox 522 867 768 929; x_wconf 75' lang='lat' dir='ltr'><strong>habendo</strong></span> <span class='ocrx_word' id='word_1_40' title='bbox 796 865 1021 936; x_wconf 76' lang='lat' dir='ltr'><strong>liberum</strong></span> <span class='ocrx_word' id='word_1_41' title='bbox 1050 862 1323 915; x_wconf 88' lang='lat' dir='ltr'><strong>arbitrium</strong></span> <span class='ocrx_word' id='word_1_42' title='bbox 1350 858 1494 929; x_wconf 84' lang='lat' dir='ltr'><strong>quod</strong></span> <span class='ocrx_word' id='word_1_43' title='bbox 1524 858 1575 912; x_wconf 90' lang='lat' dir='ltr'><strong>in</strong></span> <span class='ocrx_word' id='word_1_44' title='bbox 1599 871 1666 911; x_wconf 88' lang='lat' dir='ltr'><strong>eo</strong></span> <span class='ocrx_word' id='word_1_45' title='bbox 1685 857 1823 910; x_wconf 85' lang='lat' dir='ltr'><strong>Deus</strong></span> <span class='ocrx_word' id='word_1_46' title='bbox 1846 852 1992 924; x_wconf 84' lang='lat' dir='ltr'><strong>fecit,</strong></span> <span class='ocrx_word' id='word_1_47' title='bbox 2013 849 2109 905; x_wconf 87' lang='lat' dir='ltr'><strong>sed</strong></span> 
     </span>
    </p>
   </div>
   <div class='ocr_carea' id='block_1_7' title="bbox 522 948 2107 1028">
    <p class='ocr_par' dir='ltr' id='par_1_7' title="bbox 522 948 2107 1028">
     <span class='ocr_line' id='line_1_7' title="bbox 522 948 2107 1028; baseline -0.011 -14"><span class='ocrx_word' id='word_1_48' title='bbox 522 962 661 1025; x_wconf 82' lang='lat' dir='ltr'><strong>bene</strong></span> <span class='ocrx_word' id='word_1_49' title='bbox 688 957 903 1020; x_wconf 89' lang='lat' dir='ltr'><strong>utendo,</strong></span> <span class='ocrx_word' id='word_1_50' title='bbox 928 956 978 1010; x_wconf 93' lang='lat' dir='ltr'><strong>id</strong></span> <span class='ocrx_word' id='word_1_51' title='bbox 1006 964 1108 1028; x_wconf 86' lang='lat' dir='ltr'><strong>est,</strong></span> <span class='ocrx_word' id='word_1_52' title='bbox 1130 969 1249 1010; x_wconf 90' lang='lat' dir='ltr'><strong>cum</strong></span> <span class='ocrx_word' id='word_1_53' title='bbox 1273 953 1381 1023; x_wconf 86' lang='lat' dir='ltr'><strong>jam</strong></span> <span class='ocrx_word' id='word_1_54' title='bbox 1409 952 1520 1021; x_wconf 91' lang='lat' dir='ltr'><strong>ipse</strong></span> <span class='ocrx_word' id='word_1_55' title='bbox 1541 950 1678 1015; x_wconf 84' lang='lat' dir='ltr'><strong>bene</strong></span> <span class='ocrx_word' id='word_1_56' title='bbox 1701 948 1831 1012; x_wconf 97' lang='lat' dir='ltr'><strong>vult,</strong></span> <span class='ocrx_word' id='word_1_57' title='bbox 1858 961 1964 1000; x_wconf 93' lang='lat' dir='ltr'><strong>non</strong></span> <span class='ocrx_word' id='word_1_58' title='bbox 1985 959 2107 998; x_wconf 91' lang='lat' dir='ltr'><strong>cum</strong></span> 
     </span>
    </p>
   </div>
   <div class='ocr_carea' id='block_1_8' title="bbox 529 1037 2110 1120">
    <p class='ocr_par' dir='ltr' id='par_1_8' title="bbox 529 1037 2110 1120">
     <span class='ocr_line' id='line_1_8' title="bbox 529 1037 2110 1120; baseline -0.007 -18"><span class='ocrx_word' id='word_1_59' title='bbox 529 1051 687 1104; x_wconf 82' lang='lat' dir='ltr'><strong>liabet</strong></span> <span class='ocrx_word' id='word_1_60' title='bbox 729 1047 1136 1120; x_wconf 74' lang='lat' dir='ltr'><strong>possibilitatem</strong></span> <span class='ocrx_word' id='word_1_61' title='bbox 1174 1044 1387 1100; x_wconf 84' lang='lat' dir='ltr'><strong>valendi</strong></span> <span class='ocrx_word' id='word_1_62' title='bbox 1428 1042 1600 1097; x_wconf 86' lang='lat' dir='ltr'><strong>bene?</strong></span> <span class='ocrx_word' id='word_1_63' title='bbox 1629 1041 1691 1095; x_wconf 86' lang='lat' dir='ltr'><strong>Et</strong></span> <span class='ocrx_word' id='word_1_64' title='bbox 1720 1037 1986 1110; x_wconf 90' lang='lat' dir='ltr'><strong>quomodo</strong></span> <span class='ocrx_word' id='word_1_65' title='bbox 2013 1051 2110 1091; x_wconf 87' lang='lat' dir='ltr'><strong>vc-</strong></span> 
     </span>
    </p>
   </div>
   <div class='ocr_carea' id='block_1_9' title="bbox 525 1126 2113 1206">
    <p class='ocr_par' dir='ltr' id='par_1_9' title="bbox 525 1126 2113 1206">
     <span class='ocr_line' id='line_1_9' title="bbox 525 1126 2113 1206; baseline -0.01 -11"><span class='ocrx_word' id='word_1_66' title='bbox 525 1156 642 1204; x_wconf 65' lang='grc' dir='ltr'><strong>ωηο</strong></span> <span class='ocrx_word' id='word_1_67' title='bbox 671 1140 791 1206; x_wconf 90' lang='lat' dir='ltr'><strong>erit,</strong></span> <span class='ocrx_word' id='word_1_68' title='bbox 818 1137 961 1192; x_wconf 83' lang='lat' dir='ltr'><strong>Fecit</strong></span> <span class='ocrx_word' id='word_1_69' title='bbox 985 1137 1119 1191; x_wconf 79' lang='lat' dir='ltr'><strong>Deus</strong></span> <span class='ocrx_word' id='word_1_70' title='bbox 1149 1136 1401 1190; x_wconf 82' lang='lat' dir='ltr'><strong>hominem</strong></span> <span class='ocrx_word' id='word_1_71' title='bbox 1431 1142 1621 1186; x_wconf 78' lang='lat' dir='ltr'><strong>rectum</strong></span> <span class='ocrx_word' id='word_1_72' title='bbox 1647 1130 1837 1198; x_wconf 83' lang='lat' dir='ltr'><strong>(Eccle.</strong></span> <span class='ocrx_word' id='word_1_73' title='bbox 1862 1144 1961 1201; x_wconf 84' lang='lat' dir='ltr'><strong>vn,</strong></span> <span class='ocrx_word' id='word_1_74' title='bbox 1994 1126 2113 1196; x_wconf 75' lang='lat'><strong>50)?</strong></span> 
     </span>
    </p>
   </div>
   <div class='ocr_carea' id='block_1_10' title="bbox 527 1217 2112 1299">
    <p class='ocr_par' dir='ltr' id='par_1_10' title="bbox 527 1217 2112 1299">
     <span class='ocr_line' id='line_1_10' title="bbox 527 1217 2112 1299; baseline -0.01 -12"><span class='ocrx_word' id='word_1_75' title='bbox 527 1235 609 1289; x_wconf 85' lang='lat' dir='ltr'><strong>An</strong></span> <span class='ocrx_word' id='word_1_76' title='bbox 655 1239 832 1299; x_wconf 89' lang='lat' dir='ltr'><strong>rectus</strong></span> <span class='ocrx_word' id='word_1_77' title='bbox 873 1243 988 1284; x_wconf 91' lang='lat' dir='ltr'><strong>erat</strong></span> <span class='ocrx_word' id='word_1_78' title='bbox 1031 1245 1135 1283; x_wconf 91' lang='lat' dir='ltr'><strong>non</strong></span> <span class='ocrx_word' id='word_1_79' title='bbox 1177 1226 1380 1281; x_wconf 79' lang='lat' dir='ltr'><strong>habens</strong></span> <span class='ocrx_word' id='word_1_80' title='bbox 1419 1226 1739 1279; x_wconf 83' lang='lat' dir='ltr'><strong>voluntatem</strong></span> <span class='ocrx_word' id='word_1_81' title='bbox 1769 1221 1984 1284; x_wconf 81' lang='lat' dir='ltr'><strong>bonam,</strong></span> <span class='ocrx_word' id='word_1_82' title='bbox 2017 1217 2112 1290; x_wconf 88' lang='lat' dir='ltr'><strong>sed</strong></span> 
     </span>
    </p>
   </div>
   <div class='ocr_carea' id='block_1_11' title="bbox 530 1312 2116 1404">
    <p class='ocr_par' dir='ltr' id='par_1_11' title="bbox 530 1312 2116 1404">
     <span class='ocr_line' id='line_1_11' title="bbox 530 1312 2116 1404; baseline -0.012 -22"><span class='ocrx_word' id='word_1_83' title='bbox 530 1324 649 1393; x_wconf 83' lang='lat' dir='ltr'><strong>ejus</strong></span> <span class='ocrx_word' id='word_1_84' title='bbox 680 1321 1126 1393; x_wconf 79' lang='lat' dir='ltr'><strong>possibilitatem?</strong></span> <span class='ocrx_word' id='word_1_85' title='bbox 1156 1321 1296 1395; x_wconf 81' lang='lat' dir='ltr'><strong>Ergo</strong></span> <span class='ocrx_word' id='word_1_86' title='bbox 1321 1326 1374 1374; x_wconf 91' lang='lat' dir='ltr'><strong>ct</strong></span> <span class='ocrx_word' id='word_1_87' title='bbox 1399 1332 1596 1404; x_wconf 76' lang='lat' dir='ltr'><strong>pravus</strong></span> <span class='ocrx_word' id='word_1_88' title='bbox 1625 1325 1741 1372; x_wconf 89' lang='lat' dir='ltr'><strong>erat</strong></span> <span class='ocrx_word' id='word_1_89' title='bbox 1772 1329 1875 1371; x_wconf 82' lang='lat' dir='ltr'><strong>non</strong></span> <span class='ocrx_word' id='word_1_90' title='bbox 1910 1312 2116 1377; x_wconf 78' lang='lat' dir='ltr'><strong>habens</strong></span> 
     </span>
    </p>
   </div>
   <div class='ocr_carea' id='block_1_12' title="bbox 527 1408 2113 1481">
    <p class='ocr_par' dir='ltr' id='par_1_12' title="bbox 527 1408 2113 1481">
     <span class='ocr_line' id='line_1_12' title="bbox 527 1408 2113 1481; baseline -0.006 -14"><span class='ocrx_word' id='word_1_91' title='bbox 527 1415 862 1477; x_wconf 70' lang='lat' dir='ltr'><strong>Voluntatem</strong></span> <span class='ocrx_word' id='word_1_92' title='bbox 909 1413 1125 1478; x_wconf 82' lang='lat' dir='ltr'><strong>malam,</strong></span> <span class='ocrx_word' id='word_1_93' title='bbox 1160 1412 1253 1467; x_wconf 88' lang='lat' dir='ltr'><strong>sed</strong></span> <span class='ocrx_word' id='word_1_94' title='bbox 1285 1411 1400 1481; x_wconf 85' lang='lat' dir='ltr'><strong>ejus</strong></span> <span class='ocrx_word' id='word_1_95' title='bbox 1445 1408 1881 1480; x_wconf 68' lang='lat' dir='ltr'><strong>possibilitatem;</strong></span> <span class='ocrx_word' id='word_1_96' title='bbox 1912 1412 1967 1459; x_wconf 88' lang='lat' dir='ltr'><strong>et</strong></span> <span class='ocrx_word' id='word_1_97' title='bbox 1994 1419 2023 1457; x_wconf 91' lang='lat' dir='ltr'><strong>a</strong></span> <span class='ocrx_word' id='word_1_98' title='bbox 2053 1418 2113 1458; x_wconf 91' lang='lat' dir='ltr'><strong>se</strong></span> 
     </span>
    </p>
   </div>
   <div class='ocr_carea' id='block_1_13' title="bbox 532 1499 2114 1577">
    <p class='ocr_par' dir='ltr' id='par_1_13' title="bbox 532 1499 2114 1577">
     <span class='ocr_line' id='line_1_13' title="bbox 532 1499 2114 1577; baseline -0.008 -15"><span class='ocrx_word' id='word_1_99' title='bbox 532 1508 651 1577; x_wconf 82' lang='lat' dir='ltr'><strong>ipso</strong></span> <span class='ocrx_word' id='word_1_100' title='bbox 680 1507 753 1561; x_wconf 92' lang='lat' dir='ltr'><strong>illi</strong></span> <span class='ocrx_word' id='word_1_101' title='bbox 784 1515 866 1563; x_wconf 90' lang='lat' dir='ltr'><strong>est</strong></span> <span class='ocrx_word' id='word_1_102' title='bbox 899 1506 1141 1561; x_wconf 82' lang='lat' dir='ltr'><strong>voluntas</strong></span> <span class='ocrx_word' id='word_1_103' title='bbox 1169 1505 1330 1569; x_wconf 91' lang='lat' dir='ltr'><strong>bona,</strong></span> <span class='ocrx_word' id='word_1_104' title='bbox 1370 1503 1663 1571; x_wconf 83' lang='lat' dir='ltr'><strong>falsumque</strong></span> <span class='ocrx_word' id='word_1_105' title='bbox 1684 1500 1700 1532; x_wconf 83' lang='grc'>¹</span> <span class='ocrx_word' id='word_1_106' title='bbox 1723 1499 1978 1569; x_wconf 88' lang='lat' dir='ltr'><strong>scriptum</strong></span> <span class='ocrx_word' id='word_1_107' title='bbox 2009 1506 2114 1561; x_wconf 90' lang='lat' dir='ltr'><strong>est,</strong></span> 
     </span>
    </p>
   </div>
   <div class='ocr_carea' id='block_1_14' title="bbox 533 1590 2115 1669">
    <p class='ocr_par' dir='ltr' id='par_1_14' title="bbox 533 1590 2115 1669">
     <span class='ocr_line' id='line_1_14' title="bbox 533 1590 2115 1669; baseline -0.008 -15"><span class='ocrx_word' id='word_1_108' title='bbox 533 1597 869 1669; x_wconf 66' lang='lat' dir='ltr'><strong>Praeparetur</strong></span> <span class='ocrx_word' id='word_1_109' title='bbox 911 1598 1144 1654; x_wconf 78' lang='lat' dir='ltr'><strong>voluntas</strong></span> <span class='ocrx_word' id='word_1_110' title='bbox 1182 1612 1211 1648; x_wconf 91' lang='lat' dir='ltr'><strong>a</strong></span> <span class='ocrx_word' id='word_1_111' title='bbox 1249 1594 1466 1667; x_wconf 72' lang='grc' dir='ltr'><strong>ῌοηιὶηο</strong></span> <span class='ocrx_word' id='word_1_112' title='bbox 1500 1592 1520 1661; x_wconf 90' lang='grc'>(</span> <span class='ocrx_word' id='word_1_113' title='bbox 1548 1592 1700 1646; x_wconf 84' lang='lat' dir='ltr'><strong>Prov.</strong></span> <span class='ocrx_word' id='word_1_114' title='bbox 1738 1606 1851 1655; x_wconf 89' lang='lat' dir='ltr'><strong>vm,</strong></span> <span class='ocrx_word' id='word_1_115' title='bbox 1892 1590 1981 1655; x_wconf 80' lang='lat'><strong>&#39;55,</strong></span> <span class='ocrx_word' id='word_1_116' title='bbox 2012 1604 2115 1664; x_wconf 73' lang='lat' dir='ltr'><strong>sec.</strong></span> 
     </span>
    </p>
   </div>
   <div class='ocr_carea' id='block_1_15' title="bbox 534 1682 2113 1767">
    <p class='ocr_par' dir='ltr' id='par_1_15' title="bbox 534 1682 2113 1767">
     <span class='ocr_line' id='line_1_15' title="bbox 534 1682 2113 1767; baseline -0.006 -22"><span class='ocrx_word' id='word_1_117' title='bbox 534 1690 704 1759; x_wconf 72' lang='lat' dir='ltr'><strong>LXX)</strong></span> <span class='ocrx_word' id='word_1_118' title='bbox 728 1706 742 1755; x_wconf 90' lang='lat'>;</span> <span class='ocrx_word' id='word_1_119' title='bbox 771 1698 847 1767; x_wconf 77' lang='lat' dir='ltr'><strong>et,</strong></span> <span class='ocrx_word' id='word_1_120' title='bbox 877 1688 1012 1745; x_wconf 54' lang='lat' dir='ltr'><strong>Deus</strong></span> <span class='ocrx_word' id='word_1_121' title='bbox 1037 1690 1089 1747; x_wconf 85' lang='lat' dir='ltr'><strong>in</strong></span> <span class='ocrx_word' id='word_1_122' title='bbox 1120 1689 1255 1747; x_wconf 71' lang='lat' dir='ltr'><strong>vobis</strong></span> <span class='ocrx_word' id='word_1_123' title='bbox 1284 1696 1522 1757; x_wconf 72' lang='lat' dir='ltr'><strong>operatur</strong></span> <span class='ocrx_word' id='word_1_124' title='bbox 1546 1694 1593 1742; x_wconf 79' lang='lat' dir='ltr'><strong>et</strong></span> <span class='ocrx_word' id='word_1_125' title='bbox 1618 1685 1743 1739; x_wconf 74' lang='lat' dir='ltr'><strong>velle</strong></span> <span class='ocrx_word' id='word_1_126' title='bbox 1769 1682 2027 1757; x_wconf 76' lang='lat' dir='ltr'><strong>(Philipp.</strong></span> <span class='ocrx_word' id='word_1_127' title='bbox 2055 1697 2113 1748; x_wconf 84' lang='lat' dir='ltr'><strong>tt,</strong></span> 
     </span>
    </p>
   </div>
   <div class='ocr_carea' id='block_1_16' title="bbox 533 1775 2118 1853">
    <p class='ocr_par' dir='ltr' id='par_1_16' title="bbox 533 1775 2118 1853">
     <span class='ocr_line' id='line_1_16' title="bbox 533 1775 2118 1853; baseline -0.007 -15"><span class='ocrx_word' id='word_1_128' title='bbox 533 1783 647 1853; x_wconf 76' lang='grc'><strong>15).</strong></span> <span class='ocrx_word' id='word_1_129' title='bbox 677 1782 987 1853; x_wconf 78' lang='lat' dir='ltr'><strong>Quanquam</strong></span> <span class='ocrx_word' id='word_1_130' title='bbox 1014 1792 1067 1835; x_wconf 89' lang='lat' dir='ltr'><strong>tu</strong></span> <span class='ocrx_word' id='word_1_131' title='bbox 1099 1796 1201 1837; x_wconf 90' lang='lat' dir='ltr'><strong>nec</strong></span> <span class='ocrx_word' id='word_1_132' title='bbox 1224 1796 1254 1835; x_wconf 91' lang='lat' dir='ltr'><strong>a</strong></span> <span class='ocrx_word' id='word_1_133' title='bbox 1279 1795 1337 1836; x_wconf 88' lang='lat' dir='ltr'><strong>se</strong></span> <span class='ocrx_word' id='word_1_134' title='bbox 1367 1780 1484 1850; x_wconf 91' lang='lat' dir='ltr'><strong>ipso</strong></span> <span class='ocrx_word' id='word_1_135' title='bbox 1520 1778 1572 1837; x_wconf 89' lang='lat' dir='ltr'><strong>ei</strong></span> <span class='ocrx_word' id='word_1_136' title='bbox 1600 1778 1748 1833; x_wconf 88' lang='lat' dir='ltr'><strong>dicas</strong></span> <span class='ocrx_word' id='word_1_137' title='bbox 1782 1792 1901 1832; x_wconf 89' lang='lat' dir='ltr'><strong>esse</strong></span> <span class='ocrx_word' id='word_1_138' title='bbox 1928 1775 2118 1829; x_wconf 85' lang='lat' dir='ltr'><strong>volun-</strong></span> 
     </span>
    </p>
   </div>
   <div class='ocr_carea' id='block_1_17' title="bbox 535 1865 2120 1938">
    <p class='ocr_par' dir='ltr' id='par_1_17' title="bbox 535 1865 2120 1938">
     <span class='ocr_line' id='line_1_17' title="bbox 535 1865 2120 1938; baseline -0.003 -10"><span class='ocrx_word' id='word_1_139' title='bbox 535 1883 700 1929; x_wconf 90' lang='lat' dir='ltr'><strong>tatem</strong></span> <span class='ocrx_word' id='word_1_140' title='bbox 744 1873 936 1927; x_wconf 85' lang='lat' dir='ltr'><strong>bonam</strong></span> <span class='ocrx_word' id='word_1_141' title='bbox 976 1873 1063 1927; x_wconf 90' lang='lat' dir='ltr'><strong>vel</strong></span> <span class='ocrx_word' id='word_1_142' title='bbox 1106 1872 1333 1938; x_wconf 87' lang='lat' dir='ltr'><strong>malam;</strong></span> <span class='ocrx_word' id='word_1_143' title='bbox 1372 1870 1464 1925; x_wconf 90' lang='lat' dir='ltr'><strong>sed</strong></span> <span class='ocrx_word' id='word_1_144' title='bbox 1507 1869 1633 1923; x_wconf 89' lang='lat' dir='ltr'><strong>oriri</strong></span> <span class='ocrx_word' id='word_1_145' title='bbox 1680 1868 1731 1923; x_wconf 91' lang='lat' dir='ltr'><strong>in</strong></span> <span class='ocrx_word' id='word_1_146' title='bbox 1773 1867 1885 1934; x_wconf 92' lang='lat' dir='ltr'><strong>illo,</strong></span> <span class='ocrx_word' id='word_1_147' title='bbox 1920 1881 2023 1921; x_wconf 91' lang='lat' dir='ltr'><strong>non</strong></span> <span class='ocrx_word' id='word_1_148' title='bbox 2052 1865 2120 1923; x_wconf 85' lang='lat' dir='ltr'><strong>de</strong></span> 
     </span>
    </p>
   </div>
   <div class='ocr_carea' id='block_1_18' title="bbox 534 1960 2121 2035">
    <p class='ocr_par' dir='ltr' id='par_1_18' title="bbox 534 1960 2121 2035">
     <span class='ocr_line' id='line_1_18' title="bbox 534 1960 2121 2035; baseline -0.003 -14"><span class='ocrx_word' id='word_1_149' title='bbox 534 1966 651 2032; x_wconf 78' lang='lat' dir='ltr'><strong>illo.</strong></span> <span class='ocrx_word' id='word_1_150' title='bbox 682 1966 755 2020; x_wconf 88' lang='lat' dir='ltr'><strong>Ita</strong></span> <span class='ocrx_word' id='word_1_151' title='bbox 786 1964 863 2032; x_wconf 89' lang='lat' dir='ltr'><strong>lit,</strong></span> <span class='ocrx_word' id='word_1_152' title='bbox 895 1974 953 2019; x_wconf 94' lang='lat' dir='ltr'><strong>ut</strong></span> <span class='ocrx_word' id='word_1_153' title='bbox 996 1980 1090 2034; x_wconf 88' lang='lat' dir='ltr'><strong>per</strong></span> <span class='ocrx_word' id='word_1_154' title='bbox 1135 1974 1276 2020; x_wconf 91' lang='lat' dir='ltr'><strong>tuam</strong></span> <span class='ocrx_word' id='word_1_155' title='bbox 1320 1961 1617 2035; x_wconf 83' lang='lat' dir='ltr'><strong>mirabilem</strong></span> <span class='ocrx_word' id='word_1_156' title='bbox 1660 1960 1995 2030; x_wconf 81' lang='lat' dir='ltr'><strong>sapientiam,</strong></span> <span class='ocrx_word' id='word_1_157' title='bbox 2020 1973 2121 2016; x_wconf 89' lang='lat' dir='ltr'><strong>nec</strong></span> 
     </span>
    </p>
   </div>
   <div class='ocr_carea' id='block_1_19' title="bbox 536 2038 2123 2121">
    <p class='ocr_par' dir='ltr' id='par_1_19' title="bbox 536 2038 2123 2121">
     <span class='ocr_line' id='line_1_19' title="bbox 536 2038 2123 2121; baseline -0.007 -7"><span class='ocrx_word' id='word_1_158' title='bbox 536 2058 681 2113; x_wconf 89' lang='lat' dir='ltr'><strong>Deus</strong></span> <span class='ocrx_word' id='word_1_159' title='bbox 719 2055 904 2119; x_wconf 81' lang='lat' dir='ltr'><strong>fecerit</strong></span> <span class='ocrx_word' id='word_1_160' title='bbox 936 2063 1139 2110; x_wconf 87' lang='lat' dir='ltr'><strong>rectum</strong></span> <span class='ocrx_word' id='word_1_161' title='bbox 1168 2054 1472 2118; x_wconf 77' lang='lat' dir='ltr'><strong>hominem;</strong></span> <span class='ocrx_word' id='word_1_162' title='bbox 1499 2038 1592 2107; x_wconf 87' lang='lat' dir='ltr'><strong>sed</strong></span> <span class='ocrx_word' id='word_1_163' title='bbox 1623 2051 1710 2121; x_wconf 89' lang='lat' dir='ltr'><strong>qui</strong></span> <span class='ocrx_word' id='word_1_164' title='bbox 1739 2058 1916 2105; x_wconf 89' lang='lat' dir='ltr'><strong>rectus</strong></span> <span class='ocrx_word' id='word_1_165' title='bbox 1941 2056 2123 2119; x_wconf 81' lang='lat' dir='ltr'><strong>posset</strong></span> 
     </span>
    </p>
   </div>
   <div class='ocr_carea' id='block_1_20' title="bbox 537 2143 2122 2217">
    <p class='ocr_par' dir='ltr' id='par_1_20' title="bbox 537 2143 2122 2217">
     <span class='ocr_line' id='line_1_20' title="bbox 537 2143 2122 2217; baseline -0.004 -14"><span class='ocrx_word' id='word_1_166' title='bbox 537 2164 681 2214; x_wconf 82' lang='lat' dir='ltr'><strong>esse,</strong></span> <span class='ocrx_word' id='word_1_167' title='bbox 709 2149 753 2203; x_wconf 90' lang='lat' dir='ltr'><strong>si</strong></span> <span class='ocrx_word' id='word_1_168' title='bbox 780 2148 940 2205; x_wconf 87' lang='lat' dir='ltr'><strong>vellet</strong></span> <span class='ocrx_word' id='word_1_169' title='bbox 964 2166 975 2202; x_wconf 92' lang='lat'><strong>:</strong></span> <span class='ocrx_word' id='word_1_170' title='bbox 1000 2162 1098 2202; x_wconf 87' lang='lat' dir='ltr'><strong>nec</strong></span> <span class='ocrx_word' id='word_1_171' title='bbox 1126 2148 1238 2217; x_wconf 89' lang='lat' dir='ltr'><strong>ipse</strong></span> <span class='ocrx_word' id='word_1_172' title='bbox 1262 2161 1319 2201; x_wconf 88' lang='lat' dir='ltr'><strong>se</strong></span> <span class='ocrx_word' id='word_1_173' title='bbox 1342 2145 1519 2212; x_wconf 82' lang='lat' dir='ltr'><strong>faciat,</strong></span> <span class='ocrx_word' id='word_1_174' title='bbox 1542 2144 1637 2200; x_wconf 89' lang='lat' dir='ltr'><strong>sed</strong></span> <span class='ocrx_word' id='word_1_175' title='bbox 1661 2143 1841 2198; x_wconf 88' lang='lat' dir='ltr'><strong>nescio</strong></span> <span class='ocrx_word' id='word_1_176' title='bbox 1865 2157 1970 2213; x_wconf 93' lang='lat' dir='ltr'><strong>quo</strong></span> <span class='ocrx_word' id='word_1_177' title='bbox 1993 2155 2122 2196; x_wconf 88' lang='lat' dir='ltr'><strong>casu</strong></span> 
     </span>
    </p>
   </div>
   <div class='ocr_carea' id='block_1_21' title="bbox 536 2233 2123 2310">
    <p class='ocr_par' dir='ltr' id='par_1_21' title="bbox 536 2233 2123 2310">
     <span class='ocr_line' id='line_1_21' title="bbox 536 2233 2123 2310; baseline -0.008 -13"><span class='ocrx_word' id='word_1_178' title='bbox 536 2250 721 2301; x_wconf 83' lang='lat' dir='ltr'><strong>rectus</strong></span> <span class='ocrx_word' id='word_1_179' title='bbox 764 2240 872 2305; x_wconf 89' lang='lat' dir='ltr'><strong>fiat,</strong></span> <span class='ocrx_word' id='word_1_180' title='bbox 916 2240 1037 2310; x_wconf 90' lang='lat' dir='ltr'><strong>quia</strong></span> <span class='ocrx_word' id='word_1_181' title='bbox 1079 2254 1177 2294; x_wconf 90' lang='lat' dir='ltr'><strong>nec</strong></span> <span class='ocrx_word' id='word_1_182' title='bbox 1216 2238 1284 2293; x_wconf 91' lang='lat' dir='ltr'><strong>de</strong></span> <span class='ocrx_word' id='word_1_183' title='bbox 1328 2238 1440 2303; x_wconf 89' lang='lat' dir='ltr'><strong>illo,</strong></span> <span class='ocrx_word' id='word_1_184' title='bbox 1479 2236 1574 2292; x_wconf 89' lang='lat' dir='ltr'><strong>sed</strong></span> <span class='ocrx_word' id='word_1_185' title='bbox 1618 2235 1800 2294; x_wconf 88' lang='lat' dir='ltr'><strong>nescio</strong></span> <span class='ocrx_word' id='word_1_186' title='bbox 1836 2233 1997 2298; x_wconf 89' lang='lat' dir='ltr'><strong>unde,</strong></span> <span class='ocrx_word' id='word_1_187' title='bbox 2031 2241 2123 2286; x_wconf 92' lang='lat' dir='ltr'><strong>aut</strong></span> 
     </span>
    </p>
   </div>
   <div class='ocr_carea' id='block_1_22' title="bbox 540 2327 2123 2403">
    <p class='ocr_par' dir='ltr' id='par_1_22' title="bbox 540 2327 2123 2403">
     <span class='ocr_line' id='line_1_22' title="bbox 540 2327 2123 2403; baseline -0.006 -17"><span class='ocrx_word' id='word_1_188' title='bbox 540 2335 723 2401; x_wconf 82' lang='lat' dir='ltr'><strong>nescio</strong></span> <span class='ocrx_word' id='word_1_189' title='bbox 748 2330 1035 2401; x_wconf 90' lang='lat' dir='ltr'><strong>quomodo,</strong></span> <span class='ocrx_word' id='word_1_190' title='bbox 1080 2330 1133 2384; x_wconf 93' lang='lat' dir='ltr'><strong>in</strong></span> <span class='ocrx_word' id='word_1_191' title='bbox 1178 2330 1269 2393; x_wconf 88' lang='lat' dir='ltr'><strong>illo</strong></span> <span class='ocrx_word' id='word_1_192' title='bbox 1308 2329 1555 2403; x_wconf 87' lang='lat' dir='ltr'><strong>voluntas</strong></span> <span class='ocrx_word' id='word_1_193' title='bbox 1596 2327 1766 2381; x_wconf 89' lang='lat' dir='ltr'><strong>oritur</strong></span> <span class='ocrx_word' id='word_1_194' title='bbox 1806 2339 1907 2394; x_wconf 89' lang='lat' dir='ltr'><strong>qua</strong></span> <span class='ocrx_word' id='word_1_195' title='bbox 1944 2335 2123 2378; x_wconf 88' lang='lat' dir='ltr'><strong>rectus</strong></span> 
     </span>
    </p>
   </div>
   <div class='ocr_carea' id='block_1_23' title="bbox 540 2413 2127 2490">
    <p class='ocr_par' dir='ltr' id='par_1_23' title="bbox 540 2413 2127 2490">
     <span class='ocr_line' id='line_1_23' title="bbox 540 2413 2127 2490; baseline -0.006 -12"><span class='ocrx_word' id='word_1_196' title='bbox 540 2423 653 2480; x_wconf 82' lang='lat' dir='ltr'><strong>ﬁat.</strong></span> <span class='ocrx_word' id='word_1_197' title='bbox 676 2422 793 2489; x_wconf 87' lang='lat' dir='ltr'><strong>Non</strong></span> <span class='ocrx_word' id='word_1_198' title='bbox 823 2431 905 2477; x_wconf 89' lang='lat' dir='ltr'><strong>est</strong></span> <span class='ocrx_word' id='word_1_199' title='bbox 934 2422 1029 2483; x_wconf 88' lang='lat' dir='ltr'><strong>ista</strong></span> <span class='ocrx_word' id='word_1_200' title='bbox 1057 2421 1316 2490; x_wconf 87' lang='lat' dir='ltr'><strong>sapientia</strong></span> <span class='ocrx_word' id='word_1_201' title='bbox 1344 2419 1623 2473; x_wconf 88' lang='lat' dir='ltr'><strong>desursum</strong></span> <span class='ocrx_word' id='word_1_202' title='bbox 1651 2415 2003 2483; x_wconf 82' lang='lat' dir='ltr'><strong>descendens,</strong></span> <span class='ocrx_word' id='word_1_203' title='bbox 2029 2413 2127 2481; x_wconf 83' lang='lat' dir='ltr'><strong>sed</strong></span> 
     </span>
    </p>
   </div>
   <div class='ocr_carea' id='block_1_24' title="bbox 540 2505 1825 2585">
    <p class='ocr_par' dir='ltr' id='par_1_24' title="bbox 540 2505 1825 2585">
     <span class='ocr_line' id='line_1_24' title="bbox 540 2505 1825 2585; baseline -0.009 -15"><span class='ocrx_word' id='word_1_204' title='bbox 540 2522 775 2585; x_wconf 78' lang='lat' dir='ltr'><strong>terrena,</strong></span> <span class='ocrx_word' id='word_1_205' title='bbox 798 2512 1063 2581; x_wconf 84' lang='lat' dir='ltr'><strong>animalis,</strong></span> <span class='ocrx_word' id='word_1_206' title='bbox 1090 2509 1354 2571; x_wconf 82' lang='lat' dir='ltr'><strong>diabolica</strong></span> <span class='ocrx_word' id='word_1_207' title='bbox 1379 2507 1581 2579; x_wconf 79' lang='lat' dir='ltr'><strong>(Jacobi</strong></span> <span class='ocrx_word' id='word_1_208' title='bbox 1609 2522 1684 2571; x_wconf 87' lang='lat' dir='ltr'><strong>Ill,</strong></span> <span class='ocrx_word' id='word_1_209' title='bbox 1719 2505 1825 2577; x_wconf 82' lang='grc'><strong>15).</strong></span> 
     </span>
    </p>
   </div>
   <div class='ocr_carea' id='block_1_25' title="bbox 617 2600 2127 2681">
    <p class='ocr_par' dir='ltr' id='par_1_25' title="bbox 617 2600 2127 2681">
     <span class='ocr_line' id='line_1_25' title="bbox 617 2600 2127 2681; baseline -0.005 -21"><span class='ocrx_word' id='word_1_210' title='bbox 617 2604 799 2660; x_wconf 81' lang='lat' dir='ltr'><strong>LVIII.</strong></span> <span class='ocrx_word' id='word_1_211' title='bbox 840 2604 961 2661; x_wconf 75' lang='lat' dir='ltr'><strong>JUL.</strong></span> <span class='ocrx_word' id='word_1_212' title='bbox 1004 2603 1073 2659; x_wconf 85' lang='lat' dir='ltr'><strong>Et</strong></span> <span class='ocrx_word' id='word_1_213' title='bbox 1102 2603 1356 2681; x_wconf 77' lang='lat' dir='ltr'><strong>incipere,</strong></span> <span class='ocrx_word' id='word_1_214' title='bbox 1381 2612 1435 2657; x_wconf 90' lang='lat' dir='ltr'><strong>et</strong></span> <span class='ocrx_word' id='word_1_215' title='bbox 1459 2600 1595 2656; x_wconf 87' lang='lat' dir='ltr'><strong>bene</strong></span> <span class='ocrx_word' id='word_1_216' title='bbox 1623 2601 1857 2670; x_wconf 87' lang='lat' dir='ltr'><strong>incipere</strong></span> <span class='ocrx_word' id='word_1_217' title='bbox 1881 2600 2127 2663; x_wconf 79' lang='lat' dir='ltr'><strong>substan-</strong></span> 
     </span>
    </p>
   </div>
   <div class='ocr_carea' id='block_1_26' title="bbox 541 2692 2126 2764">
    <p class='ocr_par' dir='ltr' id='par_1_26' title="bbox 541 2692 2126 2764">
     <span class='ocr_line' id='line_1_26' title="bbox 541 2692 2126 2764; baseline -0.004 -13"><span class='ocrx_word' id='word_1_218' title='bbox 541 2698 694 2764; x_wconf 90' lang='lat' dir='ltr'><strong>tiam,</strong></span> <span class='ocrx_word' id='word_1_219' title='bbox 723 2712 755 2753; x_wconf 83' lang='lat' dir='ltr'><strong>a</strong></span> <span class='ocrx_word' id='word_1_220' title='bbox 781 2695 1067 2751; x_wconf 86' lang='lat' dir='ltr'><strong>necessarii</strong></span> <span class='ocrx_word' id='word_1_221' title='bbox 1100 2695 1296 2750; x_wconf 90' lang='lat' dir='ltr'><strong>unione</strong></span> <span class='ocrx_word' id='word_1_222' title='bbox 1327 2693 1590 2764; x_wconf 76' lang='lat' dir='ltr'><strong>dirigitur.</strong></span> <span class='ocrx_word' id='word_1_223' title='bbox 1622 2692 1827 2762; x_wconf 84' lang='lat' dir='ltr'><strong>Accipit</strong></span> <span class='ocrx_word' id='word_1_224' title='bbox 1849 2693 2007 2747; x_wconf 88' lang='lat' dir='ltr'><strong>etiam</strong></span> <span class='ocrx_word' id='word_1_225' title='bbox 2034 2707 2126 2746; x_wconf 90' lang='lat' dir='ltr'><strong>ar-</strong></span> 
     </span>
    </p>
   </div>
   <div class='ocr_carea' id='block_1_27' title="bbox 541 2774 2125 2857">
    <p class='ocr_par' dir='ltr' id='par_1_27' title="bbox 541 2774 2125 2857">
     <span class='ocr_line' id='line_1_27' title="bbox 541 2774 2125 2857; baseline -0.004 -12"><span class='ocrx_word' id='word_1_226' title='bbox 541 2774 697 2854; x_wconf 82' lang='lat' dir='ltr'><strong>bitrii</strong></span> <span class='ocrx_word' id='word_1_227' title='bbox 730 2790 1065 2855; x_wconf 88' lang='lat' dir='ltr'><strong>libertatem;</strong></span> <span class='ocrx_word' id='word_1_228' title='bbox 1095 2802 1245 2857; x_wconf 64' lang='lat' dir='ltr'><strong>atque</strong></span> <span class='ocrx_word' id='word_1_229' title='bbox 1271 2787 1446 2842; x_wconf 86' lang='lat' dir='ltr'><strong>adhuc</strong></span> <span class='ocrx_word' id='word_1_230' title='bbox 1473 2785 1759 2841; x_wconf 85' lang='lat' dir='ltr'><strong>necessarii</strong></span> <span class='ocrx_word' id='word_1_231' title='bbox 1789 2786 1923 2839; x_wconf 86' lang='lat' dir='ltr'><strong>linea</strong></span> <span class='ocrx_word' id='word_1_232' title='bbox 1950 2785 2125 2841; x_wconf 82' lang='lat' dir='ltr'><strong>conti-</strong></span> 
     </span>
    </p>
   </div>
   <div class='ocr_carea' id='block_1_28' title="bbox 541 2872 2125 2953">
    <p class='ocr_par' dir='ltr' id='par_1_28' title="bbox 541 2872 2125 2953">
     <span class='ocr_line' id='line_1_28' title="bbox 541 2872 2125 2953; baseline -0.005 -16"><span class='ocrx_word' id='word_1_233' title='bbox 541 2882 856 2951; x_wconf 63' lang='lat' dir='ltr'><strong>netur:sal</strong></span> <span class='ocrx_word' id='word_1_234' title='bbox 898 2882 1007 2953; x_wconf 87' lang='lat' dir='ltr'><strong>jam</strong></span> <span class='ocrx_word' id='word_1_235' title='bbox 1050 2880 1473 2947; x_wconf 79' lang='lat' dir='ltr'><strong>necessariorum</strong></span> <span class='ocrx_word' id='word_1_236' title='bbox 1523 2878 1643 2934; x_wconf 81' lang='lat' dir='ltr'><strong>linis</strong></span> <span class='ocrx_word' id='word_1_237' title='bbox 1684 2872 1799 2944; x_wconf 87' lang='lat' dir='ltr'><strong>est;</strong></span> <span class='ocrx_word' id='word_1_238' title='bbox 1851 2876 1975 2932; x_wconf 85' lang='lat' dir='ltr'><strong>hinc</strong></span> <span class='ocrx_word' id='word_1_239' title='bbox 2025 2878 2125 2930; x_wconf 80' lang='lat' dir='ltr'><strong>fm-</strong></span> 
     </span>
    </p>
   </div>
   <div class='ocr_carea' id='block_1_29' title="bbox 542 2969 2125 3038">
    <p class='ocr_par' dir='ltr' id='par_1_29' title="bbox 542 2969 2125 3038">
     <span class='ocr_line' id='line_1_29' title="bbox 542 2969 2125 3038; baseline -0.004 -10"><span class='ocrx_word' id='word_1_240' title='bbox 542 2974 742 3037; x_wconf 87' lang='lat' dir='ltr'><strong>duntur</strong></span> <span class='ocrx_word' id='word_1_241' title='bbox 787 2974 841 3028; x_wconf 90' lang='lat' dir='ltr'><strong>in</strong></span> <span class='ocrx_word' id='word_1_242' title='bbox 882 2973 1149 3027; x_wconf 89' lang='lat' dir='ltr'><strong>contraria</strong></span> <span class='ocrx_word' id='word_1_243' title='bbox 1195 2972 1517 3026; x_wconf 86' lang='lat' dir='ltr'><strong>voluntates.</strong></span> <span class='ocrx_word' id='word_1_244' title='bbox 1547 2970 1627 3025; x_wconf 88' lang='lat' dir='ltr'><strong>Ad</strong></span> <span class='ocrx_word' id='word_1_245' title='bbox 1659 2969 1909 3023; x_wconf 90' lang='lat' dir='ltr'><strong>unionem</strong></span> <span class='ocrx_word' id='word_1_246' title='bbox 1951 2983 2079 3038; x_wconf 79' lang='lat' dir='ltr'><strong>ergo</strong></span> <span class='ocrx_word' id='word_1_247' title='bbox 2103 2970 2125 3001; x_wconf 81' lang='grc'>³</span> 
     </span>
    </p>
   </div>
   <div class='ocr_carea' id='block_1_30' title="bbox 544 3059 2125 3140">
    <p class='ocr_par' dir='ltr' id='par_1_30' title="bbox 544 3059 2125 3140">
     <span class='ocr_line' id='line_1_30' title="bbox 544 3059 2125 3140; baseline -0.005 -19"><span class='ocrx_word' id='word_1_248' title='bbox 544 3066 830 3131; x_wconf 81' lang='lat' dir='ltr'><strong>necessarii</strong></span> <span class='ocrx_word' id='word_1_249' title='bbox 856 3064 1130 3140; x_wconf 78' lang='lat' dir='ltr'><strong>divisionis</strong></span> <span class='ocrx_word' id='word_1_250' title='bbox 1156 3072 1346 3134; x_wconf 85' lang='lat' dir='ltr'><strong>natura</strong></span> <span class='ocrx_word' id='word_1_251' title='bbox 1378 3079 1482 3119; x_wconf 91' lang='lat' dir='ltr'><strong>non</strong></span> <span class='ocrx_word' id='word_1_252' title='bbox 1514 3062 1762 3139; x_wconf 82' lang='lat' dir='ltr'><strong>pertinet.</strong></span> <span class='ocrx_word' id='word_1_253' title='bbox 1796 3060 1870 3115; x_wconf 93' lang='lat' dir='ltr'><strong>Ita</strong></span> <span class='ocrx_word' id='word_1_254' title='bbox 1896 3059 2125 3130; x_wconf 86' lang='lat' dir='ltr'><strong>possibi-</strong></span> 
     </span>
    </p>
   </div>
   <div class='ocr_carea' id='block_1_31' title="bbox 541 3150 2128 3229">
    <p class='ocr_par' dir='ltr' id='par_1_31' title="bbox 541 3150 2128 3229">
     <span class='ocr_line' id='line_1_31' title="bbox 541 3150 2128 3229; baseline -0.003 -19"><span class='ocrx_word' id='word_1_255' title='bbox 541 3156 745 3229; x_wconf 85' lang='lat' dir='ltr'><strong>litatem</strong></span> <span class='ocrx_word' id='word_1_256' title='bbox 777 3155 971 3219; x_wconf 83' lang='lat' dir='ltr'><strong>habere</strong></span> <span class='ocrx_word' id='word_1_257' title='bbox 995 3154 1236 3225; x_wconf 76' lang='lat' dir='ltr'><strong>cogimur</strong></span> <span class='ocrx_word' id='word_1_258' title='bbox 1259 3172 1271 3207; x_wconf 88' lang='lat'>:</span> <span class='ocrx_word' id='word_1_259' title='bbox 1304 3154 1377 3207; x_wconf 86' lang='lat' dir='ltr'><strong>uti</strong></span> <span class='ocrx_word' id='word_1_260' title='bbox 1407 3161 1582 3226; x_wconf 89' lang='lat' dir='ltr'><strong>autem</strong></span> <span class='ocrx_word' id='word_1_261' title='bbox 1608 3152 1692 3211; x_wconf 85' lang='lat' dir='ltr'><strong>vel</strong></span> <span class='ocrx_word' id='word_1_262' title='bbox 1718 3152 1854 3206; x_wconf 87' lang='lat' dir='ltr'><strong>bene</strong></span> <span class='ocrx_word' id='word_1_263' title='bbox 1879 3151 1961 3205; x_wconf 89' lang='lat' dir='ltr'><strong>vel</strong></span> <span class='ocrx_word' id='word_1_264' title='bbox 1988 3150 2128 3206; x_wconf 84' lang='lat' dir='ltr'><strong>male</strong></span> 
     </span>
    </p>
   </div>
   <div class='ocr_carea' id='block_1_32' title="bbox 541 3236 2129 3323">
    <p class='ocr_par' dir='ltr' id='par_1_32' title="bbox 541 3236 2129 3323">
     <span class='ocr_line' id='line_1_32' title="bbox 541 3236 2129 3323; baseline -0.004 -21"><span class='ocrx_word' id='word_1_265' title='bbox 541 3247 657 3317; x_wconf 86' lang='lat' dir='ltr'><strong>ipsa</strong></span> <span class='ocrx_word' id='word_1_266' title='bbox 686 3247 1036 3317; x_wconf 80' lang='lat' dir='ltr'><strong>possibilitate</strong></span> <span class='ocrx_word' id='word_1_267' title='bbox 1066 3261 1171 3301; x_wconf 93' lang='lat' dir='ltr'><strong>non</strong></span> <span class='ocrx_word' id='word_1_268' title='bbox 1201 3246 1460 3315; x_wconf 72' lang='lat' dir='ltr'><strong>cogimur.</strong></span> <span class='ocrx_word' id='word_1_269' title='bbox 1487 3244 1560 3298; x_wconf 89' lang='lat' dir='ltr'><strong>Ita</strong></span> <span class='ocrx_word' id='word_1_270' title='bbox 1592 3244 1649 3323; x_wconf 84' lang='lat' dir='ltr'><strong>[lt</strong></span> <span class='ocrx_word' id='word_1_271' title='bbox 1679 3253 1735 3299; x_wconf 92' lang='lat' dir='ltr'><strong>ut</strong></span> <span class='ocrx_word' id='word_1_272' title='bbox 1764 3236 1923 3300; x_wconf 80' lang='lat' dir='ltr'><strong>etiam</strong></span> <span class='ocrx_word' id='word_1_273' title='bbox 1957 3246 2129 3319; x_wconf 49' lang='lat' dir='ltr'><strong>possis</strong></span> 
     </span>
    </p>
   </div>
   <div class='ocr_carea' id='block_1_33' title="bbox 540 3336 2127 3415">
    <p class='ocr_par' dir='ltr' id='par_1_33' title="bbox 540 3336 2127 3415">
     <span class='ocr_line' id='line_1_33' title="bbox 540 3336 2127 3415; baseline -0.004 -19"><span class='ocrx_word' id='word_1_274' title='bbox 540 3341 720 3415; x_wconf 65' lang='lat' dir='ltr'><strong>bilitas</strong></span> <span class='ocrx_word' id='word_1_275' title='bbox 763 3341 1017 3412; x_wconf 83' lang='lat' dir='ltr'><strong>peccandi</strong></span> <span class='ocrx_word' id='word_1_276' title='bbox 1062 3355 1229 3410; x_wconf 76' lang='lat' dir='ltr'><strong>capax</strong></span> <span class='ocrx_word' id='word_1_277' title='bbox 1266 3339 1391 3394; x_wconf 92' lang='lat' dir='ltr'><strong>boni</strong></span> <span class='ocrx_word' id='word_1_278' title='bbox 1434 3338 1684 3409; x_wconf 81' lang='lat' dir='ltr'><strong>malique,</strong></span> <span class='ocrx_word' id='word_1_279' title='bbox 1715 3337 1809 3393; x_wconf 88' lang='lat' dir='ltr'><strong>sed</strong></span> <span class='ocrx_word' id='word_1_280' title='bbox 1844 3336 2127 3406; x_wconf 75' lang='lat' dir='ltr'><strong>voluntarii</strong></span> 
     </span>
    </p>
   </div>
   <div class='ocr_carea' id='block_1_34' title="bbox 542 3422 2124 3502">
    <p class='ocr_par' dir='ltr' id='par_1_34' title="bbox 542 3422 2124 3502">
     <span class='ocr_line' id='line_1_34' title="bbox 542 3422 2124 3502; baseline -0.001 -15"><span class='ocrx_word' id='word_1_281' title='bbox 542 3432 652 3487; x_wconf 91' lang='lat' dir='ltr'><strong>sit:</strong></span> <span class='ocrx_word' id='word_1_282' title='bbox 677 3432 925 3502; x_wconf 85' lang='lat' dir='ltr'><strong>quoniam</strong></span> <span class='ocrx_word' id='word_1_283' title='bbox 975 3432 1101 3495; x_wconf 83' lang='lat' dir='ltr'><strong>boni</strong></span> <span class='ocrx_word' id='word_1_284' title='bbox 1152 3422 1351 3501; x_wconf 83' lang='lat' dir='ltr'><strong>preprii</strong></span> <span class='ocrx_word' id='word_1_285' title='bbox 1390 3444 1558 3500; x_wconf 88' lang='lat' dir='ltr'><strong>capax</strong></span> <span class='ocrx_word' id='word_1_286' title='bbox 1599 3443 1718 3484; x_wconf 88' lang='lat' dir='ltr'><strong>esse</strong></span> <span class='ocrx_word' id='word_1_287' title='bbox 1747 3443 1853 3483; x_wconf 90' lang='lat' dir='ltr'><strong>non</strong></span> <span class='ocrx_word' id='word_1_288' title='bbox 1893 3435 2124 3498; x_wconf 79' lang='lat' dir='ltr'><strong>poterat,</strong></span> 
     </span>
    </p>
   </div>
   <div class='ocr_carea' id='block_1_35' title="bbox 542 3524 1276 3594">
    <p class='ocr_par' dir='ltr' id='par_1_35' title="bbox 542 3524 1276 3594">
     <span class='ocr_line' id='line_1_35' title="bbox 542 3524 1276 3594; baseline -0.001 -15"><span class='ocrx_word' id='word_1_289' title='bbox 542 3524 646 3590; x_wconf 80' lang='lat' dir='ltr'><strong>nisi</strong></span> <span class='ocrx_word' id='word_1_290' title='bbox 675 3539 842 3594; x_wconf 87' lang='lat' dir='ltr'><strong>capax</strong></span> <span class='ocrx_word' id='word_1_291' title='bbox 867 3534 1007 3579; x_wconf 86' lang='lat' dir='ltr'><strong>esset</strong></span> <span class='ocrx_word' id='word_1_292' title='bbox 1030 3533 1084 3579; x_wconf 91' lang='lat' dir='ltr'><strong>et</strong></span> <span class='ocrx_word' id='word_1_293' title='bbox 1108 3524 1276 3592; x_wconf 88' lang='lat' dir='ltr'><strong>pravi.</strong></span> 
     </span>
    </p>
   </div>
   <div class='ocr_carea' id='block_1_36' title="bbox 614 3612 2135 3691">
    <p class='ocr_par' dir='ltr' id='par_1_36' title="bbox 614 3612 2135 3691">
     <span class='ocr_line' id='line_1_36' title="bbox 614 3612 2135 3691; baseline -0.003 -19"><span class='ocrx_word' id='word_1_294' title='bbox 614 3619 751 3673; x_wconf 80' lang='lat' dir='ltr'><strong>Anc.</strong></span> <span class='ocrx_word' id='word_1_295' title='bbox 794 3616 889 3685; x_wconf 87' lang='lat' dir='ltr'><strong>Dic</strong></span> <span class='ocrx_word' id='word_1_296' title='bbox 934 3618 1110 3687; x_wconf 78' lang='lat' dir='ltr'><strong>potius</strong></span> <span class='ocrx_word' id='word_1_297' title='bbox 1138 3657 1153 3677; x_wconf 88' lang='lat'><strong>.</strong></span> <span class='ocrx_word' id='word_1_298' title='bbox 1194 3618 1239 3671; x_wconf 90' lang='lat' dir='ltr'><strong>si</strong></span> <span class='ocrx_word' id='word_1_299' title='bbox 1289 3615 1369 3671; x_wconf 90' lang='lat' dir='ltr'><strong>vis</strong></span> <span class='ocrx_word' id='word_1_300' title='bbox 1407 3630 1589 3670; x_wconf 85' lang='lat' dir='ltr'><strong>verum</strong></span> <span class='ocrx_word' id='word_1_301' title='bbox 1632 3612 1811 3669; x_wconf 79' lang='lat' dir='ltr'><strong>dicere</strong></span> <span class='ocrx_word' id='word_1_302' title='bbox 1839 3655 1854 3679; x_wconf 95' lang='lat'><strong>,</strong></span> <span class='ocrx_word' id='word_1_303' title='bbox 1895 3612 2135 3691; x_wconf 79' lang='lat' dir='ltr'><strong>hominis</strong></span> 
     </span>
    </p>
   </div>
   <div class='ocr_carea' id='block_1_37' title="bbox 545 3704 2125 3777">
    <p class='ocr_par' dir='ltr' id='par_1_37' title="bbox 545 3704 2125 3777">
     <span class='ocr_line' id='line_1_37' title="bbox 545 3704 2125 3777; baseline -0.003 -16"><span class='ocrx_word' id='word_1_304' title='bbox 545 3716 789 3771; x_wconf 78' lang='lat' dir='ltr'><strong>naturam</strong></span> <span class='ocrx_word' id='word_1_305' title='bbox 836 3722 1087 3777; x_wconf 84' lang='lat' dir='ltr'><strong>capacem</strong></span> <span class='ocrx_word' id='word_1_306' title='bbox 1137 3707 1260 3761; x_wconf 90' lang='lat' dir='ltr'><strong>boni</strong></span> <span class='ocrx_word' id='word_1_307' title='bbox 1300 3717 1355 3763; x_wconf 85' lang='lat' dir='ltr'><strong>et</strong></span> <span class='ocrx_word' id='word_1_308' title='bbox 1393 3705 1541 3776; x_wconf 87' lang='lat' dir='ltr'><strong>pravi</strong></span> <span class='ocrx_word' id='word_1_309' title='bbox 1582 3706 1725 3775; x_wconf 88' lang='lat' dir='ltr'><strong>prius</strong></span> <span class='ocrx_word' id='word_1_310' title='bbox 1755 3704 1942 3759; x_wconf 74' lang='lat' dir='ltr'><strong>factam</strong></span> <span class='ocrx_word' id='word_1_311' title='bbox 1974 3720 1985 3757; x_wconf 89' lang='lat'><strong><em>:</em></strong></span> <span class='ocrx_word' id='word_1_312' title='bbox 2020 3720 2125 3763; x_wconf 84' lang='lat' dir='ltr'><strong>non</strong></span> 
     </span>
    </p>
   </div>
   <div class='ocr_carea' id='block_1_38' title="bbox 545 3796 2127 3872">
    <p class='ocr_par' dir='ltr' id='par_1_38' title="bbox 545 3796 2127 3872">
     <span class='ocr_line' id='line_1_38' title="bbox 545 3796 2127 3872; baseline -0.003 -16"><span class='ocrx_word' id='word_1_313' title='bbox 545 3800 689 3872; x_wconf 89' lang='lat' dir='ltr'><strong>quod</strong></span> <span class='ocrx_word' id='word_1_314' title='bbox 712 3801 733 3833; x_wconf 86' lang='grc'>³</span> <span class='ocrx_word' id='word_1_315' title='bbox 761 3817 865 3855; x_wconf 92' lang='lat' dir='ltr'><strong>non</strong></span> <span class='ocrx_word' id='word_1_316' title='bbox 909 3808 1092 3871; x_wconf 86' lang='lat' dir='ltr'><strong>posset</strong></span> <span class='ocrx_word' id='word_1_317' title='bbox 1131 3800 1294 3855; x_wconf 91' lang='lat' dir='ltr'><strong>solius</strong></span> <span class='ocrx_word' id='word_1_318' title='bbox 1324 3799 1449 3853; x_wconf 89' lang='lat' dir='ltr'><strong>boni</strong></span> <span class='ocrx_word' id='word_1_319' title='bbox 1478 3812 1643 3869; x_wconf 83' lang='lat' dir='ltr'><strong>capax</strong></span> <span class='ocrx_word' id='word_1_320' title='bbox 1686 3798 1832 3863; x_wconf 83' lang='lat' dir='ltr'><strong>fieri;</strong></span> <span class='ocrx_word' id='word_1_321' title='bbox 1862 3796 1954 3852; x_wconf 88' lang='lat' dir='ltr'><strong>sed</strong></span> <span class='ocrx_word' id='word_1_322' title='bbox 1984 3798 2127 3868; x_wconf 90' lang='lat' dir='ltr'><strong>quod</strong></span> 
     </span>
    </p>
   </div>
   <div class='ocr_carea' id='block_1_39' title="bbox 543 3889 2127 3967">
    <p class='ocr_par' dir='ltr' id='par_1_39' title="bbox 543 3889 2127 3967">
     <span class='ocr_line' id='line_1_39' title="bbox 543 3889 2127 3967; baseline -0.004 -17"><span class='ocrx_word' id='word_1_323' title='bbox 543 3895 613 3950; x_wconf 88' lang='lat' dir='ltr'><strong>ab</strong></span> <span class='ocrx_word' id='word_1_324' title='bbox 640 3895 761 3965; x_wconf 86' lang='lat' dir='ltr'><strong>ipso</strong></span> <span class='ocrx_word' id='word_1_325' title='bbox 780 3893 944 3965; x_wconf 80' lang='lat' dir='ltr'><strong>gradu</strong></span> <span class='ocrx_word' id='word_1_326' title='bbox 974 3892 1365 3963; x_wconf 79' lang='lat' dir='ltr'><strong>ordinatissime</strong></span> <span class='ocrx_word' id='word_1_327' title='bbox 1390 3904 1610 3967; x_wconf 77' lang='lat' dir='ltr'><strong>surgere</strong></span> <span class='ocrx_word' id='word_1_328' title='bbox 1634 3889 1836 3961; x_wconf 86' lang='lat' dir='ltr'><strong>debuit,</strong></span> <span class='ocrx_word' id='word_1_329' title='bbox 1866 3898 1921 3944; x_wconf 93' lang='lat' dir='ltr'><strong>ut</strong></span> <span class='ocrx_word' id='word_1_330' title='bbox 1946 3890 1987 3944; x_wconf 87' lang='lat' dir='ltr'><strong>si</strong></span> <span class='ocrx_word' id='word_1_331' title='bbox 2023 3905 2127 3944; x_wconf 91' lang='lat' dir='ltr'><strong>non</strong></span> 
     </span>
    </p>
   </div>
   <div class='ocr_carea' id='block_1_40' title="bbox 542 3981 2129 4061">
    <p class='ocr_par' dir='ltr' id='par_1_40' title="bbox 542 3981 2129 4061">
     <span class='ocr_line' id='line_1_40' title="bbox 542 3981 2129 4061; baseline -0.004 -19"><span class='ocrx_word' id='word_1_332' title='bbox 542 3995 821 4061; x_wconf 89' lang='lat' dir='ltr'><strong>peccasset</strong></span> <span class='ocrx_word' id='word_1_333' title='bbox 845 3984 1060 4056; x_wconf 81' lang='lat' dir='ltr'><strong>quando</strong></span> <span class='ocrx_word' id='word_1_334' title='bbox 1088 4000 1311 4055; x_wconf 87' lang='lat' dir='ltr'><strong>peccare</strong></span> <span class='ocrx_word' id='word_1_335' title='bbox 1340 3992 1540 4054; x_wconf 85' lang='lat' dir='ltr'><strong>posset,</strong></span> <span class='ocrx_word' id='word_1_336' title='bbox 1572 3982 1637 4036; x_wconf 92' lang='lat' dir='ltr'><strong>ad</strong></span> <span class='ocrx_word' id='word_1_337' title='bbox 1681 3998 1797 4037; x_wconf 90' lang='lat' dir='ltr'><strong>eam</strong></span> <span class='ocrx_word' id='word_1_338' title='bbox 1842 3981 2129 4051; x_wconf 83' lang='lat' dir='ltr'><strong>beatitudi-</strong></span> 
     </span>
    </p>
   </div>
   <div class='ocr_carea' id='block_1_41' title="bbox 541 4074 2129 4150">
    <p class='ocr_par' dir='ltr' id='par_1_41' title="bbox 541 4074 2129 4150">
     <span class='ocr_line' id='line_1_41' title="bbox 541 4074 2129 4150; baseline -0.004 -15"><span class='ocrx_word' id='word_1_339' title='bbox 541 4096 666 4147; x_wconf 84' lang='lat' dir='ltr'><strong>nem</strong></span> <span class='ocrx_word' id='word_1_340' title='bbox 697 4081 1003 4150; x_wconf 86' lang='lat' dir='ltr'><strong>perveniret</strong></span> <span class='ocrx_word' id='word_1_341' title='bbox 1043 4078 1132 4133; x_wconf 91' lang='lat' dir='ltr'><strong>ubi</strong></span> <span class='ocrx_word' id='word_1_342' title='bbox 1174 4092 1395 4148; x_wconf 89' lang='lat' dir='ltr'><strong>peccare</strong></span> <span class='ocrx_word' id='word_1_343' title='bbox 1430 4092 1538 4131; x_wconf 91' lang='lat' dir='ltr'><strong>non</strong></span> <span class='ocrx_word' id='word_1_344' title='bbox 1579 4083 1776 4146; x_wconf 87' lang='lat' dir='ltr'><strong>posset.</strong></span> <span class='ocrx_word' id='word_1_345' title='bbox 1806 4075 1961 4143; x_wconf 86' lang='lat' dir='ltr'><strong>Quia,</strong></span> <span class='ocrx_word' id='word_1_346' title='bbox 1991 4074 2129 4129; x_wconf 89' lang='lat' dir='ltr'><strong>sicut</strong></span> 
     </span>
    </p>
   </div>
   <div class='ocr_carea' id='block_1_42' title="bbox 540 4166 2129 4248">
    <p class='ocr_par' dir='ltr' id='par_1_42' title="bbox 540 4166 2129 4248">
     <span class='ocr_line' id='line_1_42' title="bbox 540 4166 2129 4248; baseline -0.003 -21"><span class='ocrx_word' id='word_1_347' title='bbox 540 4174 651 4248; x_wconf 73' lang='lat' dir='ltr'><strong>jam</strong></span> <span class='ocrx_word' id='word_1_348' title='bbox 700 4172 829 4237; x_wconf 85' lang='lat' dir='ltr'><strong>dixi,</strong></span> <span class='ocrx_word' id='word_1_349' title='bbox 879 4180 1163 4245; x_wconf 86' lang='lat' dir='ltr'><strong>utrumque</strong></span> <span class='ocrx_word' id='word_1_350' title='bbox 1210 4185 1458 4239; x_wconf 82' lang='lat' dir='ltr'><strong>magnum</strong></span> <span class='ocrx_word' id='word_1_351' title='bbox 1499 4170 1696 4223; x_wconf 90' lang='lat' dir='ltr'><strong>bonum</strong></span> <span class='ocrx_word' id='word_1_352' title='bbox 1744 4177 1843 4234; x_wconf 90' lang='lat' dir='ltr'><strong>est,</strong></span> <span class='ocrx_word' id='word_1_353' title='bbox 1886 4166 2129 4238; x_wconf 83' lang='lat' dir='ltr'><strong>quamvis</strong></span> 
     </span>
    </p>
   </div>
   <div class='ocr_carea' id='block_1_43' title="bbox 544 4261 2127 4331">
    <p class='ocr_par' dir='ltr' id='par_1_43' title="bbox 544 4261 2127 4331">
     <span class='ocr_line' id='line_1_43' title="bbox 544 4261 2127 4331; baseline -0.003 -10"><span class='ocrx_word' id='word_1_354' title='bbox 544 4267 721 4331; x_wconf 85' lang='lat' dir='ltr'><strong>minus</strong></span> <span class='ocrx_word' id='word_1_355' title='bbox 762 4279 945 4331; x_wconf 91' lang='lat' dir='ltr'><strong>unum,</strong></span> <span class='ocrx_word' id='word_1_356' title='bbox 985 4264 1209 4318; x_wconf 88' lang='lat' dir='ltr'><strong>alterum</strong></span> <span class='ocrx_word' id='word_1_357' title='bbox 1256 4262 1447 4331; x_wconf 86' lang='lat' dir='ltr'><strong>majus.</strong></span> <span class='ocrx_word' id='word_1_358' title='bbox 1476 4261 1647 4318; x_wconf 83' lang='lat' dir='ltr'><strong>Minus</strong></span> <span class='ocrx_word' id='word_1_359' title='bbox 1675 4270 1757 4322; x_wconf 89' lang='lat' dir='ltr'><strong>est</strong></span> <span class='ocrx_word' id='word_1_360' title='bbox 1788 4263 1929 4319; x_wconf 89' lang='lat' dir='ltr'><strong>enim</strong></span> <span class='ocrx_word' id='word_1_361' title='bbox 1969 4276 2127 4331; x_wconf 84' lang='lat' dir='ltr'><strong>posse</strong></span> 
     </span>
    </p>
   </div>
   <div class='ocr_carea' id='block_1_44' title="bbox 542 4354 2129 4428">
    <p class='ocr_par' dir='ltr' id='par_1_44' title="bbox 542 4354 2129 4428">
     <span class='ocr_line' id='line_1_44' title="bbox 542 4354 2129 4428; baseline -0.002 -16"><span class='ocrx_word' id='word_1_362' title='bbox 542 4373 649 4417; x_wconf 84' lang='lat' dir='ltr'><strong>non</strong></span> <span class='ocrx_word' id='word_1_363' title='bbox 695 4371 950 4428; x_wconf 87' lang='lat' dir='ltr'><strong>peccare,</strong></span> <span class='ocrx_word' id='word_1_364' title='bbox 998 4354 1169 4425; x_wconf 82' lang='lat' dir='ltr'><strong>majus</strong></span> <span class='ocrx_word' id='word_1_365' title='bbox 1208 4364 1385 4409; x_wconf 90' lang='lat' dir='ltr'><strong>autem</strong></span> <span class='ocrx_word' id='word_1_366' title='bbox 1432 4368 1537 4414; x_wconf 82' lang='lat' dir='ltr'><strong>non</strong></span> <span class='ocrx_word' id='word_1_367' title='bbox 1581 4369 1738 4423; x_wconf 87' lang='lat' dir='ltr'><strong>posse</strong></span> <span class='ocrx_word' id='word_1_368' title='bbox 1783 4369 2004 4423; x_wconf 87' lang='lat' dir='ltr'><strong>peccare</strong></span> <span class='ocrx_word' id='word_1_369' title='bbox 2032 4364 2129 4409; x_wconf 79' lang='lat' dir='ltr'><strong>:‘ct</strong></span> 
     </span>
    </p>
   </div>
   <div class='ocr_carea' id='block_1_45' title="bbox 543 4445 2126 4521">
    <p class='ocr_par' dir='ltr' id='par_1_45' title="bbox 543 4445 2126 4521">
     <span class='ocr_line' id='line_1_45' title="bbox 543 4445 2126 4521; baseline -0.002 -16"><span class='ocrx_word' id='word_1_370' title='bbox 543 4450 821 4521; x_wconf 86' lang='lat' dir='ltr'><strong>oportebat</strong></span> <span class='ocrx_word' id='word_1_371' title='bbox 847 4464 878 4503; x_wconf 91' lang='lat' dir='ltr'><strong>a</strong></span> <span class='ocrx_word' id='word_1_372' title='bbox 908 4448 1098 4503; x_wconf 88' lang='lat' dir='ltr'><strong>merito</strong></span> <span class='ocrx_word' id='word_1_373' title='bbox 1126 4446 1251 4509; x_wconf 84' lang='lat' dir='ltr'><strong>boni</strong></span> <span class='ocrx_word' id='word_1_374' title='bbox 1288 4446 1510 4501; x_wconf 90' lang='lat' dir='ltr'><strong>minoris</strong></span> <span class='ocrx_word' id='word_1_375' title='bbox 1538 4445 1602 4500; x_wconf 89' lang='lat' dir='ltr'><strong>ad</strong></span> <span class='ocrx_word' id='word_1_376' title='bbox 1633 4446 1906 4514; x_wconf 68' lang='lat' dir='ltr'><strong>pra-mium</strong></span> <span class='ocrx_word' id='word_1_377' title='bbox 1934 4460 2126 4516; x_wconf 84' lang='lat' dir='ltr'><strong>pervc-</strong></span> 
     </span>
    </p>
   </div>
   <div class='ocr_carea' id='block_1_46' title="bbox 544 4524 2124 4615">
    <p class='ocr_par' dir='ltr' id='par_1_46' title="bbox 544 4524 2124 4615">
     <span class='ocr_line' id='line_1_46' title="bbox 544 4524 2124 4615; baseline -0.003 -18"><span class='ocrx_word' id='word_1_378' title='bbox 544 4544 661 4601; x_wconf 86' lang='lat' dir='ltr'><strong>nire</strong></span> <span class='ocrx_word' id='word_1_379' title='bbox 701 4542 941 4611; x_wconf 75' lang='lat' dir='ltr'><strong>majoris.</strong></span> <span class='ocrx_word' id='word_1_380' title='bbox 984 4524 1117 4599; x_wconf 86' lang='lat' dir='ltr'><strong>Nam</strong></span> <span class='ocrx_word' id='word_1_381' title='bbox 1169 4538 1220 4615; x_wconf 26' lang='lat' dir='ltr'><strong>si.</strong></span> <span class='ocrx_word' id='word_1_382' title='bbox 1251 4557 1269 4590; x_wconf 83' lang='grc'><strong>‹</strong></span> <span class='ocrx_word' id='word_1_383' title='bbox 1303 4538 1425 4593; x_wconf 92' lang='lat' dir='ltr'><strong>boni</strong></span> <span class='ocrx_word' id='word_1_384' title='bbox 1474 4540 1691 4608; x_wconf 83' lang='lat' dir='ltr'><strong>prOprii,</strong></span> <span class='ocrx_word' id='word_1_385' title='bbox 1734 4557 1752 4591; x_wconf 86' lang='grc'><strong>›</strong></span> <span class='ocrx_word' id='word_1_386' title='bbox 1798 4539 1934 4593; x_wconf 88' lang='lat' dir='ltr'><strong>sicut</strong></span> <span class='ocrx_word' id='word_1_387' title='bbox 1970 4537 2124 4602; x_wconf 84' lang='lat' dir='ltr'><strong>dicis,</strong></span> 
     </span>
    </p>
   </div>
   <div class='ocr_carea' id='block_1_47' title="bbox 550 4629 2130 4703">
    <p class='ocr_par' dir='ltr' id='par_1_47' title="bbox 550 4629 2130 4703">
     <span class='ocr_line' id='line_1_47' title="bbox 550 4629 2130 4703; baseline 0 -19"><span class='ocrx_word' id='word_1_388' title='bbox 550 4652 570 4684; x_wconf 79' lang='grc' dir='ltr'><strong>ι</strong></span> <span class='ocrx_word' id='word_1_389' title='bbox 604 4647 771 4703; x_wconf 85' lang='lat' dir='ltr'><strong>capax</strong></span> <span class='ocrx_word' id='word_1_390' title='bbox 798 4648 917 4698; x_wconf 83' lang='lat' dir='ltr'><strong>esse</strong></span> <span class='ocrx_word' id='word_1_391' title='bbox 946 4647 1052 4687; x_wconf 93' lang='lat' dir='ltr'><strong>non</strong></span> <span class='ocrx_word' id='word_1_392' title='bbox 1078 4639 1286 4701; x_wconf 85' lang='lat' dir='ltr'><strong>poterat</strong></span> <span class='ocrx_word' id='word_1_393' title='bbox 1315 4650 1333 4683; x_wconf 78' lang='grc' dir='ltr'><strong><em>ι</em></strong></span> <span class='ocrx_word' id='word_1_394' title='bbox 1370 4629 1599 4695; x_wconf 80' lang='lat' dir='ltr'><strong>humana</strong></span> <span class='ocrx_word' id='word_1_395' title='bbox 1633 4640 1835 4689; x_wconf 84' lang='lat' dir='ltr'><strong>natura.</strong></span> <span class='ocrx_word' id='word_1_396' title='bbox 1872 4649 1891 4683; x_wconf 84' lang='grc'><strong><em>‹</em></strong></span> <span class='ocrx_word' id='word_1_397' title='bbox 1921 4630 2018 4684; x_wconf 89' lang='lat' dir='ltr'><strong>nisi</strong></span> <span class='ocrx_word' id='word_1_398' title='bbox 2041 4646 2130 4684; x_wconf 91' lang='lat' dir='ltr'><strong>ca-</strong></span> 
     </span>
    </p>
   </div>
   <div class='ocr_carea' id='block_1_48' title="bbox 543 4724 2124 4797">
    <p class='ocr_par' dir='ltr' id='par_1_48' title="bbox 543 4724 2124 4797">
     <span class='ocr_line' id='line_1_48' title="bbox 543 4724 2124 4797; baseline 0.001 -21"><span class='ocrx_word' id='word_1_399' title='bbox 543 4741 648 4797; x_wconf 83' lang='lat' dir='ltr'><strong>pax</strong></span> <span class='ocrx_word' id='word_1_400' title='bbox 674 4735 820 4789; x_wconf 84' lang='lat' dir='ltr'><strong>esset</strong></span> <span class='ocrx_word' id='word_1_401' title='bbox 844 4735 896 4781; x_wconf 92' lang='lat' dir='ltr'><strong>ct</strong></span> <span class='ocrx_word' id='word_1_402' title='bbox 918 4726 1064 4795; x_wconf 88' lang='lat' dir='ltr'><strong>pravi</strong></span> <span class='ocrx_word' id='word_1_403' title='bbox 1089 4742 1103 4789; x_wconf 90' lang='lat'><strong>;</strong></span> <span class='ocrx_word' id='word_1_404' title='bbox 1139 4743 1159 4778; x_wconf 75' lang='grc' dir='ltr'><strong>ι</strong></span> <span class='ocrx_word' id='word_1_405' title='bbox 1188 4740 1285 4778; x_wconf 90' lang='lat' dir='ltr'><strong>cur</strong></span> <span class='ocrx_word' id='word_1_406' title='bbox 1311 4733 1429 4794; x_wconf 88' lang='lat' dir='ltr'><strong>post</strong></span> <span class='ocrx_word' id='word_1_407' title='bbox 1452 4725 1587 4778; x_wconf 86' lang='lat' dir='ltr'><strong>hanc</strong></span> <span class='ocrx_word' id='word_1_408' title='bbox 1608 4724 1769 4779; x_wconf 79' lang='lat' dir='ltr'><strong>vitam</strong></span> <span class='ocrx_word' id='word_1_409' title='bbox 1794 4724 1878 4793; x_wconf 91' lang='lat' dir='ltr'><strong>pie</strong></span> <span class='ocrx_word' id='word_1_410' title='bbox 1899 4731 2124 4792; x_wconf 81' lang='lat' dir='ltr'><strong>gestam,</strong></span> 
     </span>
    </p>
   </div>
   <div class='ocr_carea' id='block_1_49' title="bbox 542 4800 2128 4891">
    <p class='ocr_par' dir='ltr' id='par_1_49' title="bbox 542 4800 2128 4891">
     <span class='ocr_line' id='line_1_49' title="bbox 542 4800 2128 4891; baseline -0.001 -20"><span class='ocrx_word' id='word_1_411' title='bbox 542 4817 670 4883; x_wconf 85' lang='lat' dir='ltr'><strong>boni</strong></span> <span class='ocrx_word' id='word_1_412' title='bbox 708 4816 875 4883; x_wconf 88' lang='lat' dir='ltr'><strong>solius</strong></span> <span class='ocrx_word' id='word_1_413' title='bbox 905 4818 1029 4891; x_wconf 85' lang='lat' dir='ltr'><strong>erit,</strong></span> <span class='ocrx_word' id='word_1_414' title='bbox 1060 4826 1113 4871; x_wconf 92' lang='lat' dir='ltr'><strong>ct</strong></span> <span class='ocrx_word' id='word_1_415' title='bbox 1140 4832 1246 4889; x_wconf 85' lang='lat' dir='ltr'><strong>non</strong></span> <span class='ocrx_word' id='word_1_416' title='bbox 1279 4800 1404 4870; x_wconf 89' lang='lat' dir='ltr'><strong>mali</strong></span> <span class='ocrx_word' id='word_1_417' title='bbox 1433 4831 1621 4886; x_wconf 92' lang='lat' dir='ltr'><strong>capax,</strong></span> <span class='ocrx_word' id='word_1_418' title='bbox 1654 4814 1721 4869; x_wconf 91' lang='lat' dir='ltr'><strong>ab</strong></span> <span class='ocrx_word' id='word_1_419' title='bbox 1748 4816 1891 4869; x_wconf 91' lang='lat' dir='ltr'><strong>omni</strong></span> <span class='ocrx_word' id='word_1_420' title='bbox 1924 4815 2128 4871; x_wconf 88' lang='lat' dir='ltr'><strong>scilicet</strong></span> 
     </span>
    </p>
   </div>
   <div class='ocr_carea' id='block_1_50' title="bbox 542 4907 2125 4974">
    <p class='ocr_par' dir='ltr' id='par_1_50' title="bbox 542 4907 2125 4974">
     <span class='ocr_line' id='line_1_50' title="bbox 542 4907 2125 4974; baseline 0 -11"><span class='ocrx_word' id='word_1_421' title='bbox 542 4909 733 4973; x_wconf 87' lang='lat' dir='ltr'><strong>aliena,</strong></span> <span class='ocrx_word' id='word_1_422' title='bbox 764 4923 869 4974; x_wconf 81' lang='lat' dir='ltr'><strong>non</strong></span> <span class='ocrx_word' id='word_1_423' title='bbox 911 4910 1085 4963; x_wconf 86' lang='lat' dir='ltr'><strong>solum</strong></span> <span class='ocrx_word' id='word_1_424' title='bbox 1132 4910 1405 4965; x_wconf 81' lang='lat' dir='ltr'><strong>voluntate</strong></span> <span class='ocrx_word' id='word_1_425' title='bbox 1442 4908 1528 4963; x_wconf 86' lang='lat' dir='ltr'><strong>vel</strong></span> <span class='ocrx_word' id='word_1_426' title='bbox 1572 4907 1909 4974; x_wconf 88' lang='lat' dir='ltr'><strong>necessitate,</strong></span> <span class='ocrx_word' id='word_1_427' title='bbox 1941 4924 2125 4963; x_wconf 88' lang='lat' dir='ltr'><strong>verum</strong></span> 
     </span>
    </p>
   </div>
   <div class='ocr_carea' id='block_1_51' title="bbox 543 4999 2125 5082">
    <p class='ocr_par' dir='ltr' id='par_1_51' title="bbox 543 4999 2125 5082">
     <span class='ocr_line' id='line_1_51' title="bbox 543 4999 2125 5082; baseline -0.001 -26"><span class='ocrx_word' id='word_1_428' title='bbox 543 5002 703 5056; x_wconf 90' lang='lat' dir='ltr'><strong>etiam</strong></span> <span class='ocrx_word' id='word_1_429' title='bbox 754 5002 1107 5081; x_wconf 85' lang='lat' dir='ltr'><strong>possibilitate</strong></span> <span class='ocrx_word' id='word_1_430' title='bbox 1155 5000 1443 5072; x_wconf 85' lang='lat' dir='ltr'><strong>peccandi?</strong></span> <span class='ocrx_word' id='word_1_431' title='bbox 1476 5001 1558 5054; x_wconf 80' lang='lat' dir='ltr'><strong>An</strong></span> <span class='ocrx_word' id='word_1_432' title='bbox 1603 5015 1731 5071; x_wconf 87' lang='lat' dir='ltr'><strong>vero</strong></span> <span class='ocrx_word' id='word_1_433' title='bbox 1781 4999 2125 5082; x_wconf 84' lang='lat' dir='ltr'><strong>metuendum</strong></span> 
     </span>
    </p>
   </div>
   <div class='ocr_carea' id='block_1_52' title="bbox 539 5092 2126 5163">
    <p class='ocr_par' dir='ltr' id='par_1_52' title="bbox 539 5092 2126 5163">
     <span class='ocr_line' id='line_1_52' title="bbox 539 5092 2126 5163; baseline 0.001 -16"><span class='ocrx_word' id='word_1_434' title='bbox 539 5102 645 5161; x_wconf 89' lang='lat' dir='ltr'><strong>est,</strong></span> <span class='ocrx_word' id='word_1_435' title='bbox 687 5110 753 5149; x_wconf 91' lang='lat' dir='ltr'><strong>ne</strong></span> <span class='ocrx_word' id='word_1_436' title='bbox 803 5103 927 5149; x_wconf 90' lang='lat' dir='ltr'><strong>tunc</strong></span> <span class='ocrx_word' id='word_1_437' title='bbox 973 5095 1132 5153; x_wconf 88' lang='lat' dir='ltr'><strong>etiam</strong></span> <span class='ocrx_word' id='word_1_438' title='bbox 1184 5092 1321 5163; x_wconf 87' lang='lat' dir='ltr'><strong>forte</strong></span> <span class='ocrx_word' id='word_1_439' title='bbox 1366 5107 1665 5163; x_wconf 83' lang='lat' dir='ltr'><strong>peccemus,</strong></span> <span class='ocrx_word' id='word_1_440' title='bbox 1694 5093 1905 5163; x_wconf 89' lang='lat' dir='ltr'><strong>quando</strong></span> <span class='ocrx_word' id='word_1_441' title='bbox 1929 5095 2126 5149; x_wconf 87' lang='lat' dir='ltr'><strong>sanctis</strong></span> 
     </span>
    </p>
   </div>
   <div class='ocr_carea' id='block_1_53' title="bbox 541 5183 2126 5255">
    <p class='ocr_par' dir='ltr' id='par_1_53' title="bbox 541 5183 2126 5255">
     <span class='ocr_line' id='line_1_53' title="bbox 541 5183 2126 5255; baseline 0.001 -17"><span class='ocrx_word' id='word_1_442' title='bbox 541 5185 762 5253; x_wconf 79' lang='lat' dir='ltr'><strong>Angelis</strong></span> <span class='ocrx_word' id='word_1_443' title='bbox 790 5185 995 5249; x_wconf 84' lang='lat' dir='ltr'><strong>erimus</strong></span> <span class='ocrx_word' id='word_1_444' title='bbox 1030 5184 1305 5255; x_wconf 73' lang='lat' dir='ltr'><strong>:equales?</strong></span> <span class='ocrx_word' id='word_1_445' title='bbox 1330 5184 1406 5241; x_wconf 89' lang='lat' dir='ltr'><strong>Dc</strong></span> <span class='ocrx_word' id='word_1_446' title='bbox 1433 5183 1627 5253; x_wconf 88' lang='lat' dir='ltr'><strong>quibus</strong></span> <span class='ocrx_word' id='word_1_447' title='bbox 1655 5184 1773 5242; x_wconf 85' lang='lat' dir='ltr'><strong>sine</strong></span> <span class='ocrx_word' id='word_1_448' title='bbox 1796 5183 2126 5242; x_wconf 88' lang='lat' dir='ltr'><strong>dubitatione</strong></span> 
     </span>
    </p>
   </div>
   <div class='ocr_carea' id='block_1_54' title="bbox 538 5276 2125 5349">
    <p class='ocr_par' dir='ltr' id='par_1_54' title="bbox 538 5276 2125 5349">
     <span class='ocr_line' id='line_1_54' title="bbox 538 5276 2125 5349; baseline -0.001 -16"><span class='ocrx_word' id='word_1_449' title='bbox 538 5278 865 5334; x_wconf 90' lang='lat' dir='ltr'><strong>credendum</strong></span> <span class='ocrx_word' id='word_1_450' title='bbox 901 5287 999 5343; x_wconf 90' lang='lat' dir='ltr'><strong>est,</strong></span> <span class='ocrx_word' id='word_1_451' title='bbox 1031 5276 1171 5349; x_wconf 87' lang='lat' dir='ltr'><strong>quod</strong></span> <span class='ocrx_word' id='word_1_452' title='bbox 1214 5276 1517 5346; x_wconf 89' lang='lat' dir='ltr'><strong>acceperint</strong></span> <span class='ocrx_word' id='word_1_453' title='bbox 1559 5291 1662 5332; x_wconf 84' lang='lat' dir='ltr'><strong>non</strong></span> <span class='ocrx_word' id='word_1_454' title='bbox 1706 5290 1861 5346; x_wconf 87' lang='lat' dir='ltr'><strong>posse</strong></span> <span class='ocrx_word' id='word_1_455' title='bbox 1902 5293 2125 5347; x_wconf 89' lang='lat' dir='ltr'><strong>peccare</strong></span> 
     </span>
    </p>
   </div>
   <div class='ocr_carea' id='block_1_55' title="bbox 539 5368 2120 5443">
    <p class='ocr_par' dir='ltr' id='par_1_55' title="bbox 539 5368 2120 5443">
     <span class='ocr_line' id='line_1_55' title="bbox 539 5368 2120 5443; baseline -0.002 -17"><span class='ocrx_word' id='word_1_456' title='bbox 539 5387 637 5443; x_wconf 91' lang='lat' dir='ltr'><strong>pro</strong></span> <span class='ocrx_word' id='word_1_457' title='bbox 685 5373 877 5428; x_wconf 88' lang='lat' dir='ltr'><strong>merito</strong></span> <span class='ocrx_word' id='word_1_458' title='bbox 921 5370 1312 5440; x_wconf 84' lang='lat' dir='ltr'><strong>permansionis</strong></span> <span class='ocrx_word' id='word_1_459' title='bbox 1354 5384 1485 5435; x_wconf 62' lang='lat' dir='ltr'><strong>suae,</strong></span> <span class='ocrx_word' id='word_1_460' title='bbox 1535 5368 1785 5438; x_wconf 92' lang='lat' dir='ltr'><strong>quoniam</strong></span> <span class='ocrx_word' id='word_1_461' title='bbox 1836 5376 2120 5435; x_wconf 89' lang='lat' dir='ltr'><strong>steterunt,</strong></span> 
     </span>
    </p>
   </div>
   <div class='ocr_carea' id='block_1_56' title="bbox 538 5462 2118 5539">
    <p class='ocr_par' dir='ltr' id='par_1_56' title="bbox 538 5462 2118 5539">
     <span class='ocr_line' id='line_1_56' title="bbox 538 5462 2118 5539; baseline -0.004 -17"><span class='ocrx_word' id='word_1_462' title='bbox 538 5466 750 5539; x_wconf 89' lang='lat' dir='ltr'><strong>quando</strong></span> <span class='ocrx_word' id='word_1_463' title='bbox 774 5467 891 5521; x_wconf 88' lang='lat' dir='ltr'><strong>aliis</strong></span> <span class='ocrx_word' id='word_1_464' title='bbox 919 5464 1227 5522; x_wconf 81' lang='lat' dir='ltr'><strong>cadentibus</strong></span> <span class='ocrx_word' id='word_1_465' title='bbox 1252 5463 1411 5523; x_wconf 85' lang='lat' dir='ltr'><strong>etiam</strong></span> <span class='ocrx_word' id='word_1_466' title='bbox 1442 5462 1538 5533; x_wconf 89' lang='lat' dir='ltr'><strong>ipsi</strong></span> <span class='ocrx_word' id='word_1_467' title='bbox 1569 5477 1789 5533; x_wconf 83' lang='lat' dir='ltr'><strong>peccare</strong></span> <span class='ocrx_word' id='word_1_468' title='bbox 1814 5470 2118 5533; x_wconf 81' lang='lat' dir='ltr'><strong>potuerunt.</strong></span> 
     </span>
    </p>
   </div>
   <div class='ocr_carea' id='block_1_57' title="bbox 600 5638 1798 5709">
    <p class='ocr_par' dir='ltr' id='par_1_57' title="bbox 600 5638 1798 5709">
     <span class='ocr_line' id='line_1_57' title="bbox 600 5638 1798 5709; baseline -0.001 0"><span class='ocrx_word' id='word_1_469' title='bbox 600 5645 616 5709; x_wconf 65' lang='grc' dir='ltr'><strong><em>ξ</em></strong></span> <span class='ocrx_word' id='word_1_470' title='bbox 654 5648 825 5709; x_wconf 66' lang='lat' dir='ltr'><strong>Ferte»</strong></span> <span class='ocrx_word' id='word_1_471' title='bbox 851 5638 1082 5709; x_wconf 67' lang='grc' dir='ltr'><strong>[αιερφιεο</strong></span> <span class='ocrx_word' id='word_1_472' title='bbox 1347 5706 1356 5709; x_wconf 91' lang='lat'>_</span> <span class='ocrx_word' id='word_1_473' title='bbox 1421 5698 1448 5709; x_wconf 80' lang='lat'><strong>.-</strong></span> <span class='ocrx_word' id='word_1_474' title='bbox 1490 5704 1499 5709; x_wconf 77' lang='lat'><strong>.</strong></span> <span class='ocrx_word' id='word_1_475' title='bbox 1789 5699 1798 5708; x_wconf 93' lang='lat'><strong>.</strong></span> 
     </span>
    </p>
   </div>
   <div class='ocr_carea' id='block_1_58' title="bbox 599 5698 2124 5776">
    <p class='ocr_par' dir='ltr' id='par_1_58' title="bbox 599 5698 2124 5776">
     <span class='ocr_line' id='line_1_58' title="bbox 599 5698 2124 5776; baseline -0.001 -24"><span class='ocrx_word' id='word_1_476' title='bbox 599 5706 618 5735; x_wconf 78' lang='lat'>&#39;</span> <span class='ocrx_word' id='word_1_477' title='bbox 653 5705 734 5753; x_wconf 89' lang='lat' dir='ltr'><strong>llic</strong></span> <span class='ocrx_word' id='word_1_478' title='bbox 758 5698 1071 5766; x_wconf 77' lang='lat' dir='ltr'><strong>particulam,</strong></span> <span class='ocrx_word' id='word_1_479' title='bbox 1098 5712 1228 5766; x_wconf 72' lang='lat' dir='ltr'><strong>ergo,</strong></span> <span class='ocrx_word' id='word_1_480' title='bbox 1253 5698 1539 5763; x_wconf 68' lang='lat' dir='ltr'><strong>auctoritate</strong></span> <span class='ocrx_word' id='word_1_481' title='bbox 1562 5699 1995 5776; x_wconf 87' lang='lat' dir='ltr'><strong>manuscriptorum</strong></span> <span class='ocrx_word' id='word_1_482' title='bbox 2038 5698 2124 5762; x_wconf 76' lang='lat' dir='ltr'><strong>ad-</strong></span> 
     </span>
    </p>
   </div>
   <div class='ocr_carea' id='block_1_59' title="bbox 532 5767 1021 5897">
    <p class='ocr_par' dir='ltr' id='par_1_59' title="bbox 532 5767 1021 5897">
     <span class='ocr_line' id='line_1_59' title="bbox 532 5767 755 5829; baseline -0.022 -13"><span class='ocrx_word' id='word_1_483' title='bbox 532 5767 755 5829; x_wconf 69' lang='lat' dir='ltr'><strong>jocnntts.</strong></span> 
     </span>
     <span class='ocr_line' id='line_1_60' title="bbox 549 5830 1021 5897; baseline 0.004 -22"><span class='ocrx_word' id='word_1_484' title='bbox 549 5838 555 5847; x_wconf 87' lang='lat'>&#39;</span> <span class='ocrx_word' id='word_1_485' title='bbox 600 5830 621 5863; x_wconf 66' lang='grc' dir='ltr'><strong>α</strong></span> <span class='ocrx_word' id='word_1_486' title='bbox 656 5834 896 5891; x_wconf 45' lang='grc' dir='ltr'>διεθηιοη</span> <span class='ocrx_word' id='word_1_487' title='bbox 915 5840 1021 5897; x_wconf 73' lang='lat' dir='ltr'><strong>quo.</strong></span> 
     </span>
    </p>
   </div>
   <div class='ocr_carea' id='block_1_60' title="bbox 1184 359 2121 439">
    <p class='ocr_par' dir='ltr' id='par_1_60' title="bbox 1184 360 2121 439">
     <span class='ocr_line' id='line_1_61' title="bbox 1184 360 2121 439; baseline -0.018 -9"><span class='ocrx_word' id='word_1_488' title='bbox 1184 373 1427 439; x_wconf 75' lang='lat' dir='ltr'><strong>OPERIS</strong></span> <span class='ocrx_word' id='word_1_489' title='bbox 1464 364 1870 425; x_wconf 71' lang='lat' dir='ltr'><strong>IlIPERFECTI</strong></span> <span class='ocrx_word' id='word_1_490' title='bbox 1901 360 2121 419; x_wconf 61' lang='lat' dir='ltr'><strong>CONTR</strong></span> 
     </span>
    </p>
   </div>
   <div class='ocr_carea' id='block_1_61' title="bbox 2229 359 3075 439">
    <p class='ocr_par' dir='ltr' id='par_1_61' title="bbox 2229 359 3075 429">
     <span class='ocr_line' id='line_1_62' title="bbox 2229 359 3075 429; baseline 0.004 -15"><span class='ocrx_word' id='word_1_491' title='bbox 2229 359 2570 429; x_wconf 71' lang='lat' dir='ltr'><strong>IULIANUM,</strong></span> <span class='ocrx_word' id='word_1_492' title='bbox 2611 361 2669 416; x_wconf 90' lang='lat' dir='ltr'><strong>S.</strong></span> <span class='ocrx_word' id='word_1_493' title='bbox 2708 360 3075 418; x_wconf 72' lang='lat' dir='ltr'><strong>AUGUSTINI</strong></span> 
     </span>
    </p>
   </div>
   <div class='ocr_carea' id='block_1_62' title="bbox 3658 362 3805 420">
    <p class='ocr_par' dir='ltr' id='par_1_62' title="bbox 3658 362 3805 420">
     <span class='ocr_line' id='line_1_63' title="bbox 3658 362 3805 420; baseline -0.007 -1"><span class='ocrx_word' id='word_1_494' title='bbox 3658 364 3684 419; x_wconf 85' lang='grc' dir='ltr'><strong>ι</strong></span> <span class='ocrx_word' id='word_1_495' title='bbox 3699 362 3805 420; x_wconf 67' lang='grc' dir='ltr'>ωε</span> 
     </span>
    </p>
   </div>
   <div class='ocr_carea' id='block_1_63' title="bbox 2216 473 3807 545">
    <p class='ocr_par' dir='ltr' id='par_1_63' title="bbox 2216 473 3807 545">
     <span class='ocr_line' id='line_1_64' title="bbox 2216 473 3807 545; baseline 0.003 -17"><span class='ocrx_word' id='word_1_496' title='bbox 2216 473 2463 545; x_wconf 79' lang='lat' dir='ltr'><strong>Alioquin</strong></span> <span class='ocrx_word' id='word_1_497' title='bbox 2508 475 2681 532; x_wconf 86' lang='lat' dir='ltr'><strong>adhuc</strong></span> <span class='ocrx_word' id='word_1_498' title='bbox 2730 476 3023 533; x_wconf 86' lang='lat' dir='ltr'><strong>timendum</strong></span> <span class='ocrx_word' id='word_1_499' title='bbox 3070 483 3232 541; x_wconf 82' lang='lat' dir='ltr'><strong>esset,</strong></span> <span class='ocrx_word' id='word_1_500' title='bbox 3277 491 3346 543; x_wconf 86' lang='lat' dir='ltr'><strong>ne</strong></span> <span class='ocrx_word' id='word_1_501' title='bbox 3390 476 3587 532; x_wconf 88' lang='lat' dir='ltr'><strong>multos</strong></span> <span class='ocrx_word' id='word_1_502' title='bbox 3630 492 3807 535; x_wconf 78' lang='lat' dir='ltr'><strong>ncvos</strong></span> 
     </span>
    </p>
   </div>
   <div class='ocr_carea' id='block_1_64' title="bbox 2214 566 3808 639">
    <p class='ocr_par' dir='ltr' id='par_1_64' title="bbox 2214 566 3808 639">
     <span class='ocr_line' id='line_1_65' title="bbox 2214 566 3808 639; baseline 0.004 -18"><span class='ocrx_word' id='word_1_503' title='bbox 2214 566 2473 631; x_wconf 76' lang='lat' dir='ltr'><strong>diabolos,</strong></span> <span class='ocrx_word' id='word_1_504' title='bbox 2504 577 2557 623; x_wconf 89' lang='lat' dir='ltr'><strong>et</strong></span> <span class='ocrx_word' id='word_1_505' title='bbox 2581 584 2766 623; x_wconf 89' lang='lat' dir='ltr'><strong>eorum</strong></span> <span class='ocrx_word' id='word_1_506' title='bbox 2790 585 2957 631; x_wconf 83' lang='lat' dir='ltr'><strong>novos</strong></span> <span class='ocrx_word' id='word_1_507' title='bbox 2982 569 3155 625; x_wconf 85' lang='lat' dir='ltr'><strong>malos</strong></span> <span class='ocrx_word' id='word_1_508' title='bbox 3182 570 3197 600; x_wconf 80' lang='grc'>⁸</span> <span class='ocrx_word' id='word_1_509' title='bbox 3223 570 3445 639; x_wconf 77' lang='lat' dir='ltr'><strong>angelos</strong></span> <span class='ocrx_word' id='word_1_510' title='bbox 3460 570 3695 626; x_wconf 78' lang='lat' dir='ltr'><strong>haberet</strong></span> <span class='ocrx_word' id='word_1_511' title='bbox 3715 570 3808 627; x_wconf 74' lang='lat' dir='ltr'><strong>hic</strong></span> 
     </span>
    </p>
   </div>
   <div class='ocr_carea' id='block_1_65' title="bbox 2216 659 3806 731">
    <p class='ocr_par' dir='ltr' id='par_1_65' title="bbox 2216 659 3806 731">
     <span class='ocr_line' id='line_1_66' title="bbox 2216 659 3806 731; baseline 0.001 -16"><span class='ocrx_word' id='word_1_512' title='bbox 2216 659 2465 715; x_wconf 89' lang='lat' dir='ltr'><strong>mundus.</strong></span> <span class='ocrx_word' id='word_1_513' title='bbox 2484 660 2797 716; x_wconf 90' lang='lat' dir='ltr'><strong>Sanctorum</strong></span> <span class='ocrx_word' id='word_1_514' title='bbox 2818 662 2978 717; x_wconf 86' lang='lat' dir='ltr'><strong>etiam</strong></span> <span class='ocrx_word' id='word_1_515' title='bbox 2999 662 3088 731; x_wconf 89' lang='lat' dir='ltr'><strong>qui</strong></span> <span class='ocrx_word' id='word_1_516' title='bbox 3109 660 3178 715; x_wconf 88' lang='lat' dir='ltr'><strong>de</strong></span> <span class='ocrx_word' id='word_1_517' title='bbox 3195 662 3509 731; x_wconf 79' lang='lat' dir='ltr'><strong>corporibus</strong></span> <span class='ocrx_word' id='word_1_518' title='bbox 3530 663 3806 727; x_wconf 84' lang='lat' dir='ltr'><strong>exierunt,</strong></span> 
     </span>
    </p>
   </div>
   <div class='ocr_carea' id='block_1_66' title="bbox 2217 751 3809 829">
    <p class='ocr_par' dir='ltr' id='par_1_66' title="bbox 2217 751 3809 829">
     <span class='ocr_line' id='line_1_67' title="bbox 2217 751 3809 829; baseline 0.001 -22"><span class='ocrx_word' id='word_1_519' title='bbox 2217 751 2322 807; x_wconf 87' lang='lat' dir='ltr'><strong>erit</strong></span> <span class='ocrx_word' id='word_1_520' title='bbox 2365 752 2519 807; x_wconf 89' lang='lat' dir='ltr'><strong>nobis</strong></span> <span class='ocrx_word' id='word_1_521' title='bbox 2557 753 2662 807; x_wconf 81' lang='lat' dir='ltr'><strong>vita</strong></span> <span class='ocrx_word' id='word_1_522' title='bbox 2691 762 2956 824; x_wconf 85' lang='lat' dir='ltr'><strong>suspecta,</strong></span> <span class='ocrx_word' id='word_1_523' title='bbox 2987 768 3057 808; x_wconf 89' lang='lat' dir='ltr'><strong>ne</strong></span> <span class='ocrx_word' id='word_1_524' title='bbox 3086 753 3157 807; x_wconf 92' lang='lat' dir='ltr'><strong>ibi</strong></span> <span class='ocrx_word' id='word_1_525' title='bbox 3185 754 3344 808; x_wconf 89' lang='lat' dir='ltr'><strong>etiam</strong></span> <span class='ocrx_word' id='word_1_526' title='bbox 3375 769 3479 829; x_wconf 85' lang='lat' dir='ltr'><strong>quo</strong></span> <span class='ocrx_word' id='word_1_527' title='bbox 3518 762 3809 821; x_wconf 82' lang='lat' dir='ltr'><strong>venerunt,</strong></span> 
     </span>
    </p>
   </div>
   <div class='ocr_carea' id='block_1_67' title="bbox 2218 841 3810 924">
    <p class='ocr_par' dir='ltr' id='par_1_67' title="bbox 2218 841 3810 924">
     <span class='ocr_line' id='line_1_68' title="bbox 2218 841 3810 924; baseline 0.003 -25"><span class='ocrx_word' id='word_1_528' title='bbox 2218 841 2440 913; x_wconf 81' lang='lat' dir='ltr'><strong>forsitan</strong></span> <span class='ocrx_word' id='word_1_529' title='bbox 2479 847 2843 924; x_wconf 84' lang='lat' dir='ltr'><strong>peccaverint,</strong></span> <span class='ocrx_word' id='word_1_530' title='bbox 2870 855 2962 901; x_wconf 89' lang='lat' dir='ltr'><strong>aut</strong></span> <span class='ocrx_word' id='word_1_531' title='bbox 2991 846 3215 904; x_wconf 79' lang='lat' dir='ltr'><strong>forsitan</strong></span> <span class='ocrx_word' id='word_1_532' title='bbox 3260 857 3515 917; x_wconf 84' lang='lat' dir='ltr'><strong>peccent;</strong></span> <span class='ocrx_word' id='word_1_533' title='bbox 3547 850 3593 904; x_wconf 89' lang='lat' dir='ltr'><strong>si</strong></span> <span class='ocrx_word' id='word_1_534' title='bbox 3624 850 3678 904; x_wconf 93' lang='lat' dir='ltr'><strong>in</strong></span> <span class='ocrx_word' id='word_1_535' title='bbox 3712 865 3810 909; x_wconf 80' lang='lat' dir='ltr'><strong>ua-</strong></span> 
     </span>
    </p>
   </div>
   <div class='ocr_carea' id='block_1_68' title="bbox 2220 938 3812 1011">
    <p class='ocr_par' dir='ltr' id='par_1_68' title="bbox 2220 938 3812 1011">
     <span class='ocr_line' id='line_1_69' title="bbox 2220 938 3812 1011; baseline 0.001 -19"><span class='ocrx_word' id='word_1_536' title='bbox 2220 945 2336 992; x_wconf 88' lang='lat' dir='ltr'><strong>tura</strong></span> <span class='ocrx_word' id='word_1_537' title='bbox 2382 938 2622 995; x_wconf 85' lang='lat' dir='ltr'><strong>rationali</strong></span> <span class='ocrx_word' id='word_1_538' title='bbox 2668 939 2990 1008; x_wconf 87' lang='lat' dir='ltr'><strong>possibilitas</strong></span> <span class='ocrx_word' id='word_1_539' title='bbox 3035 938 3293 1011; x_wconf 84' lang='lat' dir='ltr'><strong>peccandi</strong></span> <span class='ocrx_word' id='word_1_540' title='bbox 3342 949 3655 1009; x_wconf 86' lang='lat' dir='ltr'><strong>permanet,</strong></span> <span class='ocrx_word' id='word_1_541' title='bbox 3706 956 3812 1001; x_wconf 71' lang='lat' dir='ltr'><strong>nec</strong></span> 
     </span>
    </p>
   </div>
   <div class='ocr_carea' id='block_1_69' title="bbox 2219 1031 3813 1107">
    <p class='ocr_par' dir='ltr' id='par_1_69' title="bbox 2219 1031 3813 1107">
     <span class='ocr_line' id='line_1_70' title="bbox 2219 1031 3813 1107; baseline 0.003 -24"><span class='ocrx_word' id='word_1_542' title='bbox 2219 1038 2398 1099; x_wconf 81' lang='lat' dir='ltr'><strong>potest</strong></span> <span class='ocrx_word' id='word_1_543' title='bbox 2422 1045 2543 1089; x_wconf 85' lang='lat' dir='ltr'><strong>esse</strong></span> <span class='ocrx_word' id='word_1_544' title='bbox 2568 1046 2733 1107; x_wconf 90' lang='lat' dir='ltr'><strong>capax</strong></span> <span class='ocrx_word' id='word_1_545' title='bbox 2760 1031 2907 1101; x_wconf 82' lang='lat' dir='ltr'><strong>boni,</strong></span> <span class='ocrx_word' id='word_1_546' title='bbox 2933 1032 2977 1085; x_wconf 90' lang='lat' dir='ltr'><strong>si</strong></span> <span class='ocrx_word' id='word_1_547' title='bbox 3007 1047 3112 1086; x_wconf 91' lang='lat' dir='ltr'><strong>non</strong></span> <span class='ocrx_word' id='word_1_548' title='bbox 3143 1031 3213 1107; x_wconf 86' lang='lat' dir='ltr'><strong>sit</strong></span> <span class='ocrx_word' id='word_1_549' title='bbox 3238 1042 3293 1088; x_wconf 89' lang='lat' dir='ltr'><strong>et</strong></span> <span class='ocrx_word' id='word_1_550' title='bbox 3320 1032 3465 1087; x_wconf 84' lang='lat' dir='ltr'><strong>mali.</strong></span> <span class='ocrx_word' id='word_1_551' title='bbox 3496 1032 3628 1100; x_wconf 80' lang='lat' dir='ltr'><strong>Quze</strong></span> <span class='ocrx_word' id='word_1_552' title='bbox 3668 1048 3813 1102; x_wconf 50' lang='lat' dir='ltr'><strong>quo.</strong></span> 
     </span>
    </p>
   </div>
   <div class='ocr_carea' id='block_1_70' title="bbox 2221 1121 3815 1195">
    <p class='ocr_par' dir='ltr' id='par_1_70' title="bbox 2221 1121 3815 1195">
     <span class='ocr_line' id='line_1_71' title="bbox 2221 1121 3815 1195; baseline 0.004 -20"><span class='ocrx_word' id='word_1_553' title='bbox 2221 1121 2362 1175; x_wconf 91' lang='lat' dir='ltr'><strong>niam</strong></span> <span class='ocrx_word' id='word_1_554' title='bbox 2392 1121 2734 1183; x_wconf 75' lang='lat' dir='ltr'><strong>vehementer</strong></span> <span class='ocrx_word' id='word_1_555' title='bbox 2761 1122 2993 1177; x_wconf 89' lang='lat' dir='ltr'><strong>absurda</strong></span> <span class='ocrx_word' id='word_1_556' title='bbox 3029 1132 3174 1189; x_wconf 92' lang='lat' dir='ltr'><strong>sunt,</strong></span> <span class='ocrx_word' id='word_1_557' title='bbox 3209 1124 3322 1179; x_wconf 75' lang='lat' dir='ltr'><strong>lucc</strong></span> <span class='ocrx_word' id='word_1_558' title='bbox 3358 1125 3541 1195; x_wconf 89' lang='lat' dir='ltr'><strong>opinio</strong></span> <span class='ocrx_word' id='word_1_559' title='bbox 3587 1134 3675 1195; x_wconf 83' lang='lat' dir='ltr'><strong>est</strong></span> <span class='ocrx_word' id='word_1_560' title='bbox 3719 1141 3815 1182; x_wconf 82' lang='lat' dir='ltr'><strong>re-</strong></span> 
     </span>
    </p>
   </div>
   <div class='ocr_carea' id='block_1_71' title="bbox 2219 1208 3813 1287">
    <p class='ocr_par' dir='ltr' id='par_1_71' title="bbox 2219 1208 3813 1287">
     <span class='ocr_line' id='line_1_72' title="bbox 2219 1208 3813 1287; baseline 0.003 -20"><span class='ocrx_word' id='word_1_561' title='bbox 2219 1214 2494 1282; x_wconf 88' lang='lat' dir='ltr'><strong>spuenda;</strong></span> <span class='ocrx_word' id='word_1_562' title='bbox 2535 1215 2814 1287; x_wconf 87' lang='lat' dir='ltr'><strong>potiusque</strong></span> <span class='ocrx_word' id='word_1_563' title='bbox 2855 1215 3215 1282; x_wconf 86' lang='lat' dir='ltr'><strong>credendum,</strong></span> <span class='ocrx_word' id='word_1_564' title='bbox 3263 1215 3384 1272; x_wconf 87' lang='lat' dir='ltr'><strong>ideo</strong></span> <span class='ocrx_word' id='word_1_565' title='bbox 3412 1208 3413 1211; x_wconf 42' lang='grc'><em>“</em></span> <span class='ocrx_word' id='word_1_566' title='bbox 3439 1216 3602 1277; x_wconf 87' lang='lat' dir='ltr'><strong>fuisse</strong></span> <span class='ocrx_word' id='word_1_567' title='bbox 3652 1217 3813 1271; x_wconf 82' lang='lat' dir='ltr'><strong>istam</strong></span> 
     </span>
    </p>
   </div>
   <div class='ocr_carea' id='block_1_72' title="bbox 2222 1292 3818 1385">
    <p class='ocr_par' dir='ltr' id='par_1_72' title="bbox 2222 1292 3818 1385">
     <span class='ocr_line' id='line_1_73' title="bbox 2222 1292 3818 1385; baseline 0 -22"><span class='ocrx_word' id='word_1_568' title='bbox 2222 1316 2467 1363; x_wconf 84' lang='lat' dir='ltr'><strong>naturam</strong></span> <span class='ocrx_word' id='word_1_569' title='bbox 2494 1294 2552 1362; x_wconf 87' lang='lat' dir='ltr'><strong>et</strong></span> <span class='ocrx_word' id='word_1_570' title='bbox 2581 1292 2707 1363; x_wconf 83' lang='lat' dir='ltr'><strong>beni</strong></span> <span class='ocrx_word' id='word_1_571' title='bbox 2731 1297 2784 1363; x_wconf 84' lang='lat' dir='ltr'><strong>et</strong></span> <span class='ocrx_word' id='word_1_572' title='bbox 2813 1308 2936 1362; x_wconf 91' lang='lat' dir='ltr'><strong>mali</strong></span> <span class='ocrx_word' id='word_1_573' title='bbox 2965 1323 3213 1384; x_wconf 84' lang='lat' dir='ltr'><strong>capacem</strong></span> <span class='ocrx_word' id='word_1_574' title='bbox 3240 1309 3482 1385; x_wconf 84' lang='lat' dir='ltr'><strong>primitus</strong></span> <span class='ocrx_word' id='word_1_575' title='bbox 3514 1309 3730 1373; x_wconf 80' lang='lat' dir='ltr'><strong>factam,</strong></span> <span class='ocrx_word' id='word_1_576' title='bbox 3758 1316 3818 1373; x_wconf 93' lang='lat' dir='ltr'><strong>ut</strong></span> 
     </span>
    </p>
   </div>
   <div class='ocr_carea' id='block_1_73' title="bbox 2224 1390 3818 1473">
    <p class='ocr_par' dir='ltr' id='par_1_73' title="bbox 2224 1390 3818 1473">
     <span class='ocr_line' id='line_1_74' title="bbox 2224 1390 3818 1473; baseline 0.003 -20"><span class='ocrx_word' id='word_1_577' title='bbox 2224 1398 2414 1454; x_wconf 90' lang='lat' dir='ltr'><strong>horum</strong></span> <span class='ocrx_word' id='word_1_578' title='bbox 2453 1402 2678 1457; x_wconf 88' lang='lat' dir='ltr'><strong>alterum</strong></span> <span class='ocrx_word' id='word_1_579' title='bbox 2719 1401 3007 1471; x_wconf 79' lang='lat' dir='ltr'><strong>diligendo,</strong></span> <span class='ocrx_word' id='word_1_580' title='bbox 3038 1390 3284 1456; x_wconf 85' lang='lat' dir='ltr'><strong>meritum</strong></span> <span class='ocrx_word' id='word_1_581' title='bbox 3314 1411 3676 1471; x_wconf 87' lang='lat' dir='ltr'><strong>compararet,</strong></span> <span class='ocrx_word' id='word_1_582' title='bbox 3706 1417 3818 1473; x_wconf 83' lang='lat' dir='ltr'><strong>quo</strong></span> 
     </span>
    </p>
   </div>
   <div class='ocr_carea' id='block_1_74' title="bbox 2224 1491 3815 1564">
    <p class='ocr_par' dir='ltr' id='par_1_74' title="bbox 2224 1491 3815 1564">
     <span class='ocr_line' id='line_1_75' title="bbox 2224 1491 3815 1564; baseline 0.003 -18"><span class='ocrx_word' id='word_1_583' title='bbox 2224 1491 2347 1546; x_wconf 90' lang='lat' dir='ltr'><strong>boni</strong></span> <span class='ocrx_word' id='word_1_584' title='bbox 2374 1492 2563 1560; x_wconf 90' lang='lat' dir='ltr'><strong>solius,</strong></span> <span class='ocrx_word' id='word_1_585' title='bbox 2594 1493 2679 1548; x_wconf 88' lang='lat' dir='ltr'><strong>vel</strong></span> <span class='ocrx_word' id='word_1_586' title='bbox 2715 1494 2839 1548; x_wconf 87' lang='lat' dir='ltr'><strong>mali</strong></span> <span class='ocrx_word' id='word_1_587' title='bbox 2865 1493 3031 1548; x_wconf 91' lang='lat' dir='ltr'><strong>solius</strong></span> <span class='ocrx_word' id='word_1_588' title='bbox 3056 1509 3221 1564; x_wconf 86' lang='lat' dir='ltr'><strong>capax</strong></span> <span class='ocrx_word' id='word_1_589' title='bbox 3251 1494 3585 1564; x_wconf 88' lang='lat' dir='ltr'><strong>postmodum</strong></span> <span class='ocrx_word' id='word_1_590' title='bbox 3620 1495 3815 1559; x_wconf 77' lang='lat' dir='ltr'><strong>fieret:</strong></span> 
     </span>
    </p>
   </div>
   <div class='ocr_carea' id='block_1_75' title="bbox 2225 1584 3818 1663">
    <p class='ocr_par' dir='ltr' id='par_1_75' title="bbox 2225 1584 3818 1663">
     <span class='ocr_line' id='line_1_76' title="bbox 2225 1584 3818 1663; baseline 0.004 -25"><span class='ocrx_word' id='word_1_591' title='bbox 2225 1584 2299 1659; x_wconf 83' lang='lat' dir='ltr'><strong>ita</strong></span> <span class='ocrx_word' id='word_1_592' title='bbox 2342 1594 2518 1641; x_wconf 88' lang='lat' dir='ltr'><strong>tamen</strong></span> <span class='ocrx_word' id='word_1_593' title='bbox 2568 1597 2625 1641; x_wconf 92' lang='lat' dir='ltr'><strong>ut</strong></span> <span class='ocrx_word' id='word_1_594' title='bbox 2671 1587 2715 1642; x_wconf 91' lang='lat' dir='ltr'><strong>si</strong></span> <span class='ocrx_word' id='word_1_595' title='bbox 2764 1587 3085 1663; x_wconf 89' lang='lat' dir='ltr'><strong>plecteretur</strong></span> <span class='ocrx_word' id='word_1_596' title='bbox 3129 1588 3470 1649; x_wconf 86' lang='lat' dir='ltr'><strong>damnatione</strong></span> <span class='ocrx_word' id='word_1_597' title='bbox 3517 1597 3818 1663; x_wconf 74' lang='lat' dir='ltr'><strong>perpetua,</strong></span> 
     </span>
    </p>
   </div>
   <div class='ocr_carea' id='block_1_76' title="bbox 2224 1671 3821 1749">
    <p class='ocr_par' dir='ltr' id='par_1_76' title="bbox 2224 1671 3821 1749">
     <span class='ocr_line' id='line_1_77' title="bbox 2224 1671 3821 1749; baseline 0.004 -18"><span class='ocrx_word' id='word_1_598' title='bbox 2224 1678 2333 1747; x_wconf 87' lang='lat' dir='ltr'><strong>pati</strong></span> <span class='ocrx_word' id='word_1_599' title='bbox 2375 1687 2655 1749; x_wconf 74' lang='lat' dir='ltr'><strong>cogeretur</strong></span> <span class='ocrx_word' id='word_1_600' title='bbox 2684 1671 2923 1749; x_wconf 88' lang='lat' dir='ltr'><strong>tantum,</strong></span> <span class='ocrx_word' id='word_1_601' title='bbox 2966 1696 3073 1736; x_wconf 86' lang='lat' dir='ltr'><strong>non</strong></span> <span class='ocrx_word' id='word_1_602' title='bbox 3116 1681 3277 1736; x_wconf 85' lang='lat' dir='ltr'><strong>etiam</strong></span> <span class='ocrx_word' id='word_1_603' title='bbox 3320 1679 3501 1738; x_wconf 86' lang='lat' dir='ltr'><strong>facere</strong></span> <span class='ocrx_word' id='word_1_604' title='bbox 3546 1682 3821 1739; x_wconf 79' lang='lat' dir='ltr'><strong>sineretur</strong></span> 
     </span>
    </p>
   </div>
   <div class='ocr_carea' id='block_1_77' title="bbox 2224 1769 2442 1824">
    <p class='ocr_par' dir='ltr' id='par_1_77' title="bbox 2224 1769 2442 1824">
     <span class='ocr_line' id='line_1_78' title="bbox 2224 1769 2442 1824; baseline 0 0"><span class='ocrx_word' id='word_1_605' title='bbox 2224 1769 2442 1824; x_wconf 87' lang='lat' dir='ltr'><strong>malum.</strong></span> 
     </span>
    </p>
   </div>
   <div class='ocr_carea' id='block_1_78' title="bbox 2296 1863 3821 1937">
    <p class='ocr_par' dir='ltr' id='par_1_78' title="bbox 2296 1863 3821 1937">
     <span class='ocr_line' id='line_1_79' title="bbox 2296 1863 3821 1937; baseline 0.006 -20"><span class='ocrx_word' id='word_1_606' title='bbox 2296 1863 2431 1918; x_wconf 83' lang='lat' dir='ltr'><strong>LIX.</strong></span> <span class='ocrx_word' id='word_1_607' title='bbox 2472 1863 2583 1919; x_wconf 71' lang='lat' dir='ltr'><strong>IUL.</strong></span> <span class='ocrx_word' id='word_1_608' title='bbox 2632 1864 2738 1920; x_wconf 81' lang='lat' dir='ltr'><strong>Sed</strong></span> <span class='ocrx_word' id='word_1_609' title='bbox 2780 1876 3033 1936; x_wconf 89' lang='lat' dir='ltr'><strong>quantum</strong></span> <span class='ocrx_word' id='word_1_610' title='bbox 3080 1866 3307 1923; x_wconf 87' lang='lat' dir='ltr'><strong>interest</strong></span> <span class='ocrx_word' id='word_1_611' title='bbox 3346 1866 3486 1923; x_wconf 85' lang='lat' dir='ltr'><strong>inter</strong></span> <span class='ocrx_word' id='word_1_612' title='bbox 3511 1868 3730 1937; x_wconf 85' lang='lat' dir='ltr'><strong>plenum</strong></span> <span class='ocrx_word' id='word_1_613' title='bbox 3762 1878 3821 1926; x_wconf 84' lang='lat' dir='ltr'><strong>et</strong></span> 
     </span>
    </p>
   </div>
   <div class='ocr_carea' id='block_1_79' title="bbox 2225 1959 3819 2029">
    <p class='ocr_par' dir='ltr' id='par_1_79' title="bbox 2225 1959 3819 2029">
     <span class='ocr_line' id='line_1_80' title="bbox 2225 1959 3819 2029; baseline 0.004 -19"><span class='ocrx_word' id='word_1_614' title='bbox 2225 1972 2475 2025; x_wconf 80' lang='lat' dir='ltr'><strong>vacuum,</strong></span> <span class='ocrx_word' id='word_1_615' title='bbox 2505 1966 2708 2015; x_wconf 90' lang='lat' dir='ltr'><strong>tantum</strong></span> <span class='ocrx_word' id='word_1_616' title='bbox 2741 1959 2991 2017; x_wconf 85' lang='lat' dir='ltr'><strong>nimirum</strong></span> <span class='ocrx_word' id='word_1_617' title='bbox 3024 1959 3162 2017; x_wconf 87' lang='lat' dir='ltr'><strong>inter</strong></span> <span class='ocrx_word' id='word_1_618' title='bbox 3185 1959 3590 2029; x_wconf 82' lang='lat' dir='ltr'><strong>possibilitatem</strong></span> <span class='ocrx_word' id='word_1_619' title='bbox 3623 1970 3680 2016; x_wconf 89' lang='lat' dir='ltr'><strong>et</strong></span> <span class='ocrx_word' id='word_1_620' title='bbox 3717 1978 3819 2017; x_wconf 85' lang='lat' dir='ltr'><strong>nc-</strong></span> 
     </span>
    </p>
   </div>
   <div class='ocr_carea' id='block_1_80' title="bbox 2225 2049 3821 2122">
    <p class='ocr_par' dir='ltr' id='par_1_80' title="bbox 2225 2049 3821 2122">
     <span class='ocr_line' id='line_1_81' title="bbox 2225 2049 3821 2122; baseline 0.003 -19"><span class='ocrx_word' id='word_1_621' title='bbox 2225 2049 2550 2104; x_wconf 77' lang='lat' dir='ltr'><strong>cessitatcm.</strong></span> <span class='ocrx_word' id='word_1_622' title='bbox 2579 2050 2909 2105; x_wconf 83' lang='lat' dir='ltr'><strong>Possibilitas</strong></span> <span class='ocrx_word' id='word_1_623' title='bbox 2954 2051 3098 2105; x_wconf 91' lang='lat' dir='ltr'><strong>enim</strong></span> <span class='ocrx_word' id='word_1_624' title='bbox 3140 2052 3219 2106; x_wconf 85' lang='lat' dir='ltr'><strong>rei</strong></span> <span class='ocrx_word' id='word_1_625' title='bbox 3263 2051 3423 2118; x_wconf 91' lang='lat' dir='ltr'><strong>illius,</strong></span> <span class='ocrx_word' id='word_1_626' title='bbox 3460 2053 3613 2122; x_wconf 90' lang='lat' dir='ltr'><strong>cujus</strong></span> <span class='ocrx_word' id='word_1_627' title='bbox 3646 2068 3821 2122; x_wconf 80' lang='lat' dir='ltr'><strong>capax</strong></span> 
     </span>
    </p>
   </div>
   <div class='ocr_carea' id='block_1_81' title="bbox 2227 2140 3821 2215">
    <p class='ocr_par' dir='ltr' id='par_1_81' title="bbox 2227 2140 3821 2215">
     <span class='ocr_line' id='line_1_82' title="bbox 2227 2140 3821 2215; baseline 0.004 -21"><span class='ocrx_word' id='word_1_628' title='bbox 2227 2140 2446 2204; x_wconf 87' lang='lat' dir='ltr'><strong>dicitur,</strong></span> <span class='ocrx_word' id='word_1_629' title='bbox 2471 2156 2634 2196; x_wconf 87' lang='lat' dir='ltr'><strong>vacua</strong></span> <span class='ocrx_word' id='word_1_630' title='bbox 2658 2142 2958 2215; x_wconf 79' lang='lat' dir='ltr'><strong>ostenditur</strong></span> <span class='ocrx_word' id='word_1_631' title='bbox 2982 2160 2995 2196; x_wconf 92' lang='lat'>:</span> <span class='ocrx_word' id='word_1_632' title='bbox 3017 2142 3231 2213; x_wconf 86' lang='lat' dir='ltr'><strong>quando</strong></span> <span class='ocrx_word' id='word_1_633' title='bbox 3257 2143 3301 2197; x_wconf 88' lang='lat' dir='ltr'><strong>si</strong></span> <span class='ocrx_word' id='word_1_634' title='bbox 3325 2159 3489 2198; x_wconf 87' lang='lat' dir='ltr'><strong>vacua</strong></span> <span class='ocrx_word' id='word_1_635' title='bbox 3512 2159 3618 2198; x_wconf 88' lang='lat' dir='ltr'><strong>non</strong></span> <span class='ocrx_word' id='word_1_636' title='bbox 3646 2152 3821 2211; x_wconf 78' lang='lat' dir='ltr'><strong>esset,</strong></span> 
     </span>
    </p>
   </div>
   <div class='ocr_carea' id='block_1_82' title="bbox 2228 2234 3825 2309">
    <p class='ocr_par' dir='ltr' id='par_1_82' title="bbox 2228 2234 3825 2309">
     <span class='ocr_line' id='line_1_83' title="bbox 2228 2234 3825 2309; baseline 0.003 -24"><span class='ocrx_word' id='word_1_637' title='bbox 2228 2246 2328 2286; x_wconf 85' lang='lat' dir='ltr'><strong>nec</strong></span> <span class='ocrx_word' id='word_1_638' title='bbox 2355 2246 2522 2301; x_wconf 83' lang='lat' dir='ltr'><strong>capax</strong></span> <span class='ocrx_word' id='word_1_639' title='bbox 2562 2240 2724 2287; x_wconf 90' lang='lat' dir='ltr'><strong>esset.</strong></span> <span class='ocrx_word' id='word_1_640' title='bbox 2758 2234 2859 2299; x_wconf 83' lang='lat' dir='ltr'><strong>Qui</strong></span> <span class='ocrx_word' id='word_1_641' title='bbox 2900 2234 3040 2289; x_wconf 91' lang='lat' dir='ltr'><strong>enim</strong></span> <span class='ocrx_word' id='word_1_642' title='bbox 3082 2245 3317 2304; x_wconf 85' lang='lat' dir='ltr'><strong>caperet,</strong></span> <span class='ocrx_word' id='word_1_643' title='bbox 3348 2235 3487 2305; x_wconf 90' lang='lat' dir='ltr'><strong>quod</strong></span> <span class='ocrx_word' id='word_1_644' title='bbox 3514 2235 3625 2304; x_wconf 84' lang='lat' dir='ltr'><strong>jam</strong></span> <span class='ocrx_word' id='word_1_645' title='bbox 3653 2235 3825 2309; x_wconf 45' lang='lat' dir='ltr'><strong>habe:</strong></span> 
     </span>
    </p>
   </div>
   <div class='ocr_carea' id='block_1_83' title="bbox 2228 2323 3827 2401">
    <p class='ocr_par' dir='ltr' id='par_1_83' title="bbox 2228 2323 3827 2401">
     <span class='ocr_line' id='line_1_84' title="bbox 2228 2323 3827 2401; baseline 0.003 -24"><span class='ocrx_word' id='word_1_646' title='bbox 2228 2324 2347 2383; x_wconf 77' lang='lat' dir='ltr'><strong>ret‘l</strong></span> <span class='ocrx_word' id='word_1_647' title='bbox 2368 2323 2667 2378; x_wconf 81' lang='lat' dir='ltr'><strong>Necessitas</strong></span> <span class='ocrx_word' id='word_1_648' title='bbox 2692 2334 2870 2380; x_wconf 89' lang='lat' dir='ltr'><strong>autem</strong></span> <span class='ocrx_word' id='word_1_649' title='bbox 2895 2340 3007 2399; x_wconf 86' lang='lat' dir='ltr'><strong>non</strong></span> <span class='ocrx_word' id='word_1_650' title='bbox 3031 2327 3373 2397; x_wconf 80' lang='lat' dir='ltr'><strong>vacuitatem,</strong></span> <span class='ocrx_word' id='word_1_651' title='bbox 3403 2328 3497 2401; x_wconf 78' lang='lat' dir='ltr'><strong>sed</strong></span> <span class='ocrx_word' id='word_1_652' title='bbox 3529 2328 3827 2396; x_wconf 86' lang='lat' dir='ltr'><strong>plenitudi-</strong></span> 
     </span>
    </p>
   </div>
   <div class='ocr_carea' id='block_1_84' title="bbox 2228 2416 3823 2492">
    <p class='ocr_par' dir='ltr' id='par_1_84' title="bbox 2228 2416 3823 2492">
     <span class='ocr_line' id='line_1_85' title="bbox 2228 2416 3823 2492; baseline 0.004 -23"><span class='ocrx_word' id='word_1_653' title='bbox 2228 2431 2352 2470; x_wconf 90' lang='lat' dir='ltr'><strong>nem</strong></span> <span class='ocrx_word' id='word_1_654' title='bbox 2384 2416 2583 2472; x_wconf 86' lang='lat' dir='ltr'><strong>indicat</strong></span> <span class='ocrx_word' id='word_1_655' title='bbox 2614 2436 2628 2472; x_wconf 88' lang='lat'><strong>:</strong></span> <span class='ocrx_word' id='word_1_656' title='bbox 2660 2432 2766 2472; x_wconf 85' lang='lat' dir='ltr'><strong>non</strong></span> <span class='ocrx_word' id='word_1_657' title='bbox 2800 2427 2975 2488; x_wconf 86' lang='lat' dir='ltr'><strong>potest</strong></span> <span class='ocrx_word' id='word_1_658' title='bbox 3000 2420 3197 2490; x_wconf 90' lang='lat' dir='ltr'><strong>quippe</strong></span> <span class='ocrx_word' id='word_1_659' title='bbox 3225 2436 3416 2491; x_wconf 87' lang='lat' dir='ltr'><strong>capere</strong></span> <span class='ocrx_word' id='word_1_660' title='bbox 3444 2423 3595 2492; x_wconf 79' lang='lat' dir='ltr'><strong>quasi</strong></span> <span class='ocrx_word' id='word_1_661' title='bbox 3625 2437 3823 2491; x_wconf 84' lang='lat' dir='ltr'><strong>vacua,</strong></span> 
     </span>
    </p>
   </div>
   <div class='ocr_carea' id='block_1_85' title="bbox 2228 2508 3826 2587">
    <p class='ocr_par' dir='ltr' id='par_1_85' title="bbox 2228 2508 3826 2587">
     <span class='ocr_line' id='line_1_86' title="bbox 2228 2508 3826 2587; baseline 0.006 -26"><span class='ocrx_word' id='word_1_662' title='bbox 2228 2508 2373 2578; x_wconf 86' lang='lat' dir='ltr'><strong>quod</strong></span> <span class='ocrx_word' id='word_1_663' title='bbox 2397 2509 2506 2577; x_wconf 88' lang='lat' dir='ltr'><strong>jam</strong></span> <span class='ocrx_word' id='word_1_664' title='bbox 2531 2510 2681 2580; x_wconf 88' lang='lat' dir='ltr'><strong>quasi</strong></span> <span class='ocrx_word' id='word_1_665' title='bbox 2724 2510 2878 2583; x_wconf 81' lang='lat' dir='ltr'><strong>plena</strong></span> <span class='ocrx_word' id='word_1_666' title='bbox 2907 2527 3027 2567; x_wconf 86' lang='lat' dir='ltr'><strong>esse</strong></span> <span class='ocrx_word' id='word_1_667' title='bbox 3055 2514 3348 2584; x_wconf 87' lang='lat' dir='ltr'><strong>compellit.</strong></span> <span class='ocrx_word' id='word_1_668' title='bbox 3382 2514 3608 2569; x_wconf 87' lang='lat' dir='ltr'><strong>Tantum</strong></span> <span class='ocrx_word' id='word_1_669' title='bbox 3639 2516 3826 2587; x_wconf 87' lang='lat' dir='ltr'><strong>itaque</strong></span> 
     </span>
    </p>
   </div>
   <div class='ocr_carea' id='block_1_86' title="bbox 2228 2600 3829 2677">
    <p class='ocr_par' dir='ltr' id='par_1_86' title="bbox 2228 2600 3829 2677">
     <span class='ocr_line' id='line_1_87' title="bbox 2228 2600 3829 2677; baseline 0.005 -23"><span class='ocrx_word' id='word_1_670' title='bbox 2228 2600 2369 2663; x_wconf 84' lang='lat' dir='ltr'><strong>inter</strong></span> <span class='ocrx_word' id='word_1_671' title='bbox 2394 2602 2696 2656; x_wconf 87' lang='lat' dir='ltr'><strong>necessaria</strong></span> <span class='ocrx_word' id='word_1_672' title='bbox 2736 2612 2790 2657; x_wconf 92' lang='lat' dir='ltr'><strong>et</strong></span> <span class='ocrx_word' id='word_1_673' title='bbox 2823 2603 3095 2673; x_wconf 90' lang='lat' dir='ltr'><strong>possibilia</strong></span> <span class='ocrx_word' id='word_1_674' title='bbox 3126 2606 3366 2670; x_wconf 83' lang='lat' dir='ltr'><strong>interest,</strong></span> <span class='ocrx_word' id='word_1_675' title='bbox 3394 2616 3650 2677; x_wconf 86' lang='lat' dir='ltr'><strong>quantum</strong></span> <span class='ocrx_word' id='word_1_676' title='bbox 3681 2608 3829 2662; x_wconf 81' lang='lat' dir='ltr'><strong>inter</strong></span> 
     </span>
    </p>
   </div>
   <div class='ocr_carea' id='block_1_87' title="bbox 2228 2692 3828 2769">
    <p class='ocr_par' dir='ltr' id='par_1_87' title="bbox 2228 2692 3828 2769">
     <span class='ocr_line' id='line_1_88' title="bbox 2228 2692 3828 2769; baseline 0.004 -22"><span class='ocrx_word' id='word_1_677' title='bbox 2228 2692 2469 2749; x_wconf 85' lang='lat' dir='ltr'><strong>conferta</strong></span> <span class='ocrx_word' id='word_1_678' title='bbox 2507 2703 2564 2751; x_wconf 92' lang='lat' dir='ltr'><strong>et</strong></span> <span class='ocrx_word' id='word_1_679' title='bbox 2602 2696 2799 2749; x_wconf 90' lang='lat' dir='ltr'><strong>inania.</strong></span> <span class='ocrx_word' id='word_1_680' title='bbox 2831 2696 2912 2751; x_wconf 86' lang='lat' dir='ltr'><strong>Ab</strong></span> <span class='ocrx_word' id='word_1_681' title='bbox 2941 2697 3218 2767; x_wconf 90' lang='lat' dir='ltr'><strong>utriusque</strong></span> <span class='ocrx_word' id='word_1_682' title='bbox 3256 2713 3387 2769; x_wconf 79' lang='lat' dir='ltr'><strong>ergo</strong></span> <span class='ocrx_word' id='word_1_683' title='bbox 3412 2698 3706 2769; x_wconf 80' lang='lat' dir='ltr'><strong>qualitatis,</strong></span> <span class='ocrx_word' id='word_1_684' title='bbox 3729 2713 3828 2753; x_wconf 84' lang='lat' dir='ltr'><strong>cu-</strong></span> 
     </span>
    </p>
   </div>
   <div class='ocr_carea' id='block_1_88' title="bbox 2223 2784 3825 2866">
    <p class='ocr_par' dir='ltr' id='par_1_88' title="bbox 2223 2784 3825 2866">
     <span class='ocr_line' id='line_1_89' title="bbox 2223 2784 3825 2866; baseline 0.004 -28"><span class='ocrx_word' id='word_1_685' title='bbox 2223 2784 2311 2855; x_wconf 89' lang='lat' dir='ltr'><strong>jus</strong></span> <span class='ocrx_word' id='word_1_686' title='bbox 2356 2802 2509 2855; x_wconf 76' lang='lat' dir='ltr'><strong>:cque</strong></span> <span class='ocrx_word' id='word_1_687' title='bbox 2549 2801 2716 2866; x_wconf 81' lang='lat' dir='ltr'><strong>capax</strong></span> <span class='ocrx_word' id='word_1_688' title='bbox 2755 2796 2857 2851; x_wconf 88' lang='lat' dir='ltr'><strong>est,</strong></span> <span class='ocrx_word' id='word_1_689' title='bbox 2886 2788 3211 2859; x_wconf 69' lang='lat' dir='ltr'><strong>prasjudieiis</strong></span> <span class='ocrx_word' id='word_1_690' title='bbox 3253 2790 3365 2860; x_wconf 80' lang='lat' dir='ltr'><strong>ipsa</strong></span> <span class='ocrx_word' id='word_1_691' title='bbox 3408 2791 3825 2861; x_wconf 75' lang='lat' dir='ltr'><strong>repugnantium</strong></span> 
     </span>
    </p>
   </div>
   <div class='ocr_carea' id='block_1_89' title="bbox 2228 2878 3825 2952">
    <p class='ocr_par' dir='ltr' id='par_1_89' title="bbox 2228 2878 3825 2952">
     <span class='ocr_line' id='line_1_90' title="bbox 2228 2878 3825 2952; baseline 0.005 -21"><span class='ocrx_word' id='word_1_692' title='bbox 2228 2879 2567 2948; x_wconf 84' lang='lat' dir='ltr'><strong>susceptione</strong></span> <span class='ocrx_word' id='word_1_693' title='bbox 2600 2878 2919 2951; x_wconf 65' lang='lat' dir='ltr'><strong>defenditur.</strong></span> <span class='ocrx_word' id='word_1_694' title='bbox 2954 2880 3121 2936; x_wconf 84' lang='lat' dir='ltr'><strong>liabet</strong></span> <span class='ocrx_word' id='word_1_695' title='bbox 3162 2897 3293 2952; x_wconf 78' lang='lat' dir='ltr'><strong>ergo</strong></span> <span class='ocrx_word' id='word_1_696' title='bbox 3330 2883 3528 2945; x_wconf 82' lang='lat' dir='ltr'><strong>bonum</strong></span> <span class='ocrx_word' id='word_1_697' title='bbox 3566 2896 3825 2939; x_wconf 82' lang='lat' dir='ltr'><strong>necessa-</strong></span> 
     </span>
    </p>
   </div>
   <div class='ocr_carea' id='block_1_90' title="bbox 2230 2968 3829 3047">
    <p class='ocr_par' dir='ltr' id='par_1_90' title="bbox 2230 2968 3829 3047">
     <span class='ocr_line' id='line_1_91' title="bbox 2230 2968 3829 3047; baseline 0.005 -24"><span class='ocrx_word' id='word_1_698' title='bbox 2230 2968 2367 3023; x_wconf 90' lang='lat' dir='ltr'><strong>rium</strong></span> <span class='ocrx_word' id='word_1_699' title='bbox 2397 2970 2449 3025; x_wconf 91' lang='lat' dir='ltr'><strong>in</strong></span> <span class='ocrx_word' id='word_1_700' title='bbox 2482 2980 2666 3025; x_wconf 81' lang='lat' dir='ltr'><strong>natura</strong></span> <span class='ocrx_word' id='word_1_701' title='bbox 2697 2980 2922 3039; x_wconf 90' lang='lat' dir='ltr'><strong>tantum,</strong></span> <span class='ocrx_word' id='word_1_702' title='bbox 2950 2981 3204 3042; x_wconf 90' lang='lat' dir='ltr'><strong>quantum</strong></span> <span class='ocrx_word' id='word_1_703' title='bbox 3237 2975 3303 3028; x_wconf 80' lang='lat' dir='ltr'><strong>ad</strong></span> <span class='ocrx_word' id='word_1_704' title='bbox 3330 2974 3587 3045; x_wconf 80' lang='lat' dir='ltr'><strong>honorem</strong></span> <span class='ocrx_word' id='word_1_705' title='bbox 3614 2986 3829 3047; x_wconf 84' lang='lat' dir='ltr'><strong>spectat</strong></span> 
     </span>
    </p>
   </div>
   <div class='ocr_carea' id='block_1_91' title="bbox 2229 3062 3830 3133">
    <p class='ocr_par' dir='ltr' id='par_1_91' title="bbox 2229 3062 3830 3133">
     <span class='ocr_line' id='line_1_92' title="bbox 2229 3062 3830 3133; baseline 0.006 -19"><span class='ocrx_word' id='word_1_706' title='bbox 2229 3062 2495 3125; x_wconf 86' lang='lat' dir='ltr'><strong>auctoris;</strong></span> <span class='ocrx_word' id='word_1_707' title='bbox 2526 3062 2668 3132; x_wconf 88' lang='lat' dir='ltr'><strong>quod</strong></span> <span class='ocrx_word' id='word_1_708' title='bbox 2696 3072 2779 3118; x_wconf 89' lang='lat' dir='ltr'><strong>est</strong></span> <span class='ocrx_word' id='word_1_709' title='bbox 2808 3063 3109 3119; x_wconf 89' lang='lat' dir='ltr'><strong>innocentia</strong></span> <span class='ocrx_word' id='word_1_710' title='bbox 3140 3065 3268 3119; x_wconf 87' lang='lat' dir='ltr'><strong>nulli</strong></span> <span class='ocrx_word' id='word_1_711' title='bbox 3298 3066 3440 3123; x_wconf 89' lang='lat' dir='ltr'><strong>malo</strong></span> <span class='ocrx_word' id='word_1_712' title='bbox 3462 3066 3699 3133; x_wconf 81' lang='lat' dir='ltr'><strong>admixta</strong></span> <span class='ocrx_word' id='word_1_713' title='bbox 3730 3084 3830 3124; x_wconf 78' lang='lat' dir='ltr'><strong>na-</strong></span> 
     </span>
    </p>
   </div>
   <div class='ocr_carea' id='block_1_92' title="bbox 2229 3155 3829 3229">
    <p class='ocr_par' dir='ltr' id='par_1_92' title="bbox 2229 3155 3829 3229">
     <span class='ocr_line' id='line_1_93' title="bbox 2229 3155 3829 3229; baseline 0.005 -21"><span class='ocrx_word' id='word_1_714' title='bbox 2229 3155 2491 3222; x_wconf 89' lang='lat' dir='ltr'><strong>turaliter,</strong></span> <span class='ocrx_word' id='word_1_715' title='bbox 2519 3157 2718 3226; x_wconf 90' lang='lat' dir='ltr'><strong>pr0prii</strong></span> <span class='ocrx_word' id='word_1_716' title='bbox 2744 3158 2923 3226; x_wconf 90' lang='lat' dir='ltr'><strong>operis</strong></span> <span class='ocrx_word' id='word_1_717' title='bbox 2953 3173 3048 3225; x_wconf 91' lang='lat' dir='ltr'><strong>pro</strong></span> <span class='ocrx_word' id='word_1_718' title='bbox 3077 3157 3202 3213; x_wconf 92' lang='lat' dir='ltr'><strong>boni</strong></span> <span class='ocrx_word' id='word_1_719' title='bbox 3232 3161 3555 3229; x_wconf 80' lang='lat' dir='ltr'><strong>proprietate</strong></span> <span class='ocrx_word' id='word_1_720' title='bbox 3579 3169 3637 3216; x_wconf 84' lang='lat' dir='ltr'><strong>et</strong></span> <span class='ocrx_word' id='word_1_721' title='bbox 3657 3176 3829 3216; x_wconf 78' lang='lat' dir='ltr'><strong>accu-</strong></span> 
     </span>
    </p>
   </div>
   <div class='ocr_carea' id='block_1_93' title="bbox 2230 3250 3828 3326">
    <p class='ocr_par' dir='ltr' id='par_1_93' title="bbox 2230 3250 3828 3326">
     <span class='ocr_line' id='line_1_94' title="bbox 2230 3250 3828 3326; baseline 0.006 -25"><span class='ocrx_word' id='word_1_722' title='bbox 2230 3250 2434 3303; x_wconf 88' lang='lat' dir='ltr'><strong>satione</strong></span> <span class='ocrx_word' id='word_1_723' title='bbox 2462 3250 2585 3304; x_wconf 91' lang='lat' dir='ltr'><strong>mali</strong></span> <span class='ocrx_word' id='word_1_724' title='bbox 2616 3251 2900 3320; x_wconf 87' lang='lat' dir='ltr'><strong>receptrix.</strong></span> <span class='ocrx_word' id='word_1_725' title='bbox 2928 3250 3064 3305; x_wconf 87' lang='lat' dir='ltr'><strong>Illud</strong></span> <span class='ocrx_word' id='word_1_726' title='bbox 3093 3266 3221 3322; x_wconf 77' lang='lat' dir='ltr'><strong>ergo</strong></span> <span class='ocrx_word' id='word_1_727' title='bbox 3255 3253 3395 3322; x_wconf 88' lang='lat' dir='ltr'><strong>quod</strong></span> <span class='ocrx_word' id='word_1_728' title='bbox 3426 3254 3476 3308; x_wconf 89' lang='lat' dir='ltr'><strong>ei</strong></span> <span class='ocrx_word' id='word_1_729' title='bbox 3504 3253 3572 3308; x_wconf 90' lang='lat' dir='ltr'><strong>de</strong></span> <span class='ocrx_word' id='word_1_730' title='bbox 3598 3257 3828 3326; x_wconf 87' lang='lat' dir='ltr'><strong>proprio</strong></span> 
     </span>
    </p>
   </div>
   <div class='ocr_carea' id='block_1_94' title="bbox 2230 3340 3826 3418">
    <p class='ocr_par' dir='ltr' id='par_1_94' title="bbox 2230 3340 3826 3418">
     <span class='ocr_line' id='line_1_95' title="bbox 2230 3340 3826 3418; baseline 0.007 -25"><span class='ocrx_word' id='word_1_731' title='bbox 2230 3340 2393 3404; x_wconf 85' lang='lat' dir='ltr'><strong>venit,</strong></span> <span class='ocrx_word' id='word_1_732' title='bbox 2420 3356 2647 3409; x_wconf 88' lang='lat' dir='ltr'><strong>peccans</strong></span> <span class='ocrx_word' id='word_1_733' title='bbox 2671 3343 2894 3412; x_wconf 89' lang='lat' dir='ltr'><strong>quisque</strong></span> <span class='ocrx_word' id='word_1_734' title='bbox 2915 3344 3155 3399; x_wconf 87' lang='lat' dir='ltr'><strong>sauciare</strong></span> <span class='ocrx_word' id='word_1_735' title='bbox 3181 3354 3349 3414; x_wconf 83' lang='lat' dir='ltr'><strong>potest</strong></span> <span class='ocrx_word' id='word_1_736' title='bbox 3374 3363 3387 3398; x_wconf 88' lang='lat'>:</span> <span class='ocrx_word' id='word_1_737' title='bbox 3410 3346 3509 3401; x_wconf 86' lang='lat' dir='ltr'><strong>hoc</strong></span> <span class='ocrx_word' id='word_1_738' title='bbox 3527 3363 3655 3401; x_wconf 91' lang='lat' dir='ltr'><strong>vcro</strong></span> <span class='ocrx_word' id='word_1_739' title='bbox 3676 3350 3826 3418; x_wconf 85' lang='lat' dir='ltr'><strong>quod</strong></span> 
     </span>
    </p>
   </div>
   <div class='ocr_carea' id='block_1_95' title="bbox 2228 3432 3828 3509">
    <p class='ocr_par' dir='ltr' id='par_1_95' title="bbox 2228 3432 3828 3509">
     <span class='ocr_line' id='line_1_96' title="bbox 2228 3432 3828 3509; baseline 0.006 -22"><span class='ocrx_word' id='word_1_740' title='bbox 2228 3432 2297 3488; x_wconf 86' lang='lat' dir='ltr'><strong>de</strong></span> <span class='ocrx_word' id='word_1_741' title='bbox 2321 3434 2410 3489; x_wconf 83' lang='lat' dir='ltr'><strong>Dei</strong></span> <span class='ocrx_word' id='word_1_742' title='bbox 2451 3448 2614 3503; x_wconf 86' lang='lat' dir='ltr'><strong>opere</strong></span> <span class='ocrx_word' id='word_1_743' title='bbox 2648 3436 2905 3505; x_wconf 87' lang='lat' dir='ltr'><strong>suscepit,</strong></span> <span class='ocrx_word' id='word_1_744' title='bbox 2943 3436 3253 3492; x_wconf 87' lang='lat' dir='ltr'><strong>decolorare</strong></span> <span class='ocrx_word' id='word_1_745' title='bbox 3279 3453 3386 3492; x_wconf 91' lang='lat' dir='ltr'><strong>non</strong></span> <span class='ocrx_word' id='word_1_746' title='bbox 3418 3447 3611 3509; x_wconf 86' lang='lat' dir='ltr'><strong>potest.</strong></span> <span class='ocrx_word' id='word_1_747' title='bbox 3641 3440 3828 3497; x_wconf 80' lang='lat' dir='ltr'><strong>Manet</strong></span> 
     </span>
    </p>
   </div>
   <div class='ocr_carea' id='block_1_96' title="bbox 2228 3512 3824 3599">
    <p class='ocr_par' dir='ltr' id='par_1_96' title="bbox 2228 3512 3824 3599">
     <span class='ocr_line' id='line_1_97' title="bbox 2228 3512 3824 3599; baseline 0.006 -22"><span class='ocrx_word' id='word_1_748' title='bbox 2228 3539 2355 3594; x_wconf 82' lang='lat' dir='ltr'><strong>ergo</strong></span> <span class='ocrx_word' id='word_1_749' title='bbox 2383 3534 2438 3579; x_wconf 87' lang='lat' dir='ltr'><strong>et</strong></span> <span class='ocrx_word' id='word_1_750' title='bbox 2472 3526 2523 3579; x_wconf 92' lang='lat' dir='ltr'><strong>in</strong></span> <span class='ocrx_word' id='word_1_751' title='bbox 2556 3526 2710 3581; x_wconf 90' lang='lat' dir='ltr'><strong>malis</strong></span> <span class='ocrx_word' id='word_1_752' title='bbox 2753 3512 3056 3582; x_wconf 71' lang='lat' dir='ltr'><strong>hinniuibus</strong></span> <span class='ocrx_word' id='word_1_753' title='bbox 3104 3529 3304 3583; x_wconf 71' lang='lat' dir='ltr'><strong>taxatio</strong></span> <span class='ocrx_word' id='word_1_754' title='bbox 3346 3531 3605 3585; x_wconf 89' lang='lat' dir='ltr'><strong>naturalis</strong></span> <span class='ocrx_word' id='word_1_755' title='bbox 3655 3532 3824 3599; x_wconf 90' lang='lat' dir='ltr'><strong>boni;</strong></span> 
     </span>
    </p>
   </div>
   <div class='ocr_carea' id='block_1_97' title="bbox 2232 3617 3828 3693">
    <p class='ocr_par' dir='ltr' id='par_1_97' title="bbox 2232 3617 3828 3693">
     <span class='ocr_line' id='line_1_98' title="bbox 2232 3617 3828 3693; baseline 0.006 -25"><span class='ocrx_word' id='word_1_756' title='bbox 2232 3630 2331 3670; x_wconf 88' lang='lat' dir='ltr'><strong>nec</strong></span> <span class='ocrx_word' id='word_1_757' title='bbox 2373 3630 2604 3685; x_wconf 88' lang='lat' dir='ltr'><strong>unquam</strong></span> <span class='ocrx_word' id='word_1_758' title='bbox 2654 3617 2852 3673; x_wconf 88' lang='lat' dir='ltr'><strong>malum</strong></span> <span class='ocrx_word' id='word_1_759' title='bbox 2895 3617 3016 3679; x_wconf 86' lang='lat' dir='ltr'><strong>erit,</strong></span> <span class='ocrx_word' id='word_1_760' title='bbox 3061 3618 3260 3673; x_wconf 88' lang='lat' dir='ltr'><strong>bonum</strong></span> <span class='ocrx_word' id='word_1_761' title='bbox 3308 3622 3613 3691; x_wconf 88' lang='lat' dir='ltr'><strong>malumque</strong></span> <span class='ocrx_word' id='word_1_762' title='bbox 3657 3637 3828 3693; x_wconf 76' lang='lat' dir='ltr'><strong>agere</strong></span> 
     </span>
    </p>
   </div>
   <div class='ocr_carea' id='block_1_98' title="bbox 2232 3708 3826 3784">
    <p class='ocr_par' dir='ltr' id='par_1_98' title="bbox 2232 3708 3826 3784">
     <span class='ocr_line' id='line_1_99' title="bbox 2232 3708 3826 3784; baseline 0.007 -24"><span class='ocrx_word' id='word_1_763' title='bbox 2232 3708 2468 3777; x_wconf 88' lang='lat' dir='ltr'><strong>potuisse</strong></span> <span class='ocrx_word' id='word_1_764' title='bbox 2499 3725 2511 3760; x_wconf 92' lang='lat'><strong>:</strong></span> <span class='ocrx_word' id='word_1_765' title='bbox 2541 3708 2634 3765; x_wconf 89' lang='lat' dir='ltr'><strong>sed</strong></span> <span class='ocrx_word' id='word_1_766' title='bbox 2667 3724 2909 3779; x_wconf 65' lang='lat' dir='ltr'><strong>personae</strong></span> <span class='ocrx_word' id='word_1_767' title='bbox 2946 3710 3015 3764; x_wconf 91' lang='lat' dir='ltr'><strong>illi</strong></span> <span class='ocrx_word' id='word_1_768' title='bbox 3045 3711 3173 3765; x_wconf 86' lang='lat' dir='ltr'><strong>nihil</strong></span> <span class='ocrx_word' id='word_1_769' title='bbox 3203 3712 3455 3781; x_wconf 90' lang='lat' dir='ltr'><strong>proderit,</strong></span> <span class='ocrx_word' id='word_1_770' title='bbox 3481 3729 3601 3784; x_wconf 68' lang='lat' dir='ltr'><strong>qum</strong></span> <span class='ocrx_word' id='word_1_771' title='bbox 3628 3729 3826 3770; x_wconf 87' lang='lat' dir='ltr'><strong>neces-</strong></span> 
     </span>
    </p>
   </div>
   <div class='ocr_carea' id='block_1_99' title="bbox 2230 3784 3826 3872">
    <p class='ocr_par' dir='ltr' id='par_1_99' title="bbox 2230 3784 3826 3872">
     <span class='ocr_line' id='line_1_100' title="bbox 2230 3784 3826 3872; baseline 0.008 -19"><span class='ocrx_word' id='word_1_772' title='bbox 2230 3800 2355 3853; x_wconf 87' lang='lat' dir='ltr'><strong>sarii</strong></span> <span class='ocrx_word' id='word_1_773' title='bbox 2382 3799 2468 3855; x_wconf 83' lang='lat' dir='ltr'><strong>sui</strong></span> <span class='ocrx_word' id='word_1_774' title='bbox 2492 3799 2729 3855; x_wconf 89' lang='lat' dir='ltr'><strong>instituta</strong></span> <span class='ocrx_word' id='word_1_775' title='bbox 2758 3815 2863 3856; x_wconf 88' lang='lat' dir='ltr'><strong>non</strong></span> <span class='ocrx_word' id='word_1_776' title='bbox 2892 3801 3111 3856; x_wconf 86' lang='lat' dir='ltr'><strong>damnat</strong></span> <span class='ocrx_word' id='word_1_777' title='bbox 3132 3784 3366 3872; x_wconf 83' lang='lat' dir='ltr'><strong>quidem,</strong></span> <span class='ocrx_word' id='word_1_778' title='bbox 3389 3805 3482 3860; x_wconf 89' lang='lat' dir='ltr'><strong>sed</strong></span> <span class='ocrx_word' id='word_1_779' title='bbox 3512 3817 3692 3861; x_wconf 88' lang='lat' dir='ltr'><strong>tamen</strong></span> <span class='ocrx_word' id='word_1_780' title='bbox 3720 3809 3826 3865; x_wconf 88' lang='lat' dir='ltr'><strong>sibi</strong></span> 
     </span>
    </p>
   </div>
   <div class='ocr_carea' id='block_1_100' title="bbox 2230 3890 3825 3965">
    <p class='ocr_par' dir='ltr' id='par_1_100' title="bbox 2230 3890 3825 3965">
     <span class='ocr_line' id='line_1_101' title="bbox 2230 3890 3825 3965; baseline 0.007 -22"><span class='ocrx_word' id='word_1_781' title='bbox 2230 3904 2295 3944; x_wconf 79' lang='lat' dir='ltr'><strong>ea</strong></span> <span class='ocrx_word' id='word_1_782' title='bbox 2337 3904 2442 3944; x_wconf 94' lang='lat' dir='ltr'><strong>non</strong></span> <span class='ocrx_word' id='word_1_783' title='bbox 2487 3890 2741 3960; x_wconf 88' lang='lat' dir='ltr'><strong>prodesse</strong></span> <span class='ocrx_word' id='word_1_784' title='bbox 2782 3892 3055 3961; x_wconf 89' lang='lat' dir='ltr'><strong>compulit.</strong></span> <span class='ocrx_word' id='word_1_785' title='bbox 3081 3892 3228 3948; x_wconf 84' lang='lat' dir='ltr'><strong>Sicut</strong></span> <span class='ocrx_word' id='word_1_786' title='bbox 3252 3910 3378 3965; x_wconf 79' lang='lat' dir='ltr'><strong>ergo</strong></span> <span class='ocrx_word' id='word_1_787' title='bbox 3409 3896 3459 3950; x_wconf 95' lang='lat' dir='ltr'><strong>in</strong></span> <span class='ocrx_word' id='word_1_788' title='bbox 3488 3911 3552 3951; x_wconf 91' lang='lat' dir='ltr'><strong>eo</strong></span> <span class='ocrx_word' id='word_1_789' title='bbox 3578 3896 3825 3965; x_wconf 85' lang='lat' dir='ltr'><strong>homine,</strong></span> 
     </span>
    </p>
   </div>
   <div class='ocr_carea' id='block_1_101' title="bbox 2230 3979 3826 4063">
    <p class='ocr_par' dir='ltr' id='par_1_101' title="bbox 2230 3979 3826 4063">
     <span class='ocr_line' id='line_1_102' title="bbox 2230 3979 3826 4063; baseline 0.008 -30"><span class='ocrx_word' id='word_1_790' title='bbox 2230 3979 2284 4034; x_wconf 89' lang='lat' dir='ltr'><strong>in</strong></span> <span class='ocrx_word' id='word_1_791' title='bbox 2314 3997 2419 4051; x_wconf 93' lang='lat' dir='ltr'><strong>quo</strong></span> <span class='ocrx_word' id='word_1_792' title='bbox 2446 3990 2528 4059; x_wconf 80' lang='lat' dir='ltr'><strong>est</strong></span> <span class='ocrx_word' id='word_1_793' title='bbox 2546 3982 2655 4051; x_wconf 88' lang='lat' dir='ltr'><strong>jam</strong></span> <span class='ocrx_word' id='word_1_794' title='bbox 2682 3983 2943 4055; x_wconf 74' lang='lat' dir='ltr'><strong>explicata</strong></span> <span class='ocrx_word' id='word_1_795' title='bbox 2972 3984 3211 4053; x_wconf 79' lang='lat' dir='ltr'><strong>libertas,</strong></span> <span class='ocrx_word' id='word_1_796' title='bbox 3240 4000 3359 4063; x_wconf 89' lang='lat' dir='ltr'><strong>cum</strong></span> <span class='ocrx_word' id='word_1_797' title='bbox 3393 3996 3595 4057; x_wconf 88' lang='lat' dir='ltr'><strong>peccat,</strong></span> <span class='ocrx_word' id='word_1_798' title='bbox 3619 3991 3826 4045; x_wconf 87' lang='lat' dir='ltr'><strong>malum</strong></span> 
     </span>
    </p>
   </div>
   <div class='ocr_carea' id='block_1_102' title="bbox 2230 4062 3829 4141">
    <p class='ocr_par' dir='ltr' id='par_1_102' title="bbox 2230 4062 3829 4141">
     <span class='ocr_line' id='line_1_103' title="bbox 2230 4062 3829 4141; baseline 0.006 -13"><span class='ocrx_word' id='word_1_799' title='bbox 2230 4074 2583 4141; x_wconf 82' lang='lat' dir='ltr'><strong>adscribimus</strong></span> <span class='ocrx_word' id='word_1_800' title='bbox 2606 4062 2881 4139; x_wconf 81' lang='lat' dir='ltr'><strong>voluntati.</strong></span> <span class='ocrx_word' id='word_1_801' title='bbox 2902 4086 3143 4141; x_wconf 88' lang='lat' dir='ltr'><strong>naturam</strong></span> <span class='ocrx_word' id='word_1_802' title='bbox 3166 4088 3343 4134; x_wconf 87' lang='lat' dir='ltr'><strong>autem</strong></span> <span class='ocrx_word' id='word_1_803' title='bbox 3363 4080 3471 4135; x_wconf 87' lang='lat' dir='ltr'><strong>Deo</strong></span> <span class='ocrx_word' id='word_1_804' title='bbox 3495 4080 3829 4137; x_wconf 82' lang='lat' dir='ltr'><strong>cOnditionis</strong></span> 
     </span>
    </p>
   </div>
   <div class='ocr_carea' id='block_1_103' title="bbox 2229 4166 3830 4241">
    <p class='ocr_par' dir='ltr' id='par_1_103' title="bbox 2229 4166 3830 4241">
     <span class='ocr_line' id='line_1_104' title="bbox 2229 4166 3830 4241; baseline 0.006 -22"><span class='ocrx_word' id='word_1_805' title='bbox 2229 4166 2435 4235; x_wconf 82' lang='lat' dir='ltr'><strong>auctori</strong></span> <span class='ocrx_word' id='word_1_806' title='bbox 2463 4183 2476 4219; x_wconf 91' lang='lat'>:</span> <span class='ocrx_word' id='word_1_807' title='bbox 2508 4167 2578 4220; x_wconf 92' lang='lat' dir='ltr'><strong>ita</strong></span> <span class='ocrx_word' id='word_1_808' title='bbox 2608 4168 2653 4221; x_wconf 92' lang='lat' dir='ltr'><strong>si</strong></span> <span class='ocrx_word' id='word_1_809' title='bbox 2681 4168 2954 4237; x_wconf 85' lang='lat' dir='ltr'><strong>parvulus,</strong></span> <span class='ocrx_word' id='word_1_810' title='bbox 2982 4170 3071 4238; x_wconf 93' lang='lat' dir='ltr'><strong>qni</strong></span> <span class='ocrx_word' id='word_1_811' title='bbox 3095 4169 3383 4241; x_wconf 85' lang='lat' dir='ltr'><strong>voluntatis</strong></span> <span class='ocrx_word' id='word_1_812' title='bbox 3410 4188 3561 4227; x_wconf 91' lang='lat' dir='ltr'><strong>usum</strong></span> <span class='ocrx_word' id='word_1_813' title='bbox 3589 4188 3698 4227; x_wconf 89' lang='lat' dir='ltr'><strong>non</strong></span> <span class='ocrx_word' id='word_1_814' title='bbox 3729 4174 3830 4229; x_wconf 55' lang='lat' dir='ltr'><strong>ba.</strong></span> 
     </span>
    </p>
   </div>
   <div class='ocr_carea' id='block_1_104' title="bbox 2228 4244 3825 4335">
    <p class='ocr_par' dir='ltr' id='par_1_104' title="bbox 2228 4244 3825 4335">
     <span class='ocr_line' id='line_1_105' title="bbox 2228 4244 3825 4335; baseline 0.002 -19"><span class='ocrx_word' id='word_1_815' title='bbox 2228 4257 2341 4323; x_wconf 77' lang='lat' dir='ltr'><strong>hct,</strong></span> <span class='ocrx_word' id='word_1_816' title='bbox 2370 4244 2490 4313; x_wconf 63' lang='lat' dir='ltr'><strong>ne!</strong></span> <span class='ocrx_word' id='word_1_817' title='bbox 2510 4258 2797 4329; x_wconf 83' lang='lat' dir='ltr'><strong>quidquam</strong></span> <span class='ocrx_word' id='word_1_818' title='bbox 2836 4260 3071 4335; x_wconf 83' lang='lat' dir='ltr'><strong>ostendit</strong></span> <span class='ocrx_word' id='word_1_819' title='bbox 3100 4273 3294 4330; x_wconf 66' lang='lat' dir='ltr'><strong>praeter</strong></span> <span class='ocrx_word' id='word_1_820' title='bbox 3323 4263 3558 4319; x_wconf 83' lang='lat' dir='ltr'><strong>instituta</strong></span> <span class='ocrx_word' id='word_1_821' title='bbox 3589 4274 3825 4333; x_wconf 75' lang='lat' dir='ltr'><strong>natnrze,</strong></span> 
     </span>
    </p>
   </div>
   <div class='ocr_carea' id='block_1_105' title="bbox 2230 4351 3827 4425">
    <p class='ocr_par' dir='ltr' id='par_1_105' title="bbox 2230 4351 3827 4425">
     <span class='ocr_line' id='line_1_106' title="bbox 2230 4351 3827 4425; baseline 0.005 -22"><span class='ocrx_word' id='word_1_822' title='bbox 2230 4352 2434 4411; x_wconf 81' lang='lat' dir='ltr'><strong>scelere</strong></span> <span class='ocrx_word' id='word_1_823' title='bbox 2472 4352 2663 4425; x_wconf 86' lang='lat' dir='ltr'><strong>plenus</strong></span> <span class='ocrx_word' id='word_1_824' title='bbox 2698 4366 2817 4407; x_wconf 88' lang='lat' dir='ltr'><strong>esse</strong></span> <span class='ocrx_word' id='word_1_825' title='bbox 2854 4351 3080 4424; x_wconf 84' lang='lat' dir='ltr'><strong>dicatur,</strong></span> <span class='ocrx_word' id='word_1_826' title='bbox 3122 4364 3281 4424; x_wconf 88' lang='lat' dir='ltr'><strong>atque</strong></span> <span class='ocrx_word' id='word_1_827' title='bbox 3324 4355 3522 4411; x_wconf 85' lang='lat' dir='ltr'><strong>habere</strong></span> <span class='ocrx_word' id='word_1_828' title='bbox 3559 4357 3762 4411; x_wconf 89' lang='lat' dir='ltr'><strong>malum</strong></span> <span class='ocrx_word' id='word_1_829' title='bbox 3794 4373 3827 4411; x_wconf 87' lang='lat' dir='ltr'><strong>a</strong></span> 
     </span>
    </p>
   </div>
   <div class='ocr_carea' id='block_1_106' title="bbox 2232 4441 3829 4517">
    <p class='ocr_par' dir='ltr' id='par_1_106' title="bbox 2232 4441 3829 4517">
     <span class='ocr_line' id='line_1_107' title="bbox 2232 4441 3829 4517; baseline 0.004 -20"><span class='ocrx_word' id='word_1_830' title='bbox 2232 4442 2555 4507; x_wconf 85' lang='lat' dir='ltr'><strong>necessario,</strong></span> <span class='ocrx_word' id='word_1_831' title='bbox 2588 4441 2727 4517; x_wconf 89' lang='lat' dir='ltr'><strong>quod</strong></span> <span class='ocrx_word' id='word_1_832' title='bbox 2771 4443 2908 4503; x_wconf 87' lang='lat' dir='ltr'><strong>alter</strong></span> <span class='ocrx_word' id='word_1_833' title='bbox 2934 4458 2963 4496; x_wconf 89' lang='lat' dir='ltr'><strong>a</strong></span> <span class='ocrx_word' id='word_1_834' title='bbox 2998 4444 3235 4512; x_wconf 88' lang='lat' dir='ltr'><strong>possibili</strong></span> <span class='ocrx_word' id='word_1_835' title='bbox 3277 4446 3455 4515; x_wconf 86' lang='lat' dir='ltr'><strong>capit;</strong></span> <span class='ocrx_word' id='word_1_836' title='bbox 3496 4447 3612 4502; x_wconf 91' lang='lat' dir='ltr'><strong>sine</strong></span> <span class='ocrx_word' id='word_1_837' title='bbox 3654 4448 3829 4504; x_wconf 88' lang='lat' dir='ltr'><strong>dubio</strong></span> 
     </span>
    </p>
   </div>
   <div class='ocr_carea' id='block_1_107' title="bbox 2232 4518 3634 4613">
    <p class='ocr_par' dir='ltr' id='par_1_107' title="bbox 2232 4518 3634 4613">
     <span class='ocr_line' id='line_1_108' title="bbox 2232 4518 3634 4613; baseline 0.003 -25"><span class='ocrx_word' id='word_1_838' title='bbox 2232 4534 2278 4599; x_wconf 89' lang='lat' dir='ltr'><strong>is</strong></span> <span class='ocrx_word' id='word_1_839' title='bbox 2304 4542 2489 4594; x_wconf 87' lang='lat' dir='ltr'><strong>auctor</strong></span> <span class='ocrx_word' id='word_1_840' title='bbox 2516 4534 2777 4599; x_wconf 88' lang='lat' dir='ltr'><strong>criminis,</strong></span> <span class='ocrx_word' id='word_1_841' title='bbox 2800 4518 2889 4603; x_wconf 87' lang='lat' dir='ltr'><strong>qui</strong></span> <span class='ocrx_word' id='word_1_842' title='bbox 2917 4544 3117 4613; x_wconf 67' lang='lat' dir='ltr'><strong>natura)</strong></span> <span class='ocrx_word' id='word_1_843' title='bbox 3142 4546 3346 4601; x_wconf 90' lang='lat' dir='ltr'><strong>auctor,</strong></span> <span class='ocrx_word' id='word_1_844' title='bbox 3377 4538 3634 4607; x_wconf 77' lang='lat' dir='ltr'><strong>arguitur.</strong></span> 
     </span>
    </p>
   </div>
   <div class='ocr_carea' id='block_1_108' title="bbox 2302 4616 3826 4701">
    <p class='ocr_par' dir='ltr' id='par_1_108' title="bbox 2302 4616 3826 4701">
     <span class='ocr_line' id='line_1_109' title="bbox 2302 4616 3826 4701; baseline 0.004 -22"><span class='ocrx_word' id='word_1_845' title='bbox 2302 4626 2439 4683; x_wconf 77' lang='lat' dir='ltr'><strong>Avo.</strong></span> <span class='ocrx_word' id='word_1_846' title='bbox 2483 4625 2711 4695; x_wconf 81' lang='lat' dir='ltr'><strong>[tegulas</strong></span> <span class='ocrx_word' id='word_1_847' title='bbox 2738 4636 2851 4680; x_wconf 82' lang='lat' dir='ltr'><strong>tuas</strong></span> <span class='ocrx_word' id='word_1_848' title='bbox 2876 4616 3067 4694; x_wconf 82' lang='lat' dir='ltr'><strong>aperte</strong></span> <span class='ocrx_word' id='word_1_849' title='bbox 3092 4628 3146 4681; x_wconf 90' lang='lat' dir='ltr'><strong>in</strong></span> <span class='ocrx_word' id='word_1_850' title='bbox 3178 4628 3463 4697; x_wconf 80' lang='lat' dir='ltr'><strong>majoribus</strong></span> <span class='ocrx_word' id='word_1_851' title='bbox 3490 4628 3789 4701; x_wconf 69' lang='lat' dir='ltr'><strong>frangimus</strong></span> <span class='ocrx_word' id='word_1_852' title='bbox 3810 4674 3826 4696; x_wconf 88' lang='lat'><strong>,</strong></span> 
     </span>
    </p>
   </div>
   <div class='ocr_carea' id='block_1_109' title="bbox 2232 4704 3830 4788">
    <p class='ocr_par' dir='ltr' id='par_1_109' title="bbox 2232 4704 3830 4788">
     <span class='ocr_line' id='line_1_110' title="bbox 2232 4704 3830 4788; baseline 0.003 -18"><span class='ocrx_word' id='word_1_853' title='bbox 2232 4724 2287 4770; x_wconf 92' lang='lat' dir='ltr'><strong>ut</strong></span> <span class='ocrx_word' id='word_1_854' title='bbox 2317 4731 2409 4770; x_wconf 88' lang='lat' dir='ltr'><strong>cas</strong></span> <span class='ocrx_word' id='word_1_855' title='bbox 2448 4716 2513 4771; x_wconf 87' lang='lat' dir='ltr'><strong>ad</strong></span> <span class='ocrx_word' id='word_1_856' title='bbox 2544 4716 2792 4785; x_wconf 79' lang='lat' dir='ltr'><strong>parvulos</strong></span> <span class='ocrx_word' id='word_1_857' title='bbox 2833 4714 3121 4771; x_wconf 85' lang='lat' dir='ltr'><strong>transferre</strong></span> <span class='ocrx_word' id='word_1_858' title='bbox 3151 4733 3257 4787; x_wconf 84' lang='lat' dir='ltr'><strong>non</strong></span> <span class='ocrx_word' id='word_1_859' title='bbox 3304 4704 3496 4788; x_wconf 87' lang='lat' dir='ltr'><strong>possis.</strong></span> <span class='ocrx_word' id='word_1_860' title='bbox 3542 4719 3657 4774; x_wconf 84' lang='lat' dir='ltr'><strong>Non</strong></span> <span class='ocrx_word' id='word_1_861' title='bbox 3706 4732 3830 4775; x_wconf 88' lang='lat' dir='ltr'><strong>erat</strong></span> 
     </span>
    </p>
   </div>
   <div class='ocr_carea' id='block_1_110' title="bbox 2231 4806 3830 4881">
    <p class='ocr_par' dir='ltr' id='par_1_110' title="bbox 2231 4806 3830 4881">
     <span class='ocr_line' id='line_1_111' title="bbox 2231 4806 3830 4881; baseline 0.004 -19"><span class='ocrx_word' id='word_1_862' title='bbox 2231 4808 2481 4879; x_wconf 81' lang='lat' dir='ltr'><strong>parvulus</strong></span> <span class='ocrx_word' id='word_1_863' title='bbox 2502 4808 2590 4878; x_wconf 91' lang='lat' dir='ltr'><strong>qui</strong></span> <span class='ocrx_word' id='word_1_864' title='bbox 2616 4807 2845 4874; x_wconf 86' lang='lat' dir='ltr'><strong>dicebat,</strong></span> <span class='ocrx_word' id='word_1_865' title='bbox 2877 4806 2995 4863; x_wconf 85' lang='lat' dir='ltr'><strong>Non</strong></span> <span class='ocrx_word' id='word_1_866' title='bbox 3018 4810 3151 4879; x_wconf 85' lang='lat' dir='ltr'><strong>quod</strong></span> <span class='ocrx_word' id='word_1_867' title='bbox 3176 4810 3308 4875; x_wconf 76' lang='lat' dir='ltr'><strong>volo,</strong></span> <span class='ocrx_word' id='word_1_868' title='bbox 3334 4813 3468 4881; x_wconf 79' lang='lat' dir='ltr'><strong>facio</strong></span> <span class='ocrx_word' id='word_1_869' title='bbox 3488 4813 3713 4877; x_wconf 84' lang='lat' dir='ltr'><strong>bonum;</strong></span> <span class='ocrx_word' id='word_1_870' title='bbox 3735 4816 3830 4868; x_wconf 70' lang='lat' dir='ltr'><strong>sed</strong></span> 
     </span>
    </p>
   </div>
   <div class='ocr_carea' id='block_1_111' title="bbox 2228 4899 3830 4979">
    <p class='ocr_par' dir='ltr' id='par_1_111' title="bbox 2228 4899 3830 4979">
     <span class='ocr_line' id='line_1_112' title="bbox 2228 4899 3830 4979; baseline 0.006 -27"><span class='ocrx_word' id='word_1_871' title='bbox 2228 4903 2364 4969; x_wconf 82' lang='lat' dir='ltr'><strong>quod</strong></span> <span class='ocrx_word' id='word_1_872' title='bbox 2388 4899 2505 4957; x_wconf 79' lang='lat' dir='ltr'><strong>uolo</strong></span> <span class='ocrx_word' id='word_1_873' title='bbox 2536 4900 2744 4967; x_wconf 84' lang='lat' dir='ltr'><strong>malum,</strong></span> <span class='ocrx_word' id='word_1_874' title='bbox 2774 4900 2868 4979; x_wconf 67' lang='lat' dir='ltr'><strong>hoc</strong></span> <span class='ocrx_word' id='word_1_875' title='bbox 2894 4917 3009 4971; x_wconf 79' lang='lat' dir='ltr'><strong>ago.</strong></span> <span class='ocrx_word' id='word_1_876' title='bbox 3037 4901 3149 4959; x_wconf 85' lang='lat' dir='ltr'><strong>Non</strong></span> <span class='ocrx_word' id='word_1_877' title='bbox 3176 4904 3222 4958; x_wconf 86' lang='lat' dir='ltr'><strong>ei</strong></span> <span class='ocrx_word' id='word_1_878' title='bbox 3255 4905 3617 4973; x_wconf 79' lang='lat' dir='ltr'><strong>possibilitatis</strong></span> <span class='ocrx_word' id='word_1_879' title='bbox 3644 4907 3830 4962; x_wconf 83' lang='lat' dir='ltr'><strong>inani-</strong></span> 
     </span>
    </p>
   </div>
   <div class='ocr_carea' id='block_1_112' title="bbox 2232 4982 3832 5071">
    <p class='ocr_par' dir='ltr' id='par_1_112' title="bbox 2232 4982 3832 5071">
     <span class='ocr_line' id='line_1_113' title="bbox 2232 4982 3832 5071; baseline 0.005 -24"><span class='ocrx_word' id='word_1_880' title='bbox 2232 5002 2332 5055; x_wconf 77' lang='lat' dir='ltr'><strong>tas.</strong></span> <span class='ocrx_word' id='word_1_881' title='bbox 2355 4993 2447 5047; x_wconf 87' lang='lat' dir='ltr'><strong>sed</strong></span> <span class='ocrx_word' id='word_1_882' title='bbox 2474 4982 2807 5059; x_wconf 81' lang='lat' dir='ltr'><strong>necessitatis</strong></span> <span class='ocrx_word' id='word_1_883' title='bbox 2836 4994 3007 5057; x_wconf 87' lang='lat' dir='ltr'><strong>inerat</strong></span> <span class='ocrx_word' id='word_1_884' title='bbox 3031 4996 3322 5071; x_wconf 83' lang='lat' dir='ltr'><strong>plenitudo,</strong></span> <span class='ocrx_word' id='word_1_885' title='bbox 3348 5008 3404 5052; x_wconf 90' lang='lat' dir='ltr'><strong>ut</strong></span> <span class='ocrx_word' id='word_1_886' title='bbox 3429 5009 3519 5053; x_wconf 91' lang='lat' dir='ltr'><strong>tuo</strong></span> <span class='ocrx_word' id='word_1_887' title='bbox 3539 4998 3607 5053; x_wconf 87' lang='lat' dir='ltr'><strong>de</strong></span> <span class='ocrx_word' id='word_1_888' title='bbox 3631 5001 3714 5055; x_wconf 79' lang='lat' dir='ltr'><strong>liis</strong></span> <span class='ocrx_word' id='word_1_889' title='bbox 3738 5019 3832 5055; x_wconf 79' lang='lat' dir='ltr'><strong>re-</strong></span> 
     </span>
    </p>
   </div>
   <div class='ocr_carea' id='block_1_113' title="bbox 2230 5086 3829 5162">
    <p class='ocr_par' dir='ltr' id='par_1_113' title="bbox 2230 5086 3829 5162">
     <span class='ocr_line' id='line_1_114' title="bbox 2230 5086 3829 5162; baseline 0.004 -21"><span class='ocrx_word' id='word_1_890' title='bbox 2230 5086 2329 5146; x_wconf 77' lang='lat' dir='ltr'><strong>bus</strong></span> <span class='ocrx_word' id='word_1_891' title='bbox 2349 5088 2625 5157; x_wconf 91' lang='lat' dir='ltr'><strong>loquamur</strong></span> <span class='ocrx_word' id='word_1_892' title='bbox 2650 5089 2808 5143; x_wconf 85' lang='lat' dir='ltr'><strong>modo</strong></span> <span class='ocrx_word' id='word_1_893' title='bbox 2839 5108 2852 5143; x_wconf 87' lang='lat'><strong>:</strong></span> <span class='ocrx_word' id='word_1_894' title='bbox 2885 5105 2991 5157; x_wconf 85' lang='lat' dir='ltr'><strong>non</strong></span> <span class='ocrx_word' id='word_1_895' title='bbox 3014 5101 3130 5146; x_wconf 89' lang='lat' dir='ltr'><strong>crat</strong></span> <span class='ocrx_word' id='word_1_896' title='bbox 3153 5107 3375 5147; x_wconf 90' lang='lat' dir='ltr'><strong>vacuum</strong></span> <span class='ocrx_word' id='word_1_897' title='bbox 3400 5092 3541 5162; x_wconf 91' lang='lat' dir='ltr'><strong>quod</strong></span> <span class='ocrx_word' id='word_1_898' title='bbox 3565 5105 3789 5162; x_wconf 83' lang='lat' dir='ltr'><strong>caperet</strong></span> <span class='ocrx_word' id='word_1_899' title='bbox 3812 5138 3829 5162; x_wconf 88' lang='lat'><strong>,</strong></span> 
     </span>
    </p>
   </div>
   <div class='ocr_carea' id='block_1_114' title="bbox 2230 5179 3835 5253">
    <p class='ocr_par' dir='ltr' id='par_1_114' title="bbox 2230 5179 3835 5253">
     <span class='ocr_line' id='line_1_115' title="bbox 2230 5179 3835 5253; baseline 0.002 -20"><span class='ocrx_word' id='word_1_900' title='bbox 2230 5179 2322 5233; x_wconf 84' lang='lat' dir='ltr'><strong>sed</strong></span> <span class='ocrx_word' id='word_1_901' title='bbox 2350 5185 2606 5235; x_wconf 87' lang='lat' dir='ltr'><strong>retertum</strong></span> <span class='ocrx_word' id='word_1_902' title='bbox 2637 5197 2743 5251; x_wconf 93' lang='lat' dir='ltr'><strong>quo</strong></span> <span class='ocrx_word' id='word_1_903' title='bbox 2776 5192 2991 5253; x_wconf 86' lang='lat' dir='ltr'><strong>ceperat</strong></span> <span class='ocrx_word' id='word_1_904' title='bbox 3021 5184 3235 5238; x_wconf 89' lang='lat' dir='ltr'><strong>malum.</strong></span> <span class='ocrx_word' id='word_1_905' title='bbox 3269 5184 3383 5240; x_wconf 82' lang='lat' dir='ltr'><strong>Non</strong></span> <span class='ocrx_word' id='word_1_906' title='bbox 3410 5185 3551 5240; x_wconf 90' lang='lat' dir='ltr'><strong>enim</strong></span> <span class='ocrx_word' id='word_1_907' title='bbox 3584 5186 3695 5251; x_wconf 90' lang='lat' dir='ltr'><strong>ait,</strong></span> <span class='ocrx_word' id='word_1_908' title='bbox 3724 5187 3835 5240; x_wconf 77' lang='lat' dir='ltr'><strong>Bu-</strong></span> 
     </span>
    </p>
   </div>
   <div class='ocr_carea' id='block_1_115' title="bbox 2230 5255 3835 5346">
    <p class='ocr_par' dir='ltr' id='par_1_115' title="bbox 2230 5272 3835 5346">
     <span class='ocr_line' id='line_1_116' title="bbox 2230 5272 3835 5346; baseline 0.005 -21"><span class='ocrx_word' id='word_1_909' title='bbox 2230 5287 2355 5326; x_wconf 93' lang='lat' dir='ltr'><strong>num</strong></span> <span class='ocrx_word' id='word_1_910' title='bbox 2378 5272 2683 5343; x_wconf 85' lang='lat' dir='ltr'><strong>malumque</strong></span> <span class='ocrx_word' id='word_1_911' title='bbox 2706 5289 2862 5343; x_wconf 82' lang='lat' dir='ltr'><strong>agere</strong></span> <span class='ocrx_word' id='word_1_912' title='bbox 2887 5290 3133 5346; x_wconf 85' lang='lat' dir='ltr'><strong>possum;</strong></span> <span class='ocrx_word' id='word_1_913' title='bbox 3164 5292 3283 5345; x_wconf 77' lang='lat' dir='ltr'><strong>qua:</strong></span> <span class='ocrx_word' id='word_1_914' title='bbox 3311 5278 3634 5342; x_wconf 86' lang='lat' dir='ltr'><strong>possibilitas</strong></span> <span class='ocrx_word' id='word_1_915' title='bbox 3666 5290 3835 5333; x_wconf 87' lang='lat' dir='ltr'><strong>natu-</strong></span> 
     </span>
    </p>
   </div>
   <div class='ocr_carea' id='block_1_116' title="bbox 2228 5365 3832 5437">
    <p class='ocr_par' dir='ltr' id='par_1_116' title="bbox 2228 5365 3832 5437">
     <span class='ocr_line' id='line_1_117' title="bbox 2228 5365 3832 5437; baseline 0.002 -15"><span class='ocrx_word' id='word_1_916' title='bbox 2228 5380 2303 5422; x_wconf 76' lang='lat' dir='ltr'><strong>ra:</strong></span> <span class='ocrx_word' id='word_1_917' title='bbox 2331 5365 2574 5421; x_wconf 85' lang='lat' dir='ltr'><strong>humanae</strong></span> <span class='ocrx_word' id='word_1_918' title='bbox 2600 5367 2798 5421; x_wconf 87' lang='lat' dir='ltr'><strong>malum</strong></span> <span class='ocrx_word' id='word_1_919' title='bbox 2826 5384 2931 5421; x_wconf 90' lang='lat' dir='ltr'><strong>non</strong></span> <span class='ocrx_word' id='word_1_920' title='bbox 2961 5367 3078 5435; x_wconf 90' lang='lat' dir='ltr'><strong>fuit,</strong></span> <span class='ocrx_word' id='word_1_921' title='bbox 3112 5385 3209 5423; x_wconf 87' lang='lat' dir='ltr'><strong>nec</strong></span> <span class='ocrx_word' id='word_1_922' title='bbox 3235 5370 3522 5427; x_wconf 69' lang='lat' dir='ltr'><strong>volonuitis</strong></span> <span class='ocrx_word' id='word_1_923' title='bbox 3552 5388 3564 5423; x_wconf 90' lang='lat'>:</span> <span class='ocrx_word' id='word_1_924' title='bbox 3598 5370 3695 5425; x_wconf 85' lang='lat' dir='ltr'><strong>sed</strong></span> <span class='ocrx_word' id='word_1_925' title='bbox 3728 5371 3832 5437; x_wconf 88' lang='lat' dir='ltr'><strong>ait,</strong></span> 
     </span>
    </p>
   </div>
   <div class='ocr_carea' id='block_1_117' title="bbox 2230 5455 3837 5534">
    <p class='ocr_par' dir='ltr' id='par_1_117' title="bbox 2230 5455 3837 5534">
     <span class='ocr_line' id='line_1_118' title="bbox 2230 5455 3837 5534; baseline 0.004 -23"><span class='ocrx_word' id='word_1_926' title='bbox 2230 5455 2352 5513; x_wconf 84' lang='lat' dir='ltr'><strong>Non</strong></span> <span class='ocrx_word' id='word_1_927' title='bbox 2378 5459 2511 5528; x_wconf 80' lang='lat' dir='ltr'><strong>quod</strong></span> <span class='ocrx_word' id='word_1_928' title='bbox 2538 5458 2681 5534; x_wconf 68' lang='lat' dir='ltr'><strong>volo,</strong></span> <span class='ocrx_word' id='word_1_929' title='bbox 2717 5460 2847 5531; x_wconf 82' lang='lat' dir='ltr'><strong>facio</strong></span> <span class='ocrx_word' id='word_1_930' title='bbox 2877 5460 3080 5522; x_wconf 78' lang='lat' dir='ltr'><strong>bonum.</strong></span> <span class='ocrx_word' id='word_1_931' title='bbox 3125 5461 3232 5516; x_wconf 78' lang='lat' dir='ltr'><strong>Nec</strong></span> <span class='ocrx_word' id='word_1_932' title='bbox 3272 5472 3509 5525; x_wconf 86' lang='lat' dir='ltr'><strong>tantum;</strong></span> <span class='ocrx_word' id='word_1_933' title='bbox 3556 5477 3746 5517; x_wconf 81' lang='lat' dir='ltr'><strong>verum</strong></span> <span class='ocrx_word' id='word_1_934' title='bbox 3776 5474 3837 5519; x_wconf 90' lang='lat' dir='ltr'><strong>et</strong></span> 
     </span>
    </p>
   </div>
   <div class='ocr_carea' id='block_1_118' title="bbox 2229 5550 3833 5631">
    <p class='ocr_par' dir='ltr' id='par_1_118' title="bbox 2229 5550 3833 5631">
     <span class='ocr_line' id='line_1_119' title="bbox 2229 5550 3833 5631; baseline 0.006 -27"><span class='ocrx_word' id='word_1_935' title='bbox 2229 5550 2465 5618; x_wconf 87' lang='lat' dir='ltr'><strong>addidit,</strong></span> <span class='ocrx_word' id='word_1_936' title='bbox 2494 5554 2581 5613; x_wconf 80' lang='lat' dir='ltr'><strong>sed</strong></span> <span class='ocrx_word' id='word_1_937' title='bbox 2607 5553 2743 5624; x_wconf 75' lang='lat' dir='ltr'><strong>quod</strong></span> <span class='ocrx_word' id='word_1_938' title='bbox 2768 5556 2885 5608; x_wconf 82' lang='lat' dir='ltr'><strong>uolo</strong></span> <span class='ocrx_word' id='word_1_939' title='bbox 2913 5554 3122 5621; x_wconf 77' lang='lat' dir='ltr'><strong>malum,</strong></span> <span class='ocrx_word' id='word_1_940' title='bbox 3157 5557 3251 5609; x_wconf 80' lang='lat' dir='ltr'><strong>hoc</strong></span> <span class='ocrx_word' id='word_1_941' title='bbox 3275 5574 3391 5626; x_wconf 85' lang='lat' dir='ltr'><strong>ago.</strong></span> <span class='ocrx_word' id='word_1_942' title='bbox 3428 5557 3565 5612; x_wconf 83' lang='lat' dir='ltr'><strong>Ecce</strong></span> <span class='ocrx_word' id='word_1_943' title='bbox 3591 5568 3646 5613; x_wconf 82' lang='lat' dir='ltr'><strong>et</strong></span> <span class='ocrx_word' id='word_1_944' title='bbox 3682 5559 3833 5631; x_wconf 73' lang='lat' dir='ltr'><strong>quod</strong></span> 
     </span>
    </p>
   </div>
   <div class='ocr_carea' id='block_1_119' title="bbox 2230 5646 3830 5721">
    <p class='ocr_par' dir='ltr' id='par_1_119' title="bbox 2230 5646 3830 5721">
     <span class='ocr_line' id='line_1_120' title="bbox 2230 5646 3830 5721; baseline 0.001 -20"><span class='ocrx_word' id='word_1_945' title='bbox 2230 5660 2334 5701; x_wconf 94' lang='lat' dir='ltr'><strong>nou</strong></span> <span class='ocrx_word' id='word_1_946' title='bbox 2366 5647 2473 5717; x_wconf 85' lang='lat' dir='ltr'><strong>agit</strong></span> <span class='ocrx_word' id='word_1_947' title='bbox 2504 5646 2725 5721; x_wconf 82' lang='lat' dir='ltr'><strong>bonum,</strong></span> <span class='ocrx_word' id='word_1_948' title='bbox 2750 5657 2803 5701; x_wconf 91' lang='lat' dir='ltr'><strong>ct</strong></span> <span class='ocrx_word' id='word_1_949' title='bbox 2830 5648 2973 5717; x_wconf 86' lang='lat' dir='ltr'><strong>quod</strong></span> <span class='ocrx_word' id='word_1_950' title='bbox 3000 5648 3103 5719; x_wconf 73' lang='lat' dir='ltr'><strong>agit</strong></span> <span class='ocrx_word' id='word_1_951' title='bbox 3137 5649 3331 5704; x_wconf 89' lang='lat' dir='ltr'><strong>malum</strong></span> <span class='ocrx_word' id='word_1_952' title='bbox 3360 5691 3373 5716; x_wconf 90' lang='lat'><strong>,</strong></span> <span class='ocrx_word' id='word_1_953' title='bbox 3420 5665 3523 5703; x_wconf 88' lang='lat' dir='ltr'><strong>non</strong></span> <span class='ocrx_word' id='word_1_954' title='bbox 3555 5651 3830 5720; x_wconf 84' lang='lat' dir='ltr'><strong>possibili,</strong></span> 
     </span>
    </p>
   </div>
   <div class='ocr_carea' id='block_1_120' title="bbox 2301 5822 3089 5884">
    <p class='ocr_par' dir='ltr' id='par_1_120' title="bbox 2301 5822 3089 5884">
     <span class='ocr_line' id='line_1_121' title="bbox 2301 5822 3089 5884; baseline 0.004 -13"><span class='ocrx_word' id='word_1_955' title='bbox 2301 5824 2312 5853; x_wconf 84' lang='lat'>&#39;</span> <span class='ocrx_word' id='word_1_956' title='bbox 2352 5829 2412 5871; x_wconf 83' lang='lat' dir='ltr'><strong>Ex</strong></span> <span class='ocrx_word' id='word_1_957' title='bbox 2442 5830 2540 5871; x_wconf 78' lang='lat' dir='ltr'><strong>\tss.</strong></span> <span class='ocrx_word' id='word_1_958' title='bbox 2569 5824 2869 5875; x_wconf 74' lang='lat' dir='ltr'><strong>rcstituimus</strong></span> <span class='ocrx_word' id='word_1_959' title='bbox 2889 5857 2903 5884; x_wconf 85' lang='lat'><strong>,</strong></span> <span class='ocrx_word' id='word_1_960' title='bbox 2926 5822 3089 5874; x_wconf 66' lang='grc' dir='ltr'><strong>ωαιυδ.</strong></span> 
     </span>
    </p>
   </div>
  </div>
