3962 6508
139 433 268 490 “95

136 557 190 603 ut
211 546 325 615 ipse
344 539 643 608 constituis,
665 538 764 598 sed
787 543 844 592 ut
869 535 957 590 ille
981 529 1179 604 patitur
1203 539 1257 586 et
1278 529 1490 593 fatetur,
1520 541 1707 590 neces-

137 638 396 709 sariosuo
421 633 618 694 debet:
647 631 888 687 infirmus
922 625 1136 696 quidem
1161 621 1230 677 ad
1255 619 1574 676 auferendas
1615 616 1713 671 mi-

138 700 301 784 serias
329 700 456 781 suas
473 766 489 792 .
516 722 610 779 sed
648 722 802 792 plane
831 716 1164 773 firmissimus
1189 711 1410 767 malleus
1433 709 1500 764 ad
1528 717 1713 776 οοιιιβ·

139 818 332 886 rendas
362 815 572 884 regulas
597 820 820 867 vestras.
855 807 977 863 Vult
999 815 1053 861 ct
1079 820 1184 859 non
1219 801 1330 872 agit
1353 799 1493 870 quod
1519 798 1718 856 bonum

141 920 238 973 est,
261 923 372 964 non
393 906 501 972 vult
523 914 576 960 et
594 903 703 976 agit
723 898 864 972 quod
888 897 1083 974 malum
1104 903 1222 962 est:
1248 892 1386 957 unde
1409 891 1507 946 ista
1528 904 1718 946 neces-

142 999 308 1056 sitas?
337 979 646 1069 Agnoscunt
677 1009 796 1054 eam
822 991 1035 1063 quidem
1063 985 1309 1043 catholici
1335 984 1602 1049 doctores,
1630 980 1722 1050 qui

143 1090 363 1146 Paulqu
386 1086 680 1158 apostolum
707 1083 1007 1155 intelligunt
1031 1078 1192 1137 etiam
1212 1075 1279 1142 de
1301 1089 1359 1132 se
1380 1074 1493 1144 ipso
1519 1073 1616 1126 ista
1641 1071 1723 1126 ιιι-

143 1190 388 1246 centeni,
419 1158 472 1233 et
500 1193 567 1233 ex
608 1177 725 1248 lege
769 1164 992 1244 quaem
1026 1168 1278 1225 membris
1323 1171 1580 1237 repugnat
1621 1163 1725 1234 legi

144 1273 378 1336 mentis,
425 1271 541 1324 sine
574 1285 676 1339 qua
724 1265 898 1320 nullus
945 1262 1216 1318 hominum
1262 1253 1725 1322 nascitur,venirc

144 1379 247 1420 non
279 1362 555 1427 dubitant;
587 1367 640 1413 rt
671 1357 789 1412 ideo
825 1355 928 1426 diei
968 1362 1022 1409 et
1059 1368 1094 1428 a
1121 1349 1319 1405 sanctis
1355 1347 1571 1413 vident,
1606 1343 1726 1400 Non

146 1457 276 1528 quod
320 1454 472 1519 volo,
519 1433 651 1525 facio
693 1451 912 1514 bonum;
943 1448 1030 1502 sed
1072 1444 1207 1518 quod
1235 1443 1352 1499 nolo
1377 1442 1586 1506 malum,
1633 1439 1727 1496 hoc

146 1565 239 1618 ago
261 1563 281 1602 :
310 1547 434 1617 quia
465 1545 641 1600 vident
670 1550 924 1612 quantum
968 1539 1163 1594 bonum
1194 1537 1264 1591 sit
1287 1548 1387 1590 nec
1410 1547 1572 1588 carne
1594 1545 1727 1586 con-

147 1637 428 1707 cupiscere
445 1677 460 1701 ,
487 1651 606 1706 qum
634 1641 810 1706 mente
845 1637 1154 1703 aversantur
1172 1627 1187 1658 ί
1211 1641 1234 1696 ;~
1257 1621 1533 1695 eosqueid
1560 1621 1692 1684 velle
1709 1660 1735 1696 ,η

147 1746 242 1804 nec
269 1727 451 1791 facere
479 1745 492 1780 :
524 1725 791 1792 etmalum
817 1719 1236 1800 csse,quamvis
1258 1723 1434 1772 mente
1469 1729 1575 1774 non
1603 1727 1729 1768 con-

147 1820 434 1882 sentiente,
464 1816 548 1871 vel
577 1829 739 1870 carne
760 1823 935 1868 tamen
960 1810 1080 1865 talia
1101 1807 1510 1878 concupiscere;
1531 1816 1732 1873 eosque

149 1910 194 1965 id
224 1910 394 1973 nolle,
422 1907 515 1962 sed
547 1907 740 1969 facere,
763 1905 878 1958 sine
900 1902 1004 1957 ulla
1025 1899 1236 1971 quidem
1263 1894 1730 1960 eondemnationc,

147 2001 400 2072 quoniam
428 1997 628 2070 peccati
659 1995 815 2066 hujus
838 2004 982 2047 reatu
1011 1989 1408 2063 regenerationc
1429 1987 1624 2052 deleto,
1647 1999 1734 2044 res

149 2091 344 2157 sistunt
366 2099 565 2165 mente,
598 2103 664 2151 ne
688 2085 967 2158 perficiant
986 2081 1124 2154 quod
1145 2080 1525 2150 concupiscunt
1549 2092 1737 2149 carne;

148 2182 238 2238 sed
269 2197 379 2236 non
425 2181 541 2235 sine
581 2194 676 2232 suo
719 2178 895 2248 aliquo
938 2174 1114 2239 male,
1158 2171 1282 2244 quia
1311 2186 1421 2232 non,
1453 2169 1533 2224 eis
1559 2169 1734 2224 aliena

153 2274 468 2348 commixta,
486 2271 580 2327 sed
599 2286 782 2326 eorum
812 2278 997 2323 natura
1022 2274 1174 2321 estet
1199 2265 1252 2319 in
1275 2271 1452 2319 mente
1471 2261 1590 2317 etin
1616 2275 1734 2316 car-

149 2381 232 2430 ne.
266 2365 423 2420 Ilunc
451 2378 664 2418 sensum
701 2362 841 2432 pium
869 2370 920 2414 et
952 2374 1132 2414 vermn
1159 2365 1342 2410 contra
1364 2363 1590 2408 vestram
1619 2367 1738 2407 sus-

149 2465 360 2527 ceptam
407 2469 512 2509 non
554 2454 714 2508 vultis
751 2450 1059 2515 admittere;
1090 2447 1237 2520 quasi
1267 2452 1548 2516 propterea
1574 2442 1736 2499 facia-

151 2549 237 2614 t3s,
267 2556 326 2600 ut
354 2545 408 2600 in
424 2544 625 2616 judicio
644 2559 750 2614 quo
770 2535 1072 2597 defenditur
1091 2556 1120 2592 a
1142 2539 1313 2604 vobis,
1341 2553 1446 2592 non
1472 2537 1644 2590 solum
1667 2535 1736 2592 de

149 2637 366 2706 litteris,
397 2651 581 2690 verum
607 2635 766 2708 etiam
806 2633 872 2704 de
904 2630 1332 2702 ipsishotninum
1378 2627 1614 2702 moribus
1638 2642 1734 2708 ge-

150 2728 478 2797 mitibusque
503 2735 842 2800 sanctorum,
873 2723 1000 2778 nihil
1029 2721 1283 2784 adversus
1314 2734 1431 2789 eam
1461 2707 1736 2788 recitetur,

151 2819 463 2874 nolentibus
488 2819 674 2884 vobis;
706 2826 758 2872 et
784 2823 925 2870 tanta
950 2815 1186 2868 veritatis
1212 2812 1633 2867 manifestatione
1652 2826 1738 2866 rc-

149 2914 370 2980 citetur,
397 2921 583 2983 utnon
611 2910 932 2983 eloquentia,
957 2907 1049 2976 sed
1073 2907 1187 2962 sola
1211 2905 1532 2977 impudentia
1559 2911 1734 2972 vestra

147 3014 448 3072 remaneat,
479 3019 580 3074 qua
605 3004 744 3058 illam
776 3016 880 3056 nou
910 3000 1122 3070 possitis
1143 2997 1449 3073 defendere,
1478 2995 1574 3052 sed
1603 2996 1734 3052 veli-

151 3098 240 3152 tis.
264 3097 402 3165 Quid
430 3096 571 3151 enim
596 3095 768 3166 agitis,
800 3093 939 3164 quod
969 3107 1054 3152 res
1075 3099 1286 3161 apertas
1309 3089 1532 3156 turbida:
1553 3089 1738 3160 loqua-

148 3191 329 3245 citatis
358 3199 670 3264 tempestate
691 3187 932 3260 nubilare
951 3185 1212 3252 conamini
1235 3185 1257 3238 ?
1277 3183 1482 3239 Clamat
1506 3183 1738 3253 Aposto-

150 3282 258 3346 lus,
291 3280 412 3335 Non
443 3280 577 3351 quod
605 3280 748 3347 volo,
773 3280 904 3350 facio
939 3279 1157 3342 bonum;
1187 3275 1274 3330 scd
1310 3274 1444 3346 quod
1478 3275 1594 3329 nolo
1623 3291 1738 3329 ma-

151 3374 290 3437 lum,
321 3372 417 3425 Iwc
461 3389 578 3443 ago.
607 3369 810 3426 Clamat
845 3352 1024 3425 etiam,
1047 3369 1291 3438 superius
1320 3384 1334 3423 :
1359 3366 1480 3420 Jam
1513 3382 1612 3421 non
1645 3383 1742 3438 ego

151 3482 337 3534 operor
381 3463 510 3516 illud
533 3506 547 3527 ,
577 3462 664 3515 sed
700 3461 834 3533 quod
865 3461 1053 3534 habitat
1097 3461 1149 3513 in
1191 3475 1269 3512 me
1307 3468 1565 3531 peccatum
1586 3457 1736 3531 ;_scio

151 3557 288 3608 enim
318 3555 439 3625 quia
467 3571 566 3607 non
596 3552 783 3609 habitat
800 3552 859 3608 ,in
895 3567 1001 3617 me,
1035 3550 1218 3616 Itocxest
1240 3551 1291 3603 in
1313 3565 1420 3614 mea
1449 3566 1620 3615 carne,
1647 3549 1738 3604 bo-

152 3662 276 3697 num
312 3643 493 3715 (Rom.
525 3661 616 3710 vn,
649 3643 858 3713 17-19).
889 3641 1024 3708 Quid
1055 3641 1320 3717 est,qnod
1346 3641 1462 3696 nolo
1487 3641 1659 3710 facio?
1685 3648 1741 3697 et

149 3735 282 3808 quid
306 3746 427 3802 est,
457 3754 557 3807 non
587 3753 675 3808 ego
700 3735 918 3807 aperor?
943 3734 1078 3804 Quid
1110 3743 1223 3800 est,
1256 3733 1358 3788 nisi
1384 3734 1521 3804 quod
1547 3749 1739 3790 conse-

149 3836 386 3897 quenter
410 3827 664 3900 θη)οηίιῖ
693 3826 928 3882 Dicendo
947 3812 1032 3898 qui
1042 3841 1162 3897 ppc,
1185 3825 1318 3897 quod
1344 3825 1460 3888 nolo
1488 3826 1656 3897 facio;
1681 3841 1742 3890 se

152 3917 339 3972 facere
370 3917 644 3989 ostendit:
674 3927 727 3972 et
753 3931 940 3991 rursus
969 3915 1194 3971 dicendo
1214 3957 1230 3981 ,
1271 3931 1369 3968 non
1400 3932 1489 3987 ego
1523 3932 1741 3986 operor;

149 4025 262 4064 non
301 4020 536 4065 mentem
578 4009 1020 4076 consentientem,
1053 4007 1147 4063 sed
1175 4023 1390 4062 carnem
1422 4023 1574 4062 suam
1603 4023 1736 4062 con-

150 4101 524 4170 cupiscentem
551 4100 600 4156 id
629 4099 802 4155 facere
824 4099 1058 4166 ostendit
1085 4117 1100 4154 :
1133 4096 1560 4168 concupiscendo
1589 4098 1742 4168 quip.

151 4206 223 4258 pe
253 4205 384 4244 caro
410 4192 538 4261 agit,
565 4189 753 4264 etsiad
774 4205 1090 4245 consensum
1115 4197 1345 4243 mentem
1369 4204 1475 4254 non
1502 4189 1739 4255 attrahit.

151 4279 394 4351 Propter
418 4280 523 4336 hoc
546 4280 954 4360 adjttngit,‘Scio
982 4281 1098 4350 quia
1131 4296 1228 4342 non
1252 4280 1440 4334 habitat
1460 4281 1644 4334 iit-nne.
1678 4280 1756 4345 Et,

148 4387 440 4442 exponens,
467 4373 590 4443 quid
619 4372 762 4427 dicat
788 4372 841 4428 in
875 4387 961 4428 nte
985 4390 998 4427 :
1026 4372 1120 4425 hoc
1149 4381 1251 4442 est,
1280 4373 1476 4442 inquit,
1512 4372 1566 4426 in
1594 4388 1746 4427 carne

149 4481 291 4529 mea,
324 4463 534 4519 bonum.
568 4463 762 4540 Verum
792 4464 899 4519 sint
924 4464 1038 4518 ista:
1065 4478 1372 4541 voces,'non
1401 4465 1662 4538 Apostoli,
1687 4474 1744 4520 ut

150 4557 344 4622 vultis,
378 4553 472 4609 sed
497 4554 780 4624 cujuslibet
819 4553 1046 4615 hominis
1078 4555 1213 4608 mala
1244 4570 1338 4613 sua
1365 4541 1743 4624 consuetudine

150 4645 503 4717 prmgravati,
535 4660 691 4715 quam
708 4645 976 4701 voluntate
994 4659 1096 4698 non
1115 4652 1289 4720 potest
1305 4645 1516 4699 vincere
1535 4661 1547 4696 :
1569 4660 1744 4712 nonne

147 4751 207 4795 et
236 4740 363 4794 haec
401 4747 509 4792 tam
538 4737 754 4792 robusta
775 4745 891 4804 est,
930 4745 990 4799 ut
1017 4735 1500 4807 argumentationes
1539 4744 1744 4800 vestras

146 4831 221 4886 de
245 4829 488 4901 possibili
515 4835 571 4883 et
595 4827 896 4884 necessario
919 4835 1166 4897 tanquam
1191 4827 1416 4896 pueriles
1437 4835 1492 4881 et
1512 4826 1743 4884 ludicras

147 4921 387 4976 tabellas
412 4919 604 4974 robore
623 4933 721 4974 suo
751 4918 956 4988 frangat
977 4927 1029 4973 et
1053 4916 1328 4975 conterat?
1352 4915 1610 4986 Quoniam
1637 4927 1739 4984 est,

140 5014 297 5085 quod
329 5029 440 5067 non
468 5011 648 5074 vultis,
671 5027 775 5065 non
804 5010 973 5066 solum
1006 5009 1359 5066 voluntarium
1385 5019 1542 5079 atque
1571 5011 1745 5080 pUSs‘l-

144 5107 284 5172 bile,
309 5103 458 5159 unde
478 5103 701 5157 liberum
731 5109 813 5158 est
837 5101 1135 5165 abstinere;
1162 5116 1345 5156 verum
1368 5101 1527 5160 etiam
1556 5117 1744 5168 ncces-

139 5196 362 5249 sarium
404 5201 715 5264 peccatum,
747 5191 891 5247 unde
931 5191 1196 5262 abstinere
1223 5191 1445 5245 lihcrum
1490 5209 1594 5247 non
1625 5201 1742 5260 est,

138 5284 301 5355 quod
324 5284 441 5354 jam
471 5299 574 5338 non
606 5282 775 5338 solum
807 5291 1097 5353 peccatum,
1129 5281 1225 5352 sed.
1242 5283 1400 5339 etiam
1433 5298 1584 5354 pqana
1618 5301 1758 5352 pec:

123 5391 195 5428 ca
219 5375 260 5430 ti
289 5383 395 5429 est.
418 5373 529 5429 Nec
554 5373 829 5429 attendere
853 5373 1034 5440 vultis,
1058 5373 1197 5442 quod
1222 5373 1270 5426 in
1297 5390 1610 5444 unoquoque
1631 5377 1744 5447 agi-

128 5478 234 5520 tur
272 5482 376 5538 per
404 5465 710 5520 violentiam
753 5464 1152 5520 consuetudinis
1183 5462 1202 5536 (
1224 5481 1381 5534 quam
1407 5465 1618 5536 quidam
1645 5467 1745 5521 du-

119 5559 207 5612 cti
245 5558 504 5613 dixerunt
522 5571 642 5611 esse
667 5555 954 5610 secundam
978 5566 1218 5608 naturam
1241 5554 1284 5628 ),
1310 5556 1410 5614 hoc
1429 5568 1602 5612 actum
1626 5574 1752 5622 este.

125 5665 245 5722 per
283 5650 591 5706 violentiam
623 5650 884 5720 panalem
907 5650 1098 5710 summi
1124 5651 1262 5704 illius
1285 5651 1608 5723 n'iaxiinique
1623 5667 1742 5721 pce-

215 5833 237 5862 ι
279 5837 431 5888 vetus
452 5829 608 5880 codex
631 5836 779 5891 Fort...
800 5828 946 5883 urenti
963 5829 1292 5887 adversantur.

1469 410 1665 468 LIBER
1705 406 2018 476 QUINTUS.

3256 409 3392 464 ΝΜ

1821 522 1922 577 cati
1969 521 2118 592 primi
2158 520 2387 576 hominis
2426 520 2478 574 in
2519 521 2766 577 oninihus
2795 523 2880 592 qui
2921 531 3077 578 erant
3118 521 3170 577 iu
3198 521 3393 579 lumbis

1822 612 1958 682 ejus,
1991 628 2086 682 per
2113 613 2228 682 ejus
2253 612 2740 682 concupiscentiam
2766 613 3025 680 exorturi,
3045 628 3168 669 cum
3195 629 3398 685 propa-

1823 716 2036 778 garetur
2060 708 2347 772 humanum
2370 721 2534 778 genus
2550 748 2565 772 ,
2586 721 2746 776 quam
2764 707 3246 776 concupiscentiam
3268 722 3398 778 pec-

1826 797 2055 851 cautium
2080 796 2252 866 pudor
2271 798 2478 866 operuit
2502 798 2555 852 in
2587 797 2803 866 regione
2830 795 3149 852 lumborum.

1898 888 2009 954 LX.
2048 889 2167 950 .1υι..
2209 889 2312 946 Sed
2341 890 2466 960 quid
2499 905 2593 945 nos
2623 889 2688 944 ad
2717 890 2998 960 parvulos;
3028 905 3149 945 cum
3179 892 3404 961 qmcstio

1829 977 2246 1039 Manichaeorum
2267 996 2368 1041 nec
2391 980 2636 1050 perfecta:
2660 981 2832 1038 aetatis
2853 980 3119 1036 hominem
3145 981 3286 1037 dicat
3311 997 3406 1038 vo-

1830 1068 2032 1125 luntate
2059 1073 2314 1141 peccare?
2358 1071 2487 1126 Nam
2515 1072 2560 1128 si
2588 1071 2710 1128 ideo
2731 1080 2976 1131 exortum
3001 1080 3084 1129 est
3108 1073 3162 1135 in
3191 1072 3408 1137 homine

1830 1163 2048 1227 malum,
2080 1165 2200 1235 quia
2248 1164 2314 1222 de
2356 1165 2521 1221 nihilo
2541 1164 2711 1228 factus
2753 1175 2886 1232 erat,
2930 1181 2961 1221 a
2988 1168 3288 1223 necessario
3309 1182 3408 1223 au-

1833 1260 1938 1310 tem
1977 1253 2163 1316 habuit
2199 1254 2358 1312 homo
2383 1266 2439 1312 ut
2455 1257 2524 1314 de
2565 1257 2731 1313 nihilo
2760 1257 2944 1324 fieret;
2971 1258 3089 1314 sine
3106 1257 3270 1316 dubio
3289 1273 3411 1312 ma-

1833 1345 1940 1402 ltun
1969 1362 2072 1414 non
2116 1364 2145 1402 a
2190 1348 2450 1417 possibili,
2497 1348 2590 1404 sed
2617 1365 2647 1403 a
2677 1350 2979 1406 necessario
3005 1348 3222 1419 recepit.
3256 1348 3409 1417 Quod

1832 1439 1956 1508 quia
1997 1438 2149 1509 longa
2180 1438 2538 1509 disputatione
2565 1440 2892 1496 destructum
2935 1448 3048 1508 est;
3076 1441 3264 1497 adhuc.
3291 1457 3408 1496 tuo.

1834 1531 2007 1588 dicunt
2033 1572 2051 1598 ,
2079 1548 2184 1602 quo
2208 1533 2375 1603 magis
2423 1547 2487 1590 ac
2524 1533 2698 1605 magis
2717 1533 2994 1590 iteratione
3038 1533 3287 1598 lucescat,
3317 1547 3412 1590 su-

1834 1640 1930 1704 per
1971 1625 2071 1680 hoc
2113 1625 2302 1687 eodem
2346 1625 2693 1682 disseramus.
2718 1626 2929 1696 Qua-ris
2959 1642 3088 1697 ergo
3115 1626 3255 1682 unde
3298 1626 3412 1696 ipsa

1834 1718 2080 1774 voluntas
2095 1719 2233 1773 mala
2255 1718 2308 1772 in
2331 1717 2502 1789 primo
2520 1719 2735 1774 homine
2759 1719 3040 1774 exstiterit.
3063 1717 3408 1787 [lt-spondeo,

1837 1807 1915 1864 De
1943 1817 2087 1863 motu
2127 1808 2326 1874 animi,
2353 1816 2577 1885 cogente
2607 1808 2774 1862 nullo.
2807 1808 3014 1876 Quaeris
3039 1817 3094 1864 et
3131 1807 3272 1872 unde
3301 1807 3416 1877 ipse

1838 1907 2033 1956 motus.
2061 1899 2401 1971 R‘eSpondeo,
2425 1900 2561 1968 Quid
2581 1900 2847 1970 requiris?
2870 1900 3007 1956 unde
3027 1915 3146 1957 esse
3163 1899 3413 1971 potuerit,

1836 2003 1904 2043 an
1935 1989 2074 2050 unde
2101 2004 2220 2044 esse
2251 1991 2557 2059 compulsus
2583 1991 2686 2044 sit?
2713 1989 2767 2045 Si
2796 1989 2962 2057 dicas,
2990 1989 3131 2061 quod
3157 1989 3418 2060 scripsisti

1837 2094 2069 2151 quoque,
2097 2078 2248 2137 Unde
2271 2094 2390 2136 esse
2409 2081 2719 2149 compulsus
2745 2090 2825 2136 est
2847 2097 2860 2133 :
2885 2080 3110 2136 referam
3139 2089 3189 2135 te
3213 2091 3420 2152 asysta-

1840 2180 1891 2228 ta
1912 2182 1966 2229 et
1993 2174 2258 2228 contraria
2288 2172 2451 2244 loqui.
2471 2171 2678 2242 Quaeris
2697 2173 2837 2228 enim
2859 2172 2978 2244 quis
2998 2173 3253 2242 coegerit.
3275 2171 3416 2243 quod

1811 2325 1814 2327 Α
1839 2279 1958 2321 esse
1997 2279 2101 2318 non
2131 2264 2329 2335 possit,
2365 2263 2467 2318 nisi
2495 2273 2721 2334 cogente
2751 2264 2896 2320 nullo
2929 2281 2945 2319 :
2976 2263 3116 2334 quod
3145 2265 3266 2334 quia
3305 2264 3418 2336 ipsa

1839 2354 1920 2410 sui
1951 2355 2325 2410 contrarietate
2348 2355 2673 2421 dissolvitur,
2705 2355 2836 2410 nihil
2871 2354 3030 2411 habet
3054 2355 3244 2410 virium
3265 2370 3415 2425 quaso

1839 2447 1960 2513 stio,
1993 2463 2110 2518 quae
2137 2447 2375 2502 ordinem
2407 2463 2510 2502 non
2541 2447 2720 2502 habet.
2755 2447 2915 2518 Igitur
2957 2447 3298 2503 stolidissime
3339 2447 3393 2502 in

1841 2547 2116 2610 terrogas,
2145 2540 2284 2596 unde
2323 2541 2436 2611 ipsa
2473 2541 2717 2596 voluntas
2758 2541 2916 2595 mala.
2961 2540 3072 2595 lloc
3109 2541 3252 2597 enim
3278 2538 3420 2611 quod

1840 2629 2218 2708 d_icis,_‘Unde,
2249 2646 2354 2692 non
2381 2632 2716 2702 occasionem
2742 2672 2758 2699 ,
2788 2630 2881 2686 sed
2911 2631 3169 2701 originem
3199 2629 3335 2700 ejus,
3368 2630 3421 2684 id

1840 2733 1944 2791 est,
1974 2731 2214 2778 naturam
2259 2724 2486 2795 requiris
2523 2741 2538 2779 :
2569 2733 2623 2778 at
2651 2724 2701 2778 id
2723 2765 2737 2792 ,
2767 2724 2904 2779 sicut
2941 2739 3100 2794 supra
3141 2732 3424 2779 tractatum

1840 2825 1942 2879 est,
1971 2816 2016 2870 si
2057 2825 2298 2872 naturam
2324 2818 2535 2888 accipit,
2578 2817 2940 2873 definitionem
2971 2817 3053 2873 sui
3087 2816 3284 2889 perdit,
3314 2831 3434 2888 qua,

1841 2907 2042 2970 dictum
2068 2917 2170 2976 est,
2222 2928 2242 2963 ι
2269 2919 2500 2982 cogente
2522 2910 2701 2979 nullo;
2734 2929 2768 2970 ι,
2801 2910 2845 2965 si
2889 2924 3016 2972 vero
3057 2909 3423 2966 definitionem

1843 3002 2402 3080 tenet,pratjudicium
2429 3003 2719 3058 nativitatis
2743 3002 2993 3058 excludit.
3015 3001 3132 3058 Non
3157 3002 3276 3058 ideo
3295 3017 3424 3070 ergo

1843 3095 2078 3163 peccavit
2102 3095 2281 3163 homo,
2301 3095 2422 3166 quia
2447 3096 2514 3151 de
2535 3096 2699 3150 nihilo
2721 3095 2890 3178 factus
2907 3104 3007 3162 est,
3032 3110 3136 3150 non
3159 3094 3279 3151 ideo
3297 3096 3423 3166 quia

1841 3200 1870 3239 a
1901 3187 2007 3240 Deo
2034 3187 2202 3242 factus
2221 3195 2323 3253 est,
2353 3202 2456 3242 non
2486 3186 2605 3242 ideo
2629 3188 2749 3258 quia
2771 3186 2839 3242 de
2862 3187 3092 3242 tenebris
3117 3185 3286 3242 factus
3313 3197 3420 3251 est,

1843 3294 1948 3332 non
1980 3278 2098 3334 ideo
2125 3280 2247 3350 quia
2273 3279 2426 3334 liberi
2453 3279 2655 3334 arbitrii
2684 3278 2853 3333 factus
2881 3286 2999 3332 est:
3031 3277 3125 3332 sed
3150 3276 3272 3333 ideo
3299 3291 3426 3348 pec-

1843 3369 2001 3436 cavit,
2029 3369 2150 3439 quia
2179 3368 2380 3436 voluit;
2409 3369 2462 3426 id
2489 3378 2592 3437 est,
2621 3369 2740 3425 ideo
2761 3368 2943 3424 habuit
2962 3368 3284 3425 voluntatem
3311 3382 3426 3422 ma-

1843 3461 1970 3523 lam,
1999 3462 2122 3532 quia
2147 3462 2330 3516 voluit.

1915 3553 2051 3608 Anc.
2087 3551 2228 3618 Nos,
2259 3552 2343 3606 vel
2379 3551 2698 3622 potiusipsa
2742 3551 2951 3607 Veritas
2975 3550 3134 3616 dicit,
3166 3548 3421 3624 perfectae

1845 3644 2017 3700 tetatis
2046 3642 2292 3698 homines
2319 3643 2576 3714 quosdam
2600 3643 2889 3709 voluntate,
2911 3641 3169 3712 quosdam
3191 3641 3426 3698 necessi-

1845 3743 1988 3800 tate,
2018 3736 2102 3789 vel
2143 3734 2360 3792 eosdem
2392 3736 2533 3806 ipsos
2574 3735 2628 3790 in
2668 3733 2981 3806 quihusdam
3012 3734 3282 3788 voluntate
3304 3774 3326 3800 ,
3370 3733 3426 3787 i

1847 3828 2159 3898 quibusdam
2188 3827 2505 3883 necessitate
2544 3842 2704 3897 agere
2737 3826 2954 3880 malum.
2985 3824 3136 3894 Quod
3162 3825 3206 3880 si
3233 3825 3426 3880 falsum

1849 3929 2034 3988 putas;
2059 3919 2206 3974 illum
2226 3919 2406 3989 aspice
2434 3919 2774 3984 clamantem,
2807 3915 2930 3972 Non
2956 3917 3091 3986 quod
3125 3916 3258 3979 volo,
3290 3914 3428 3985 facio

1847 4009 2028 4069 bonum
2044 4028 2064 4077 ,'
2089 4012 2177 4066 sed
2215 4011 2350 4083 quod
2371 4012 2487 4066 nolo
2514 4010 2724 4076 malum,
2753 4010 2846 4063 hac
2867 4026 2983 4080 ago.
3017 4008 3118 4077 Qui
3148 4009 3240 4064 tibi
3268 4009 3430 4064 toties

1848 4103 1899 4158 in
1938 4103 2128 4158 faciem
2161 4102 2550 4173 retorquendus
2580 4110 2660 4157 est
2679 4143 2696 4169 ,
2727 4102 2940 4172 quoties
2966 4100 3151 4156 dicens
3181 4101 3312 4166 ista,
3341 4099 3432 4156 vel

1849 4211 1953 4254 non
1985 4194 2166 4254 videre
2203 4203 2254 4249 te
2297 4195 2450 4264 lingis
2486 4194 2676 4258 istum,
2705 4193 2791 4249 Vel
2832 4192 3059 4248 fortasse
3105 4207 3212 4246 non
3255 4191 3427 4247 vides.

1848 4285 1986 4352 Quid
2009 4295 2060 4341 te
2083 4285 2436 4342 anfractuosis
2466 4284 2690 4339 involvis
2715 4283 3060 4354 ambagibus?
3085 4282 3199 4338 Non
3225 4283 3318 4338 tibi
3346 4282 3434 4337 di-

1849 4379 2007 4444 citur,
2036 4378 2419 4434 Necessitatem
2463 4375 2755 4444 peccandi‘
2791 4376 2973 4432 habuit
3000 4374 3182 4439 homo,
3209 4374 3330 4444 quia
3361 4373 3432 4428 de

1850 4470 2016 4524 nihilo
2045 4470 2212 4526 factus
2237 4478 2321 4526 est
2361 4487 2374 4522 :
2427 4469 2520 4524 sed
2554 4480 2605 4524 ιιι
2649 4469 2744 4523 tibi
2775 4469 2874 4525 hoc
2898 4466 3055 4522 dicis.
3100 4465 3324 4520 Prorsus
3353 4463 3430 4518 ita

1851 4566 2017 4630 factus
2044 4574 2159 4630 est,
2202 4573 2260 4618 ut
2293 4562 2542 4634 peccandi
2594 4561 2995 4632 possibilitatem
3027 4556 3246 4612 haberet
3268 4571 3298 4610 a
3329 4570 3428 4611 ne-

1849 4656 2104 4724 cessario,
2131 4663 2403 4724 peccatum
2430 4669 2556 4708 vero
2583 4668 2610 4705 a
2638 4650 2908 4722 possibili.-
2927 4649 3298 4704 Verumtamen
3328 4660 3432 4702 nec

1850 4745 2017 4819 ipsam
2047 4745 2298 4816 peccandi
2328 4745 2734 4815 possibilitatem
2763 4742 3005 4810 haberet,
3036 4741 3082 4797 si
3113 4740 3209 4796 Dei
3238 4747 3432 4796 natura

1851 4845 1995 4894 esset
2032 4855 2045 4890 :
2093 4837 2439 4900 immutabilis
2473 4837 2614 4892 enim
2647 4836 2883 4906 profecto
2911 4842 3084 4896 esset.
3128 4842 3182 4888 et
3207 4847 3432 4903 peccare

1851 4945 1955 4984 non
1984 4937 2183 4998 posset.
2207 4928 2320 4982 Non
2349 4929 2506 4999 igitur
2533 4927 2650 4981 ideo
2678 4925 2935 4998 peccavit,
2963 4926 3057 4982 sed
3086 4925 3206 4981 ideo
3241 4940 3435 4996 pecca-

1851 5036 1909 5074 re
1933 5019 2122 5089 potuit,
2145 5020 2265 5090 quia
2295 5021 2361 5074 de
2391 5019 2559 5073 nihilo
2588 5018 2754 5073 factus
2783 5025 2885 5074 est.
2919 5016 3062 5073 Inter
3086 5017 3349 5082 Peccavit,
3375 5025 3434 5071 et

1852 5111 2082 5165 Pcccare
2111 5111 2300 5179 potuit,
2342 5109 2625 5180 plurimum
2651 5109 2814 5163 distat
2845 5125 2858 5162 :
2895 5107 2985 5162 illa
3013 5107 3168 5179 culpa
3198 5118 3301 5172 est,
3331 5108 3431 5161 ista

1853 5214 2059 5266 natura.
2092 5200 2202 5268 Nec
2232 5215 2390 5256 omne
2417 5200 2554 5270 quod
2583 5200 2648 5253 de
2671 5199 2836 5254 nihilo
2863 5199 3057 5254 factum
3082 5206 3180 5258 est.
3208 5210 3433 5268 peccare

1853 5293 2052 5363 potuit;
2094 5310 2200 5353 non
2233 5291 2374 5346 enim
2405 5292 2545 5361 ligna
2576 5301 2631 5346 et
2661 5290 2864 5363 lapides
2902 5303 3124 5362 peccare
3163 5296 3386 5360 possunt
3414 5305 3430 5342 :

1852 5385 1946 5440 sed
1980 5396 2159 5450 utinen
2184 5395 2369 5438 natura
2398 5400 2514 5454 qum
2538 5399 2766 5456 peccare
2797 5384 2983 5454 potuit,
3011 5383 3078 5439 de
3106 5381 3275 5436 nihilo
3296 5381 3431 5434 facta

1850 5485 1951 5534 est.
1995 5476 2102 5530 Nec
2141 5491 2386 5547 magnum
2430 5486 2512 5530 est
2553 5490 2769 5544 prcuire
2798 5491 2900 5529 non
2933 5487 3086 5543 posse
3129 5490 3140 5528 :
3187 5471 3281 5527 sed
3313 5486 3428 5526 ma-

1852 5586 2012 5640 gnum
2053 5578 2132 5627 est
2161 5583 2281 5622 cum
2327 5569 2654 5624 beatitudine
2682 5581 2904 5638 peccare
2933 5581 3039 5618 non
3074 5578 3248 5634 posse.
3281 5562 3434 5616 Sicut

1854 5675 1958 5717 non
1988 5669 2070 5713 est
2091 5674 2360 5728 magnum,
2385 5673 2504 5713 esse
2530 5658 2779 5712 miserum
2808 5672 2910 5709 non
2941 5668 3131 5724 posse;
3161 5652 3281 5722 quia
3311 5667 3431 5706 om-

1803 5768 1828 5784 ‘
1919 5772 1933 5802 ί
1975 5778 2022 5818 ιιι
2048 5778 2176 5830 Μεε.,
2202 5769 2405 5834 peccati.
2445 5771 2617 5819 Fadem
2643 5771 2688 5819 in
2711 5770 2737 5830 ιι
2756 5769 2824 5816 sis
2843 5768 2986 5817 editis
3007 5764 3156 5817 lectio
3181 5772 3256 5816 est
3277 5765 3402 5815 lnfra
3418 5797 3438 5826 ,

1857 5845 1958 5892 cap.
1985 5834 2060 5881 (il.
