3962 6486
510 415 649 475 Ηῡὸ

508 531 597 587 nia
626 544 747 602 qua
774 543 873 589 ncc
896 509 1275 587 beatitudinem
1315 528 1559 597 capiunt,
1592 526 1787 581 misera
1829 539 1950 580 esse
1988 538 2096 583 non

513 630 777 694 possunt:
808 622 902 677 sed
944 637 1191 691 magnum
1227 630 1310 675 est
1337 620 1406 673 ita
1435 619 1641 674 beatam
1673 630 1792 671 esse
1817 625 2058 671 naturam
2081 656 2096 681 ,

513 722 576 770 ut
602 717 795 773 misera
835 729 958 770 esse
983 731 1088 769 non
1118 714 1307 785 possit.
1339 712 1493 780 Quod
1532 709 1632 766 etsi
1675 708 1845 778 majus
1871 716 1972 775 est,
2002 722 2102 762 nec

512 804 645 860 illud
671 819 891 874 parvum
919 811 1023 872 est,
1053 806 1103 859 in
1132 819 1194 859 ea
1228 803 1552 858 beatitudine
1576 799 1843 855 conditam
1870 799 2100 854 hominis

513 907 639 950 esse
667 903 941 963 naturam,
982 896 1105 949 utsi
1133 895 1330 961 vellet,
1368 901 1548 964 posset
1583 906 1703 945 esse
1748 908 1851 943 non
1881 892 2101 945 misera.

515 985 607 1041 Sic
626 996 805 1041 autem
826 985 1078 1041 dicuntur
1102 987 1280 1040 omnia
1308 984 1443 1038 facta
1470 982 1539 1037 de
1568 982 1732 1036 nihilo
1750 1021 1766 1047 ,
1798 980 1851 1035 id
1889 989 2006 1045 est,
2035 994 2102 1034 ex

516 1073 605 1130 Itis
633 1091 754 1146 quae
782 1075 929 1131 nulla
951 1075 1160 1143 erant‘,
1189 1084 1248 1130 ut
1267 1074 1643 1143 intelligamus,
1674 1070 1928 1142 quidquid
1950 1086 2015 1126 ex
2038 1083 2104 1142 eo

515 1167 716 1224 factum
746 1178 830 1226 est
854 1169 998 1240 quod
1024 1169 1136 1241 jam
1162 1178 1298 1233 erat,
1341 1167 1407 1224 ad
1433 1167 1693 1237 originem
1726 1166 1951 1241 primam
1982 1178 2105 1221 esse

515 1259 882 1317 referendum.
913 1262 988 1317 De
1017 1270 1157 1316 terra
1183 1260 1324 1316 enim
1345 1274 1503 1325 caro;
1530 1259 1622 1315 sed
1652 1246 1792 1314 terra
1819 1258 1887 1313 de
1915 1257 2107 1336 nihilo._

521 1353 615 1409 Sic
640 1354 782 1408 enim
812 1354 1040 1410 dicimus
1084 1355 1243 1409 etiam
1289 1368 1479 1409 omnes
1520 1352 1767 1429 homines
1805 1367 1925 1409 esse
1968 1352 2108 1408 lilios

525 1443 722 1507 Adam,
748 1459 869 1500 cum
898 1445 1060 1515 patris
1079 1444 1160 1500 sui
1181 1444 1406 1516 quisque
1425 1444 1495 1500 sit
1517 1445 1677 1499 ﬁlius.
1699 1443 1884 1500 Omnia
1905 1450 2105 1512 tamen,

524 1550 647 1607 qua:
672 1536 807 1592 facta
837 1544 980 1605 sunt,
1011 1530 1286 1593 mutabilia
1314 1547 1471 1604 sunt,
1505 1538 1626 1609 quia
1668 1537 1735 1594 de
1776 1538 1942 1593 nihilo
1973 1537 2108 1595 facta

523 1636 672 1695 sunt,
700 1628 752 1684 id
796 1636 898 1697 est,
931 1644 1036 1684 non
1067 1627 1312 1695 luerunt,
1357 1638 1412 1687 et
1441 1629 1557 1686 Deo
1584 1630 1812 1688 faciente
1853 1640 2009 1698 sunt,
2054 1638 2112 1688 et

524 1717 666 1776 bona
692 1727 855 1776 sunt:
884 1734 916 1775 a
940 1719 1087 1776 bono
1123 1720 1269 1776 enim
1302 1720 1436 1777 facta
1466 1728 1625 1788 sunt;
1653 1707 1760 1801 nec
1778 1724 1999 1778 omnino
2022 1738 2113 1779 es-

527 1821 648 1867 sent
678 1812 950 1869 mutabilia
976 1813 1119 1869 bona
1142 1813 1282 1881 ulla,
1311 1814 1364 1870 in
1390 1809 1647 1885 quantum
1677 1826 1820 1879 sunt,
1847 1816 1946 1871 nisi
1967 1824 2114 1873 esset

525 1916 559 1958 a
597 1917 706 1974 quo
740 1912 1084 1972 crearentur,
1129 1904 1461 1961 immutabile
1506 1905 1723 1961 bonum.
1768 1906 1901 1961 Mala
1954 1906 2115 1979 igitur

525 1994 726 2061 omnia,
755 2010 877 2066 quae
914 1994 1047 2051 nihil
1076 2006 1202 2052 sunt
1230 1995 1374 2052 aliud
1405 1988 1562 2068 quam
1594 1997 1922 2068 privationes
1947 1999 2115 2056 bono-

525 2100 671 2154 rum,
695 2101 763 2142 ex
790 2088 955 2143 bonis
979 2094 1107 2144 orta
1133 2096 1292 2155 sunt,
1320 2088 1414 2145 sed
1438 2090 1788 2146 mutabilibus
1819 2106 1834 2143 :
1866 2100 1921 2146 et
1948 2106 2113 2162 ange-

524 2178 639 2235 lum
676 2180 873 2251 quippe
913 2188 968 2237 et
994 2180 1264 2237 hominem
1286 2224 1302 2249 ,
1330 2197 1396 2238 ex
1437 2182 1630 2252 quibus
1659 2190 1773 2238 orta
1813 2191 1940 2238 sunt
1975 2184 2115 2240 mala

528 2271 673 2344 (qua:
698 2281 874 2328 tamen
896 2279 952 2328 et
976 2288 1079 2329 non
1107 2273 1235 2330 oriri
1259 2273 1576 2345 potuissent,
1597 2275 1644 2329 si
1670 2273 1747 2329 illi
1774 2289 1999 2345 peccare
2022 2291 2117 2332 no-

530 2364 780 2431 inissent,
811 2365 936 2437 quia
964 2373 1021 2422 et
1049 2367 1193 2423 nolle
1221 2366 1564 2444 potuerunt),
1592 2376 1811 2437 naturas
1835 2367 2003 2424 bonas
2027 2383 2116 2425 re-

530 2462 640 2523 cte,
679 2455 1036 2511 immutabiles
1074 2466 1254 2513 autem
1292 2472 1397 2512 non
1432 2465 1578 2513 recte
1602 2472 1887 2529 possumus
1915 2459 2115 2515 dicere.

531 2546 674 2603 Deus
698 2562 827 2603 vero
854 2556 960 2602 tam
988 2546 1159 2603 bonus
1183 2556 1284 2614 est.
1316 2557 1373 2604 ut
1400 2549 1555 2605 malis
1580 2546 1795 2622 quoque
1821 2559 1999 2620 utatur
2027 2537 2121 2619 be-

532 2654 625 2706 ne,
656 2654 775 2709 qua:
819 2638 1173 2712 Omnipotens
1210 2656 1331 2697 esse
1369 2657 1476 2697 non
1507 2641 1743 2715 sineret,
1775 2643 1820 2698 si
1862 2644 1942 2700 eis
1980 2644 2123 2703 bene

531 2728 613 2785 uti
643 2744 850 2786 summa
877 2744 972 2786 sua
1001 2730 1240 2809 bonitate
1285 2747 1393 2809 non
1432 2734 1617 2804 posset
1646 2751 1661 2788 :
1693 2742 1748 2796 et
1774 2718 1919 2791 hinc
1944 2716 2119 2809 potius

533 2819 804 2891 impotens
844 2833 1127 2895 appareret
1161 2808 1217 2880 et
1263 2808 1441 2880 minus
1490 2825 1684 2893 bonus,
1733 2841 1842 2882 non
1890 2808 2119 2895 valendo

534 2913 678 2974 bene
703 2914 777 2969 uti
806 2915 967 2971 etiam
1000 2916 1161 2971 malo.
1192 2917 1423 2973 Proinde
1463 2926 1517 2973 tu
1543 2933 1739 2990 negare
1768 2906 1873 2975 non
1901 2918 2117 2991 sineris,

533 3018 659 3062 cum
680 3005 768 3076 qui
789 3004 937 3074 dicit,
964 3006 1113 3074 Quod
1130 3008 1249 3063 nolo
1270 3008 1481 3077 malum,
1509 3010 1605 3065 hoc
1624 3027 1742 3083 ago,
1763 3025 1793 3066 a
1818 2990 2123 3069 necessarid

526 3097 641 3179 jam
665 3097 863 3154 malum
890 3100 1202 3170 sumpsisse,
1235 3115 1338 3156 non
1364 3116 1393 3155 a
1423 3101 1685 3179 possibili.
1709 3101 1822 3158 Non
1846 3102 2022 3175 igitur,
2063 3113 2121 3161 ut

533 3176 690 3256 dicis,
728 3206 748 3242 ι
776 3189 951 3245 omnis
974 3190 1115 3245 actio
1143 3191 1264 3247 mali
1289 3204 1395 3246 non
1416 3176 1448 3246 a
1473 3192 1796 3262 necessario,
1821 3193 1914 3249 sed
1943 3210 1973 3249 a
1998 3209 2123 3265 pos-

532 3280 673 3338 sibili
702 3295 719 3334 :
756 3298 779 3335 ι
825 3297 1011 3338 verum
1050 3282 1307 3338 nonnulla
1336 3290 1391 3338 et
1428 3297 1458 3337 a
1497 3264 1802 3362 necessario
1837 3264 2122 3357 reperitur.

534 3369 671 3429 Vide
695 3385 841 3429 nunc
865 3381 926 3429 ut
954 3380 1042 3429 tua
1071 3362 1393 3430 machinatio
1435 3360 1542 3430 tam
1588 3360 1858 3432 elaborata
1888 3377 2126 3454 collapsa

533 3461 625 3518 sit.
655 3461 761 3519 Sed
789 3464 1049 3535 qumrenti
1076 3464 1217 3522 unde
1253 3465 1499 3521 voluntas
1524 3465 1662 3522 mala
1692 3468 1746 3522 ln
1772 3466 1988 3525 homine
2015 3467 2125 3540 pri-

533 3570 629 3618 mo
653 3556 935 3622 exstiterit,
966 3557 1172 3614 cautius
1192 3558 1517 3629 respondere
1547 3566 1600 3615 te
1622 3567 1795 3630 putas,
1827 3577 1847 3611 ι
1881 3559 1956 3616 De
1974 3568 2122 3617 motu

534 3647 723 3716 animi,
747 3657 970 3720 cogente
998 3650 1146 3705 nullo
1173 3666 1187 3704 :
1218 3668 1238 3703 ι
1268 3637 1418 3722 quasi
1442 3665 1548 3706 non
1574 3651 1732 3707 citius
1751 3659 1805 3708 et
1825 3652 2124 3724 expeditius

534 3738 913 3812 responderes,
946 3740 1022 3796 De
1059 3740 1277 3799 homine
1306 3742 1442 3815 ipso.
1473 3741 1600 3797 Illud
1626 3743 1821 3815 quippe
1861 3744 2001 3815 quod
2028 3728 2127 3802 ad.

535 3830 699 3901 ditur,
736 3852 756 3887 ε
789 3843 1012 3906 cogente
1052 3835 1219 3904 nullo,
1251 3854 1271 3889 ο
1323 3834 1482 3892 etiam
1512 3833 1601 3894 hic
1627 3837 1748 3893 addi
1774 3852 1805 3894 a
1834 3846 1885 3895 te
1912 3839 2120 3910 potuit,

537 3926 824 3982 resistente
853 3927 945 3983 tibi
981 3927 1149 3984 nullo.
1173 3928 1301 3998 Quis
1330 3929 1473 3985 enim
1511 3929 1611 4003 tibi
1630 3931 1904 3987 resisteret
1926 3931 2125 3989 dicenti

535 4031 664 4072 vera
684 4057 701 4084 ,
731 4018 777 4073 si
803 4008 1045 4087 diceres,
1086 4006 1224 4075 Mala
1260 4020 1505 4077 voluntas
1534 4020 1586 4076 in
1617 4020 1832 4078 homine
1856 4023 2030 4096 primo
2056 4023 2126 4081 de

538 4105 757 4162 homine
782 4108 898 4178 ipso
922 4109 1125 4164 exstitit
1146 4119 1369 4180 cogente
1394 4111 1539 4167 nullo
1557 4112 1583 4168 ‘l
1603 4111 1756 4171 Nunc
1775 4104 1902 4170 vero
1930 4115 2125 4183 timens

538 4198 758 4270 culpare
784 4200 1326 4272 naturam,’tanqua‘m
1351 4200 1478 4258 hinc
1501 4202 1555 4257 in
1582 4202 1699 4273 ejus
1722 4212 1993 4276 auctorem
2019 4190 2129 4273 ulla

539 4299 786 4348 recurrat
815 4290 1033 4363 injuria,
1057 4299 1113 4347 et
1141 4278 1280 4364 quod
1308 4292 1397 4348 diu
1425 4294 1699 4363 volebas",
1742 4294 2027 4367 aliquando
2047 4296 2129 4353 di-

539 4382 690 4465 xisti,
717 4390 771 4438 et
794 4396 825 4438 a
850 4391 1038 4439 natura
1067 4398 1174 4440 non
1204 4384 1493 4465 recessisti.
1525 4385 1749 4443 Animus
1775 4402 2004 4460 namque
2033 4404 2128 4444 na—

538 4464 658 4543 tura
684 4482 767 4530 est
797 4490 812 4529 :
843 4483 899 4531 et
927 4489 992 4531 ea
1016 4474 1266 4546 quidem’
1292 4464 1347 4532 in
1382 4474 1614 4533 hominis
1642 4476 1974 4535 institutione
2001 4493 2126 4536 cor-

535 4579 669 4636 pore
709 4567 935 4636 melior,
975 4566 1044 4624 de
1080 4567 1233 4640 cujus
1259 4576 1441 4635 motu,
1471 4577 1695 4641 cogente
1738 4570 1903 4640 nullo,
1930 4572 2122 4628 malam

537 4657 869 4715 voluntatem
910 4659 1178 4715 exstitisse
1199 4658 1402 4715 dixisti.
1449 4648 1685 4737 Videsne
1733 4677 1839 4717 non
1889 4663 2127 4734 potuisse

540 4750 645 4806 nisi
672 4750 917 4808 alicunde
939 4752 1192 4818 existere,
1216 4752 1358 4823 quod
1386 4768 1583 4824 negare
1611 4769 1715 4809 non
1743 4740 1955 4823 sineris,
1977 4765 2130 4812 antc-

540 4854 703 4913 quam
729 4842 1002 4909 existeret,
1031 4856 1136 4898 non
1180 4842 1388 4899 fuisse?
1425 4843 1568 4915 Quid
1592 4854 1769 4900 autem
1799 4859 1934 4916 opus
1959 4855 2043 4903 est
2067 4857 2128 4905 ut

540 4942 813 5006 quaeratur
838 4931 981 4988 unde
1006 4933 1169 4989 animi
1206 4942 1406 5000 motus,
1436 4918 1558 4990 eum
1585 4935 1716 4990 satis
1740 4946 1994 5007 appareat
2018 4953 2124 4995 non

540 5024 782 5097 potuisse
821 5022 983 5079 animi
1008 5033 1211 5083 motum
1242 5025 1341 5080 nisi
1368 5025 1436 5081 de
1471 5025 1653 5079 animo
1679 5026 1943 5083 existere?
1972 5026 2132 5101 Quod

540 5120 586 5175 sl
614 5115 1070 5190 impudentissime
1089 5126 1249 5189 atque
1275 5117 1626 5174 insulsissime
1648 5133 1834 5190 negas,
1861 5119 2035 5189 adhuc
2057 5137 2125 5192 cx

542 5221 595 5266 te
625 5209 904 5281 quaeritur,
928 5209 1068 5263 unde
1087 5208 1352 5264 exstiterit
1372 5210 1422 5264 in
1447 5208 1663 5265 homine
1688 5209 1861 5280 primo
1879 5197 2128 5270 voluntas

542 5302 682 5356 mala
713 5316 726 5355 :
759 5314 861 5355 nec
892 5298 1003 5370 jam
1030 5299 1355 5369 permitteris
1377 5297 1579 5374 dicere,
1612 5317 1632 5354 ι
1664 5300 1741 5357 De
1766 5310 1911 5358 motu
1937 5305 2121 5374 animi,

540 5400 765 5464 cogente
785 5390 965 5455 nullo;
992 5408 1013 5443 ι
1043 5388 1167 5460 quia
1188 5388 1304 5459 ipse
1328 5390 1492 5445 animi
1517 5400 1690 5447 motus
1709 5402 1933 5463 cogente
1955 5394 2122 5461 nttllo,

539 5487 786 5540 voluntas
829 5492 939 5539 est.
976 5482 1330 5553 Quapropter,
1364 5481 1466 5537 hoc
1508 5492 1593 5538 est
1632 5482 1839 5549 dicere,
1868 5485 2125 5544 Voluntas

539 5575 736 5632 exstitit
765 5574 833 5632 de
858 5573 1020 5629 animi
1045 5583 1214 5641 tnotu,
1245 5572 1385 5645 quod
1413 5572 1712 5641 estdicere,
1743 5575 1916 5639 Animi
1949 5585 2124 5633 metus

603 5754 621 5803 l
653 5753 727 5803 Sic
747 5757 856 5801 uss.
879 5748 997 5801 ιζ(ιίιὶ
1020 5755 1184 5800 autem
1198 5785 1214 5810 ,
1237 5760 1348 5810 qm:
1369 5749 1431 5800 de
1451 5748 1582 5800 nullo
1598 5755 1751 5803 erant.

603 5815 622 5845 ι
661 5821 808 5862 Vetus
827 5812 981 5863 codex
1007 5819 1151 5869 Port.,
1176 5810 1387 5862 nolebas.

604 5876 627 5928 ὶ
656 5876 728 5923 sic
751 5882 853 5924 Mss.
878 5880 926 5923 tu
952 5874 1110 5937 vign.,
1134 5872 1327 5938 quinte.

1215 413 1457 471 OPLRIS
1495 408 1907 467 IMPERFECTI
1945 407 2217 466 CONTRA
2258 407 2618 476 JULIANUM,
2655 409 2712 467 S.
2754 406 3122 468 AUCUSTINI

3653 405 3790 464 H90

2206 523 2408 589 exstitit
2430 524 2681 579 de’animi
2712 532 2890 594 motu,
2921 534 3035 590 aut,
3077 523 3337 581 Voluntas
3362 522 3568 581 exstitit
3594 524 3668 580 de
3696 539 3791 581 vo.

2206 613 2408 671 luntate
2423 615 2463 670 τ.
2492 617 2571 670 An
2602 616 2734 671 dicis
2760 615 2900 672 lumc
2930 625 3130 672 motum
3164 616 3231 672 de
3257 633 3316 673 se
3344 616 3457 688 ipso
3482 617 3754 672 exstitisse
3774 658 3790 684 ,

2206 722 2312 763 non
2342 707 2410 763 de
2433 707 2646 773 animo,
2686 724 2753 763 nc
2780 707 2905 764 hinc
2942 718 3128 764 natura
3160 707 3329 773 bona,
3359 708 3409 762 id
3436 718 3554 774 est,
3583 707 3793 761 animus

2207 798 2323 871 ipse
2349 801 2627 872 culpetur?
2650 799 2763 856 Non
2797 815 2925 872 ergo
2969 800 3092 857 inde
3136 799 3417 859 damnetur
3448 817 3463 853 :
3494 799 3614 871 quis
3653 800 3795 854 enim

2208 892 2333 950 inde
2361 892 2497 949 ferat
2521 895 2755 949 animum
2775 892 3179 965 juredamnari,
3209 892 3352 948 unde
3375 909 3481 947 non
3515 900 3693 963 potest
3711 891 3792 962 ju-

2209 1000 2269 1040 re
2296 985 2541 1057 culpari?
2565 985 2671 1042 Sed
2692 972 2845 1062 dicis,
2876 1003 2895 1038 ι
2916 984 3039 1040 Ideo
3065 986 3303 1056 peccavit
3335 984 3515 1050 homo,
3542 983 3671 1055 quia
3701 997 3803 1037 vos

2209 1078 2341 1147 luit;
2387 1079 2507 1137 ideo
2550 1079 2735 1135 habuit
2770 1079 3094 1135 voluntatem
3136 1079 3350 1146 malam,
3390 1080 3511 1150 quia
3540 1076 3731 1133 voluit.
3775 1085 3816 1127 ι’

2209 1168 2502 1228 Verissime
2530 1170 2700 1226 dicis:
2732 1170 2826 1226 scd
2864 1171 2908 1226 si
2944 1170 3034 1253 lux
3074 1170 3369 1241 clarissima
3407 1169 3649 1229 tenebras
3694 1182 3801 1226 non

2211 1271 2354 1327 sunt,
2379 1262 2447 1319 de
2470 1263 2560 1318 illo
2586 1264 2790 1319 exstitit
2832 1262 2970 1318 mala
3000 1263 3271 1331 voluntas,
3298 1261 3419 1334 quia
3464 1261 3656 1317 voluit.
3686 1260 3801 1317 Non

2212 1354 2354 1409 cnitn
2391 1338 2655 1431 dicimus,
2692 1362 2748 1408 ut
2783 1354 3153 1419 calumniaris,
3185 1364 3239 1410 et
3268 1364 3324 1409 ttt
3349 1368 3447 1409 nos
3472 1354 3638 1409 etiam
3669 1352 3806 1408 scri-

2214 1445 2385 1516 psisse
2429 1444 2703 1509 mentiris,
2754 1463 2773 1497 ι
2807 1459 2981 1502 metus
3023 1448 3124 1503 istc
3159 1444 3298 1501 unde
3336 1460 3455 1501 esse
3493 1445 3805 1522 compulsus

2212 1536 2283 1590 sit
2312 1553 2332 1588 ι
2367 1536 2460 1591 scd
2504 1526 2650 1591 nullo
2688 1537 3037 1613 compellcnte
3078 1536 3218 1594 unde
3257 1538 3553 1603 exstiterit;
3600 1537 3728 1617 quia
3757 1546 3807 1595 et

2215 1627 2362 1682 nullo
2391 1627 2745 1698 compelle-nte
2772 1638 2947 1684 tamen
2975 1630 3206 1697 exstitit,
3237 1638 3290 1685 ct
3319 1629 3531 1685 nonnisi
3562 1628 3807 1685 alicunde

2214 1719 2449 1774 existere
2474 1706 2711 1789 peterat,
2753 1719 2896 1791 quod
2925 1731 3209 1790 antequam
3239 1721 3495 1776 existeret
3529 1736 3641 1775 non
3673 1729 3803 1776 erat.

2216 1809 2272 1867 Si
2295 1826 2424 1882 ergo
2452 1796 2611 1866 homo
2631 1811 2817 1879 voluit,
2845 1812 2913 1868 de
2943 1813 3160 1887 homine
3186 1813 3388 1868 exstitit
3412 1830 3427 1868 :
3458 1820 3516 1868 et
3544 1812 3678 1884 quid
3698 1822 3808 1875 erat

2219 1901 2401 1969 homo,
2432 1910 2711 1974 antequam
2738 1901 2807 1958 de
2835 1902 2928 1959 illo
2955 1904 3226 1971 existeret,
3250 1904 3351 1960 nisi
3378 1913 3568 1959 natura
3599 1905 3739 1958 bona
3760 1910 3809 1960 et

2216 1991 2413 2047 bonum
2447 1989 2747 2062 opus‘Dei?
2772 1992 2924 2079 Quod
2956 1978 3053 2049 est
3096 1978 3253 2057 etiam
3298 1993 3466 2048 malus
3508 1992 3682 2048 homo
3704 2035 3720 2059 ,
3762 1995 3807 2048 in

2217 2091 2473 2154 quantum
2502 2082 2664 2139 homo
2688 2094 2772 2140 est
2794 2093 2847 2141 et
2876 2099 3010 2156 cpns
3041 2083 3155 2141 Dei.
3178 2083 3548 2141 Confundatur
3566 2099 3702 2155 ergo
3721 2097 3807 2139 sua

2219 2175 2449 2231 vanitate
2473 2175 2741 2241 Julianus;
2772 2167 3021 2249 quoniam
3053 2191 3119 2231 ex
3149 2176 3303 2235 bonis
3339 2190 3459 2257 esse
3499 2175 3641 2231 mala
3670 2185 3805 2241 orta,

2218 2268 2442 2322 verum'
2470 2266 2602 2322 dixit
2626 2260 2934 2324 Ambrosius
2960 2267 3064 2340 (De
3090 2266 3245 2324 Isaac
3271 2278 3317 2323 et
3336 2268 3541 2333 Anima,
3566 2285 3689 2339 (ap.
3718 2268 3806 2339 7):

2219 2357 2314 2412 sed
2334 2357 2455 2429 quia
2472 2368 2695 2429 cogente
2716 2359 2880 2425 nullo,
2902 2359 3199 2433 inculpatus
3214 2369 3294 2415 est
3315 2359 3456 2415 Deus
3476 2377 3491 2416 :
3514 2360 3666 2433 quod
3690 2375 3809 2416 vero

2220 2463 2282 2503 ca
2305 2450 2544 2520 permisit
2563 2450 2813 2520 existere,
2841 2467 2938 2507 usu
2954 2467 3138 2508 eorum
3159 2451 3303 2524 justo
3324 2461 3379 2508 et
3402 2451 3546 2507 bono
3568 2451 3809 2513 laudatur

2220 2543 2498 2616 insignius.

2290 2635 2427 2701 LXI.
2457 2637 2577 2694 Jun.
2608 2637 2869 2694 Voluntas
2893 2653 3052 2710 ergo,
3074 2654 3195 2710 qu'c
3219 2637 3349 2694 nihil
3370 2646 3452 2695 est
3472 2637 3621 2694 aliud
3646 2652 3803 2710 quam

2221 2738 2398 2788 motus
2424 2730 2586 2799 animi
2615 2739 2838 2809 cogente
2867 2731 3015 2786 nullo
3034 2772 3050 2799 ,
3081 2730 3489 2803 possibilitatem
3520 2746 3680 2786 suam
3711 2746 3804 2785 na-

2222 2828 2358 2876 tura:
2406 2820 2604 2888 debet,
2653 2818 2900 2876 effectum
2947 2836 3101 2876 suum
3146 2820 3268 2877 sibi.
3327 2820 3383 2876 In
3434 2831 3625 2876 natura
3671 2820 3809 2876 enim

2223 2920 2410 2993 exorta
2445 2922 2528 2969 est
2550 2955 2566 2981 ,
2597 2912 2691 2969 sed
2723 2928 2749 2966 a
2780 2912 3019 2994 possibili
3040 2954 3057 2981 ,
3082 2928 3187 2969 non
3217 2929 3248 2970 a
3275 2913 3608 2970 necessario.
3642 2913 3743 2969 llic
3766 2913 3808 2968 si

2221 3005 2368 3062 dicat
2393 3005 2622 3079 aliquis,
2650 3004 2755 3061 Sed
2784 3005 2921 3060 mala
2963 3014 3186 3071 natura,
3231 3021 3351 3075 quae
3392 3007 3570 3075 potuit
3614 3004 3811 3061 habere

2222 3097 2552 3169 voluntatem
2592 3097 2831 3161 malam:
2865 3096 3201 3169 respondeo,
3243 3096 3348 3153 Sed
3389 3097 3530 3152 bona
3578 3105 3809 3165 natura,

2222 3176 2343 3265 quaé
2363 3189 2535 3262 potuit
2558 3189 2755 3257 habere
2775 3190 3104 3245 voluntatem
3132 3189 3348 3244 bonam.
3375 3184 3492 3245 Uno
3514 3204 3654 3259 ergo
3682 3197 3811 3244 tem-

2223 3295 2358 3354 pore
2381 3282 2585 3353 optima
2611 3280 2771 3342 simul
2800 3281 3139 3355 pessimaque
3160 3280 3386 3357 dicetur.
3427 3281 3498 3336 At
3538 3281 3593 3336 id
3636 3296 3811 3337 rerum

2224 3362 2363 3443 ratio
2414 3360 2524 3431 non
2575 3362 2743 3441 sinit,
2797 3381 2857 3428 ut
2903 3387 3011 3428 uno
3062 3371 3360 3443 eodemque
3414 3382 3662 3449 tempore
3712 3386 3811 3431 una

2224 3464 2519 3545 eademque
2542 3480 2631 3520 res
2661 3464 2947 3539 contrariis
2978 3464 3289 3520 meritorum
3326 3464 3679 3535 qualitatibus
3716 3465 3831 3545 im-_

2224 3544 2463 3637 pleatur.
2478 3556 2535 3613 Si
2566 3556 2727 3637 igitur
2755 3555 2877 3611 ideo
2904 3555 3042 3611 mala
3071 3565 3286 3637 putetur
3309 3594 3327 3629 η
3354 3555 3476 3625 quia
3507 3555 3685 3625 potuit
3703 3571 3811 3610 ma-

2225 3634 2336 3706 lum
2376 3648 2593 3716 facere;
2634 3632 2753 3704 ideo
2791 3648 2929 3704 bona
2953 3632 3236 3713 credatur,
3263 3647 3387 3717 quia
3416 3648 3594 3725 potuit
3617 3648 3809 3707 bonum

2224 3739 2458 3812 operari.
2486 3737 2597 3794 Cur
2623 3748 2799 3794 autem
2815 3726 2839 3803 l,
2867 3738 3073 3809 inquit,
3117 3747 3172 3793 et
3208 3737 3407 3794 malum
3459 3735 3668 3809 potuit,
3702 3753 3813 3811 qua:

2225 3832 2427 3889 bonum
2462 3830 2828 3902 operabatur?
2863 3829 3220 3900 Respondeo,
3257 3828 3391 3899 Quia
3434 3828 3639 3883 bonum
3684 3827 3810 3897 hoc,

2230 3924 2372 3997 quod
2417 3924 2588 3979 virtus
2632 3923 2865 3991 dicitur,
2914 3923 3190 3993 proprium
3237 3934 3358 3977 esse
3412 3936 3519 3976 non
3568 3930 3809 3992 poterat,

2227 4018 2331 4074 nisi
2388 4017 2575 4073 fuisset
2619 4015 3019 4072 voluntarium:
3064 4015 3423 4071 voluntarium
3475 4023 3661 4071 autem
3712 4031 3809 4071 non

2225 4119 2405 4180 esset,
2433 4110 2479 4166 si
2505 4111 2874 4166 necessitatem
2916 4108 3044 4164 boni
3082 4107 3356 4163 habuisset
3389 4124 3404 4162 :
3439 4110 3811 4165 necessitatem

2227 4213 2405 4273 autem
2437 4203 2559 4258 boni
2591 4200 2935 4274 pertulisset,
2968 4200 3014 4255 si
3043 4215 3152 4255 non
3182 4198 3455 4256 habuisset
3483 4200 3808 4272 possibilita-

2230 4303 2347 4375 tem
2369 4294 2513 4365 mali.
2543 4294 2613 4352 Ut
2639 4310 2767 4367 ergo
2808 4303 3093 4351 constaret
3113 4292 3203 4365 jus
3245 4292 3372 4350 boni
3397 4293 3441 4361 ³,
3473 4294 3711 4350 admissa
3737 4302 3813 4351 est

2227 4388 2549 4459 possibilitas
2575 4386 2717 4461 mali.

2300 4480 2434 4542 Anc.
2462 4478 2534 4551 Ut
2557 4479 2712 4548 video
2731 4521 2747 4547 ,
2773 4493 2873 4534 nec
2897 4477 3101 4553 bonam‘
3115 4476 3444 4534 voluntatem
3471 4476 3557 4532 vis
3584 4477 3813 4533 tribuere

2228 4581 2435 4631 natura:
2457 4614 2473 4640 ,
2504 4571 2719 4645 quando
2746 4580 2829 4628 est
2856 4570 3018 4638 homo
3048 4572 3293 4644 primitus
3330 4571 3584 4627 conditus
3617 4590 3632 4627 :
3671 4570 3814 4641 quasi

2228 4681 2336 4729 non
2366 4666 2593 4745 potuerit
2622 4665 2762 4731 Deus
2794 4664 3067 4743 hominem
3096 4663 3275 4725 facere
3303 4664 3597 4721 voluntatis
3623 4665 3811 4729 honre;

2228 4757 2282 4814 in
2308 4773 2411 4830 qua
2455 4773 2577 4815 eum
2619 4766 2795 4823 tamen
2834 4773 3155 4830 permanere
3197 4773 3302 4824 non
3347 4768 3613 4831 cogeret,
3644 4758 3737 4816 sed
3763 4760 3814 4814 in

2229 4849 2345 4921 ejus
2370 4859 2512 4906 esset
2537 4849 2758 4923 arbitrio
2786 4850 2903 4911 sive
2929 4850 2979 4905 in
3007 4865 3069 4906 ea
3094 4865 3310 4924 semper
3336 4867 3459 4908 esse
3488 4853 3650 4908 vellet
3672 4894 3687 4915 ,
3709 4866 3817 4908 s.re

2229 4959 2336 4999 non
2368 4957 2581 5015 semper
2604 4984 2620 5009 ,
2652 4941 2748 5008 sed
2772 4958 2835 5000 ex
2865 4943 2949 4999 illa
2978 4958 3037 4999 se
3073 4945 3127 4999 in
3168 4945 3360 5000 malam
3404 4945 3557 5000 nullo
3597 4953 3817 5016 cogente

2229 5043 2461 5090 mutaret
2482 5074 2505 5111 ,ν
2526 5034 2664 5105 sicut
2686 5041 2740 5089 et
2767 5032 2964 5090 factum
2992 5043 3094 5090 est.
3132 5034 3315 5106 Neque
3354 5037 3500 5091 enim
3528 5035 3691 5091 homo
3727 5050 3818 5089 ro-

2230 5127 2485 5194 luutatcm
2500 5143 2603 5182 non
2628 5126 2882 5199 peccandi
2901 5136 3026 5182 ante
3044 5142 3151 5182 non
3176 5127 3359 5182 habuit
3378 5168 3393 5194 ,
3418 5137 3475 5184 et
3492 5142 3522 5181 a
3547 5129 3817 5183 voluntate

2230 5219 2484 5292 peccandi
2509 5234 2732 5284 exorsus
2759 5227 2842 5276 est
2866 5219 3025 5275 vitam
3049 5259 3066 5286 ,
3092 5218 3144 5274 itt
3174 5233 3276 5290 qua
3303 5234 3425 5276 eum
3456 5230 3662 5275 rectum
3689 5234 3815 5274 ccu-

2292 5441 2325 5504 ιγ
2346 5446 2479 5504 nunc
2498 5451 2713 5504 versum,
2752 5437 2941 5504 scilicet
2973 5453 3001 5489 a
3024 5440 3197 5501 verbo,
3222 5445 3539 5504 Quapropter,
3577 5452 3737 5504 usque
3758 5436 3817 5488 ad

2226 5503 2407 5564 verba,»
2427 5500 2505 5564 de
2530 5500 2791 5564 commate,
2831 5501 3050 5564 addimus
3080 5514 3146 5552 ex
3190 5509 3273 5552 Ms.
3298 5500 3563 5553 nonarum.
3603 5500 3815 5564 Agatho,

2226 5564 2276 5612 lu
2335 5562 2547 5634 epist-cla
2609 5563 2857 5634 synodica.
2892 5562 2951 5613 ad
2979 5625 2991 5634 _
3026 5571 3383 5634 Imperatores,
3423 5566 3559 5634 addit
3591 5562 3776 5613 tantum
3800 5596 3817 5623 ,

2225 5625 2355 5689 quod
2370 5624 2603 5679 uoluntas
2618 5624 2801 5677 mea
2822 5624 2885 5676 de
2916 5624 3168 5687 voluntate.
3192 5628 3389 5677 caeteris
3421 5629 3587 5677 verbis
3613 5634 3817 5687 ira-ter-

2184 5748 2191 5753 ,
2227 5688 2405 5753 missis.

2290 5749 2726 5820 I_.t'ignierius,esse
2747 5747 2876 5820 male
2897 5754 3003 5799 orta
3022 5749 3172 5815 dixit,
3185 5752 3379 5814 omisso,
3400 5763 3583 5812 rerum,
3592 5748 3717 5814 quod
3736 5747 3815 5799 bi:

2228 5811 2419 5869 additur
2455 5823 2519 5860 ex
2551 5812 2901 5873 manuscriptis.

2293 5873 2313 5913 ι
2342 5875 2413 5927 sic
2429 5878 2534 5927 uss.
2560 5879 2613 5922 At
2638 5873 2769 5936 editi,
2798 5872 2865 5935 ris
2887 5872 3011 5924 boni.
