3962 6470
224 384 249 442 1
257 384 365 441 497

218 496 353 550 didit
379 493 559 556 Deus:
587 494 770 567 utique
799 494 956 551 talem
983 536 997 560 ,
1028 494 1117 566 qui
1145 494 1218 550 uti
1244 493 1578 566 ratioaejam
1604 502 1803 564 posset.

221 591 355 656 Quis
385 590 529 643 enim
557 590 719 653 ferat,
759 589 802 642 si
830 588 1037 642 dicatur
1080 588 1202 644 talis
1237 586 1408 642 factus
1431 629 1448 654 ,
1492 587 1677 657 quales
1711 601 1809 641 na.

217 688 444 735 sciantur
474 677 738 733 infantes?
763 677 854 733 Illa
880 680 1055 748 itaque
1094 677 1354 749 perfectio
1383 688 1586 731 natura:
1606 717 1624 743 ,
1651 691 1808 745 quam

216 784 322 824 non
354 768 556 823 dabant
579 769 703 823 anni
729 811 745 834 ,
785 769 879 825 sed
916 770 1030 824 sola
1072 784 1261 825 manus
1306 768 1440 833 Dei,
1488 783 1592 822 non
1639 767 1810 837 potuit

216 862 318 915 nisi
345 859 548 915 habere
571 860 896 914 voluntatem
918 859 1181 929 aliquant,
1204 874 1429 929 eamque
1451 873 1555 913 non
1579 856 1807 913 malam:

216 952 458 1021 alioquin
507 967 612 1006 non
657 952 914 1021 scriptum
964 961 1144 1016 esset,
1194 949 1335 1004 Fecit
1386 950 1519 1004 Deus
1556 949 1807 1003 hominem

214 1055 410 1099 rectum
433 1042 454 1115 (
479 1043 646 1098 Eccle.
669 1058 740 1098 vn
767 1083 782 1107 ,
807 1043 877 1098 '50
903 1044 943 1114 ).
968 1043 1129 1097 Bome
1157 1043 1317 1127 igitur
1336 1043 1619 1097 voluntatis
1640 1041 1808 1097 factus

215 1145 298 1189 est
326 1138 491 1190 homo
513 1178 530 1202 ,
575 1142 792 1205 paratus
828 1134 896 1190 ad
941 1134 1297 1190 obedientium
1343 1134 1489 1200 Deo,
1521 1144 1575 1190 et
1606 1149 1807 1205 prince-

214 1234 365 1297 ptnm
395 1226 708 1283 obedienter
732 1224 1003 1295 accipiens
1026 1266 1042 1293 ,
1068 1225 1210 1297 quod
1239 1227 1355 1281 sine
1382 1224 1486 1282 ulla
1510 1264 1526 1292 ,
1554 1224 1805 1296 quamdiu

213 1318 378 1372 vellet
401 1360 415 1381 ,
446 1316 761 1373 dit‘licultate
789 1325 1058 1383 servaret,
1083 1326 1139 1372 et
1154 1316 1272 1371 sine
1298 1316 1431 1381 ulla,
1457 1332 1577 1372 cum
1607 1316 1802 1384 vellet,

213 1412 535 1465 necessitate
564 1410 579 1441 ί
610 1409 921 1474 desereret;
963 1423 1061 1465 nec
1105 1408 1231 1465 illud
1274 1425 1404 1465 sane
1441 1408 1764 1465 infructuose
1786 1394 1807 1478 ,

214 1518 312 1557 nec
340 1503 486 1556 istud
513 1502 728 1573 impune
754 1503 1011 1558 facturus.
1043 1502 1195 1559 Unde
1219 1503 1300 1573 pia
1323 1513 1378 1558 et
1403 1503 1579 1558 sobria
1605 1504 1809 1573 cogita:

212 1596 363 1675 tuine
392 1578 661 1666 colligitur
685 1638 700 1660 ,
732 1596 953 1666 primam
984 1596 1307 1651 voluntatem
1332 1596 1523 1651 bonam
1554 1596 1643 1651 Dei
1669 1611 1805 1667 opus

210 1674 375 1744 esse:
404 1674 523 1742 cum
555 1690 645 1744 illa
676 1690 871 1760 quippe
899 1687 1025 1744 fecit
1054 1690 1555 1745 hominemrectum
1587 1706 1602 1745 :
1634 1704 1805 1760 neque

211 1782 358 1836 enim
406 1798 640 1852 unquam
667 1825 683 1848 ,
725 1778 824 1837 nisi
864 1791 1007 1836 recta
1048 1782 1271 1848 volens,
1323 1792 1500 1838 rectus
1541 1791 1623 1836 est
1654 1782 1802 1851 quis-

209 1890 395 1944 quam.
426 1874 653 1948 Propter
678 1876 815 1945 quod
845 1872 1090 1930 voluntas
1118 1873 1254 1930 bona
1283 1858 1388 1930 non
1422 1875 1659 1930 redditur
1683 1889 1805 1944 per-

210 1964 358 2033 dita,
408 1967 509 2023 nisi
553 1968 620 2024 ab
664 1968 754 2023 illo
795 1984 824 2023 a
866 1986 971 2041 quo
1019 1978 1101 2025 est
1147 1968 1400 2034 condita;
1449 1983 1546 2022 nec
1588 1966 1803 2021 aliunde.

210 2061 510 2131 putandum
533 2070 613 2115 est
644 2062 819 2116 sanari
850 2078 1004 2132 posse
1028 2061 1231 2132 peccati
1263 2062 1631 2140 necessitatem
1657 2102 1670 2125 ,
1702 2061 1802 2119 nisi

210 2151 504 2226 miserante
534 2152 626 2205 illo
652 2194 665 2216 ,
702 2153 852 2223 cujus
881 2153 990 2207 alto
1013 2153 1263 2223 justoqnc
1286 2153 1488 2223 judicio
1518 2152 1801 2209 subsecuta

207 2228 292 2319 est
322 2233 572 2313 posteros
601 2244 718 2314 ejus
740 2287 756 2312 ,
798 2245 884 2317 qui
918 2247 1031 2323 sine
1061 2247 1165 2300 ulla
1195 2241 1516 2301 necessitate
1543 2247 1797 2312 peccavit.

208 2335 369 2391 [inde
391 2337 480 2391 ille
503 2345 846 2408 posteaquam
870 2338 1072 2409 peccati
1099 2337 1383 2392 habitantis
1406 2339 1463 2417 in.
1479 2353 1637 2393 carne
1663 2354 1756 2393 sua
1783 2381 1797 2403 ,

207 2447 316 2500 quo
346 2431 638 2501 cogebatur
659 2432 856 2487 malum
880 2448 1039 2504 agere
1067 2433 1206 2503 quod
1237 2434 1487 2498 nolebat,
1517 2436 1801 2489 necessita-

208 2531 316 2577 tem
347 2537 669 2593 pmnamque
691 2523 904 2579 deflevit
926 2512 949 2590 ,1
970 2541 1089 2579 mox
1118 2525 1183 2579 ad
1205 2541 1365 2596 quem
1391 2525 1798 2596 confugiendum

211 2624 363 2693 esset
386 2613 674 2669 ostendens
698 2630 717 2669 :
754 2613 911 2670 Miser
957 2632 1048 2687 ego
1093 2616 1241 2671 homo
1265 2658 1279 2683 ,
1326 2617 1531 2687 inquit,
1571 2618 1682 2689 quis
1722 2634 1803 2673 me

208 2706 444 2782 liberabit
468 2706 530 2761 de
556 2723 765 2779 corpore
786 2710 959 2762 mortis
981 2709 1173 2782 hujus?
1194 2709 1372 2764 Gratia
1397 2709 1492 2765 Dei
1512 2728 1600 2781 per
1622 2711 1655 2765 Ι
1661 2729 1800 2767 esum

207 2780 468 2851 Christum
517 2788 792 2852 Dominum
844 2780 1070 2854 nostrum
1123 2798 1321 2874 (Rom.
1356 2818 1446 2868 vn,
1495 2780 1565 2857 ξι
1587 2811 1632 2855 et
1661 2802 1795 2872 23).

206 2879 375 2936 Vides
412 2889 596 2948 certe,
647 2898 805 2952 quam
855 2899 961 2938 non
1009 2885 1290 2940 subveniat
1329 2884 1452 2941 huic
1478 2887 1798 2955 possibilitas

190 2972 335 3038 'iilzi,
387 2988 545 3041 quam
591 2980 644 3029 te
690 2983 941 3043 tanquam
987 2990 1234 3045 maguum
1286 2977 1484 3047 aliquid
1528 2978 1809 3056 invenisse.

204 3064 486 3118 arbitraris
510 3081 525 3129 ;
543 3064 652 3135 jam
674 3069 871 3143 quippe
890 3067 1084 3143 amissa
1106 3076 1189 3123 est
1210 3110 1226 3136 ,
1248 3069 1462 3141 quando
1483 3072 1799 3146 necessitate

204 3155 386 3224 agitur
411 3155 607 3210 malum
634 3198 648 3221 ,
678 3167 730 3212 et
752 3150 853 3213 sub
878 3160 1182 3216 necessario
1206 3162 1348 3218 malo
1376 3163 1569 3218 clamat
1596 3163 1760 3220 homo
1777 3206 1795 3233 ,

205 3246 373 3330 Miser
398 3265 489 3321 ego
516 3250 664 3305 homo
692 3266 713 3306 :
738 3251 831 3305 sed
862 3252 1017 3322 plane
1044 3252 1134 3308 ille
1158 3254 1473 3320 subveniat,
1505 3255 1656 3326 cujus
1680 3248 1807 3327 graJ

206 3343 277 3405 tia
299 3354 626 3411 superantur
650 3330 809 3399 etiam
836 3360 954 3414 qua:
978 3354 1255 3415 propterea
1281 3348 1577 3423 necessaria
1600 3331 1794 3414 vocas,

204 3435 352 3504 quod
380 3435 535 3491 aliter
561 3430 682 3492 esse
710 3453 816 3491 non
848 3446 1085 3508 possunt.
1117 3437 1269 3506 Quod
1311 3438 1451 3493 enim
1494 3429 1806 3495 hominibus

206 3527 543 3596 impossibile
571 3536 653 3583 est
675 3569 692 3591 ,
726 3529 834 3584 Deo
864 3528 1018 3584 facile
1044 3538 1143 3584 est.
1173 3527 1270 3585 Cui
1298 3546 1403 3585 non
1429 3529 1525 3586 fuit
1553 3545 1800 3587 necessa-

205 3616 351 3673 rium
376 3628 430 3671 ut
454 3619 688 3674 camelos
709 3635 803 3690 per
824 3619 1059 3676 foramen
1082 3637 1207 3676 acus
1230 3621 1428 3677 intrare
1453 3638 1555 3676 non
1581 3631 1794 3693 posset,

207 3711 304 3766 sed
336 3711 585 3780 possibile
615 3712 789 3783 potius
815 3725 871 3767 ut
892 3714 1111 3769 intraret
1133 3714 1151 3784 (
1170 3713 1357 3770 Matth.
1382 3731 1470 3770 xix
1497 3756 1512 3780 ,
1532 3714 1604 3771 26
1625 3759 1638 3782 ,
1663 3715 1793 3786 24);

213 3802 359 3856 sicut
386 3816 514 3856 caro
542 3812 595 3857 et
622 3817 739 3858 ossa
771 3819 863 3872 per
891 3804 1024 3858 ostia
1056 3805 1217 3860 missa
1247 3814 1372 3859 sunt
1398 3805 1574 3861 clausa
1600 3807 1621 3878 (
1637 3805 1795 3862 Joan.

207 3907 281 3959 xx
302 3936 318 3958 ,
348 3891 419 3947 26
445 3892 485 3964 ).
520 3890 735 3948 Frustra
765 3894 942 3963 itaque
973 3896 1183 3949 conaris
1230 3904 1472 3950 naturam
1509 3895 1799 3953 defendere

205 3984 473 4039 vitiatam.
507 3984 563 4038 Si
593 3983 791 4055 aliquid
836 3986 964 4040 utile
1012 4001 1109 4057 pro
1149 3986 1236 4040 illa
1275 3986 1470 4057 quaeris
1507 4002 1697 4057 agere,
1741 3996 1800 4043 ιιι

205 4083 432 4129 sanetur
455 4090 553 4145 age
571 4116 587 4141 ,
610 4090 717 4129 non
740 4084 796 4129 ut
816 4085 1120 4131 excusetur.
1154 4075 1277 4132 Sine
1299 4084 1358 4131 ut
1387 4077 1497 4147 ipsa
1524 4078 1623 4132 sibi
1656 4079 1797 4134 fece-

204 4170 273 4235 rit
299 4209 315 4231 ,
366 4166 507 4235 unde
551 4168 743 4222 merito
782 4167 1151 4245 damnaretur.
1182 4168 1317 4224 Nam
1359 4169 1498 4225 unde
1535 4171 1799 4228 exstiterit

205 4260 349 4321 mala
376 4259 621 4339 voluntas
645 4301 666 4339 ,_
691 4259 947 4330 quidquid
972 4260 1115 4315 aliud
1142 4260 1276 4317 dicis
1300 4304 1315 4329 ,
1343 4262 1485 4318 etde
1515 4244 1611 4333 illa
1630 4263 1798 4339 cx‘sti-

204 4349 341 4431 tisse
390 4335 589 4421 negas,
647 4336 895 4421 injustam
935 4352 1330 4429 damnationem
1373 4355 1490 4425 ejus
1540 4335 1795 4414 al‘lirmas.

202 4441 346 4510 Quid
394 4443 538 4498 enim
591 4443 732 4498 aliud
774 4444 948 4507 dicis.
998 4445 1136 4509 nisi,
1174 4446 1289 4502 Non
1334 4448 1446 4519 ipsa
1495 4448 1618 4504 fecit
1656 4450 1799 4507 unde

202 4534 534 4589 damnatur?
560 4535 694 4604 Quid
721 4551 849 4608 ergo
878 4536 1110 4608 iniquius
1128 4580 1142 4604 ,
1169 4554 1327 4611 quam
1354 4550 1406 4594 ut
1433 4540 1556 4595 inde
1581 4540 1801 4597 damne-

204 4636 293 4682 tur
320 4667 338 4694 ,
371 4627 515 4699 quod
544 4629 655 4699 ipsa
685 4643 789 4683 neu
823 4629 987 4685 fecit?
1024 4629 1080 4685 Si
1123 4641 1299 4686 autem
1343 4632 1454 4701 ipsa
1484 4633 1607 4688 feeit
1629 4675 1645 4700 ,
1671 4634 1795 4706 quid

202 4733 327 4774 eam
349 4718 419 4773 de
444 4720 677 4788 possibili
706 4736 963 4777 excusare
988 4722 1197 4777 conaris
1217 4764 1232 4788 ,
1258 4724 1397 4779 unde
1423 4724 1566 4779 illam
1589 4726 1799 4783 inexcu-

201 4811 432 4884 sabilius
457 4826 710 4891 accusare
735 4814 1067 4869 convinceris
1085 4815 1110 4869 ?
1131 4815 1273 4870 Dicis
1296 4818 1439 4872 enim
1460 4860 1475 4884 ,
1508 4836 1527 4871 ι
1557 4819 1800 4875 volunta-

200 4910 313 4959 tem
344 4902 537 4962 malam
570 4904 623 4974 in
651 4914 834 4965 natura
862 4905 1075 4983 quidem
1103 4908 1371 4969 exstitisse
1397 4952 1411 4972 ,
1444 4910 1537 4966 Sed
1564 4927 1594 4965 a
1626 4912 1798 4982 possi-

203 4993 343 5059 bili,
402 5008 510 5047 non
559 5008 590 5047 a
635 4997 951 5055 necessario.
985 5015 1005 5050 ι
1038 4996 1094 5053 Si
1136 4995 1251 5052 hrrc
1292 5000 1614 5069 possibilitas
1649 5011 1799 5059 extra

197 5096 453 5149 naturam
484 5095 570 5142 est
595 5106 607 5151 ;
643 5086 755 5156 ipsa
788 5090 960 5159 potius
985 5133 1000 5157 ,
1046 5089 1184 5146 unde
1210 5074 1346 5147 mala
1374 5093 1577 5148 exstitit
1607 5094 1797 5166 volun-

196 5184 284 5230 tas
314 5217 330 5242 ,
364 5192 473 5230 non
502 5185 689 5231 natura
715 5177 1018 5233 damnetur.
1042 5179 1099 5235 Si
1129 5196 1255 5239 vero
1278 5181 1344 5235 ad
1373 5193 1612 5238 naturam
1639 5186 1796 5240 etiam

195 5267 535 5340 possibilitas
578 5271 841 5340 pertinet;
886 5272 1054 5341 magis
1096 5271 1195 5327 sibi
1240 5273 1566 5335 voluntatem
1604 5277 1796 5333 malam

196 5374 392 5415 natura
427 5360 551 5415 fecit
574 5403 594 5433 ,η
614 5364 735 5433 quia
759 5373 811 5418 et
837 5378 938 5417 non
972 5366 1145 5421 facere
1170 5366 1339 5443 potuit
1365 5385 1379 5421 :
1408 5365 1511 5433 hoc
1535 5367 1674 5422 enim
1703 5369 1799 5424 abs

196 5463 253 5509 te
282 5454 663 5513 commendata
694 5455 933 5521 deﬁnitio
964 5456 1329 5527 possibilitatis
1355 5460 1606 5515 ostendit.
1632 5459 1799 5515 Nemo

200 5546 299 5602 tibi
327 5545 496 5611 dicit,
531 5566 549 5599 ι
573 5545 696 5602 ideo
725 5548 862 5609 mala
892 5560 1076 5612 natura
1106 5559 1187 5605 est
1211 5591 1227 5617 ,
1256 5552 1379 5620 quia
1406 5554 1578 5630 potuit
1602 5553 1799 5611 habere

196 5637 533 5693 voluntatem
579 5640 793 5715 malam.
824 5657 844 5693 ι
887 5639 995 5697 Nos
1027 5651 1207 5712 certe,
1253 5653 1436 5699 contra
1482 5661 1618 5716 quos
1659 5662 1800 5703 nunc

266 5811 284 5887 ξ
314 5817 476 5887 Διὀιιιιι
504 5810 659 5887 codex
686 5814 991 5887 starianensis
1009 5814 1103 5871 hoc
1132 5828 1324 5868 rursum
1346 5816 1470 5882 loco,
1489 5818 1793 5887 diﬁicullote,

199 5872 369 5936 habet,
399 5887 502 5937 Iro,
525 5875 815 5928 necessitate.

1571 380 1773 439 LIBER
1811 377 2125 448 QUINTUS.

3361 399 3503 460 “93

1913 493 2149 567 loqueris
2170 538 2185 561 ,
2215 511 2322 553 non
2352 496 2455 554 hoc
2482 499 2749 557 dicimus:
2774 501 2902 574 quid
2930 503 3214 577 superﬂuis
3243 506 3501 563 immora-

1913 591 2035 646 ris?
2058 592 2112 645 lo
2143 606 2210 647 eo
2239 593 2395 663 plane
2417 635 2433 659 ,
2460 592 2603 665 quod
2631 594 2812 650 dixisti
2837 636 2854 661 ,
2906 613 2925 648 ι
2959 580 3163 653 Bonum
3211 598 3315 655 hoc
3355 600 3501 670 quod

1911 680 2083 737 virtus
2107 681 2302 738 dicitur
2323 724 2338 749 ,
2371 700 2477 738 non
2507 694 2651 741 esset
2673 685 3028 742 voluntarium
3050 729 3066 753 ,
3114 689 3162 745 si
3202 692 3500 746 necessita-

1917 780 2025 826 tem
2057 772 2179 827 boni
2212 775 2523 842 habuisset;
2555 776 2931 832 necessitatem
2953 786 3128 834 autem
3154 780 3282 836 boni
3314 793 3502 851 pertu-

1918 861 2066 917 lisset
2092 905 2107 928 ,
2138 864 2184 918 si
2216 880 2321 926 non
2354 865 2626 921 habuisset
2655 867 3057 937 possibilitatem
3097 871 3219 925 mali
3245 888 3259 924 :
3288 890 3309 924 ι
3345 887 3504 941 pror-

1913 970 2005 1010 sus
2029 956 2227 1011 oblitus
2256 974 2316 1014 es
2359 959 2524 1014 Deum
2550 1003 2566 1026 ,
2611 960 2764 1030 cujus
2802 962 2971 1016 virtus
3012 971 3166 1017 tanto
3203 965 3372 1034 magis
3417 973 3503 1020 est

1912 1048 2214 1102 necessaria
2235 1088 2251 1114 ,
2280 1060 2481 1119 quanto
2506 1052 2675 1122 magis
2699 1066 2818 1107 eam
2846 1052 2924 1107 sic
2952 1052 3066 1107 vult
3087 1092 3103 1120 ,
3135 1062 3193 1108 ut
3223 1055 3365 1109 nolle
3390 1071 3498 1112 non

1911 1140 2100 1210 possit.
2132 1139 2265 1195 Nam
2295 1151 2351 1196 et
2376 1151 2429 1196 tu
2471 1142 2652 1198 dixisti
2693 1144 2746 1199 in
2790 1144 2962 1214 primo
3009 1144 3166 1215 hujus
3204 1148 3381 1214 operis
3426 1148 3501 1202 tui

1912 1231 2048 1286 libro
2067 1274 2084 1300 ,
2112 1252 2132 1286 ι
2156 1234 2322 1289 Deum
2344 1236 2444 1291 nisi
2461 1235 2663 1306 justum
2685 1252 2806 1295 esse
2827 1254 2931 1293 non
2956 1253 3111 1309 posse
3138 1238 3188 1311 ι(
3203 1238 3333 1311 Cap.
3355 1240 3427 1296 28
3446 1242 3498 1311 ):

1910 1339 2029 1395 qua:
2054 1325 2099 1379 si
2128 1327 2420 1383 necessitas
2440 1329 2667 1384 dicenda
2696 1340 2814 1396 est,
2843 1330 3052 1386 dicatur
3079 1333 3338 1397 omnino;
3369 1333 3498 1390 dum

1909 1418 2089 1470 tamen
2116 1426 2362 1486 constet,
2392 1419 2522 1474 nihil
2563 1435 2686 1477 esse
2737 1421 2836 1477 ista
2887 1424 3209 1478 necessitate
3251 1422 3498 1489 felicius,

1908 1523 2012 1578 qua
2039 1518 2145 1563 tam
2173 1525 2396 1566 necesse
2423 1521 2505 1569 est
2531 1520 2588 1567 ut
2628 1513 2768 1567 Deus
2815 1529 2921 1569 non
2961 1515 3100 1570 male
3134 1515 3316 1581 vivat,
3337 1530 3498 1585 quam

1908 1614 2131 1655 necesse
2155 1610 2240 1655 est
2267 1611 2327 1656 ιιι
2354 1617 2569 1671 semper
2592 1612 2753 1675 atque
2777 1605 3082 1662 beatissime
3110 1607 3270 1661 vivat.
3314 1607 3500 1678 Neque

1907 1691 2049 1746 enim
2076 1693 2235 1747 verba
2268 1702 2355 1747 tua
2386 1693 2536 1749 timet
2565 1696 2855 1751 necessitas
2879 1696 3031 1763 talis,
3065 1697 3116 1752 in
3162 1698 3356 1769 quibus
3396 1712 3498 1752 no-

1908 1781 2051 1837 luisti
2077 1784 2257 1838 dicere
2275 1824 2291 1851 ,
2320 1801 2340 1836 ι
2362 1784 2749 1840 Necessitatem
2777 1799 2955 1842 autem
2981 1787 3107 1842 boni
3135 1805 3155 1839 ι
3189 1787 3495 1854 habuisset,

1907 1874 2001 1929 sed
2032 1874 2264 1930 maluisti
2308 1875 2523 1943 dicere,
2572 1895 2592 1929 ι
2624 1878 2961 1947 pertulisset,
2999 1879 3045 1943 si
3080 1895 3186 1934 non
3222 1880 3499 1937 habuisset

1907 1968 2313 2038 possibilitatem
2336 1969 2461 2023 mali
2482 1986 2496 2023 :
2522 1987 2543 2022 ι
2573 1977 2634 2024 ιιι
2650 1970 2901 2025 videlicet
2921 1971 3061 2027 Deus
3080 1970 3280 2026 homini
3304 1986 3498 2043 peper-

1907 2057 2046 2113 cisse
2079 2057 2327 2113 vidcatur
2344 2099 2360 2126 ,
2386 2075 2454 2114 ne
2483 2068 2735 2131 tanquam
2753 2077 3114 2116 mrumnosum
3145 2062 3342 2132 aliquid
3364 2077 3495 2133 per-

1905 2148 2067 2205 ferret
2095 2154 2466 2206 necessitatem
2496 2151 2621 2207 boni
2642 2194 2658 2220 ,
2686 2167 2793 2208 non
2815 2152 3059 2210 habendo
3084 2154 3496 2225 possibilitatem

1907 2241 2076 2307 mali;
2101 2238 2244 2312 quod
2271 2251 2379 2298 tam
2409 2258 2656 2314 magnum
2687 2253 2770 2300 est
2791 2245 2990 2301 bonum
3014 2285 3030 2309 ,
3059 2255 3115 2300 ut
3146 2246 3344 2309 sanctis
3381 2262 3498 2304 serv

1904 2344 2121 2390 varetur
2147 2334 2213 2390 ad
2247 2336 2522 2405 prtemium
2552 2353 2565 2389 :
2595 2352 2728 2406 quos
2774 2336 2955 2392 itidem
2993 2338 3189 2393 oblitus
3215 2354 3273 2394 es
3296 2380 3311 2404 ,
3357 2339 3497 2395 sicut

1904 2427 2094 2483 Deum.
2115 2427 2298 2498 Neque
2316 2426 2460 2483 enim
2485 2433 2610 2483 tunc
2636 2429 2752 2483 siue
2768 2428 2962 2484 virtute
2980 2429 3221 2485 vivemus
3235 2470 3250 2496 ,
3273 2429 3495 2499 quando

1904 2517 2058 2573 nobis
2089 2517 2416 2573 concedetur
2438 2558 2455 2584 ,
2486 2532 2553 2573 ne
2578 2532 2608 2572 a
2647 2518 2873 2573 Domino
2913 2518 3199 2589 aliquando
3239 2519 3496 2576 recedere

1902 2610 2210 2681 possimus,
2246 2609 2497 2681 quoniam
2541 2625 2643 2666 nec
2684 2609 2825 2666 velle
2871 2610 3184 2679 poterimus.
3230 2610 3307 2665 ita
3348 2611 3494 2666 enim

1903 2703 2060 2758 nobis
2087 2711 2293 2758 certum
2323 2703 2427 2757 erit
2460 2701 2657 2757 bonum
2683 2742 2699 2766 ,
2740 2717 2846 2772 quo
2880 2717 3079 2772 semper
3099 2741 3117 2768 ,
3161 2711 3221 2756 ut
3262 2702 3495 2771 promis-

1904 2809 2022 2850 sum
2065 2802 2187 2859 est,
2230 2808 2347 2848 cum
2389 2792 2608 2847 Domino
2646 2792 2832 2847 erimus
2870 2790 2931 2863 (Ι
2962 2791 3137 2848 Thess.
3165 2807 3242 2859 tv,
3273 2791 3341 2849 l6
3366 2792 3407 2865 );
3438 2800 3497 2848 ιιι

1903 2884 1971 2939 ab
1992 2901 2058 2940 eo
2078 2884 2332 2940 recedere
2358 2898 2465 2943 non
2488 2884 2716 2939 velimus
2735 2924 2751 2950 ,
2777 2898 2877 2939 nec
2900 2883 3039 2939 velle
3069 2878 3351 2952 possimus.
3373 2882 3495 2940 Non

1901 2991 2031 3048 ergo
2059 2977 2218 3031 aliter
2241 2983 2385 3031 esset
2410 2976 2428 3008 ί
2477 2976 2649 3031 virtus
2689 2979 2741 3031 in
2784 2974 2975 3041 nobis,
3022 2976 3126 3030 nisi
3166 2974 3493 3032 voluntatem

1901 3068 2096 3125 malam
2132 3069 2211 3124 sic
2254 3083 2359 3123 non
2406 3066 2766 3133 haberemus,
2812 3076 2870 3121 ut
2916 3066 3115 3121 habere
3161 3080 3443 3136 possemus
3471 3083 3490 3121 ι

1900 3159 1996 3216 sed
2025 3174 2120 3229 pro
2145 3158 2301 3229 hujus
2327 3158 2547 3217 minoris
2571 3157 2782 3212 virtutis
2804 3155 2996 3212 merito
3017 3197 3033 3223 ,
3056 3155 3317 3227 accedere
3336 3153 3492 3210 nobis

1900 3250 2086 3308 debuit
2115 3251 2287 3306 virtus
2312 3249 2484 3321 major
2512 3251 2564 3304 in
2589 3250 2838 3319 prtemio,
2865 3257 2923 3303 ut
2949 3249 3140 3303 malam
3163 3246 3489 3304 voluntatem

1900 3343 1979 3397 sic
2006 3357 2112 3397 non
2143 3340 2462 3397 haberemus
2486 3381 2502 3408 ,
2534 3349 2593 3394 ut
2623 3354 2722 3395 nec
2750 3337 2948 3394 habere
2977 3351 3278 3409 possemus.
3316 3335 3363 3393 0
3387 3336 3491 3392 de-

1899 3435 2183 3493 sideranda
2214 3435 2503 3490 necessitas
2527 3433 2549 3489 ι-
2589 3433 2819 3489 Donabit
2859 3448 2978 3489 eam
3022 3432 3257 3498 veritas,
3306 3438 3366 3486 ut
3410 3431 3486 3488 sit

1900 3537 2045 3584 certa
2075 3527 2337 3582 securitas
2360 3566 2376 3592 ,
2418 3528 2539 3581 sine
2579 3540 2683 3596 qua
2728 3540 2832 3580 non
2877 3532 3055 3594 potest
3093 3538 3216 3579 esse
3241 3522 3330 3578 illa
3355 3562 3371 3586 ,
3397 3523 3487 3579 cui

1900 3637 2007 3677 non
2034 3619 2340 3690 estaliquid
2362 3618 2663 3674 addendum
2687 3660 2701 3684 ,
2721 3618 2830 3688 jam
2855 3617 3010 3688 plena
3031 3624 3214 3671 nostra
3237 3614 3488 3673 felicitas.

1971 3713 2131 3769 LXII.
2160 3712 2282 3768 ιυι.
2313 3714 2384 3767 Αι
2409 3712 2511 3767 hoc
2536 3712 2588 3766 in
2631 3710 2961 3766 contrarium
2995 3709 3231 3779 torqueri
3271 3716 3486 3779 potest,

1902 3814 1961 3862 ut
1985 3805 2228 3870 dicatur,
2255 3804 2360 3861 Sed
2389 3804 2532 3859 malo
2573 3810 2753 3873 aptata
2805 3811 2991 3858 natura
3036 3811 3160 3857 est:
3203 3815 3326 3856 nam
3367 3801 3490 3870 quia

1901 3896 2100 3952 malum
2132 3894 2492 3949 voluntarium
2519 3908 2640 3948 esse
2662 3907 2770 3948 non
2815 3900 3062 3963 poterat,
3110 3891 3155 3945 si
3200 3890 3491 3946 necessitas

1902 3987 2091 4043 fuisset
2117 3986 2242 4041 mali
2271 4001 2287 4050 ;
2320 3986 2390 4039 ob
2423 3984 2526 4040 hoc
2552 3984 2674 4039 data
2722 3993 2808 4040 est
2856 3983 3180 4054 possibilitas
3222 3981 3383 4048 boni,
3430 3990 3493 4036 ut

1900 4079 2042 4134 malo
2070 4078 2366 4148 proprietas
2396 4085 2688 4147 pararetur.
2716 4074 2868 4144 Quod
2896 4074 3112 4145 quidem
3133 4084 3348 4130 acutum
3369 4080 3452 4129 est
3470 4113 3489 4141 ,

1900 4158 1997 4229 sed
2042 4173 2331 4227 insanum:
2377 4172 2553 4225 omnia
2594 4170 2739 4225 enim
2784 4185 2964 4225 rerum
3013 4184 3044 4223 a
3094 4168 3318 4224 meliore
3342 4175 3493 4237 parte

1904 4274 2160 4320 taxantur
2187 4282 2200 4318 :
2231 4265 2335 4319 huc
2365 4273 2419 4319 et
2447 4264 2679 4334 dignitas
2717 4261 2954 4317 auctoris
2999 4261 3242 4327 accedit,
3271 4259 3323 4314 id
3368 4268 3451 4315 est
3470 4299 3487 4326 ,

1901 4358 1996 4413 Dei
2026 4400 2039 4423 ,
2071 4358 2158 4428 qui
2208 4373 2311 4412 non
2360 4356 2430 4411 ob
2469 4372 2531 4412 ea
2577 4370 2698 4426 qua:
2735 4355 3019 4426 puniturus
3059 4362 3213 4419 erat,
3263 4352 3491 4407 liberum

1900 4449 2096 4503 animal
2137 4448 2299 4514 fecit;
2346 4448 2439 4502 sed
2487 4456 2705 4518 prepter
2749 4461 2813 4501 ea
2855 4460 2957 4516 qua
3008 4451 3445 4500 remuneraturus
3470 4483 3487 4511 ,

1901 4540 2308 4610 possibilitatem
2331 4539 2720 4593 contrariorum
2738 4536 2908 4593 dedit.
2929 4536 3306 4591 Verumtamen
3328 4550 3493 4606 super

1904 4630 2006 4685 hoc
2032 4645 2266 4699 pugnare
2294 4629 2418 4683 nolo
2448 4647 2466 4683 ι
2494 4628 2587 4682 sed
2629 4628 2881 4698 permitto
2921 4626 3121 4695 aliquid
3163 4627 3447 4682 calumnia:
3471 4667 3489 4694 ,

1901 4730 1962 4777 ut
2017 4722 2147 4776 nihil
2195 4720 2263 4775 de
2309 4721 2515 4789 opificis
2563 4720 2879 4773 auctoritate
2924 4718 3292 4788 praeseribam.
3345 4717 3488 4774 illud

1903 4820 2080 4867 tamen
2126 4811 2433 4866 necessario
2474 4812 2752 4881 sequitur.
2801 4820 2858 4865 ut
2900 4812 3012 4864 lucc
3061 4811 3387 4880 possibilitas
3414 4810 3492 4866 fac

1901 4902 2075 4959 ciendi
2108 4902 2231 4958 boni
2256 4912 2309 4958 et
2337 4902 2460 4957 mali
2489 4911 2825 4959 removeatur
2850 4903 2919 4957 ab
2948 4902 3224 4973 utriusque
3249 4903 3494 4959 volunta-

1906 4996 1975 5050 tis
2005 4993 2217 5049 cl'fectu.
2248 4995 2325 5048 Ac
2352 5008 2444 5063 per
2467 4993 2568 5047 hoc
2596 5036 2609 5057 ,
2634 5008 2732 5048 nec
2759 4994 2969 5048 virtutis
2993 5010 3022 5046 ο
3047 4994 3342 5050 necessari:
3368 5009 3493 5064 pro-

1902 5086 2061 5141 batur
2087 5100 2247 5140 causa
2276 5099 2432 5152 esse,
2464 5100 2563 5140 nec
2602 5085 2736 5138 vitii.
2784 5083 2852 5139 Ut
2888 5084 3029 5140 enim
3074 5084 3313 5141 honestis
3353 5085 3491 5140 hanc

1902 5176 2159 5233 faciamus
2188 5175 2433 5246 injuriam
2455 5217 2470 5242 ,
2501 5184 2560 5230 ut
2586 5189 2649 5230 ex
2680 5190 2749 5231 eo
2773 5190 2881 5248 quo
2899 5177 2921 5208 '
2948 5190 3069 5230 cum
3098 5175 3355 5245 improbis
3373 5190 3492 5230 cer-

1904 5276 2019 5323 tare
2044 5269 2322 5323 vidcantur
2344 5309 2360 5335 ,
2391 5282 2490 5322 nee
2516 5267 2670 5323 bona:
2697 5269 2744 5323 ei
2763 5308 2779 5333 ,
2829 5284 2929 5325 nec
2972 5268 3124 5323 malae
3159 5266 3493 5323 adscribatur

1904 5359 2148 5414 meritmu
2172 5358 2459 5412 voluntatis
2485 5375 2500 5409 :
2530 5358 2691 5413 habet
2709 5374 2838 5429 ergo
2860 5358 3220 5415 testimonium
3248 5357 3490 5427 ingenui-

1904 5452 2027 5507 tatis
2052 5451 2074 5483 ³
2096 5467 2227 5517 sum,
2255 5450 2396 5522 quod
2423 5452 2680 5509 innocens
2722 5461 2839 5517 est,
2877 5452 3000 5521 quia
3039 5465 3139 5506 nec
3179 5450 3320 5505 bono
3345 5491 3359 5516 ,
3391 5463 3492 5505 nec

1903 5543 2077 5609 malo,
2109 5543 2405 5598 voluntario
2431 5542 2724 5609 duntaxat,
2754 5544 2905 5617 plena
2936 5539 3486 5606 est..Possibilitatein

1967 5702 1983 5734 ι
2019 5707 2169 5749 Vetus
2203 5698 2544 5764 eodex__Port.,
2581 5707 2679 5750 Non
2716 5709 2833 5764 ergo
2860 5695 3002 5749 aliter
3041 5708 3136 5748 non
3171 5699 3311 5748 esset.
3348 5699 3492 5751 Forte

1903 5776 2008 5829 pro,
2034 5772 2167 5829 mou:
2189 5773 2305 5825 ergo
2324 5761 2464 5812 aliter
2486 5774 2581 5811 non
2608 5768 2747 5811 esset.

1966 5827 1987 5857 ’
2018 5825 2177 5872 Codex
2203 5830 2333 5876 ιιπ..
2358 5836 2422 5872 et:
2444 5837 2503 5873 ea
2524 5834 2635 5886 quo.

1973 5888 1994 5919 ³
2026 5887 2097 5937 sic
2122 5892 2224 5935 Mss.
2254 5887 2368 5935 l‘diti
2390 5881 2853 5947 vero,'iutngt'itaiis.
