3962 6498
506 388 638 446 H99

499 519 626 574 ergo
655 501 939 557 voluntatis
961 502 977 534 ¹
1005 499 1249 556 adscribc
1280 512 1516 566 naturze;
1547 499 1872 553 voluntatem
1902 503 2080 550 autem

500 612 601 650 nec
623 597 814 651 bonam
833 637 847 660 ,
879 610 978 650 nec
1024 594 1215 648 malam
1237 637 1250 656 ,
1276 601 1497 648 natura}.
1525 591 1721 647 Invicta
1766 604 1894 658 ergo
1918 587 2082 643 colle-

497 699 640 740 ctum
659 695 760 750 est,
784 685 1106 741 voluntatem
1128 685 1320 740 malam
1341 694 1581 741 exortam
1601 683 1812 752 quidem
1841 683 1894 736 in
1916 696 2078 750 opere

487 770 592 841 1ιεὶ
617 794 632 842 ;
655 777 749 832 sed
773 792 804 831 a
832 776 1070 847 possibili
1091 817 1106 836 ,
1137 792 1240 829 non
1265 790 1296 830 a
1316 775 1616 832 necessario
1643 773 1816 843 :quod
1846 772 2077 847 reputari

461 851 607 921 'non
666 858 856 937 potest.
891 867 1254 944 possibilitatis
1305 867 1513 931 datori,
1569 865 1662 920 sed
1717 854 2078 934 possibilitatis

501 958 669 1026 ipsius
695 942 1056 1028 gubernatori.

566 1049 704 1104 Auc.
737 1048 1070 1104 Voluntatem
1098 1063 1195 1103 nec
1219 1048 1410 1102 bonam
1432 1089 1448 1113 ,
1470 1062 1569 1116 nec
1599 1047 1789 1108 malam
1813 1086 1830 1114 ,
1874 1055 2076 1112 natura:

497 1139 747 1201 concedis
805 1139 1076 1206 adscribi,
1129 1140 1224 1218 sed
1279 1147 1479 1214 tantum
1535 1126 1939 1209 poSsibilitatcm
1990 1139 2075 1194 vel
2119 1147 2122 1151 '

495 1232 650 1287 boum
678 1232 759 1287 vel
787 1234 940 1288 mala:
969 1224 1286 1297 voluntatis,
1327 1248 1447 1288 cum
1473 1233 1541 1286 sit
1565 1241 1751 1286 natura
1781 1239 1832 1285 ct
1857 1231 2077 1302 angelus

499 1333 554 1382 et
582 1325 764 1380 homo.
806 1325 902 1381 Cui
937 1326 981 1380 si
1024 1341 1127 1379 non
1165 1333 1246 1380 est
1277 1323 1624 1379 adscribenda
1649 1364 1664 1386 ,
1695 1332 1749 1377 ut
1773 1322 1906 1377 dicis
1927 1363 1944 1389 ,
1978 1339 2073 1376 vo-

499 1415 674 1471 luntas
703 1417 842 1472 bona
871 1416 951 1472 vel
980 1417 1152 1481 male;
1183 1430 1282 1470 nec
1311 1412 1749 1488 honorandusde
1769 1413 1904 1472 bona
1924 1454 1940 1477 ,
1973 1427 2074 1482 nec

496 1506 565 1563 de
591 1507 726 1561 mala
754 1514 836 1562 est
859 1506 1129 1562 voluntate
1156 1504 1502 1560 damnandus.
1536 1503 1671 1572 Quid
1693 1504 1834 1564 enim
1860 1512 1942 1557 est
1971 1502 2070 1556 ini-

496 1601 654 1670 quius
675 1642 690 1666 ,
721 1617 877 1670 quam
910 1609 966 1654 ut
990 1599 1058 1656 de
1084 1599 1222 1653 malo
1245 1640 1260 1665 ,
1287 1598 1425 1668 quod
1453 1599 1501 1654 ei
1530 1607 1736 1652 nonest
1760 1596 2070 1650 adscriben-

493 1693 658 1756 dum,
699 1693 1000 1763 judicemus
1203 1691 1598 1767 damnandum?
1643 1691 1722 1744 An
1761 1689 1979 1759 angelus
2017 1696 2072 1742 et

501 1783 662 1839 homo
688 1793 887 1839 naturzn
917 1801 1020 1839 non
1049 1785 1214 1840 sunt?
1253 1783 1380 1851 Quis
1420 1784 1520 1839 hoc
1560 1783 1818 1852 loquitur,
1852 1783 1950 1838 nisi
1979 1795 2072 1847 ηεξ

491 1876 670 1930 sciens
721 1875 850 1946 quid
902 1876 1190 1946 loquatur?
1242 1875 1454 1930 Natura:
1509 1874 1667 1946 igitur
1712 1872 2066 1938 adscribitur,

489 1966 632 2036 quod
666 1968 854 2037 angelo
895 1966 1250 2034 adscribitur;
1299 1975 1502 2022 natum
1536 1965 1856 2028 adscribitur
1878 2006 1894 2031 ,
1926 1963 2068 2034 quod

492 2058 694 2114 homini
721 2059 1042 2115 adscribitur
1065 2078 1078 2114 :
1103 2060 1196 2116 sed
1219 2069 1420 2115 natura:
1441 2074 1559 2129 qua:
1582 2058 1777 2126 abono
1807 2058 1915 2112 Deo
1939 2072 2070 2113 con-

489 2148 595 2204 dita
641 2158 725 2205 est
764 2151 900 2206 bona
925 2193 940 2218 ,
983 2161 1039 2206 et
1080 2151 1350 2206 voluntate
1384 2165 1477 2204 sua
1514 2148 1650 2219 facta
1689 2156 1773 2204 est
1799 2148 1959 2203 mala.
1990 2147 2068 2214 Ac

489 2255 585 2310 per
616 2240 717 2296 hoc
736 2283 752 2309 ,
783 2243 1076 2296 rectissime
1098 2242 1327 2306 malum,
1355 2239 1498 2310 quod
1527 2240 1612 2299 his
1639 2240 1844 2295 naturis
1867 2239 2070 2316 adscri-

489 2331 662 2397 bitur,
694 2332 740 2386 ei
767 2348 796 2385 a
827 2347 932 2402 quo
982 2343 1108 2386 sunt
1148 2331 1376 2387 conditae
1415 2347 1520 2385 non
1567 2329 1918 2396 adscribitur;
1944 2329 2066 2399 quia

489 2436 598 2476 non
624 2439 714 2477 cas
747 2424 815 2477 ita
847 2423 1081 2478 condidit
1107 2465 1123 2490 ,
1162 2439 1282 2478 cum
1329 2423 1556 2492 primum
1601 2421 1874 2487 condidit,
1909 2430 1964 2474 ut
1988 2420 2068 2480 eis

486 2525 631 2569 esset
661 2513 916 2569 habenda:
947 2515 1100 2576 malae
1129 2514 1416 2569 voluntatis
1465 2515 1569 2568 ulla
1611 2514 1900 2569 necessitas
1925 2554 1938 2578 ,
1971 2513 2063 2568 sed

489 2606 853 2662 tantummodo
882 2606 1243 2676 possibilitas;
1273 2605 1359 2660 ubi
1386 2605 1631 2660 meritum
1661 2605 2062 2674 compararet‘,

487 2705 648 2766 atque
678 2697 938 2751 inveniret
963 2697 1016 2760 in
1036 2697 1114 2752 eis
1136 2695 1271 2752 bona
1294 2697 1538 2751 voluntas
1565 2712 1666 2767 nun
1689 2695 1898 2773 deserta
1924 2710 2064 2766 pra:-

489 2790 652 2848 mium
679 2830 693 2855 ,
725 2787 934 2844 deserta
961 2789 1297 2858 supplicium.
1335 2789 1468 2857 Quid
1498 2804 1625 2859 ergo
1654 2789 1850 2844 malitia
1878 2791 2064 2843 volun-

489 2877 616 2931 tatis
643 2879 839 2948 quatris
865 2893 1118 2944 excusare
1142 2889 1423 2947 naturam,
1469 2895 1619 2951 cupis
1659 2891 1740 2934 est
1789 2881 1920 2934 velie
1967 2895 2064 2935 seu

487 2969 672 3023 nolle?
700 2969 880 3040 Neque
917 2971 1058 3025 enim
1098 2982 1181 3025 est
1223 2971 1359 3029 mala
1397 2971 1640 3026 voluntas
1664 3013 1679 3036 ,
1712 2971 1810 3026 nisi
1839 2972 2064 3026 volentis

484 3067 577 3113 aut
602 3061 775 3131 angeli
800 3103 814 3128 ,
837 3069 932 3116 aut
957 3061 1186 3116 hominis
1209 3105 1226 3126 ,
1251 3076 1384 3131 quas
1410 3076 1516 3116 non
1537 3077 1656 3116 esse
1677 3071 1894 3120 naturas
1919 3062 2062 3121 nulla

485 3154 692 3210 ratione
741 3168 1028 3223 possumus
1064 3154 1260 3209 dicere.
1311 3154 1452 3222 Cur,
1504 3154 1750 3224 inquam,
1804 3154 2064 3210 adscribis

489 3243 693 3298 homini
751 3245 942 3299 malam
987 3247 1309 3300 voluntatem
1337 3287 1351 3311 ,
1398 3255 1457 3300 ut
1499 3261 1604 3300 non
1652 3245 1845 3315 injuste
1895 3245 2064 3317 possit

482 3335 637 3390 mala:
667 3335 958 3391 voluntatis
986 3337 1178 3391 merito
1206 3352 1388 3406 pinnas
1415 3336 1593 3402 luere;
1619 3335 1830 3406 etquod
1857 3336 2060 3390 adseri-

482 3425 564 3480 bis
604 3428 838 3492 homini,
883 3445 990 3483 non
1033 3429 1112 3482 vis
1154 3413 1459 3485 adscribere
1508 3439 1744 3493 naturre,
1773 3429 1923 3498 quasi
1954 3429 2061 3484 ullo

482 3517 642 3572 modo
686 3521 854 3587 possit
893 3519 1053 3574 homo
1091 3535 1196 3576 non
1233 3535 1354 3575 esse
1394 3521 1618 3575 natura?
1659 3520 1866 3586 Quanto
1893 3521 2060 3576 satius

480 3619 562 3663 est
586 3651 600 3673 ,
633 3619 684 3664 te
709 3624 836 3664 sana
861 3611 1000 3680 loqui
1026 3653 1042 3676 ,
1064 3621 1117 3666 et
1142 3611 1320 3667 dicere
1340 3610 1572 3666 hominis
1594 3611 1919 3666 voluntatem
1949 3627 2062 3666 nia-

480 3699 586 3754 lam
623 3701 831 3756 nonnisi
867 3703 1090 3771 alicujus
1127 3717 1246 3758 csse
1285 3711 1519 3768 natura},
1549 3703 1667 3772 quia
1695 3704 1869 3757 omnis
1900 3703 2058 3757 homo

483 3804 670 3847 natura
702 3804 819 3861 est;
864 3794 956 3850 sed
1005 3795 1159 3849 istam
1199 3803 1442 3854 naturam
1467 3834 1482 3860 ,
1509 3809 1630 3849 eum
1663 3795 1834 3864 primo
1861 3795 2058 3848 malum

477 3888 624 3958 egit,
656 3903 762 3942 non
791 3903 856 3942 ex
889 3888 1222 3956 necessario,
1264 3887 1360 3942 sed
1407 3902 1477 3942 ex
1527 3885 1763 3955 possibili
1812 3886 2060 3942 habuisse

477 3983 802 4037 voluntatem
858 3981 1095 4034 malam:
1149 3979 1576 4051 quandoquidem
1630 3979 1711 4032 his
1756 3979 2058 4034 nominibus

478 4068 571 4123 tibi
606 4069 800 4138 placuit
827 4069 934 4123 duo
961 4070 1058 4123 ista
1089 4069 1390 4125 discernere
1412 4111 1427 4136 ,
1449 4084 1672 4140 quorum
1698 4070 1748 4123 in
1771 4086 1876 4124 uno
1898 4070 2055 4124 intel-

477 4160 657 4230 ligitur
686 4160 737 4214 id
766 4161 875 4215 ﬁeri
906 4162 1046 4230 quod
1079 4177 1301 4218 necesse
1329 4171 1446 4228 est,
1483 4161 1536 4216 in
1579 4162 1748 4217 altero
1783 4170 1957 4216 autem
2003 4162 2056 4217 id

476 4252 618 4322 quod
648 4251 761 4306 ﬁeri
793 4253 1007 4322 quidem
1037 4261 1250 4322 potest,
1283 4253 1374 4308 sed
1405 4267 1621 4308 necesse
1650 4268 1754 4307 non
1786 4262 1905 4318 est,
1933 4254 2055 4323 quia

475 4355 527 4402 et
559 4360 663 4399 non
691 4343 804 4398 lieri
832 4343 1046 4414 potest?
1073 4345 1184 4398 lloc
1204 4344 1346 4398 enim
1372 4343 1438 4398 de
1463 4353 1681 4412 peccato
1705 4342 1858 4414 primi
1884 4342 2054 4398 homi.

474 4439 590 4505 nis,
630 4437 715 4493 νει
744 4439 1034 4507 primorum
1066 4435 1342 4490 hominum
1368 4435 1647 4489 verissime
1696 4435 1886 4490 dicitur
1923 4453 1934 4489 :
1968 4451 2054 4490 re-

473 4539 579 4583 stat
611 4529 698 4583 ille
725 4528 812 4598 qui
843 4529 1073 4593 clamat,
1107 4525 1224 4580 Non
1250 4524 1385 4596 quod
1413 4527 1543 4591 volo,
1567 4525 1701 4597 facio
1725 4525 1942 4592 bonum;
1965 4525 2054 4580 sed

471 4620 609 4690 quod
664 4620 781 4674 nolo
828 4619 1056 4682 malum,
1106 4619 1200 4690 hoc
1243 4634 1338 4688 ago
1387 4617 1580 4690 (Rom.
1617 4633 1729 4684 vn,
1775 4615 1902 4689 l9).
1949 4618 2053 4674 Iste

472 4711 670 4780 quippe
697 4726 765 4764 ex
789 4710 1092 4766 necessario
1137 4710 1334 4765 malum
1378 4710 1524 4780 agit,
1568 4709 1657 4780 qui
1701 4725 1806 4764 non
1847 4710 1958 4764 vult
1998 4719 2053 4766 et

472 4802 636 4871 agit:
689 4799 986 4871 frangitque
1033 4809 1174 4855 tuam
1229 4801 1503 4871 regulam,
1560 4818 1717 4872 quam
1771 4805 2050 4859 temeraria

471 4892 794 4962 loquacitate
821 4892 1016 4946 tinxisti
1045 4892 1232 4946 dicens
1255 4931 1272 4958 ,
1303 4891 1444 4973 quod
1476 4911 1494 4943 ι
1524 4907 1623 4947 nec
1658 4893 1863 4947 virtutis
1897 4910 1927 4948 a
1957 4910 2051 4950 ne-

468 4983 704 5040 cessario
730 4983 980 5053 probetur
1004 4998 1162 5038 causa
1179 4998 1318 5048 esse,
1351 4997 1448 5038 nec
1476 4983 1620 5049 vitii;
1653 5002 1671 5035 ι
1706 4999 1826 5039 cum
1851 4985 1872 5016 ³
1893 4985 2050 5054 hujus

468 5088 629 5129 causa
665 5074 919 5143 probetur
955 5088 1075 5128 esse
1123 5089 1154 5128 a
1197 5075 1521 5130 necessario.
1557 5073 1738 5144 Neque
1781 5076 1920 5129 enim
1959 5085 2052 5132 aut

469 5165 611 5220 actio
643 5166 765 5218 mali
809 5165 995 5218 vitium
1031 5179 1137 5218 non
1179 5172 1299 5228 est;
1345 5173 1438 5219 aut
1479 5163 1676 5220 bonum
1719 5166 1860 5236 quod
1896 5167 2046 5235 vult,

469 5274 577 5313 non
606 5255 782 5312 facere
806 5299 821 5324 ,
850 5267 902 5312 et
931 5257 1126 5311 malum
1156 5257 1297 5311 nolle
1318 5297 1333 5321 ,
1357 5267 1408 5312 et
1438 5266 1611 5312 tamen
1640 5273 1798 5328 agere
1821 5299 1835 5323 ,
1865 5274 2048 5314 neces-

468 5353 598 5407 sitas
624 5368 730 5408 non
758 5361 873 5415 est;
905 5360 998 5407 aut
1035 5367 1067 5406 e
1101 5350 1369 5406 contrario
1411 5365 1518 5406 non
1555 5350 1657 5406 erit
1696 5351 1849 5406 nobis
1887 5352 2048 5407 etiam

467 5446 676 5500 virtutis
703 5444 990 5500 necessitas
1014 5443 1138 5498 felix
1161 5485 1177 5510 ,
1202 5441 1416 5514 qundo
1457 5452 1600 5498 tanta
1638 5447 1808 5515 gratia
1853 5454 2044 5502 natura

532 5618 548 5651 ι
583 5618 665 5666 Hic
696 5619 849 5668 codex
871 5625 1112 5668 Portarum
1135 5617 1282 5676 addit,
1305 5615 1378 5667 vel
1399 5613 1551 5678 (tonat,
1579 5616 1652 5668 vel
1682 5617 1837 5669 malua.

532 5681 551 5710 ’
584 5680 743 5729 codex
766 5687 910 5742 νει-ιη
933 5687 1282 5745 compararem.
1303 5687 1399 5730 Non
1424 5679 1568 5739 male,
1591 5681 1632 5728 si
1657 5680 1844 5732 referas
1876 5681 1934 5732 ad
1963 5695 2045 5738 .a-

468 5745 829 5862 ιωιᾝῖίειι-ιὶειιιει,
852 5811 980 5864 omn,
1003 5804 1274 5854 restituitur
1293 5815 1358 5855 ex
1381 5811 1457 5852 izs.
1487 5810 1607 5853 t‘ort.

1205 385 1446 442 optatus
1487 379 1896 440 mrenrecn
1934 377 2205 433 comas
2243 380 2600 451 .IL'LIANUSI,
2641 387 2698 441 ε.
2741 389 3098 448 aucusrmt

3639 400 3766 456 l500

2190 508 2370 552 nostra
2401 501 2690 571 replebitur
2713 545 2728 569 ,
2755 513 2809 576 et
2842 506 2981 563 Deus
3006 507 3108 562 erit
3135 509 3312 564 omnia
3345 511 3395 565 in
3426 513 3676 568 omnibus
3699 516 3719 582 (
3744 515 3760 568 Ι

2186 589 2304 663 qu.
2338 608 2425 658 xv,
2449 594 2519 650 28
2535 595 2577 666 ),
2605 604 2666 654 ut
2691 599 2829 663 male
2852 599 3049 670 aliquid
3077 602 3214 657 velle
3244 617 3348 658 non
3377 604 3563 674 possit.
3589 605 3763 664 Virtus

2184 693 2261 736 est
2293 685 2490 755 quippe
2514 687 2717 756 justitia
2745 707 2759 754 ;
2791 700 2846 745 et
2882 693 3075 748 ewlum
3115 709 3308 749 novum
3349 705 3403 752 et
3447 707 3589 753 terra
3631 715 3760 763 nova

2185 775 2510 842 promittitur
2529 779 2682 835 nobis
2703 823 2717 846 ,
2740 781 2790 834 in
2813 783 3004 852 quibus
3018 783 3221 852 iustitia
3246 785 3536 860 inbabitat(
3557 789 3596 844 ll
3622 789 3756 846 Patr.

2184 880 2238 919 tu
2264 907 2277 928 ,
2318 867 2377 922 l5
2400 869 2440 936 ).
2471 871 2574 924 Aut
2693 870 2831 928 forte
2867 877 3104 932 turbatus
3125 919 3141 944 ,
3188 881 3434 948 praesenti
3467 883 3624 950 vitae,
3656 899 3757 940 non

2183 956 2370 1011 futurae
2397 959 2548 1014 istam
2578 963 2812 1032 regulam
2839 964 3058 1021 ﬁnxisse
3088 977 3138 1022 te
3163 969 3296 1025 dicis
3319 987 3335 1036 ;
3365 986 3468 1025 non
3495 973 3758 1029 contendo

2179 1061 2299 1112 cum
2332 1049 2470 1104 victo
2499 1051 2672 1116 :jllud
2701 1063 2848 1116 certe
2872 1054 2942 1110 ad
2975 1055 3111 1113 hanc
3146 1059 3311 1113 vitam
3349 1063 3618 1130 pertinere
3658 1080 3756 1118 non

2179 1152 2341 1218 negas
2364 1179 2380 1204 ,
2413 1141 2502 1195 ubi
2529 1142 2682 1212 vides
2707 1143 2988 1222 homipem
2999 1148 3134 1206 velle
3158 1189 3174 1214 ,
3199 1165 3298 1207 nec
3316 1150 3494 1208 facere
3524 1153 3750 1218 bonum;

2178 1239 2232 1280 et
2263 1230 2402 1285 nolle
2425 1273 2442 1298 ,
2468 1240 2627 1302 atque
2652 1249 2813 1305 agere
2839 1237 3038 1300 malum
3069 1241 3418 1312 :cogerisque
3445 1242 3546 1298 hoc
3573 1245 3754 1301 vitium

2177 1328 2361 1374 contra
2394 1323 2628 1393 regulam
2655 1333 2798 1381 tuam
2826 1329 3128 1400 necessitati
3150 1331 3412 1398 tribuere,
3439 1348 3544 1387 non
3571 1335 3755 1390 volun-

2178 1411 2291 1482 ιτιιὶ.
2320 1412 2404 1483 Ab
2431 1413 2530 1476 liae
2555 1426 2738 1488 autem
2779 1422 3134 1489 necessitate,
3173 1437 3295 1478 cum
3327 1440 3428 1494 qua
3472 1437 3756 1482 nascuntur

2175 1509 2229 1553 et
2257 1503 2460 1569 parvuli
2485 1546 2500 1571 ,
2533 1507 2627 1561 sed
2657 1509 2829 1564 :etatis
2851 1525 3068 1567 accessu
3096 1513 3288 1590 incipit
3309 1530 3570 1585 apparere
3595 1559 3611 1584 ,
3640 1519 3762 1588 quis,

2176 1591 2366 1646 liberat
2395 1595 2662 1652 hominem
2691 1601 2942 1656 miserum
2965 1643 2982 1669 ,
3011 1604 3109 1657 nisi
3139 1606 3306 1675 gratia
3339 1607 3430 1661 Dei
3460 1623 3554 1677 per
3576 1607 3764 1665 Jesutn

2175 1682 2286 1740 Cbr
2307 1694 2448 1740 stum
2481 1687 2763 1767 Dominum
2805 1703 3044 1762 nostrum
3081 1695 3272 1769 (Rom.
3302 1714 3407 1765 vn,
3435 1699 3508 1756 25
3526 1696 3576 1773 )?
3610 1700 3755 1770 cujus

2173 1779 2363 1846 gpitia:
2405 1793 2499 1842 vos
2540 1779 2778 1848 inimici,
2819 1783 2874 1838 in
2912 1795 3086 1842 vestra
3121 1787 3315 1857 virtute
3357 1789 3660 1856 conﬁditis;
3706 1801 3768 1858 ct,

2174 1878 2363 1922 contra
2390 1869 2567 1925 divina
2592 1873 2802 1944 eloquia
2825 1914 2842 1941 ,
2872 1891 2991 1945 qua:
3029 1877 3284 1949 damnant
3317 1895 3411 1941 eos
3435 1861 3539 1951 qui
3568 1881 3623 1935 in
3664 1895 3758 1936 sua

2173 1957 2368 2015 virtute
2409 1961 2682 2035 conﬁdunt
2721 1962 2950 2043 (lci-em.
2982 1953 3126 2034 ιγιι,
3157 1967 3253 2042 5),
3305 1970 3462 2040 impia
3508 1973 3775 2046 superbia.

2173 2049 2474 2122 disputatis.

2240 2142 2424 2220 LXIII.
2463 2144 2580 2225 Jun.
2614 2147 2822 2204 llirreat
2850 2164 2978 2220 ergo
3006 2151 3281 2234 prudentis
3309 2153 3488 2234 animo
3516 2154 3754 2226 lectoris,

2171 2236 2397 2291 multum
2425 2240 2679 2300 interesse
2707 2241 2846 2319 inter
2872 2258 2936 2298 ea
2962 2241 3079 2315 qua:
3105 2259 3135 2298 a
3164 2246 3400 2316 possibili
3431 2248 3677 2314 veniunt,
3705 2257 3770 2321 et,

2170 2343 2233 2384 ca
2263 2346 2382 2397 quae
2410 2346 2441 2386 a
2471 2334 2806 2400 necessario;
2837 2336 3200 2406 naturaliaque
3228 2338 3406 2392 omnia
3431 2340 3753 2395 necessariis

2169 2421 2427 2491 applicet,
2457 2423 2751 2480 voluntaria
2783 2441 2908 2480 vero
2934 2427 3275 2503 pOSsibilibus
3300 2443 3316 2493 ;
3344 2437 3397 2482 et
3425 2429 3753 2499 qumstiones

2171 2512 2444 2567 universas
2480 2513 2549 2568 ab
2586 2530 2684 2583 ea,
2731 2531 2830 2586 qua
2867 2517 3160 2589 coeperint,
3208 2505 3355 2588 parte
3394 2531 3747 2577 consummet.

2169 2601 2428 2675 Quoniam
2475 2603 2522 2658 si
2549 2620 2646 2680 per,
2673 2615 2953 2689 utramque
2991 2623 3134 2667 eicco
3166 2607 3368 2689 judicio
3411 2621 3666 2689 vagetur;
3701 2613 3765 2681 iq

2169 2693 2476 2750 innumeros
2492 2711 2587 2766 per
2602 2697 2760 2753 verba
2779 2714 2912 2768 pene
2929 2700 3105 2753 omnia
3126 2697 3484 2770 praecipitatur
3497 2717 3714 2758 errores
3733 2721 3745 2757 :

2168 2784 2310 2854 quod
2336 2787 2584 2855 quoniam
2609 2787 2736 2841 satis
2764 2787 2986 2855 claruit,
3013 2798 3235 2858 apparet
3264 2800 3314 2846 te
3339 2791 3498 2845 nimis
3527 2792 3746 2848 omnino

2167 2874 2456 2944 caligasse,
2507 2875 2596 2954 qui
2636 2877 2913 2947 collegisti,
2943 2896 2962 2930 ι
2994 2877 3271 2946 Quomodo
3309 2881 3480 2950 potuit
3527 2882 3748 2952 malum,

2167 2964 2309 3034 quod
2333 2956 2595 3036 nusquam.
2616 2977 2750 3035 erat,
2783 2957 2978 3024 exoriri
3011 2971 3066 3025 in
3093 2986 3253 3040 Opere
3285 2971 3378 3027 Dei
3394 2989 3415 3037 ;;
3447 2973 3516 3027 ita
3550 2974 3707 3028 etiam
3731 2957 3752 3039 ,-

2161 3055 2270 3126 jam
2320 3057 2460 3128 quod
2497 3067 2645 3126 erat,
2690 3061 2895 3115 transiit
2933 3063 3244 3118 naturaliter
3284 3079 3378 3134 per
3409 3080 3546 3134 opus
3584 3065 3695 3121 Dei.
3723 3084 3742 3118 ο

2175 3147 2299 3204 \‘ide
2327 3149 2467 3204 enim
2497 3165 2600 3221 quo
2630 3151 2704 3208 sis
2743 3152 3003 3230 involutus
3033 3170 3250 3208 errore:
3283 3164 3555 3223 peccatum
3585 3146 3749 3225 prima

2166 3240 2432 3315 voluntate
2455 3251 2791 3318 conceptum,
2819 3244 2957 3313 quod
2979 3260 3009 3298 a
3038 3245 3270 3314 possibili
3300 3247 3462 3322 venit,
3486 3245 3540 3301 in
3564 3262 3750 3318 ncces-

2164 3332 2302 3392 saria
2331 3332 2463 3388 dicis
2502 3333 2662 3389 fuisse
2694 3344 2972 3403 mutatum,
3015 3347 3071 3390 ut
3101 3335 3370 3407 quomodo
3406 3337 3580 3406 potuit
3624 3337 3747 3393 oriri

2165 3435 2340 3482 motus
2379 3427 2540 3485 animi
2566 3427 2732 3492 liber,
2766 3430 2835 3483 ita
2875 3432 2990 3484 sine
3025 3438 3171 3485 motu
3213 3429 3671 3485 liberodransiret
3695 3430 3764 3506 in)

2163 3519 2480 3573 naturalium
2509 3521 2875 3580 necessitatem
2905 3521 2942 3573 ¹.
2972 3520 3076 3575 Sed
3108 3507 3339 3592 intellige
3368 3522 3622 3591 quoniam
3655 3538 3760 3590 ne-_

2162 3611 2514 3666 cessariorum
2542 3619 2727 3666 auctor
2749 3612 2818 3665 sit
2846 3613 3002 3683 Deus.
3026 3611 3082 3669 Si
3103 3629 3228 3684 ergo
3258 3612 3360 3667 hoc
3388 3613 3512 3668 facit
3537 3615 3676 3670 Deus
3698 3614 3751 3673 in.

2163 3701 2364 3762 naturis
2385 3742 2400 3767 ,
2427 3701 2567 3771 quod
2602 3701 2724 3756 fecit
2753 3701 2962 3757 animus
2994 3704 3045 3758 in
3085 3704 3290 3773 culpis;
3324 3718 3548 3759 necesse
3575 3712 3656 3758 εει
3694 3713 3747 3758 ιιι

2161 3793 2238 3847 sic
2264 3794 2331 3847 sit
2362 3809 2504 3862 reus,
2535 3793 2802 3863 quomodo
2825 3805 2880 3850 et
2905 3795 2992 3850 ille
3018 3794 3168 3873 cuius
3195 3795 3366 3866 arguit
3395 3796 3744 3867 voluntatem.

2163 3884 2274 3940 lmo
2299 3886 2464 3956 magis
2489 3903 2504 3941 :
2537 3894 2732 3959 quanto
2761 3887 2902 3942 enim
2929 3897 3011 3942 est
3045 3889 3163 3958 plus
3203 3888 3565 3943 necessarium
3590 3905 3744 3959 quam

2163 3977 2411 4046 possibile
2429 4017 2444 4042 ,
2472 3985 2618 4035 tanto
2644 3978 2922 4034 scelestius
2947 3988 3029 4034 est
3057 3980 3368 4050 ingenerare
3395 3996 3558 4051 quam
3597 3997 3745 4036 usur-

2162 4082 2289 4137 pare
2317 4077 2607 4136 peccatum.
2640 4067 2792 4134 Quod
2823 4069 2942 4126 licet
2972 4086 3148 4128 rerum
3177 4080 3362 4126 natura
3393 4086 3499 4126 non
3531 4072 3742 4142 capiat;

2162 4165 2340 4212 tamen
2367 4157 2448 4211 hic
2469 4158 2812 4222 ostenderim,
2840 4160 3010 4215 multo
3033 4161 3268 4231 peiorem
3291 4177 3410 4217 esse
3436 4162 3742 4232 Opinionem

2161 4256 2303 4302 tuam
2331 4247 2396 4302 de
2423 4248 2560 4314 Deo,
2587 4265 2743 4320 quam
2781 4250 3073 4310 Manicltmi.
3108 4252 3251 4307 Illius
3289 4252 3430 4307 enim
3461 4253 3634 4309 Deum
3664 4253 3743 4308 vel

2159 4339 2331 4394 subita
2361 4338 2501 4394 bella
2530 4348 2878 4398 truncarunt:
2914 4353 3057 4398 tuum
3084 4358 3211 4398 vero
3235 4344 3450 4414 antiqua
3477 4352 3533 4398 et
3563 4345 3752 4410 multi:

2157 4431 2349 4502 plicata
2392 4431 2611 4486 crimina
2639 4441 3008 4503 corruperunt.
3047 4435 3130 4505 Ac,
3171 4450 3264 4504 per
3286 4435 3388 4489 hoc
3424 4449 3531 4488 non
3572 4435 3746 4490 solum

2157 4522 2225 4577 de
2260 4523 2552 4593 quiestione
2585 4522 2834 4580 dissentis
2869 4540 2900 4580 a
2940 4524 3258 4590 Catholicis,
3291 4525 3385 4580 sed
3426 4526 3649 4580 omnino
3676 4525 3738 4597 de

2158 4613 2267 4668 Deo
2291 4631 2304 4668 :
2337 4629 2441 4668 non
2469 4613 2640 4682 ipsum
2667 4615 2820 4678 colis,
2848 4631 3004 4684 quem
3033 4630 3130 4669 nos
3154 4615 3542 4686 :equissimum,
3569 4616 3739 4670 omni-

2156 4704 2578 4774 potentissimum
2601 4747 2615 4772 ,
2645 4706 2998 4762 inviolabilem
3031 4707 3084 4762 in
3112 4707 3369 4762 Trinitate
3395 4723 3735 4763 veneramur.

2156 4795 2301 4867 Ergo
2326 4811 2598 4866 permeare
2619 4811 2722 4851 non
2747 4798 2914 4867 potuit
2936 4813 3032 4867 per
3051 4807 3292 4862 naturam
3316 4814 3401 4852 res
3423 4798 3735 4862 voluntatis;

2154 4890 2451 4959 meritoque
2477 4903 2573 4948 nos
2611 4887 2867 4951 diximus,
2899 4889 3018 4958 quia
3049 4903 3182 4959 opus
3221 4888 3422 4944 diaboli
3469 4905 3569 4959 per
3612 4903 3737 4959 opus

2155 4978 2248 5034 Dei
2277 4979 2502 5034 transire
2547 4994 2651 5032 non
2695 4979 2905 5032 sinitur.
2949 4977 3092 5049 Opus
3133 4978 3275 5032 enim
3318 4978 3520 5033 diaboli
3569 4979 3736 5033 homi-

2154 5069 2340 5138 nisque
2382 5069 2503 5134 mali
2547 5079 2817 5138 peccatum
2846 5077 2955 5134 est,
2983 5069 3122 5138 quod
3151 5070 3202 5124 in
3235 5069 3380 5124 nullo
3420 5079 3599 5139 potest
3623 5070 3734 5124 sine

2154 5160 2334 5214 libera:
2360 5168 2502 5212 niotu
2533 5160 2819 5221 voluntatis
2844 5161 3092 5223 existere.
3117 5159 3266 5228 Quod
3292 5175 3427 5232 opus
3445 5161 3500 5216 et
3520 5161 3732 5222 diabolo

2153 5260 2208 5306 et
2235 5249 2432 5304 homini
2466 5266 2500 5316 aq
2523 5250 2756 5320 possibili
2783 5251 2927 5305 venit
2966 5260 3020 5306 et
3058 5252 3238 5307 venit:
3273 5266 3411 5321 opus
3435 5262 3612 5307 autem
3643 5252 3727 5308 Dei

2151 5351 2227 5397 est
2260 5351 2472 5408 natura,
2501 5341 2553 5396 in
2599 5358 2699 5412 qua
2728 5358 2831 5398 non
2867 5357 2895 5394 a
2928 5341 3198 5411 possibili,
3239 5341 3334 5397 sed
3366 5358 3395 5397 a
3436 5343 3726 5398 necessari:

2152 5434 2392 5492 subsistit
2436 5434 2630 5490 homo:
2671 5451 2788 5504 qua:
2831 5443 3015 5489 natura
3060 5436 3241 5490 multis
3279 5447 3364 5490 est
3404 5438 3726 5506 temporibus

2153 5526 2269 5580 sine
2297 5526 2589 5593 voluntate,
2615 5525 2863 5597 quoniam
2889 5526 2968 5579 vis
2993 5526 3108 5597 ejus
3130 5535 3286 5581 :eLale
3315 5536 3462 5582 certa
3490 5528 3721 5582 sentitur.

2152 5617 2415 5686 Quamdiu
2453 5633 2579 5688 ergo
2611 5627 2693 5672 cst
2739 5626 2924 5672 natura
2965 5619 3080 5674 siue
3128 5619 3418 5686 voluntate,
3466 5637 3595 5689 opus
3637 5616 3719 5674 [lci

2219 5807 2235 5846 ι
2270 5806 2340 5857 sic
2361 5811 2466 5864 uss.
2495 5807 2778 5870 Vignieriits,
2809 5805 2858 5871 in
2899 5806 3166 5858 naualem
3195 5814 3542 5866 necessitatem.
