3962 6482
195 434 326 491 15οι

188 557 562 613 tantummodo
588 568 671 615 est
694 576 707 614 :
739 567 793 635 at
816 559 930 614 hzrc
953 558 1092 632 quad
1118 575 1223 635 non
1245 559 1448 627 fecerit,
1475 576 1581 615 non
1604 567 1779 629 potest

190 646 389 704 habere
411 659 706 720 peccaturo.
729 632 1129 706 irrel‘utabiliter
1154 632 1281 720 ergo
1305 649 1502 706 dictum
1529 660 1631 713 est,
1653 649 1778 720 quia

185 754 287 822 per
324 756 461 811 Opus
490 742 581 797 Dei
610 757 745 825 opus
773 741 969 821 diaboli
999 742 1225 797 transire
1260 758 1364 797 non
1409 743 1619 799 sinitur.
1658 738 1775 801 Non

185 830 369 909 minus
386 841 562 891 autem
587 831 776 893 falsum
799 842 880 895 est
900 848 1056 903 quam
1079 830 1381 904 profanum,
1412 830 1554 907 quod
1576 829 1770 894 dixisti,

192 939 213 977 t
244 923 393 992 Opus
414 923 590 992 operis
611 922 700 980 Dei
725 912 911 979 transit
934 939 1034 996 per
1053 939 1186 994 opus
1211 924 1322 979 Dei.
1353 942 1372 976 ι
1401 922 1444 979 ll
1467 937 1511 977 te
1532 931 1612 977 est
1631 921 1774 977 enim

185 1010 389 1079 dicere,
429 1014 623 1082 Peeeat
658 1024 715 1073 et
751 1014 911 1083 Deus,
941 1015 1062 1087 quia
1107 1016 1341 1085 peccavit
1383 1014 1564 1079 homo,
1614 1028 1773 1084 quem

187 1102 310 1165 fecit
347 1091 666 1177 Dens.Nam
694 1106 831 1174 sicut
859 1118 1118 1176 nusquam
1148 1116 1231 1161 ρει
1257 1113 1554 1175 peccatum,
1587 1104 1690 1159 nisi
1721 1102 1774 1158 in

184 1210 351 1265 opere
392 1186 652 1265 hominis;
695 1211 870 1267 neque
918 1196 1060 1251 enim
1100 1210 1220 1252 cum
1267 1195 1563 1267 peccaverit
1590 1195 1772 1259 homo,

183 1287 386 1366 aliquid
414 1288 723 1367 substanlizr.
751 1289 868 1357 ejus
895 1288 1125 1357 additur,
1154 1297 1212 1367 ut
1239 1299 1512 1368 peccatum
1540 1286 1611 1341 ibi
1635 1285 1772 1349 emi—

186 1394 315 1447 nere
341 1370 621 1446 videatur,
653 1380 749 1434 sed
771 1373 1138 1435 tantunnnodo
1165 1381 1360 1434 malum
1382 1394 1516 1449 opus
1538 1377 1606 1433 de
1631 1377 1772 1433 mala

179 1474 458 1538 voluntate
483 1472 825 1550 commissum
846 1515 861 1540 ,
889 1473 964 1528 illi
995 1486 1206 1550 quoque
1231 1488 1261 1527 a
1291 1486 1397 1543 quo
1426 1470 1622 1527 factum
1650 1478 1771 1537 est,

180 1577 459 1643 comparat
483 1567 728 1626 meritum
759 1566 979 1633 malum,
1012 1573 1071 1621 ut
1095 1565 1266 1621 malus
1285 1562 1492 1619 dicatur
1518 1562 1608 1634 qui
1634 1562 1772 1617 mala

179 1659 346 1735 fecit:
395 1658 465 1715 ita
507 1658 665 1721 etiam
705 1658 846 1719 Deus
884 1666 1025 1735 tuus,
1063 1656 1109 1712 si
1148 1655 1345 1711 malum
1386 1654 1443 1735 in}
1472 1668 1637 1725 opere
1674 1666 1777 1729 suo

180 1734 308 1807 fecit
331 1790 350 1817 ,
376 1749 509 1806 nihil
534 1739 747 1821 quidem
774 1734 1084 1804 substantia:
1109 1747 1226 1817 ejus
1254 1734 1480 1814 accedit,
1510 1746 1647 1815 sient
1674 1759 1772 1800 nec

178 1840 413 1918 hominis
436 1857 452 1906 ;
477 1850 651 1897 tamen
680 1839 923 1903 meritum
949 1840 997 1894 ei
1022 1837 1470 1915 deformissimam
1495 1851 1773 1908 compara-

176 1940 301 1999 tur,
333 1941 389 1986 ut
419 1930 589 1987 malus
631 1928 771 1987 male
800 1927 1042 1985 faciendo
1070 1928 1295 1985 dicatur.
1340 1927 1602 1985 Parvulas
1641 1942 1771 1982 sane

177 2026 437 2099 probatur
465 2025 622 2081 etiam
659 2035 784 2102 tunc
820 2038 943 2078 reus
985 2039 1090 2077 non
1124 2036 1262 2101 esse,
1307 2020 1426 2093 quia
1458 2020 1712 2102 malitiam
1739 2034 1771 2074 a

176 2098 485 2174 necessario
506 2115 665 2195 habet
688 2156 704 2189 η
728 2098 884 2186 quam
909 2114 1007 2169 nisi
1030 2100 1275 2189 diabolus
1294 2127 1323 2166 a
1349 2098 1584 2182 possibili
1605 2108 1775 2183 habe-3

175 2217 261 2265 ret
282 2250 296 2272 ,
331 2223 456 2263 rens
484 2222 604 2263 esse
633 2223 737 2261 non
764 2215 965 2278 posset.
1010 2205 1148 2261 Deus
1175 2214 1351 2260 autem
1379 2203 1469 2275 qui
1495 2216 1652 2258 verus
1687 2210 1773 2258 est

174 2285 629 2362 Christianorum,
670 2299 867 2353 malum
904 2311 1011 2353 non
1058 2296 1219 2353 facit:
1266 2294 1516 2365 parvulus
1557 2308 1771 2365 quoque

174 2380 300 2467 ante
351 2389 577 2460 propria:
608 2388 895 2467 voluntatis
937 2386 1214 2467 arbitrium
1253 2383 1385 2439 nihil
1435 2382 1615 2450 habet,
1664 2381 1768 2438 nisi

173 2466 316 2552 quod
354 2481 409 2535 in
441 2494 506 2537 eo
536 2479 661 2536 fecit
704 2464 869 2535 Deus.
912 2466 1163 2534 Naturale
1200 2464 1359 2548 igitur
1404 2475 1605 2551 nullum
1648 2489 1769 2547 esse

172 2555 454 2667 peccatum
481 2579 674 2641 potest.
719 2570 823 2627 Sed
860 2570 1109 2642 quoniam
1154 2556 1529 2625 sollicitissime
1562 2566 1773 2638 antiqui

171 2656 378 2718 erroris
405 2673 557 2718 antra
589 2663 930 2736 prorupimus
959 2662 1011 2727 ',
1040 2676 1139 2717 nec
1164 2661 1450 2731 quidquam
1480 2674 1642 2731 super
1667 2656 1769 2714 hac

173 2753 475 2833 quaestione
503 2754 773 2839 occultum.
808 2753 1067 2834 remansit
1093 2769 1107 2806 :
1142 2760 1319 2815 teneat
1347 2749 1517 2807 lector
1540 2748 1771 2820 diligens

168 2846 574 2903 distinctionem
610 2845 896 2902 necessarii
928 2856 1087 2916 atque
1115 2843 1420 2915 possibilis;
1448 2853 1502 2898 et
1528 2858 1633 2897 non
1661 2843 1766 2897 mi-

170 2954 277 2994 nus
300 2939 712 2995 Manichaeorum
738 2980 754 3007 ,
783 2953 941 3008 quam
967 2936 1423 2992 Traducianornm
1465 2941 1766 2991 commenta

170 3030 392 3087 ridebit.

187 3114 193 3119 “
243 3125 384 3188 Aes.
425 3121 579 3195 Apud
606 3120 851 3179 homines
879 3121 965 3193 qui
992 3135 1054 3176 ea
1080 3134 1200 3191 qua:
1227 3118 1430 3193 legunt,
1461 3116 1539 3175 sic
1566 3116 1766 3193 iutelll-
1808 3183 1823 3195 .

168 3224 326 3287 gunt,
365 3223 428 3271 ut
460 3216 617 3270 etiam
658 3215 756 3269 ista
783 3229 904 3285 quae
920 3213 1054 3268 dicis
1093 3212 1411 3282 intelligant,
1452 3210 1585 3267 nihil
1611 3210 1764 3281 egisti

168 3306 340 3369 aliud.
370 3305 557 3361 eadem
581 3321 675 3376 per
698 3304 884 3361 eadem
912 3313 1055 3359 tanta
1078 3303 1426 3374 perplexitate
1449 3300 1763 3372 repetendo,

172 3398 275 3463 nisi
297 3407 359 3453 ut
375 3405 431 3453 te
449 3406 731 3469 appareret
754 3396 1156 3467 responsionem
1182 3403 1418 3450 nostram
1443 3394 1496 3449 in
1518 3409 1623 3449 uno
1644 3409 1766 3450 meo

170 3488 312 3549 Libro
333 3532 348 3555 ,
378 3502 537 3559 quem
568 3487 671 3545 tuis
709 3496 832 3543 octo
865 3485 1112 3543 refellere
1141 3486 1446 3558 suscepisti,
1489 3500 1610 3541 cum
1651 3486 1765 3541 dis-

170 3561 386 3635 solvere
427 3594 535 3635 non
580 3578 809 3643 valeres,
853 3579 1143 3634 obscurare
1180 3576 1433 3634 voluisse.
1485 3577 1638 3648 Apud
1669 3593 1765 3635 eos

171 3681 356 3730 autem
401 3671 490 3742 qui
522 3671 636 3727 hmo
668 3686 775 3728 non
803 3670 1134 3742 intelligunt,
1165 3669 1216 3724 id
1246 3670 1400 3741 egisti
1443 3670 1655 3737 saltem,
1705 3679 1767 3725 nt

170 3764 296 3831 ideo
327 3773 380 3818 te
417 3771 602 3833 putent
637 3761 835 3819 dixisse
870 3761 1100 3833 aliquid,
1131 3761 1380 3832 quoniam
1411 3776 1517 3815 non
1564 3760 1764 3817 intelli-

170 3861 325 3929 gunt.
356 3853 511 3910 Unde
544 3853 777 3909 breviter
816 3851 1134 3908 admonendi
1161 3861 1286 3907 sunt
1320 3851 1532 3907 interim
1570 3852 1637 3908 de
1664 3850 1768 3913 hoe

173 3945 322 4000 unde
359 3958 501 4000 nunc
542 3944 752 4015 agitur,
794 3955 853 3998 ut
899 3943 1027 3999 illud
1064 3943 1239 4015 ipsum
1284 3958 1494 4008 meum,
1543 3943 1766 4005 remotis

172 4029 388 4113 nebulis
424 4042 527 4090 tua:
551 4035 884 4107 loquacitatis
903 4077 918 4103 ,
949 4034 1236 4113 aspiciant,
1267 4046 1323 4091 et
1362 4035 1577 4091 videant
1603 4050 1765 4107 quam

168 4129 241 4184 sit
273 4128 550 4183 invictum.
578 4126 659 4181 Tu
697 4127 840 4191 enim
875 4126 1088 4182 dixeras
1114 4144 1128 4181 :
1157 4144 1176 4179 ι
1203 4125 1260 4183 Si
1294 4135 1488 4193 natura
1512 4139 1649 4196 opus
1682 4133 1767 4182 est

169 4220 293 4302 Dei,
311 4235 412 4293 per
424 4234 558 4290 opus
576 4219 671 4278 Dei
687 4234 820 4290 opus
834 4219 1031 4273 diaboli
1049 4218 1274 4282 transire
1288 4233 1391 4274 non
1409 4217 1620 4273 sinitur.
1645 4234 1666 4270 ι
1685 4215 1765 4272 Ad

289 4326 395 4383 ego
413 4328 427 4343 -
450 4311 617 4379 «Quid
630 4319 713 4367 est
727 4309 867 4381 quod
882 4310 1027 4377 dicit,
1042 4328 1061 4362 ι
1080 4310 1314 4380 inquam,
1326 4326 1345 4361 t
1365 4309 1419 4365 Si
1434 4319 1618 4364 natura
1631 4322 1766 4379 onus

166 4384 254 4459 ἑὲι
276 4403 396 4469 Dei,
413 4418 512 4481 per
528 4417 664 4473 opus
678 4402 770 4457 Dei
789 4416 926 4473 opus
948 4401 1142 4467 diaboli
1164 4402 1390 4465 transire
1410 4416 1515 4463 non
1537 4399 1766 4459 sinitur?

166 4493 363 4567 Nonne
389 4508 528 4564 opus
554 4493 789 4563 diaboli,
819 4492 1033 4564 quando
1062 4492 1114 4547 in
1138 4492 1350 4564 angelo,
1379 4493 1468 4564 qui
1491 4491 1660 4547 factus
1683 4499 1767 4548 est

167 4585 423 4643 diabolus
444 4626 461 4651 ,
486 4586 633 4657 prius
670 4595 845 4640 ortum
875 4593 992 4652 est,
1028 4583 1082 4641 in
1110 4598 1276 4655 opere
1304 4583 1399 4639 Dei
1435 4592 1613 4639 ortum
1642 4583 1765 4639 est?

166 4680 515 4751 Quapropter
538 4677 584 4731 si
611 4677 830 4743 malum;
858 4675 999 4747 quod
1025 4689 1282 4746 nusquam
1309 4684 1425 4730 erat
1446 4676 1682 4740 omnino,
1709 4675 1765 4730 in

166 4770 263 4828 Dei
286 4782 459 4838 opere
485 4767 614 4823 oriri
642 4767 812 4837 potuit
836 4784 850 4820 :
874 4781 971 4822 cur
1007 4765 1204 4821 malum
1226 4807 1241 4833 ,
1264 4765 1405 4836 quod
1437 4765 1628 4821 alicubi
1651 4766 1763 4835 jam

163 4873 281 4921 erat
308 4861 333 4892 ’
359 4900 376 4925 ,
412 4873 511 4930 per
549 4873 682 4928 opus
711 4856 808 4915 Dei
837 4856 1065 4912 transire
1098 4870 1203 4911 non
1234 4856 1440 4926 potuit;
1469 4858 1764 4926 praesertim

163 4964 291 5008 cum
334 4949 455 5019 ipso
496 4949 661 5005 verbo
706 4955 884 5007 utatur
922 4948 1208 5020 Apostolus
1252 4947 1460 5013 dicens,
1494 4945 1559 5000 Et
1597 4946 1670 5000 ita
1710 4947 1765 5000 in

160 5060 342 5115 omnes
390 5042 620 5103 homines
655 5040 942 5114 pertransiit
975 5059 997 5094 ι
1018 5041 1192 5111 (Rom.
1217 5055 1270 5108 v,
1292 5038 1424 5110 12)?
1453 5055 1473 5092 t
1499 5036 1764 5109 Numquid

162 5138 420 5207 homines
446 5151 554 5197 non
580 5143 703 5191 sunt
725 5150 862 5204 opus
891 5134 1027 5189 Dei?
1054 5132 1365 5189 Pertransiit
1406 5147 1536 5205 ergo
1572 5146 1764 5202 pecca-

162 5240 283 5286 tum
329 5243 429 5299 per
466 5227 730 5293 homines,
774 5224 877 5289 hoc
915 5234 1017 5293 est,
1072 5239 1211 5296 opus
1253 5223 1451 5279 diaboli
1498 5238 1593 5294 per
1630 5238 1767 5293 opim

163 5307 305 5379 Dei:
352 5330 516 5392 atque
558 5329 620 5375 ut
650 5320 757 5375 alio
781 5318 943 5375 modo
974 5317 1201 5389 idipsum
1238 5316 1410 5373 dicam
1430 5358 1446 5383 ,
1477 5331 1612 5387 opus
1638 5330 1767 5388 ope-

162 5415 240 5469 ris
288 5412 387 5469 Dei
417 5427 514 5485 per
538 5424 674 5482 opus
716 5410 831 5474 Dei.
861 5410 928 5465 Et
955 5410 1075 5465 ideo
1111 5411 1250 5466 Deus
1286 5408 1436 5464 solus
1459 5417 1542 5466 est
1569 5409 1765 5464 immu-

162 5504 351 5559 tabilis
393 5511 449 5557 et
494 5501 875 5573 potentissima:
922 5502 1210 5559 bonitatis:
1251 5502 1341 5572 qui
1388 5509 1444 5557 et
1479 5511 1763 5573 antequam

158 5601 318 5652 esset
358 5594 527 5653 ullum
571 5594 792 5662 malum,
819 5594 958 5651 bona
997 5608 1157 5664 opera
1200 5593 1323 5650 fecit
1363 5594 1562 5661 omnia,
1603 5602 1658 5648 et
1694 5592 1764 5649 de

160 5689 351 5755 utalia,
380 5703 501 5759 qua:
521 5686 574 5743 in
604 5686 760 5745 bonis
785 5686 854 5742 ab
879 5701 946 5743 eo
971 5684 1123 5742 factis
1145 5694 1263 5743 orta
1294 5694 1437 5755 sunt,
1469 5685 1606 5742 bene
1628 5699 1759 5756 ope«

234 5867 251 5900 ι
292 5873 445 5914 vetus
465 5863 617 5914 codex
644 5869 787 5921 νυνι,
811 5861 1136 5977 get-rupimus.

237 5929 261 5964 Ι
296 5932 372 5977 Sic
395 5935 497 5977 iis.
523 5932 573 5975 tn
597 5926 751 5977 “illi.
779 5940 808 5975 tt
836 5924 846 5933 “
877 5922 956 5977 ubi
974 5938 1067 5976 non
1090 5938 1136 5976 et

237 5929 261 5964 '
296 5932 372 5980 Sic
395 5935 497 5977 ius.
523 5932 573 5975 tn
597 5926 751 5991 \‘ign,
779 5924 1067 5978 ulicubi’nou
1090 5932 1191 5976 erat

1534 438 1735 498 uasa
1776 403 2090 504 animus.

3330 435 3472 494 I503

1891 561 2037 605 ratur
2063 564 2157 621 per
2179 550 2356 605 omnia
2393 568 2414 604 ι
2448 547 2549 620 (De
2579 546 2789 621 Nuptiis
2817 562 2862 607 et
2890 551 3322 624 Concupiscentia,
3374 550 3466 609 lib.

1883 641 1940 709 2,
1968 658 2022 696 η.
2052 638 2284 712 48).Hac
2312 650 2367 696 tu
2392 652 2575 698 rerum
2605 640 2866 698 evidentia
2895 644 3247 713 perturbatus,
3278 644 3470 707 oculos

1885 724 2161 809 hominum
2206 732 2276 788 de
2317 732 2553 803 possibili
2587 741 2643 789 et
2686 735 2990 790 necessario
3032 736 3185 807 longa
3222 746 3277 794 et
3321 736 3467 792 inani

1882 824 2237 896 disputatione
2249 826 2602 883 tenebrandos
2619 828 2834 898 putasti,
2849 832 2905 882 ut
2920 828 3015 884 ista
3028 829 3249 901 caligine
3259 820 3466 901 objecta

1880 917 2199 972 sententiam
2231 926 2371 971 tuam
2400 926 2589 973 vanam
2618 933 2725 973 non
2759 919 3122 987 subtralteres,
3152 933 3221 974 ne
3241 920 3463 990 perime-

1881 1015 2045 1080 retur,
2066 1005 2159 1062 sed
2182 1023 2247 1063 ne
2264 1017 2532 1080 perempta
2549 1008 2728 1080 jacere
2740 1009 3158 1080 conSpiceretur,
3176 1010 3469 1067 absconde—

1880 1096 2181 1154 res.Utrum
2194 1099 2427 1170 quippea
2445 1101 2765 1169 necessario,
2779 1117 2845 1156 an
2863 1115 2893 1156 a
2910 1099 3298 1174 possibili,quid
3315 1103 3471 1156 inter-

1879 1198 1961 1245 est
1997 1188 2065 1244 ad
2091 1205 2202 1245 rem
2247 1190 2314 1247 de
2338 1206 2439 1263 qua
2466 1192 2793 1263 quan-imus?
2813 1193 3048 1263 Angelus
3067 1201 3212 1248 certe
3233 1201 3287 1248 et
3305 1192 3467 1247 homo

1879 1289 2169 1350 pecearunt
2192 1298 2207 1339 :
2230 1289 2321 1336 aut
2339 1297 2469 1353 ergo
2489 1283 2627 1339 aude
2646 1283 2825 1340 dicere
2845 1285 3093 1355 angelum
3117 1294 3171 1340 et
3196 1284 3464 1340 hominem

1878 1386 1984 1426 non
2013 1385 2131 1427 esse
2157 1384 2408 1438 naturas;
2440 1382 2550 1440 aut,
2576 1376 2697 1445 quia
2728 1389 2834 1431 non
2863 1376 2933 1430 ita
2956 1391 3015 1431 es
3043 1376 3259 1430 insanus
3288 1382 3346 1429 ut
3367 1389 3465 1430 au-

1879 1460 2029 1527 deas,
2063 1463 2394 1518 convinceris
2425 1475 2677 1535 peccante
2694 1466 2883 1537 angelo
2907 1481 3158 1536 peccasse
3179 1474 3423 1521 naturam
3446 1507 3463 1533 ,

1876 1552 2208 1607 convineeris
2231 1566 2481 1623 peccante
2503 1553 2716 1612 homine
2743 1571 2992 1627 peccasse
3016 1567 3281 1613 naturam.
3303 1555 3408 1614 Sed
3434 1574 3466 1611 a

1877 1641 2154 1718 possibili,
2206 1643 2415 1714 inquis,
2465 1659 2570 1701 non
2616 1661 2646 1701 a
2695 1648 2998 1703 necessario
3039 1649 3299 1718 peccavit.
3353 1648 3467 1712 Hoc

1881 1716 2065 1788 verum
2090 1744 2172 1790 est
2195 1753 2208 1789 :
2238 1745 2413 1790 tamen
2436 1738 2654 1808 angelus
2677 1741 2933 1809 peccavit,
2962 1716 3139 1796 tamen
3161 1739 3322 1797 homo
3342 1756 3467 1813 pec:

1878 1825 2054 1892 cavit,
2084 1834 2259 1880 tamen
2292 1837 2477 1882 natura
2511 1830 2785 1899 peccavit;
2816 1845 2878 1891 ac
2904 1830 2983 1903 sic
3009 1846 3142 1902 opus
3169 1831 3296 1903 Dei,
3319 1832 3465 1909 quod

1875 1922 1960 1971 est
1982 1917 2237 1986 angelus,
2280 1917 2424 1987 quod
2458 1926 2541 1975 est
2570 1919 2761 1986 homo,
2792 1936 2897 1989 non
2924 1933 3148 1992 cogente
3191 1922 3302 1986 Deo
3324 1963 3340 1988 ,
3366 1921 3462 1980 sed

1875 2020 1971 2061 sua
1998 2006 2133 2060 mata
2165 2007 2462 2074 voluntate,
2492 2024 2652 2080 quam
2673 2011 2844 2083 potuit
2869 2019 2923 2077 et
2950 2027 3055 2067 non
3087 2012 3303 2081 habere,
3334 2027 3462 2083 pec-

1874 2097 2032 2153 cavit.
2055 2095 2134 2153 Illi
2160 2114 2288 2169 ergo
2308 2110 2511 2157 natura:
2536 2102 2845 2175 ignominia,
2867 2120 2987 2177 quae
3011 2119 3131 2160 cum
3163 2088 3461 2168 bene-facta

1872 2199 2037 2258 esset,
2060 2200 2114 2246 et
2133 2191 2330 2247 malum
2354 2192 2526 2249 facere
2545 2206 2725 2251 coacta
2748 2211 2852 2250 non
2874 2182 3040 2263 esset,
3065 2208 3240 2253 tamen
3263 2198 3460 2258 malum

1874 2279 2037 2340 fecit:
2067 2282 2178 2338 Deo
2206 2292 2383 2339 autem
2412 2285 2600 2356 gloria,
2629 2287 2720 2359 qui
2744 2297 2797 2343 et
2822 2297 3065 2346 naturam
3092 2289 3285 2344 bonam
3314 2289 3459 2360 fecit,

1872 2381 1928 2430 et
1952 2375 2020 2431 de
2044 2376 2187 2431 malo
2207 2376 2342 2432 bene
2367 2377 2508 2443 facit,
2537 2380 2676 2450 quod
2707 2380 2820 2451 ipse
2847 2396 2950 2436 non
2972 2379 3115 2437 fecit.
3144 2380 3275 2438 Cum
3301 2383 3464 2454 igitur

1873 2467 1961 2537 bis
1979 2478 2137 2539 atque
2167 2469 2469 2541 hujusmodi
2498 2472 2636 2527 veris
2656 2474 3037 2545 catholicisque
3067 2476 3379 2544 rationibus,
3406 2485 3463 2537 et

1871 2557 2081 2616 delendi
2111 2570 2165 2617 et
2195 2562 2467 2634 praedicari
2502 2574 2686 2619 natura
2718 2566 2885 2636 possit
2911 2568 3137 2622 creatrix
3157 2609 3172 2634 ,
3217 2577 3273 2624 et
3311 2568 3462 2640 argui

1871 2650 2299 2724 reprehendique
2345 2655 2648 2725 peccatrix;
2692 2667 2851 2726 atque
2898 2654 3011 2728 ipsa
3054 2659 3357 2729 peccatrix,
3407 2669 3465 2717 et

1871 2742 2075 2799 laudari
2126 2746 2182 2802 in
2224 2757 2479 2816 quantum
2520 2762 2638 2803 eam
2679 2749 2822 2804 Deus
2866 2748 3023 2816 fecit,
3070 2757 3124 2805 et
3159 2749 3360 2822 culpari
3407 2750 3463 2807 in

1869 2844 2125 2913 quantum
2149 2835 2217 2891 ab
2245 2836 2367 2909 illo,
2412 2838 2559 2899 nullo
2586 2848 2829 2911 cogente,
2861 2838 3084 2907 defecit,
3116 2851 3169 2897 et
3193 2841 3244 2896 in
3278 2851 3457 2913 poste-

1871 2922 2208 2983 ris'meritum
2231 2946 2384 2985 suum
2406 2933 2603 3003 recepit
2623 2930 2832 3006 (eadem
2849 2933 3042 3006 quippe
3065 2935 3178 3005 ipsa
3199 2945 3382 2990 natura
3406 2936 3460 2998 in

1766 3042 1771 3049 τ
1870 3021 2091 3092 singulis
2110 3021 2409 3094 quibusque
2426 3025 2542 3080 sine
2568 3024 2840 3082 voluntate
2862 3028 3114 3092 nascitur,
3139 3042 3257 3098 qua:
3277 3027 3329 3081 in
3353 3042 3462 3082 uno

1870 3113 2145 3182 voluntate
2177 3113 2473 3188 peccavit):
2513 3115 2634 3187 quis
2670 3127 2722 3173 te
2753 3117 3099 3188 praecipitavit
3129 3127 3185 3172 ut
3210 3118 3418 3174 diceres
3442 3159 3459 3189 ,

1870 3205 1989 3274 quis
2015 3206 2302 3263 submersit
2329 3213 2389 3261 ut
2412 3207 2695 3273 scriberes,
2723 3226 2742 3261 t
2769 3207 2826 3264 Si
2853 3218 3040 3267 natura
3067 3224 3199 3277 opus
3227 3217 3310 3264 est
3338 3208 3455 3280 Dei,

1871 3313 1967 3370 per
1994 3314 2128 3370 opus
2161 3298 2254 3353 Dei
2294 3315 2430 3371 opus
2475 3300 2673 3356 diaboli
2708 3302 2935 3363 transire
2977 3317 3081 3356 non
3114 3301 3337 3356 sinitur?
3365 3320 3384 3355 ι
3414 3302 3460 3357 Ο

1868 3389 2031 3447 surde
2068 3391 2121 3444 in
2165 3390 2384 3446 vocibus
2424 3393 2649 3453 sanctis!
2695 3406 2729 3447 ο
2771 3407 2913 3448 (nece
2958 3393 3010 3447 in
3067 3392 3461 3450 inventionibus

1871 3482 2002 3538 tuis!
2022 3480 2209 3538 Nonne
2222 3490 2494 3552 peceatum
2512 3498 2645 3553 opus
2657 3492 2738 3539 est
2755 3482 2985 3539 diaboli?
3002 3482 3188 3540 Nonne
3204 3484 3254 3538 in
3271 3499 3461 3541 omnes

1870 3571 2114 3628 ltomines
2136 3574 2462 3644 pertransiit,
2476 3575 2565 3645 qui
2583 3582 2706 3630 sunt
2725 3589 2859 3645 opus
2878 3574 3007 3631 Dei?
3028 3572 3216 3631 Nonne
3232 3590 3328 3646 per
3346 3591 3465 3646 pecs

1869 3674 2046 3719 catu.n
2091 3680 2257 3733 mors,
2303 3681 2365 3721 ea
2410 3667 2704 3736 praesertim
2749 3666 2960 3737 qualem
3005 3682 3100 3721 vos
3149 3666 3316 3721 solam
3364 3682 3462 3738 per

1870 3764 2148 3829 peccatum
2187 3754 2363 3811 dicitis
2384 3754 2662 3839 accidisse,
2697 3756 2748 3810 id
2777 3764 2878 3822 est,
2911 3772 3017 3811 non
3047 3756 3288 3827 corporis
3311 3796 3328 3823 ,
3362 3755 3457 3811 sed

1869 3849 2060 3903 animae
2080 3891 2095 3916 ,
2131 3864 2264 3920 opus
2306 3857 2389 3915 est
2434 3847 2668 3905 diaboli?
2695 3847 2881 3904 Nonne
2912 3849 2963 3903 in
3002 3864 3190 3906 omnes
3220 3847 3462 3905 homines

1871 3940 2201 4009 pertransiit,
2230 3939 2321 4012 qui
2349 3946 2474 3995 sum
2499 3955 2633 4011 opus
2664 3940 2791 3996 Dei?
2816 3939 2922 3997 Sed
2952 3940 3264 4006 imitatione,
3298 3950 3355 3995 ut
3376 3939 3463 3995 di-

1871 4031 2025 4097 citis,
2056 4032 2283 4086 transiit.
2332 4031 2533 4087 Tamen
2562 4046 2657 4102 per
2681 4030 2925 4086 homines
2952 4033 3190 4096 transiit,
3221 4032 3309 4102 qui
3339 4041 3465 4087 sunt

1870 4136 2003 4192 Opus
2036 4122 2151 4178 Dei.
2179 4121 2286 4179 Sed
2329 4137 2358 4177 a
2389 4122 2658 4194 possibili,
2691 4138 2796 4177 non
2825 4139 2855 4177 a
2883 4123 3188 4179 necessario
3230 4124 3462 4179 transiit.

1870 4211 1963 4267 Dic
1987 4213 2241 4284 quidquid
2269 4213 2362 4268 tibi
2396 4214 2566 4283 placet
2592 4231 2607 4269 :
2638 4222 2813 4268 tamen
2841 4228 2934 4284 per
2958 4212 3202 4270 homines
3227 4213 3460 4283 transiit,

1868 4307 1959 4375 qnl
1998 4314 2121 4359 sunt
2166 4318 2301 4375 opus
2354 4304 2489 4359 Dei:
2539 4312 2597 4359 tu
2640 4314 2819 4360 autem
2856 4305 2972 4360 sine
3005 4303 3109 4359 ulla
3148 4304 3462 4375 exceptione

1868 4395 2070 4463 dixisti,
2099 4414 2117 4448 ι
2154 4396 2256 4451 Per
2281 4410 2415 4466 opus
2437 4396 2528 4451 Dei
2553 4410 2688 4467 Opus
2717 4395 2911 4451 diaboli
2943 4393 3170 4450 transire
3197 4410 3303 4449 non
3330 4395 3463 4449 sini-

1871 4496 1994 4551 tur;
2029 4506 2048 4540 ι
2082 4497 2134 4543 et
2164 4488 2301 4542 hanc
2325 4487 2603 4543 sententiae
2631 4496 2733 4540 tum
2763 4497 2870 4540 tam
2899 4485 3230 4556 perspicuam
3254 4485 3460 4540 vanita-

1870 4582 1978 4634 tem
2010 4579 2051 4644 ⁸,
2080 4586 2141 4643 ut
2181 4577 2367 4632 vanior
2394 4576 2548 4632 lieres
2570 4617 2585 4641 ,
2618 4585 2762 4631 tanta
2790 4576 3107 4647 loquacitate
3135 4590 3238 4631 non
3268 4583 3325 4630 ut
3366 4575 3462 4631 ab-

1868 4670 2169 4725 solveretur
2215 4667 2543 4729 defendere,
2595 4666 2689 4721 sed
2744 4683 2812 4722 ne
2862 4666 3191 4737 aspiceretur
3242 4670 3456 4738 operire

1868 4770 2087 4817 conatus
2115 4775 2195 4817 es.
2237 4758 2297 4815 Si
2324 4760 2376 4814 in
2413 4768 2644 4816 mentem
2678 4759 2773 4813 tibi
2812 4759 3102 4829 apostolica
3141 4759 3302 4815 verba
3347 4774 3452 4814 non

1865 4859 2144 4919 venerant,
2179 4867 2299 4923 qum
2339 4860 2392 4906 te
2428 4850 2530 4906 hoc
2571 4850 2750 4906 dicere
2790 4850 3163 4923 prohiberent;
3204 4867 3299 4906 cur
3350 4867 3454 4908 non

1867 4944 2137 5007 attendisti
2157 4986 2175 5012 ,
2203 4945 2455 5009 obsecro,
2483 4944 2603 5014 plus
2631 4959 2751 5000 esse
2777 4944 2829 4999 in
2872 4959 3034 5014 opere
3064 4945 3154 5000 Dei
3185 4946 3414 5001 existere
3447 4987 3464 5015 ,

1869 5054 2027 5115 quam
2054 5055 2150 5110 per
2176 5054 2311 5110 opus
2342 5037 2433 5093 Dei
2465 5037 2693 5094 transire
2723 5051 2857 5108 opus
2897 5036 3137 5092 diaboli?
3164 5037 3298 5103 Cum
3327 5051 3456 5108 ergo

1871 5129 1997 5185 illud
2021 5129 2252 5193 fatearis,
2280 5144 2376 5184 cur
2397 5127 2500 5182 hoc
2520 5127 2723 5197 negas?
2750 5128 2829 5182 An
2856 5125 2996 5199 quod
3021 5128 3099 5184 vis
3122 5129 3230 5183 ﬁeri
3255 5136 3451 5198 potest,

1869 5221 2012 5294 quod
2038 5236 2141 5277 non
2163 5222 2244 5277 vis
2270 5237 2373 5276 non
2396 5220 2612 5291 potest?
2635 5218 2947 5275 Misereatur
2971 5221 3043 5274 tui
3068 5220 3227 5285 Deus,
3253 5228 3309 5274 ut
3332 5234 3453 5274 esse

1870 5313 2084 5370 desinas
2114 5328 2301 5368 vanus.
2330 5311 2479 5370 Hanc
2517 5321 2693 5367 autem
2733 5312 3052 5368 sententiam
3097 5319 3237 5365 tuam
3285 5310 3453 5364 Mani-

1870 5402 2051 5460 chzeus
2079 5403 2307 5460 libenter
2330 5402 2697 5473 amplectitur,
2730 5411 2977 5473 tanquam
3009 5401 3232 5454 amicam
3259 5414 3407 5455 suam
3432 5442 3449 5468 ,

1868 5503 1925 5552 et
1948 5502 2348 5565 argumentatur
2384 5493 2495 5553 ita:
2537 5493 2592 5549 Si
2624 5510 2720 5564 per
2763 5508 2897 5564 opus
2946 5493 3038 5548 Dei
3081 5506 3214 5561 opus
3257 5490 3453 5549 diaboli

1869 5588 2096 5645 transire
2123 5603 2226 5645 non
2266 5588 2460 5645 sinitur
2478 5629 2492 5654 ,
2521 5589 2688 5642 multo
2716 5586 2891 5642 minus
2932 5587 2984 5640 in
3013 5599 3173 5655 opere
3200 5584 3293 5639 Dei
3337 5584 3454 5649 exi-

1866 5690 2011 5739 stere
2038 5681 2267 5743 sinitur:
2299 5679 2441 5740 unde
2466 5694 2593 5753 ergo
2622 5680 2817 5734 malum
2837 5721 2853 5747 ,
2884 5678 2982 5733 nisi
3016 5676 3156 5732 unde
3186 5690 3284 5732 nos
3316 5675 3453 5732 diei--

1931 5862 1959 5935 '_
1982 5859 2100 5971 talin
2119 5897 2133 5923 ,
2180 5856 2485 5926 perspicuam
2519 5861 2779 5917 naturain;
2831 5852 3231 5909 dissentientibus
3285 5865 3451 5909 litanti.-

1931 5938 1996 5971 Γιυ
2019 5937 2076 5971 IS.

1868 5936 2076 5987 scriptis.
