3990 6484
501 391 647 449 £503.

498 509 660 565 mus?
687 506 791 564 Sed
817 504 1204 576 respondemus
1227 507 1344 562 eis:
1380 504 1591 561 Juliano
1615 503 1775 559 dieite
1803 502 1903 571 ista
1925 542 1941 566 ,
1974 512 2081 555 non

496 600 671 655 nobis.
715 598 966 667 Princeps
1009 596 1165 668 hujus
1209 596 1488 669 sementim
1533 595 1728 664 missus
1771 602 1853 648 est
1897 593 2039 662 foras
2067 606 2086 644 :

496 691 637 746 absit
677 699 743 764 ut
784 689 1089 762 praijpdieet
1130 689 1283 746 nobis
1326 687 1596 757 vobiscum
1641 682 1954 748 vincendns,
2004 681 2087 745 vel

496 782 681 852 potius,
702 781 969 850 vobiscum
993 779 1109 851 jam
1133 779 1302 834 victus
1328 792 1361 834 a
1391 776 1564 832 nobis.

569 869 754 925 LXIV.
784 869 901 925 JUL.
925 868 1058 923 Illud
1088 870 1262 939 itaque
1282 866 1422 922 aliud
1450 865 1515 921 de
1536 863 1722 925 eadem
1753 861 2078 927 hebetudine

501 963 784 1033 protulisti.
813 946 907 1018 Ais
934 962 1078 1017 enim
1113 978 1125 1015 :
1166 980 1185 1019 ς
1221 960 1309 1016 Sic
1346 967 1493 1015 creat
1530 959 1669 1017 Deus
1709 957 1911 1031 malos,
1949 970 2093 1025 quo:

501 1055 664 1111 modo
697 1055 864 1126 pascit
884 1035 940 1109 el
962 1054 1125 1123 nutrit
1149 1052 1316 1106 malos
1349 1071 1369 1105 ι
1396 1049 1496 1121 (De
1519 1048 1727 1117 Nuptiis
1770 1059 1815 1102 et
1839 1046 2091 1117 Concupi-

499 1149 719 1224 scentia,
757 1148 846 1213 lib,
873 1146 930 1214 2,
961 1164 1012 1200 η.
1051 1147 1165 1215 ‘52).
1198 1146 1321 1215 quia
1368 1144 1623 1215 scriptum
1655 1150 1737 1197 est
1766 1140 1817 1195 in
1848 1140 2101 1209 Evangeg

506 1238 600 1304 lio,
647 1237 791 1309 quod
839 1238 1008 1294 solem
1052 1251 1209 1299 suum
1255 1235 1382 1289 oriri
1429 1234 1589 1289 faciat
1637 1248 1798 1302 super
1828 1230 1999 1285 bonos
2036 1237 2092 1285 et

506 1331 698 1399 malos,
739 1338 793 1385 et
826 1330 976 1402 pluat
1007 1343 1169 1398 super
1210 1327 1397 1401 iustos,
1421 1336 1477 1381 et
1523 1324 1748 1395 injustos
1790 1322 2001 1396 (Matth.
2034 1336 2089 1387 v,

503 1423 618 1495 45).
651 1422 830 1493 Longe
854 1421 994 1477 enim
1018 1421 1228 1495 lateque
1247 1424 1567 1479 contrarium
1589 1426 1694 1481 est,
1721 1416 1938 1488 quodtu
1959 1430 2093 1483 con,

500 1515 745 1586 junctum
768 1513 980 1584 putasti.
1006 1512 1159 1581 Quod
1181 1512 1323 1568 enim
1358 1511 1523 1581 pascit
1547 1511 1686 1566 Deus
1713 1510 1872 1564 etiam
1900 1523 2093 1579 pecea-

506 1614 668 1669 tores,
699 1605 1065 1675 benignusque
1089 1612 1173 1672 est
1200 1617 1363 1675 super
1380 1602 1613 1673 ingratos
1638 1608 1693 1655 et
1717 1600 1906 1664 malos,
1927 1598 2097 1669 pieta-

507 1696 577 1750 tis
606 1704 686 1755 est
711 1695 829 1769 ejus
871 1693 1253 1763 testimonium,
1285 1707 1390 1747 non
1442 1689 1786 1761 malignitatis
1818 1689 1944 1759 :qui
1989 1701 2094 1757 non

506 1787 622 1843 vult
648 1785 843 1855 quippe
870 1795 1099 1859 mortem
1142 1784 1441 1848 morientis,
1473 1782 1568 1837 sed
1610 1790 1666 1837 ut
1719 1789 2020 1836 revertatur
2042 1789 2099 1849 et

506 1878 650 1933 vivat
683 1875 898 1951 (Eseclt.
928 1892 1078 1943 xvnt,
1106 1875 1223 1946 52);
1256 1890 1354 1930 nec
1379 1875 1485 1945 cito
1504 1874 1656 1947 punit
1684 1882 1925 1927 errantes
1952 1888 1965 1925 :
1998 1884 2100 1929 nec

507 1970 579 2024 ob
603 1969 747 2045 aliud
779 1969 831 2025 id
878 1968 1026 2038 facit,
1059 1984 1217 2039 quam
1264 1978 1322 2047 ut
1361 1967 1570 2037 bonitas
1607 1967 1723 2036 ejus
1775 1964 2099 2036 pmnitentiie

507 2071 717 2133 tempus
747 2061 1034 2133 indulgeat,
1063 2060 1152 2116 Sic
1176 2060 1318 2115 enim
1367 2060 1444 2114 ait
1473 2058 1765 2130 Apostolus
1797 2073 1811 2111 ε
1846 2057 1924 2111 Au
1949 2056 2101 2127 igno-

506 2168 613 2219 ras,
642 2151 882 2223 quoniam
918 2151 1116 2206 bonitas
1140 2150 1236 2223 Dei
1263 2151 1332 2205 ad
1356 2151 1705 2222 paenitentiam
1751 2158 1799 2205 te
1842 2146 2101 2203 adducit?

510 2244 804 2300 Secundum
831 2252 1001 2299 autem
1036 2243 1277 2297 duritiam
1308 2252 1447 2298 tuam
1476 2252 1522 2295 et
1548 2258 1636 2295 cor
1682 2239 1997 2309 impwnitens
2046 2248 2109 2311 tu.

509 2336 600 2391 tibi
622 2336 938 2391 tltesaurizas
966 2336 1097 2391 iram
1150 2334 1326 2408 (Rom.
1360 2350 1419 2401 ll,
1445 2333 1502 2401 4,
1527 2334 1603 2404 5).
1648 2332 1890 2403 Disputat
1940 2330 2107 2391 etiam

512 2426 654 2499 apud
693 2427 971 2499 Lycaoncs
1003 2437 1058 2482 et
1089 2426 1460 2496 Areopagitas,
1502 2426 1753 2495 quoniam
1809 2424 1948 2478 Deus
2005 2437 2107 2480 nec

512 2518 842 2588 temporibus
881 2517 1165 2592 praeterita:
1216 2515 1552 2586 ignorantire,
1600 2514 1947 2586 providentiae
1991 2528 2105 2569 sua}

511 2608 831 2677 documenta
877 2606 1224 2681 submoverit.
1263 2605 1439 2679 Neque
1483 2606 1617 2660 enim
1664 2605 1772 2661 sine
1822 2604 2105 2664 testimonio

510 2697 712 2775 reliquit
762 2698 1101 2775 semetipsum,
1133 2696 1281 2762 dans,
1312 2697 1502 2768 inquit,
1535 2696 1732 2769 pluvias
1757 2695 1821 2749 de
1863 2696 2011 2763 creto,
2057 2704 2115 2771 et‘

514 2774 742 2857 tempora
766 2774 1050 2860 fructifera,
1081 2789 1297 2861 impletis
1324 2788 1434 2843 cibo
1455 2799 1498 2843 et
1525 2788 1702 2844 laetitia
1743 2789 1900 2843 corda
1928 2805 2116 2858 eorum,

513 2878 652 2951 (Act.
684 2894 793 2945 xw,
829 2880 917 2945 15,
948 2879 1059 2951 16).
1092 2879 1203 2934 [loc
1229 2893 1358 2950 ergo
1396 2878 1538 2950 quod
1580 2877 1710 2948 pluit
1739 2894 1900 2948 super
1936 2878 2106 2933 bonos

514 2976 574 3039 et.
596 2985 762 3039 super
791 2970 981 3035 malos,
1032 2970 1410 3025 documentum
1443 2962 1542 3025 'est
1578 2969 1921 3041 benignitatis
1965 2970 2104 3041 ejus,

519 3076 639 3131 qua:
670 3060 789 3116 ideo
816 3062 1043 3117 sustinet
1067 3072 1120 3117 et
1143 3070 1416 3132 exspectat
1447 3071 1687 3117 errantes
1706 3102 1722 3129 ,
1754 3070 1812 3116 ut
1856 3060 2109 3117 recedant

520 3151 736 3223 tandem
758 3167 786 3204 a
814 3152 955 3207 malo
983 3162 1039 3208 et
1065 3152 1261 3227 facian;
1284 3152 1504 3207 bonum.
1531 3149 1592 3206 ιιι
1614 3160 1817 3206 tantum
1842 3166 1970 3222 ergo
1998 3166 2104 3207 non

514 3244 631 3319 vult
660 3244 1019 3322 lierirmalurn‘,
1050 3253 1109 3299 ut
1142 3259 1326 3311 amore
1370 3244 1530 3305 etiam
1585 3242 1976 3298 emendationis
2003 3242 2106 3315 liq-

522 3350 695 3389 ntanae
716 3336 1076 3407 pascateliam
1106 3334 1361 3406 ingratos.
1396 3332 1480 3403 Ad
1505 3333 1554 3389 id
1601 3334 1846 3405 perfecta:
1893 3334 2115 3405 pietatis.

524 3425 779 3489 indicium
809 3444 822 3481 :
854 3426 981 3484 illud
1036 3444 1163 3484 vero
1206 3426 1348 3499 quod
1403 3427 1557 3491 dicis,
1602 3447 1622 3479 ‹
1649 3425 1808 3482 Creat
1856 3428 2045 3494 malos,
2080 3444 2113 3501 s‘

518 3519 771 3592 perfecta:
798 3519 1090 3590 iniquitatis
1120 3519 1487 3579 testimonium
1513 3528 1614 3575 est.
1643 3517 1774 3574 Vide
1801 3534 1928 3588 ergo
1947 3534 2108 3590 quam

522 3611 736 3675 nescias
761 3610 897 3685 quid.
926 3611 1181 3681 loquaris,
1227 3611 1315 3680 qui
1354 3610 1423 3677 de
1446 3612 1694 3681 exemplo
1725 3610 2107 3667 misericordia:

517 3702 733 3758 voluisti
759 3701 1125 3774 crudelitatem
1166 3702 1413 3772 probare.
1455 3702 1660 3768 Bonum
1706 3710 1791 3757 est
1840 3701 1982 3768 enim
2013 3716 2112 3772 pao,

518 3808 675 3850 scere
701 3794 861 3849 etiam
900 3793 1092 3862 malos,
1116 3793 1232 3856 utsi
1263 3792 1550 3864 voluerint,
1589 3792 1923 3863 corrigantur
1949 3810 1964 3849 :
1993 3808 2111 3850 sce-

525 3886 720 3942 lestum
749 3895 931 3942 autem
957 3885 1132 3942 facere
1158 3886 1408 3957 parvulos
1432 3885 1624 3953 malos,
1647 3893 1714 3952 ut
1734 3885 1827 3954 qui
1849 3884 1986 3942 velle
2003 3899 2109 3943 non

519 3986 765 4051 passuut,
796 3977 963 4048 iniqui
992 3989 1169 4032 tamen
1199 3992 1319 4032 esse
1339 3976 1962 4049 eogantur.iLiberalitas
1979 3992 2111 4050 ergq

519 4069 575 4125 in
600 4077 907 4138 peceatores
932 4070 1163 4131 exercita
1192 4069 1406 4127 abducit
1430 4084 1460 4123 a
1503 4069 1678 4132 malis,
1719 4085 1827 4127 non
1865 4070 1918 4125 in
1969 4069 2108 4142 mala

520 4162 683 4230 cogit.
707 4158 952 4225 Conditio
976 4169 1153 4215 autem
1187 4159 1447 4225 malorum
1489 4175 1592 4213 non
1620 4158 1836 4214 abducit
1866 4175 1897 4214 a
1940 4160 2113 4230 pessi-

522 4253 657 4316 mis;
686 4249 850 4311 sedet
876 4266 1011 4321 opus
1037 4259 1441 4319 etoperatorem
1460 4266 1512 4304 tn
1538 4249 1738 4304 nefaria
1751 4260 1937 4308 cuncta
1960 4266 2106 4306 eom-

522 4343 691 4416 pellit.
721 4342 925 4399 lnSanis
966 4358 1093 4414 ergo
1127 4358 1248 4396 eum
1289 4342 1447 4409 dicis,
1488 4340 1648 4397 Crcat
1673 4343 1872 4398 malum
1922 4343 2106 4400 Deus:

522 4436 620 4493 sed
648 4436 766 4507 plus
789 4435 1009 4499 insanis,
1053 4450 1172 4490 cum
1216 4433 1269 4489 id
1300 4434 1571 4506 Evangelii
1613 4435 1919 4490 testimonio
1964 4434 2112 4490 aflir-

523 4542 672 4583 mare
694 4528 925 4593 conaris,
951 4537 1006 4581 et
1029 4541 1094 4580 eo
1122 4525 1424 4580 testimonio
1452 4527 1513 4587 in
1536 4541 1646 4596 quo.
1667 4525 1870 4596 grande
1900 4536 1982 4582 est
2013 4541 2110 4581 ar-

524 4627 830 4689 gumentum
861 4618 1117 4675 bonitatis
1150 4617 1369 4681 divinge.
1400 4617 1634 4673 Attende
1677 4618 1855 4688 igitur,
1910 4628 2110 4690 quanto

525 4722 667 4764 nunc
688 4706 872 4765 fortius
898 4707 1205 4769 reﬂectatur
1235 4725 1250 4768 ς
1287 4708 1446 4775 Dens,
1473 4708 1565 4778 qui
1597 4709 1762 4777 pascit
1791 4708 1954 4764 etiam
1992 4724 2106 4763 ma-

524 4797 629 4865 los,
659 4807 714 4854 ut
744 4799 994 4868 patientia
1044 4814 1138 4855 sua
1175 4800 1345 4855 bonos
1386 4815 1509 4857 esse
1554 4800 1731 4863 faciat,
1769 4801 2110 4863 manifestum

523 4900 606 4945 est
631 4889 772 4960 quod
794 4904 897 4943 non
922 4900 1067 4944 creet
1093 4888 1279 4946 malos.
1308 4889 1364 4946 Si
1388 4898 1567 4967 autem
1595 4900 1742 4946 creat
1780 4891 1971 4956 malos;
2010 4906 2111 4957 nec

522 4988 668 5034 amat
696 4994 795 5035 nee
821 4988 1193 5041 remuneratur
1222 4980 1407 5047 bonos,
1438 4996 1540 5036 nec
1564 4981 1676 5051 ipse
1706 4989 1979 5050 postremo
2009 4997 2110 5061 po-

524 5079 628 5127 test
653 5071 848 5127 babere
875 5072 1071 5143 aliquid
1095 5073 1247 5139 boni;
1271 5074 1522 5147 quoniam
1543 5072 1729 5144 quavis
1761 5075 1895 5140 mala
1920 5076 2113 5129 volun-

522 5174 631 5221 tate
668 5164 936 5221 efﬁcacius
962 5173 1016 5220 et
1061 5166 1343 5221 violentius
1373 5173 1532 5221 nocet
1575 5165 1806 5235 potentia
1851 5165 2105 5234 creatrix,

521 5244 819 5326 nonsolnm
849 5256 1205 5328 possibilium,
1229 5255 1327 5319 sed
1351 5257 1516 5312 etiam
1541 5256 1964 5315 necessariorum
1993 5272 2108 5310 ma-

520 5348 716 5404 lorum.
743 5349 895 5419 Quod
942 5348 1191 5419 quoniam
1221 5350 1330 5402 Deo
1377 5349 1804 5407 Christianorum
1851 5364 2108 5405 noncon-

519 5440 686 5504 venit,
717 5439 769 5492 id
797 5448 899 5504 est,
927 5439 1001 5494 illi
1038 5438 1128 5510 qtti
1175 5437 1333 5497 Pater
1365 5428 1749 5499 misericordia:
1785 5439 2003 5508 dicitur,
2054 5447 2111 5501 et

528 5530 675 5587 Deus
704 5530 1087 5586 consolationis
1109 5531 1175 5604 (lt
1197 5529 1315 5584 Cor.
1337 5546 1377 5597 ι,
1403 5530 1483 5602 '5);
1513 5531 1665 5600 cujus
1701 5531 1900 5603 judicia
1929 5532 2108 5589 omnia

520 5623 743 5692 aequitas
766 5621 1121 5693 prtia-dicantur
1149 5620 1323 5692 (Psal.
1353 5636 1536 5687 cxvnt,
1579 5621 1695 5695 75);
1721 5622 1809 5691 qui
1835 5631 2023 5677 cuncta
2053 5621 2108 5687 in

520 5714 777 5780 sapientia
805 5713 992 5771 fecisse
1011 5712 1321 5785 perhibetur
1348 5711 1520 5785 (Psnt.
1568 5728 1679 5775 cut.
1709 5712 1825 5785 24);
1853 5713 2004 5768 vobis
2049 5721 2109 5769 ut

521 5804 822 5863 Ilanicbteis
849 5824 954 5865 non
978 5807 1135 5864 estin
1167 5807 1256 5864 Dei
1283 5807 1449 5864 nostri
1479 5805 1833 5865 mstintatione
1858 5823 2101 5864 renuun-

1167 387 1410 446 Ul"ElllS
1449 383 1857 443 IMPERFECTI
1898 380 2168 438 CONTRA
2207 379 2566 448 JULIANJIM,
2607 378 2666 434 S.
2698 377 3062 437 AUCCSI'INI

3607 390 3726 452 ιδτι

2194 497 2283 552 nio
2309 514 2323 552 :
2351 497 2415 554 ad
2441 499 2457 531 ⁸
2485 499 2643 554 alium
2670 513 2768 569 vos
2805 499 3026 555 omnino
3065 512 3222 570 quem
3259 500 3726 586 colatispuetorem,

2197 598 2370 645 tamen
2394 591 2559 645 illunis
2579 591 2759 663 furore
2791 591 3164 667 simulatutn’,
3198 593 3351 649 stulta
3390 611 3666 660 commenta
3686 614 3734 664 et

2197 682 2443 750 genitalia
2481 692 2693 748 traxere
2721 693 2957 755 peccata.

2268 774 2403 831 Auc.
2427 774 2538 845 Ego
2567 772 2778 841 faciam,
2833 773 2972 845 quod
2999 782 3054 833 tu
3105 790 3201 830 cur
3240 792 3348 845 non
3390 778 3585 847 feceris,
3625 787 3734 855 quid

2198 879 2284 919 me
2303 866 2497 937 attinet
2529 874 2581 921 et
2609 865 2829 921 dicere?
2867 866 2965 933 Qui
3018 866 3201 941 legunt
3240 868 3474 941 judicent
3503 889 3516 926 :
3545 886 3734 948 propter

2199 956 2299 1011 hoc
2322 956 2464 1013 enim
2488 958 2608 1029 quia
2641 959 2876 1021 dixeras,
2907 978 2927 1011 ι
2950 959 3095 1030 quod
3118 961 3407 1031 secundum
3437 979 3635 1029 sensum
3658 983 3738 1024 no-

2198 1059 2367 1105 strum
2394 1051 2535 1107 Deus
2562 1052 2806 1108 homines
2830 1052 3045 1109 diabolo
3085 1051 3263 1118 faciat,
3302 1072 3319 1106 ι
3356 1053 3540 1112 factum
3584 1068 3657 1115 est
3693 1070 3741 1119 ut

2199 1141 2265 1196 ad
2307 1143 2470 1198 verba
2512 1144 2609 1197 ista
2642 1144 2917 1200 veniretur
2953 1146 3301 1215 responsione
3328 1163 3464 1213 mea,
3490 1164 3552 1207 ex
3576 1150 3742 1220 quibus

2199 1232 2341 1304 quod
2368 1234 2579 1301 voluisti
2605 1234 2720 1315 ipse
2747 1234 2968 1306 posuisti
2998 1252 3011 1288 :
3040 1235 3135 1290 sed
3181 1251 3282 1310 ego
3300 1237 3456 1292 etiam
3486 1247 3534 1293 te
3559 1240 3744 1298 nolente

2200 1326 2653 1395 commemorabo,
2700 1327 2844 1398 quod
2899 1329 3325 1398 praetereundum
3368 1333 3574 1401 putasti.
3623 1333 3745 1392 inter

2202 1426 2395 1473 ctetera
2421 1434 2572 1490 ergo,
2603 1436 2723 1491 qua:
2764 1419 2943 1489 omnia
2985 1421 3166 1483 dicere
3210 1423 3367 1478 nimis
3414 1423 3617 1495 longum
3646 1435 3744 1481 est:

2209 1527 2230 1562 ε
2263 1510 2342 1565 An
2364 1526 2512 1574 vero.
2546 1530 2565 1565 ι
2601 1512 2839 1581 inquam,
2871 1530 2890 1565 ι
2928 1512 3068 1586 fliios
3103 1511 3415 1583 perditionis
3436 1514 3608 1571 laedes
3639 1517 3749 1572 sini-

2203 1611 2330 1662 stra:
2370 1603 2533 1673 partis
2553 1623 2571 1655 ι
2594 1602 2807 1671 (Matth.
2823 1620 2948 1670 xxv,
2968 1603 3116 1676 55),t
3138 1603 3349 1665 diabolo
3372 1605 3551 1675 pascit,
3568 1605 3751 1663 diabolo

2204 1693 2372 1748 nutrit
2407 1701 2462 1748 et
2496 1694 2678 1769 vestit,
2724 1692 2846 1773 quia
2880 1693 3006 1748 facit
3042 1694 3212 1759 solem
3266 1677 3417 1761 suum
3456 1696 3578 1756 oriri
3614 1711 3750 1771 super

2205 1783 2376 1839 bonos
2397 1793 2451 1839 et
2473 1784 2663 1852 malos,
2685 1793 2740 1840 et
2771 1785 2903 1855 pluit
2921 1799 3084 1857 super
3098 1785 3275 1856 justos
3307 1796 3361 1842 et
3384 1786 3597 1857 injustos
3619 1807 3634 1839 ι
3657 1785 3749 1860 (Id.

2204 1893 2260 1943 γ,
2284 1875 2403 1951 45)?
2424 1897 2441 1930 ι
2476 1878 2567 1934 Sic
2587 1878 2764 1949 itaque
2788 1888 2931 1946 creat
2957 1880 3145 1948 malos,
3166 1880 3432 1951 queinodo
3445 1880 3754 1952 pascitetnu-

2208 1969 2299 2025 trit
2328 1970 2535 2026 malos:
2560 1970 2683 2041 quia
2704 1970 2845 2040 quod
2872 1971 2953 2026 eis
2972 1971 3205 2039 creando
3236 1972 3439 2038 tribuit,
3483 1973 3549 2028 ad
3583 1983 3757 2035 natura:

2207 2061 2445 2132 pertinet
2492 2062 2781 2118 bonitatem
2805 2105 2822 2131 ,
2866 2072 2922 2119 et
2963 2063 3109 2135 quod
3167 2065 3247 2120 eis
3300 2064 3559 2135 pascendo
3593 2076 3640 2122 et
3672 2082 3757 2122 nuo

2211 2155 2422 2215 tricndo
2450 2156 2544 2211 dat
2586 2157 3001 2225 incrementum,
3060 2172 3164 2212 non
3196 2158 3383 2231 utique
3432 2157 3634 2230 malitia:
3661 2158 3758 2213 illo-

2210 2262 2326 2302 rum
2348 2289 2364 2315 ,
2392 2247 2484 2313 sed
2507 2246 2680 2304 eidem
2714 2257 2937 2315 naturas,
2974 2265 3133 2321 quatn
3160 2249 3367 2317 creavit
3391 2249 3574 2316 bonus,
3594 2249 3763 2305 bonum

2211 2337 2399 2417 tribuit
2424 2338 2808 2410 adiumentum.
2837 2338 2895 2408 In
2932 2342 3361 2413 quantumpnim
3387 2339 3618 2396 homines
3637 2348 3761 2408 sunt,

2209 2428 2414 2505 bonum
2433 2439 2517 2486 est
2552 2441 2779 2498 naturte,
2825 2432 2979 2502 cujus
2993 2441 3290 2511 auctor‘est
3331 2433 3470 2489 Deus
3503 2435 3589 2487 :io
3618 2447 3763 2502 quan-

2213 2530 2322 2577 tum
2350 2530 2527 2580 autem
2549 2537 2670 2588 cum
2698 2534 2917 2592 peccato
2954 2532 3274 2595 nascuntur,
3303 2523 3521 2595 perituri
3558 2523 3639 2594 qui
3675 2537 3763 2579 non

2211 2622 2583 2679 renascuntur,
2604 2613 2671 2669 ad
2692 2629 2875 2670 semen
2896 2615 3130 2686 pertinet
3156 2615 3501 2677 maledictum
3521 2615 3726 2673 abinitio
3743 2632 3760 2665 ι

2214 2703 2368 2775 (Sap.
2384 2720 2478 2769 xu,
2502 2702 2617 2777 ll),
2641 2724 2660 2757 ι
2699 2705 2841 2761 illius
2865 2706 3097 2785 antiqua:
3128 2705 3505 2781 inobedienlite
3521 2706 3655 2761 vitio.
3669 2705 3767 2774 Quo

2214 2805 2392 2864 numen
2415 2798 2557 2875 bene
2576 2799 2739 2853 utitur
2767 2797 2943 2863 factor
2960 2802 3123 2856 etiam
3168 2815 3426 2856 vasorum
3465 2801 3575 2868 irze,
3614 2809 3664 2855 ut
3694 2813 3767 2856 no-

2216 2898 2306 2957 tas.
2326 2890 2484 2946 faciat
2521 2890 2735 2966 divitias
2777 2908 2888 2948 suae
2913 2894 3097 2968 gloria:
3143 2894 3196 2949 in
3237 2909 3372 2950 vasa
3406 2892 3771 2957 misericordia;

2213 2996 2281 3036 ne
2310 2982 2515 3037 meritis
2538 2984 2649 3038 suis
2672 2983 2888 3051 tribuat,
2908 2985 2952 3039 si
2980 2984 3046 3039 ad
3073 2984 3320 3040 eamdem
3340 3001 3563 3041 massam
3577 2985 3772 3057 quisque

2222 3073 2498 3143 jertinens
2522 3074 2690 3144 gratia
2718 3074 2995 3143 liberetur,
3043 3076 3138 3131 sed
3180 3078 3272 3148 qui
3298 3077 3570 3149 gloriatur,
3595 3077 3642 3131 in
3681 3074 3771 3130 Do-

2216 3168 2362 3221 mino
2386 3167 2647 3238 glorietur
2673 3186 2694 3221 ι
2731 3167 2797 3242 ill
2816 3166 2935 3225 Cor.
2965 3186 3021 3237 ι,
3056 3168 3166 3244 17).
3216 3171 3318 3229 llis
3363 3172 3516 3229 dictis
3541 3172 3631 3226 ista
3663 3169 3772 3225 sub-

2208 3256 2400 3327 junxi:
2437 3276 2455 3311 ι
2484 3258 2567 3313 Ab
2611 3260 2714 3323 bac
2758 3261 2882 3329 tide,
2920 3280 2939 3314 ι
2972 3261 3211 3333 inquam,
3257 3283 3279 3317 ι
3313 3265 3600 3336 apostolica
3637 3272 3775 3334 atque

2212 3350 2494 3419 catholica,
2518 3352 2858 3408 veraeissima
2878 3362 2932 3409 et
2959 3353 3357 3423 laudatissima,
3409 3372 3529 3413 cum
3561 3354 3773 3424 Pelagia-

2214 3445 2298 3507 nis
2327 3445 2427 3500 iste
2454 3444 2757 3512 discedens,
2789 3460 2898 3502 non
2924 3448 3037 3502 vult
3084 3457 3376 3506 nascentes
3403 3464 3523 3506 esse
3549 3447 3643 3513 sub
3679 3445 3776 3500 dia-

2214 3537 2360 3604 bolo,
2380 3553 2448 3592 ne
2477 3538 2676 3607 parvuli
2704 3547 2985 3609 portentur
3006 3539 3073 3594 ad
3101 3538 3405 3608 Christum,
3422 3549 3480 3596 ut
3498 3546 3730 3596 eruantur
3747 3550 3777 3592 a

2217 3640 2479 3702 potestate
2503 3631 2862 3699 tenebrarum,
2888 3634 3012 3689 etin
3040 3648 3268 3705 regnum
3293 3634 3463 3703 ipsius
3484 3630 3778 3703 transferan—

2216 3732 2302 3778 tur
2322 3742 2342 3776 ι
2366 3723 2579 3796 (Coloss.
2598 3724 2760 3795 t,t3).
2780 3744 2799 3778 ι
2830 3725 2909 3781 Ae
2928 3726 3007 3782 sic
3041 3735 3257 3783 accusat
3288 3738 3403 3786 toto
3416 3727 3544 3787 orbe
3557 3725 3775 3782 ditfusam

2216 3814 2530 3882 Ecclesiam,
2559 3816 2615 3872 in
2638 3832 2742 3887 qua
2771 3816 2963 3887 ubique
2994 3832 3186 3876 omnes
3213 3818 3519 3890 baptizandi
3562 3811 3781 3875 iufantuli

2215 3925 2321 3971 non
2346 3910 2417 3964 ob
2461 3910 2604 3966 aliud
2652 3909 3019 3979 exsufllantur,
3046 3911 3147 3975 nisi
3199 3921 3263 3981 ut
3309 3913 3380 3968 ab
3430 3913 3511 3969 eis
3556 3911 3778 3982 princeps

2215 4000 2398 4063 mundi
2429 4002 2667 4057 mittatur
2689 4000 2831 4059 foras
2848 4002 3065 4075 [ωορκ.
3097 4020 3191 4073 xu,
3217 4001 3313 4078 3|)
3335 4023 3350 4061 :
3376 4025 3396 4058 ‹
3414 4019 3446 4060 a
3467 4020 3569 4075 quo
3586 4013 3781 4059 mssa

2215 4109 2297 4157 est
2331 4109 2457 4150 vasa
2485 4094 2580 4149 ira;
2606 4094 2997 4165 possideantur,
3024 4111 3146 4151 cum
3172 4112 3239 4151 ex
3287 4096 3463 4152 Adam
3497 4101 3783 4158 nascuntur,

2215 4185 2261 4241 si
2290 4185 2340 4240 iu
2367 4185 2578 4241 Christo
2598 4200 2703 4242 non
2738 4197 3104 4252 renascantur,
3132 4188 3266 4244 etin
3297 4187 3421 4260 ejus
3448 4201 3663 4260 regnum
3699 4196 3782 4254 per

2214 4278 2436 4346 gratiam
2464 4279 2595 4333 facta
2635 4293 2758 4333 vasa
2809 4279 3187 4337 misericordiae
3229 4282 3619 4338 transferantur
3647 4297 3668 4332 ι
3694 4274 3785 4347 (De

2218 4365 2446 4438 Nuptiis,
2480 4367 2568 4428 lib.
2614 4369 2673 4436 2,
2702 4386 2792 4429 nu.
2824 4370 2913 4436 52,
2958 4370 3049 4442 '53)
3084 4390 3098 4428 :
3144 4380 3199 4427 et
3233 4383 3441 4429 caetera
3474 4387 3591 4444 qua:
3617 4368 3682 4425 ibi
3719 4367 3787 4423 ie-

2216 4468 2323 4531 gat,
2352 4462 2433 4515 vel
2454 4461 2716 4531 legentem
2743 4461 2942 4529 audiat,
2965 4464 3055 4534 qui
3082 4464 3192 4518 vult
3211 4473 3267 4519 et
3282 4473 3484 4535 potest.
3508 4463 3653 4519 Nune
3672 4471 3785 4529 ergo

2215 4550 2338 4621 quia
2369 4550 2451 4607 his
2502 4551 2724 4618 relictis,
2757 4552 2950 4622 quibus
2993 4569 3055 4609 ea
3081 4570 3199 4624 qua:
3235 4555 3467 4625 posuisti
3499 4558 3785 4608 astruuntur.

2215 4651 2372 4713 atque
2423 4642 2765 4707 muniuntur,
2819 4644 2899 4699 sic
2948 4644 3033 4698 illa
3079 4645 3273 4713 putasti
3301 4660 3428 4702 esse
3457 4642 3713 4716 ponenda,
3737 4644 3789 4693 ut

2218 4743 2471 4803 tanquam
2498 4734 2553 4789 in
2579 4734 2864 4789 solitudine
2892 4734 3217 4791 defendente
3252 4736 3405 4791 nullo
3432 4734 3788 4791 latrocinantet

2215 4826 2531 4891 invaderes;
2575 4826 2754 4896 legant
2780 4825 2896 4881 hinc
2924 4827 3013 4897 qui
3035 4828 3222 4882 volunt
3262 4829 3411 4884 scire
3456 4825 3583 4897 quid
3611 4822 3790 4895 egeris,

2217 4919 2296 4975 vel
2327 4918 2499 4989 potius
2528 4916 2595 4972 ad
2639 4916 2877 4985 ejusdem
2920 4902 3038 4972 libri
3082 4916 3578 4973 considerationem
3626 4925 3790 4969 recur-

2216 5020 2355 5079 rant,
2384 5010 2526 5065 unde
2555 5010 2650 5064 ista
2682 5009 2916 5079 reposui,
2944 5019 3001 5065 et
3029 5010 3244 5066 videant
3269 5026 3335 5066 ca
3368 5024 3591 5066 manere
3612 5004 3791 5062 firmis-i

2216 5106 2370 5170 sima,
2398 5119 2518 5175 qua:
2560 5103 2704 5158 velut
2758 5104 2965 5158 infirma
3009 5102 3338 5160 labefactare
3378 5104 3622 5159 tentasti.
3666 5094 3790 5168 Quid

2215 5197 2377 5269 igitur
2432 5207 2485 5253 te
2525 5196 2761 5266 adjuvat,
2813 5197 2956 5268 quod
3010 5212 3105 5251 eos
3176 5195 3309 5252 Inibi
3363 5193 3633 5268 objeciSti,
3671 5204 3795 5263 quos

2215 5299 2491 5361 exspectat
2521 5290 2613 5346 Dei
2645 5291 2895 5361 patientia
2924 5305 3018 5362 per
3037 5289 3414 5361 pmnitentiam
3440 5284 3791 5359 corrigendos,

2214 5390 2271 5438 et
2295 5382 2414 5437 ideo
2428 5397 2588 5452 super
2609 5396 2702 5437 eos
2730 5382 2858 5437 oriri
2885 5382 3050 5436 solem
3070 5396 3225 5437 suum
3249 5380 3378 5438 facit
3406 5392 3464 5437 et
3487 5382 3623 5452 pluit
3648 5389 3794 5433 :cum

2214 5488 2315 5545 ego
2336 5474 2429 5529 tibi
2459 5472 2642 5531 bardos
2671 5472 2901 5529 sinistra:
2929 5472 3094 5544 partis
3114 5471 3432 5543 obiecerim,
3465 5487 3603 5544 quos
3632 5478 3789 5537 usque

2279 5628 2296 5661 ι
2331 5625 2630 5688 Particulam,
2654 5624 2738 5687 ad,
2765 5639 2829 5676 ex
2853 5634 2955 5677 Mss.
2981 5625 3260 5690 adjerimus.

2276 5692 2311 5733 1
2331 5690 2465 5759 Editi,
2491 5684 2655 5759 tamen
2664 5684 2976 5759 (vigebamus,
3001 5706 3025 5735 α
3037 5684 3275 5759 Fortasse,
3294 5692 3416 5759 augt:
3428 5687 3483 5749 ι)
3498 5686 3630 5759 iuraui

2211 5740 2525 5804 stinnzlatu'm.
2571 5740 2883 5802 ueli‘usvtess.
2907 5786 2921 5815 ,
2945 5740 3104 5804 tamen
3144 5740 3295 5803 Matris
3337 5751 3411 5815 (id
3436 5740 3517 5802 est
3550 5740 3799 5804 uattirhril

2217 5817 2380 5880 furore
2403 5811 2693 5864 simulatum.
