3962 6474
204 408 347 468 1505

204 528 259 582 in
290 528 450 582 finem
477 525 593 582 sine
618 522 930 595 pmnitentia
950 524 1186 579 victuros
1215 522 1268 578 in
1294 521 1564 593 impietate
1591 528 1648 575 et
1670 535 1789 575 see-

204 618 405 672 lerihus
429 618 561 681 suis,
590 632 653 672 ac
697 631 789 686 per
816 616 918 670 hoc
946 624 1149 670 mteruo
1177 614 1442 684 supplicio
1467 610 1788 682 puniendos,

207 707 456 778 ignorare
489 722 593 762 non
646 715 823 777 potest
869 706 1121 776 prtescius
1167 705 1407 760 omnium
1454 700 1793 759 futurorum?

203 801 316 857 Nec
343 802 412 857 ab
440 801 520 858 eis
538 800 770 857 abstinet
790 800 988 855 bonum
1017 798 1305 856 creationis
1325 812 1457 862 sure,
1476 796 1668 867 quibus
1690 808 1790 850 nec

206 896 356 950 nasci
383 893 690 965 expediret;
734 908 833 949 nec
876 893 1073 948 bonum
1115 890 1418 946 nutritionis
1461 898 1517 946 et
1557 889 1795 943 viviﬁca-

207 988 370 1044 tionis
396 1003 528 1053 sum,
571 992 823 1058 quantum
853 986 902 1042 ei
951 986 1231 1056 placuerit,
1279 984 1566 1047 diuturnze,
1603 981 1794 1053 quibus

205 1081 348 1136 mori
400 1081 718 1152 quantocius
760 1079 1079 1149 expediret:
1112 1078 1250 1132 inter
1294 1093 1427 1147 quos
1480 1083 1605 1129 sunt
1648 1082 1796 1129 certe

202 1171 447 1245 plurimi,
477 1172 565 1243 qui
591 1171 636 1227 si
666 1188 730 1227 cx
763 1171 862 1226 hac
890 1171 996 1225 vita
1024 1169 1398 1240 abriperentur
1425 1166 1675 1231 infantes,
1704 1181 1795 1220 εε⁴

206 1262 445 1318 cundum
474 1248 657 1318 falsam
699 1270 932 1317 vestram
971 1261 1239 1324 haeresim,
1269 1258 1479 1330 penitus
1507 1257 1576 1312 ab
1614 1256 1793 1321 omni;

203 1357 502 1416 mundum
558 1365 735 1413 autem
778 1348 1095 1412 ca’thtllicam
1143 1352 1324 1420 fidem,
1371 1368 1401 1406 a
1453 1350 1796 1407 damnatione

204 1449 522 1521 gravissima
551 1448 883 1504 tollerentur.
911 1445 1049 1515 Quid
1088 1443 1282 1500 deinde
1322 1442 1451 1498 illud
1497 1451 1601 1508 est,
1652 1438 1793 1510 quod

176 1537 261 1599 'in
284 1542 374 1597 his
400 1542 632 1598 sinistra:
662 1540 829 1613 partis
860 1539 1046 1603 laedis,
1076 1538 1128 1592 in
1158 1536 1251 1592 Dei
1279 1534 1638 1608 praescientia,
1669 1547 1791 1603 qua:

203 1632 319 1690 falli
354 1650 460 1690 non
490 1642 691 1706 potest,
719 1632 827 1703 igni
859 1636 1117 1702 perpetuo
1141 1624 1442 1689 destinatis,
1475 1626 1625 1681 multi
1670 1631 1797 1679 sunt

203 1728 295 1799 qui
316 1727 535 1783 lavacro
561 1725 981 1797 regenerationis
995 1717 1182 1790 abluti,
1208 1724 1392 1792 postea
1411 1719 1492 1775 vel
1524 1717 1795 1788 apostasia

206 1823 465 1891 pereunt,
520 1816 604 1875 vel
660 1826 766 1875 tam
834 1816 1134 1873 facinorose
1192 1812 1556 1885 lla'gitiose‘que
1588 1807 1794 1879 vivunt,

192 1901 260 1967 ut
282 1911 460 1968 eidem
482 1910 711 1966 sinistra:
736 1909 854 1964 sine
875 1908 1038 1964 ditbio
1064 1902 1411 1976 deputentur;
1436 1917 1534 1958 nec
1580 1901 1798 1972 rapiun-

202 2008 312 2071 tur,
364 1998 504 2058 sicut
554 2001 791 2073 quidam,
860 2015 929 2055 ne
976 1994 1174 2054 malitia
1248 2000 1420 2050 mutet
1469 1991 1796 2048 intellectum

203 2110 396 2151 eorum
420 2092 577 2166 (Sap.
606 2107 684 2159 tv,
709 2090 827 2163 ll)?
850 2088 1037 2160 Neque
1063 2097 1123 2143 ut
1153 2087 1254 2142 hoc
1273 2087 1353 2141 eis
1379 2084 1519 2140 Deus
1549 2086 1655 2138 tam
1685 2086 1797 2137 ma-

204 2200 374 2258 gnum
407 2184 722 2240 beneficium
753 2198 857 2236 non
883 2180 1144 2245 conferat,
1166 2179 1308 2234 fatali
1331 2176 1648 2232 necessitate
1672 2180 1798 2244 pro-

206 2275 463 2341 hibetur;
489 2289 660 2345 neque
691 2281 750 2328 ut
791 2272 910 2326 aliis
935 2270 1196 2336 conferat,
1242 2272 1588 2339 personarum
1636 2280 1795 2320 acce-

202 2365 394 2438 ptione
423 2372 677 2420 mutatur.
699 2362 837 2431 Quid
865 2362 952 2418 hic
976 2362 1175 2417 faciunt
1199 2361 1286 2416 illa
1322 2369 1411 2415 tua
1445 2357 1715 2429 possibilia
1741 2356 1799 2413 et

200 2455 528 2522 necessaria,
559 2470 676 2526 qua:
705 2455 996 2524 diligenter
1031 2450 1403 2523 distinguenda
1430 2446 1793 2516 commendas,

200 2549 296 2604 ubi
347 2557 400 2605 te
425 2548 698 2603 nesciente
724 2546 849 2619 quid
879 2546 1138 2617 loquaris,
1167 2544 1314 2600 novit
1342 2543 1434 2599 ille
1476 2542 1603 2615 quid
1652 2549 1795 2613 agat,

201 2641 360 2712 cujus
385 2639 592 2695 occulta
617 2647 841 2711 possunt
861 2654 980 2694 esse
1010 2638 1237 2709 judicia,
1268 2636 1465 2705 injusta
1522 2651 1628 2690 non
1665 2649 1796 2706 pos-

203 2733 372 2788 sunt?
399 2731 513 2787 Non
540 2739 624 2787 est
665 2731 827 2802 igitur
867 2731 1122 2801 injustum
1181 2738 1240 2785 ut
1275 2729 1412 2786 bona
1449 2726 1798 2785 conferantur

203 2824 367 2879 malis
395 2822 528 2879 :scd
552 2821 802 2893 injustam
823 2831 907 2878 est
931 2831 989 2876 ut
1014 2822 1152 2878 mala
1178 2822 1485 2893 ingerantur
1497 2820 1672 2876 bonis.
1701 2820 1798 2877 Die

204 2922 340 2988 ergo
364 2931 469 2987 qua
490 2916 696 2986 justitia
722 2916 927 2986 parvuli
964 2924 1108 2970 tanta
1152 2914 1291 2970 mala
1340 2915 1606 2985 patiantur
1633 2930 1648 2970 ε
1675 2930 1798 2986 qua:

204 3025 357 3080 saepe
384 3023 822 3065 commemorare
846 3024 948 3065 nos
975 3009 1145 3080 piget;
1174 3022 1271 3063 vos
1293 3022 1422 3063 vero
1449 3006 1635 3065 eadem
1658 2998 1797 3063 mala

200 3098 481 3172 paradiso,
530 3090 741 3157 etiamsi
789 3117 950 3156 nemo
992 3107 1287 3173 peccasset,
1339 3098 1629 3169 importare
1689 3102 1798 3155 non

202 3192 393 3265 pudet.
445 3191 603 3247 «Non
667 3203 985 3261 creantur,»
1043 3200 1103 3246 ut
1153 3190 1309 3258 dicis,
1388 3209 1407 3243 ι
1439 3190 1585 3258 mali,
1623 3208 1644 3244 ι
1694 3188 1799 3246 hoc

202 3293 312 3353 est,
343 3283 616 3339 trahentes
641 3284 877 3355 orginale
914 3292 1227 3354 peccatum:
1261 3298 1362 3353 qua
1408 3282 1566 3353 igitur
1594 3282 1611 3313 ¹
1638 3281 1792 3353 justi-

202 3376 277 3431 tia
305 3383 628 3447 premuntur
650 3375 795 3446 gravi
822 3375 951 3446 jugo
979 3391 1008 3427 a
1033 3374 1120 3430 die
1143 3373 1318 3431 exitus
1353 3373 1423 3429 de
1444 3382 1630 3429 ventre
1685 3389 1797 3429 ma-

204 3468 306 3522 tris
351 3481 538 3522 eorum
570 3458 757 3537 (Eccli.
782 3480 868 3530 χι,
898 3464 982 3537 l)?
1001 3464 1059 3520 In
1084 3480 1193 3536 quo
1227 3464 1357 3535 jugo
1392 3472 1538 3519 tanta
1581 3463 1798 3520 miseria

204 3567 312 3623 est,
331 3566 391 3612 ut
415 3573 533 3613 eam
565 3552 770 3611 facilius
795 3555 1096 3626 deplOrare,
1125 3571 1284 3626 quam
1314 3553 1589 3625 explicare
1628 3556 1801 3627 possi-

205 3665 353 3706 mus.
378 3649 658 3705 Peccatum
689 3665 719 3704 a
748 3642 988 3719 possibili
1018 3648 1073 3703 in
1101 3647 1486 3713 neeessarium,
1517 3646 1619 3704 hoc
1646 3656 1746 3715 est,
1766 3664 1797 3704 a

209 3740 523 3796 voluntario
547 3742 600 3796 in
630 3758 738 3796 non
762 3741 1144 3808 voluntarium,
1171 3736 1305 3795 dicis
1328 3755 1435 3795 non
1484 3746 1644 3812 posse
1690 3758 1800 3797 mtt-

207 3835 344 3901 tari;
365 3833 507 3906 quod
535 3834 772 3906 potuisse
805 3834 1135 3889 ostendimus
1161 3834 1212 3888 in
1242 3834 1306 3888 eo
1338 3834 1426 3904 qui
1452 3828 1600 3900 dicit,
1649 3833 1799 3902 Quod

205 3922 330 3982 nolo
351 3926 562 3990 malum,
590 3925 685 3981 hoc
712 3943 808 3998 ago
842 3924 1019 3998 (Rom.
1044 3939 1139 3991 vn,
1169 3920 1282 3995 l9).
1311 3924 1425 3979 Hoc
1455 3940 1547 3980 vos
1576 3939 1800 3982 consue-

206 4018 414 4075 tudinis
440 4015 701 4074 violentitc
724 4018 976 4079 tribuitis,
997 4032 1103 4072 non
1132 4010 1331 4071 vitiata;
1368 4016 1591 4087 originis
1612 4017 1796 4073 vincu-

205 4110 274 4166 lis
296 4128 313 4162 :
339 4120 615 4181 peccatum
643 4118 818 4165 tamen
845 4123 876 4164 a
912 4104 1152 4180 possibili
1175 4108 1250 4163 .iu
1291 4102 1653 4163 necessarium
1699 4124 1797 4179 po-

174 4200 378 4258 tuisse
414 4201 653 4257 converti
701 4200 928 4266 videtis;
960 4213 1060 4255 nec
1106 4198 1176 4255 de
1219 4199 1416 4254 vestris
1457 4196 1700 4255 distortis
1745 4208 1801 4255 et

204 4294 489 4352 fallacibus
516 4294 716 4366 regulis
739 4277 1077 4350 erubescitis.
1133 4292 1262 4347 Tale
1300 4292 1501 4362 aliquid
1549 4294 1801 4349 universo

205 4389 393 4459 generi
424 4387 658 4443 humano
703 4403 798 4458 per
823 4403 983 4442 unum
1025 4385 1315 4452 hominem,
1371 4385 1425 4440 in
1459 4402 1565 4456 quo
1612 4402 1801 4442 omnes

207 4478 450 4545 fuerunt,
479 4478 722 4534 accidere
753 4478 991 4549 potuisse
1018 4492 1125 4532 non
1172 4476 1363 4530 vultis:
1391 4484 1447 4531 et
1475 4486 1650 4532 tamen
1698 4478 1800 4533 sub

206 4568 715 4641 omni-potentissimi
742 4578 797 4626 et
816 4568 1099 4640 iustissimi
1125 4570 1147 4600 ²
1178 4570 1267 4624 Dei
1295 4583 1425 4625 cura
1446 4579 1521 4624 tot
1544 4584 1609 4625 ac
1629 4578 1801 4625 tantas

208 4680 402 4736 pinnas
422 4664 653 4719 infantes
671 4662 908 4732 pendere
930 4678 1034 4716 non
1075 4663 1320 4731 negatis;
1362 4663 1611 4731 quoniam
1649 4661 1800 4716 vobis

207 4770 302 4811 ora
324 4755 604 4820 claudunt,
654 4762 710 4810 et
746 4754 934 4809 oculos
974 4752 1192 4821 feriunt,
1241 4752 1290 4808 si
1335 4753 1563 4824 negetis.
1610 4752 1800 4807 Nonne

207 4863 339 4919 ergo
395 4846 705 4911 attenditis,
764 4861 922 4917 quem
989 4844 1194 4900 faciatis
1237 4843 1512 4915 injustam,
1571 4861 1800 4901 cernen-

210 4948 291 4994 tes
319 4937 752 4994 evidentissimas
773 4950 957 5006 pinnas
982 4946 1033 4991 et
1053 4945 1307 5007 negantes~
1323 4932 1426 4989 ulla
1452 4934 1587 4989 mala
1611 4935 1798 4990 merita

207 5028 590 5102 parvulorum?
613 5024 826 5084 Falsum
852 5043 914 5083 ac
934 5027 1210 5097 profanum
1234 5022 1326 5081 tibi
1349 5024 1519 5081 visum
1537 5036 1639 5095 est,
1657 5028 1799 5098 quod

207 5137 312 5193 ego
343 5119 492 5187 dixi,
525 5138 544 5171 ε
578 5115 725 5190 Opus
756 5119 935 5189 operis
964 5113 1057 5173 Dei
1090 5117 1295 5173 transiit
1326 5128 1423 5188 per
1446 5135 1580 5189 epus
1618 5116 1729 5174 Dei.
1773 5136 1794 5171 ι

209 5212 344 5281 Quia
384 5212 569 5282 utique
604 5206 827 5281 angelus
865 5224 1001 5281 Opus
1038 5218 1120 5264 est
1164 5204 1276 5264 Dei.
1324 5209 1604 5266 Peccatum
1648 5226 1798 5280 ergo,

210 5302 353 5375 quod
382 5314 469 5358 est
496 5317 631 5372 opus
655 5300 847 5372 angeli,
879 5316 1015 5371 opus
1044 5310 1123 5356 est
1149 5300 1326 5371 Operis
1356 5298 1471 5362 Dei,
1503 5318 1604 5354 non
1635 5301 1800 5371 ipsius

211 5395 331 5451 Dei.
362 5394 431 5449 Et
465 5393 533 5449 de
572 5392 870 5448 his-verbis
896 5392 967 5446 ita
994 5406 1079 5447 me
1105 5391 1279 5462 arguis
1303 5431 1320 5459 ,
1350 5390 1501 5462 quasi
1531 5392 1753 5448 dixerim
1780 5434 1796 5458 ,

217 5504 237 5539 ι
283 5486 478 5542 Peccat
513 5493 569 5542 et
606 5484 750 5541 Deus
781 5525 796 5550 ,
835 5479 959 5554 quia
1009 5483 1245 5554 peccavit
1285 5483 1445 5538 homo
1481 5500 1637 5555 quem
1677 5483 1801 5540 fecit

211 5580 355 5636 Deus
395 5595 410 5634 :
448 5597 468 5631 ι
504 5576 647 5651 quod
686 5592 786 5649 ego
825 5590 933 5631 non
972 5574 1103 5632 dixi.
1146 5573 1391 5632 Peccavit
1432 5577 1629 5648 quippe
1664 5592 1800 5648 opus

272 5754 293 5823 ξ
324 5753 465 5823 νςιίιίτ
489 5750 613 5823 οςηά
641 5750 809 5823 vitae
831 5749 1131 5823 (ξιειίεεηιιιτ
1156 5760 1220 5823 sx.
1236 5746 1596 5823 enumeres-

273 5817 302 5886 ί.
328 5816 622 5928 ιῶειιίετὶυε,
644 5809 981 5877 ὗῄιιειιεεὶῖιιὶῖ
1002 5809 1288 5860 mentiatur
1306 5809 1593 5862 auctoritate
1632 5822 1800 5861 manu-

215 5887 336 5939 actu.
390 5890 518 5925 tum.

1544 403 1743 460 LIBER
1782 402 2095 472 QUINTUS.

3348 420 3487 480 1506

1903 522 1994 577 Dei
2019 566 2034 590 ,
2067 523 2121 578 id
2146 536 2226 580 εει
2251 525 2490 596 angelus,
2520 529 2599 583 vel
2630 529 2818 596 homo;
2846 532 2938 590 sed
2964 534 3257 605 cpere'suo
3285 552 3477 607 pecca-

1900 624 2129 679 verunt,
2174 631 2278 671 non
2305 631 2468 689 opere
2498 620 2591 675 Dei
2623 638 2637 675 :
2666 623 2915 693 ipsi.suut
2948 627 3092 682 enim
3123 628 3318 684 bonum
3348 644 3486 699 Opus

1902 703 2030 770 Dei;
2054 717 2329 776 peccatum
2353 724 2479 765 vero
2507 726 2690 767 eormn
2715 715 2910 769 malum
2940 732 3074 785 opus
3099 719 3337 789 ipsorum
3363 730 3446 776 est
3467 761 3483 789 ,

1901 811 2004 850 non
2034 798 2147 852 Dei.
2176 798 2280 855 Sed
2302 801 2429 869 quid
2459 812 2540 857 est
2570 803 2718 874 pejus
2744 804 2942 874 dicere,
2979 826 2998 861 ι
3027 810 3218 866 Peccat
3237 821 3291 868 et
3320 813 3483 883 Deus,

1900 887 2022 955 quia
2052 889 2292 959 peccavit
2317 891 2478 947 homo
2504 909 2661 964 quem
2695 896 2820 952 fecit
2846 898 3013 966 Deus;
3043 919 3062 953 ι
3089 903 3230 971 quod
3256 918 3356 974 ego
3378 919 3487 959 non

1900 978 2008 1033 dixi
2039 1002 2052 1035 ς
2081 997 2146 1035 an
2168 982 2241 1037 ita
2272 1000 2466 1054 negare
2494 987 2748 1058 originale
2772 1001 3067 1059 peccatum,
3093 1001 3148 1047 ut
3176 1007 3329 1063 pmna
3360 1011 3484 1065 par-

1901 1072 2008 1127 vuli
2046 1072 2238 1144 injusta
2272 1076 2402 1131 nihil
2430 1077 2500 1132 sit
2519 1079 2658 1134 aliud
2685 1096 2842 1151 quant
2874 1093 3150 1152 peccatum
3177 1085 3301 1141 Dei?
3333 1086 3489 1155 Quod

1900 1161 1945 1215 si
1968 1162 2021 1217 in
2045 1163 2208 1219 Deum
2230 1165 2420 1222 cadere
2439 1183 2544 1222 non
2570 1179 2771 1239 potest,
2788 1174 2931 1242 juSta
2954 1188 3079 1245 ergo
3102 1177 3305 1246 parvuli
3331 1193 3486 1247 pmna

1899 1261 1981 1309 est
2014 1272 2029 1308 :
2057 1254 2101 1309 si
2125 1264 2303 1315 autem
2334 1257 2478 1328 justa
2500 1269 2603 1325 est,
2634 1277 2732 1332 pro
2761 1274 2978 1333 peccato
3005 1275 3107 1321 est.
3135 1267 3301 1322 Nemo
3330 1268 3489 1338 igitur

1901 1353 2078 1413 potest
2112 1346 2164 1401 in
2204 1356 2281 1402 tot
2314 1352 2577 1422 tzuitisque
2607 1354 2781 1423 pomis
2821 1357 3157 1424 parvulorum
3199 1361 3490 1428 pra-dicare

1903 1437 2068 1492 Deum
2092 1438 2293 1509 justum
2314 1485 2333 1512 ,
2364 1442 2563 1515 negans
2587 1442 2844 1517 originale
2868 1460 3166 1521 peccatum.
3200 1453 3353 1508 Esset
3384 1455 3487 1509 ita-

1900 1543 2005 1598 que
2024 1572 2039 1596 ,
2074 1529 2244 1601 inquit
2266 1532 2283 1565 ‘
2305 1574 2322 1599 ,
2352 1533 2646 1604 iniquitatis
2676 1539 3034 1596 testimonium
3060 1558 3244 1599 creare
3274 1546 3443 1603 malos
3465 1586 3484 1615 ,

1899 1618 1946 1673 si
1969 1620 2162 1675 malum
2185 1636 2291 1691 quo
2319 1624 2441 1679 mali
2465 1632 2609 1693 sunt,
2634 1627 2748 1697 ipse
2766 1632 3055 1687 ereavisset
3083 1651 3097 1688 :
3123 1649 3262 1690 nunc
3282 1645 3482 1705 autem,

1899 1716 2021 1763 cum
2050 1709 2294 1767 homines
2325 1714 2450 1768 mali
2477 1716 2601 1783 sint,
2625 1727 2678 1771 et
2698 1717 2803 1774 hoc
2828 1731 2973 1777 creet
2995 1724 3109 1793 ipse
3136 1725 3280 1794 quod
3310 1726 3487 1783 homi-

1899 1814 1998 1857 nes
2022 1810 2176 1870 sunt,
2206 1813 2460 1875 sequatur
2492 1814 2670 1863 autem
2714 1822 2808 1865 eos
2845 1811 2914 1865 de
2952 1814 3132 1868 vitiata
3173 1827 3362 1872 natura
3393 1833 3488 1889 per

1898 1904 2176 1964 peccatum
2201 1896 2344 1967 quod
2370 1899 2493 1953 mali
2522 1907 2680 1968 sunt;
2713 1901 2954 1972 profecto
2978 1907 3139 1961 etiam
3162 1923 3282 1963 cum
3316 1911 3485 1968 malos

1901 1993 2068 2052 creat,
2101 1986 2298 2042 bonum
2321 1997 2405 2043 est
2432 1990 2544 2060 ipse
2565 1992 2706 2062 quod
2726 2003 2909 2063 creat;
2936 1999 3187 2068 quoniam
3210 2002 3333 2056 mali
3361 2011 3488 2059 sunt

1899 2075 2031 2130 vitio
2054 2077 2196 2148 quod
2224 2080 2366 2134 nulla
2399 2092 2584 2139 natura
2612 2094 2727 2151 est,
2755 2099 2903 2143 creat
2933 2104 3059 2145 vero
3086 2091 3202 2162 ipse
3242 2104 3488 2153 naturam

1900 2180 2019 2236 qua:
2037 2167 2218 2249 vitium
2235 2181 2340 2226 nun
2363 2181 2466 2240 est,
2485 2176 2583 2229 etsi
2606 2177 2785 2232 vitiata
2814 2188 2915 2234 est.
2939 2180 3158 2238 Taleest
3180 2193 3356 2242 autem
3386 2188 3487 2243 tri-

1900 2256 2066 2315 buere
2116 2262 2402 2318 creationis
2427 2266 2466 2303 ³μ
2501 2266 2699 2323 bonum
2724 2270 2876 2341 stirpi
2910 2272 3107 2329 vitiata:
3144 2284 3200 2331 et
3229 2276 3351 2347 jure
3383 2277 3485 2333 dau-

1901 2361 2117 2418 mnatte,
2147 2354 2301 2424 quale
2325 2363 2406 2411 est
2431 2358 2589 2413 etiam
2618 2361 2817 2417 homini
2850 2365 2989 2420 malo
3016 2366 3251 2423 tribuere
3276 2371 3396 2425 vita:
3420 2386 3486 2428 ac

1900 2443 2089 2499 salutis
2115 2444 2311 2501 bonum
2329 2488 2344 2514 ,
2380 2458 2599 2519 propter
2625 2452 2766 2521 quod
2793 2453 2955 2510 homo
2978 2465 3094 2523 est,
3133 2470 3239 2514 non
3269 2471 3488 2532 propter

1899 2533 2041 2603 quod
2071 2535 2242 2591 malus
2268 2545 2368 2593 est.
2397 2538 2548 2608 Quod
2591 2551 2769 2597 autem
2814 2544 2948 2600 dicis
2986 2561 3107 2603 esse
3139 2566 3161 2601 ι
3197 2552 3486 2610 scelestum

1899 2622 2077 2681 facere
2100 2628 2351 2698 parvulos
2377 2630 2569 2700 malos,
2596 2644 2655 2688 ut
2677 2635 2766 2705 qui
2794 2636 2932 2692 v'elle
2966 2653 3072 2692 non
3103 2652 3346 2709 possunt,
3377 2642 3487 2699 ini-

1898 2718 1990 2788 qui
2029 2725 2207 2776 tamen
2238 2735 2359 2777 esse
2400 2732 2677 2793 cogantur.
2713 2743 2735 2778 ι
2771 2726 2854 2781 Ad
2900 2727 3097 2799 aliquid
3139 2732 3296 2804 cogi,
3342 2735 3487 2791 nulla

1899 2822 2123 2882 possunt
2151 2812 2356 2871 ratione
2376 2817 2467 2887 qui
2497 2832 2601 2872 non
2631 2828 2774 2891 sunt.
2804 2820 2861 2876 Si
2897 2830 3075 2877 autem
3105 2825 3339 2881 nondum
3368 2828 3488 2899 qui-

1899 2901 2021 2958 dem
2048 2904 2375 2975 proprietate
2412 2922 2652 2976 persona:
2684 2920 2846 2981 atque
2872 2913 3192 2970 conditionis
3216 2918 3327 2973 suae
3345 2959 3359 2985 ,
3389 2918 3487 2974 sed

1900 2995 2257 3052 occultissima
2299 2998 2506 3055 ratione
2535 3001 2755 3057 seminis
2779 3002 2888 3074 jam
2917 3015 3071 3073 sunt,
3102 3002 3241 3063 sicut
3270 3008 3397 3065 Levi
3428 3006 3486 3068 in

1900 3083 2098 3142 lumbis
2120 3086 2349 3143 Abrahte
2374 3087 2560 3161 (Hebr.
2581 3105 2674 3158 vn,
2698 3093 2752 3159 9,
2781 3092 2870 3168 10)
2899 3113 2915 3150 :
2942 3096 3013 3152 ibi
3040 3105 3245 3154 natura:
3271 3100 3397 3155 vitio
3416 3101 3486 3159 de

1901 3189 2121 3248 peccato
2155 3180 2311 3251 primi
2350 3182 2581 3240 hominis
2609 3187 2857 3243 veniente
2879 3189 2991 3260 jam
3028 3188 3152 3246 mali
3186 3203 3341 3261 sunt;
3376 3211 3485 3252 non

1900 3270 1996 3327 Dei
2025 3274 2315 3339 creatione,
2339 3276 2427 3348 qui
2449 3291 2547 3332 nec
2568 3278 2705 3333 velle
2726 3288 2968 3348 possunt,
2992 3281 3115 3337 mali
3140 3299 3260 3340 esse
3283 3301 3485 3357 cogun-

1899 3371 2005 3419 tur.
2038 3363 2173 3421 Vide
2200 3381 2330 3423 sane
2365 3368 2631 3425 mirabilia
2672 3372 2857 3442 gratiae
2895 3370 3130 3443 Christi,
3167 3377 3323 3449 cujus
3352 3380 3484 3436 estis

1898 3456 2083 3515 miseri
2120 3458 2339 3514 inimici.
2372 3460 2511 3518 Ecce
2546 3464 2781 3534 parvuli,
2818 3466 2908 3536 qui
2950 3466 3145 3524 bonum
3174 3471 3257 3526 vel
3285 3472 3484 3530 malum

1899 3550 2036 3606 velle
2062 3561 2157 3607 aut
2182 3553 2324 3609 nolle
2348 3564 2467 3610 non
2490 3567 2737 3623 possunt,
2766 3566 2943 3614 tamen
2968 3561 3182 3632 quando
3209 3564 3485 3621 reluctan-

1898 3649 1984 3699 tes
2019 3653 2075 3700 et
2117 3660 2237 3700 cum
2278 3646 2528 3719 lacrymis
2571 3649 2930 3708 reclamantes
2972 3669 3124 3709 sacro
3164 3655 3487 3725 Baptismate

1900 3744 2275 3802 renascuntur,
2314 3738 2485 3793 sancti
2516 3748 2570 3795 et
2587 3739 2716 3811 justi
2743 3756 2861 3797 esse
2887 3752 3166 3814 coguntur.
3193 3745 3323 3802 Nam
3354 3765 3484 3819 pro-

1900 3828 1988 3883 cul
2013 3828 2197 3896 dubio,
2229 3831 2273 3885 si
2303 3840 2427 3887 ante
2459 3846 2612 3887 usum
2642 3834 2865 3889 rationis
2891 3837 3152 3902 obierint,
3190 3838 3242 3893 in
3273 3838 3365 3896 Dei
3393 3850 3484 3897 re-

1900 3930 2005 3990 gno
2034 3921 2202 3976 sancti
2231 3930 2285 3977 et
2309 3921 2438 3992 justi
2468 3933 2658 3988 erunt,
2686 3940 2746 3980 ea
2777 3927 2942 3996 gratia
2973 3927 3039 3983 ad
3068 3944 3226 3999 quam
3256 3945 3361 3987 non
3389 3946 3486 3991 sua

1901 4010 2269 4079 possibilitate,
2298 4011 2394 4068 sed
2423 4016 2743 4072 necessitate
2769 4028 3049 4085 venerunt,
3080 4030 3290 4077 sanctas
3320 4032 3371 4078 et
3392 4022 3486 4094 ju-

1902 4112 2012 4158 Stas
2033 4103 2147 4159 sine
2167 4104 2267 4159 ﬁne
2285 4105 2542 4163 ducentes
2563 4107 2696 4163 vitas
2718 4124 2862 4176 suas,
2885 4110 3150 4167 calcantes
3168 4123 3221 4169 et
3241 4113 3489 4186 frangen-

1902 4203 1986 4251 tes
2004 4195 2072 4252 de
2100 4197 2337 4267 possibili
2366 4206 2421 4253 et
2446 4202 2751 4256 necessario
2773 4202 2985 4272 regulas
3009 4210 3144 4258 tuas.
3171 4205 3298 4261 Sine
3321 4205 3486 4262 dubio
3512 4208 3519 4215 ’

1901 4298 2079 4345 autem
2115 4290 2235 4361 plus
2264 4300 2347 4347 est
2373 4293 2514 4348 nolle
2551 4294 2748 4348 malum
2774 4306 2964 4366 agere,
2995 4309 3153 4366 quam
3183 4313 3282 4354 nec
3306 4301 3484 4370 nolle,

1902 4398 2002 4439 nec
2027 4383 2163 4439 velle
2191 4402 2203 4438 :
2238 4390 2291 4439 et
2317 4394 2491 4441 tamen
2521 4387 2608 4441 ille
2634 4386 2848 4441 nolebat
2874 4396 2929 4443 et
2957 4388 3180 4456 agebat,
3207 4390 3295 4458 qui
3335 4389 3485 4447 dice-

1903 4476 2028 4544 bat,
2061 4475 2212 4541 Quod
2239 4477 2357 4530 nolo
2384 4478 2571 4531 malum
2591 4519 2608 4545 ,
2640 4478 2737 4532 Itoc
2760 4495 2877 4550 ago.
2906 4478 3020 4532 Non
3051 4479 3226 4549 itaque
3254 4480 3486 4552 insanio,

1906 4580 2004 4620 nec
2023 4565 2144 4621 dico
2162 4608 2177 4633 ,
2205 4584 2226 4619 ι
2256 4566 2448 4621 Malum
2471 4578 2619 4622 creat
2643 4570 2799 4623 Deus.
2835 4588 2854 4621 ι
2881 4567 3084 4622 Βςηιιιιιι
3108 4574 3248 4628 ειιῑηι
3271 4581 3418 4628 creat
3441 4574 3486 4640 ⁸,

1903 4660 1992 4730 qui
2019 4661 2177 4714 etiam
2200 4660 2266 4713 de
2294 4660 2404 4729 ipSa
2437 4660 2617 4714 vitiata
2642 4670 2826 4716 natura
2858 4678 2962 4722 non
2991 4675 3137 4720 creat
3165 4665 3370 4728 vitium,
3393 4666 3489 4722 sed

1905 4762 2165 4805 naturam.
2208 4751 2394 4806 Trahit
2421 4768 2549 4807 vero
2576 4753 2665 4807 illa
2694 4755 2876 4808 vitium
2905 4798 2921 4821 ,
2965 4772 3070 4811 non
3115 4757 3207 4812 Dei
3252 4740 3488 4827 opificio,

1904 4843 1999 4901 sed
2019 4841 2239 4913 judicio.
2283 4844 2360 4898 Tu
2398 4855 2574 4900 autem
2617 4855 2794 4900 utrum
2839 4864 2942 4902 non
2989 4851 3264 4916 insanias,
3297 4852 3341 4907 si
3382 4869 3488 4908 non

1903 4936 2057 4990 valde
2093 4937 2293 4990 insanis
2319 4937 2531 4993 attende
2551 4978 2567 5003 ,
2599 4939 2688 5008 qui
2722 4955 2830 4995 non
2862 4943 3060 4996 malum
3108 4944 3318 5013 pmuale
3346 4944 3488 5016 quod

1900 5025 2104 5097 justum
2134 5039 2213 5083 est
2234 5072 2247 5090 ,
2280 5028 2372 5084 scd
2413 5030 2607 5084 malutn
2647 5032 2787 5103 quod
2817 5042 3039 5089 vocatur
3079 5034 3328 5107 iniquitas
3355 5034 3491 5093 dicis

1868 5198 1873 5203 ἡ
1905 5117 2079 5174 facere
2109 5118 2271 5174 Deum
2303 5138 2316 5174 :
2347 5121 2473 5192 quid
2502 5123 2643 5176 enim
2688 5123 2831 5178 aliud
2877 5123 3036 5195 facit,
3077 5127 3121 5182 si
3163 5128 3309 5183 nullo
3344 5127 3489 5185 malo

1904 5207 2009 5265 reis
2036 5207 2267 5280 parvulis
2303 5221 2443 5265 tanta
2473 5211 2607 5266 mala
2638 5212 2718 5268 vel
2752 5214 2943 5285 ingerit
2963 5257 2979 5285 ,
3005 5217 3089 5271 vel
3130 5217 3296 5287 ingeri
3322 5218 3490 5273 sinit?

1907 5301 2099 5356 Verum
2126 5311 2177 5354 tu
2205 5317 2304 5355 non
2337 5319 2366 5356 a
2403 5303 2554 5356 nobis
2583 5302 2933 5375 alloquendus
2962 5316 3015 5363 et
3042 5307 3444 5375 redarguendus
3468 5326 3485 5377 ;

1903 5397 1995 5445 sed
2024 5393 2091 5445 ab
2121 5389 2362 5446 universa
2398 5392 2627 5450 Ecclesia
2652 5437 2666 5460 ,
2698 5397 2740 5450 si
2780 5411 2963 5466 posses
2983 5439 2998 5460 ,
3039 5398 3402 5453 exsufﬂandus
3430 5409 3489 5458 et

1902 5484 2288 5539 exoreizandus
2313 5500 2460 5540 esses
2481 5528 2494 5551 ,
2529 5502 2559 5541 a
2590 5503 2692 5559 qua
2729 5488 2920 5544 frustra
2950 5488 3223 5545 exsufﬂari
3249 5499 3302 5546 et
3326 5506 3485 5548 exor-

1902 5569 2061 5630 cizari
2087 5571 2221 5630 dicis
2243 5571 2492 5631 infantes.

1966 5751 1984 5784 ι
2018 5754 2177 5812 Forte,
2198 5745 2371 5812 inquis.

1973 5812 1995 5844 ³
2019 5809 2155 5869 Editi,
2177 5809 2433 5862 Creatoris.
2718 5840 2723 5845 -

1974 5873 1996 5905 ⁸
2020 5877 2085 5921 ει
2110 5872 2444 5937 niaituscriptis
2465 5871 2729 5923 addidimus
2754 5883 2767 5921 :
2797 5881 2976 5925 tantm
2992 5869 3117 5927 enim
3138 5881 3281 5927 creat.
