3962 6482
503 410 646 504 uso-1

1181 411 1428 477 OPERIS
1467 408 1880 478 mrsnr'stm
1919 408 2190 476 Comm
2231 421 2590 490 JULIANUM,
2631 423 2687 479 s.
2729 421 3095 479 Aucusrixt

3651 421 3790 485 {508

1533 609 2010 716 LIBER
2102 598 2731 717 SEXTUS.

556 746 777 826 ostendit
797 756 1088 839 Augustinus
1108 772 1347 839 Julianum
1369 772 1543 822 frustra
1562 771 1685 821 libro
1704 785 1802 839 suo
1813 779 1958 839 sexto
1979 773 2226 839 disputare
2248 779 2414 822 contra
2439 772 2485 821 id
2505 773 2632 839 quod
2660 772 2783 824 libro
2803 774 3019 839 secundo
3049 775 3112 839 de
3136 777 3319 838 Nuptiis
3351 784 3402 827 et
3423 783 3785 839 Concupiscenc

498 839 584 897 ιιι,
607 833 1042 901 ωμὶῐριῐδὶθξςδὶιηο
1065 835 1256 901 quarto,
1291 843 1534 901 assertum
1557 842 1648 901 est,
1671 833 1804 895 prlmi
1831 834 2036 901 hominis
2057 833 2257 896 peccato
2281 842 2498 882 naturam

2569 848 2788 884 ummam
2825 835 2978 885 fuisse
3003 837 3052 886 in
3073 835 3296 887 deterius
3315 835 3682 897 commutatam,
3719 844 3785 891 ita

499 896 679 963 utnon
695 897 851 948 solum
873 896 994 948 tacta
1016 896 1368 963 sit‘peccatri},
1395 896 1485 945 sed
1518 896 1663 944 etiam
1699 897 1929 963 genuerit
1948 896 2186 963 deinceps
2223 902 2522 963 peccatores.
2545 897 2902 963 Liberi__arbitri
2944 899 3094 963 vires,
3126 900 3304 963 quibus
3337 901 3548 963 integris
3585 896 3784 963 poterat

498 960 662 1019 homo,
688 968 741 1010 et
761 967 898 1010 recte
921 973 1091 1020 agere,
1104 949 1225 1010 'cum
1249 949 1420 1017 vellet,
1446 966 1496 1007 ct
1517 971 1614 1006 nou
1632 949 1853 1029 peccare,
1877 959 1916 1006 si
1947 949 2385 1019 nollet,'peécando
2404 969 2516 1064 etqn
2540 958 2810 1020 perdidisse
2832 960 2976 1009 docet
3000 973 3012 1008 :
3042 949 3170 1011 illam
3193 969 3360 1011 autem
3383 949 3791 1026 priirsus'impro;

498 1021 583 1067 bat
598 1021 929 1067 definitionem
952 1021 1206 1067 libertatis.
1232 1032 1343 1067 ante
1381 1021 1556 1067 passim
1582 1021 1814 1067 obiectari
1851 1020 1912 1066 ab
1935 1020 2210 1067 adversario
2232 1017 2378 1067 solet.
2397 1030 2463 1066 sc:
2488 1025 2600 1067 lcet.
2626 1021 2917 1067 Possibilitas
2941 1023 3167 1067 neecandi
3191 1030 3242 1067 et
3265 1036 3360 1067 non
3397 1024 3649 1067 peccandi-
3689 1031 3787 1067 etc-

497 1021 583 1073 bat
598 1017 929 1082 definitionem
952 1017 1206 1078 libertatis,
1232 1032 1343 1082 quas
1381 1021 1556 1080 passim
1582 1017 1814 1082 olijectari
1851 1020 1912 1066 ab
1935 1017 2210 1069 adversario
2232 1017 2378 1082 solet,
2397 1019 2463 1066 sci

2533 1025 2600 1076 et,
2626 1021 2917 1069 Possibilitas
2941 1023 3167 1083 peccandi
3191 1030 3242 1072 et
3265 1036 3360 1072 non
3384 1021 3649 1085 peccandi,
3677 1021 3787 1073 'etc.

494 1085 699 1147 Dolores
718 1079 1305 1147 parturientium,_spiuas',
1331 1079 1552 1147 labores,
1566 1079 1787 1147 sudores,
1809 1087 2114 1147 ceteraque
2139 1080 2408 1147 mortalium
2432 1091 2675 1147 :erumnas
2698 1085 2865 1142 probat
2900 1079 3067 1143 pinnas
3100 1097 3214 1134 esse
3254 1079 3436 1147 peccati
3454 1085 3603 1141 νεα]
3637 1079 3794 1147 ipsam

495 1142 732 1208 imprimis
750 1142 950 1208 mortem
971 1142 1214 1208 ptenalem
1237 1156 1352 1192 esse
1377 1143 1573 1208 hoiniui,
1597 1143 1682 1204 qui
1704 1143 1778 1208 sic
1791 1142 2022 1208 divinitus
2044 1143 2288 1208 institutus
2312 1145 2487 1199 fuerat,
2504 1148 2565 1208 _ut
2587 1143 2679 1192 nisi
2703 1142 2947 1208 peccaret,-
2971 1157 3064 1195 non
3086 1142 3383 1208 moreretur.
3404 1153 3630 1196 Extrema
3654 1142 3793 1208 [arte

631 1200 986 1280 exposi_tioneni
1006 1207 1054 1255 in
1079 1205 1195 1280 illud
1219 1200 1590 1280 Apostoliplcor.
1614 1200 1694 1280 ὗεν,
1722 1202 1798 1261 22,
1819 1200 1944 1280 sicut
1967 1201 2018 1252 in
2036 1201 2674 1280 {dantlomnesjmoriuntun
2783 1206 2834 1253 in
2870 1200 3126 1280 sequentia
3146 1207 3368 1280 ejusdem
3396 1200 3732 1280 capitisgliéta,
3765 1220 3794 1280 ξ

495 1265 686 1340 Juliano
698 1263 940 1328 prolatam
965 1267 1200 1339 expendit
1222 1263 1274 1315 et
1297 1265 1496 1338 refellit.
1520 1265 1732 1338 Tandem
1757 1277 1844 1326 per
1868 1271 2019 1314 totum
2044 1265 2149 1316 fere
2169 1264 2342 1314 librum
2365 1265 2538 1374 dogma
2561 1263 2846 1338 catholicum
2869 1267 2932 1315 de
2946 1263 3191 1338 originali
3203 1270 3338 1340 vitio,

496 1328 800 1374 llamehaeam
823 1329 1048 1374 hmresun
1072 1329 1270 1374 trahere
1292 1328 1475 1374 ubinue
1499 1335 1716 1374 enititur.
1741 1340 1839 1374 non
1863 1328 2002 1374 modo
2023 1330 2202 1374 abesse
2226 1325 2376 1374 longe
2399 1338 2428 1374 a
2484 1325 2564 1374 illa
2587 1327 2783 1374 hzeres't.
2806 1328 2897 1374 sed
2913 1335 3061 1374 etiam
3078 1329 3306 1374 hau-esum
3328 1345 3338 1374 ι

496 1325 800 1378 Ιειιὶειιιέθιιι
823 1325 1048 1390 hzcresini
1072 1329 1270 1377 trahere
1292 1328 1475 1390 ubique
1499 1327 1716 1390 enititur,
1741 1325 1839 1390 non
1863 1328 2009 1390 modo,
2023 1330 2203 1390 abesse
2226 1325 2376 1388 longe
2399 1338 2428 1374 a

3501 1269 3724 1318 Julianus
3735 1271 3795 1319 ad

2484 1325 2564 1374 illa
2587 1327 2783 1385 hzeresi,
2806 1328 2897 1377 sed
2913 1325 3061 1379 etiam
3078 1329 3306 1381 bteresim
3326 1325 3458 1380 illam
3480 1331 3790 1382 demonstrat

496 1401 743 1452 nunquam
764 1401 792 1438 a
816 1388 1084 1453 Pelagianis
1106 1402 1248 1451 posse
1273 1389 1364 1438 nisi
1387 1385 1609 1438 catholici
1630 1388 1781 1452 ipsius
1805 1389 2042 1451 dogmatis
2059 1388 2239 1438 auxilio
2259 1385 2637 1449 et'professione
2657 1391 2896 1452 superari.

1927 1492 2349 1550 (ατε-ΞΘαᾲΞῖζῷ

566 1597 608 1652 lt
637 1598 906 1654 Juuaxus.
932 1595 1048 1652 Non
1077 1598 1264 1653 dubito
1291 1597 1556 1668 ejusmodi
1601 1595 1908 1666 opinionem
1953 1592 2084 1646 hac-

497 1697 652 1745 tenus
690 1705 849 1760 super
873 1698 1054 1744 nostro
1080 1688 1242 1744 fuisse
1270 1687 1584 1754 certamine,
1625 1695 1686 1742 ut
1720 1685 1788 1740 ad
1833 1683 2086 1755 quastio-

495 1795 620 1848 nem
652 1780 937 1834 involutam
967 1781 1154 1850 magis,
1195 1793 1351 1848 quam
1383 1778 1450 1832 ad
1476 1793 1736 1833 summam
1757 1767 2000 1846 spectare
2023 1774 2085 1827 li-

493 1871 578 1926 dei
608 1871 933 1927 crederetur.
965 1871 1153 1926 Procul
1178 1871 1372 1941 quippe
1396 1869 1464 1925 ab
1493 1868 1679 1925 studiis
1717 1865 2084 1938 spiritualibus

491 1963 776 2034 agitantes,
804 1962 934 2017 solis
956 1963 971 1993 ¹
1001 1962 1155 2017 fama:
1183 1961 1382 2015 aurulis
1407 1967 1850 2026 commoventur;
1880 1956 2078 2028 tempo-

493 2071 718 2128 rumque
743 2054 1086 2111 formidantes
1109 2054 1380 2116 invidiam,
1404 2067 1501 2107 nec
1523 2061 1814 2122 comperta:
1843 2050 2083 2107 veritatis

496 2148 806 2220 praesidium
843 2155 1083 2202 tenentes
1109 2145 1316 2220 (utfere
1359 2146 1414 2200 in
1454 2144 1612 2200 rebus
1660 2144 1901 2215 trepidis,
1951 2143 2080 2199 nulli

493 2243 672 2298 minus
695 2256 852 2313 quam
881 2241 982 2296 sibi
1003 2239 1303 2310 creditur),
1331 2239 1492 2294 tutius
1511 2239 1632 2304 iter,
1655 2237 1798 2309 quod
1829 2237 2082 2309 frequen-

498 2331 626 2399 tius,
666 2332 1020 2386 arbitrantur.

561 2425 920 2479 Aucusnxus.
951 2422 1026 2476 Eo
1048 2419 1375 2490 frequentius
1402 2429 1484 2474 est
1528 2419 1628 2474 iter
1667 2427 1932 2485 nostrum,
1975 2432 2082 2488 quo

493 2512 945 2584 antiquius;quia
982 2512 1301 2566 catholicum
1337 2520 1420 2566 est
1444 2527 1458 2566 :
1483 2518 1719 2564 vestrum
1760 2519 1891 2565 vero
1936 2514 2082 2563 tanto

494 2603 677 2658 minus
701 2602 975 2674 frequens,
1000 2611 1198 2673 quanto
1216 2601 1384 2672 magis
1408 2601 1668 2656 novitium
1692 2601 1712 2631 '
1733 2615 1748 2666 ί
1773 2599 1896 2670 quia
1918 2598 2083 2655 luere-

498 2693 682 2749 ticum.

565 2783 874 2841 ll..lur..lloc
903 2792 1079 2840 autem
1101 2783 1155 2839 in
1182 2783 1582 2854 prtescntiarum
1605 2781 1809 2837 duabus
1821 2797 1888 2837 ex
1907 2781 2082 2836 causis

490 2873 848 2945 acciditzquia
870 2884 924 2930 et
955 2863 1222 2930 sententia
1257 2872 1670 2928 Manicltmorum
1693 2871 1761 2927 de
1797 2871 2080 2926 criminum

491 2971 577 3023 est
601 2966 822 3037 probata
849 2966 1089 3021 consiliis
1113 2965 1134 2996 ³
1155 3007 1173 3032 ,
1204 2973 1260 3021 et
1283 2965 1471 3020 excite
1501 2963 1930 3033 persecutionum
1961 2977 2083 3032 pro-

491 3056 642 3112 cella:
668 3057 854 3126 inopes
875 3055 1094 3127 spiritus
1113 3071 1145 3110 a
1171 3054 1406 3110 veritatis
1435 3051 1618 3109 favore
1641 3052 1938 3109 deterrent.

563 3150 698 3206 Auc.
743 3147 1022 3217 Quomodo
1070 3157 1154 3203 est
1193 3147 1294 3203 iter
1329 3146 1659 3218 frequentius
1699 3145 1768 3201 de
1813 3145 2076 3202 sententia

487 3241 920 3309 Manichaaorum,
945 3253 1065 3296 cum
1089 3240 1197 3295 sint
1219 3236 1506 3294 admodum
1534 3237 1678 3293 rari?
1704 3247 1794 3292 aut
1814 3236 2085 3308 quomodo

499 3335 930 3408 persecutionem
961 3347 1057 3405 pro
1080 3334 1306 3390 veritate
1329 3331 1593 3404 patimini,
1636 3331 1727 3403 qui
1770 3330 2084 3388 subtrahitis

487 3428 742 3500 parvulos
765 3422 1073 3483 Salvatori?

561 3518 650 3574 lll.
671 3518 787 3574 ιω..
813 3517 943 3573 Pars
961 3517 1120 3588 igitur
1137 3523 1191 3572 et
1208 3515 1466 3586 voluptati
1485 3514 1773 3570 consulens
1791 3520 1847 3568 et
1871 3513 2082 3585 pavovi.

489 3609 576 3667 vel
599 3609 888 3676 arceat,vel
905 3607 1140 3673 circi,vel
1157 3622 1331 3662 scena:
1349 3606 1558 3678 populis
1577 3606 1829 3661 comitata
1852 3604 2082 3671 luxuria,

489 3701 732 3757 ambiens
751 3701 804 3757 in
826 3699 1074 3755 Omnibus
1112 3697 1326 3770 ﬂagitiis
1356 3695 1648 3752 obtendere
1686 3695 2080 3762 necessitatem,-

489 3810 592 3866 qua
618 3793 890 3850 commissi
921 3791 1117 3847 invidia
1147 3805 1360 3860 semper
1381 3789 1606 3856 levatur,
1633 3797 1686 3842 ct
1705 3786 1945 3858 fragores
1979 3801 2080 3841 sa:-

497 3886 604 3942 culi
631 3883 1070 3955 praevaricatione
1089 3882 1258 3937 vitare
1291 3899 1304 3935 :
1333 3895 1395 3936 ea
1427 3895 1555 3950 ergo
1579 3889 1720 3944 sunt,
1746 3893 1866 3949 qua:
1911 3876 2079 3932 comi-

499 3978 745 4032 tatiorem
772 3977 973 4032 faciunt
995 3975 1243 4032 vitiorum
1265 3973 1648 4044 defensionem.
1673 3971 1752 4026 Ex
1772 3986 1878 4042 quo
1900 3979 2080 4026 tamen

504 4071 662 4140 vulgo
685 4084 810 4138 pars
836 4069 1088 4135 maxima,
1120 4077 1179 4121 ut
1205 4067 1454 4136 prmfatus
1481 4080 1622 4131 sum,
1648 4063 1998 4119 Traducianis
2028 4071 2084 4119 et

498 4161 788 4218 Catholicis
813 4161 894 4216 vel
915 4159 983 4216 de
1003 4161 1111 4214 Deo
1137 4160 1370 4213 rationes
1390 4157 1617 4214 credidit
1644 4170 1961 4211 consonare.

570 4257 706 4311 Atto.
732 4251 1138 4309 lnnumerabilis
1180 4249 1461 4304 multitudo
1492 4248 1748 4312 ﬁdelium,
1799 4262 1918 4318 qua:
1958 4260 2083 4316 pro-

494 4346 658 4402 missa
685 4353 766 4399 est
805 4342 1032 4398 Abrahae
1064 4339 1084 4415 (
1112 4339 1238 4395 Gen.
1281 4355 1410 4406 ml,
1455 4338 1600 4410 l7),
1644 4338 1796 4408 quasi
1845 4352 1876 4392 a
1933 4336 2086 4391 vobis

493 4437 727 4510 vulgaris
775 4435 926 4491 turba
966 4433 1362 4490 contenmitnr:
1409 4432 1529 4502 quia
1580 4429 1819 4485 videlicet
1877 4429 2080 4499 paucis,

491 4544 628 4601 quos
638 4528 967 4598 Pelagianos.
982 4526 1083 4580 hoc
1099 4534 1201 4589 est,
1215 4523 1432 4579 venenis
1459 4522 1671 4577 novitite
1694 4522 1857 4601 pestis
1868 4521 2084 4577 insanos

493 4619 686 4683 facitis,
711 4625 886 4689 potest
904 4617 1116 4688 placere
1141 4614 1280 4686 quod
1303 4613 1620 4679 dicitis,tam
1647 4611 1950 4668 evidentem
1979 4612 2083 4666 mi-

497 4711 694 4767 seriam
719 4709 928 4780 generis
955 4708 1192 4771 humani,
1216 4723 1338 4777 qu:e
1363 4713 1586 4776 apparet
1613 4705 1666 4759 in
1697 4705 1842 4774 gravi
1864 4705 1992 4776 jngo
2018 4704 2083 4759 fi-

494 4802 687 4858 liorum
722 4799 891 4854 Adam
920 4815 952 4854 a
998 4798 1087 4854 die
1125 4799 1298 4852 exitus
1338 4796 1405 4850 de
1435 4805 1624 4851 ventre
1671 4797 1855 4850 matris
1895 4811 2082 4851 eorum

495 4891 699 4966 (Eccli.
725 4907 811 4955 XL,
840 4891 860 4944 l
887 4889 929 4962 ),
954 4889 1019 4944 de
1041 4889 1238 4958 precati
1260 4889 1468 4950 merito,
1485 4886 1654 4956 quoin
1679 4886 1892 4940 homine
1911 4888 2084 4956 primo

493 4990 682 5040 natura
705 4979 934 5034 humana
969 4980 1149 5033 vitiata
1191 4987 1291 5042 est,
1323 4991 1429 5031 non
1455 4977 1658 5032 venire.
1693 4969 1846 5031 Unde
1876 4991 1971 5031 vos
1999 4990 2084 5032 se-

493 5065 698 5133 quittIr,
723 5063 837 5118 utsi
869 5076 1025 5118 nemo
1052 5060 1617 5132 peccassel,cogamini
1645 5059 1802 5114 etiam
1829 5059 2007 5114 dicere
2028 5060 2083 5115 in

494 5156 741 5229 paradiso
762 5156 931 5210 futura
957 5154 1116 5208 fuisse
1141 5171 1242 5208 Itntt
1260 5154 1430 5208 solum
1456 5157 1593 5206 totet
1616 5157 1759 5206 tanta
1783 5167 1944 5206 onera
1970 5159 2084 5206 m‘oo

497 5245 795 5312 iestiarum,
819 5261 950 5316 quas
978 5243 1169 5300 videmi
1195 5259 1221 5298 s
1243 5243 1489 5314 parvulos
1515 5243 1654 5298 ferre
1677 5259 1692 5308 ;
1716 5257 1900 5297 verum
1922 5243 2081 5298 etiam

497 5349 577 5396 tot
603 5350 656 5394 et
694 5348 837 5394 tanta
870 5339 996 5392 vitia
1019 5337 1354 5407 ingeniorum
1384 5346 1438 5391 et
1472 5351 1784 5406 corporum,
1812 5352 1932 5390 cum
1960 5335 2080 5407 qui-

495 5427 596 5490 bus
624 5432 867 5504 plerique
898 5441 1207 5486 nascuntur.
1240 5429 1296 5483 In
1325 5444 1428 5499 quo
1478 5425 1747 5484 fclicitatis
1785 5435 1841 5484 et
1886 5427 2082 5498 quietis

496 5520 615 5579 loco
649 5524 812 5578 etiam
832 5529 1131 5591 susceptam
1162 5529 1414 5587 vestram,
1456 5535 1559 5590 qua
1602 5535 1726 5574 caro
1752 5520 2080 5590 concupiscit

561 5696 579 5730 ί
613 5698 811 5760 sicMss.
835 5703 885 5746 In
908 5699 1065 5760 vign.,
1089 5694 1195 5746 soli.

562 5760 582 5790 ¹
613 5759 767 5808 Codex
792 5767 934 5818 Port.,
956 5759 1143 5808 novum.

564 5819 585 5851 ⁸
615 5819 778 5882 Itorel,
801 5817 946 5882 Hem.
972 5823 1104 5878 Crit.,
1131 5835 1177 5882 p.
1205 5819 1311 5882 Ml,
1351 5821 1420 5870 sic
1442 5819 1565 5882 legit
1587 5819 1713 5868 hunc
1746 5817 2081 5882 locumcom'a

504 5880 727 5933 sententia
745 5879 1112 5933 Manichaeorum
1130 5879 1190 5932 de
1213 5880 1467 5932 criminum
1482 5879 1551 5934 ὁδε
1566 5881 1750 5938 malum
1768 5879 1994 5932 consiliis.
2020 5888 2076 5931 At.

2190 1588 2446 1647 adversus
2467 1592 2734 1662 spiritum,
2765 1593 3042 1651 libidinem
3068 1597 3295 1666 ponitis;
3325 1607 3378 1654 et
3405 1612 3504 1652 nos
3549 1597 3644 1668 qui
3671 1613 3790 1654 eam

2191 1688 2438 1753 tanquam
2454 1683 2818 1740 adversarium
2837 1687 3020 1741 vitium
3035 1697 3219 1742 contra
3245 1690 3668 1759 concupiscente
3690 1691 3793 1759 spi-

2189 1771 2294 1828 ritu
2315 1773 2660 1842 debellamus,
2694 1777 2890 1832 clausis
2914 1779 3085 1835 Oculis
3121 1780 3384 1835 accusatis
3410 1781 3556 1836 velut
3577 1782 3789 1837 amicos

2188 1865 2472 1935 voluptatis
2491 1867 2814 1935 etluxurite;
2839 1867 2890 1922 iu
2908 1884 3067 1940 quam
3088 1872 3264 1926 nullus
3287 1870 3548 1943 ﬂagitidse
3578 1887 3643 1928 ac
3673 1884 3785 1928 tur6

2188 1955 2326 2026 piter
2371 1956 2532 2024 cadit,
2579 1957 2679 2013 nisi
2710 1959 2800 2030 qui
2837 1969 3028 2014 vestrae
3056 1960 3129 2015 illi
3169 1972 3452 2031 susceptae,
3476 1977 3642 2032 quam
3692 1978 3788 2018 nos

2187 2049 2478 2118 arguimus,
2503 2065 2597 2107 vos
2615 2049 2923 2120 defenditis,
2949 2045 3622 2126 sollicitantisuadcntiquc
3643 2071 3777 2111 cou-‘

2187 2140 2370 2196 sentit.

2258 2229 2478 2287 lVJun.
2497 2231 2692 2288 Verum
2722 2232 2845 2303 quia
2875 2242 2928 2289 et
2951 2233 3003 2289 in
3033 2234 3204 2304 primo
3229 2242 3284 2291 et
3309 2234 3361 2290 in
3385 2236 3639 2305 prtcscnti
3672 2252 3788 2292 cer-

2190 2323 2388 2378 tamine
2412 2365 2429 2391 ,
2477 2326 2936 2396 argumentatione
2975 2323 3258 2398 Augustini
3293 2329 3484 2400 claruit
3525 2346 3637 2384 non
3669 2342 3790 2386 esse

2187 2429 2307 2470 eum
2340 2415 2794 2474 Traducianorum
2825 2419 2992 2476 Deum
3016 2459 3032 2487 ,
3075 2436 3231 2490 quem
3261 2421 3552 2476 Christiani
3575 2422 3783 2492 justum

2187 2515 2350 2578 atque
2369 2509 2608 2563 omnium
2630 2508 2964 2565 conditorem
2985 2511 3288 2567 concinenti
3309 2512 3613 2569 assertione
3638 2530 3792 2571 vene;

2187 2604 2414 2662 rantur;
2461 2601 2716 2673 prmcipio
2757 2603 2774 2634 ¹
2811 2602 2922 2673 jam
2951 2603 3148 2669 animo,
3195 2609 3302 2674 quo
3342 2603 3562 2673 plurimi
3601 2610 3788 2661 eorum

2186 2703 2418 2758 quoque,
2445 2691 2536 2761 qui
2562 2707 2706 2748 caeco
2734 2707 2917 2748 errore
2943 2692 3080 2764 lapsi
3108 2702 3252 2757 sunt,
3283 2693 3367 2749 his
3393 2695 3589 2766 agnitis
3614 2696 3788 2752 corrio

2186 2783 2399 2849 gantur.

2259 2873 2397 2928 Auc.
2441 2871 2553 2928 lino
2592 2889 2740 2939 vero,
2773 2873 2856 2929 his
2886 2875 3100 2946 agnitis,
3142 2881 3261 2947 qua:
3295 2884 3385 2931 tuo
3426 2863 3606 2932 fallaci
3639 2878 3788 2933 vanis

2187 2961 2366 3034 loquio
2409 2963 2705 3019 secundum
2751 2966 2989 3022 veritatis
3030 2965 3419 3036 respondemus
3467 2967 3784 3038 eloquium,

2187 3053 2456 3108 neminem
2485 3053 2536 3108 in
2560 3071 2744 3111 errore
2770 3054 2990 3112 hmresis
3011 3065 3203 3113 vestra:
3224 3056 3327 3112 nisi
3350 3057 3513 3112 nimia
3535 3059 3786 3128 vecordia

2189 3143 2273 3199 vel
2307 3144 2600 3214 pervicacia
2626 3145 2904 3202 detinebit.

2264 3232 2325 3287 V.
2365 3232 2486 3288 Jun.
2528 3233 2708 3290 Credit
2734 3236 2929 3307 quippe
2971 3234 3253 3291 adversum
3287 3251 3386 3292 nos
3415 3236 3780 3306 Manicharu's,

2189 3325 2498 3381 naturaliter
2530 3327 2783 3383 mortales
2809 3328 2862 3381 in
2888 3327 3081 3398 ﬂagitia
3110 3327 3454 3400 facindraque
3491 3331 3782 3402 compelli:

2189 3418 2439 3490 opinatur
2479 3419 2820 3474 tenebrarum
2864 3421 3124 3490 originem
3165 3429 3220 3476 et
3260 3419 3578 3490 corporibus
3622 3431 3787 3476 male-

2196 3507 2331 3562 riam
2371 3517 2425 3563 et
2459 3507 2771 3563 criminibus
2812 3509 3125 3580 przcstitisse
3153 3526 3168 3576 ;
3200 3509 3527 3580 voluptatem
3564 3525 3784 3566 sexuum

2191 3599 2366 3656 tabem
2389 3602 2408 3632 ³
2431 3615 2551 3657 esse
2577 3600 2792 3671 generis
2819 3600 3057 3669 humani,
3083 3603 3421 3658 assertricem
3445 3602 3586 3672 juris
3611 3603 3786 3658 diabo-

2190 3690 2311 3758 lici,
2354 3701 2408 3748 et
2451 3691 2503 3746 in
2545 3693 2791 3747 universa
2821 3691 3083 3747 dedecora
3125 3692 3399 3747 hominum
3442 3694 3780 3749 coactriccma

2189 3781 2357 3850 Quem
2386 3781 2750 3838 Traducianus
2791 3780 3129 3838 dmuifariam
3161 3796 3409 3848 secutus,
3441 3785 3642 3856 quippe
3672 3785 3784 3854 cjus

2190 3872 2362 3927 hmrcs
2385 3881 2440 3928 et
2464 3873 2697 3939 soboles,
2729 3873 2987 3928 naturalia
3015 3875 3262 3941 crimina,
3290 3884 3550 3929 :eternam
3575 3875 3596 3906 ⁸
3616 3875 3684 3930 de
3709 3885 3783 3930 teb

2189 3963 2417 4019 ncbroso
2447 3963 2612 4018 nihilo
2633 3965 2755 4019 mali
2783 3965 3178 4032 necessitatem,-
3213 3974 3267 4020 ct
3293 3964 3636 4021 all'ectioncm
3663 3982 3782 4022 scn-

2188 4055 2335 4110 sibus
2393 4055 2707 4110 destinatam
2766 4065 3070 4112 sanctorum
3136 4061 3374 4112 omnium
3445 4059 3777 4128 pollutriccnt

2187 4155 2347 4216 atque
2381 4147 2663 4218 imaginem
2709 4148 2800 4202 Dei
2843 4149 2896 4202 in
2936 4164 3104 4220 regno
3144 4148 3343 4206 diaboli
3387 4150 3778 4220 collocantem,

2187 4239 2430 4292 oratione
2473 4239 2750 4309 multiplici
2796 4249 3036 4294 testatur.

2259 4333 2393 4388 Auo.
2434 4332 2756 4390 Manichmus
2785 4343 3029 4388 naturam
3062 4334 3187 4388 mali
3219 4332 3646 4390 sdbstantialitcr
3675 4335 3780 4390 Deo

2188 4424 2328 4480 bono
2350 4434 2693 4491 coa'ternam,
2723 4435 2906 4479 contra
2935 4423 3253 4480 catholicam
3283 4427 3568 4480 veritatem
3595 4427 3745 4496 singu
3769 4457 3779 4468 -

2187 4516 2282 4571 lari
2315 4517 2524 4586 vesania
2555 4516 2817 4571 fabulatur
2847 4535 2858 4570 :
2887 4518 3084 4572 veritas
3109 4527 3287 4574 autem
3315 4518 3585 4575 catholica
3614 4521 3776 4576 Deum

2187 4609 2360 4663 Solum
2391 4609 2504 4664 sine
2536 4609 2638 4662 ullo
2669 4608 2890 4664 exordio
2923 4611 3207 4688 confitetur
3234 4619 3492 4666 aeternum
3521 4629 3538 4676 ;
3568 4629 3670 4667 non
3696 4629 3782 4667 so-

2189 4699 2296 4753 lum
2318 4700 2535 4766 bonum,
2559 4699 2701 4770 quod
2730 4708 2783 4754 ct
2804 4699 2890 4754 ille
2910 4699 3064 4767 dicit,
3089 4716 3274 4756 verum
3296 4703 3455 4756 etiam
3481 4703 3754 4756 inimulahi
3777 4737 3782 4740 -

2189 4792 2316 4860 lem,
2355 4792 2497 4863 quod
2538 4792 2626 4847 ille
2667 4809 2772 4846 non
2817 4792 2963 4848 dicit.
3011 4794 3162 4848 llunc
3198 4809 3328 4865 ergo
3371 4794 3538 4849 Deum
3576 4811 3781 4849 summe

2187 4882 2381 4937 bonum
2407 4925 2421 4949 ,
2461 4891 2514 4937 et
2541 4884 2610 4937 ob
2651 4882 2750 4938 hoc
2785 4884 3003 4938 omnino
3047 4884 3472 4952 immutabilem,
3515 4885 3602 4942 cui
3635 4885 3774 4939 nulla

2189 4979 2375 5028 natura
2409 4989 2674 5030 coteterna
2705 4985 2807 5044 est,
2839 4992 2957 5046 quae
2988 4991 3093 5031 non
3121 4985 3203 5031 est
3228 4976 3369 5048 quod
3400 4981 3538 5046 ipse,
3570 4992 3665 5032 nec
3692 4991 3779 5030 es-

2187 5074 2270 5121 set
2299 5067 2399 5120 nisi
2431 5065 2567 5121 facta
2596 5076 2760 5130 esset,
2793 5082 2898 5122 non
2928 5066 2996 5124 de
3021 5068 3169 5138 ipso,
3202 5067 3295 5122 sed
3325 5076 3501 5122 tamen
3532 5069 3598 5123 ab
3627 5067 3775 5138 ipso,

2187 5155 2287 5210 hoc
2314 5167 2415 5223 est,
2443 5172 2550 5210 non
2575 5156 2639 5211 de
2664 5165 2851 5212 natura
2877 5157 3012 5226 ejus,
3043 5158 3136 5213 sed
3165 5158 3400 5228 potentia
3430 5169 3605 5212 tamen
3633 5157 3774 5228 ejus,

2185 5249 2440 5303 adversus
2463 5247 2868 5303 Mauicbceorum
2895 5249 3219 5305 dementiam
3255 5250 3609 5319 praadicamus
3634 5269 3648 5305 ;
3671 5249 3781 5303 fac:-

2187 5349 2400 5410 tamque
2431 5350 2696 5408 naturam,
2724 5358 2842 5412 quae
2874 5342 3015 5396 nulla
3041 5356 3162 5397 esse
3196 5343 3479 5412 potuisset,
3510 5343 3607 5396 nisi
3634 5357 3777 5406 eam,

2185 5431 2432 5501 quamvis
2466 5447 2571 5486 non
2607 5431 2674 5488 de
2707 5447 2765 5487 se
2796 5432 2906 5504 ipsa
2929 5475 2943 5500 ,
2990 5443 3163 5489 tamen
3204 5435 3547 5506 Omnipotens
3586 5444 3778 5488 natura

2187 5521 2435 5591 fecisset,
2467 5523 2665 5579 bonum
2693 5539 2814 5580 esse
2843 5524 3056 5596 quidem
3086 5525 3285 5582 scimus
3309 5535 3362 5582 et
3391 5526 3648 5593 dicimus,
3676 5525 3779 5579 sed

2249 5698 2265 5728 ι
2301 5696 2351 5744 vi
2357 5696 2590 5758 gnierius,
2619 5695 2846 5760 percipio.

2248 5761 2268 5789 ’
2301 5757 2375 5806 sic
2399 5767 2499 5805 Mss.
2528 5765 2574 5806 In
2601 5757 2859 5820 tignierio.
2884 5757 3041 5808 t::lem.

2241 5821 2268 5881 ,³
2300 5822 2372 5867 sic
2396 5827 2472 5867 \ts.
2501 5817 2760 5871 Portarum.
2807 5821 2887 5869 ΑΜ
2931 5835 3048 5870 vero
3092 5833 3201 5871 cum
3227 5820 3386 5882 editis,
3424 5817 3760 5870 naturalium

2183 5894 2314 5932 muta
2334 5889 2516 5930 ωερε-για
