3962 6476
200 381 340 440 1⁸09

196 497 271 552 illi
301 513 408 552 non
435 497 643 568 :equale
670 499 756 568 qui
783 496 930 556 fecit.
956 495 1104 551 Fecit
1134 495 1274 551 enim
1305 495 1445 550 Deus
1475 496 1652 550 omnia
1683 495 1784 551 bo-

195 603 262 644 na
293 588 447 644 valde
487 589 636 659 (Gen.
669 605 723 656 ι,
751 588 883 659 Si);
923 586 1016 642 sed
1053 602 1157 641 non
1196 601 1404 641 summe
1433 586 1570 640 bona
1592 628 1608 654 ,
1646 584 1783 641 sicut

193 691 274 736 est
307 681 423 752 ipse
447 699 460 735 :
484 699 602 752 qua:
631 692 807 736 tamen
837 681 975 736 bona
1006 679 1412 750 qualiacumque
1442 692 1548 732 non
1577 685 1778 742 essent,

192 771 296 827 nisi
341 788 405 830 ea
455 771 670 828 fecisset
709 787 918 828 summe
961 770 1173 839 bonus;
1219 777 1319 826 nec
1357 769 1629 824 mutabilia
1674 768 1781 823 ulla

190 863 333 920 bona
364 873 566 930 essent,
595 864 695 919 nisi
724 879 787 918 ea
819 861 1032 918 fecisset
1057 860 1457 916 immutabiliter
1481 860 1672 914 bonus.
1705 859 1782 914 Ac

193 973 292 1028 per
336 956 461 1025 hoc,
507 956 779 1012 Manichael
823 972 944 1012 eum
988 964 1235 1028 qumrunt
1273 969 1304 1009 a
1347 954 1501 1009 nobis
1538 953 1676 1010 unde
1713 953 1782 1008 sit

192 1046 432 1118 malum,
475 1051 715 1106 volentes
751 1049 1086 1105 introducere
1128 1047 1324 1104 malum
1385 1048 1498 1102 Deo
1554 1058 1778 1103 eoa-ter-

193 1157 346 1208 num,
379 1134 674 1197 nescientes
703 1141 828 1212 quid
859 1141 928 1196 sit
953 1141 1171 1206 malum,
1203 1139 1358 1212 idque
1389 1149 1632 1210 putantes
1661 1155 1780 1194 esse

192 1242 439 1286 naturam
477 1245 638 1302 atque
679 1231 1028 1286 substantiam
1058 1249 1072 1284 :
1102 1229 1486 1300 respondemus
1529 1230 1627 1294 eis,
1675 1245 1778 1284 non

189 1336 314 1378 esse
362 1323 558 1377 malum
607 1333 672 1378 ex
721 1320 851 1390 Deo,
903 1326 1076 1393 neqtle
1123 1331 1446 1376 eomtcrnnm
1494 1321 1640 1388 Deo;
1686 1321 1778 1376 sed

189 1412 394 1468 malum
427 1420 604 1468 ortum
633 1428 755 1468 esse
784 1429 846 1468 ex
880 1411 1046 1467 libera
1075 1412 1347 1468 vohmtate
1378 1424 1581 1467 natura:
1614 1413 1779 1466 ratio-

189 1502 350 1568 nalis,
382 1520 500 1574 qua:
528 1502 663 1560 bene
691 1519 720 1558 a
751 1502 893 1558 bono
920 1503 1130 1558 condita
1155 1513 1234 1558 est
1262 1518 1278 1568 ;
1308 1503 1398 1557 sed
1429 1503 1635 1556 boaitas
1663 1503 1779 1573 ejus

189 1609 297 1648 non
348 1603 433 1650 est
471 1594 688 1665 aequalis
724 1593 944 1647 bonitati
985 1593 1285 1648 Conditoris
1329 1594 1484 1661 ejus;
1529 1595 1777 1664 Quoniam

187 1701 296 1739 non
328 1694 516 1740 natura
539 1726 554 1748 ,
595 1685 686 1740 sed
719 1701 852 1755 opus
881 1684 995 1755 ejus
1032 1695 1152 1750 est;
1187 1684 1407 1755 ideoque
1440 1684 1620 1738 habuit
1650 1699 1778 1756 pec-

187 1775 348 1832 candi
389 1775 826 1846 possibilitatem,
869 1794 972 1830 non
1016 1787 1189 1830 tamen
1229 1776 1620 1830 necessitatem.
1671 1775 1779 1831 Nec

185 1867 597 1938 possibilitatem
625 1876 799 1922 autem
829 1865 1066 1932 haberet,
1097 1869 1140 1922 si
1170 1868 1261 1922 Dei
1287 1879 1471 1922 natura
1499 1878 1659 1936 esset,
1688 1869 1777 1940 qui

185 1973 413 2028 peccare
435 1975 534 2014 nec
553 1959 663 2015 vult
690 1975 864 2029 posse,
895 1976 992 2016 nec
1019 1969 1190 2030 potest
1213 1960 1368 2015 velle.
1400 1960 1776 2016 Verumtamen

185 2050 466 2105 rationalis
493 2051 591 2106 ista
624 2062 811 2105 natura
843 2051 892 2105 in
935 2033 1036 2106 hac
1075 2050 1423 2120 possibilitate
1452 2051 1700 2122 pctcandi
1731 2052 1776 2107 si

185 2155 293 2195 non
322 2150 613 2210 peccasset,
642 2141 853 2212 quando
877 2156 1098 2212 peccare
1121 2141 1400 2211 potuisset,
1431 2158 1677 2213 magnum
1701 2143 1776 2198 si-

184 2231 238 2286 bi
263 2231 513 2287 meritum
534 2242 895 2304 comparasset
917 2251 928 2284 :
948 2231 1100 2303 cujus
1125 2232 1294 2286 meriti
1320 2233 1593 2301 prcemium
1617 2234 1774 2288 etiam

182 2320 291 2378 hoc
337 2331 508 2387 esset,
546 2333 602 2377 ut
636 2323 837 2392 majore
873 2323 1124 2378 felicitate
1164 2339 1385 2393 peccare
1426 2341 1531 2378 non
1571 2333 1772 2394 posset.

185 2411 292 2467 Sed
329 2412 433 2468 hoc
461 2412 642 2468 audito
671 2412 992 2468 Maniclnrus
1019 2413 1193 2468 adhuc
1225 2414 1414 2484 pergit,
1446 2422 1499 2470 et
1528 2413 1655 2468 dicit
1681 2433 1693 2469 :
1719 2416 1775 2470 Si

182 2519 251 2557 ex
297 2502 466 2559 libera
497 2503 763 2559 voluntate
792 2518 992 2559 natura:
1017 2504 1289 2559 rationalis
1315 2513 1396 2560 est
1425 2507 1639 2570 malum,
1672 2522 1774 2561 un-

183 2595 251 2651 de
277 2608 406 2651 sunt
437 2597 536 2650 ἰδίει
565 2607 640 2650 tot
667 2597 824 2663 mala,
852 2612 972 2651 cum
999 2597 1191 2668 quibus
1217 2596 1361 2652 nasci
1389 2597 1652 2660 videmus,
1682 2598 1774 2669 qdi

180 2685 423 2742 nondum
457 2687 700 2743 libertate
738 2687 1026 2742 voluntatis
1065 2686 1328 2758 utuntur?
1356 2687 1507 2744 Unde
1536 2698 1619 2744 est
1647 2705 1776 2744 eon-

179 2781 512 2851 cupiscentia
532 2823 548 2850 ,
577 2797 678 2852 qua
704 2789 830 2836 caro
855 2781 1181 2850 concupiscit
1209 2780 1465 2837 adversus
1490 2782 1730 2854 spiritum
1757 2825 1771 2850 ,

177 2880 234 2928 et
261 2870 332 2927 ad
371 2881 649 2943 peccatum
691 2871 1100 2944 perpetrandum
1144 2871 1338 2938 trahit,
1377 2872 1478 2928 nisi
1517 2873 1772 2928 adversus

177 2972 299 3018 eam
347 2964 566 3034 Spiritus
606 2963 796 3019 fortius
837 2963 1218 3033 concupiscat?
1259 2962 1410 3020 Unde
1456 2963 1510 3019 in
1557 2961 1772 3020 homine

176 3069 288 3108 uno
317 3053 543 3110 duarum
574 3071 775 3122 rerum,
806 3069 872 3110 ex
903 3054 1095 3126 quibus
1126 3062 1354 3123 constat,
1387 3064 1529 3109 tanta
1561 3055 1769 3110 discor-

175 3145 311 3201 dia?
342 3145 494 3203 Unde
523 3146 608 3203 lex
641 3147 693 3202 in
737 3145 990 3202 membris
1042 3161 1343 3218 repugnans
1396 3147 1496 3217 legi
1552 3149 1766 3216 mentis,

175 3239 296 3295 sine
325 3254 432 3311 qua
464 3239 581 3310 lege
607 3254 766 3294 nemo
794 3238 1066 3294 nascitur?
1097 3238 1246 3295 Unde
1279 3247 1352 3295 tot
1381 3249 1434 3295 et
1464 3248 1605 3296 tanta
1641 3242 1769 3298 vitia

175 3328 264 3386 vel
301 3328 664 3400 ingeniorum,
703 3329 786 3384 vel
813 3344 1121 3399 corporum,
1153 3345 1272 3385 cum
1304 3330 1495 3402 quibus
1535 3331 1770 3403 plerique

175 3419 515 3478 nascuntur?
550 3419 702 3478 Unde
728 3419 938 3476 labores
966 3429 1019 3475 ct
1049 3421 1376 3476 calamitates
1406 3421 1642 3476 nondum
1673 3439 1769 3478 vo-

175 3511 386 3568 imitate
425 3513 756 3584 peccantium
795 3511 1177 3583 parvulorum?
1215 3511 1368 3568 Unde
1395 3528 1517 3568 cum
1550 3513 1770 3569 rationis

176 3620 309 3661 usus
339 3605 666 3673 accesserit,
706 3605 758 3660 in
800 3605 1068 3660 discendis
1097 3605 1287 3660 litteris
1326 3605 1406 3660 vel
1450 3606 1773 3676 quibuslibet

173 3695 388 3751 artibus
419 3703 562 3750 tanta
605 3710 761 3766 paena
791 3695 1129 3761 mortalium,
1171 3703 1228 3750 ut
1262 3695 1576 3750 arrnmnosis
1611 3712 1773 3750 cona-

175 3786 324 3841 tibus
348 3787 510 3842 etiam
536 3787 817 3842 verberum
857 3785 1122 3840 cruciatus
1160 3783 1420 3840 addatur?
1445 3784 1541 3840 Hic
1567 3801 1665 3840 nos
1694 3801 1774 3841 res

173 3879 514 3948 spOudemus
539 3921 554 3947 ,
585 3878 745 3934 etiam
793 3879 890 3933 ista
923 3878 1059 3932 mala
1104 3891 1169 3932 ex
1214 3876 1485 3932 voluntate
1527 3876 1772 3932 humana:

173 3979 390 4024 natura:
419 3970 680 4041 originem
707 3968 923 4036 ducere,
954 3983 1055 4040 qua
1083 3968 1358 4039 granditer
1383 3977 1656 4038 peccante,
1689 3968 1770 4021 vi-

176 4064 309 4118 tiata
352 4072 408 4119 et
442 4078 563 4118 cum
593 4063 760 4132 stirpe
789 4061 1036 4116 damnata
1066 4071 1169 4116 est.
1200 4059 1350 4117 Unde
1379 4071 1585 4115 natura:
1616 4059 1771 4131 hujus

174 4164 288 4210 tam
337 4153 505 4209 multa
550 4153 810 4209 naturalia
851 4152 988 4208 bona
1028 4153 1244 4207 veniunt
1282 4151 1348 4206 de
1388 4150 1478 4205 Dei
1519 4150 1768 4220 Opiﬁeio,

173 4247 321 4302 mala
363 4245 432 4302 de
465 4246 665 4316 judicio
697 4264 710 4301 :
736 4261 856 4317 qua:
886 4245 1021 4298 maia
1047 4244 1194 4298 nullo
1223 4242 1382 4298 modo
1407 4258 1526 4298 esse
1555 4253 1771 4299 naturas

173 4341 263 4398 vel
288 4340 620 4395 substantias
643 4355 749 4393 non
773 4337 952 4392 vident
977 4335 1286 4401 Manicbmi;
1315 4351 1497 4390 verum
1527 4335 1644 4390 ideo
1667 4334 1771 4391 dici

173 4432 482 4500 naturalia,
513 4433 634 4504 quia
662 4445 787 4486 cum
815 4431 892 4486 cis
923 4429 1168 4484 homines
1196 4428 1375 4483 vitiata
1404 4427 1620 4498 originis
1651 4437 1769 4483 tan-

172 4541 341 4597 quam
381 4523 561 4579 radice
601 4532 910 4578 nascuntnr.
952 4519 1055 4575 Sed
1093 4535 1188 4574 vos
1217 4519 1338 4575 novi
1379 4518 1615 4574 hmretici
1645 4533 1773 4574 con-

175 4616 445 4672 tradicitis
474 4615 628 4669 nobis
659 4631 672 4668 :
703 4611 1021 4684 respondete
1052 4611 1210 4681 igitur
1236 4610 1576 4677 Manichaeis;
1608 4610 1771 4666 dicite

171 4707 327 4762 unde
355 4706 468 4760 sint
497 4714 573 4760 tot
599 4719 660 4760 ac
689 4713 834 4758 tanta
863 4703 1017 4768 mala,
1053 4719 1173 4757 cum
1202 4703 1393 4774 quibus
1422 4703 1562 4756 liﬂSi‘i
1593 4702 1770 4757 homi-

177 4815 280 4854 nes
309 4797 359 4852 si
388 4797 630 4867 negatis,
659 4795 747 4850 ubi
775 4805 856 4850 est
882 4794 1028 4850 frons
1055 4795 1270 4850 vestra?
1299 4794 1342 4848 si
1373 4792 1648 4859 fatemini,
1682 4794 1770 4850 ubi

179 4899 266 4946 est
297 4888 530 4944 hmresis
559 4890 773 4942 vestra?
801 4887 904 4943 Sed
929 4887 1061 4941 mala
1085 4888 1183 4942 ista
1210 4903 1313 4942 non
1335 4901 1454 4941 csse
1479 4888 1615 4940 mala
1642 4903 1770 4942 eone

168 4984 422 5048 tendite,
453 4991 506 5036 et
539 4982 838 5051 paradisum
876 4995 980 5035 non
1018 4996 1235 5047 verum,
1265 4980 1357 5035 sed
1385 4990 1620 5035 vestrum
1643 5022 1657 5046 ,
1697 4981 1770 5036 la-

169 5075 441 5139 boribus,
482 5071 784 5137 doloribus,
825 5071 1126 5140 erroribns,
1167 5071 1482 5141 gemitibus,
1525 5069 1765 5136 fletibus,

167 5165 438 5228 luetibus,
476 5163 681 5217 etiamsi
721 5177 878 5218 nemo
917 5173 1226 5232 peceasset,
1269 5161 1506 5232 implete.
1545 5161 1694 5228 Quod
1723 5163 1768 5217 si

167 5272 281 5311 non
325 5253 558 5318 audetis,
592 5268 659 5308 ne
699 5252 766 5307 ab
806 5252 932 5322 ipsis
965 5267 1174 5322 quoque
1199 5252 1435 5323 puerulis
1464 5252 1764 5320 rideamini,

163 5357 223 5404 et
265 5343 597 5403 emendandi
629 5343 810 5398 ferulis
832 5341 1182 5412 judicemini;
1213 5341 1484 5397 concludit
1509 5342 1770 5399 adversus

165 5453 269 5494 vos
312 5433 663 5500 Mauiclueus,
691 5433 810 5489 hLUC
844 5433 1003 5498 maia,
1036 5447 1155 5504 qua:
1193 5431 1262 5488 de
1291 5432 1470 5487 vitiata
1501 5432 1638 5488 bona
1673 5448 1769 5488 na-

164 5543 291 5589 tura
317 5547 444 5588 esse
465 5544 569 5585 nozi
592 5528 768 5593 vultis,
798 5527 865 5584 de
888 5527 1268 5584 commixtione
1291 5527 1416 5582 mali
1442 5542 1562 5583 esse
1587 5545 1601 5581 :
1625 5527 1766 5597 quod

160 5626 381 5684 malum
409 5623 542 5680 dicit
565 5637 686 5680 esse
713 5630 954 5677 naturam
982 5629 1302 5676 comternant
1325 5620 1437 5676 Deo
1457 5628 1618 5692 atque
1637 5635 1764 5676 con-

161 5719 427 5776 lrariam.
465 5718 543 5772 Ac
579 5731 676 5786 per
708 5714 812 5770 hoc
836 5713 926 5768 ubi
953 5713 1244 5770 Manicbmo
1275 5712 1486 5771 conaris
1523 5726 1644 5768 esse
1677 5728 1763 5768 rc-

158 5813 395 5879 mutior,
429 5807 504 5865 illi
532 5807 762 5864 cfficcris
790 5805 906 5878 ejus
933 5804 1160 5876 adjnter.

1544 379 1742 437 LIBER
1780 378 2066 438 SEXTUS.

3381 397 3404 412 ιο

3381 397 3404 412 ιο

3341 395 3476 453 Ιυίῧ

1968 495 2052 551 γι.
2080 495 2199 553 IUL.
2225 497 2340 554 Jam
2368 515 2494 556 vero
2520 501 2570 556 in
2597 501 2768 574 ipsum
2795 505 2981 575 Deum,
3015 509 3124 578 pari
3157 508 3282 577 fine,
3312 509 3475 581 impa-

1890 584 1934 638 ri
1977 586 2196 643 exordio
2214 631 2228 654 ,
2258 591 2656 668 accusationan
2683 595 2785 648 tela
2807 596 3125 664 jaculantur.
3152 599 3474 657 Manichqu

1889 679 2083 750 quippe
2109 680 2258 748 dicit,
2289 683 2426 738 Deus
2453 685 2625 740 bonus
2653 686 2845 741 malum
2875 704 2980 744 uin
3006 690 3131 746 facit
3161 710 3172 746 :
3201 691 3294 748 sed
3323 692 3472 750 addit

1889 769 2010 838 quia
2055 785 2148 840 pro
2189 773 2515 829 naturalibus
2557 775 2729 847 culpis
2759 787 2960 832 aeterno
2990 780 3233 837 inccndio
3263 784 3470 839 animas

1888 859 2161 929 destinet;
2206 865 2348 935 quod
2393 867 2685 938 perspicuas
2731 868 3075 926 immanitatis
3122 882 3203 926 est
3234 891 3246 928 :
3274 888 3338 928 ac
3378 889 3474 944 per

1886 951 2008 1018 hoc,
2051 953 2155 1010 fine
2192 957 2454 1025 Opinionis
2487 973 2616 1027 sum,
2657 975 2814 1030 quem
2842 960 3038 1015 bonum
3069 961 3294 1030 dixerat,
3325 964 3471 1019 clara

1889 1043 2166 1114 iniquitate
2208 1051 2551 1104 contaminat.
2599 1050 2764 1106 Porro
2791 1052 3118 1121 Augustinus
3148 1055 3300 1124 quasi
3325 1055 3372 1109 ei
3404 1056 3471 1111 ad

1887 1152 2044 1206 quem
2074 1139 2276 1205 scribit,
2313 1140 2478 1195 fidens
2506 1150 2748 1212 patrono,
2779 1159 2910 1197 ausu
2935 1143 3220 1213 grandiore
3247 1143 3475 1215 despicit

1894 1228 2298 1297 trepidationem
2323 1232 2576 1302 magistri,
2603 1248 2701 1289 nec
2721 1234 2926 1288 dubitat
2950 1234 3070 1290 inde
3093 1235 3342 1306 incipere,
3368 1253 3474 1307 quo

1887 1313 2204 1376 Manichznus
2239 1325 2508 1392 Pervenit;
2549 1325 2956 1397 pronuntiatque
2992 1327 3132 1396 quod
3169 1329 3385 1394 malum,
3420 1330 3473 1384 id

1887 1419 1964 1464 est
1995 1420 2294 1482 peccatum,
2325 1412 2482 1468 faciat
2509 1415 2650 1470 Deus
2677 1426 2726 1472 et
2755 1426 2920 1483 creet,
2948 1432 3103 1486 quem
3131 1428 3335 1474 constat
3365 1435 3472 1474 non

1884 1502 2172 1556 convenire
2197 1503 2246 1558 ei
2270 1504 2396 1569 Deo,
2424 1520 2578 1575 quem
2604 1506 2996 1561 Catholicorum
3023 1507 3155 1564 fides
3180 1509 3325 1564 colit.
3357 1509 3470 1564 Hoc

1886 1594 2222 1664 putissimum
2263 1596 2441 1651 animo
2481 1597 2693 1652 lectoris
2733 1598 2947 1664 insidat,
2985 1607 3040 1654 et
3071 1600 3202 1654 nulll
3239 1614 3471 1670 unquam

1887 1685 2121 1740 fidelimn
2145 1686 2400 1756 majorem
2423 1701 2636 1742 causam
2663 1704 2822 1758 quam
2846 1689 2997 1744 nobis
3022 1689 3324 1745 incubuisse
3344 1705 3473 1746 cou-

1883 1771 2093 1838 flictus,
2139 1782 2192 1828 et
2231 1789 2442 1830 onmem
2473 1775 2564 1846 qui
2607 1784 2848 1830 naturam
2894 1777 3060 1847 ipsam
3093 1779 3466 1835 necessitatem

1881 1865 2121 1919 criminis
2148 1865 2470 1934 arbitratur,
2520 1867 2574 1922 in
2615 1867 2704 1921 Dei
2734 1865 3152 1923 Christianorum
3185 1869 3328 1924 cultu
3360 1885 3464 1925 non

1887 1955 2083 2012 habere
2116 1959 2440 2014 consortium
2476 1977 2488 2015 :
2516 1960 2654 2030 quod
2685 1961 2932 2030 quoniam
2963 1961 3268 2033 frequenter
3295 1962 3468 2019 incul-

1885 2058 2060 2104 catum
2088 2046 2206 2114 est;
2247 2051 2581 2106 iterationem
2613 2053 2810 2122 quippe
2839 2040 3038 2107 utilitas
3065 2061 3238 2109 eausa:
3269 2055 3466 2125 princi-

1883 2141 2016 2211 palis
2055 2144 2264 2212 exegit;
2297 2143 2570 2197 veniamus
2600 2141 2709 2212 jam
2744 2142 2808 2197 ad
2835 2143 3222 2200 discussionem
3262 2145 3466 2214 primo-

1880 2235 1997 2287 rum
2023 2233 2318 2301 hominum,
2343 2251 2565 2305 quormn
2596 2234 2860 2290 taxatione
2880 2235 3010 2291 aciei
3029 2245 3221 2290 nosme
3239 2234 3465 2292 Numida

1880 2323 2030 2394 quasi
2060 2331 2299 2379 cetratus
2331 2324 2580 2378 occurrit.

1950 2415 2084 2471 Auc.
2124 2414 2261 2482 Quid
2287 2413 2603 2470 Manichmus
2632 2414 2772 2471 dieat
2803 2415 2868 2471 de
2897 2416 3274 2471 commixtione
3303 2417 3460 2473 bona!

1888 2514 1942 2559 et
1963 2505 2116 2560 malze
2137 2506 2464 2570 substantize,
2492 2509 2694 2560 nescire
2717 2514 2770 2561 te
2789 2505 3084 2570 crederem,
3114 2507 3213 2562 nisi
3237 2522 3298 2562 ea
3319 2518 3464 2564 certe

1879 2593 1998 2666 quae
2027 2595 2284 2652 adversus
2319 2596 2564 2652 emndem
2615 2612 2852 2652 errorem
2891 2597 3232 2668 scripsimus,
3269 2599 3464 2668 legisse

1881 2695 1930 2742 te
1971 2687 2161 2742 scirem
2193 2703 2206 2742 :
2236 2701 2355 2742 nam
2397 2703 2459 2742 ex
2493 2689 2664 2754 libro,
2700 2687 2751 2742 in
2781 2703 2884 2759 quo
2914 2687 3134 2743 duarum
3165 2689 3461 2744 animarum

1881 2777 1932 2832 in
1978 2777 2194 2834 homine
2237 2779 2664 2845 eonstitutarmn,
2708 2793 2931 2848 quarum
2971 2787 3112 2834 esset
3151 2794 3254 2833 una
3292 2779 3462 2846 bona,

1877 2867 2044 2924 altera
2086 2869 2226 2923 mala
2280 2885 2488 2935 ,eorum
2534 2870 2834 2939 opinionem
2873 2869 3114 2940 redargui
3151 2869 3250 2942 (De
3293 2869 3462 2928 Duab.

1878 2958 2138 3026 Animab.,
2169 2978 2221 3014 π.
2250 2958 2359 3035 15),
2394 2960 2637 3032 qumdam
2668 2971 2857 3016 contra
2887 2977 2974 3017 me
3003 2963 3172 3031 ipsum
3199 2975 3317 3018 esse
3345 2963 3462 3017 cxi-

1875 3055 2102 3109 stimaus
2147 3055 2444 3109 testimonia
2489 3054 2778 3125 protulisti.
2811 3054 3134 3110 Manichaaus
3159 3069 3290 3126 ergo
3327 3053 3463 3111 duas

1875 3147 2103 3214 animas,
2145 3145 2255 3200 sive
2296 3145 2532 3216 spiritus,
2572 3146 2685 3200 sive
2722 3154 2949 3212 mentes,
2992 3161 3152 3199 unam
3189 3145 3457 3216 propriam

1876 3238 2072 3304 carnis,
2100 3236 2447 3308 eamdemqiie
2475 3250 2580 3293 non
2610 3237 2886 3292 accidente
2919 3237 3074 3302 vitio,
3107 3238 3198 3294 sed
3229 3247 3459 3292 coaeter-

1875 3341 1996 3383 nam
2018 3329 2127 3384 Deo
2149 3337 2332 3383 natura
2364 3329 2576 3390 malam,
2599 3327 2819 3382 alteram
2850 3343 2978 3383 vero
3005 3335 3191 3382 natura
3225 3329 3415 3383 bonam
3435 3329 3454 3362 ί

1875 3430 2123 3492 tanquam
2143 3422 2234 3477 Dei
2265 3421 2598 3492 particulam,
2647 3420 2740 3476 sed
2769 3419 2912 3475 illius
2931 3421 3084 3475 mala:
3111 3420 3463 3490 permixtione

1875 3513 2208 3578 maculatam,
2251 3512 2302 3566 in
2345 3510 2563 3567 homine
2600 3527 2708 3566 uno
2751 3526 2871 3568 esse
2909 3511 3186 3566 contendit
3213 3529 3228 3567 :
3253 3520 3309 3586 et
3337 3511 3462 3568 hinc

1875 3605 1987 3660 vult
2014 3603 2147 3670 fieri,
2181 3613 2237 3661 ut
2261 3616 2386 3659 caro
2414 3605 2756 3675 concupiscat
2781 3604 3037 3659 adversus
3062 3604 3326 3674 Spiritum,
3358 3605 3464 3660 uti-

1875 3715 1979 3769 que
2004 3699 2223 3765 bonum,
2257 3714 2351 3769 per
2374 3699 2603 3752 animam
2633 3713 2780 3753 suam
2806 3698 3020 3764 malam,
3053 3705 3108 3752 ut
3135 3712 3255 3752 eum
3284 3706 3464 3754 teneat

1877 3792 2202 3861 implicatum
2229 3808 2243 3857 ;
2279 3792 2499 3862 Spiritus
2526 3799 2704 3846 autem
2733 3789 2988 3844 adversus
3018 3805 3232 3844 carnem
3262 3831 3277 3856 ,
3310 3799 3366 3844 ut
3393 3791 3463 3846 ab

1877 3881 1966 3937 illa
1991 3865 2366 3936 commixtione
2389 3881 2664 3935 liberetur.
2691 3879 2840 3948 Quod
2867 3879 2909 3933 si
2937 3893 3034 3933 nec
3059 3879 3242 3932 ultima
3269 3878 3453 3933 mundi

1876 3971 2289 4042 conflagratione
2313 3970 2560 4042 poluerit,
2591 3978 2716 4026 tunc
2739 3986 2864 4025 eum
2893 3969 3019 4024 dicit
3043 3968 3184 4040 affigi
3217 3969 3464 4024 tenebras-

1876 4081 1993 4119 rum
2025 4065 2201 4134 globo,
2233 4073 2393 4136 atque
2423 4063 2474 4119 in
2505 4071 2764 4118 :cternum
2799 4065 2889 4118 tali
2921 4062 3183 4134 supplicio
3211 4062 3459 4119 detineri.

1877 4155 1992 4210 Non
2021 4158 2216 4226 itaque,
2245 4165 2302 4210 ut
2323 4156 2474 4220 dicis,
2503 4153 2774 4210 Manichaei
2803 4156 2941 4210 Deus
2970 4171 2989 4207 ι
3020 4170 3114 4225 pro
3134 4155 3464 4212 naturalibus

1879 4248 2049 4320 Culpis
2077 4258 2278 4302 :rterno
2301 4246 2548 4302 incendio
2571 4247 2778 4301 animas
2805 4245 3035 4302 destinat
3059 4264 3072 4300 :
3108 4265 3126 4300 ι
3153 4247 3246 4302 sed
3275 4255 3461 4303 natura

1876 4337 2044 4393 bonas
2072 4337 2276 4392 animas
2307 4352 2402 4407 pro
2431 4336 2619 4392 alienze
2657 4337 2810 4392 mala:
2849 4347 3052 4392 natum
3080 4337 3460 4393 commixtione

1877 4432 1962 4488 cui
1988 4431 2131 4486 malo
2155 4444 2250 4487 eas
2278 4431 2390 4501 ipse
2415 4430 2768 4496 commiscuit,
2799 4445 2932 4500 quas
2959 4429 3079 4484 inde
3102 4445 3205 4484 non
3229 4431 3461 4499 potuerit

1878 4523 2126 4589 liberare,
2154 4539 2259 4577 non
2287 4521 2532 4577 incendio
2558 4530 2792 4586 artemo;
2823 4537 2942 4574 nam
2971 4519 3173 4575 nullum
3196 4529 3457 4576 aeternum

1877 4614 2200 4668 Maniclueus
2227 4613 2474 4683 opinatur
2500 4611 2799 4666 incendium
2822 4629 2836 4673 ;
2869 4612 2961 4665 sed
2988 4618 3210 4676 :ctcrno,
3237 4619 3298 4666 ut
3323 4611 3455 4679 dixi,

1877 4705 2216 4759 tenebrarum
2247 4702 2425 4773 globo,
2456 4717 2562 4772 quo
2591 4717 2740 4756 mens
2767 4701 3103 4755 tenebrarum
3136 4700 3456 4767 includetur,

1876 4795 2078 4865 affiget.
2107 4793 2378 4849 Catholica
2407 4808 2532 4847 vero
2560 4793 2708 4857 fides,
2741 4808 2897 4863 quam
2927 4792 3238 4862 reliquistis,
3266 4801 3322 4847 ut
3341 4793 3463 4848 "lla-

1877 4886 2225 4951 nichazorum,
2276 4900 2379 4939 non
2427 4885 2602 4954 plane,
2643 4883 3091 4954 quemadmodum
3136 4885 3331 4953 putatis
3372 4893 3463 4938 aut

1877 4978 2090 5050 fingitis,
2119 4963 2572 5048 oppugnatriccm,
2602 4975 2694 5030 Sed
2724 4975 2896 5045 potius
2921 4975 3234 5044 adjntricem
3261 4986 3460 5030 sectam

1878 5072 2127 5126 novitiam
2151 5070 2470 5131 eonderelis,
2495 5084 2614 5123 eum
2637 5068 2783 5122 audit
2804 5077 2895 5122 aut
2917 5068 3044 5138 legit
3063 5068 3201 5138 quod
3223 5069 3297 5123 ait
3319 5071 3462 5138 Apo-

1875 5167 2068 5230 stolus,
2098 5163 2229 5219 Caro
2255 5162 2558 5234 concupiscit
2587 5163 2823 5215 adversus
2849 5161 3103 5230 spiritum,
3135 5161 3339 5230 spiritus
3365 5176 3461 5212 au-

1875 5266 1972 5311 tem
2001 5257 2240 5310 adversus
2266 5272 2466 5308 carnem
2497 5271 2518 5308 :
2555 5253 2662 5308 haec
2691 5254 2824 5307 enim
2855 5253 3066 5308 invicem
3095 5251 3461 5316 advertuntur:

1877 5357 1930 5402 ut
1957 5364 2056 5401 non
2085 5363 2144 5400 ea
2171 5361 2282 5416 qua!
2309 5346 2455 5399 vultis
2475 5387 2490 5409 ,
2519 5345 2718 5415 faciatis
2747 5342 2942 5416 (Galat.
2973 5358 3007 5395 v
3025 5384 3040 5408 ,
3076 5341 3167 5411 i7)
3192 5359 3204 5393 :
3231 5356 3333 5394 non
3355 5337 3458 5394 ina-

1877 5449 2020 5494 turas
2041 5437 2193 5503 duas,
2219 5437 2340 5491 boni
2368 5437 2572 5490 scilicet
2589 5445 2642 5492 ct
2665 5436 2810 5503 mali,
2841 5437 2977 5489 inter
2996 5450 3054 5488 se
3074 5433 3140 5486 ab
3162 5432 3460 5488 :cternitate

1875 5529 2189 5593 contrarias,
2214 5539 2265 5584 et
2295 5528 2434 5583 bello
2457 5527 2751 5599 posteriore
2772 5527 3108 5590 commixtas,
3131 5523 3270 5579 sicut
3291 5521 3458 5576 Manis

1935 5745 1955 5776 ¹
1979 5742 2051 5793 sic
2067 5749 2214 5792 vetns
2230 5740 2385 5791 codex
2397 5748 2654 5789 Poetarum.
2673 5736 2791 5785 Edill
2812 5740 2994 5792 autem,
3009 5736 3231 5782 natura)!
3250 5725 3451 5788 multa»,

1873 5805 2074 5857 alterum
2098 5818 2206 5856 vero
2223 5811 2446 5855 naturam
2470 5802 2654 5850 bonum.
