  <div class='ocr_page' id='page_1' title='image "/cluster/home/n/w/nwhite01/storage/ocr_20150623/45/hvd.32044015471501/269.png"; bbox 0 0 3990 6516; ppageno 0'>
   <div class='ocr_carea' id='block_1_1' title="bbox 562 361 694 419">
    <p class='ocr_par' dir='ltr' id='par_1_1' title="bbox 562 361 694 419">
     <span class='ocr_line' id='line_1_1' title="bbox 562 361 694 419; baseline 0 0"><span class='ocrx_word' id='word_1_1' title='bbox 562 361 694 419; x_wconf 72' lang='lat' dir='ltr'><strong>liii!</strong></span> 
     </span>
    </p>
   </div>
   <div class='ocr_carea' id='block_1_2' title="bbox 558 469 2143 542">
    <p class='ocr_par' dir='ltr' id='par_1_2' title="bbox 558 469 2143 542">
     <span class='ocr_line' id='line_1_2' title="bbox 558 469 2143 542; baseline -0.006 -9"><span class='ocrx_word' id='word_1_2' title='bbox 558 474 741 534; x_wconf 59' lang='lat' dir='ltr'><strong>chains</strong></span> <span class='ocrx_word' id='word_1_3' title='bbox 764 474 1042 531; x_wconf 83' lang='lat' dir='ltr'><strong>ba-reticus</strong></span> <span class='ocrx_word' id='word_1_4' title='bbox 1062 473 1338 542; x_wconf 79' lang='lat' dir='ltr'><strong>Opinatur;</strong></span> <span class='ocrx_word' id='word_1_5' title='bbox 1365 473 1459 528; x_wconf 88' lang='lat' dir='ltr'><strong>sed</strong></span> <span class='ocrx_word' id='word_1_6' title='bbox 1481 472 1620 527; x_wconf 88' lang='lat' dir='ltr'><strong>sicut</strong></span> <span class='ocrx_word' id='word_1_7' title='bbox 1638 471 1933 527; x_wconf 89' lang='lat' dir='ltr'><strong>catholicus</strong></span> <span class='ocrx_word' id='word_1_8' title='bbox 1953 469 2143 524; x_wconf 88' lang='lat' dir='ltr'><strong>doctor</strong></span> 
     </span>
    </p>
   </div>
   <div class='ocr_carea' id='block_1_3' title="bbox 560 562 2141 638">
    <p class='ocr_par' dir='ltr' id='par_1_3' title="bbox 560 562 2141 638">
     <span class='ocr_line' id='line_1_3' title="bbox 560 562 2141 638; baseline -0.006 -12"><span class='ocrx_word' id='word_1_9' title='bbox 560 568 876 627; x_wconf 81' lang='lat' dir='ltr'><strong>Ambrosius</strong></span> <span class='ocrx_word' id='word_1_10' title='bbox 903 565 1039 638; x_wconf 89' lang='lat' dir='ltr'><strong>(Lib.</strong></span> <span class='ocrx_word' id='word_1_11' title='bbox 1070 569 1102 623; x_wconf 91' lang='lat'><strong>7</strong></span> <span class='ocrx_word' id='word_1_12' title='bbox 1132 568 1183 621; x_wconf 83' lang='lat' dir='ltr'><strong>in</strong></span> <span class='ocrx_word' id='word_1_13' title='bbox 1216 567 1341 620; x_wconf 86' lang='lat' dir='ltr'><strong>Luc.</strong></span> <span class='ocrx_word' id='word_1_14' title='bbox 1370 582 1466 629; x_wconf 87' lang='lat' dir='ltr'><strong>xu,</strong></span> <span class='ocrx_word' id='word_1_15' title='bbox 1494 566 1606 635; x_wconf 77' lang='lat'><strong>55),</strong></span> <span class='ocrx_word' id='word_1_16' title='bbox 1640 566 1792 620; x_wconf 90' lang='lat' dir='ltr'><strong>istam</strong></span> <span class='ocrx_word' id='word_1_17' title='bbox 1820 562 2141 619; x_wconf 80' lang='lat' dir='ltr'><strong>discordiam</strong></span> 
     </span>
    </p>
   </div>
   <div class='ocr_carea' id='block_1_4' title="bbox 560 642 2139 727">
    <p class='ocr_par' dir='ltr' id='par_1_4' title="bbox 560 642 2139 727">
     <span class='ocr_line' id='line_1_4' title="bbox 560 642 2139 727; baseline -0.004 -13"><span class='ocrx_word' id='word_1_18' title='bbox 560 659 739 715; x_wconf 88' lang='lat' dir='ltr'><strong>carnis</strong></span> <span class='ocrx_word' id='word_1_19' title='bbox 762 669 818 714; x_wconf 92' lang='lat' dir='ltr'><strong>et</strong></span> <span class='ocrx_word' id='word_1_20' title='bbox 838 659 1056 727; x_wconf 91' lang='lat' dir='ltr'><strong>spiritus</strong></span> <span class='ocrx_word' id='word_1_21' title='bbox 1083 674 1148 712; x_wconf 90' lang='lat' dir='ltr'><strong>ex</strong></span> <span class='ocrx_word' id='word_1_22' title='bbox 1180 642 1616 727; x_wconf 69' lang='lat' dir='ltr'><strong>prtevaricatione</strong></span> <span class='ocrx_word' id='word_1_23' title='bbox 1642 655 1796 727; x_wconf 85' lang='lat' dir='ltr'><strong>primi</strong></span> <span class='ocrx_word' id='word_1_24' title='bbox 1823 653 2053 710; x_wconf 81' lang='lat' dir='ltr'><strong>hominis</strong></span> <span class='ocrx_word' id='word_1_25' title='bbox 2086 653 2139 708; x_wconf 92' lang='lat' dir='ltr'><strong>in</strong></span> 
     </span>
    </p>
   </div>
   <div class='ocr_carea' id='block_1_5' title="bbox 556 732 2140 817">
    <p class='ocr_par' dir='ltr' id='par_1_5' title="bbox 556 732 2140 817">
     <span class='ocr_line' id='line_1_5' title="bbox 556 732 2140 817; baseline -0.004 -12"><span class='ocrx_word' id='word_1_26' title='bbox 556 759 803 805; x_wconf 76' lang='lat' dir='ltr'><strong>naturam</strong></span> <span class='ocrx_word' id='word_1_27' title='bbox 833 748 1060 805; x_wconf 76' lang='lat' dir='ltr'><strong>vertisse</strong></span> <span class='ocrx_word' id='word_1_28' title='bbox 1093 746 1405 817; x_wconf 82' lang='lat' dir='ltr'><strong>cognoscit;</strong></span> <span class='ocrx_word' id='word_1_29' title='bbox 1438 732 1494 800; x_wconf 87' lang='lat' dir='ltr'><strong>ut</strong></span> <span class='ocrx_word' id='word_1_30' title='bbox 1522 742 1627 801; x_wconf 89' lang='lat' dir='ltr'><strong>non</strong></span> <span class='ocrx_word' id='word_1_31' title='bbox 1666 745 1988 816; x_wconf 67' lang='lat' dir='ltr'><strong>intelligatur</strong></span> <span class='ocrx_word' id='word_1_32' title='bbox 2027 743 2140 799; x_wconf 79' lang='lat' dir='ltr'><strong>luec</strong></span> 
     </span>
    </p>
   </div>
   <div class='ocr_carea' id='block_1_6' title="bbox 553 822 2136 911">
    <p class='ocr_par' dir='ltr' id='par_1_6' title="bbox 553 822 2136 911">
     <span class='ocr_line' id='line_1_6' title="bbox 553 822 2136 911; baseline -0.003 -17"><span class='ocrx_word' id='word_1_33' title='bbox 553 849 743 894; x_wconf 89' lang='lat' dir='ltr'><strong>natura</strong></span> <span class='ocrx_word' id='word_1_34' title='bbox 785 825 1017 895; x_wconf 83' lang='lat' dir='ltr'><strong>hominis</strong></span> <span class='ocrx_word' id='word_1_35' title='bbox 1060 839 1303 909; x_wconf 77' lang='lat' dir='ltr'><strong>primitus</strong></span> <span class='ocrx_word' id='word_1_36' title='bbox 1346 822 1611 911; x_wconf 81' lang='lat' dir='ltr'><strong>instituti,</strong></span> <span class='ocrx_word' id='word_1_37' title='bbox 1653 837 1748 893; x_wconf 88' lang='lat' dir='ltr'><strong>sed</strong></span> <span class='ocrx_word' id='word_1_38' title='bbox 1796 837 1849 891; x_wconf 90' lang='lat' dir='ltr'><strong>in</strong></span> <span class='ocrx_word' id='word_1_39' title='bbox 1894 847 2136 891; x_wconf 89' lang='lat' dir='ltr'><strong>naturam</strong></span> 
     </span>
    </p>
   </div>
   <div class='ocr_carea' id='block_1_7' title="bbox 556 920 2137 999">
    <p class='ocr_par' dir='ltr' id='par_1_7' title="bbox 556 920 2137 999">
     <span class='ocr_line' id='line_1_7' title="bbox 556 920 2137 999; baseline -0.003 -16"><span class='ocrx_word' id='word_1_40' title='bbox 556 944 709 985; x_wconf 82' lang='lat' dir='ltr'><strong>versa</strong></span> <span class='ocrx_word' id='word_1_41' title='bbox 742 944 898 999; x_wconf 71' lang='lat' dir='ltr'><strong>pmna</strong></span> <span class='ocrx_word' id='word_1_42' title='bbox 926 928 1183 983; x_wconf 77' lang='lat' dir='ltr'><strong>damnati.</strong></span> <span class='ocrx_word' id='word_1_43' title='bbox 1217 929 1341 983; x_wconf 79' lang='lat' dir='ltr'><strong>lla-c</strong></span> <span class='ocrx_word' id='word_1_44' title='bbox 1371 927 1502 983; x_wconf 85' lang='lat' dir='ltr'><strong>lldes</strong></span> <span class='ocrx_word' id='word_1_45' title='bbox 1537 920 1642 981; x_wconf 85' lang='lat' dir='ltr'><strong>neu</strong></span> <span class='ocrx_word' id='word_1_46' title='bbox 1672 935 1752 980; x_wconf 91' lang='lat' dir='ltr'><strong>est</strong></span> <span class='ocrx_word' id='word_1_47' title='bbox 1780 922 1923 982; x_wconf 84' lang='lat' dir='ltr'><strong>cetra</strong></span> <span class='ocrx_word' id='word_1_48' title='bbox 1957 924 2137 979; x_wconf 80' lang='lat' dir='ltr'><strong>Numi-</strong></span> 
     </span>
    </p>
   </div>
   <div class='ocr_carea' id='block_1_8' title="bbox 552 1003 2140 1090">
    <p class='ocr_par' dir='ltr' id='par_1_8' title="bbox 552 1003 2140 1090">
     <span class='ocr_line' id='line_1_8' title="bbox 552 1003 2140 1090; baseline -0.002 -16"><span class='ocrx_word' id='word_1_49' title='bbox 552 1018 693 1083; x_wconf 87' lang='lat' dir='ltr'><strong>dica,</strong></span> <span class='ocrx_word' id='word_1_50' title='bbox 722 1018 790 1075; x_wconf 92' lang='lat' dir='ltr'><strong>de</strong></span> <span class='ocrx_word' id='word_1_51' title='bbox 815 1034 916 1090; x_wconf 89' lang='lat' dir='ltr'><strong>qua</strong></span> <span class='ocrx_word' id='word_1_52' title='bbox 947 1019 1102 1074; x_wconf 90' lang='lat' dir='ltr'><strong>nobis</strong></span> <span class='ocrx_word' id='word_1_53' title='bbox 1130 1005 1277 1074; x_wconf 84' lang='lat' dir='ltr'><strong>velut</strong></span> <span class='ocrx_word' id='word_1_54' title='bbox 1303 1014 1503 1074; x_wconf 78' lang='lat' dir='ltr'><strong>facetus</strong></span> <span class='ocrx_word' id='word_1_55' title='bbox 1532 1003 1790 1082; x_wconf 73' lang='lat' dir='ltr'><strong>insultas;</strong></span> <span class='ocrx_word' id='word_1_56' title='bbox 1819 1007 1913 1071; x_wconf 87' lang='lat' dir='ltr'><strong>sed</strong></span> <span class='ocrx_word' id='word_1_57' title='bbox 1939 1026 2021 1072; x_wconf 89' lang='lat' dir='ltr'><strong>cst</strong></span> <span class='ocrx_word' id='word_1_58' title='bbox 2046 1031 2140 1071; x_wconf 85' lang='lat' dir='ltr'><strong>ve-</strong></span> 
     </span>
    </p>
   </div>
   <div class='ocr_carea' id='block_1_9' title="bbox 491 1097 2134 1185">
    <p class='ocr_par' dir='ltr' id='par_1_9' title="bbox 491 1097 2134 1185">
     <span class='ocr_line' id='line_1_9' title="bbox 491 1097 2134 1185; baseline -0.003 -19"><span class='ocrx_word' id='word_1_59' title='bbox 491 1179 498 1185; x_wconf 88' lang='lat'><em>_</em></span> <span class='ocrx_word' id='word_1_60' title='bbox 557 1110 782 1166; x_wconf 89' lang='lat' dir='ltr'><strong>ridicum</strong></span> <span class='ocrx_word' id='word_1_61' title='bbox 804 1118 1031 1176; x_wconf 79' lang='lat' dir='ltr'><strong>scutum,</strong></span> <span class='ocrx_word' id='word_1_62' title='bbox 1057 1112 1110 1164; x_wconf 92' lang='lat' dir='ltr'><strong>in</strong></span> <span class='ocrx_word' id='word_1_63' title='bbox 1131 1124 1236 1179; x_wconf 90' lang='lat' dir='ltr'><strong>quo</strong></span> <span class='ocrx_word' id='word_1_64' title='bbox 1251 1124 1436 1163; x_wconf 89' lang='lat' dir='ltr'><strong>omnes</strong></span> <span class='ocrx_word' id='word_1_65' title='bbox 1458 1110 1674 1178; x_wconf 87' lang='lat' dir='ltr'><strong>sagittas</strong></span> <span class='ocrx_word' id='word_1_66' title='bbox 1691 1097 1879 1178; x_wconf 80' lang='lat' dir='ltr'><strong>ignitus</strong></span> <span class='ocrx_word' id='word_1_67' title='bbox 1900 1107 2134 1178; x_wconf 88' lang='lat' dir='ltr'><strong>maligni,</strong></span> 
     </span>
    </p>
   </div>
   <div class='ocr_carea' id='block_1_10' title="bbox 550 1188 2133 1272">
    <p class='ocr_par' dir='ltr' id='par_1_10' title="bbox 550 1188 2133 1272">
     <span class='ocr_line' id='line_1_10' title="bbox 550 1188 2133 1272; baseline -0.004 -14"><span class='ocrx_word' id='word_1_68' title='bbox 550 1204 688 1258; x_wconf 85' lang='lat' dir='ltr'><strong>sicut</strong></span> <span class='ocrx_word' id='word_1_69' title='bbox 710 1203 949 1259; x_wconf 82' lang='lat' dir='ltr'><strong>hortatur</strong></span> <span class='ocrx_word' id='word_1_70' title='bbox 967 1202 1274 1272; x_wconf 81' lang='lat' dir='ltr'><strong>Apostolus,</strong></span> <span class='ocrx_word' id='word_1_71' title='bbox 1288 1188 1676 1271; x_wconf 74' lang='lat' dir='ltr'><strong>exstinguimus</strong></span> <span class='ocrx_word' id='word_1_72' title='bbox 1696 1194 1911 1270; x_wconf 75' lang='lat' dir='ltr'><strong>(Ep/tes.</strong></span> <span class='ocrx_word' id='word_1_73' title='bbox 1930 1215 2005 1267; x_wconf 76' lang='lat' dir='ltr'><strong>vr,</strong></span> <span class='ocrx_word' id='word_1_74' title='bbox 2024 1197 2133 1272; x_wconf 85' lang='lat' dir='ltr'><strong>l6).</strong></span> 
     </span>
    </p>
   </div>
   <div class='ocr_carea' id='block_1_11' title="bbox 551 1288 2135 1363">
    <p class='ocr_par' dir='ltr' id='par_1_11' title="bbox 551 1288 2135 1363">
     <span class='ocr_line' id='line_1_11' title="bbox 551 1288 2135 1363; baseline -0.004 -14"><span class='ocrx_word' id='word_1_75' title='bbox 551 1293 667 1350; x_wconf 87' lang='lat' dir='ltr'><strong>Hoc</strong></span> <span class='ocrx_word' id='word_1_76' title='bbox 696 1293 1036 1348; x_wconf 90' lang='lat' dir='ltr'><strong>muniebatur</strong></span> <span class='ocrx_word' id='word_1_77' title='bbox 1063 1301 1244 1358; x_wconf 88' lang='lat' dir='ltr'><strong>scuto,</strong></span> <span class='ocrx_word' id='word_1_78' title='bbox 1273 1291 1485 1363; x_wconf 86' lang='lat' dir='ltr'><strong>quando</strong></span> <span class='ocrx_word' id='word_1_79' title='bbox 1508 1290 1659 1345; x_wconf 80' lang='lat' dir='ltr'><strong>vobis</strong></span> <span class='ocrx_word' id='word_1_80' title='bbox 1689 1290 1876 1344; x_wconf 81' lang='lat' dir='ltr'><strong>futuris</strong></span> <span class='ocrx_word' id='word_1_81' title='bbox 1899 1288 2008 1359; x_wconf 87' lang='lat' dir='ltr'><strong>jam</strong></span> <span class='ocrx_word' id='word_1_82' title='bbox 2040 1304 2135 1344; x_wconf 90' lang='lat' dir='ltr'><strong>oc-</strong></span> 
     </span>
    </p>
   </div>
   <div class='ocr_carea' id='block_1_12' title="bbox 552 1380 2135 1452">
    <p class='ocr_par' dir='ltr' id='par_1_12' title="bbox 552 1380 2135 1452">
     <span class='ocr_line' id='line_1_12' title="bbox 552 1380 2135 1452; baseline -0.003 -12"><span class='ocrx_word' id='word_1_83' title='bbox 552 1384 801 1441; x_wconf 87' lang='lat' dir='ltr'><strong>currebat</strong></span> <span class='ocrx_word' id='word_1_84' title='bbox 838 1392 1074 1438; x_wconf 89' lang='lat' dir='ltr'><strong>armatus</strong></span> <span class='ocrx_word' id='word_1_85' title='bbox 1097 1424 1112 1448; x_wconf 91' lang='lat'><strong>,</strong></span> <span class='ocrx_word' id='word_1_86' title='bbox 1152 1397 1259 1438; x_wconf 83' lang='lat' dir='ltr'><strong>non</strong></span> <span class='ocrx_word' id='word_1_87' title='bbox 1294 1382 1506 1452; x_wconf 82' lang='lat' dir='ltr'><strong>quidem</strong></span> <span class='ocrx_word' id='word_1_88' title='bbox 1531 1380 1755 1436; x_wconf 86' lang='lat' dir='ltr'><strong>Numida</strong></span> <span class='ocrx_word' id='word_1_89' title='bbox 1780 1421 1795 1446; x_wconf 85' lang='lat'><strong>,</strong></span> <span class='ocrx_word' id='word_1_90' title='bbox 1836 1380 1930 1436; x_wconf 89' lang='lat' dir='ltr'><strong>sed</strong></span> <span class='ocrx_word' id='word_1_91' title='bbox 1959 1389 2135 1435; x_wconf 89' lang='lat' dir='ltr'><strong>tamen</strong></span> 
     </span>
    </p>
   </div>
   <div class='ocr_carea' id='block_1_13' title="bbox 552 1471 2135 1545">
    <p class='ocr_par' dir='ltr' id='par_1_13' title="bbox 552 1471 2135 1545">
     <span class='ocr_line' id='line_1_13' title="bbox 552 1471 2135 1545; baseline -0.003 -14"><span class='ocrx_word' id='word_1_92' title='bbox 552 1474 754 1531; x_wconf 61' lang='lat' dir='ltr'><strong>Penus</strong></span> <span class='ocrx_word' id='word_1_93' title='bbox 786 1474 875 1529; x_wconf 90' lang='lat' dir='ltr'><strong>ille</strong></span> <span class='ocrx_word' id='word_1_94' title='bbox 904 1473 1221 1545; x_wconf 69' lang='lat' dir='ltr'><strong>Cyprianus,</strong></span> <span class='ocrx_word' id='word_1_95' title='bbox 1250 1488 1356 1545; x_wconf 91' lang='lat' dir='ltr'><strong>quo</strong></span> <span class='ocrx_word' id='word_1_96' title='bbox 1385 1486 1569 1528; x_wconf 83' lang='lat' dir='ltr'><strong>rursus</strong></span> <span class='ocrx_word' id='word_1_97' title='bbox 1594 1472 1809 1528; x_wconf 88' lang='lat' dir='ltr'><strong>nomine</strong></span> <span class='ocrx_word' id='word_1_98' title='bbox 1837 1479 1922 1526; x_wconf 92' lang='lat' dir='ltr'><strong>tua</strong></span> <span class='ocrx_word' id='word_1_99' title='bbox 1953 1471 2006 1526; x_wconf 86' lang='lat' dir='ltr'><strong>in</strong></span> <span class='ocrx_word' id='word_1_100' title='bbox 2037 1487 2135 1527; x_wconf 91' lang='lat' dir='ltr'><strong>nos</strong></span> 
     </span>
    </p>
   </div>
   <div class='ocr_carea' id='block_1_14' title="bbox 549 1565 2133 1638">
    <p class='ocr_par' dir='ltr' id='par_1_14' title="bbox 549 1565 2133 1638">
     <span class='ocr_line' id='line_1_14' title="bbox 549 1565 2133 1638; baseline -0.003 -15"><span class='ocrx_word' id='word_1_101' title='bbox 549 1568 718 1624; x_wconf 86' lang='lat' dir='ltr'><strong>insilit</strong></span> <span class='ocrx_word' id='word_1_102' title='bbox 744 1582 877 1623; x_wconf 84' lang='lat' dir='ltr'><strong>vaua</strong></span> <span class='ocrx_word' id='word_1_103' title='bbox 906 1566 1237 1638; x_wconf 83' lang='lat' dir='ltr'><strong>loquacitas;</strong></span> <span class='ocrx_word' id='word_1_104' title='bbox 1270 1567 1400 1631; x_wconf 87' lang='lat' dir='ltr'><strong>hoc,</strong></span> <span class='ocrx_word' id='word_1_105' title='bbox 1436 1565 1681 1635; x_wconf 81' lang='lat' dir='ltr'><strong>inquam,</strong></span> <span class='ocrx_word' id='word_1_106' title='bbox 1716 1574 1868 1620; x_wconf 91' lang='lat' dir='ltr'><strong>scuto</strong></span> <span class='ocrx_word' id='word_1_107' title='bbox 1895 1571 2133 1619; x_wconf 88' lang='lat' dir='ltr'><strong>armatus</strong></span> 
     </span>
    </p>
   </div>
   <div class='ocr_carea' id='block_1_15' title="bbox 536 1642 2132 1721">
    <p class='ocr_par' dir='ltr' id='par_1_15' title="bbox 536 1642 2132 1721">
     <span class='ocr_line' id='line_1_15' title="bbox 536 1642 2132 1721; baseline -0.006 -1"><span class='ocrx_word' id='word_1_108' title='bbox 536 1659 751 1721; x_wconf 68' lang='lat' dir='ltr'><strong>Poenus</strong></span> <span class='ocrx_word' id='word_1_109' title='bbox 778 1658 866 1714; x_wconf 91' lang='lat' dir='ltr'><strong>ille</strong></span> <span class='ocrx_word' id='word_1_110' title='bbox 894 1659 1101 1715; x_wconf 87' lang='lat' dir='ltr'><strong>dicebat</strong></span> <span class='ocrx_word' id='word_1_111' title='bbox 1131 1659 1184 1713; x_wconf 93' lang='lat' dir='ltr'><strong>in</strong></span> <span class='ocrx_word' id='word_1_112' title='bbox 1212 1642 1347 1713; x_wconf 89' lang='lat' dir='ltr'><strong>lihro</strong></span> <span class='ocrx_word' id='word_1_113' title='bbox 1374 1657 1441 1712; x_wconf 92' lang='lat' dir='ltr'><strong>de</strong></span> <span class='ocrx_word' id='word_1_114' title='bbox 1465 1656 1717 1712; x_wconf 88' lang='lat' dir='ltr'><strong>Oratione</strong></span> <span class='ocrx_word' id='word_1_115' title='bbox 1745 1655 2046 1719; x_wconf 89' lang='lat' dir='ltr'><strong>Dominica,</strong></span> <span class='ocrx_word' id='word_1_116' title='bbox 2081 1655 2132 1710; x_wconf 86' lang='lat' dir='ltr'><strong>id</strong></span> 
     </span>
    </p>
   </div>
   <div class='ocr_carea' id='block_1_16' title="bbox 547 1732 2132 1818">
    <p class='ocr_par' dir='ltr' id='par_1_16' title="bbox 547 1732 2132 1818">
     <span class='ocr_line' id='line_1_16' title="bbox 547 1732 2132 1818; baseline -0.004 -10"><span class='ocrx_word' id='word_1_117' title='bbox 547 1766 650 1808; x_wconf 86' lang='lat' dir='ltr'><strong>nos</strong></span> <span class='ocrx_word' id='word_1_118' title='bbox 692 1766 867 1818; x_wconf 88' lang='lat' dir='ltr'><strong>orare,</strong></span> <span class='ocrx_word' id='word_1_119' title='bbox 910 1765 1030 1805; x_wconf 85' lang='lat' dir='ltr'><strong>cum</strong></span> <span class='ocrx_word' id='word_1_120' title='bbox 1071 1749 1319 1816; x_wconf 85' lang='lat' dir='ltr'><strong>dicimus,</strong></span> <span class='ocrx_word' id='word_1_121' title='bbox 1368 1748 1487 1805; x_wconf 84' lang='lat' dir='ltr'><strong>Fiat</strong></span> <span class='ocrx_word' id='word_1_122' title='bbox 1526 1749 1759 1803; x_wconf 75' lang='lat' dir='ltr'><strong>voluntas</strong></span> <span class='ocrx_word' id='word_1_123' title='bbox 1783 1757 1870 1801; x_wconf 89' lang='lat' dir='ltr'><strong>tua</strong></span> <span class='ocrx_word' id='word_1_124' title='bbox 1907 1732 2037 1801; x_wconf 84' lang='lat' dir='ltr'><strong>sicut</strong></span> <span class='ocrx_word' id='word_1_125' title='bbox 2078 1748 2132 1802; x_wconf 85' lang='lat' dir='ltr'><strong>in</strong></span> 
     </span>
    </p>
   </div>
   <div class='ocr_carea' id='block_1_17' title="bbox 547 1823 2130 1913">
    <p class='ocr_par' dir='ltr' id='par_1_17' title="bbox 547 1823 2130 1913">
     <span class='ocr_line' id='line_1_17' title="bbox 547 1823 2130 1913; baseline -0.003 -16"><span class='ocrx_word' id='word_1_126' title='bbox 547 1840 674 1897; x_wconf 65' lang='lat' dir='ltr'><strong>calo</strong></span> <span class='ocrx_word' id='word_1_127' title='bbox 700 1850 747 1897; x_wconf 84' lang='lat' dir='ltr'><strong>et</strong></span> <span class='ocrx_word' id='word_1_128' title='bbox 777 1841 827 1895; x_wconf 85' lang='lat' dir='ltr'><strong>in</strong></span> <span class='ocrx_word' id='word_1_129' title='bbox 855 1852 988 1895; x_wconf 87' lang='lat' dir='ltr'><strong>terra</strong></span> <span class='ocrx_word' id='word_1_130' title='bbox 1017 1840 1226 1913; x_wconf 82' lang='lat' dir='ltr'><strong>(Matth.</strong></span> <span class='ocrx_word' id='word_1_131' title='bbox 1260 1856 1342 1904; x_wconf 85' lang='lat' dir='ltr'><strong>vt,</strong></span> <span class='ocrx_word' id='word_1_132' title='bbox 1374 1823 1462 1913; x_wconf 78' lang='grc'><strong>10)</strong></span> <span class='ocrx_word' id='word_1_133' title='bbox 1487 1882 1501 1905; x_wconf 86' lang='grc'><em>,</em></span> <span class='ocrx_word' id='word_1_134' title='bbox 1529 1850 1589 1894; x_wconf 85' lang='grc' dir='ltr'><strong>ιιι</strong></span> <span class='ocrx_word' id='word_1_135' title='bbox 1614 1840 1752 1894; x_wconf 89' lang='lat' dir='ltr'><strong>inter</strong></span> <span class='ocrx_word' id='word_1_136' title='bbox 1780 1839 1887 1894; x_wconf 92' lang='lat' dir='ltr'><strong>duo</strong></span> <span class='ocrx_word' id='word_1_137' title='bbox 1912 1824 2010 1893; x_wconf 78' lang='lat' dir='ltr'><strong>ista</strong></span> <span class='ocrx_word' id='word_1_138' title='bbox 2031 1875 2047 1906; x_wconf 92' lang='lat'><strong>,</strong></span> <span class='ocrx_word' id='word_1_139' title='bbox 2078 1837 2130 1892; x_wconf 87' lang='lat' dir='ltr'><strong>id</strong></span> 
     </span>
    </p>
   </div>
   <div class='ocr_carea' id='block_1_18' title="bbox 546 1929 2126 2000">
    <p class='ocr_par' dir='ltr' id='par_1_18' title="bbox 546 1929 2126 2000">
     <span class='ocr_line' id='line_1_18' title="bbox 546 1929 2126 2000; baseline -0.004 -11"><span class='ocrx_word' id='word_1_140' title='bbox 546 1942 632 1989; x_wconf 86' lang='lat' dir='ltr'><strong>est</strong></span> <span class='ocrx_word' id='word_1_141' title='bbox 647 1947 863 1988; x_wconf 88' lang='lat' dir='ltr'><strong>carnem</strong></span> <span class='ocrx_word' id='word_1_142' title='bbox 888 1941 943 1986; x_wconf 89' lang='lat' dir='ltr'><strong>et</strong></span> <span class='ocrx_word' id='word_1_143' title='bbox 966 1930 1232 2000; x_wconf 89' lang='lat' dir='ltr'><strong>spiritum,</strong></span> <span class='ocrx_word' id='word_1_144' title='bbox 1261 1933 1351 1985; x_wconf 85' lang='lat' dir='ltr'><strong>liat</strong></span> <span class='ocrx_word' id='word_1_145' title='bbox 1376 1931 1485 1985; x_wconf 88' lang='lat' dir='ltr'><strong>Deo</strong></span> <span class='ocrx_word' id='word_1_146' title='bbox 1507 1930 1800 2000; x_wconf 87' lang='lat' dir='ltr'><strong>epitulante</strong></span> <span class='ocrx_word' id='word_1_147' title='bbox 1821 1929 2126 1985; x_wconf 91' lang='lat' dir='ltr'><strong>concordia.</strong></span> 
     </span>
    </p>
   </div>
   <div class='ocr_carea' id='block_1_19' title="bbox 547 2022 2130 2096">
    <p class='ocr_par' dir='ltr' id='par_1_19' title="bbox 547 2022 2130 2096">
     <span class='ocr_line' id='line_1_19' title="bbox 547 2022 2130 2096; baseline -0.004 -14"><span class='ocrx_word' id='word_1_148' title='bbox 547 2024 648 2082; x_wconf 88' lang='lat' dir='ltr'><strong>Ubi</strong></span> <span class='ocrx_word' id='word_1_149' title='bbox 677 2024 875 2080; x_wconf 89' lang='lat' dir='ltr'><strong>Christi</strong></span> <span class='ocrx_word' id='word_1_150' title='bbox 909 2024 1062 2079; x_wconf 81' lang='lat' dir='ltr'><strong>miles</strong></span> <span class='ocrx_word' id='word_1_151' title='bbox 1098 2024 1343 2096; x_wconf 79' lang='lat' dir='ltr'><strong>egregius</strong></span> <span class='ocrx_word' id='word_1_152' title='bbox 1368 2033 1420 2079; x_wconf 92' lang='lat' dir='ltr'><strong>et</strong></span> <span class='ocrx_word' id='word_1_153' title='bbox 1447 2039 1476 2077; x_wconf 92' lang='lat' dir='ltr'><strong>a</strong></span> <span class='ocrx_word' id='word_1_154' title='bbox 1505 2022 1808 2078; x_wconf 75' lang='lat' dir='ltr'><strong>Manichteis</strong></span> <span class='ocrx_word' id='word_1_155' title='bbox 1837 2032 1890 2078; x_wconf 89' lang='lat' dir='ltr'><strong>et</strong></span> <span class='ocrx_word' id='word_1_156' title='bbox 1919 2038 1949 2077; x_wconf 89' lang='lat' dir='ltr'><strong>a</strong></span> <span class='ocrx_word' id='word_1_157' title='bbox 1979 2022 2130 2078; x_wconf 82' lang='lat' dir='ltr'><strong>vobis</strong></span> 
     </span>
    </p>
   </div>
   <div class='ocr_carea' id='block_1_20' title="bbox 551 2113 2129 2186">
    <p class='ocr_par' dir='ltr' id='par_1_20' title="bbox 551 2113 2129 2186">
     <span class='ocr_line' id='line_1_20' title="bbox 551 2113 2129 2186; baseline -0.003 -15"><span class='ocrx_word' id='word_1_158' title='bbox 551 2115 793 2185; x_wconf 90' lang='lat' dir='ltr'><strong>conjecta</strong></span> <span class='ocrx_word' id='word_1_159' title='bbox 819 2115 981 2186; x_wconf 78' lang='lat' dir='ltr'><strong>ignita</strong></span> <span class='ocrx_word' id='word_1_160' title='bbox 1000 2116 1210 2186; x_wconf 69' lang='lat' dir='ltr'><strong>maligni</strong></span> <span class='ocrx_word' id='word_1_161' title='bbox 1230 2114 1404 2185; x_wconf 89' lang='lat' dir='ltr'><strong>jacula</strong></span> <span class='ocrx_word' id='word_1_162' title='bbox 1428 2116 1771 2186; x_wconf 67' lang='lat' dir='ltr'><strong>exstinguit‘:</strong></span> <span class='ocrx_word' id='word_1_163' title='bbox 1790 2114 1873 2169; x_wconf 91' lang='lat' dir='ltr'><strong>cui</strong></span> <span class='ocrx_word' id='word_1_164' title='bbox 1897 2113 2129 2184; x_wconf 85' lang='lat' dir='ltr'><strong>maligno</strong></span> 
     </span>
    </p>
   </div>
   <div class='ocr_carea' id='block_1_21' title="bbox 532 2205 2131 2275">
    <p class='ocr_par' dir='ltr' id='par_1_21' title="bbox 532 2205 2131 2275">
     <span class='ocr_line' id='line_1_21' title="bbox 532 2205 2131 2275; baseline 0.001 -17"><span class='ocrx_word' id='word_1_165' title='bbox 532 2207 983 2264; x_wconf 77' lang='lat' dir='ltr'><strong>.militautomnes</strong></span> <span class='ocrx_word' id='word_1_166' title='bbox 1010 2206 1265 2272; x_wconf 67' lang='lat' dir='ltr'><strong>ha&#39;retici,</strong></span> <span class='ocrx_word' id='word_1_167' title='bbox 1291 2216 1345 2261; x_wconf 90' lang='lat' dir='ltr'><strong>et</strong></span> <span class='ocrx_word' id='word_1_168' title='bbox 1368 2205 1518 2275; x_wconf 78' lang='lat' dir='ltr'><strong>Cujus</strong></span> <span class='ocrx_word' id='word_1_169' title='bbox 1557 2219 1728 2261; x_wconf 86' lang='lat' dir='ltr'><strong>castra</strong></span> <span class='ocrx_word' id='word_1_170' title='bbox 1770 2205 2015 2260; x_wconf 83' lang='lat' dir='ltr'><strong>tirocinio</strong></span> <span class='ocrx_word' id='word_1_171' title='bbox 2039 2218 2131 2259; x_wconf 87' lang='lat' dir='ltr'><strong>ve-</strong></span> 
     </span>
    </p>
   </div>
   <div class='ocr_carea' id='block_1_22' title="bbox 542 2293 2128 2370">
    <p class='ocr_par' dir='ltr' id='par_1_22' title="bbox 542 2293 2128 2370">
     <span class='ocr_line' id='line_1_22' title="bbox 542 2293 2128 2370; baseline -0.004 -14"><span class='ocrx_word' id='word_1_172' title='bbox 542 2308 660 2356; x_wconf 88' lang='lat' dir='ltr'><strong>stro</strong></span> <span class='ocrx_word' id='word_1_173' title='bbox 677 2300 874 2370; x_wconf 88' lang='lat' dir='ltr'><strong>putatis</strong></span> <span class='ocrx_word' id='word_1_174' title='bbox 898 2298 1159 2370; x_wconf 86' lang='lat' dir='ltr'><strong>augenda.</strong></span> <span class='ocrx_word' id='word_1_175' title='bbox 1177 2298 1308 2353; x_wconf 83' lang='lat' dir='ltr'><strong>Nam</strong></span> <span class='ocrx_word' id='word_1_176' title='bbox 1326 2298 1542 2367; x_wconf 87' lang='lat' dir='ltr'><strong>spiritus</strong></span> <span class='ocrx_word' id='word_1_177' title='bbox 1564 2307 1619 2351; x_wconf 91' lang='lat' dir='ltr'><strong>et</strong></span> <span class='ocrx_word' id='word_1_178' title='bbox 1640 2297 1816 2352; x_wconf 91' lang='lat' dir='ltr'><strong>carnis</strong></span> <span class='ocrx_word' id='word_1_179' title='bbox 1839 2293 2128 2365; x_wconf 75' lang='lat' dir='ltr'><strong>qurerendo</strong></span> 
     </span>
    </p>
   </div>
   <div class='ocr_carea' id='block_1_23' title="bbox 543 2383 2129 2456">
    <p class='ocr_par' dir='ltr' id='par_1_23' title="bbox 543 2383 2129 2456">
     <span class='ocr_line' id='line_1_23' title="bbox 543 2383 2129 2456; baseline -0.006 -9"><span class='ocrx_word' id='word_1_180' title='bbox 543 2389 883 2447; x_wconf 84' lang='lat' dir='ltr'><strong>concordiam</strong></span> <span class='ocrx_word' id='word_1_181' title='bbox 909 2431 926 2456; x_wconf 94' lang='lat'><strong>,</strong></span> <span class='ocrx_word' id='word_1_182' title='bbox 958 2399 1142 2444; x_wconf 87' lang='lat' dir='ltr'><strong>contra</strong></span> <span class='ocrx_word' id='word_1_183' title='bbox 1173 2387 1492 2442; x_wconf 64' lang='lat' dir='ltr'><strong>Manichaeos</strong></span> <span class='ocrx_word' id='word_1_184' title='bbox 1519 2385 1697 2452; x_wconf 89' lang='lat' dir='ltr'><strong>docet,</strong></span> <span class='ocrx_word' id='word_1_185' title='bbox 1726 2384 1911 2439; x_wconf 89' lang='lat' dir='ltr'><strong>ambas</strong></span> <span class='ocrx_word' id='word_1_186' title='bbox 1936 2383 2129 2454; x_wconf 88' lang='lat' dir='ltr'><strong>quibus</strong></span> 
     </span>
    </p>
   </div>
   <div class='ocr_carea' id='block_1_24' title="bbox 540 2467 2127 2543">
    <p class='ocr_par' dir='ltr' id='par_1_24' title="bbox 540 2467 2127 2543">
     <span class='ocr_line' id='line_1_24' title="bbox 540 2467 2127 2543; baseline -0.005 -6"><span class='ocrx_word' id='word_1_187' title='bbox 540 2490 850 2538; x_wconf 84' lang='lat' dir='ltr'><strong>constamus</strong></span> <span class='ocrx_word' id='word_1_188' title='bbox 876 2480 1044 2535; x_wconf 90' lang='lat' dir='ltr'><strong>bonas</strong></span> <span class='ocrx_word' id='word_1_189' title='bbox 1079 2493 1200 2534; x_wconf 90' lang='lat' dir='ltr'><strong>esse</strong></span> <span class='ocrx_word' id='word_1_190' title='bbox 1228 2488 1444 2532; x_wconf 90' lang='lat' dir='ltr'><strong>naturas</strong></span> <span class='ocrx_word' id='word_1_191' title='bbox 1468 2519 1483 2543; x_wconf 92' lang='lat'><strong>,</strong></span> <span class='ocrx_word' id='word_1_192' title='bbox 1529 2476 1573 2531; x_wconf 89' lang='lat' dir='ltr'><strong>si</strong></span> <span class='ocrx_word' id='word_1_193' title='bbox 1614 2474 1892 2531; x_wconf 72' lang='lat' dir='ltr'><strong>discordia:</strong></span> <span class='ocrx_word' id='word_1_194' title='bbox 1927 2467 2127 2529; x_wconf 91' lang='lat' dir='ltr'><strong>malum</strong></span> 
     </span>
    </p>
   </div>
   <div class='ocr_carea' id='block_1_25' title="bbox 543 2566 2127 2636">
    <p class='ocr_par' dir='ltr' id='par_1_25' title="bbox 543 2566 2127 2636">
     <span class='ocr_line' id='line_1_25' title="bbox 543 2566 2127 2636; baseline -0.006 -7"><span class='ocrx_word' id='word_1_195' title='bbox 543 2572 726 2629; x_wconf 87' lang='lat' dir='ltr'><strong>divina</strong></span> <span class='ocrx_word' id='word_1_196' title='bbox 752 2571 1093 2628; x_wconf 88' lang='lat' dir='ltr'><strong>miseratione</strong></span> <span class='ocrx_word' id='word_1_197' title='bbox 1113 2578 1365 2626; x_wconf 87' lang='lat' dir='ltr'><strong>sanetur:</strong></span> <span class='ocrx_word' id='word_1_198' title='bbox 1388 2568 1538 2624; x_wconf 84' lang='lat' dir='ltr'><strong>vobis</strong></span> <span class='ocrx_word' id='word_1_199' title='bbox 1558 2576 1733 2623; x_wconf 85' lang='lat' dir='ltr'><strong>autem</strong></span> <span class='ocrx_word' id='word_1_200' title='bbox 1757 2566 1979 2633; x_wconf 85' lang='lat' dir='ltr'><strong>resistit,</strong></span> <span class='ocrx_word' id='word_1_201' title='bbox 2003 2566 2127 2636; x_wconf 83' lang='lat' dir='ltr'><strong>quia</strong></span> 
     </span>
    </p>
   </div>
   <div class='ocr_carea' id='block_1_26' title="bbox 547 2649 2128 2732">
    <p class='ocr_par' dir='ltr' id='par_1_26' title="bbox 547 2649 2128 2732">
     <span class='ocr_line' id='line_1_26' title="bbox 547 2649 2128 2732; baseline -0.005 -12"><span class='ocrx_word' id='word_1_202' title='bbox 547 2662 726 2720; x_wconf 85' lang='lat' dir='ltr'><strong>carnis</strong></span> <span class='ocrx_word' id='word_1_203' title='bbox 750 2661 1232 2732; x_wconf 87' lang='lat' dir='ltr'><strong>concupiscentiam</strong></span> <span class='ocrx_word' id='word_1_204' title='bbox 1258 2661 1429 2717; x_wconf 88' lang='lat' dir='ltr'><strong>dicitis</strong></span> <span class='ocrx_word' id='word_1_205' title='bbox 1449 2661 1642 2717; x_wconf 90' lang='lat' dir='ltr'><strong>bonam</strong></span> <span class='ocrx_word' id='word_1_206' title='bbox 1658 2661 1680 2692; x_wconf 80' lang='grc'><em>³</em></span> <span class='ocrx_word' id='word_1_207' title='bbox 1701 2701 1717 2727; x_wconf 91' lang='grc'><em>,</em></span> <span class='ocrx_word' id='word_1_208' title='bbox 1746 2675 1848 2729; x_wconf 91' lang='lat' dir='ltr'><strong>qua</strong></span> <span class='ocrx_word' id='word_1_209' title='bbox 1874 2649 2128 2714; x_wconf 70' lang='lat' dir='ltr'><strong>infestan-</strong></span> 
     </span>
    </p>
   </div>
   <div class='ocr_carea' id='block_1_27' title="bbox 548 2749 2127 2822">
    <p class='ocr_par' dir='ltr' id='par_1_27' title="bbox 548 2749 2127 2822">
     <span class='ocr_line' id='line_1_27' title="bbox 548 2749 2127 2822; baseline -0.003 -14"><span class='ocrx_word' id='word_1_210' title='bbox 548 2761 609 2809; x_wconf 97' lang='lat' dir='ltr'><strong>te</strong></span> <span class='ocrx_word' id='word_1_211' title='bbox 634 2752 814 2808; x_wconf 80' lang='lat' dir='ltr'><strong>existit</strong></span> <span class='ocrx_word' id='word_1_212' title='bbox 841 2751 942 2807; x_wconf 89' lang='lat' dir='ltr'><strong>ista</strong></span> <span class='ocrx_word' id='word_1_213' title='bbox 970 2749 1234 2807; x_wconf 84' lang='lat' dir='ltr'><strong>discordia</strong></span> <span class='ocrx_word' id='word_1_214' title='bbox 1255 2791 1271 2817; x_wconf 92' lang='lat'><strong>,</strong></span> <span class='ocrx_word' id='word_1_215' title='bbox 1297 2766 1456 2821; x_wconf 90' lang='lat' dir='ltr'><strong>quam</strong></span> <span class='ocrx_word' id='word_1_216' title='bbox 1493 2752 1666 2822; x_wconf 87' lang='lat' dir='ltr'><strong>poscit</strong></span> <span class='ocrx_word' id='word_1_217' title='bbox 1698 2750 1789 2805; x_wconf 89' lang='lat' dir='ltr'><strong>ille</strong></span> <span class='ocrx_word' id='word_1_218' title='bbox 1816 2750 1991 2805; x_wconf 88' lang='lat' dir='ltr'><strong>sanari</strong></span> <span class='ocrx_word' id='word_1_219' title='bbox 2014 2765 2036 2815; x_wconf 84' lang='lat'><strong>;</strong></span> <span class='ocrx_word' id='word_1_220' title='bbox 2071 2756 2127 2804; x_wconf 91' lang='lat' dir='ltr'><strong>et</strong></span> 
     </span>
    </p>
   </div>
   <div class='ocr_carea' id='block_1_28' title="bbox 549 2840 2127 2914">
    <p class='ocr_par' dir='ltr' id='par_1_28' title="bbox 549 2840 2127 2914">
     <span class='ocr_line' id='line_1_28' title="bbox 549 2840 2127 2914; baseline -0.004 -13"><span class='ocrx_word' id='word_1_221' title='bbox 549 2853 678 2901; x_wconf 89' lang='lat' dir='ltr'><strong>tunc</strong></span> <span class='ocrx_word' id='word_1_222' title='bbox 700 2843 877 2900; x_wconf 81' lang='lat' dir='ltr'><strong>existit</strong></span> <span class='ocrx_word' id='word_1_223' title='bbox 901 2842 1112 2914; x_wconf 82' lang='lat' dir='ltr'><strong>quando</strong></span> <span class='ocrx_word' id='word_1_224' title='bbox 1137 2840 1275 2899; x_wconf 90' lang='lat' dir='ltr'><strong>bene</strong></span> <span class='ocrx_word' id='word_1_225' title='bbox 1295 2843 1520 2914; x_wconf 78' lang='lat' dir='ltr'><strong>agimus,</strong></span> <span class='ocrx_word' id='word_1_226' title='bbox 1548 2851 1608 2898; x_wconf 93' lang='lat' dir='ltr'><strong>ut</strong></span> <span class='ocrx_word' id='word_1_227' title='bbox 1633 2841 1903 2897; x_wconf 84' lang='lat' dir='ltr'><strong>inlestanti</strong></span> <span class='ocrx_word' id='word_1_228' title='bbox 1928 2855 2127 2897; x_wconf 83' lang='lat' dir='ltr'><strong>concu-</strong></span> 
     </span>
    </p>
   </div>
   <div class='ocr_carea' id='block_1_29' title="bbox 548 2935 2123 3010">
    <p class='ocr_par' dir='ltr' id='par_1_29' title="bbox 548 2935 2123 3010">
     <span class='ocr_line' id='line_1_29' title="bbox 548 2935 2123 3010; baseline -0.003 -16"><span class='ocrx_word' id='word_1_229' title='bbox 548 2937 822 3010; x_wconf 83' lang='lat' dir='ltr'><strong>piscentia:</strong></span> <span class='ocrx_word' id='word_1_230' title='bbox 848 2936 1056 3001; x_wconf 87' lang='lat' dir='ltr'><strong>carnis,</strong></span> <span class='ocrx_word' id='word_1_231' title='bbox 1096 2944 1282 2992; x_wconf 83' lang='lat' dir='ltr'><strong>contra</strong></span> <span class='ocrx_word' id='word_1_232' title='bbox 1311 2936 1719 3007; x_wconf 85' lang='lat' dir='ltr'><strong>concupiscente</strong></span> <span class='ocrx_word' id='word_1_233' title='bbox 1744 2935 1932 3005; x_wconf 89' lang='lat' dir='ltr'><strong>spiritu</strong></span> <span class='ocrx_word' id='word_1_234' title='bbox 1960 2948 2123 3005; x_wconf 91' lang='lat' dir='ltr'><strong>repu-</strong></span> 
     </span>
    </p>
   </div>
   <div class='ocr_carea' id='block_1_30' title="bbox 541 3027 2125 3102">
    <p class='ocr_par' dir='ltr' id='par_1_30' title="bbox 541 3027 2125 3102">
     <span class='ocr_line' id='line_1_30' title="bbox 541 3027 2125 3102; baseline -0.001 -17"><span class='ocrx_word' id='word_1_235' title='bbox 541 3045 785 3102; x_wconf 87' lang='lat' dir='ltr'><strong>gnemus.</strong></span> <span class='ocrx_word' id='word_1_236' title='bbox 814 3027 946 3085; x_wconf 80' lang='lat' dir='ltr'><strong>Nam</strong></span> <span class='ocrx_word' id='word_1_237' title='bbox 973 3029 1021 3085; x_wconf 89' lang='lat' dir='ltr'><strong>si</strong></span> <span class='ocrx_word' id='word_1_238' title='bbox 1054 3030 1435 3097; x_wconf 87' lang='lat' dir='ltr'><strong>consentimus,</strong></span> <span class='ocrx_word' id='word_1_239' title='bbox 1466 3044 1570 3083; x_wconf 91' lang='lat' dir='ltr'><strong>non</strong></span> <span class='ocrx_word' id='word_1_240' title='bbox 1597 3028 1866 3098; x_wconf 88' lang='lat' dir='ltr'><strong>optabilis,</strong></span> <span class='ocrx_word' id='word_1_241' title='bbox 1892 3027 1984 3085; x_wconf 87' lang='lat' dir='ltr'><strong>sed</strong></span> <span class='ocrx_word' id='word_1_242' title='bbox 2011 3027 2125 3083; x_wconf 87' lang='lat' dir='ltr'><strong>cul-</strong></span> 
     </span>
    </p>
   </div>
   <div class='ocr_carea' id='block_1_31' title="bbox 540 3121 2122 3195">
    <p class='ocr_par' dir='ltr' id='par_1_31' title="bbox 540 3121 2122 3195">
     <span class='ocr_line' id='line_1_31' title="bbox 540 3121 2122 3195; baseline -0.001 -17"><span class='ocrx_word' id='word_1_243' title='bbox 540 3123 752 3195; x_wconf 86' lang='lat' dir='ltr'><strong>pabilis,</strong></span> <span class='ocrx_word' id='word_1_244' title='bbox 791 3121 876 3179; x_wconf 88' lang='lat' dir='ltr'><strong>vel</strong></span> <span class='ocrx_word' id='word_1_245' title='bbox 912 3125 1075 3179; x_wconf 88' lang='lat' dir='ltr'><strong>etiam</strong></span> <span class='ocrx_word' id='word_1_246' title='bbox 1114 3122 1429 3179; x_wconf 87' lang='lat' dir='ltr'><strong>damnabilis</strong></span> <span class='ocrx_word' id='word_1_247' title='bbox 1465 3121 1524 3177; x_wconf 88' lang='lat' dir='ltr'><strong>lit</strong></span> <span class='ocrx_word' id='word_1_248' title='bbox 1558 3122 1765 3193; x_wconf 89' lang='lat' dir='ltr'><strong>spiritui</strong></span> <span class='ocrx_word' id='word_1_249' title='bbox 1802 3136 1923 3177; x_wconf 91' lang='lat' dir='ltr'><strong>cum</strong></span> <span class='ocrx_word' id='word_1_250' title='bbox 1954 3135 2122 3176; x_wconf 85' lang='lat' dir='ltr'><strong>carne</strong></span> 
     </span>
    </p>
   </div>
   <div class='ocr_carea' id='block_1_32' title="bbox 538 3211 2123 3282">
    <p class='ocr_par' dir='ltr' id='par_1_32' title="bbox 538 3211 2123 3282">
     <span class='ocr_line' id='line_1_32' title="bbox 538 3211 2123 3282; baseline -0.003 -11"><span class='ocrx_word' id='word_1_251' title='bbox 538 3213 848 3272; x_wconf 84' lang='lat' dir='ltr'><strong>concordia.</strong></span> <span class='ocrx_word' id='word_1_252' title='bbox 888 3214 1085 3269; x_wconf 85' lang='lat' dir='ltr'><strong>Contra</strong></span> <span class='ocrx_word' id='word_1_253' title='bbox 1124 3228 1221 3268; x_wconf 83' lang='lat' dir='ltr'><strong>vos</strong></span> <span class='ocrx_word' id='word_1_254' title='bbox 1258 3224 1341 3269; x_wconf 91' lang='lat' dir='ltr'><strong>est</strong></span> <span class='ocrx_word' id='word_1_255' title='bbox 1379 3213 1578 3280; x_wconf 89' lang='lat' dir='ltr'><strong>etiam,</strong></span> <span class='ocrx_word' id='word_1_256' title='bbox 1619 3212 1742 3282; x_wconf 86' lang='lat' dir='ltr'><strong>quia</strong></span> <span class='ocrx_word' id='word_1_257' title='bbox 1782 3212 1951 3267; x_wconf 90' lang='lat' dir='ltr'><strong>libero</strong></span> <span class='ocrx_word' id='word_1_258' title='bbox 1988 3211 2123 3266; x_wconf 82' lang='lat' dir='ltr'><strong>datis</strong></span> 
     </span>
    </p>
   </div>
   <div class='ocr_carea' id='block_1_33' title="bbox 545 3302 2126 3375">
    <p class='ocr_par' dir='ltr' id='par_1_33' title="bbox 545 3302 2126 3375">
     <span class='ocr_line' id='line_1_33' title="bbox 545 3302 2126 3375; baseline -0.003 -13"><span class='ocrx_word' id='word_1_259' title='bbox 545 3305 767 3362; x_wconf 85' lang='lat' dir='ltr'><strong>arbitrio</strong></span> <span class='ocrx_word' id='word_1_260' title='bbox 787 3305 809 3338; x_wconf 86' lang='grc'>³</span> <span class='ocrx_word' id='word_1_261' title='bbox 831 3348 848 3371; x_wconf 86' lang='grc'><em>,</em></span> <span class='ocrx_word' id='word_1_262' title='bbox 868 3306 1011 3375; x_wconf 90' lang='lat' dir='ltr'><strong>quod</strong></span> <span class='ocrx_word' id='word_1_263' title='bbox 1036 3306 1126 3362; x_wconf 89' lang='lat' dir='ltr'><strong>ille</strong></span> <span class='ocrx_word' id='word_1_264' title='bbox 1150 3316 1206 3360; x_wconf 90' lang='lat' dir='ltr'><strong>ut</strong></span> <span class='ocrx_word' id='word_1_265' title='bbox 1230 3304 1321 3359; x_wconf 79' lang='lat' dir='ltr'><strong>ﬁat</strong></span> <span class='ocrx_word' id='word_1_266' title='bbox 1346 3305 1398 3360; x_wconf 91' lang='lat' dir='ltr'><strong>in</strong></span> <span class='ocrx_word' id='word_1_267' title='bbox 1425 3303 1661 3370; x_wconf 85' lang='lat' dir='ltr'><strong>homine,</strong></span> <span class='ocrx_word' id='word_1_268' title='bbox 1685 3319 1716 3358; x_wconf 91' lang='lat' dir='ltr'><strong>a</strong></span> <span class='ocrx_word' id='word_1_269' title='bbox 1744 3303 1853 3358; x_wconf 90' lang='lat' dir='ltr'><strong>Deo</strong></span> <span class='ocrx_word' id='word_1_270' title='bbox 1879 3302 2126 3373; x_wconf 78' lang='lat' dir='ltr'><strong>intelligit</strong></span> 
     </span>
    </p>
   </div>
   <div class='ocr_carea' id='block_1_34' title="bbox 545 3392 2120 3466">
    <p class='ocr_par' dir='ltr' id='par_1_34' title="bbox 545 3392 2120 3466">
     <span class='ocr_line' id='line_1_34' title="bbox 545 3392 2120 3466; baseline -0.004 -13"><span class='ocrx_word' id='word_1_271' title='bbox 545 3410 668 3453; x_wconf 87' lang='lat' dir='ltr'><strong>esse</strong></span> <span class='ocrx_word' id='word_1_272' title='bbox 689 3397 1030 3466; x_wconf 90' lang='lat' dir='ltr'><strong>poscendum.</strong></span> <span class='ocrx_word' id='word_1_273' title='bbox 1055 3397 1134 3453; x_wconf 86' lang='lat' dir='ltr'><strong>Tu</strong></span> <span class='ocrx_word' id='word_1_274' title='bbox 1155 3405 1333 3453; x_wconf 88' lang='lat' dir='ltr'><strong>autem</strong></span> <span class='ocrx_word' id='word_1_275' title='bbox 1352 3396 1441 3466; x_wconf 92' lang='lat' dir='ltr'><strong>qui</strong></span> <span class='ocrx_word' id='word_1_276' title='bbox 1461 3395 1702 3452; x_wconf 86' lang='lat' dir='ltr'><strong>nesciens</strong></span> <span class='ocrx_word' id='word_1_277' title='bbox 1721 3394 1846 3466; x_wconf 92' lang='lat' dir='ltr'><strong>quid</strong></span> <span class='ocrx_word' id='word_1_278' title='bbox 1870 3392 2120 3465; x_wconf 80' lang='lat' dir='ltr'><strong>loquaris,</strong></span> 
     </span>
    </p>
   </div>
   <div class='ocr_carea' id='block_1_35' title="bbox 545 3487 2123 3560">
    <p class='ocr_par' dir='ltr' id='par_1_35' title="bbox 545 3487 2123 3560">
     <span class='ocr_line' id='line_1_35' title="bbox 545 3487 2123 3560; baseline -0.001 -17"><span class='ocrx_word' id='word_1_279' title='bbox 545 3487 734 3559; x_wconf 89' lang='lat' dir='ltr'><strong>objieis</strong></span> <span class='ocrx_word' id='word_1_280' title='bbox 767 3489 901 3543; x_wconf 89' lang='lat' dir='ltr'><strong>mihi</strong></span> <span class='ocrx_word' id='word_1_281' title='bbox 924 3490 1066 3560; x_wconf 92' lang='lat' dir='ltr'><strong>quod</strong></span> <span class='ocrx_word' id='word_1_282' title='bbox 1095 3488 1268 3544; x_wconf 88' lang='lat' dir='ltr'><strong>dicam</strong></span> <span class='ocrx_word' id='word_1_283' title='bbox 1296 3491 1461 3545; x_wconf 91' lang='lat' dir='ltr'><strong>Deum</strong></span> <span class='ocrx_word' id='word_1_284' title='bbox 1487 3503 1670 3544; x_wconf 87' lang='lat' dir='ltr'><strong>creare</strong></span> <span class='ocrx_word' id='word_1_285' title='bbox 1698 3497 1969 3559; x_wconf 89' lang='lat' dir='ltr'><strong>peccatum</strong></span> <span class='ocrx_word' id='word_1_286' title='bbox 1989 3528 2006 3553; x_wconf 94' lang='lat'><strong>,</strong></span> <span class='ocrx_word' id='word_1_287' title='bbox 2033 3501 2123 3542; x_wconf 83' lang='lat' dir='ltr'><strong>re-</strong></span> 
     </span>
    </p>
   </div>
   <div class='ocr_carea' id='block_1_36' title="bbox 544 3578 2124 3650">
    <p class='ocr_par' dir='ltr' id='par_1_36' title="bbox 544 3578 2124 3650">
     <span class='ocr_line' id='line_1_36' title="bbox 544 3578 2124 3650; baseline -0.001 -15"><span class='ocrx_word' id='word_1_288' title='bbox 544 3578 677 3635; x_wconf 90' lang='lat' dir='ltr'><strong>siste</strong></span> <span class='ocrx_word' id='word_1_289' title='bbox 702 3578 995 3635; x_wconf 79' lang='lat' dir='ltr'><strong>Manichaee</strong></span> <span class='ocrx_word' id='word_1_290' title='bbox 1019 3581 1217 3635; x_wconf 91' lang='lat' dir='ltr'><strong>dicenti</strong></span> <span class='ocrx_word' id='word_1_291' title='bbox 1249 3581 1303 3635; x_wconf 93' lang='lat' dir='ltr'><strong>in</strong></span> <span class='ocrx_word' id='word_1_292' title='bbox 1331 3579 1596 3635; x_wconf 88' lang='lat' dir='ltr'><strong>discordia</strong></span> <span class='ocrx_word' id='word_1_293' title='bbox 1623 3580 1799 3634; x_wconf 88' lang='lat' dir='ltr'><strong>carnis</strong></span> <span class='ocrx_word' id='word_1_294' title='bbox 1827 3590 1882 3633; x_wconf 90' lang='lat' dir='ltr'><strong>et</strong></span> <span class='ocrx_word' id='word_1_295' title='bbox 1908 3579 2124 3650; x_wconf 87' lang='lat' dir='ltr'><strong>spiritus</strong></span> 
     </span>
    </p>
   </div>
   <div class='ocr_carea' id='block_1_37' title="bbox 543 3666 2123 3740">
    <p class='ocr_par' dir='ltr' id='par_1_37' title="bbox 543 3666 2123 3740">
     <span class='ocr_line' id='line_1_37' title="bbox 543 3666 2123 3740; baseline -0.001 -16"><span class='ocrx_word' id='word_1_296' title='bbox 543 3668 680 3725; x_wconf 91' lang='lat' dir='ltr'><strong>duas</strong></span> <span class='ocrx_word' id='word_1_297' title='bbox 708 3670 848 3726; x_wconf 91' lang='lat' dir='ltr'><strong>inter</strong></span> <span class='ocrx_word' id='word_1_298' title='bbox 872 3686 932 3727; x_wconf 88' lang='lat' dir='ltr'><strong>se</strong></span> <span class='ocrx_word' id='word_1_299' title='bbox 957 3672 1251 3727; x_wconf 87' lang='lat' dir='ltr'><strong>contrarias</strong></span> <span class='ocrx_word' id='word_1_300' title='bbox 1285 3666 1408 3726; x_wconf 91' lang='lat' dir='ltr'><strong>mali</strong></span> <span class='ocrx_word' id='word_1_301' title='bbox 1435 3680 1489 3727; x_wconf 90' lang='lat' dir='ltr'><strong>et</strong></span> <span class='ocrx_word' id='word_1_302' title='bbox 1515 3670 1639 3725; x_wconf 91' lang='lat' dir='ltr'><strong>boni</strong></span> <span class='ocrx_word' id='word_1_303' title='bbox 1672 3684 1929 3740; x_wconf 86' lang='lat' dir='ltr'><strong>apparere</strong></span> <span class='ocrx_word' id='word_1_304' title='bbox 1967 3678 2123 3724; x_wconf 84' lang='lat' dir='ltr'><strong>natu-</strong></span> 
     </span>
    </p>
   </div>
   <div class='ocr_carea' id='block_1_38' title="bbox 538 3761 2124 3832">
    <p class='ocr_par' dir='ltr' id='par_1_38' title="bbox 538 3761 2124 3832">
     <span class='ocr_line' id='line_1_38' title="bbox 538 3761 2124 3832; baseline -0.001 -15"><span class='ocrx_word' id='word_1_305' title='bbox 538 3775 650 3817; x_wconf 81' lang='lat' dir='ltr'><strong>ras.</strong></span> <span class='ocrx_word' id='word_1_306' title='bbox 674 3761 848 3818; x_wconf 85' lang='lat' dir='ltr'><strong>Unu’m</strong></span> <span class='ocrx_word' id='word_1_307' title='bbox 870 3771 953 3818; x_wconf 89' lang='lat' dir='ltr'><strong>est</strong></span> <span class='ocrx_word' id='word_1_308' title='bbox 971 3763 1115 3818; x_wconf 90' lang='lat' dir='ltr'><strong>enim</strong></span> <span class='ocrx_word' id='word_1_309' title='bbox 1139 3762 1279 3832; x_wconf 88' lang='lat' dir='ltr'><strong>quod</strong></span> <span class='ocrx_word' id='word_1_310' title='bbox 1303 3761 1741 3832; x_wconf 86' lang='lat' dir='ltr'><strong>respondeamus.</strong></span> <span class='ocrx_word' id='word_1_311' title='bbox 1766 3769 1821 3815; x_wconf 92' lang='lat' dir='ltr'><strong>ut</strong></span> <span class='ocrx_word' id='word_1_312' title='bbox 1842 3761 2006 3830; x_wconf 88' lang='lat' dir='ltr'><strong>pestis</strong></span> <span class='ocrx_word' id='word_1_313' title='bbox 2026 3761 2124 3816; x_wconf 90' lang='lat' dir='ltr'><strong>ista</strong></span> 
     </span>
    </p>
   </div>
   <div class='ocr_carea' id='block_1_39' title="bbox 538 3853 2121 3925">
    <p class='ocr_par' dir='ltr' id='par_1_39' title="bbox 538 3853 2121 3925">
     <span class='ocr_line' id='line_1_39' title="bbox 538 3853 2121 3925; baseline 0 -17"><span class='ocrx_word' id='word_1_314' title='bbox 538 3853 820 3921; x_wconf 75' lang='lat' dir='ltr'><strong>vincatur;</strong></span> <span class='ocrx_word' id='word_1_315' title='bbox 854 3853 993 3910; x_wconf 90' lang='lat' dir='ltr'><strong>hanc</strong></span> <span class='ocrx_word' id='word_1_316' title='bbox 1019 3855 1228 3911; x_wconf 85' lang='lat' dir='ltr'><strong>scilicet</strong></span> <span class='ocrx_word' id='word_1_317' title='bbox 1250 3854 1573 3910; x_wconf 88' lang='lat' dir='ltr'><strong>discordiam</strong></span> <span class='ocrx_word' id='word_1_318' title='bbox 1601 3869 1698 3925; x_wconf 90' lang='lat' dir='ltr'><strong>per</strong></span> <span class='ocrx_word' id='word_1_319' title='bbox 1726 3853 2121 3924; x_wconf 69' lang='lat' dir='ltr'><strong>prsevaricatio-</strong></span> 
     </span>
    </p>
   </div>
   <div class='ocr_carea' id='block_1_40' title="bbox 541 3946 2125 4017">
    <p class='ocr_par' dir='ltr' id='par_1_40' title="bbox 541 3946 2125 4017">
     <span class='ocr_line' id='line_1_40' title="bbox 541 3946 2125 4017; baseline -0.001 -14"><span class='ocrx_word' id='word_1_320' title='bbox 541 3961 667 4003; x_wconf 81' lang='lat' dir='ltr'><strong>nem</strong></span> <span class='ocrx_word' id='word_1_321' title='bbox 692 3947 846 4017; x_wconf 80' lang='lat' dir='ltr'><strong>primi</strong></span> <span class='ocrx_word' id='word_1_322' title='bbox 870 3947 1100 4003; x_wconf 89' lang='lat' dir='ltr'><strong>hominis</strong></span> <span class='ocrx_word' id='word_1_323' title='bbox 1126 3948 1177 4002; x_wconf 91' lang='lat' dir='ltr'><strong>iu</strong></span> <span class='ocrx_word' id='word_1_324' title='bbox 1201 3957 1433 4003; x_wconf 86' lang='lat' dir='ltr'><strong>nostram</strong></span> <span class='ocrx_word' id='word_1_325' title='bbox 1455 3949 1673 4004; x_wconf 77' lang='lat' dir='ltr'><strong>vertisse</strong></span> <span class='ocrx_word' id='word_1_326' title='bbox 1690 3958 1928 4003; x_wconf 90' lang='lat' dir='ltr'><strong>naturam</strong></span> <span class='ocrx_word' id='word_1_327' title='bbox 1951 3946 2125 4017; x_wconf 84' lang='lat' dir='ltr'><strong>:quod</strong></span> 
     </span>
    </p>
   </div>
   <div class='ocr_carea' id='block_1_41' title="bbox 547 4035 2125 4109">
    <p class='ocr_par' dir='ltr' id='par_1_41' title="bbox 547 4035 2125 4109">
     <span class='ocr_line' id='line_1_41' title="bbox 547 4035 2125 4109; baseline 0.002 -20"><span class='ocrx_word' id='word_1_328' title='bbox 547 4044 604 4089; x_wconf 87' lang='lat' dir='ltr'><strong>tu</strong></span> <span class='ocrx_word' id='word_1_329' title='bbox 630 4035 874 4105; x_wconf 87' lang='lat' dir='ltr'><strong>negando</strong></span> <span class='ocrx_word' id='word_1_330' title='bbox 900 4037 1109 4092; x_wconf 87' lang='lat' dir='ltr'><strong>conaris</strong></span> <span class='ocrx_word' id='word_1_331' title='bbox 1142 4046 1199 4092; x_wconf 91' lang='lat' dir='ltr'><strong>ut</strong></span> <span class='ocrx_word' id='word_1_332' title='bbox 1233 4037 1483 4101; x_wconf 87' lang='lat' dir='ltr'><strong>vincant;</strong></span> <span class='ocrx_word' id='word_1_333' title='bbox 1511 4038 1745 4109; x_wconf 86' lang='lat' dir='ltr'><strong>satisque</strong></span> <span class='ocrx_word' id='word_1_334' title='bbox 1770 4037 2125 4093; x_wconf 77' lang='lat' dir='ltr'><strong>m-milestaris</strong></span> 
     </span>
    </p>
   </div>
   <div class='ocr_carea' id='block_1_42' title="bbox 541 4123 1980 4197">
    <p class='ocr_par' dir='ltr' id='par_1_42' title="bbox 541 4123 1980 4197">
     <span class='ocr_line' id='line_1_42' title="bbox 541 4123 1980 4197; baseline 0.003 -18"><span class='ocrx_word' id='word_1_335' title='bbox 541 4123 707 4180; x_wconf 82' lang='lat' dir='ltr'><strong>falsus</strong></span> <span class='ocrx_word' id='word_1_336' title='bbox 733 4125 1142 4182; x_wconf 73' lang='lat' dir='ltr'><strong>Manichazorum</strong></span> <span class='ocrx_word' id='word_1_337' title='bbox 1172 4138 1531 4197; x_wconf 84' lang='lat' dir='ltr'><strong>oppugnatur,</strong></span> <span class='ocrx_word' id='word_1_338' title='bbox 1561 4143 1721 4183; x_wconf 76' lang='lat' dir='ltr'><strong>Verus</strong></span> <span class='ocrx_word' id='word_1_339' title='bbox 1752 4128 1980 4196; x_wconf 64' lang='lat' dir='ltr'><strong>:djutor.</strong></span> 
     </span>
    </p>
   </div>
   <div class='ocr_carea' id='block_1_43' title="bbox 614 4213 2122 4287">
    <p class='ocr_par' dir='ltr' id='par_1_43' title="bbox 614 4213 2122 4287">
     <span class='ocr_line' id='line_1_43' title="bbox 614 4213 2122 4287; baseline 0.002 -18"><span class='ocrx_word' id='word_1_340' title='bbox 614 4213 725 4269; x_wconf 82' lang='lat' dir='ltr'><strong>VII.</strong></span> <span class='ocrx_word' id='word_1_341' title='bbox 764 4213 882 4270; x_wconf 71' lang='grc' dir='ltr'><strong>ιω..</strong></span> <span class='ocrx_word' id='word_1_342' title='bbox 923 4214 1119 4286; x_wconf 87' lang='lat' dir='ltr'><strong>ingerit</strong></span> <span class='ocrx_word' id='word_1_343' title='bbox 1142 4217 1338 4287; x_wconf 86' lang='lat' dir='ltr'><strong>quippe</strong></span> <span class='ocrx_word' id='word_1_344' title='bbox 1374 4217 1624 4272; x_wconf 89' lang='lat' dir='ltr'><strong>omnibus</strong></span> <span class='ocrx_word' id='word_1_345' title='bbox 1661 4219 1937 4286; x_wconf 90' lang='lat' dir='ltr'><strong>scripturis</strong></span> <span class='ocrx_word' id='word_1_346' title='bbox 1981 4213 2122 4286; x_wconf 82' lang='lat' dir='ltr'><strong>suis,</strong></span> 
     </span>
    </p>
   </div>
   <div class='ocr_carea' id='block_1_44' title="bbox 540 4306 2123 4377">
    <p class='ocr_par' dir='ltr' id='par_1_44' title="bbox 540 4306 2123 4377">
     <span class='ocr_line' id='line_1_44' title="bbox 540 4306 2123 4377; baseline 0 -14"><span class='ocrx_word' id='word_1_347' title='bbox 540 4306 713 4364; x_wconf 78' lang='lat' dir='ltr'><strong>Adam</strong></span> <span class='ocrx_word' id='word_1_348' title='bbox 758 4317 918 4377; x_wconf 88' lang='lat' dir='ltr'><strong>atque</strong></span> <span class='ocrx_word' id='word_1_349' title='bbox 967 4307 1133 4362; x_wconf 85' lang='lat' dir='ltr'><strong>Evam</strong></span> <span class='ocrx_word' id='word_1_350' title='bbox 1180 4306 1350 4363; x_wconf 89' lang='lat' dir='ltr'><strong>bonos</strong></span> <span class='ocrx_word' id='word_1_351' title='bbox 1391 4316 1593 4362; x_wconf 87' lang='lat' dir='ltr'><strong>tantum</strong></span> <span class='ocrx_word' id='word_1_352' title='bbox 1637 4323 1668 4361; x_wconf 87' lang='lat' dir='ltr'><strong>a</strong></span> <span class='ocrx_word' id='word_1_353' title='bbox 1713 4307 1821 4363; x_wconf 91' lang='lat' dir='ltr'><strong>Deo</strong></span> <span class='ocrx_word' id='word_1_354' title='bbox 1858 4308 2123 4377; x_wconf 85' lang='lat' dir='ltr'><strong>conditos,</strong></span> 
     </span>
    </p>
   </div>
   <div class='ocr_carea' id='block_1_45' title="bbox 544 4397 2126 4470">
    <p class='ocr_par' dir='ltr' id='par_1_45' title="bbox 544 4397 2126 4470">
     <span class='ocr_line' id='line_1_45' title="bbox 544 4397 2126 4470; baseline -0.001 -16"><span class='ocrx_word' id='word_1_355' title='bbox 544 4397 599 4454; x_wconf 88' lang='lat' dir='ltr'><strong>id</strong></span> <span class='ocrx_word' id='word_1_356' title='bbox 648 4406 769 4464; x_wconf 87' lang='lat' dir='ltr'><strong>est,</strong></span> <span class='ocrx_word' id='word_1_357' title='bbox 816 4398 947 4453; x_wconf 88' lang='lat' dir='ltr'><strong>nulli</strong></span> <span class='ocrx_word' id='word_1_358' title='bbox 1000 4399 1224 4453; x_wconf 87' lang='lat' dir='ltr'><strong>naturali</strong></span> <span class='ocrx_word' id='word_1_359' title='bbox 1262 4397 1470 4452; x_wconf 86' lang='lat' dir='ltr'><strong>crimini</strong></span> <span class='ocrx_word' id='word_1_360' title='bbox 1531 4398 1894 4468; x_wconf 83' lang='lat' dir='ltr'><strong>mancipatus,</strong></span> <span class='ocrx_word' id='word_1_361' title='bbox 1927 4414 2126 4470; x_wconf 88' lang='lat' dir='ltr'><strong>eosque</strong></span> 
     </span>
    </p>
   </div>
   <div class='ocr_carea' id='block_1_46' title="bbox 542 4482 2125 4558">
    <p class='ocr_par' dir='ltr' id='par_1_46' title="bbox 542 4482 2125 4558">
     <span class='ocr_line' id='line_1_46' title="bbox 542 4482 2125 4558; baseline 0 -13"><span class='ocrx_word' id='word_1_362' title='bbox 542 4488 710 4545; x_wconf 87' lang='lat' dir='ltr'><strong>libera</strong></span> <span class='ocrx_word' id='word_1_363' title='bbox 757 4488 1028 4544; x_wconf 89' lang='lat' dir='ltr'><strong>voluntate</strong></span> <span class='ocrx_word' id='word_1_364' title='bbox 1079 4503 1366 4558; x_wconf 86' lang='lat' dir='ltr'><strong>peccasse,</strong></span> <span class='ocrx_word' id='word_1_365' title='bbox 1423 4487 1517 4543; x_wconf 86' lang='lat' dir='ltr'><strong>sed</strong></span> <span class='ocrx_word' id='word_1_366' title='bbox 1567 4487 1636 4541; x_wconf 89' lang='lat' dir='ltr'><strong>ita</strong></span> <span class='ocrx_word' id='word_1_367' title='bbox 1692 4482 2006 4558; x_wconf 84' lang='lat' dir='ltr'><strong>granditer,</strong></span> <span class='ocrx_word' id='word_1_368' title='bbox 2064 4500 2125 4545; x_wconf 89' lang='lat' dir='ltr'><strong>ut</strong></span> 
     </span>
    </p>
   </div>
   <div class='ocr_carea' id='block_1_47' title="bbox 542 4578 2123 4635">
    <p class='ocr_par' dir='ltr' id='par_1_47' title="bbox 542 4578 2123 4635">
     <span class='ocr_line' id='line_1_47' title="bbox 542 4578 2123 4635; baseline 0 -1"><span class='ocrx_word' id='word_1_369' title='bbox 542 4580 719 4634; x_wconf 91' lang='lat' dir='ltr'><strong>omnia</strong></span> <span class='ocrx_word' id='word_1_370' title='bbox 750 4579 802 4634; x_wconf 91' lang='lat' dir='ltr'><strong>in</strong></span> <span class='ocrx_word' id='word_1_371' title='bbox 832 4590 1017 4635; x_wconf 86' lang='lat' dir='ltr'><strong>natura</strong></span> <span class='ocrx_word' id='word_1_372' title='bbox 1043 4595 1136 4634; x_wconf 92' lang='lat' dir='ltr'><strong>sua</strong></span> <span class='ocrx_word' id='word_1_373' title='bbox 1168 4579 1261 4633; x_wconf 89' lang='lat' dir='ltr'><strong>Dei</strong></span> <span class='ocrx_word' id='word_1_374' title='bbox 1292 4578 1527 4632; x_wconf 87' lang='lat' dir='ltr'><strong>instituta</strong></span> <span class='ocrx_word' id='word_1_375' title='bbox 1558 4578 1897 4634; x_wconf 69' lang='lat' dir='ltr'><strong>subruercr...</strong></span> <span class='ocrx_word' id='word_1_376' title='bbox 1937 4597 1956 4631; x_wconf 83' lang='lat' dir='ltr'><strong>s</strong></span> <span class='ocrx_word' id='word_1_377' title='bbox 1991 4578 2123 4634; x_wconf 83' lang='lat' dir='ltr'><strong>Illud</strong></span> 
     </span>
    </p>
   </div>
   <div class='ocr_carea' id='block_1_48' title="bbox 545 4670 2125 4743">
    <p class='ocr_par' dir='ltr' id='par_1_48' title="bbox 545 4670 2125 4743">
     <span class='ocr_line' id='line_1_48' title="bbox 545 4670 2125 4743; baseline 0.002 -19"><span class='ocrx_word' id='word_1_378' title='bbox 545 4671 725 4735; x_wconf 91' lang='lat' dir='ltr'><strong>enim,</strong></span> <span class='ocrx_word' id='word_1_379' title='bbox 775 4688 796 4723; x_wconf 77' lang='grc' dir='ltr'><strong>ι</strong></span> <span class='ocrx_word' id='word_1_380' title='bbox 848 4671 1055 4741; x_wconf 87' lang='lat' dir='ltr'><strong>inquit,</strong></span> <span class='ocrx_word' id='word_1_381' title='bbox 1121 4687 1142 4723; x_wconf 74' lang='grc' dir='ltr'><strong>ι</strong></span> <span class='ocrx_word' id='word_1_382' title='bbox 1196 4681 1473 4740; x_wconf 80' lang='lat' dir='ltr'><strong>peccatum</strong></span> <span class='ocrx_word' id='word_1_383' title='bbox 1525 4670 1678 4724; x_wconf 89' lang='lat' dir='ltr'><strong>valde</strong></span> <span class='ocrx_word' id='word_1_384' title='bbox 1727 4671 1898 4740; x_wconf 77' lang='lat' dir='ltr'><strong>majus</strong></span> <span class='ocrx_word' id='word_1_385' title='bbox 1963 4681 2125 4743; x_wconf 89' lang='lat' dir='ltr'><strong>atque</strong></span> 
     </span>
    </p>
   </div>
   <div class='ocr_carea' id='block_1_49' title="bbox 544 4757 2125 4830">
    <p class='ocr_par' dir='ltr' id='par_1_49' title="bbox 544 4757 2125 4830">
     <span class='ocr_line' id='line_1_49' title="bbox 544 4757 2125 4830; baseline 0.004 -20"><span class='ocrx_word' id='word_1_386' title='bbox 544 4757 701 4814; x_wconf 83' lang='lat' dir='ltr'><strong>altius</strong></span> <span class='ocrx_word' id='word_1_387' title='bbox 724 4758 966 4814; x_wconf 79' lang='lat' dir='ltr'><strong>diabolus</strong></span> <span class='ocrx_word' id='word_1_388' title='bbox 990 4760 1180 4828; x_wconf 87' lang='lat' dir='ltr'><strong>inlixit,</strong></span> <span class='ocrx_word' id='word_1_389' title='bbox 1207 4776 1364 4830; x_wconf 89' lang='lat' dir='ltr'><strong>quam</strong></span> <span class='ocrx_word' id='word_1_390' title='bbox 1395 4768 1519 4814; x_wconf 82' lang='lat' dir='ltr'><strong>sunt</strong></span> <span class='ocrx_word' id='word_1_391' title='bbox 1545 4759 1643 4815; x_wconf 89' lang='lat' dir='ltr'><strong>ista</strong></span> <span class='ocrx_word' id='word_1_392' title='bbox 1680 4758 1981 4815; x_wconf 87' lang='lat' dir='ltr'><strong>hominibus</strong></span> <span class='ocrx_word' id='word_1_393' title='bbox 2003 4771 2125 4817; x_wconf 78' lang='lat' dir='ltr'><strong>uola</strong></span> 
     </span>
    </p>
   </div>
   <div class='ocr_carea' id='block_1_50' title="bbox 547 4850 2128 4924">
    <p class='ocr_par' dir='ltr' id='par_1_50' title="bbox 547 4850 2128 4924">
     <span class='ocr_line' id='line_1_50' title="bbox 547 4850 2128 4924; baseline 0.003 -20"><span class='ocrx_word' id='word_1_394' title='bbox 547 4862 782 4921; x_wconf 89' lang='lat' dir='ltr'><strong>peccata.</strong></span> <span class='ocrx_word' id='word_1_395' title='bbox 817 4850 965 4907; x_wconf 86' lang='lat' dir='ltr'><strong>Unde</strong></span> <span class='ocrx_word' id='word_1_396' title='bbox 992 4852 1081 4906; x_wconf 89' lang='lat' dir='ltr'><strong>illo</strong></span> <span class='ocrx_word' id='word_1_397' title='bbox 1108 4867 1298 4922; x_wconf 86' lang='lat' dir='ltr'><strong>magno</strong></span> <span class='ocrx_word' id='word_1_398' title='bbox 1326 4852 1479 4922; x_wconf 89' lang='lat' dir='ltr'><strong>primi</strong></span> <span class='ocrx_word' id='word_1_399' title='bbox 1504 4854 1734 4907; x_wconf 82' lang='lat' dir='ltr'><strong>hominis</strong></span> <span class='ocrx_word' id='word_1_400' title='bbox 1765 4863 2003 4924; x_wconf 88' lang='lat' dir='ltr'><strong>peccato,</strong></span> <span class='ocrx_word' id='word_1_401' title='bbox 2032 4870 2128 4909; x_wconf 89' lang='lat' dir='ltr'><strong>na-</strong></span> 
     </span>
    </p>
   </div>
   <div class='ocr_carea' id='block_1_51' title="bbox 547 4940 2125 5010">
    <p class='ocr_par' dir='ltr' id='par_1_51' title="bbox 547 4940 2125 5010">
     <span class='ocr_line' id='line_1_51' title="bbox 547 4940 2125 5010; baseline 0.004 -16"><span class='ocrx_word' id='word_1_402' title='bbox 547 4949 663 4994; x_wconf 90' lang='lat' dir='ltr'><strong>tura</strong></span> <span class='ocrx_word' id='word_1_403' title='bbox 713 4940 785 4995; x_wconf 89' lang='lat' dir='ltr'><strong>ibi</strong></span> <span class='ocrx_word' id='word_1_404' title='bbox 833 4951 1011 4996; x_wconf 91' lang='lat' dir='ltr'><strong>nostra</strong></span> <span class='ocrx_word' id='word_1_405' title='bbox 1060 4943 1111 4996; x_wconf 90' lang='lat' dir='ltr'><strong>in</strong></span> <span class='ocrx_word' id='word_1_406' title='bbox 1142 4942 1377 4998; x_wconf 90' lang='lat' dir='ltr'><strong>deterius</strong></span> <span class='ocrx_word' id='word_1_407' title='bbox 1416 4953 1762 5010; x_wconf 85' lang='lat' dir='ltr'><strong>commutata,</strong></span> <span class='ocrx_word' id='word_1_408' title='bbox 1808 4962 1912 4999; x_wconf 91' lang='lat' dir='ltr'><strong>non</strong></span> <span class='ocrx_word' id='word_1_409' title='bbox 1953 4946 2125 5000; x_wconf 75' lang='lat' dir='ltr'><strong>solum</strong></span> 
     </span>
    </p>
   </div>
   <div class='ocr_carea' id='block_1_52' title="bbox 545 5025 2120 5107">
    <p class='ocr_par' dir='ltr' id='par_1_52' title="bbox 545 5025 2120 5107">
     <span class='ocr_line' id='line_1_52' title="bbox 545 5025 2120 5107; baseline 0.004 -20"><span class='ocrx_word' id='word_1_410' title='bbox 545 5030 682 5087; x_wconf 79' lang='lat' dir='ltr'><strong>facta</strong></span> <span class='ocrx_word' id='word_1_411' title='bbox 711 5041 794 5088; x_wconf 90' lang='lat' dir='ltr'><strong>est</strong></span> <span class='ocrx_word' id='word_1_412' title='bbox 819 5034 1102 5105; x_wconf 77' lang='lat' dir='ltr'><strong>peccatrix,</strong></span> <span class='ocrx_word' id='word_1_413' title='bbox 1131 5050 1314 5090; x_wconf 87' lang='lat' dir='ltr'><strong>verum</strong></span> <span class='ocrx_word' id='word_1_414' title='bbox 1344 5035 1503 5090; x_wconf 89' lang='lat' dir='ltr'><strong>etiam</strong></span> <span class='ocrx_word' id='word_1_415' title='bbox 1531 5045 1751 5107; x_wconf 83' lang='lat' dir='ltr'><strong>generat</strong></span> <span class='ocrx_word' id='word_1_416' title='bbox 1776 5025 2120 5106; x_wconf 75' lang='lat' dir='ltr'><strong>peccatores;</strong></span> 
     </span>
    </p>
   </div>
   <div class='ocr_carea' id='block_1_53' title="bbox 544 5124 2126 5199">
    <p class='ocr_par' dir='ltr' id='par_1_53' title="bbox 544 5124 2126 5199">
     <span class='ocr_line' id='line_1_53' title="bbox 544 5124 2126 5199; baseline 0.003 -20"><span class='ocrx_word' id='word_1_417' title='bbox 544 5135 599 5179; x_wconf 87' lang='lat' dir='ltr'><strong>et</strong></span> <span class='ocrx_word' id='word_1_418' title='bbox 642 5133 819 5179; x_wconf 89' lang='lat' dir='ltr'><strong>tamen</strong></span> <span class='ocrx_word' id='word_1_419' title='bbox 843 5125 956 5195; x_wconf 87' lang='lat' dir='ltr'><strong>ipse</strong></span> <span class='ocrx_word' id='word_1_420' title='bbox 983 5124 1220 5197; x_wconf 87' lang='lat' dir='ltr'><strong>languor,</strong></span> <span class='ocrx_word' id='word_1_421' title='bbox 1260 5142 1366 5196; x_wconf 88' lang='lat' dir='ltr'><strong>quo</strong></span> <span class='ocrx_word' id='word_1_422' title='bbox 1396 5128 1531 5183; x_wconf 88' lang='lat' dir='ltr'><strong>bene</strong></span> <span class='ocrx_word' id='word_1_423' title='bbox 1556 5126 1765 5182; x_wconf 77' lang='lat' dir='ltr'><strong>vivendi</strong></span> <span class='ocrx_word' id='word_1_424' title='bbox 1798 5128 1968 5183; x_wconf 88' lang='lat' dir='ltr'><strong>virtus</strong></span> <span class='ocrx_word' id='word_1_425' title='bbox 2004 5144 2126 5199; x_wconf 87' lang='lat' dir='ltr'><strong>per-</strong></span> 
     </span>
    </p>
   </div>
   <div class='ocr_carea' id='block_1_54' title="bbox 511 5212 2124 5289">
    <p class='ocr_par' dir='ltr' id='par_1_54' title="bbox 511 5212 2124 5289">
     <span class='ocr_line' id='line_1_54' title="bbox 511 5212 2124 5289; baseline 0.004 -19"><span class='ocrx_word' id='word_1_426' title='bbox 511 5212 520 5219; x_wconf 84' lang='grc'><em>’</em></span> <span class='ocrx_word' id='word_1_427' title='bbox 547 5217 643 5285; x_wconf 90' lang='lat' dir='ltr'><strong>iit,</strong></span> <span class='ocrx_word' id='word_1_428' title='bbox 676 5232 778 5272; x_wconf 92' lang='lat' dir='ltr'><strong>non</strong></span> <span class='ocrx_word' id='word_1_429' title='bbox 808 5226 892 5273; x_wconf 87' lang='lat' dir='ltr'><strong>est</strong></span> <span class='ocrx_word' id='word_1_430' title='bbox 919 5227 1124 5285; x_wconf 88' lang='lat' dir='ltr'><strong>natura,</strong></span> <span class='ocrx_word' id='word_1_431' title='bbox 1158 5218 1252 5273; x_wconf 90' lang='lat' dir='ltr'><strong>sed</strong></span> <span class='ocrx_word' id='word_1_432' title='bbox 1282 5219 1490 5273; x_wconf 89' lang='lat' dir='ltr'><strong>vitium.</strong></span> <span class='ocrx_word' id='word_1_433' title='bbox 1518 5219 1648 5275; x_wconf 90' lang='lat' dir='ltr'><strong>Illud</strong></span> <span class='ocrx_word' id='word_1_434' title='bbox 1675 5234 1803 5289; x_wconf 83' lang='lat' dir='ltr'><strong>ergo</strong></span> <span class='ocrx_word' id='word_1_435' title='bbox 1827 5231 2124 5289; x_wconf 90' lang='lat' dir='ltr'><strong>peccatum,</strong></span> 
     </span>
    </p>
   </div>
   <div class='ocr_carea' id='block_1_55' title="bbox 547 5306 2122 5383">
    <p class='ocr_par' dir='ltr' id='par_1_55' title="bbox 547 5306 2122 5383">
     <span class='ocr_line' id='line_1_55' title="bbox 547 5306 2122 5383; baseline 0.003 -22"><span class='ocrx_word' id='word_1_436' title='bbox 547 5306 691 5377; x_wconf 87' lang='lat' dir='ltr'><strong>quod</strong></span> <span class='ocrx_word' id='word_1_437' title='bbox 721 5307 890 5378; x_wconf 86' lang='lat' dir='ltr'><strong>ipsum</strong></span> <span class='ocrx_word' id='word_1_438' title='bbox 935 5307 1201 5363; x_wconf 88' lang='lat' dir='ltr'><strong>hominem</strong></span> <span class='ocrx_word' id='word_1_439' title='bbox 1235 5308 1287 5363; x_wconf 91' lang='lat' dir='ltr'><strong>in</strong></span> <span class='ocrx_word' id='word_1_440' title='bbox 1332 5309 1576 5379; x_wconf 86' lang='lat' dir='ltr'><strong>paradiso</strong></span> <span class='ocrx_word' id='word_1_441' title='bbox 1608 5314 1830 5366; x_wconf 90' lang='lat' dir='ltr'><strong>mutavit</strong></span> <span class='ocrx_word' id='word_1_442' title='bbox 1867 5312 1918 5366; x_wconf 90' lang='lat' dir='ltr'><strong>in</strong></span> <span class='ocrx_word' id='word_1_443' title='bbox 1951 5312 2122 5383; x_wconf 87' lang='lat' dir='ltr'><strong>pejus,</strong></span> 
     </span>
    </p>
   </div>
   <div class='ocr_carea' id='block_1_56' title="bbox 612 5476 2127 5558">
    <p class='ocr_par' dir='ltr' id='par_1_56' title="bbox 612 5476 2127 5558">
     <span class='ocr_line' id='line_1_56' title="bbox 612 5476 2127 5558; baseline 0.009 -29"><span class='ocrx_word' id='word_1_444' title='bbox 612 5486 631 5517; x_wconf 83' lang='grc' dir='ltr'><strong>ι</strong></span> <span class='ocrx_word' id='word_1_445' title='bbox 657 5485 957 5558; x_wconf 53' lang='lat' dir='ltr'><strong>‘Vlgttlerms,</strong></span> <span class='ocrx_word' id='word_1_446' title='bbox 979 5482 1131 5558; x_wconf 59' lang='lat' dir='ltr'><strong>rauim</strong></span> <span class='ocrx_word' id='word_1_447' title='bbox 1161 5476 1361 5558; x_wconf 71' lang='lat' dir='ltr'><strong>maligni</strong></span> <span class='ocrx_word' id='word_1_448' title='bbox 1389 5480 1677 5552; x_wconf 73' lang='lat' dir='ltr'><strong>exstinguit;</strong></span> <span class='ocrx_word' id='word_1_449' title='bbox 1715 5488 1911 5554; x_wconf 89' lang='lat' dir='ltr'><strong>omisso,</strong></span> <span class='ocrx_word' id='word_1_450' title='bbox 1938 5490 2127 5554; x_wconf 79' lang='lat' dir='ltr'><strong>jaeulu,</strong></span> 
     </span>
    </p>
   </div>
   <div class='ocr_carea' id='block_1_57' title="bbox 544 5544 1432 5610">
    <p class='ocr_par' dir='ltr' id='par_1_57' title="bbox 544 5544 1432 5610">
     <span class='ocr_line' id='line_1_57' title="bbox 544 5544 1432 5610; baseline 0.002 -17"><span class='ocrx_word' id='word_1_451' title='bbox 544 5544 672 5610; x_wconf 87' lang='lat' dir='ltr'><strong>quod</strong></span> <span class='ocrx_word' id='word_1_452' title='bbox 697 5544 763 5594; x_wconf 58' lang='lat' dir='ltr'><strong>e&#39;x</strong></span> <span class='ocrx_word' id='word_1_453' title='bbox 786 5544 1122 5610; x_wconf 75' lang='lat' dir='ltr'><strong>manuscrist</strong></span> <span class='ocrx_word' id='word_1_454' title='bbox 1140 5544 1432 5597; x_wconf 72' lang='lat' dir='ltr'><strong>restituitur.</strong></span> 
     </span>
    </p>
   </div>
   <div class='ocr_carea' id='block_1_58' title="bbox 607 5607 1068 5665">
    <p class='ocr_par' dir='ltr' id='par_1_58' title="bbox 607 5607 1068 5665">
     <span class='ocr_line' id='line_1_58' title="bbox 607 5607 1068 5665; baseline 0.002 -11"><span class='ocrx_word' id='word_1_455' title='bbox 607 5609 628 5638; x_wconf 83' lang='grc'>¹</span> <span class='ocrx_word' id='word_1_456' title='bbox 660 5613 712 5655; x_wconf 84' lang='grc' dir='ltr'><strong>ιιι</strong></span> <span class='ocrx_word' id='word_1_457' title='bbox 733 5613 859 5665; x_wconf 62' lang='lat' dir='ltr'><strong>Mss,</strong></span> <span class='ocrx_word' id='word_1_458' title='bbox 882 5607 1068 5657; x_wconf 79' lang='lat' dir='ltr'><strong>bonum.</strong></span> 
     </span>
    </p>
   </div>
   <div class='ocr_carea' id='block_1_59' title="bbox 609 5667 2133 5740">
    <p class='ocr_par' dir='ltr' id='par_1_59' title="bbox 609 5667 2133 5740">
     <span class='ocr_line' id='line_1_59' title="bbox 609 5667 2133 5740; baseline 0.009 -26"><span class='ocrx_word' id='word_1_459' title='bbox 609 5668 631 5699; x_wconf 86' lang='grc'>³</span> <span class='ocrx_word' id='word_1_460' title='bbox 664 5667 795 5740; x_wconf 62' lang='grc' dir='ltr'><strong>ξλιίιὶ,</strong></span> <span class='ocrx_word' id='word_1_461' title='bbox 818 5674 998 5740; x_wconf 66' lang='lat' dir='ltr'><strong>contra</strong></span> <span class='ocrx_word' id='word_1_462' title='bbox 1025 5682 1104 5720; x_wconf 81' lang='lat' dir='ltr'><strong>vos</strong></span> <span class='ocrx_word' id='word_1_463' title='bbox 1131 5667 1296 5740; x_wconf 66' lang='lat' dir='ltr'><strong>etiam,</strong></span> <span class='ocrx_word' id='word_1_464' title='bbox 1326 5668 1441 5734; x_wconf 86' lang='lat' dir='ltr'><strong>quia</strong></span> <span class='ocrx_word' id='word_1_465' title='bbox 1470 5668 1619 5723; x_wconf 84' lang='lat' dir='ltr'><strong>libero</strong></span> <span class='ocrx_word' id='word_1_466' title='bbox 1649 5674 1891 5740; x_wconf 72' lang='lat' dir='ltr'><strong>arbitrio;</strong></span> <span class='ocrx_word' id='word_1_467' title='bbox 1925 5685 2133 5740; x_wconf 72' lang='lat' dir='ltr'><strong>praeter-</strong></span> 
     </span>
    </p>
   </div>
   <div class='ocr_carea' id='block_1_60' title="bbox 544 5729 2203 5799">
    <p class='ocr_par' dir='ltr' id='par_1_60' title="bbox 544 5729 2203 5799">
     <span class='ocr_line' id='line_1_60' title="bbox 544 5729 2203 5799; baseline 0.008 -22"><span class='ocrx_word' id='word_1_468' title='bbox 544 5729 705 5799; x_wconf 80' lang='lat' dir='ltr'><strong>missis</strong></span> <span class='ocrx_word' id='word_1_469' title='bbox 727 5732 908 5791; x_wconf 81' lang='lat' dir='ltr'><strong>verbis,</strong></span> <span class='ocrx_word' id='word_1_470' title='bbox 930 5737 1019 5793; x_wconf 82' lang='lat' dir='ltr'><strong>est,</strong></span> <span class='ocrx_word' id='word_1_471' title='bbox 1043 5740 1113 5787; x_wconf 79' lang='lat' dir='ltr'><strong>et,</strong></span> <span class='ocrx_word' id='word_1_472' title='bbox 1136 5729 1409 5796; x_wconf 38' lang='lat' dir='ltr'><strong>datisque</strong></span> <span class='ocrx_word' id='word_1_473' title='bbox 1432 5744 1496 5783; x_wconf 82' lang='lat' dir='ltr'><strong>ex</strong></span> <span class='ocrx_word' id='word_1_474' title='bbox 1516 5737 1852 5799; x_wconf 81' lang='lat' dir='ltr'><strong>manuscriptts</strong></span> <span class='ocrx_word' id='word_1_475' title='bbox 1866 5729 2131 5790; x_wconf 69' lang='lat' dir='ltr'><strong>restituua-</strong></span> <span class='ocrx_word' id='word_1_476' title='bbox 2198 5754 2203 5757; x_wconf 47' lang='grc' dir='ltr'><strong>ι</strong></span> 
     </span>
    </p>
   </div>
   <div class='ocr_carea' id='block_1_61' title="bbox 544 5797 639 5839">
    <p class='ocr_par' dir='ltr' id='par_1_61' title="bbox 544 5797 639 5839">
     <span class='ocr_line' id='line_1_61' title="bbox 544 5797 639 5839; baseline -0.011 0"><span class='ocrx_word' id='word_1_477' title='bbox 544 5797 639 5839; x_wconf 81' lang='lat' dir='ltr'><strong>tur.</strong></span> 
     </span>
    </p>
   </div>
   <div class='ocr_carea' id='block_1_62' title="bbox 1236 314 3132 424">
    <p class='ocr_par' dir='ltr' id='par_1_62' title="bbox 1236 314 3132 424">
     <span class='ocr_line' id='line_1_62' title="bbox 1236 314 3132 424; baseline 0 -11"><span class='ocrx_word' id='word_1_478' title='bbox 1236 356 1480 414; x_wconf 76' lang='lat' dir='ltr'><strong>OPERIS</strong></span> <span class='ocrx_word' id='word_1_479' title='bbox 1518 353 1923 412; x_wconf 69' lang='lat' dir='ltr'><strong>IMPERFECTI</strong></span> <span class='ocrx_word' id='word_1_480' title='bbox 1963 351 2237 409; x_wconf 67' lang='lat' dir='ltr'><strong>CONTRA</strong></span> <span class='ocrx_word' id='word_1_481' title='bbox 2277 314 2630 424; x_wconf 63' lang='lat' dir='ltr'><strong>JULIANUM,</strong></span> <span class='ocrx_word' id='word_1_482' title='bbox 2671 355 2728 413; x_wconf 92' lang='lat' dir='ltr'><strong>s.</strong></span> <span class='ocrx_word' id='word_1_483' title='bbox 2772 354 3132 414; x_wconf 72' lang='lat' dir='ltr'><strong>.tucesmt</strong></span> 
     </span>
    </p>
   </div>
   <div class='ocr_carea' id='block_1_63' title="bbox 3648 373 3757 429">
    <p class='ocr_par' dir='ltr' id='par_1_63' title="bbox 3648 373 3757 429">
     <span class='ocr_line' id='line_1_63' title="bbox 3648 373 3757 429; baseline 0.009 -1"><span class='ocrx_word' id='word_1_484' title='bbox 3648 373 3757 429; x_wconf 59' lang='lat' dir='ltr'><strong>{Si}</strong></span> 
     </span>
    </p>
   </div>
   <div class='ocr_carea' id='block_1_64' title="bbox 2249 470 3768 551">
    <p class='ocr_par' dir='ltr' id='par_1_64' title="bbox 2249 470 3768 551">
     <span class='ocr_line' id='line_1_64' title="bbox 2249 470 3768 551; baseline 0.009 -30"><span class='ocrx_word' id='word_1_485' title='bbox 2249 470 2368 539; x_wconf 91' lang='lat' dir='ltr'><strong>quia</strong></span> <span class='ocrx_word' id='word_1_486' title='bbox 2418 471 2582 526; x_wconf 90' lang='lat' dir='ltr'><strong>multo</strong></span> <span class='ocrx_word' id='word_1_487' title='bbox 2610 480 2694 527; x_wconf 91' lang='lat' dir='ltr'><strong>est</strong></span> <span class='ocrx_word' id='word_1_488' title='bbox 2732 473 2985 544; x_wconf 90' lang='lat' dir='ltr'><strong>grandius</strong></span> <span class='ocrx_word' id='word_1_489' title='bbox 3026 489 3182 544; x_wconf 89' lang='lat' dir='ltr'><strong>quam</strong></span> <span class='ocrx_word' id='word_1_490' title='bbox 3217 472 3448 543; x_wconf 82' lang='lat' dir='ltr'><strong>judicare</strong></span> <span class='ocrx_word' id='word_1_491' title='bbox 3482 493 3571 533; x_wconf 85' lang='lat' dir='ltr'><strong>nos</strong></span> <span class='ocrx_word' id='word_1_492' title='bbox 3602 497 3768 551; x_wconf 49' lang='lat' dir='ltr'><strong>mm&quot;</strong></span> 
     </span>
    </p>
   </div>
   <div class='ocr_carea' id='block_1_65' title="bbox 2248 561 3770 641">
    <p class='ocr_par' dir='ltr' id='par_1_65' title="bbox 2248 561 3770 641">
     <span class='ocr_line' id='line_1_65' title="bbox 2248 561 3770 641; baseline 0.01 -27"><span class='ocrx_word' id='word_1_493' title='bbox 2248 575 2387 626; x_wconf 88' lang='lat' dir='ltr'><strong>mus,</strong></span> <span class='ocrx_word' id='word_1_494' title='bbox 2411 561 2477 615; x_wconf 89' lang='lat' dir='ltr'><strong>ab</strong></span> <span class='ocrx_word' id='word_1_495' title='bbox 2497 562 2641 617; x_wconf 90' lang='lat' dir='ltr'><strong>omni</strong></span> <span class='ocrx_word' id='word_1_496' title='bbox 2666 572 2914 619; x_wconf 88' lang='lat' dir='ltr'><strong>nascente</strong></span> <span class='ocrx_word' id='word_1_497' title='bbox 2934 563 3293 633; x_wconf 74' lang='lat' dir='ltr'><strong>trahiturstbe</strong></span> <span class='ocrx_word' id='word_1_498' title='bbox 3318 563 3513 641; x_wconf 79' lang='lat' dir='ltr'><strong>Nuptiis</strong></span> <span class='ocrx_word' id='word_1_499' title='bbox 3535 580 3576 624; x_wconf 85' lang='lat' dir='ltr'><strong>et</strong></span> <span class='ocrx_word' id='word_1_500' title='bbox 3602 572 3770 629; x_wconf 81' lang='lat' dir='ltr'><strong>Concu-</strong></span> 
     </span>
    </p>
   </div>
   <div class='ocr_carea' id='block_1_66' title="bbox 2245 642 3771 733">
    <p class='ocr_par' dir='ltr' id='par_1_66' title="bbox 2245 642 3771 733">
     <span class='ocr_line' id='line_1_66' title="bbox 2245 642 3771 733; baseline 0.009 -29"><span class='ocrx_word' id='word_1_501' title='bbox 2245 652 2521 723; x_wconf 78' lang='lat' dir='ltr'><strong>pisceutia,</strong></span> <span class='ocrx_word' id='word_1_502' title='bbox 2570 653 2661 708; x_wconf 87' lang='lat' dir='ltr'><strong>lib.</strong></span> <span class='ocrx_word' id='word_1_503' title='bbox 2700 642 2769 718; x_wconf 62' lang='lat'><strong>9,</strong></span> <span class='ocrx_word' id='word_1_504' title='bbox 2817 671 2904 708; x_wconf 83' lang='lat' dir='ltr'><strong>nu.</strong></span> <span class='ocrx_word' id='word_1_505' title='bbox 2950 648 3054 721; x_wconf 83' lang='lat'><strong>57,</strong></span> <span class='ocrx_word' id='word_1_506' title='bbox 3094 654 3204 725; x_wconf 84' lang='lat'><strong>58).</strong></span> <span class='ocrx_word' id='word_1_507' title='bbox 3255 656 3386 711; x_wconf 82' lang='lat' dir='ltr'><strong>Ecce</strong></span> <span class='ocrx_word' id='word_1_508' title='bbox 3419 672 3568 727; x_wconf 73' lang='lat' dir='ltr'><strong>quam</strong></span> <span class='ocrx_word' id='word_1_509' title='bbox 3612 668 3771 733; x_wconf 86' lang='lat' dir='ltr'><strong>aperte</strong></span> 
     </span>
    </p>
   </div>
   <div class='ocr_carea' id='block_1_67' title="bbox 2244 743 3771 816">
    <p class='ocr_par' dir='ltr' id='par_1_67' title="bbox 2244 743 3771 816">
     <span class='ocr_line' id='line_1_67' title="bbox 2244 743 3771 816; baseline 0.012 -24"><span class='ocrx_word' id='word_1_510' title='bbox 2244 743 2369 814; x_wconf 86' lang='lat' dir='ltr'><strong>quid</strong></span> <span class='ocrx_word' id='word_1_511' title='bbox 2398 744 2620 799; x_wconf 82' lang='lat' dir='ltr'><strong>sentiret</strong></span> <span class='ocrx_word' id='word_1_512' title='bbox 2661 746 2945 816; x_wconf 88' lang='lat' dir='ltr'><strong>exposuit:</strong></span> <span class='ocrx_word' id='word_1_513' title='bbox 2978 745 3173 812; x_wconf 86' lang='lat' dir='ltr'><strong>Primi,</strong></span> <span class='ocrx_word' id='word_1_514' title='bbox 3219 744 3414 815; x_wconf 86' lang='lat' dir='ltr'><strong>inquit,</strong></span> <span class='ocrx_word' id='word_1_515' title='bbox 3454 749 3522 805; x_wconf 91' lang='lat' dir='ltr'><strong>illi</strong></span> <span class='ocrx_word' id='word_1_516' title='bbox 3563 751 3771 811; x_wconf 78' lang='lat' dir='ltr'><strong>homines</strong></span> 
     </span>
    </p>
   </div>
   <div class='ocr_carea' id='block_1_68' title="bbox 2242 829 3770 913">
    <p class='ocr_par' dir='ltr' id='par_1_68' title="bbox 2242 829 3770 913">
     <span class='ocr_line' id='line_1_68' title="bbox 2242 829 3770 913; baseline 0.007 -24"><span class='ocrx_word' id='word_1_517' title='bbox 2242 832 2437 889; x_wconf 76' lang='lat' dir='ltr'><strong>bonam</strong></span> <span class='ocrx_word' id='word_1_518' title='bbox 2468 834 2698 891; x_wconf 89' lang='lat' dir='ltr'><strong>habuere</strong></span> <span class='ocrx_word' id='word_1_519' title='bbox 2726 846 2989 905; x_wconf 89' lang='lat' dir='ltr'><strong>naturam,</strong></span> <span class='ocrx_word' id='word_1_520' title='bbox 3016 829 3111 891; x_wconf 85' lang='lat' dir='ltr'><strong>sed</strong></span> <span class='ocrx_word' id='word_1_521' title='bbox 3135 842 3401 907; x_wconf 84' lang='lat' dir='ltr'><strong>peccatum</strong></span> <span class='ocrx_word' id='word_1_522' title='bbox 3431 847 3530 894; x_wconf 91' lang='lat' dir='ltr'><strong>tam</strong></span> <span class='ocrx_word' id='word_1_523' title='bbox 3550 841 3770 913; x_wconf 76' lang='lat' dir='ltr'><strong>immane,</strong></span> 
     </span>
    </p>
   </div>
   <div class='ocr_carea' id='block_1_69' title="bbox 2246 928 3777 1002">
    <p class='ocr_par' dir='ltr' id='par_1_69' title="bbox 2246 928 3777 1002">
     <span class='ocr_line' id='line_1_69' title="bbox 2246 928 3777 1002; baseline 0.007 -22"><span class='ocrx_word' id='word_1_524' title='bbox 2246 934 2352 980; x_wconf 90' lang='lat' dir='ltr'><strong>tam</strong></span> <span class='ocrx_word' id='word_1_525' title='bbox 2384 928 2757 984; x_wconf 71' lang='lat' dir='ltr'><strong>intestimabile</strong></span> <span class='ocrx_word' id='word_1_526' title='bbox 2803 938 3191 1002; x_wconf 88' lang='lat' dir='ltr'><strong>perpetrarunt,</strong></span> <span class='ocrx_word' id='word_1_527' title='bbox 3230 939 3286 984; x_wconf 92' lang='lat' dir='ltr'><strong>ut</strong></span> <span class='ocrx_word' id='word_1_528' title='bbox 3308 931 3546 987; x_wconf 85' lang='lat' dir='ltr'><strong>virtutem</strong></span> <span class='ocrx_word' id='word_1_529' title='bbox 3571 932 3691 990; x_wconf 83' lang='lat' dir='ltr'><strong>bene</strong></span> <span class='ocrx_word' id='word_1_530' title='bbox 3712 936 3777 990; x_wconf 63' lang='lat' dir='ltr'><strong>vi.</strong></span> 
     </span>
    </p>
   </div>
   <div class='ocr_carea' id='block_1_70' title="bbox 2242 1012 3780 1098">
    <p class='ocr_par' dir='ltr' id='par_1_70' title="bbox 2242 1012 3780 1098">
     <span class='ocr_line' id='line_1_70' title="bbox 2242 1012 3780 1098; baseline 0.007 -24"><span class='ocrx_word' id='word_1_531' title='bbox 2242 1012 2398 1075; x_wconf 87' lang='lat' dir='ltr'><strong>vcndi</strong></span> <span class='ocrx_word' id='word_1_532' title='bbox 2453 1022 2834 1088; x_wconf 85' lang='lat' dir='ltr'><strong>interimerent,</strong></span> <span class='ocrx_word' id='word_1_533' title='bbox 2868 1023 3021 1078; x_wconf 88' lang='lat' dir='ltr'><strong>liberi</strong></span> <span class='ocrx_word' id='word_1_534' title='bbox 3058 1023 3260 1078; x_wconf 90' lang='lat' dir='ltr'><strong>arbitrii</strong></span> <span class='ocrx_word' id='word_1_535' title='bbox 3299 1024 3472 1080; x_wconf 89' lang='lat' dir='ltr'><strong>lumen</strong></span> <span class='ocrx_word' id='word_1_536' title='bbox 3511 1027 3780 1098; x_wconf 79' lang='lat' dir='ltr'><strong>exstingue-</strong></span> 
     </span>
    </p>
   </div>
   <div class='ocr_carea' id='block_1_71' title="bbox 2242 1104 3773 1184">
    <p class='ocr_par' dir='ltr' id='par_1_71' title="bbox 2242 1104 3773 1184">
     <span class='ocr_line' id='line_1_71' title="bbox 2242 1104 3773 1184; baseline 0.007 -21"><span class='ocrx_word' id='word_1_537' title='bbox 2242 1118 2380 1177; x_wconf 90' lang='lat' dir='ltr'><strong>rent,</strong></span> <span class='ocrx_word' id='word_1_538' title='bbox 2409 1104 2645 1167; x_wconf 73' lang='lat' dir='ltr'><strong>iacerent</strong></span> <span class='ocrx_word' id='word_1_539' title='bbox 2670 1113 2721 1166; x_wconf 91' lang='lat' dir='ltr'><strong>in</strong></span> <span class='ocrx_word' id='word_1_540' title='bbox 2752 1106 3008 1184; x_wconf 87' lang='lat' dir='ltr'><strong>reliquum</strong></span> <span class='ocrx_word' id='word_1_541' title='bbox 3032 1112 3284 1183; x_wconf 87' lang='lat' dir='ltr'><strong>peccandi</strong></span> <span class='ocrx_word' id='word_1_542' title='bbox 3311 1112 3691 1181; x_wconf 78' lang='lat' dir='ltr'><strong>necessitatem;</strong></span> <span class='ocrx_word' id='word_1_543' title='bbox 3716 1131 3773 1173; x_wconf 88' lang='lat' dir='ltr'><strong>ne</strong></span> 
     </span>
    </p>
   </div>
   <div class='ocr_carea' id='block_1_72' title="bbox 2239 1201 3777 1273">
    <p class='ocr_par' dir='ltr' id='par_1_72' title="bbox 2239 1201 3777 1273">
     <span class='ocr_line' id='line_1_72' title="bbox 2239 1201 3777 1273; baseline 0.003 -16"><span class='ocrx_word' id='word_1_544' title='bbox 2239 1202 2327 1257; x_wconf 90' lang='lat' dir='ltr'><strong>cui</strong></span> <span class='ocrx_word' id='word_1_545' title='bbox 2352 1212 2495 1257; x_wconf 90' lang='lat' dir='ltr'><strong>esset</strong></span> <span class='ocrx_word' id='word_1_546' title='bbox 2516 1201 2767 1273; x_wconf 90' lang='lat' dir='ltr'><strong>possibile</strong></span> <span class='ocrx_word' id='word_1_547' title='bbox 2794 1203 2860 1259; x_wconf 90' lang='lat' dir='ltr'><strong>de</strong></span> <span class='ocrx_word' id='word_1_548' title='bbox 2880 1219 3062 1258; x_wconf 89' lang='lat' dir='ltr'><strong>eorum</strong></span> <span class='ocrx_word' id='word_1_549' title='bbox 3089 1205 3253 1273; x_wconf 90' lang='lat' dir='ltr'><strong>stirpe</strong></span> <span class='ocrx_word' id='word_1_550' title='bbox 3276 1205 3531 1271; x_wconf 90' lang='lat' dir='ltr'><strong>nascenti,</strong></span> <span class='ocrx_word' id='word_1_551' title='bbox 3561 1206 3609 1259; x_wconf 92' lang='lat' dir='ltr'><strong>in</strong></span> <span class='ocrx_word' id='word_1_552' title='bbox 3636 1207 3777 1261; x_wconf 83' lang='lat' dir='ltr'><strong>virtu-</strong></span> 
     </span>
    </p>
   </div>
   <div class='ocr_carea' id='block_1_73' title="bbox 2240 1286 3774 1367">
    <p class='ocr_par' dir='ltr' id='par_1_73' title="bbox 2240 1286 3774 1367">
     <span class='ocr_line' id='line_1_73' title="bbox 2240 1286 3774 1367; baseline 0.005 -22"><span class='ocrx_word' id='word_1_553' title='bbox 2240 1299 2353 1345; x_wconf 92' lang='lat' dir='ltr'><strong>tum</strong></span> <span class='ocrx_word' id='word_1_554' title='bbox 2376 1293 2567 1349; x_wconf 88' lang='lat' dir='ltr'><strong>decora</strong></span> <span class='ocrx_word' id='word_1_555' title='bbox 2597 1295 2800 1362; x_wconf 89' lang='lat' dir='ltr'><strong>conari,</strong></span> <span class='ocrx_word' id='word_1_556' title='bbox 2830 1303 2885 1351; x_wconf 89' lang='lat' dir='ltr'><strong>et</strong></span> <span class='ocrx_word' id='word_1_557' title='bbox 2903 1286 3181 1350; x_wconf 85' lang='lat' dir='ltr'><strong>declinatis</strong></span> <span class='ocrx_word' id='word_1_558' title='bbox 3207 1286 3350 1350; x_wconf 87' lang='lat' dir='ltr'><strong>vitiis</strong></span> <span class='ocrx_word' id='word_1_559' title='bbox 3374 1300 3658 1367; x_wconf 82' lang='lat' dir='ltr'><strong>compotem</strong></span> <span class='ocrx_word' id='word_1_560' title='bbox 3678 1296 3774 1353; x_wconf 85' lang='lat' dir='ltr'><strong>ller‘t</strong></span> 
     </span>
    </p>
   </div>
   <div class='ocr_carea' id='block_1_74' title="bbox 2239 1376 2555 1441">
    <p class='ocr_par' dir='ltr' id='par_1_74' title="bbox 2239 1376 2555 1441">
     <span class='ocr_line' id='line_1_74' title="bbox 2239 1376 2555 1441; baseline -0.003 -1"><span class='ocrx_word' id='word_1_561' title='bbox 2239 1376 2555 1441; x_wconf 84' lang='lat' dir='ltr'><strong>sanctitatis.</strong></span> 
     </span>
    </p>
   </div>
   <div class='ocr_carea' id='block_1_75' title="bbox 2312 1468 3776 1543">
    <p class='ocr_par' dir='ltr' id='par_1_75' title="bbox 2312 1468 3776 1543">
     <span class='ocr_line' id='line_1_75' title="bbox 2312 1468 3776 1543; baseline 0.001 -11"><span class='ocrx_word' id='word_1_562' title='bbox 2312 1468 2444 1534; x_wconf 80' lang='lat' dir='ltr'><strong>Anc.</strong></span> <span class='ocrx_word' id='word_1_563' title='bbox 2484 1469 2697 1533; x_wconf 77' lang='lat' dir='ltr'><strong>Videris</strong></span> <span class='ocrx_word' id='word_1_564' title='bbox 2725 1470 2839 1543; x_wconf 88' lang='lat' dir='ltr'><strong>tibi,</strong></span> <span class='ocrx_word' id='word_1_565' title='bbox 2868 1476 2955 1533; x_wconf 90' lang='lat' dir='ltr'><strong>vel</strong></span> <span class='ocrx_word' id='word_1_566' title='bbox 2984 1478 3142 1532; x_wconf 88' lang='lat' dir='ltr'><strong>etiam</strong></span> <span class='ocrx_word' id='word_1_567' title='bbox 3167 1477 3504 1533; x_wconf 89' lang='lat' dir='ltr'><strong>consortibus</strong></span> <span class='ocrx_word' id='word_1_568' title='bbox 3523 1478 3620 1533; x_wconf 89' lang='lat' dir='ltr'><strong>tuis</strong></span> <span class='ocrx_word' id='word_1_569' title='bbox 3643 1476 3776 1534; x_wconf 84' lang='lat' dir='ltr'><strong>Pela-</strong></span> 
     </span>
    </p>
   </div>
   <div class='ocr_carea' id='block_1_76' title="bbox 2237 1567 3778 1637">
    <p class='ocr_par' dir='ltr' id='par_1_76' title="bbox 2237 1567 3778 1637">
     <span class='ocr_line' id='line_1_76' title="bbox 2237 1567 3778 1637; baseline 0.001 -17"><span class='ocrx_word' id='word_1_570' title='bbox 2237 1567 2406 1637; x_wconf 87' lang='lat' dir='ltr'><strong>gianis</strong></span> <span class='ocrx_word' id='word_1_571' title='bbox 2429 1567 2625 1637; x_wconf 89' lang='lat' dir='ltr'><strong>aliquid</strong></span> <span class='ocrx_word' id='word_1_572' title='bbox 2657 1567 2836 1622; x_wconf 87' lang='lat' dir='ltr'><strong>dicere</strong></span> <span class='ocrx_word' id='word_1_573' title='bbox 2854 1609 2870 1634; x_wconf 93' lang='lat'><strong>,</strong></span> <span class='ocrx_word' id='word_1_574' title='bbox 2905 1582 3026 1622; x_wconf 91' lang='lat' dir='ltr'><strong>cum</strong></span> <span class='ocrx_word' id='word_1_575' title='bbox 3056 1567 3239 1622; x_wconf 89' lang='lat' dir='ltr'><strong>relicta</strong></span> <span class='ocrx_word' id='word_1_576' title='bbox 3269 1567 3582 1622; x_wconf 86' lang='lat' dir='ltr'><strong>auctoritate</strong></span> <span class='ocrx_word' id='word_1_577' title='bbox 3602 1567 3778 1635; x_wconf 74' lang='lat' dir='ltr'><strong>divina,</strong></span> 
     </span>
    </p>
   </div>
   <div class='ocr_carea' id='block_1_77' title="bbox 2236 1655 3783 1728">
    <p class='ocr_par' dir='ltr' id='par_1_77' title="bbox 2236 1655 3783 1728">
     <span class='ocr_line' id='line_1_77' title="bbox 2236 1655 3783 1728; baseline 0.001 -17"><span class='ocrx_word' id='word_1_578' title='bbox 2236 1655 2465 1723; x_wconf 85' lang='lat' dir='ltr'><strong>humana</strong></span> <span class='ocrx_word' id='word_1_579' title='bbox 2495 1658 2726 1712; x_wconf 90' lang='lat' dir='ltr'><strong>vanitate</strong></span> <span class='ocrx_word' id='word_1_580' title='bbox 2748 1657 2969 1728; x_wconf 90' lang='lat' dir='ltr'><strong>jactaris</strong></span> <span class='ocrx_word' id='word_1_581' title='bbox 2988 1697 3005 1723; x_wconf 97' lang='lat'><strong>,</strong></span> <span class='ocrx_word' id='word_1_582' title='bbox 3036 1666 3090 1713; x_wconf 90' lang='lat' dir='ltr'><strong>et</strong></span> <span class='ocrx_word' id='word_1_583' title='bbox 3114 1655 3652 1728; x_wconf 80' lang='lat' dir='ltr'><strong>argumentationibus</strong></span> <span class='ocrx_word' id='word_1_584' title='bbox 3682 1670 3783 1713; x_wconf 72' lang='lat' dir='ltr'><strong>coro</strong></span> 
     </span>
    </p>
   </div>
   <div class='ocr_carea' id='block_1_78' title="bbox 2234 1745 3783 1819">
    <p class='ocr_par' dir='ltr' id='par_1_78' title="bbox 2234 1745 3783 1819">
     <span class='ocr_line' id='line_1_78' title="bbox 2234 1745 3783 1819; baseline 0.002 -19"><span class='ocrx_word' id='word_1_585' title='bbox 2234 1747 2319 1802; x_wconf 84' lang='lat' dir='ltr'><strong>dis</strong></span> <span class='ocrx_word' id='word_1_586' title='bbox 2346 1748 2419 1801; x_wconf 91' lang='lat' dir='ltr'><strong>tui</strong></span> <span class='ocrx_word' id='word_1_587' title='bbox 2446 1756 2747 1803; x_wconf 88' lang='lat' dir='ltr'><strong>sanctarum</strong></span> <span class='ocrx_word' id='word_1_588' title='bbox 2778 1746 3173 1819; x_wconf 87' lang='lat' dir='ltr'><strong>Scripturarum</strong></span> <span class='ocrx_word' id='word_1_589' title='bbox 3197 1747 3409 1802; x_wconf 85' lang='lat' dir='ltr'><strong>veritati</strong></span> <span class='ocrx_word' id='word_1_590' title='bbox 3438 1745 3716 1802; x_wconf 82' lang='lat' dir='ltr'><strong>adversaris</strong></span> <span class='ocrx_word' id='word_1_591' title='bbox 3735 1751 3783 1803; x_wconf 74' lang='lat' dir='ltr'><strong>et</strong></span> 
     </span>
    </p>
   </div>
   <div class='ocr_carea' id='block_1_79' title="bbox 2232 1830 3784 1909">
    <p class='ocr_par' dir='ltr' id='par_1_79' title="bbox 2232 1830 3784 1909">
     <span class='ocr_line' id='line_1_79' title="bbox 2232 1830 3784 1909; baseline 0.001 -15"><span class='ocrx_word' id='word_1_592' title='bbox 2232 1830 2516 1909; x_wconf 89' lang='lat' dir='ltr'><strong>obstrepis.</strong></span> <span class='ocrx_word' id='word_1_593' title='bbox 2560 1833 2691 1893; x_wconf 87' lang='lat' dir='ltr'><strong>Nam</strong></span> <span class='ocrx_word' id='word_1_594' title='bbox 2733 1839 2914 1909; x_wconf 82' lang='lat' dir='ltr'><strong>utique</strong></span> <span class='ocrx_word' id='word_1_595' title='bbox 2942 1840 2986 1893; x_wconf 91' lang='lat' dir='ltr'><strong>si</strong></span> <span class='ocrx_word' id='word_1_596' title='bbox 3026 1838 3320 1894; x_wconf 86' lang='lat' dir='ltr'><strong>christiano</strong></span> <span class='ocrx_word' id='word_1_597' title='bbox 3363 1846 3521 1909; x_wconf 89' lang='lat' dir='ltr'><strong>atque</strong></span> <span class='ocrx_word' id='word_1_598' title='bbox 3553 1838 3784 1895; x_wconf 85' lang='lat' dir='ltr'><strong>catholico</strong></span> 
     </span>
    </p>
   </div>
   <div class='ocr_carea' id='block_1_80' title="bbox 2232 1923 3784 2002">
    <p class='ocr_par' dir='ltr' id='par_1_80' title="bbox 2232 1923 3784 2002">
     <span class='ocr_line' id='line_1_80' title="bbox 2232 1923 3784 2002; baseline -0.003 -16"><span class='ocrx_word' id='word_1_599' title='bbox 2232 1931 2412 1986; x_wconf 83' lang='lat' dir='ltr'><strong>animo</strong></span> <span class='ocrx_word' id='word_1_600' title='bbox 2436 1923 2738 1987; x_wconf 88' lang='lat' dir='ltr'><strong>attenderes</strong></span> <span class='ocrx_word' id='word_1_601' title='bbox 2765 1930 2905 2002; x_wconf 88' lang='lat' dir='ltr'><strong>quod</strong></span> <span class='ocrx_word' id='word_1_602' title='bbox 2930 1931 3005 1987; x_wconf 88' lang='lat' dir='ltr'><strong>ait</strong></span> <span class='ocrx_word' id='word_1_603' title='bbox 3030 1929 3319 2000; x_wconf 81' lang='lat' dir='ltr'><strong>Apostolus</strong></span> <span class='ocrx_word' id='word_1_604' title='bbox 3342 1971 3357 1994; x_wconf 95' lang='lat'><strong>,</strong></span> <span class='ocrx_word' id='word_1_605' title='bbox 3397 1927 3588 2001; x_wconf 81' lang='lat' dir='ltr'><strong>Corpus</strong></span> <span class='ocrx_word' id='word_1_606' title='bbox 3610 1928 3784 1999; x_wconf 70' lang='lat' dir='ltr'><strong>quidem</strong></span> 
     </span>
    </p>
   </div>
   <div class='ocr_carea' id='block_1_81' title="bbox 2232 2016 3783 2094">
    <p class='ocr_par' dir='ltr' id='par_1_81' title="bbox 2232 2016 3783 2094">
     <span class='ocr_line' id='line_1_81' title="bbox 2232 2016 3783 2094; baseline -0.001 -18"><span class='ocrx_word' id='word_1_607' title='bbox 2232 2032 2485 2077; x_wconf 85' lang='lat' dir='ltr'><strong>mortuum</strong></span> <span class='ocrx_word' id='word_1_608' title='bbox 2511 2031 2584 2076; x_wconf 87' lang='lat' dir='ltr'><strong>est</strong></span> <span class='ocrx_word' id='word_1_609' title='bbox 2626 2016 2831 2094; x_wconf 76' lang='lat' dir='ltr'><strong>propter</strong></span> <span class='ocrx_word' id='word_1_610' title='bbox 2860 2030 3152 2093; x_wconf 84' lang='lat' dir='ltr'><strong>peccatum;</strong></span> <span class='ocrx_word' id='word_1_611' title='bbox 3196 2020 3442 2091; x_wconf 83' lang='lat' dir='ltr'><strong>profecto</strong></span> <span class='ocrx_word' id='word_1_612' title='bbox 3487 2020 3783 2090; x_wconf 81' lang='lat' dir='ltr'><strong>intelligeres</strong></span> 
     </span>
    </p>
   </div>
   <div class='ocr_carea' id='block_1_82' title="bbox 2233 2110 3785 2183">
    <p class='ocr_par' dir='ltr' id='par_1_82' title="bbox 2233 2110 3785 2183">
     <span class='ocr_line' id='line_1_82' title="bbox 2233 2110 3785 2183; baseline -0.001 -16"><span class='ocrx_word' id='word_1_613' title='bbox 2233 2121 2340 2167; x_wconf 91' lang='lat' dir='ltr'><strong>tam</strong></span> <span class='ocrx_word' id='word_1_614' title='bbox 2364 2112 2635 2183; x_wconf 85' lang='lat' dir='ltr'><strong>granditer</strong></span> <span class='ocrx_word' id='word_1_615' title='bbox 2662 2127 2909 2182; x_wconf 87' lang='lat' dir='ltr'><strong>peccasse</strong></span> <span class='ocrx_word' id='word_1_616' title='bbox 2935 2113 3161 2182; x_wconf 88' lang='lat' dir='ltr'><strong>primum</strong></span> <span class='ocrx_word' id='word_1_617' title='bbox 3185 2110 3484 2178; x_wconf 89' lang='lat' dir='ltr'><strong>hominem,</strong></span> <span class='ocrx_word' id='word_1_618' title='bbox 3516 2120 3570 2166; x_wconf 91' lang='lat' dir='ltr'><strong>ut</strong></span> <span class='ocrx_word' id='word_1_619' title='bbox 3595 2125 3655 2165; x_wconf 89' lang='lat' dir='ltr'><strong>eo</strong></span> <span class='ocrx_word' id='word_1_620' title='bbox 3680 2124 3785 2180; x_wconf 86' lang='lat' dir='ltr'><strong>pec-</strong></span> 
     </span>
    </p>
   </div>
   <div class='ocr_carea' id='block_1_83' title="bbox 2230 2198 3790 2274">
    <p class='ocr_par' dir='ltr' id='par_1_83' title="bbox 2230 2198 3790 2274">
     <span class='ocr_line' id='line_1_83' title="bbox 2230 2198 3790 2274; baseline -0.003 -13"><span class='ocrx_word' id='word_1_621' title='bbox 2230 2215 2368 2270; x_wconf 91' lang='lat' dir='ltr'><strong>cato,</strong></span> <span class='ocrx_word' id='word_1_622' title='bbox 2401 2216 2505 2260; x_wconf 81' lang='lat' dir='ltr'><strong>nan</strong></span> <span class='ocrx_word' id='word_1_623' title='bbox 2550 2205 2706 2261; x_wconf 88' lang='lat' dir='ltr'><strong>unius</strong></span> <span class='ocrx_word' id='word_1_624' title='bbox 2732 2205 2982 2272; x_wconf 90' lang='lat' dir='ltr'><strong>hominis,</strong></span> <span class='ocrx_word' id='word_1_625' title='bbox 3013 2204 3108 2259; x_wconf 90' lang='lat' dir='ltr'><strong>sed</strong></span> <span class='ocrx_word' id='word_1_626' title='bbox 3149 2204 3318 2259; x_wconf 90' lang='lat' dir='ltr'><strong>totius</strong></span> <span class='ocrx_word' id='word_1_627' title='bbox 3346 2202 3560 2274; x_wconf 83' lang='lat' dir='ltr'><strong>generis</strong></span> <span class='ocrx_word' id='word_1_628' title='bbox 3598 2198 3790 2257; x_wconf 82' lang='lat' dir='ltr'><strong>humani</strong></span> 
     </span>
    </p>
   </div>
   <div class='ocr_carea' id='block_1_84' title="bbox 2231 2292 3791 2368">
    <p class='ocr_par' dir='ltr' id='par_1_84' title="bbox 2231 2292 3791 2368">
     <span class='ocr_line' id='line_1_84' title="bbox 2231 2292 3791 2368; baseline -0.003 -15"><span class='ocrx_word' id='word_1_629' title='bbox 2231 2308 2430 2353; x_wconf 89' lang='lat' dir='ltr'><strong>mutata</strong></span> <span class='ocrx_word' id='word_1_630' title='bbox 2472 2308 2656 2353; x_wconf 90' lang='lat' dir='ltr'><strong>natura</strong></span> <span class='ocrx_word' id='word_1_631' title='bbox 2701 2314 2767 2353; x_wconf 87' lang='lat' dir='ltr'><strong>ex</strong></span> <span class='ocrx_word' id='word_1_632' title='bbox 2807 2296 3156 2368; x_wconf 87' lang='lat' dir='ltr'><strong>possibilitate</strong></span> <span class='ocrx_word' id='word_1_633' title='bbox 3195 2295 3612 2350; x_wconf 87' lang='lat' dir='ltr'><strong>immortalitatis</strong></span> <span class='ocrx_word' id='word_1_634' title='bbox 3637 2292 3686 2348; x_wconf 91' lang='lat' dir='ltr'><strong>in</strong></span> <span class='ocrx_word' id='word_1_635' title='bbox 3708 2302 3791 2349; x_wconf 81' lang='lat' dir='ltr'><strong>nc-</strong></span> 
     </span>
    </p>
   </div>
   <div class='ocr_carea' id='block_1_85' title="bbox 2229 2386 3792 2461">
    <p class='ocr_par' dir='ltr' id='par_1_85' title="bbox 2229 2386 3792 2461">
     <span class='ocr_line' id='line_1_85' title="bbox 2229 2386 3792 2461; baseline -0.004 -13"><span class='ocrx_word' id='word_1_636' title='bbox 2229 2392 2530 2448; x_wconf 84' lang='lat' dir='ltr'><strong>ecssitatem</strong></span> <span class='ocrx_word' id='word_1_637' title='bbox 2557 2391 2741 2447; x_wconf 88' lang='lat' dir='ltr'><strong>mortis</strong></span> <span class='ocrx_word' id='word_1_638' title='bbox 2773 2391 2917 2461; x_wconf 85' lang='lat' dir='ltr'><strong>lapsa</strong></span> <span class='ocrx_word' id='word_1_639' title='bbox 2949 2390 3209 2446; x_wconf 89' lang='lat' dir='ltr'><strong>corruerit</strong></span> <span class='ocrx_word' id='word_1_640' title='bbox 3237 2407 3255 2444; x_wconf 76' lang='grc' dir='ltr'><strong>ε</strong></span> <span class='ocrx_word' id='word_1_641' title='bbox 3310 2390 3381 2445; x_wconf 89' lang='lat' dir='ltr'><strong>ita</strong></span> <span class='ocrx_word' id='word_1_642' title='bbox 3411 2398 3469 2444; x_wconf 91' lang='lat' dir='ltr'><strong>ut</strong></span> <span class='ocrx_word' id='word_1_643' title='bbox 3496 2387 3648 2444; x_wconf 85' lang='lat' dir='ltr'><strong>etiam</strong></span> <span class='ocrx_word' id='word_1_644' title='bbox 3677 2389 3693 2419; x_wconf 85' lang='grc'>¹</span> <span class='ocrx_word' id='word_1_645' title='bbox 3715 2386 3792 2458; x_wconf 88' lang='lat' dir='ltr'><strong>qui</strong></span> 
     </span>
    </p>
   </div>
   <div class='ocr_carea' id='block_1_86' title="bbox 2228 2474 3791 2549">
    <p class='ocr_par' dir='ltr' id='par_1_86' title="bbox 2228 2474 3791 2549">
     <span class='ocr_line' id='line_1_86' title="bbox 2228 2474 3791 2549; baseline -0.006 -12"><span class='ocrx_word' id='word_1_646' title='bbox 2228 2488 2614 2537; x_wconf 84' lang='lat' dir='ltr'><strong>ceuvertuntur</strong></span> <span class='ocrx_word' id='word_1_647' title='bbox 2640 2480 2706 2535; x_wconf 90' lang='lat' dir='ltr'><strong>ad</strong></span> <span class='ocrx_word' id='word_1_648' title='bbox 2733 2474 2922 2545; x_wconf 84' lang='lat' dir='ltr'><strong>Deum,</strong></span> <span class='ocrx_word' id='word_1_649' title='bbox 2972 2494 3066 2549; x_wconf 91' lang='lat' dir='ltr'><strong>per</strong></span> <span class='ocrx_word' id='word_1_650' title='bbox 3111 2484 3280 2533; x_wconf 84' lang='lat' dir='ltr'><strong>undm</strong></span> <span class='ocrx_word' id='word_1_651' title='bbox 3324 2478 3420 2533; x_wconf 89' lang='lat' dir='ltr'><strong>Dei</strong></span> <span class='ocrx_word' id='word_1_652' title='bbox 3463 2486 3517 2533; x_wconf 90' lang='lat' dir='ltr'><strong>et</strong></span> <span class='ocrx_word' id='word_1_653' title='bbox 3545 2475 3791 2531; x_wconf 83' lang='lat' dir='ltr'><strong>hominum</strong></span> 
     </span>
    </p>
   </div>
   <div class='ocr_carea' id='block_1_87' title="bbox 2229 2563 3794 2633">
    <p class='ocr_par' dir='ltr' id='par_1_87' title="bbox 2229 2563 3794 2633">
     <span class='ocr_line' id='line_1_87' title="bbox 2229 2563 3794 2633; baseline -0.003 -8"><span class='ocrx_word' id='word_1_654' title='bbox 2229 2570 2575 2627; x_wconf 87' lang='lat' dir='ltr'><strong>mediatorem</strong></span> <span class='ocrx_word' id='word_1_655' title='bbox 2605 2563 2873 2626; x_wconf 88' lang='lat' dir='ltr'><strong>hominem</strong></span> <span class='ocrx_word' id='word_1_656' title='bbox 2891 2564 3157 2625; x_wconf 87' lang='lat' dir='ltr'><strong>Christum</strong></span> <span class='ocrx_word' id='word_1_657' title='bbox 3187 2567 3406 2633; x_wconf 80' lang='lat' dir='ltr'><strong>Jcsum,</strong></span> <span class='ocrx_word' id='word_1_658' title='bbox 3436 2584 3540 2624; x_wconf 93' lang='lat' dir='ltr'><strong>non</strong></span> <span class='ocrx_word' id='word_1_659' title='bbox 3569 2565 3794 2623; x_wconf 86' lang='lat' dir='ltr'><strong>continuo</strong></span> 
     </span>
    </p>
   </div>
   <div class='ocr_carea' id='block_1_88' title="bbox 2217 2658 3795 2737">
    <p class='ocr_par' dir='ltr' id='par_1_88' title="bbox 2217 2658 3795 2737">
     <span class='ocr_line' id='line_1_88' title="bbox 2217 2658 3795 2737; baseline -0.004 -19"><span class='ocrx_word' id='word_1_660' title='bbox 2217 2661 2679 2737; x_wconf 70' lang='lat' dir='ltr'><strong>immortalitatem</strong></span> <span class='ocrx_word' id='word_1_661' title='bbox 2724 2662 2969 2731; x_wconf 90' lang='lat' dir='ltr'><strong>corporis</strong></span> <span class='ocrx_word' id='word_1_662' title='bbox 3016 2665 3265 2728; x_wconf 87' lang='lat' dir='ltr'><strong>sumant;</strong></span> <span class='ocrx_word' id='word_1_663' title='bbox 3297 2658 3395 2717; x_wconf 87' lang='lat' dir='ltr'><strong>sed</strong></span> <span class='ocrx_word' id='word_1_664' title='bbox 3422 2661 3502 2717; x_wconf 89' lang='lat' dir='ltr'><strong>eis</strong></span> <span class='ocrx_word' id='word_1_665' title='bbox 3530 2675 3621 2731; x_wconf 87' lang='lat' dir='ltr'><strong>per</strong></span> <span class='ocrx_word' id='word_1_666' title='bbox 3645 2658 3795 2729; x_wconf 78' lang='lat' dir='ltr'><strong>Spiri-</strong></span> 
     </span>
    </p>
   </div>
   <div class='ocr_carea' id='block_1_89' title="bbox 2228 2751 3797 2823">
    <p class='ocr_par' dir='ltr' id='par_1_89' title="bbox 2228 2751 3797 2823">
     <span class='ocr_line' id='line_1_89' title="bbox 2228 2751 3797 2823; baseline -0.002 -16"><span class='ocrx_word' id='word_1_667' title='bbox 2228 2760 2340 2808; x_wconf 92' lang='lat' dir='ltr'><strong>tum</strong></span> <span class='ocrx_word' id='word_1_668' title='bbox 2372 2751 2485 2818; x_wconf 91' lang='lat' dir='ltr'><strong>Dei,</strong></span> <span class='ocrx_word' id='word_1_669' title='bbox 2528 2755 2635 2823; x_wconf 89' lang='lat' dir='ltr'><strong>quo</strong></span> <span class='ocrx_word' id='word_1_670' title='bbox 2660 2766 2798 2807; x_wconf 92' lang='lat' dir='ltr'><strong>nunc</strong></span> <span class='ocrx_word' id='word_1_671' title='bbox 2836 2751 3221 2820; x_wconf 89' lang='lat' dir='ltr'><strong>inhabitantnr,</strong></span> <span class='ocrx_word' id='word_1_672' title='bbox 3249 2752 3430 2807; x_wconf 86' lang='lat' dir='ltr'><strong>danda</strong></span> <span class='ocrx_word' id='word_1_673' title='bbox 3459 2761 3636 2821; x_wconf 90' lang='lat' dir='ltr'><strong>postea</strong></span> <span class='ocrx_word' id='word_1_674' title='bbox 3676 2760 3797 2804; x_wconf 88' lang='lat' dir='ltr'><strong>nunc</strong></span> 
     </span>
    </p>
   </div>
   <div class='ocr_carea' id='block_1_90' title="bbox 2225 2842 3798 2918">
    <p class='ocr_par' dir='ltr' id='par_1_90' title="bbox 2225 2842 3798 2918">
     <span class='ocr_line' id='line_1_90' title="bbox 2225 2842 3798 2918; baseline -0.003 -19"><span class='ocrx_word' id='word_1_675' title='bbox 2225 2845 2583 2918; x_wconf 87' lang='lat' dir='ltr'><strong>promittatur.</strong></span> <span class='ocrx_word' id='word_1_676' title='bbox 2615 2843 2766 2912; x_wconf 82' lang='lat' dir='ltr'><strong>Quod</strong></span> <span class='ocrx_word' id='word_1_677' title='bbox 2798 2843 2937 2898; x_wconf 88' lang='lat' dir='ltr'><strong>idem</strong></span> <span class='ocrx_word' id='word_1_678' title='bbox 2961 2843 3242 2914; x_wconf 89' lang='lat' dir='ltr'><strong>apostolus</strong></span> <span class='ocrx_word' id='word_1_679' title='bbox 3273 2843 3470 2899; x_wconf 89' lang='lat' dir='ltr'><strong>eodem</strong></span> <span class='ocrx_word' id='word_1_680' title='bbox 3497 2843 3613 2897; x_wconf 89' lang='lat' dir='ltr'><strong>loco</strong></span> <span class='ocrx_word' id='word_1_681' title='bbox 3634 2842 3704 2896; x_wconf 89' lang='lat' dir='ltr'><strong>sic</strong></span> <span class='ocrx_word' id='word_1_682' title='bbox 3724 2850 3798 2896; x_wconf 83' lang='lat' dir='ltr'><strong>ex-</strong></span> 
     </span>
    </p>
   </div>
   <div class='ocr_carea' id='block_1_91' title="bbox 2227 2924 3799 3008">
    <p class='ocr_par' dir='ltr' id='par_1_91' title="bbox 2227 2924 3799 3008">
     <span class='ocr_line' id='line_1_91' title="bbox 2227 2924 3799 3008; baseline -0.003 -19"><span class='ocrx_word' id='word_1_683' title='bbox 2227 2937 2387 3008; x_wconf 87' lang='lat' dir='ltr'><strong>plicat</strong></span> <span class='ocrx_word' id='word_1_684' title='bbox 2411 2952 2426 2990; x_wconf 92' lang='lat'><strong>:</strong></span> <span class='ocrx_word' id='word_1_685' title='bbox 2460 2935 2521 2991; x_wconf 96' lang='lat' dir='ltr'><strong>Si</strong></span> <span class='ocrx_word' id='word_1_686' title='bbox 2548 2936 2677 3006; x_wconf 82' lang='lat' dir='ltr'><strong>quis,</strong></span> <span class='ocrx_word' id='word_1_687' title='bbox 2706 2934 2894 3005; x_wconf 83' lang='lat' dir='ltr'><strong>inquit,</strong></span> <span class='ocrx_word' id='word_1_688' title='bbox 2920 2928 3172 3006; x_wconf 77' lang='lat' dir='ltr'><strong>Spiritum</strong></span> <span class='ocrx_word' id='word_1_689' title='bbox 3197 2934 3399 2990; x_wconf 75' lang='lat' dir='ltr'><strong>Citriin</strong></span> <span class='ocrx_word' id='word_1_690' title='bbox 3427 2951 3527 2989; x_wconf 84' lang='lat' dir='ltr'><strong>non</strong></span> <span class='ocrx_word' id='word_1_691' title='bbox 3550 2934 3703 2997; x_wconf 86' lang='lat' dir='ltr'><strong>habet,</strong></span> <span class='ocrx_word' id='word_1_692' title='bbox 3731 2924 3799 2985; x_wconf 79' lang='lat' dir='ltr'><strong>hic</strong></span> 
     </span>
    </p>
   </div>
   <div class='ocr_carea' id='block_1_92' title="bbox 2225 3021 3799 3101">
    <p class='ocr_par' dir='ltr' id='par_1_92' title="bbox 2225 3021 3799 3101">
     <span class='ocr_line' id='line_1_92' title="bbox 2225 3021 3799 3101; baseline -0.004 -18"><span class='ocrx_word' id='word_1_693' title='bbox 2225 3046 2327 3083; x_wconf 81' lang='lat' dir='ltr'><strong>non</strong></span> <span class='ocrx_word' id='word_1_694' title='bbox 2355 3038 2425 3083; x_wconf 89' lang='lat' dir='ltr'><strong>est</strong></span> <span class='ocrx_word' id='word_1_695' title='bbox 2450 3022 2578 3101; x_wconf 82' lang='lat' dir='ltr'><strong>ejus.</strong></span> <span class='ocrx_word' id='word_1_696' title='bbox 2624 3021 2687 3082; x_wconf 86' lang='lat' dir='ltr'><strong>Si</strong></span> <span class='ocrx_word' id='word_1_697' title='bbox 2726 3035 2894 3081; x_wconf 87' lang='lat' dir='ltr'><strong>autem</strong></span> <span class='ocrx_word' id='word_1_698' title='bbox 2937 3025 3167 3081; x_wconf 83' lang='lat' dir='ltr'><strong>Christus</strong></span> <span class='ocrx_word' id='word_1_699' title='bbox 3204 3027 3267 3081; x_wconf 82' lang='lat' dir='ltr'><strong>in</strong></span> <span class='ocrx_word' id='word_1_700' title='bbox 3313 3027 3456 3081; x_wconf 84' lang='lat' dir='ltr'><strong>vobis</strong></span> <span class='ocrx_word' id='word_1_701' title='bbox 3495 3035 3586 3090; x_wconf 86' lang='lat' dir='ltr'><strong>est,</strong></span> <span class='ocrx_word' id='word_1_702' title='bbox 3634 3038 3799 3092; x_wconf 74' lang='lat' dir='ltr'><strong>corpus</strong></span> 
     </span>
    </p>
   </div>
   <div class='ocr_carea' id='block_1_93' title="bbox 2225 3116 3803 3188">
    <p class='ocr_par' dir='ltr' id='par_1_93' title="bbox 2225 3116 3803 3188">
     <span class='ocr_line' id='line_1_93' title="bbox 2225 3116 3803 3188; baseline -0.004 -15"><span class='ocrx_word' id='word_1_703' title='bbox 2225 3118 2427 3188; x_wconf 83' lang='lat' dir='ltr'><strong>quidem</strong></span> <span class='ocrx_word' id='word_1_704' title='bbox 2462 3126 2718 3172; x_wconf 84' lang='lat' dir='ltr'><strong>mortuum</strong></span> <span class='ocrx_word' id='word_1_705' title='bbox 2755 3128 2826 3171; x_wconf 83' lang='lat' dir='ltr'><strong>est</strong></span> <span class='ocrx_word' id='word_1_706' title='bbox 2852 3127 3059 3188; x_wconf 85' lang='lat' dir='ltr'><strong>propter</strong></span> <span class='ocrx_word' id='word_1_707' title='bbox 3088 3127 3385 3188; x_wconf 82' lang='lat' dir='ltr'><strong>peccatum,</strong></span> <span class='ocrx_word' id='word_1_708' title='bbox 3417 3116 3623 3188; x_wconf 84' lang='lat' dir='ltr'><strong>spiritus</strong></span> <span class='ocrx_word' id='word_1_709' title='bbox 3655 3122 3803 3168; x_wconf 86' lang='lat' dir='ltr'><strong>autem</strong></span> 
     </span>
    </p>
   </div>
   <div class='ocr_carea' id='block_1_94' title="bbox 2225 3203 3805 3282">
    <p class='ocr_par' dir='ltr' id='par_1_94' title="bbox 2225 3203 3805 3282">
     <span class='ocr_line' id='line_1_94' title="bbox 2225 3203 3805 3282; baseline -0.006 -16"><span class='ocrx_word' id='word_1_710' title='bbox 2225 3212 2327 3266; x_wconf 80' lang='lat' dir='ltr'><strong>vita</strong></span> <span class='ocrx_word' id='word_1_711' title='bbox 2341 3222 2414 3266; x_wconf 87' lang='lat' dir='ltr'><strong>est</strong></span> <span class='ocrx_word' id='word_1_712' title='bbox 2433 3209 2635 3281; x_wconf 86' lang='lat' dir='ltr'><strong>prapler</strong></span> <span class='ocrx_word' id='word_1_713' title='bbox 2638 3203 2915 3282; x_wconf 83' lang='lat' dir='ltr'><strong>justitiam.</strong></span> <span class='ocrx_word' id='word_1_714' title='bbox 2940 3210 2999 3265; x_wconf 89' lang='lat' dir='ltr'><strong>Si</strong></span> <span class='ocrx_word' id='word_1_715' title='bbox 3019 3227 3137 3282; x_wconf 83' lang='lat' dir='ltr'><strong>ergo</strong></span> <span class='ocrx_word' id='word_1_716' title='bbox 3159 3209 3399 3281; x_wconf 85' lang='lat' dir='ltr'><strong>Spiritus</strong></span> <span class='ocrx_word' id='word_1_717' title='bbox 3425 3210 3537 3281; x_wconf 70' lang='lat' dir='ltr'><strong>ejus</strong></span> <span class='ocrx_word' id='word_1_718' title='bbox 3565 3208 3647 3280; x_wconf 86' lang='lat' dir='ltr'><strong>qui</strong></span> <span class='ocrx_word' id='word_1_719' title='bbox 3664 3205 3805 3262; x_wconf 83' lang='lat' dir='ltr'><strong>susci-</strong></span> 
     </span>
    </p>
   </div>
   <div class='ocr_carea' id='block_1_95' title="bbox 2214 3291 3804 3372">
    <p class='ocr_par' dir='ltr' id='par_1_95' title="bbox 2214 3291 3804 3372">
     <span class='ocr_line' id='line_1_95' title="bbox 2214 3291 3804 3372; baseline -0.006 -13"><span class='ocrx_word' id='word_1_720' title='bbox 2214 3305 2346 3371; x_wconf 76' lang='lat' dir='ltr'><strong>tavit</strong></span> <span class='ocrx_word' id='word_1_721' title='bbox 2380 3304 2554 3358; x_wconf 84' lang='lat' dir='ltr'><strong>Jesum</strong></span> <span class='ocrx_word' id='word_1_722' title='bbox 2577 3320 2642 3358; x_wconf 75' lang='lat' dir='ltr'><strong>ea:</strong></span> <span class='ocrx_word' id='word_1_723' title='bbox 2665 3303 2874 3357; x_wconf 86' lang='lat' dir='ltr'><strong>mortuis</strong></span> <span class='ocrx_word' id='word_1_724' title='bbox 2892 3343 2907 3368; x_wconf 91' lang='lat'><strong>,</strong></span> <span class='ocrx_word' id='word_1_725' title='bbox 2938 3300 3130 3356; x_wconf 81' lang='lat' dir='ltr'><strong>habitat</strong></span> <span class='ocrx_word' id='word_1_726' title='bbox 3158 3294 3211 3356; x_wconf 84' lang='lat' dir='ltr'><strong>in</strong></span> <span class='ocrx_word' id='word_1_727' title='bbox 3249 3294 3431 3366; x_wconf 82' lang='lat' dir='ltr'><strong>vobis;</strong></span> <span class='ocrx_word' id='word_1_728' title='bbox 3459 3302 3545 3372; x_wconf 81' lang='lat' dir='ltr'><strong>qui</strong></span> <span class='ocrx_word' id='word_1_729' title='bbox 3567 3291 3804 3355; x_wconf 78' lang='lat' dir='ltr'><strong>suscitavit</strong></span> 
     </span>
    </p>
   </div>
   <div class='ocr_carea' id='block_1_96' title="bbox 2229 3390 3809 3461">
    <p class='ocr_par' dir='ltr' id='par_1_96' title="bbox 2229 3390 3809 3461">
     <span class='ocr_line' id='line_1_96' title="bbox 2229 3390 3809 3461; baseline -0.005 -12"><span class='ocrx_word' id='word_1_730' title='bbox 2229 3393 2408 3449; x_wconf 74' lang='lat' dir='ltr'><strong>Iesum</strong></span> <span class='ocrx_word' id='word_1_731' title='bbox 2443 3390 2701 3449; x_wconf 86' lang='lat' dir='ltr'><strong>Christum</strong></span> <span class='ocrx_word' id='word_1_732' title='bbox 2734 3411 2766 3447; x_wconf 93' lang='lat' dir='ltr'><strong>a</strong></span> <span class='ocrx_word' id='word_1_733' title='bbox 2800 3394 3032 3459; x_wconf 80' lang='lat' dir='ltr'><strong>mortuis,</strong></span> <span class='ocrx_word' id='word_1_734' title='bbox 3064 3391 3344 3461; x_wconf 79' lang='lat' dir='ltr'><strong>riri/icabit</strong></span> <span class='ocrx_word' id='word_1_735' title='bbox 3382 3401 3433 3447; x_wconf 85' lang='lat' dir='ltr'><strong>et</strong></span> <span class='ocrx_word' id='word_1_736' title='bbox 3460 3390 3690 3445; x_wconf 82' lang='lat' dir='ltr'><strong>mortalia</strong></span> <span class='ocrx_word' id='word_1_737' title='bbox 3709 3404 3809 3442; x_wconf 85' lang='lat' dir='ltr'><strong>cor-</strong></span> 
     </span>
    </p>
   </div>
   <div class='ocr_carea' id='block_1_97' title="bbox 2226 3472 3810 3556">
    <p class='ocr_par' dir='ltr' id='par_1_97' title="bbox 2226 3472 3810 3556">
     <span class='ocr_line' id='line_1_97' title="bbox 2226 3472 3810 3556; baseline -0.006 -16"><span class='ocrx_word' id='word_1_738' title='bbox 2226 3502 2353 3556; x_wconf 81' lang='lat' dir='ltr'><strong>pora</strong></span> <span class='ocrx_word' id='word_1_739' title='bbox 2396 3495 2559 3540; x_wconf 77' lang='lat' dir='ltr'><strong>vestra</strong></span> <span class='ocrx_word' id='word_1_740' title='bbox 2601 3501 2691 3555; x_wconf 87' lang='lat' dir='ltr'><strong>per</strong></span> <span class='ocrx_word' id='word_1_741' title='bbox 2734 3478 3093 3538; x_wconf 80' lang='lat' dir='ltr'><strong>inhabitautcm</strong></span> <span class='ocrx_word' id='word_1_742' title='bbox 3133 3472 3400 3552; x_wconf 82' lang='lat' dir='ltr'><strong>Spiritum</strong></span> <span class='ocrx_word' id='word_1_743' title='bbox 3439 3483 3555 3553; x_wconf 80' lang='lat' dir='ltr'><strong>eius</strong></span> <span class='ocrx_word' id='word_1_744' title='bbox 3599 3481 3651 3536; x_wconf 86' lang='lat' dir='ltr'><strong>in</strong></span> <span class='ocrx_word' id='word_1_745' title='bbox 3689 3477 3810 3533; x_wconf 72' lang='lat' dir='ltr'><strong>vobis</strong></span> 
     </span>
    </p>
   </div>
   <div class='ocr_carea' id='block_1_98' title="bbox 2227 3568 3811 3648">
    <p class='ocr_par' dir='ltr' id='par_1_98' title="bbox 2227 3568 3811 3648">
     <span class='ocr_line' id='line_1_98' title="bbox 2227 3568 3811 3648; baseline -0.004 -19"><span class='ocrx_word' id='word_1_746' title='bbox 2227 3568 2405 3647; x_wconf 83' lang='lat' dir='ltr'><strong>(Rom.</strong></span> <span class='ocrx_word' id='word_1_747' title='bbox 2432 3591 2545 3641; x_wconf 89' lang='lat' dir='ltr'><strong>vut,</strong></span> <span class='ocrx_word' id='word_1_748' title='bbox 2576 3576 2661 3631; x_wconf 71' lang='lat'><strong>9-1</strong></span> <span class='ocrx_word' id='word_1_749' title='bbox 2678 3572 2749 3648; x_wconf 89' lang='lat' dir='ltr'><strong>l).</strong></span> <span class='ocrx_word' id='word_1_750' title='bbox 2776 3574 2988 3643; x_wconf 90' lang='lat' dir='ltr'><strong>Corpus</strong></span> <span class='ocrx_word' id='word_1_751' title='bbox 3012 3589 3139 3644; x_wconf 88' lang='lat' dir='ltr'><strong>ergo</strong></span> <span class='ocrx_word' id='word_1_752' title='bbox 3178 3584 3467 3627; x_wconf 87' lang='lat' dir='ltr'><strong>mortuum</strong></span> <span class='ocrx_word' id='word_1_753' title='bbox 3506 3582 3589 3627; x_wconf 84' lang='lat' dir='ltr'><strong>est</strong></span> <span class='ocrx_word' id='word_1_754' title='bbox 3615 3577 3811 3642; x_wconf 89' lang='lat' dir='ltr'><strong>propter</strong></span> 
     </span>
    </p>
   </div>
   <div class='ocr_carea' id='block_1_99' title="bbox 2226 3657 3813 3735">
    <p class='ocr_par' dir='ltr' id='par_1_99' title="bbox 2226 3657 3813 3735">
     <span class='ocr_line' id='line_1_99' title="bbox 2226 3657 3813 3735; baseline -0.005 -17"><span class='ocrx_word' id='word_1_755' title='bbox 2226 3675 2532 3735; x_wconf 89' lang='lat' dir='ltr'><strong>peccatum;</strong></span> <span class='ocrx_word' id='word_1_756' title='bbox 2559 3665 2808 3735; x_wconf 86' lang='lat' dir='ltr'><strong>quoniam</strong></span> <span class='ocrx_word' id='word_1_757' title='bbox 2829 3663 3215 3733; x_wconf 87' lang='lat' dir='ltr'><strong>necessitatem</strong></span> <span class='ocrx_word' id='word_1_758' title='bbox 3249 3664 3452 3717; x_wconf 78' lang='lat' dir='ltr'><strong>martis</strong></span> <span class='ocrx_word' id='word_1_759' title='bbox 3480 3662 3640 3717; x_wconf 89' lang='lat' dir='ltr'><strong>etiam</strong></span> <span class='ocrx_word' id='word_1_760' title='bbox 3668 3662 3718 3714; x_wconf 90' lang='lat' dir='ltr'><strong>in</strong></span> <span class='ocrx_word' id='word_1_761' title='bbox 3743 3657 3813 3711; x_wconf 84' lang='lat' dir='ltr'><strong>vi-</strong></span> 
     </span>
    </p>
   </div>
   <div class='ocr_carea' id='block_1_100' title="bbox 2208 3740 3817 3825">
    <p class='ocr_par' dir='ltr' id='par_1_100' title="bbox 2208 3740 3817 3825">
     <span class='ocr_line' id='line_1_100' title="bbox 2208 3740 3817 3825; baseline -0.006 -15"><span class='ocrx_word' id='word_1_762' title='bbox 2208 3740 2472 3811; x_wconf 72' lang='lat' dir='ltr'><strong>ventibus</strong></span> <span class='ocrx_word' id='word_1_763' title='bbox 2499 3754 2677 3810; x_wconf 85' lang='lat' dir='ltr'><strong>habet.</strong></span> <span class='ocrx_word' id='word_1_764' title='bbox 2704 3754 2855 3823; x_wconf 86' lang='lat' dir='ltr'><strong>Quod</strong></span> <span class='ocrx_word' id='word_1_765' title='bbox 2885 3762 3061 3825; x_wconf 82' lang='lat' dir='ltr'><strong>autem</strong></span> <span class='ocrx_word' id='word_1_766' title='bbox 3090 3763 3405 3825; x_wconf 85' lang='lat' dir='ltr'><strong>peccatum,</strong></span> <span class='ocrx_word' id='word_1_767' title='bbox 3432 3754 3535 3809; x_wconf 89' lang='lat' dir='ltr'><strong>nisi</strong></span> <span class='ocrx_word' id='word_1_768' title='bbox 3556 3751 3707 3823; x_wconf 86' lang='lat' dir='ltr'><strong>primi</strong></span> <span class='ocrx_word' id='word_1_769' title='bbox 3735 3749 3817 3802; x_wconf 83' lang='lat' dir='ltr'><strong>ho-</strong></span> 
     </span>
    </p>
   </div>
   <div class='ocr_carea' id='block_1_101' title="bbox 2227 3841 3814 3917">
    <p class='ocr_par' dir='ltr' id='par_1_101' title="bbox 2227 3841 3814 3917">
     <span class='ocr_line' id='line_1_101' title="bbox 2227 3841 3814 3917; baseline -0.006 -14"><span class='ocrx_word' id='word_1_770' title='bbox 2227 3848 2425 3904; x_wconf 85' lang='lat' dir='ltr'><strong>minis?</strong></span> <span class='ocrx_word' id='word_1_771' title='bbox 2448 3846 2884 3917; x_wconf 86' lang='lat' dir='ltr'><strong>Quandoquidem</strong></span> <span class='ocrx_word' id='word_1_772' title='bbox 2908 3862 3001 3917; x_wconf 49' lang='lat' dir='ltr'><strong>per</strong></span> <span class='ocrx_word' id='word_1_773' title='bbox 3021 3847 3287 3915; x_wconf 88' lang='lat' dir='ltr'><strong>justitiam</strong></span> <span class='ocrx_word' id='word_1_774' title='bbox 3316 3846 3550 3903; x_wconf 76' lang='lat' dir='ltr'><strong>secundi</strong></span> <span class='ocrx_word' id='word_1_775' title='bbox 3578 3841 3814 3908; x_wconf 80' lang='lat' dir='ltr'><strong>ltom&#39;nis,</strong></span> 
     </span>
    </p>
   </div>
   <div class='ocr_carea' id='block_1_102' title="bbox 2228 3930 3818 4007">
    <p class='ocr_par' dir='ltr' id='par_1_102' title="bbox 2228 3930 3818 4007">
     <span class='ocr_line' id='line_1_102' title="bbox 2228 3930 3818 4007; baseline -0.007 -11"><span class='ocrx_word' id='word_1_776' title='bbox 2228 3932 2281 3996; x_wconf 87' lang='lat' dir='ltr'><strong>id</strong></span> <span class='ocrx_word' id='word_1_777' title='bbox 2332 3950 2416 3995; x_wconf 88' lang='lat' dir='ltr'><strong>est</strong></span> <span class='ocrx_word' id='word_1_778' title='bbox 2458 3930 2679 4005; x_wconf 86' lang='lat' dir='ltr'><strong>Christi,</strong></span> <span class='ocrx_word' id='word_1_779' title='bbox 2719 3939 2892 3992; x_wconf 88' lang='lat' dir='ltr'><strong>eidem</strong></span> <span class='ocrx_word' id='word_1_780' title='bbox 2934 3936 3146 4007; x_wconf 85' lang='lat' dir='ltr'><strong>corpori</strong></span> <span class='ocrx_word' id='word_1_781' title='bbox 3178 3938 3331 4007; x_wconf 77' lang='lat' dir='ltr'><strong>quod</strong></span> <span class='ocrx_word' id='word_1_782' title='bbox 3380 3951 3530 3994; x_wconf 88' lang='lat' dir='ltr'><strong>nunc</strong></span> <span class='ocrx_word' id='word_1_783' title='bbox 3568 3943 3818 3993; x_wconf 86' lang='lat' dir='ltr'><strong>mortuum</strong></span> 
     </span>
    </p>
   </div>
   <div class='ocr_carea' id='block_1_103' title="bbox 2226 4027 3820 4095">
    <p class='ocr_par' dir='ltr' id='par_1_103' title="bbox 2226 4027 3820 4095">
     <span class='ocr_line' id='line_1_103' title="bbox 2226 4027 3820 4095; baseline -0.005 -10"><span class='ocrx_word' id='word_1_784' title='bbox 2226 4030 2441 4095; x_wconf 90' lang='lat' dir='ltr'><strong>dicitur,</strong></span> <span class='ocrx_word' id='word_1_785' title='bbox 2468 4029 2747 4084; x_wconf 87' lang='lat' dir='ltr'><strong>vivilicatio</strong></span> <span class='ocrx_word' id='word_1_786' title='bbox 2778 4030 2927 4084; x_wconf 85' lang='lat' dir='ltr'><strong>beata</strong></span> <span class='ocrx_word' id='word_1_787' title='bbox 2960 4036 3180 4085; x_wconf 87' lang='lat' dir='ltr'><strong>ventura</strong></span> <span class='ocrx_word' id='word_1_788' title='bbox 3208 4039 3323 4084; x_wconf 90' lang='lat' dir='ltr'><strong>est.</strong></span> <span class='ocrx_word' id='word_1_789' title='bbox 3373 4027 3538 4086; x_wconf 80' lang='lat' dir='ltr'><strong>Unde</strong></span> <span class='ocrx_word' id='word_1_790' title='bbox 3562 4039 3617 4084; x_wconf 91' lang='lat' dir='ltr'><strong>ct</strong></span> <span class='ocrx_word' id='word_1_791' title='bbox 3641 4040 3820 4083; x_wconf 81' lang='lat' dir='ltr'><strong>secon-</strong></span> 
     </span>
    </p>
   </div>
   <div class='ocr_carea' id='block_1_104' title="bbox 2226 4118 3822 4177">
    <p class='ocr_par' dir='ltr' id='par_1_104' title="bbox 2226 4118 3822 4177">
     <span class='ocr_line' id='line_1_104' title="bbox 2226 4118 3822 4177; baseline -0.003 0"><span class='ocrx_word' id='word_1_792' title='bbox 2226 4118 2513 4177; x_wconf 84' lang='lat' dir='ltr'><strong>dus-homo</strong></span> <span class='ocrx_word' id='word_1_793' title='bbox 2537 4130 2592 4177; x_wconf 91' lang='lat' dir='ltr'><strong>et</strong></span> <span class='ocrx_word' id='word_1_794' title='bbox 2616 4118 2878 4177; x_wconf 87' lang='lat' dir='ltr'><strong>secundus</strong></span> <span class='ocrx_word' id='word_1_795' title='bbox 2899 4122 3067 4176; x_wconf 81' lang='lat' dir='ltr'><strong>Adam</strong></span> <span class='ocrx_word' id='word_1_796' title='bbox 3091 4121 3269 4176; x_wconf 86' lang='lat' dir='ltr'><strong>dictus</strong></span> <span class='ocrx_word' id='word_1_797' title='bbox 3294 4132 3386 4177; x_wconf 74' lang='lat' dir='ltr'><strong>est</strong></span> <span class='ocrx_word' id='word_1_798' title='bbox 3406 4122 3658 4177; x_wconf 87' lang='lat' dir='ltr'><strong>Christus</strong></span> <span class='ocrx_word' id='word_1_799' title='bbox 3681 4132 3822 4175; x_wconf 77' lang='lat' dir='ltr'><strong>zeum</strong></span> 
     </span>
    </p>
   </div>
   <div class='ocr_carea' id='block_1_105' title="bbox 2227 4210 3823 4279">
    <p class='ocr_par' dir='ltr' id='par_1_105' title="bbox 2227 4210 3823 4279">
     <span class='ocr_line' id='line_1_105' title="bbox 2227 4210 3823 4279; baseline -0.004 -8"><span class='ocrx_word' id='word_1_800' title='bbox 2227 4214 2367 4271; x_wconf 89' lang='lat' dir='ltr'><strong>inter</strong></span> <span class='ocrx_word' id='word_1_801' title='bbox 2397 4214 2568 4271; x_wconf 82' lang='lat' dir='ltr'><strong>Adam</strong></span> <span class='ocrx_word' id='word_1_802' title='bbox 2608 4213 2875 4270; x_wconf 89' lang='lat' dir='ltr'><strong>hominem</strong></span> <span class='ocrx_word' id='word_1_803' title='bbox 2904 4210 3122 4279; x_wconf 81' lang='lat' dir='ltr'><strong>factum,</strong></span> <span class='ocrx_word' id='word_1_804' title='bbox 3158 4216 3213 4269; x_wconf 78' lang='lat' dir='ltr'><strong>e&#39;t</strong></span> <span class='ocrx_word' id='word_1_805' title='bbox 3247 4215 3540 4271; x_wconf 90' lang='lat' dir='ltr'><strong>Christum</strong></span> <span class='ocrx_word' id='word_1_806' title='bbox 3570 4213 3823 4269; x_wconf 89' lang='lat' dir='ltr'><strong>hominem</strong></span> 
     </span>
    </p>
   </div>
   <div class='ocr_carea' id='block_1_106' title="bbox 2229 4306 3828 4378">
    <p class='ocr_par' dir='ltr' id='par_1_106' title="bbox 2229 4306 3828 4378">
     <span class='ocr_line' id='line_1_106' title="bbox 2229 4306 3828 4378; baseline -0.003 -15"><span class='ocrx_word' id='word_1_807' title='bbox 2229 4318 2433 4376; x_wconf 90' lang='lat' dir='ltr'><strong>natum,</strong></span> <span class='ocrx_word' id='word_1_808' title='bbox 2466 4316 2541 4364; x_wconf 92' lang='lat' dir='ltr'><strong>tot</strong></span> <span class='ocrx_word' id='word_1_809' title='bbox 2576 4307 2947 4378; x_wconf 89' lang='lat' dir='ltr'><strong>generationes</strong></span> <span class='ocrx_word' id='word_1_810' title='bbox 2996 4306 3277 4361; x_wconf 86' lang='lat' dir='ltr'><strong>hominum</strong></span> <span class='ocrx_word' id='word_1_811' title='bbox 3323 4309 3620 4364; x_wconf 86' lang='lat' dir='ltr'><strong>transiisse</strong></span> <span class='ocrx_word' id='word_1_812' title='bbox 3657 4306 3828 4360; x_wconf 86' lang='lat' dir='ltr'><strong>vidca-</strong></span> 
     </span>
    </p>
   </div>
   <div class='ocr_carea' id='block_1_107' title="bbox 2229 4395 3831 4468">
    <p class='ocr_par' dir='ltr' id='par_1_107' title="bbox 2229 4395 3831 4468">
     <span class='ocr_line' id='line_1_107' title="bbox 2229 4395 3831 4468; baseline -0.004 -14"><span class='ocrx_word' id='word_1_813' title='bbox 2229 4414 2346 4454; x_wconf 89' lang='lat' dir='ltr'><strong>mus</strong></span> <span class='ocrx_word' id='word_1_814' title='bbox 2375 4438 2392 4467; x_wconf 93' lang='lat'><strong>,</strong></span> <span class='ocrx_word' id='word_1_815' title='bbox 2440 4414 2541 4455; x_wconf 90' lang='lat' dir='ltr'><strong>nec</strong></span> <span class='ocrx_word' id='word_1_816' title='bbox 2589 4399 2643 4453; x_wconf 91' lang='lat' dir='ltr'><strong>in</strong></span> <span class='ocrx_word' id='word_1_817' title='bbox 2696 4413 2880 4453; x_wconf 89' lang='lat' dir='ltr'><strong>earum</strong></span> <span class='ocrx_word' id='word_1_818' title='bbox 2924 4398 3114 4453; x_wconf 89' lang='lat' dir='ltr'><strong>ordine</strong></span> <span class='ocrx_word' id='word_1_819' title='bbox 3171 4400 3352 4468; x_wconf 89' lang='lat' dir='ltr'><strong>possit</strong></span> <span class='ocrx_word' id='word_1_820' title='bbox 3413 4401 3535 4454; x_wconf 77' lang='lat' dir='ltr'><strong>dici‘</strong></span> <span class='ocrx_word' id='word_1_821' title='bbox 3578 4395 3831 4454; x_wconf 88' lang='lat' dir='ltr'><strong>secundus</strong></span> 
     </span>
    </p>
   </div>
   <div class='ocr_carea' id='block_1_108' title="bbox 2229 4481 3828 4560">
    <p class='ocr_par' dir='ltr' id='par_1_108' title="bbox 2229 4481 3828 4560">
     <span class='ocr_line' id='line_1_108' title="bbox 2229 4481 3828 4560; baseline -0.006 -14"><span class='ocrx_word' id='word_1_822' title='bbox 2229 4481 2411 4557; x_wconf 86' lang='lat' dir='ltr'><strong>homo,</strong></span> <span class='ocrx_word' id='word_1_823' title='bbox 2451 4491 2553 4545; x_wconf 86' lang='lat' dir='ltr'><strong>nisi</strong></span> <span class='ocrx_word' id='word_1_824' title='bbox 2590 4489 2718 4545; x_wconf 89' lang='lat' dir='ltr'><strong>Cain</strong></span> <span class='ocrx_word' id='word_1_825' title='bbox 2744 4506 2757 4544; x_wconf 88' lang='lat'><strong>:</strong></span> <span class='ocrx_word' id='word_1_826' title='bbox 2786 4487 2879 4544; x_wconf 83' lang='lat' dir='ltr'><strong>sed</strong></span> <span class='ocrx_word' id='word_1_827' title='bbox 2908 4489 3028 4560; x_wconf 90' lang='lat' dir='ltr'><strong>quia</strong></span> <span class='ocrx_word' id='word_1_828' title='bbox 3061 4490 3230 4560; x_wconf 87' lang='lat' dir='ltr'><strong>prima</strong></span> <span class='ocrx_word' id='word_1_829' title='bbox 3266 4500 3361 4546; x_wconf 85' lang='lat' dir='ltr'><strong>est</strong></span> <span class='ocrx_word' id='word_1_830' title='bbox 3392 4506 3554 4546; x_wconf 91' lang='lat' dir='ltr'><strong>mors</strong></span> <span class='ocrx_word' id='word_1_831' title='bbox 3579 4485 3828 4557; x_wconf 83' lang='lat' dir='ltr'><strong>corporis,</strong></span> 
     </span>
    </p>
   </div>
   <div class='ocr_carea' id='block_1_109' title="bbox 2229 4572 3834 4655">
    <p class='ocr_par' dir='ltr' id='par_1_109' title="bbox 2229 4572 3834 4655">
     <span class='ocr_line' id='line_1_109' title="bbox 2229 4572 3834 4655; baseline -0.007 -15"><span class='ocrx_word' id='word_1_832' title='bbox 2229 4600 2348 4655; x_wconf 75' lang='lat' dir='ltr'><strong>qua:</strong></span> <span class='ocrx_word' id='word_1_833' title='bbox 2378 4584 2511 4638; x_wconf 80' lang='lat' dir='ltr'><strong>facta</strong></span> <span class='ocrx_word' id='word_1_834' title='bbox 2537 4592 2621 4638; x_wconf 89' lang='lat' dir='ltr'><strong>est</strong></span> <span class='ocrx_word' id='word_1_835' title='bbox 2646 4590 2863 4653; x_wconf 89' lang='lat' dir='ltr'><strong>propter</strong></span> <span class='ocrx_word' id='word_1_836' title='bbox 2885 4593 3159 4651; x_wconf 88' lang='lat' dir='ltr'><strong>peccatum</strong></span> <span class='ocrx_word' id='word_1_837' title='bbox 3188 4581 3353 4645; x_wconf 67' lang='lat' dir='ltr'><strong>Adae,</strong></span> <span class='ocrx_word' id='word_1_838' title='bbox 3385 4583 3444 4637; x_wconf 89' lang='lat' dir='ltr'><strong>in</strong></span> <span class='ocrx_word' id='word_1_839' title='bbox 3478 4598 3587 4653; x_wconf 89' lang='lat' dir='ltr'><strong>qua</strong></span> <span class='ocrx_word' id='word_1_840' title='bbox 3610 4572 3834 4637; x_wconf 86' lang='lat' dir='ltr'><strong>decurrit</strong></span> 
     </span>
    </p>
   </div>
   <div class='ocr_carea' id='block_1_110' title="bbox 2231 4672 3839 4747">
    <p class='ocr_par' dir='ltr' id='par_1_110' title="bbox 2231 4672 3839 4747">
     <span class='ocr_line' id='line_1_110' title="bbox 2231 4672 3839 4747; baseline -0.004 -16"><span class='ocrx_word' id='word_1_841' title='bbox 2231 4676 2332 4731; x_wconf 88' lang='lat' dir='ltr'><strong>hoc</strong></span> <span class='ocrx_word' id='word_1_842' title='bbox 2369 4676 2659 4741; x_wconf 75' lang='lat' dir='ltr'><strong>smeulum;</strong></span> <span class='ocrx_word' id='word_1_843' title='bbox 2705 4674 2934 4728; x_wconf 88' lang='lat' dir='ltr'><strong>secunda</strong></span> <span class='ocrx_word' id='word_1_844' title='bbox 2978 4675 3081 4727; x_wconf 86' lang='lat' dir='ltr'><strong>vita</strong></span> <span class='ocrx_word' id='word_1_845' title='bbox 3129 4682 3211 4727; x_wconf 90' lang='lat' dir='ltr'><strong>est</strong></span> <span class='ocrx_word' id='word_1_846' title='bbox 3251 4678 3544 4745; x_wconf 87' lang='lat' dir='ltr'><strong>corporis,</strong></span> <span class='ocrx_word' id='word_1_847' title='bbox 3592 4691 3712 4747; x_wconf 77' lang='lat' dir='ltr'><strong>qua:</strong></span> <span class='ocrx_word' id='word_1_848' title='bbox 3755 4672 3839 4725; x_wconf 86' lang='lat' dir='ltr'><strong>lict</strong></span> 
     </span>
    </p>
   </div>
   <div class='ocr_carea' id='block_1_111' title="bbox 2232 4764 3836 4840">
    <p class='ocr_par' dir='ltr' id='par_1_111' title="bbox 2232 4764 3836 4840">
     <span class='ocr_line' id='line_1_111' title="bbox 2232 4764 3836 4840; baseline -0.004 -17"><span class='ocrx_word' id='word_1_849' title='bbox 2232 4778 2447 4840; x_wconf 87' lang='lat' dir='ltr'><strong>propter</strong></span> <span class='ocrx_word' id='word_1_850' title='bbox 2468 4768 2726 4838; x_wconf 81' lang='lat' dir='ltr'><strong>justitiam</strong></span> <span class='ocrx_word' id='word_1_851' title='bbox 2766 4766 2984 4831; x_wconf 84' lang='lat' dir='ltr'><strong>Christi,</strong></span> <span class='ocrx_word' id='word_1_852' title='bbox 3011 4775 3066 4820; x_wconf 85' lang='lat' dir='ltr'><strong>et</strong></span> <span class='ocrx_word' id='word_1_853' title='bbox 3110 4764 3251 4819; x_wconf 85' lang='lat' dir='ltr'><strong>facta</strong></span> <span class='ocrx_word' id='word_1_854' title='bbox 3303 4778 3397 4822; x_wconf 67' lang='lat' dir='ltr'><strong>est</strong></span> <span class='ocrx_word' id='word_1_855' title='bbox 3442 4770 3498 4823; x_wconf 92' lang='lat' dir='ltr'><strong>in</strong></span> <span class='ocrx_word' id='word_1_856' title='bbox 3536 4783 3700 4822; x_wconf 88' lang='lat' dir='ltr'><strong>carne</strong></span> <span class='ocrx_word' id='word_1_857' title='bbox 3738 4765 3836 4836; x_wconf 87' lang='lat' dir='ltr'><strong>jam</strong></span> 
     </span>
    </p>
   </div>
   <div class='ocr_carea' id='block_1_112' title="bbox 2229 4860 3841 4932">
    <p class='ocr_par' dir='ltr' id='par_1_112' title="bbox 2229 4860 3841 4932">
     <span class='ocr_line' id='line_1_112' title="bbox 2229 4860 3841 4932; baseline -0.004 -16"><span class='ocrx_word' id='word_1_858' title='bbox 2229 4861 2468 4925; x_wconf 84' lang='lat' dir='ltr'><strong>Christi,</strong></span> <span class='ocrx_word' id='word_1_859' title='bbox 2505 4861 2555 4915; x_wconf 91' lang='lat' dir='ltr'><strong>iu</strong></span> <span class='ocrx_word' id='word_1_860' title='bbox 2589 4877 2689 4929; x_wconf 88' lang='lat' dir='ltr'><strong>qua</strong></span> <span class='ocrx_word' id='word_1_861' title='bbox 2720 4861 2823 4913; x_wconf 85' lang='lat' dir='ltr'><strong>vita</strong></span> <span class='ocrx_word' id='word_1_862' title='bbox 2873 4861 3105 4914; x_wconf 80' lang='lat' dir='ltr'><strong>futurum</strong></span> <span class='ocrx_word' id='word_1_863' title='bbox 3153 4863 3431 4915; x_wconf 73' lang='lat' dir='ltr'><strong>smeulnm</strong></span> <span class='ocrx_word' id='word_1_864' title='bbox 3475 4860 3841 4932; x_wconf 75' lang='lat' dir='ltr'><strong>permanebit;</strong></span> 
     </span>
    </p>
   </div>
   <div class='ocr_carea' id='block_1_113' title="bbox 2232 4950 3842 5022">
    <p class='ocr_par' dir='ltr' id='par_1_113' title="bbox 2232 4950 3842 5022">
     <span class='ocr_line' id='line_1_113' title="bbox 2232 4950 3842 5022; baseline -0.004 -14"><span class='ocrx_word' id='word_1_865' title='bbox 2232 4952 2352 5008; x_wconf 86' lang='lat' dir='ltr'><strong>ideo</strong></span> <span class='ocrx_word' id='word_1_866' title='bbox 2382 4953 2467 5006; x_wconf 89' lang='lat' dir='ltr'><strong>ille</strong></span> <span class='ocrx_word' id='word_1_867' title='bbox 2497 4953 2694 5022; x_wconf 83' lang='lat' dir='ltr'><strong>primus</strong></span> <span class='ocrx_word' id='word_1_868' title='bbox 2724 4952 2806 5006; x_wconf 88' lang='lat' dir='ltr'><strong>vel</strong></span> <span class='ocrx_word' id='word_1_869' title='bbox 2837 4952 3002 5004; x_wconf 74' lang='lat' dir='ltr'><strong>Adam</strong></span> <span class='ocrx_word' id='word_1_870' title='bbox 3035 4950 3113 5004; x_wconf 86' lang='lat' dir='ltr'><strong>vel</strong></span> <span class='ocrx_word' id='word_1_871' title='bbox 3147 4951 3318 5004; x_wconf 87' lang='lat' dir='ltr'><strong>homo</strong></span> <span class='ocrx_word' id='word_1_872' title='bbox 3345 4995 3359 5014; x_wconf 93' lang='lat'><strong>,</strong></span> <span class='ocrx_word' id='word_1_873' title='bbox 3402 4955 3511 5008; x_wconf 61' lang='lat' dir='ltr'><strong>iste</strong></span> <span class='ocrx_word' id='word_1_874' title='bbox 3542 4960 3723 5007; x_wconf 82' lang='lat' dir='ltr'><strong>autem</strong></span> <span class='ocrx_word' id='word_1_875' title='bbox 3763 4956 3842 5003; x_wconf 81' lang='lat' dir='ltr'><strong>sc-</strong></span> 
     </span>
    </p>
   </div>
   <div class='ocr_carea' id='block_1_114' title="bbox 2232 5041 3845 5115">
    <p class='ocr_par' dir='ltr' id='par_1_114' title="bbox 2232 5041 3845 5115">
     <span class='ocr_line' id='line_1_114' title="bbox 2232 5041 3845 5115; baseline -0.002 -16"><span class='ocrx_word' id='word_1_876' title='bbox 2232 5041 2434 5099; x_wconf 88' lang='lat' dir='ltr'><strong>cundus</strong></span> <span class='ocrx_word' id='word_1_877' title='bbox 2463 5053 2543 5098; x_wconf 86' lang='lat' dir='ltr'><strong>est</strong></span> <span class='ocrx_word' id='word_1_878' title='bbox 2570 5043 2760 5097; x_wconf 87' lang='lat' dir='ltr'><strong>dictus.</strong></span> <span class='ocrx_word' id='word_1_879' title='bbox 2800 5043 2867 5097; x_wconf 85' lang='lat' dir='ltr'><strong>Et</strong></span> <span class='ocrx_word' id='word_1_880' title='bbox 2897 5057 2999 5096; x_wconf 89' lang='lat' dir='ltr'><strong>non</strong></span> <span class='ocrx_word' id='word_1_881' title='bbox 3034 5042 3112 5096; x_wconf 85' lang='lat' dir='ltr'><strong>vis</strong></span> <span class='ocrx_word' id='word_1_882' title='bbox 3141 5042 3467 5115; x_wconf 74' lang='lat' dir='ltr'><strong>intelligere</strong></span> <span class='ocrx_word' id='word_1_883' title='bbox 3509 5058 3622 5100; x_wconf 76' lang='lat' dir='ltr'><strong>tam</strong></span> <span class='ocrx_word' id='word_1_884' title='bbox 3654 5041 3845 5115; x_wconf 81' lang='lat' dir='ltr'><strong>grande</strong></span> 
     </span>
    </p>
   </div>
   <div class='ocr_carea' id='block_1_115' title="bbox 2234 5132 3846 5204">
    <p class='ocr_par' dir='ltr' id='par_1_115' title="bbox 2234 5132 3846 5204">
     <span class='ocr_line' id='line_1_115' title="bbox 2234 5132 3846 5204; baseline -0.002 -14"><span class='ocrx_word' id='word_1_885' title='bbox 2234 5135 2376 5190; x_wconf 87' lang='lat' dir='ltr'><strong>illius</strong></span> <span class='ocrx_word' id='word_1_886' title='bbox 2399 5132 2564 5189; x_wconf 55' lang='lat' dir='ltr'><strong>fuisse</strong></span> <span class='ocrx_word' id='word_1_887' title='bbox 2592 5149 2625 5204; x_wconf 89' lang='lat' dir='ltr'><strong>p</strong></span> <span class='ocrx_word' id='word_1_888' title='bbox 2646 5146 2888 5200; x_wconf 69' lang='lat' dir='ltr'><strong>wratum,</strong></span> <span class='ocrx_word' id='word_1_889' title='bbox 2932 5143 2987 5187; x_wconf 88' lang='grc' dir='ltr'><strong>ιιι</strong></span> <span class='ocrx_word' id='word_1_890' title='bbox 3014 5134 3330 5188; x_wconf 86' lang='lat' dir='ltr'><strong>mortalium</strong></span> <span class='ocrx_word' id='word_1_891' title='bbox 3367 5138 3668 5203; x_wconf 71' lang='lat' dir='ltr'><strong>smculum,</strong></span> <span class='ocrx_word' id='word_1_892' title='bbox 3701 5134 3846 5204; x_wconf 87' lang='lat' dir='ltr'><strong>hujus</strong></span> 
     </span>
    </p>
   </div>
   <div class='ocr_carea' id='block_1_116' title="bbox 2234 5223 3851 5297">
    <p class='ocr_par' dir='ltr' id='par_1_116' title="bbox 2234 5223 3851 5297">
     <span class='ocr_line' id='line_1_116' title="bbox 2234 5223 3851 5297; baseline -0.002 -16"><span class='ocrx_word' id='word_1_893' title='bbox 2234 5243 2361 5282; x_wconf 85' lang='lat' dir='ltr'><strong>vero</strong></span> <span class='ocrx_word' id='word_1_894' title='bbox 2402 5236 2505 5281; x_wconf 90' lang='lat' dir='ltr'><strong>tam</strong></span> <span class='ocrx_word' id='word_1_895' title='bbox 2536 5226 2789 5296; x_wconf 78' lang='lat' dir='ltr'><strong>grandem</strong></span> <span class='ocrx_word' id='word_1_896' title='bbox 2815 5224 3104 5297; x_wconf 85' lang='lat' dir='ltr'><strong>justitiam,</strong></span> <span class='ocrx_word' id='word_1_897' title='bbox 3142 5232 3198 5279; x_wconf 89' lang='lat' dir='ltr'><strong>ut</strong></span> <span class='ocrx_word' id='word_1_898' title='bbox 3224 5223 3651 5284; x_wconf 84' lang='lat' dir='ltr'><strong>immortalium</strong></span> <span class='ocrx_word' id='word_1_899' title='bbox 3696 5244 3851 5283; x_wconf 67' lang='lat' dir='ltr'><strong>saecu-</strong></span> 
     </span>
    </p>
   </div>
   <div class='ocr_carea' id='block_1_117' title="bbox 2233 5314 3851 5391">
    <p class='ocr_par' dir='ltr' id='par_1_117' title="bbox 2233 5314 3851 5391">
     <span class='ocr_line' id='line_1_117' title="bbox 2233 5314 3851 5391; baseline -0.002 -16"><span class='ocrx_word' id='word_1_900' title='bbox 2233 5319 2341 5375; x_wconf 90' lang='lat' dir='ltr'><strong>lum</strong></span> <span class='ocrx_word' id='word_1_901' title='bbox 2372 5318 2722 5389; x_wconf 80' lang='lat' dir='ltr'><strong>propagaret?</strong></span> <span class='ocrx_word' id='word_1_902' title='bbox 2749 5315 2813 5373; x_wconf 81' lang='lat' dir='ltr'><strong>Et</strong></span> <span class='ocrx_word' id='word_1_903' title='bbox 2843 5314 2969 5372; x_wconf 90' lang='lat' dir='ltr'><strong>mihi</strong></span> <span class='ocrx_word' id='word_1_904' title='bbox 2997 5317 3187 5387; x_wconf 79' lang='lat' dir='ltr'><strong>objiris</strong></span> <span class='ocrx_word' id='word_1_905' title='bbox 3218 5322 3445 5386; x_wconf 77' lang='lat' dir='ltr'><strong>peccati</strong></span> <span class='ocrx_word' id='word_1_906' title='bbox 3485 5316 3654 5391; x_wconf 83' lang='lat' dir='ltr'><strong>primi</strong></span> <span class='ocrx_word' id='word_1_907' title='bbox 3686 5322 3851 5374; x_wconf 73' lang='grc' dir='ltr'>Ιιιιιιιι-</span> 
     </span>
    </p>
   </div>
   <div class='ocr_carea' id='block_1_118' title="bbox 2234 5402 3849 5480">
    <p class='ocr_par' dir='ltr' id='par_1_118' title="bbox 2234 5402 3849 5480">
     <span class='ocr_line' id='line_1_118' title="bbox 2234 5402 3849 5480; baseline 0 -16"><span class='ocrx_word' id='word_1_908' title='bbox 2234 5412 2318 5464; x_wconf 80' lang='lat' dir='ltr'><strong>nis</strong></span> <span class='ocrx_word' id='word_1_909' title='bbox 2350 5402 2723 5480; x_wconf 85' lang='lat' dir='ltr'><strong>granditatem,</strong></span> <span class='ocrx_word' id='word_1_910' title='bbox 2766 5425 2884 5478; x_wconf 74' lang='lat' dir='ltr'><strong>qme</strong></span> <span class='ocrx_word' id='word_1_911' title='bbox 2927 5408 3055 5462; x_wconf 90' lang='lat' dir='ltr'><strong>tanti</strong></span> <span class='ocrx_word' id='word_1_912' title='bbox 3098 5406 3219 5461; x_wconf 83' lang='lat' dir='ltr'><strong>mali</strong></span> <span class='ocrx_word' id='word_1_913' title='bbox 3274 5408 3587 5468; x_wconf 83' lang='lat' dir='ltr'><strong>hominum</strong></span> <span class='ocrx_word' id='word_1_914' title='bbox 3618 5416 3849 5468; x_wconf 81' lang='lat' dir='ltr'><strong>muniunt</strong></span> 
     </span>
    </p>
   </div>
   <div class='ocr_carea' id='block_1_119' title="bbox 2234 5497 3856 5574">
    <p class='ocr_par' dir='ltr' id='par_1_119' title="bbox 2234 5497 3856 5574">
     <span class='ocr_line' id='line_1_119' title="bbox 2234 5497 3856 5574; baseline -0.001 -17"><span class='ocrx_word' id='word_1_915' title='bbox 2234 5502 2439 5557; x_wconf 81' lang='lat' dir='ltr'><strong>exstitit</strong></span> <span class='ocrx_word' id='word_1_916' title='bbox 2463 5515 2620 5555; x_wconf 90' lang='lat' dir='ltr'><strong>causa</strong></span> <span class='ocrx_word' id='word_1_917' title='bbox 2644 5541 2658 5564; x_wconf 95' lang='lat'><strong>,</strong></span> <span class='ocrx_word' id='word_1_918' title='bbox 2689 5499 2836 5570; x_wconf 91' lang='lat' dir='ltr'><strong>quasi</strong></span> <span class='ocrx_word' id='word_1_919' title='bbox 2880 5497 2982 5554; x_wconf 91' lang='lat' dir='ltr'><strong>hoc</strong></span> <span class='ocrx_word' id='word_1_920' title='bbox 3010 5514 3110 5569; x_wconf 87' lang='lat' dir='ltr'><strong>ego</strong></span> <span class='ocrx_word' id='word_1_921' title='bbox 3135 5499 3290 5555; x_wconf 91' lang='lat' dir='ltr'><strong>solus</strong></span> <span class='ocrx_word' id='word_1_922' title='bbox 3326 5503 3419 5556; x_wconf 89' lang='lat' dir='ltr'><strong>vel</strong></span> <span class='ocrx_word' id='word_1_923' title='bbox 3465 5504 3685 5574; x_wconf 80' lang='lat' dir='ltr'><strong>primus</strong></span> <span class='ocrx_word' id='word_1_924' title='bbox 3710 5504 3856 5557; x_wconf 76' lang='lat' dir='ltr'><strong>dixe-</strong></span> 
     </span>
    </p>
   </div>
   <div class='ocr_carea' id='block_1_120' title="bbox 2237 5589 3860 5664">
    <p class='ocr_par' dir='ltr' id='par_1_120' title="bbox 2237 5589 3860 5664">
     <span class='ocr_line' id='line_1_120' title="bbox 2237 5589 3860 5664; baseline 0.001 -18"><span class='ocrx_word' id='word_1_925' title='bbox 2237 5591 2377 5664; x_wconf 66' lang='lat' dir='ltr'><strong>rim?</strong></span> <span class='ocrx_word' id='word_1_926' title='bbox 2396 5591 2530 5647; x_wconf 75' lang='lat' dir='ltr'><strong>Audi</strong></span> <span class='ocrx_word' id='word_1_927' title='bbox 2552 5590 2809 5646; x_wconf 83' lang='lat' dir='ltr'><strong>Joannem</strong></span> <span class='ocrx_word' id='word_1_928' title='bbox 2835 5589 3516 5660; x_wconf 81' lang='lat' dir='ltr'><strong>Constantinpolitanum</strong></span> <span class='ocrx_word' id='word_1_929' title='bbox 3542 5596 3860 5652; x_wconf 77' lang='lat' dir='ltr'><strong>excellentis</strong></span> 
     </span>
    </p>
   </div>
   <div class='ocr_carea' id='block_1_121' title="bbox 2238 5741 3866 5858">
    <p class='ocr_par' dir='ltr' id='par_1_121' title="bbox 2238 5741 3866 5858">
     <span class='ocr_line' id='line_1_121' title="bbox 2238 5741 3866 5858; baseline 0.001 -64"><span class='ocrx_word' id='word_1_930' title='bbox 2238 5744 2640 5858; x_wconf 53' lang='lat' dir='ltr'><strong>“izni&#39;ligniet‘itts,</strong></span> <span class='ocrx_word' id='word_1_931' title='bbox 2663 5741 2733 5795; x_wconf 80' lang='lat' dir='ltr'><strong>ita</strong></span> <span class='ocrx_word' id='word_1_932' title='bbox 2761 5746 2814 5793; x_wconf 86' lang='lat' dir='ltr'><strong>ut</strong></span> <span class='ocrx_word' id='word_1_933' title='bbox 2855 5752 2979 5794; x_wconf 71' lang='lat' dir='ltr'><strong>eam</strong></span> <span class='ocrx_word' id='word_1_934' title='bbox 3004 5749 3096 5793; x_wconf 73' lang='lat' dir='ltr'><strong>Nos</strong></span> <span class='ocrx_word' id='word_1_935' title='bbox 3138 5753 3199 5793; x_wconf 80' lang='lat' dir='ltr'><strong>ex</strong></span> <span class='ocrx_word' id='word_1_936' title='bbox 3248 5749 3347 5794; x_wconf 65' lang='grc' dir='ltr'><strong>λεδ.</strong></span> <span class='ocrx_word' id='word_1_937' title='bbox 3375 5750 3671 5811; x_wconf 65' lang='lat' dir='ltr'><strong>verterunt,</strong></span> <span class='ocrx_word' id='word_1_938' title='bbox 3702 5745 3774 5798; x_wconf 81' lang='lat' dir='ltr'><strong>ita</strong></span> <span class='ocrx_word' id='word_1_939' title='bbox 3817 5749 3866 5795; x_wconf 73' lang='lat' dir='ltr'><strong>ut</strong></span> 
     </span>
    </p>
   </div>
  </div>
