3962 6540
212 462 350 520 1513

211 581 394 646 glorite
421 576 791 634 Sacerdotem:
827 595 847 631 ι
877 577 1150 645 Peccavit,
1189 597 1210 632 ›
1241 577 1430 650 inquit,
1463 594 1482 629 ι
1518 576 1685 632 Adam
1723 577 1791 632 il-

212 671 297 725 lud
343 670 545 741 grande
591 682 884 742 peccatum,
927 679 983 727 et
1018 686 1176 727 omne
1217 685 1385 742 genus
1433 668 1709 724 hominum
1739 668 1795 722 in

209 778 491 818 commune
533 762 805 820 damnavit
838 782 858 817 ›
903 761 1094 837 (Epist.
1125 763 1192 817 ad
1223 759 1625 833 Olympiadem).
1657 758 1796 814 Audi

211 857 370 912 etiam
407 857 460 910 in
490 856 672 911 Lazari
715 857 1120 912 resuscitatione
1147 856 1271 928 quid
1297 856 1476 921 dicat,
1509 864 1569 910 ut
1596 853 1796 908 intelli-

209 965 298 1021 gas
324 952 484 1004 etiam
509 951 749 1020 corporis
779 960 1004 1008 mortem
1026 950 1092 1007 de
1119 951 1207 1006 illo
1233 949 1420 1021 grandi
1447 947 1657 1004 venisse
1674 962 1798 1018 pec-

209 1053 326 1099 cato
370 1060 385 1098 :
432 1061 452 1096 ι
487 1044 710 1113 Flebat,
745 1062 765 1098 ι
803 1045 1013 1116 inquit,
1051 1063 1071 1097 ι
1107 1043 1373 1106 Christus,
1414 1043 1557 1115 quod
1585 1057 1679 1099 eos
1705 1041 1796 1113 qui

211 1135 542 1190 immortales
581 1150 702 1190 esse
740 1145 1049 1206 potuerunt,
1082 1135 1326 1191 diabolus
1352 1135 1480 1190 fecit
1505 1150 1625 1190 esse
1652 1150 1797 1188 mor-

211 1225 344 1280 tales
396 1246 415 1279 ι
453 1225 673 1298 (Homil.
708 1228 770 1282 de
798 1227 993 1287 Lazaro
1019 1225 1355 1300 resuscitato).
1400 1227 1534 1294 Ubi,
1575 1227 1799 1282 obsecro

210 1326 280 1382 te,
311 1317 559 1373 diabolus
583 1332 773 1374 omnes
813 1318 1056 1375 homines
1092 1319 1217 1375 fecit
1241 1334 1362 1375 esse
1387 1319 1664 1384 mortales,
1696 1317 1798 1373 nisi

210 1411 260 1465 in
298 1411 394 1465 illo
421 1412 505 1466 cui
547 1413 1000 1481 praevaricationis
1024 1413 1214 1467 inﬂixit
1243 1423 1349 1468 tam
1385 1411 1586 1484 grande
1612 1426 1802 1482 pecca-

212 1515 346 1566 tum,
377 1522 482 1576 quo
508 1523 571 1561 ex
608 1507 833 1576 paradisi
855 1507 1179 1562 beatitudine
1205 1506 1256 1560 in
1280 1515 1478 1560 tantam
1505 1505 1798 1572 miseriam,

209 1613 372 1666 quam
418 1597 662 1654 videmus
702 1606 861 1669 atque
906 1599 1184 1664 sentimus,
1235 1613 1404 1668 genus
1450 1595 1802 1666 projiceretur

208 1687 561 1745 humanum?
623 1689 777 1757 Quod
839 1706 946 1745 non
1015 1690 1128 1746 sola
1183 1704 1330 1744 mors
1375 1687 1654 1758 corporis,
1707 1687 1800 1742 sed

135 1792 138 1795 '
209 1780 382 1849 ipsius
428 1797 638 1852 quoque
679 1782 905 1849 animae,
955 1797 1111 1852 quam
1164 1781 1508 1852 corruptibile
1553 1788 1802 1850 aggravat

209 1886 411 1940 corpus
443 1913 459 1938 ,
523 1872 662 1926 mala
717 1881 796 1927 tot
845 1880 900 1927 et
957 1880 1100 1926 tanta
1167 1879 1468 1938 testantur,
1535 1881 1588 1925 et
1643 1885 1804 1941 grave

205 1961 397 2033 iugum
442 1979 604 2034 super
640 1964 776 2019 ﬁlios
801 1963 970 2027 Adam
998 1979 1028 2018 a
1063 1963 1151 2019 die
1179 1964 1353 2020 exitus
1387 1963 1454 2018 de
1478 1971 1663 2018 ventre
1691 1977 1802 2016 ma-

212 2058 306 2112 tris
333 2073 520 2113 eorum
554 2077 566 2112 :
609 2058 708 2113 sub
743 2074 847 2129 quo
873 2058 1001 2129 iugo
1026 2066 1108 2113 est
1137 2058 1298 2112 etiam
1328 2055 1468 2127 quod
1499 2055 1550 2110 in
1593 2056 1804 2111 Psalmo

211 2149 438 2220 legitur,
487 2149 730 2206 Universa
781 2151 976 2205 vanitas
1027 2151 1188 2204 omnis
1228 2150 1377 2203 homo
1421 2148 1586 2203 vivens
1627 2147 1800 2218 (Psal.

209 2258 436 2310 xxxvm,
481 2241 557 2316 6).
593 2242 720 2310 Quae
761 2250 820 2297 tu
861 2245 1002 2297 mala
1026 2242 1216 2297 nolens
1255 2240 1490 2296 tribuere
1517 2239 1592 2294 illi
1618 2238 1804 2308 grandi

215 2345 438 2405 peccato
468 2336 624 2407 primi
665 2335 918 2399 hominis,
958 2334 1084 2404 quid
1113 2335 1247 2404 agis,
1277 2333 1377 2388 nisi
1407 2341 1466 2387 ut
1489 2347 1573 2398 ea,
1606 2340 1664 2387 ttt
1689 2333 1805 2402 qui-

212 2427 338 2484 dem
385 2427 637 2498 paradiso
675 2428 816 2483 illius
844 2436 955 2482 tam
986 2443 1191 2498 magna:
1216 2424 1484 2481 felicitatis
1524 2423 1804 2496 importes,

213 2529 470 2591 tanquam
498 2529 552 2576 et
595 2521 703 2576 illic
743 2521 916 2575 futura
953 2529 1154 2587 essent,
1200 2519 1245 2574 si
1286 2533 1444 2574 nemo
1492 2526 1804 2588 peccasset;

211 2615 495 2671 Manicluei
526 2631 653 2671 vero
680 2630 743 2671 ea
770 2615 1004 2670 tribuant
1030 2614 1174 2685 genti
1205 2613 1542 2669 tenebrarum
1571 2655 1586 2681 ,
1617 2628 1722 2668 non
1754 2621 1808 2669 te

211 2716 504 2763 accusante
544 2705 772 2772 confusi,
802 2706 896 2763 sed
937 2705 1220 2777 adiuvante
1266 2704 1474 2771 conﬁsi,
1502 2704 1606 2760 nisi
1632 2713 1808 2760 tecum

213 2799 348 2854 ﬁant
391 2809 640 2872 tanquam
688 2799 1036 2855 invictissimo
1072 2797 1251 2870 gladio
1292 2797 1559 2854 catholica
1585 2797 1810 2854 veritate

211 2891 495 2946 confossi?
540 2890 654 2948 Non
697 2898 898 2958 autem,
932 2899 990 2945 ut
1028 2889 1326 2956 insimulas,
1357 2887 1605 2954 dicimus,
1653 2907 1672 2940 ι
1703 2887 1806 2944 Ne-

211 2983 347 3037 mini
392 2982 460 3038 de
511 2983 806 3053 primorum
857 2980 1132 3037 hominum
1176 2981 1346 3051 stirpe
1395 2979 1636 3036 nascenti
1689 2993 1810 3036 esse

211 3073 473 3145 possibile
537 3075 589 3130 in
640 3075 897 3130 virtutum
962 3073 1157 3129 decora
1207 3073 1412 3129 conari.
1460 3090 1480 3125 ι
1534 3071 1812 3128 Conantur

212 3165 359 3221 enim
383 3165 557 3231 multi,
581 3166 635 3222 in
657 3167 852 3237 quibus
870 3167 1011 3222 Deus
1029 3175 1284 3237 operatur
1305 3174 1359 3220 et
1381 3163 1520 3221 velle
1547 3162 1808 3237 (Philipp.

210 3273 271 3325 ιι,
310 3256 404 3330 15)
445 3276 459 3312 :
503 3274 601 3314 nec
628 3258 746 3314 sine
775 3257 949 3314 fructu
977 3257 1335 3329 perventionis
1371 3257 1489 3328 ipso
1526 3256 1812 3328 adiuvante

209 3359 501 3404 conantur.
550 3349 655 3406 Sed
696 3350 743 3405 si
786 3351 1020 3405 animam
1067 3364 1264 3420 corpus
1311 3348 1657 3418 corruptibile
1700 3364 1809 3407 non

209 3449 485 3513 gravaret,
511 3457 617 3498 non
644 3443 826 3512 utique
855 3449 1196 3498 conarentur.
1225 3443 1303 3496 Ac
1327 3456 1422 3510 per
1444 3439 1548 3496 hoc
1575 3441 1630 3494 in
1657 3455 1812 3513 para-

210 3533 334 3589 diso
366 3534 437 3605 (si
469 3549 629 3590 nemo
656 3544 957 3605 peccasset,
1007 3541 1064 3589 et
1100 3547 1264 3604 super
1289 3533 1428 3587 ﬁlios
1455 3531 1626 3587 Adam
1650 3545 1812 3604 grave

207 3624 402 3699 iugum
435 3643 542 3682 non
571 3627 738 3697 esset)
759 3627 875 3683 sine
903 3635 1100 3682 conatu
1125 3626 1238 3682 Deo
1261 3639 1359 3682 suo
1382 3623 1537 3681 facile
1565 3633 1624 3680 et
1641 3623 1812 3680 felici-

211 3727 297 3775 ter
323 3720 630 3776 obedirent.

286 3812 428 3869 Vlll.
475 3813 592 3869 Jun.
644 3812 862 3868 Illorum
906 3826 1036 3883 ergo
1074 3809 1370 3882 primorum
1411 3808 1710 3876 hominum,
1756 3807 1813 3864 id

212 3914 323 3972 est,
351 3913 558 3959 tantum
581 3904 833 3972 duorum,
863 3903 1116 3975 opitulari
1138 3903 1236 3959 sibi
1261 3902 1472 3958 laudem
1499 3901 1810 3966 arbitratur,

211 3996 284 4051 ad
315 3997 720 4052 distinctionem
751 3997 888 4052 inter
913 3995 1234 4053 Manichteos
1258 4003 1313 4050 et
1341 3993 1704 4050 Traducianos
1729 4000 1812 4048 te-

211 4089 452 4144 nendam
501 4109 515 4144 :
567 4106 668 4160 qua
712 4091 964 4160 opinione
1010 4088 1151 4143 haud
1195 4087 1352 4144 facile
1389 4087 1678 4158 quidquam
1727 4085 1814 4142 vel

211 4184 544 4240 eminentius
575 4184 614 4250 ¹,
662 4184 746 4238 vel
777 4181 1137 4253 impudentius
1171 4179 1367 4236 offendi
1400 4189 1594 4250 potest.
1627 4178 1814 4234 Liber-

213 4285 320 4340 tas,
369 4275 562 4345 inquit,
607 4273 837 4341 arbitrii,
886 4282 1165 4344 postquam
1210 4288 1269 4327 se
1316 4271 1390 4326 uti
1443 4271 1626 4342 cmpit,
1670 4270 1813 4326 vires

211 4380 344 4420 suas
391 4364 642 4436 perdidit.
693 4365 762 4419 Et
809 4373 866 4419 ut
909 4363 1154 4419 conversi
1194 4363 1261 4418 ad
1304 4377 1448 4429 eum,
1480 4361 1807 4434 pedetentim

211 4457 398 4511 omnia
432 4466 830 4527 perscrutemur
857 4473 870 4511 :
903 4454 1176 4512 conﬁteris
1207 4470 1402 4525 nempe
1440 4455 1667 4526 primum
1711 4454 1806 4510 ho-

210 4551 418 4604 minem
451 4549 698 4604 elfectum
721 4563 841 4604 esse
865 4547 1083 4603 arbitrio
1104 4548 1295 4614 libero,
1325 4547 1628 4617 bonumque
1648 4562 1676 4602 a
1702 4546 1813 4601 Deo

209 4644 514 4706 conditum,
557 4643 695 4697 nulla
737 4643 804 4698 ab
843 4641 1064 4697 exordio
1109 4641 1308 4711 peccati
1350 4640 1470 4695 tabe
1515 4639 1806 4709 pollutum;

209 4733 308 4790 sed
345 4735 674 4790 conditionis
713 4735 955 4788 innocuae
981 4740 1172 4802 Sponte
1201 4731 1456 4801 deinceps
1487 4729 1808 4800 prtevarica-

211 4840 352 4892 tum,
387 4828 724 4883 coactionem
766 4825 1126 4882 inevitabilem
1154 4823 1360 4879 cunctis
1390 4838 1458 4877 ex
1486 4837 1544 4877 se
1571 4819 1812 4875 oriundis

205 4920 466 4974 intulisse
515 4917 790 4988 peccandi.
838 4917 950 4972 Hoc
996 4925 1144 4971 certe
1195 4922 1278 4970 est
1321 4914 1508 4984 dogma
1554 4922 1810 4996 vestrum,

201 5012 356 5085 quod
403 5027 508 5066 nos
549 5010 618 5066 de
661 5010 939 5066 Manichaai
980 5024 1137 5065 coeno
1167 5016 1425 5064 testamur
1471 5019 1808 5077 expressum,

199 5107 296 5174 qui
328 5111 388 5158 et
411 5104 580 5172 ipsius
603 5104 732 5158 Adae
757 5111 1022 5166 naturam,
1055 5102 1179 5157 licet
1205 5101 1272 5156 de
1295 5100 1478 5170 primae
1505 5108 1810 5154 concretam

201 5199 349 5251 llore
380 5195 715 5262 substantiae,
744 5194 912 5249 multo
938 5193 1214 5248 meliorem
1241 5191 1461 5258 secutis,
1489 5198 1671 5246 tamen
1693 5204 1811 5245 ma-

198 5292 317 5345 lam
352 5289 670 5344 naturaliter
698 5288 964 5359 Opinatur.
1401 5334 1404 5336 γ

282 5385 425 5438 Avo.
471 5380 725 5450 Superius
767 5395 884 5451 quae
928 5379 1068 5435 dicta
1112 5386 1255 5442 sunt,
1287 5377 1418 5432 satis
1454 5376 1708 5443 indicant,
1760 5385 1816 5432 et

192 5474 542 5531 catholicum
594 5473 786 5544 dogma
833 5481 1112 5540 nostrmn,
1164 5480 1220 5526 et
1262 5471 1453 5542 dogma
1503 5470 1811 5526 hatreticum

190 5577 482 5635 vestrum,
527 5567 596 5622 de
643 5568 825 5637 primis
873 5566 1178 5622 hominibus
1221 5574 1276 5621 et
1317 5565 1545 5635 posteris
1582 5579 1810 5630 eorum;

191 5663 318 5718 illis
348 5659 518 5715 rectis
547 5674 576 5713 a
618 5659 727 5713 Deo
755 5659 1003 5725 conditis,
1054 5658 1170 5712 istis
1207 5666 1407 5722 autem,
1439 5657 1680 5727 quamvis
1721 5670 1814 5711 eo-

187 5757 338 5814 dem
374 5752 656 5808 conditore
680 5793 695 5819 ,
731 5762 907 5807 tamen
936 5751 1004 5807 de
1030 5762 1217 5807 natura
1245 5761 1463 5822 peccato
1488 5751 1664 5804 vitiata
1691 5764 1811 5804 cum

185 5845 424 5922 peccati
461 5845 670 5900 vinculo
715 5845 934 5911 exortis,
967 5851 1122 5915 atque
1162 5859 1192 5898 a
1222 5843 1394 5899 salute
1425 5843 1476 5898 in
1517 5856 1617 5914 qua
1646 5841 1812 5897 homo

235 5955 260 5989 ⁸
305 5952 480 6010 Forte,
504 5948 749 6000 nmentius.

489 6041 632 6102 Sam
659 6058 716 6099 τ.
769 6038 1045 6098 Ᾱυρυεοκ
1095 6043 1146 6101 Τ⁹

1598 459 1803 518 LIBER
1840 459 2128 520 SEXTUS.

3339 465 3476 525 15H

1900 578 2144 648 primitus
2169 577 2340 634 factus
2367 587 2449 634 est
2476 579 2528 634 in
2551 580 2880 651 contagionis
2907 581 3216 653 languorem
3245 591 3299 639 et
3330 599 3482 641 mora

1903 670 1968 725 tis
1989 671 2361 728 necessitatem
2385 671 2606 744 originis
2632 672 2933 728 conditione
2959 674 3202 746 deiectis.
3253 675 3482 747 Propter

1900 762 2040 834 quod
2067 763 2144 819 eis
2169 779 2272 834 ope
2296 779 2430 835 opus
2459 775 2543 821 est
2567 765 2878 833 Salvatoris,
2909 766 2998 836 qui
3029 769 3258 837 primum
3300 769 3482 825 salvos

1901 855 2028 912 facit
2057 858 2074 888 ³
2111 859 2427 914 remissione
2462 859 2698 914 omnium
2739 871 3106 930 peccatorum;
3157 871 3277 930 post
3321 864 3483 918 etiam

1902 950 2139 1004 omnium
2171 950 2448 1006 sanatione
2471 950 2782 1021 languorum
2813 950 2984 1022 (Psal.
3012 967 3104 1016 cn,
3135 952 3216 1022 ὅ).
3246 952 3362 1007 lam
3392 953 3487 1007 ba-

1904 1042 2112 1111 ptizatis
2141 1043 2307 1111 enim,
2340 1052 2394 1100 et
2421 1043 2497 1099 eis
2527 1044 2615 1114 qui
2637 1044 2747 1114 iam
2778 1043 3036 1114 Spiritum
3062 1053 3302 1100 sanctum
3328 1061 3488 1102 acce-

1903 1144 2092 1203 perant
2135 1134 2345 1190 dicebat
2377 1136 2663 1206 Apostolus
2685 1177 2702 1204 ,
2741 1135 2873 1192 Caro
2915 1137 3222 1206 concupiscit
3250 1140 3488 1193 adversm

1901 1228 2157 1298 spiritum,
2183 1229 2391 1300 spiritus
2414 1240 2579 1285 autem
2600 1230 2840 1285 adversus
2857 1247 3058 1285 carnem
3085 1248 3104 1286 :
3131 1233 3239 1286 hac
3257 1233 3388 1286 enim
3411 1233 3493 1286 in-

1903 1321 2058 1374 vicem
2085 1321 2450 1388 adversantur;
2488 1332 2544 1377 ut
2568 1339 2670 1378 non
2692 1340 2752 1378 ca
2775 1339 2888 1393 quia
2909 1324 3057 1377 uultis
3081 1365 3095 1389 ,
3129 1324 3326 1393 faciatis
3362 1323 3491 1396 (Ga-

1906 1414 1998 1471 lat.
2032 1431 2088 1482 v,
2123 1414 2234 1487 17).
2265 1416 2364 1472 Ubi
2397 1426 2447 1470 ttt
2472 1418 2561 1487 qui
2590 1433 2752 1488 negas
2783 1417 3007 1473 liberum
3043 1417 3318 1472 arbitrium
3343 1417 3488 1471 vires

1905 1520 2029 1561 suas
2066 1507 2362 1576 perdidisse
2393 1508 2687 1577 peccando,
2738 1508 2793 1562 id
2841 1516 2944 1575 est,
2991 1509 3130 1564 male
3159 1524 3217 1564 se
3255 1508 3488 1572 utendo;

1905 1596 2030 1668 quid
2060 1597 2428 1669 respondebis,
2453 1599 2672 1655 audiens
2696 1600 2836 1671 quod
2857 1616 3018 1656 carne
3037 1601 3448 1670 concupiscente
3468 1602 3489 1632 ²

1905 1687 2160 1745 adversus
2186 1690 2450 1760 spiritum,
2482 1706 2588 1745 non
2619 1705 2681 1746 ea
2709 1707 2826 1762 qua:
2852 1693 3037 1747 volunt
3067 1693 3264 1748 faciant
3291 1704 3349 1749 et
3370 1694 3495 1748 ﬁde-

1907 1781 2006 1846 les,
2038 1798 2142 1836 non
2170 1798 2231 1838 ea
2256 1799 2375 1854 quas
2397 1783 2582 1838 volunt
2602 1784 2794 1839 faciant
2813 1785 2973 1840 etiam
2996 1786 3048 1841 lii
3070 1787 3262 1858 quibus
3291 1798 3416 1843 sunt
3441 1789 3492 1842 in

1906 1872 2179 1945 Baptismo
2194 1873 2411 1929 dimissa
2436 1887 2684 1945 peccata;
2709 1891 2814 1930 non
2838 1892 2899 1931 ea
2925 1893 3045 1946 quae
3066 1879 3255 1932 volunt
3275 1879 3495 1946 faciant,

1907 1983 2042 2040 quos
2066 1970 2352 2039 Apostolus
2373 1985 2436 2025 ex
2460 1969 2640 2024 auditu
2663 1969 2784 2025 ﬁdei
2810 1969 2936 2024 dicit
2951 1972 3220 2041 accepisse
3241 1972 3494 2043 Spiritum

1908 2070 2148 2116 sanctum
2189 2061 2297 2134 (Id.
2320 2078 2400 2129 ιιι,
2433 2062 2487 2133 2)
2515 2081 2527 2118 :
2557 2073 2826 2132 postremo
2852 2078 2958 2118 non
2984 2080 3042 2118 ea
3067 2080 3183 2132 quze
3209 2064 3396 2118 volunt
3417 2064 3498 2119 fa-

1909 2153 2055 2208 ciant
2083 2169 2178 2224 per
2218 2154 2437 2210 liberam
2467 2154 2818 2219 voluntatem,
2847 2169 2980 2226 quos
3014 2155 3088 2209 ait
3130 2154 3269 2210 idem
3310 2155 3499 2210 doctor

1909 2245 2181 2315 Gentium,
2216 2256 2432 2302 vocatos
2463 2247 2516 2301 in
2539 2247 2839 2302 libertatem
2867 2245 2979 2318 (Id.
3011 2264 3061 2313 v,
3098 2245 3233 2319 1'5)?
3264 2248 3488 2312 Deinde,

1911 2345 2018 2392 tam
2045 2337 2277 2393 disertus
2302 2337 2553 2393 defensor
2581 2340 2694 2406 ipse
2719 2338 2952 2394 libidinis
2978 2380 2991 2400 ,
3025 2339 3113 2408 qui
3145 2338 3291 2393 velut
3318 2346 3498 2408 patro-

1910 2445 2013 2486 nus
2038 2430 2281 2502 egregius
2307 2445 2402 2500 pro
2431 2439 2675 2500 suscepta
2707 2439 2792 2484 tua
2824 2439 3024 2484 tantum
3048 2429 3213 2484 audes
3236 2468 3252 2495 ,
3283 2442 3338 2484 ut
3362 2445 3498 2486 con-

1912 2521 2226 2592 piscentiam
2254 2521 2450 2588 carnis,
2478 2536 2582 2591 qua
2602 2520 2928 2590 concupiscit
2948 2520 3204 2574 adversus
3229 2520 3496 2590 spiritum,

1911 2616 2072 2672 etiam
2101 2615 2152 2670 in
2185 2615 2432 2686 paradiso
2472 2630 2580 2670 non
2607 2614 2815 2670 dubites
2845 2613 3004 2668 fuisse
3035 2626 3161 2668 ante
3187 2623 3500 2683 peccatum;

1913 2721 2019 2762 non
2039 2706 2193 2762 vides
2213 2706 2278 2760 ad
2296 2705 2398 2760 hoc
2416 2713 2468 2761 te
2487 2705 2758 2776 compelli,
2775 2712 2833 2758 ut
2852 2704 2997 2760 dicas
3013 2718 3113 2760 nec
3130 2713 3258 2760 tunc
3273 2703 3434 2760 fuisse
3449 2706 3502 2760 in

1911 2799 2015 2855 illis
2046 2799 2230 2871 primis
2265 2797 2569 2854 hominibus
2597 2797 2868 2853 elﬁcacem
2894 2796 3506 2853 liberamvoluntatem?

1912 2887 1968 2945 Si
1997 2889 2140 2944 enim
2155 2899 2210 2944 et
2233 2898 2358 2944 tunc
2381 2903 2510 2944 caro
2528 2888 2941 2958 concupiscebat
2959 2887 3501 2958 adversus'spiritum,

1914 2996 2021 3038 non
2037 2996 2099 3037 ea
2115 2997 2234 3052 quae
2247 2981 2497 3036 volebant
2516 2980 2698 3051 utique
2718 2979 3004 3036 faciebant.
3022 2979 3126 3036 Sed
3148 2979 3395 3050 quoniam
3413 2994 3507 3049 per

1913 3074 2138 3131 liberum
2168 3073 2468 3140 arbitrium,
2493 3073 2634 3144 quod
2676 3081 2801 3128 tunc
2839 3072 3210 3144 integerrimas
3233 3071 3377 3126 vires
3403 3070 3504 3125 ha-

1913 3167 2050 3235 buit,
2073 3181 2136 3222 ea
2163 3165 2428 3222 faciebant
2451 3165 2639 3237 procul
2665 3164 2826 3219 dubio
2855 3179 2973 3234 qua:
3007 3163 3276 3226 volebant,
3310 3162 3362 3216 id
3399 3173 3502 3227 est,

1914 3258 2107 3314 divina:
2149 3258 2250 3329 legi
2293 3272 2399 3312 non
2429 3256 2602 3312 solum
2651 3255 2795 3309 nulla
2837 3254 3290 3324 impossibilitate,
3321 3267 3506 3308 verum

1914 3350 2076 3406 etiam
2104 3349 2245 3404 nulla
2273 3347 2590 3403 difﬁcultate
2631 3345 2938 3402 serviebant
2981 3363 2994 3398 :
3038 3353 3124 3399 tua
3154 3345 3226 3400 ibi
3256 3351 3507 3414 suscepta

1917 3457 2024 3497 non
2049 3441 2168 3507 fuit,
2193 3456 2296 3511 qua
2321 3454 2446 3495 caro
2465 3439 2794 3509 concupiscit
2817 3439 3077 3494 adversus
3101 3437 3342 3508 spiritum
3368 3453 3383 3503 ;
3407 3451 3506 3506 per

1915 3548 2073 3604 quam
2103 3533 2163 3588 ﬁt
2188 3541 2246 3588 ut
2265 3532 2516 3588 homines
2539 3532 2648 3602 iam
2679 3532 2840 3586 etiam
2868 3547 2963 3602 per
2987 3531 3146 3586 iidem
3172 3531 3415 3586 conversi
3437 3527 3506 3584 ad

1916 3627 2117 3698 Deum,
2143 3627 2252 3696 iam
2281 3624 2528 3696 baptizati
2549 3665 2563 3690 ,
2592 3623 2904 3679 sanctiﬁcati
2926 3664 2939 3686 ,
2985 3623 3037 3676 in
3069 3622 3371 3677 libertatem
3401 3634 3501 3675 vo.

1916 3719 2062 3788 cati,
2091 3734 2196 3774 non
2230 3719 2424 3775 faciant
2451 3718 2502 3772 in
2530 3717 2911 3788 exstinguenda
2946 3716 3132 3770 vitiosa
3158 3716 3508 3770 delectatione

1916 3827 2036 3884 quae
2063 3811 2266 3867 volunt.
2311 3809 2770 3880 Verissimumque
2813 3807 2942 3864 illud
2969 3819 3078 3871 est,
3109 3794 3249 3878 quod
3281 3823 3378 3877 per
3406 3823 3505 3860 an-

1919 3905 2137 3960 tistitem
2171 3902 2509 3958 Ambrosium
2539 3900 2668 3956 ﬁdes
2702 3900 2964 3955 catholica
2989 3900 3142 3964 dixit,
3192 3899 3291 3953 hoc
3320 3899 3507 3954 vitium

1917 4011 2022 4066 quo
2047 4011 2174 4051 caro
2203 3993 2532 4064 concupiscit
2559 3993 2819 4047 adversus
2841 3991 3107 4062 spiritum,
3141 4003 3236 4058 per
3261 3990 3510 4060 praevari-

1917 4088 2182 4144 cationem
2232 4086 2386 4156 primi
2438 4085 2670 4140 hominis
2723 4084 2777 4138 in
2816 4093 3051 4138 nostram
3095 4085 3316 4138 vertisse
3361 4091 3512 4136 natu-

1917 4195 2032 4236 ram
2061 4178 2198 4252 (Lib.
2240 4179 2271 4233 7
2305 4179 2358 4232 in
2395 4177 2524 4232 Luc.
2555 4193 2650 4243 xu,
2684 4177 2800 4248 55).
2833 4176 2949 4243 Quo
2992 4177 3098 4230 telo
3141 4175 3431 4230 inevitabili
3457 4184 3513 4231 et

1919 4273 2265 4344 insuperabili
2295 4271 2530 4326 veritatis
2556 4312 2571 4338 ,
2603 4277 2660 4326 et
2685 4269 3011 4325 Manichmus
3040 4269 3386 4323 obtruncatur
3411 4309 3426 4335 ,
3456 4277 3512 4323 et

1919 4375 1999 4422 tu.
2024 4366 2197 4422 Ambo
2223 4365 2418 4437 quippe
2447 4365 2498 4419 in
2526 4364 2626 4419 hac
2649 4381 2728 4431 re,
2759 4365 2937 4419 videto
2965 4363 2985 4394 ³
3010 4363 3130 4433 quis
3157 4373 3389 4416 vestrum
3419 4378 3511 4433 pc-

1917 4461 2038 4532 jus,
2068 4470 2243 4515 tamen
2270 4473 2491 4530 prorsus
2515 4458 2706 4514 erratis
2737 4476 2751 4513 :
2783 4467 2835 4511 tu
2879 4467 3162 4527 propterea
3185 4498 3198 4521 ,
3237 4456 3359 4525 quia
3385 4472 3511 4510 con-

1921 4552 2094 4609 tendis
2113 4551 2252 4622 quod
2275 4552 2371 4604 ista
2393 4549 2694 4621 pestilentia
2716 4549 2910 4602 malum
2929 4561 3032 4602 non
3055 4547 3124 4602 sit
3147 4563 3160 4611 ;
3198 4546 3283 4600 ille
3305 4556 3505 4610 autem,

1919 4645 2043 4716 quia
2086 4645 2281 4698 malum
2311 4643 2522 4713 quidem
2559 4641 2816 4709 agnoscit,
2851 4639 2944 4694 sed
2983 4639 3121 4694 unde
3143 4640 3211 4694 sit
3239 4641 3428 4706 nescit,
3461 4650 3511 4693 ιιι

1921 4736 2027 4792 [ide
2073 4733 2333 4790 catholica
2392 4733 2678 4788 destitutus
2723 4731 2950 4786 fabulam
3005 4731 3404 4785 mendaciorum
3457 4741 3511 4784 ct

1923 4827 2305 4897 turpitudinum
2354 4826 2606 4895 plenam,
2653 4824 2719 4878 de
2757 4824 2981 4877 duarum
3031 4832 3339 4876 naturarmn
3388 4822 3512 4876 horai

1921 4922 2126 4978 scilicet
2171 4929 2224 4976 ct
2276 4919 2400 4974 mali
2451 4918 2802 4989 permixtione
2851 4916 3141 4985 componit.
3190 4915 3341 4969 Nunc
3385 4933 3512 4981 ergo

1921 5025 2102 5071 nostra
2134 5013 2336 5084 iustitia
2365 5020 2470 5078 est,
2498 5019 2554 5065 ut
2575 5009 2848 5081 iustiﬁcati
2882 5024 2975 5078 per
3003 5007 3158 5062 ﬁdem
3205 5023 3383 5076 pacem
3413 5008 3506 5061 lia-

1920 5107 2141 5162 beamus
2179 5106 2246 5160 ad
2296 5104 2458 5159 Deum
2505 5102 2681 5172 (Rom.
2715 5117 2768 5167 v,
2815 5101 2904 5170 4);
2951 5108 3132 5154 contra
3170 5116 3295 5153 vero
3335 5098 3520 5153 carnis

1921 5196 2407 5268 concupiscentiam
2471 5210 2567 5250 nos
2608 5201 3024 5264 oppugnantem,
3067 5208 3161 5262 per
3207 5192 3371 5261 ipsius
3414 5191 3508 5245 Det

1921 5289 2172 5344 auxilium
2220 5293 2547 5357 repugnante
2577 5284 2598 5316 ’⁸
2649 5284 2839 5354 Spiritu
2887 5283 3221 5338 dimicemus.
3265 5279 3378 5333 Non
3423 5291 3507 5334 est

1921 5398 2049 5455 ergo
2073 5381 2232 5450 huius
2259 5381 2380 5434 vim
2402 5377 2628 5448 iustitia,
2662 5377 2846 5431 vitium
2875 5392 2978 5431 non
3011 5374 3232 5436 habere;
3263 5372 3352 5425 sed
3384 5371 3510 5424 vitia

1921 5490 2028 5528 non
2076 5472 2156 5528 eis
2200 5467 2586 5525 consentiendo
2641 5468 2901 5533 minuere,
2955 5465 3137 5534 eisque
3185 5461 3502 5528 resistendo,

1923 5571 2279 5634 temperanter
2306 5569 2360 5614 et
2383 5560 2524 5630 iuste
2550 5568 2603 5614 et
2633 5560 2716 5630 pic
2748 5558 2945 5612 vivere.
2979 5555 3192 5610 Nullum
3225 5562 3400 5606 autem
3426 5555 3510 5607 cui

1921 5657 2233 5713 resistamus
2264 5654 2459 5708 habere
2505 5653 2710 5719 vitium,
2759 5648 3068 5721 posterioris
3098 5655 3179 5700 cst
3219 5643 3359 5710 vit-.r,
3393 5661 3511 5715 qua:

1986 5769 2004 5801 ι
2038 5769 2111 5817 Sic
2133 5775 2238 5816 Mss.
2273 5765 2408 5822 editi,
2433 5764 2561 5830 fecit.
2691 5825 2698 5830 _
3184 5819 3195 5830 O

1985 5833 2006 5862 ¹
2042 5830 2329 5891 \‘ignieritis,
2353 5824 2745 5891 concupiscendo.
2773 5833 2826 5876 At
2846 5830 2972 5880 Mss,
2995 5824 3375 5883 concupiscente.

1987 5895 2008 5924 ³
2042 5889 2191 5940 Vetus
2213 5890 2364 5939 '3’ch
2386 5889 2524 5946 (:lar.,
2549 5889 2728 5938 ridere.

1986 5955 2006 5986 ⁸
2040 5961 2104 6003 tta
2129 5961 2230 6003 .\l&-3.
2257 5953 2373 6005 ΝΜ
2398 5961 2580 6011 autem,
2608 5959 2939 6012 ri‘pm'munhfs.

2717 6037 3000 6117 (Querar.
3015 6040 3065 6092 lc
3084 6068 3087 6071 -
3107 6029 3308 6111 ltuit.)
