3990 6480
362 1066 412 1109 θξ

451 551 591 610 bene
629 558 795 622 geste
840 552 1117 625 praesentis
1142 560 1229 610 est
1267 554 1578 625 premium;
1621 557 1897 612 sanatione
1938 570 2037 611 no-

450 652 599 709 stne,
638 657 745 699 non
772 643 933 714 (sicut
972 642 1317 711 Manichacus,
1347 647 1500 715 cujus
1524 661 1585 702 es
1624 646 1854 719 adjutor,
1893 646 2038 701 iusa-

451 734 556 803 nit)
580 733 769 791 alienae
793 735 1129 805 separatione
1156 744 1378 791 naturai.
1408 736 1557 799 Ecce
1575 737 1765 809 dogma
1792 746 2035 793 nostrum

344 856 347 861 -
450 840 560 887 non
584 833 670 883 est
692 824 760 881 ds
786 825 1061 889 Manicbmi
1084 841 1260 896 emno,
1287 828 1429 883 sicut
1454 828 1754 884 criminaris
1773 870 1788 897 ,
1814 844 2034 900 expres-

452 931 609 981 sum;
637 931 744 987 quo
771 916 1020 992 dogmate
1044 917 1427 987 Manicheum,
1460 921 1506 976 si
1534 935 1643 977 non
1668 936 1881 979 omnem
1906 937 2034 978 sen-

448 1024 569 1067 sum
595 1011 842 1075 amisisti,
866 1020 1041 1068 tecum
1069 1014 1247 1071 cernis
1275 1026 1610 1085 Oppressum.

446 1288 587 1359 quod
611 1303 756 1359 stupe
776 1288 887 1360 jam
907 1287 1150 1356 fecimus,
1180 1305 1250 1347 ne
1277 1305 1383 1346 uno
1408 1291 1623 1362 quidem
1653 1290 1789 1364 pede
1809 1306 1839 1346 a
1862 1292 2029 1347 Mani-

446 1380 716 1437 clueorum
740 1395 837 1437 vos
861 1382 1146 1453 gurgustiis
1173 1381 1568 1453 meritoriisque
1592 1381 1887 1438 discedere.
1916 1382 2025 1437 Inl-

445 1470 519 1533 tio
545 1472 719 1542 igitur,
756 1473 1180 1529 amentissimum
1209 1481 1295 1529 est
1332 1474 1535 1529 arbitrii
1567 1475 1832 1545 negotium
1862 1474 2025 1529 semi-

444 1561 599 1623 nibus
619 1562 914 1619 immixtum
943 1571 1149 1633 putare,
1199 1574 1253 1619 et
1278 1564 1453 1621 oflleia
1499 1565 1828 1620 voluntatum
1859 1566 2027 1620 inole—

442 1652 588 1715 visse
619 1655 1007 1725 conceptibus:
1036 1664 1094 1709 ut
1138 1670 1223 1725 ea,
1253 1671 1378 1728 qua:
1405 1666 1488 1712 est
1527 1657 1824 1711 clarissima
1867 1663 2026 1726 atque

439 1747 759 1816 vastissima,
790 1758 1095 1805 naturarum
1125 1756 1181 1805 et
1204 1750 1499 1805 studiorum
1530 1749 1870 1805 distinctione
1897 1748 2024 1803 sub-

439 1838 565 1907 lata,
594 1839 840 1897 voluntas
871 1841 1164 1910 primorum
1216 1842 1447 1912 posteris
1485 1855 1546 1897 se
1587 1840 1892 1912 ingenuisse
1937 1839 2022 1895 di-

441 1944 610 1989 catur.
647 1933 743 1991 Cui
774 1935 945 1990 errori
997 1934 1296 1989 obluctatur
1324 1933 1579 2005 quidquid
1623 1933 1676 1987 in
1720 1932 1880 1988 rebus
1917 1939 2017 1988 est.

438 2026 715 2098 Nunquam
745 2027 1010 2098 siquidem
1038 2027 1130 2083 lilii
1157 2028 1480 2083 disertorum
1512 2036 1845 2082 venustatem
1889 2026 2021 2080 artis

436 2128 670 2189 paterna:
706 2119 761 2176 in
787 2120 1052 2191 vagitibus
1079 2122 1391 2189 attulerunt,
1429 2129 1519 2175 aut
1552 2120 1766 2175 soboles
1805 2119 2021 2175 histrio-

435 2226 564 2275 num
608 2210 781 2268 doctis
811 2213 1041 2275 motibus
1081 2212 1145 2269 ad
1187 2212 1349 2266 verba
1400 2226 1588 2267 manus
1619 2209 1877 2275 tetendit;
1923 2224 2022 2265 nec

436 2302 755 2371 bellaturum
785 2301 878 2357 lilii
905 2302 1082 2359 tubam
1104 2303 1300 2374 popqu
1320 2309 1699 2374 poposcerunt.
1740 2300 1889 2355 Licet
1920 2299 2020 2356 hac

433 2392 625 2459 forum,
670 2393 914 2464 exempla
939 2393 1174 2448 omnium
1205 2393 1447 2463 persequi
1477 2392 1707 2447 clariora
1734 2391 2018 2447 tonitribus

433 2484 788 2555 concinentia.
819 2482 1183 2554 Respondebit
1212 2483 1552 2550 universitas,
1600 2482 1734 2537 alios
1771 2496 1891 2538 esse
1916 2497 2016 2537 na-

442 2585 575 2643 tura:
604 2576 825 2643 limites,
856 2574 992 2631 alios
1017 2574 1337 2639 voluntatis;
1381 2574 1819 2645 conditionesque
1850 2574 2016 2629 semi-

433 2683 562 2727 num
582 2667 880 2726 studiorum
900 2666 1223 2737 appetitibus
1251 2665 1460 2736 pervias
1486 2665 1504 2698 ι
1531 2679 1652 2721 esse
1689 2679 1796 2720 non
1832 2679 2008 2735 posse.

434 2757 818 2819 Bmdiuimum
858 2756 1038 2826 itaque
1088 2765 1143 2811 et
1187 2754 1450 2826 depositae
1492 2753 1797 2810 stoliditatis
1842 2769 2011 2826 appa-

435 2849 607 2915 ruiti,
640 2847 861 2907 credere
897 2860 1212 2904 conversum
1241 2847 1297 2902 in
1341 2855 1607 2914 naturam,
1656 2846 1798 2917 quod
1826 2846 2015 2901 volun-

433 2941 626 3001 tarium
655 2939 821 3003 fuisse
849 2939 1068 2998 fateare.
1094 2940 1359 3003 Gtcterum
1385 2938 1514 2994 illud
1540 2939 1683 2994 aliud
1708 2940 1867 3010 longe
1891 2938 2012 2993 lon-

431 3047 603 3103 geque
624 3032 941 3097 deformius,
963 3032 1104 3103 quod
1138 3032 1544 3103 possibilitatem
1573 3031 1827 3102 operandi
1857 3031 2013 3087 initio

431 3126 513 3187 ais
545 3127 873 3196 operationis
911 3126 1267 3197 absumptam,
1294 3126 1346 3180 id
1371 3136 1474 3193 est,
1502 3134 1562 3187 ut
1602 3126 1827 3183 liberum
1870 3127 2014 3183 arbi-

434 3218 592 3275 trium
619 3217 782 3290 (quod
804 3233 909 3274 non
935 3218 1183 3274 estaliud
1208 3234 1364 3289 quam
1405 3217 1730 3289 possibilitas
1754 3219 2010 3289 peccandi

429 3320 486 3367 et
511 3326 617 3369 non
640 3311 893 3381 peccandi
915 3310 958 3377 ἓ,
993 3311 1123 3365 nulli
1154 3311 1320 3381 partis
1346 3310 1617 3365 alterutrae
1640 3309 1850 3366 subdita
1890 3310 2008 3367 vio-

431 3402 630 3468 lentiae,
676 3401 769 3459 sed
812 3417 931 3473 qua:
959 3402 1150 3457 habeat
1186 3400 1488 3457 facultatem
1520 3402 1573 3455 in
1610 3400 1751 3471 quod
1777 3400 2010 3458 voluerit

429 3493 570 3551 latus
609 3501 801 3564 suopte
838 3492 1119 3549 insistendi
1167 3490 1472 3563 arbitratu),
1514 3502 1795 3563 postquam
1844 3494 2011 3564 empit

429 3587 658 3643 alterum
684 3586 840 3651 velle,
868 3595 1150 3655 utrumque
1178 3599 1332 3653 posse
1352 3582 1663 3655 perdiderit.

499 3680 636 3737 Atto.
676 3677 824 3733 itane
864 3691 995 3732 vero
1033 3690 1137 3731 non
1176 3676 1372 3741 cernis,
1419 3675 1709 3731 Manichaee
1734 3683 1806 3741 te,
1851 3678 2006 3748 igno-

429 3779 611 3826 ranter
631 3768 866 3840 quidem,
895 3767 989 3824 sed
1015 3768 1272 3827 instanter
1295 3775 1471 3823 tamen
1506 3767 1610 3823 isto
1637 3777 1740 3823 tua:
1765 3768 2006 3838 loquaci-

432 3862 555 3919 tatis
591 3861 774 3917 inflato
816 3869 978 3931 atque
1017 3873 1271 3930 spumoso
1298 3859 1523 3929 strepitu
1562 3859 1882 3929 suffragari?
1946 3857 2006 3913 Si

433 3952 575 4007 enim
602 3959 872 4021 quaerente
895 3950 988 4006 illo
1012 3967 1043 4005 a
1068 3950 1222 4021 nobis
1244 3950 1385 4005 unde
1398 3950 1468 4005 sit
1494 3950 1709 4016 malum,
1731 3965 1834 4020 qua
1857 3964 2007 4021 qum-

430 4042 602 4101 stione
650 4049 1041 4099 consueveth
1088 4040 1253 4097 corda
1297 4041 1557 4096 inerudita
1608 4042 1854 4109 turbare;
1905 4057 2005 4097 nos

390 4141 404 4151 '
434 4129 902 4201 responderemus,
948 4131 1015 4187 de
1055 4131 1223 4197 libera
1254 4132 1525 4187 voluntate
1555 4134 1827 4189 rationalis
1854 4149 2006 4189 crea-

433 4233 563 4279 tura:
605 4230 887 4281 exortum:
911 4229 1071 4293 atque
1105 4223 1197 4279 ille
1230 4223 1470 4291 diceret,
1523 4222 1679 4280 Unde
1713 4239 1843 4295 ergo
1880 4234 2005 4289 sunt

433 4323 529 4369 ista
552 4322 629 4373 tot
652 4313 809 4380 mala,
837 4329 957 4384 qua:
989 4329 1093 4375 non
1125 4314 1234 4384 jam
1265 4314 1422 4379 natis,
1453 4322 1509 4371 et
1532 4315 1818 4371 voluntatis
1855 4317 2006 4372 arbi-t

433 4405 533 4461 trio
557 4403 847 4461 accedente
875 4413 1032 4461 aetate
1050 4403 1163 4475 jam
1184 4405 1455 4462 utentibus
1470 4405 1738 4473 accidunt,
1767 4407 1865 4463 sed
1880 4423 2005 4465 cum

430 4498 620 4569 quibus
644 4498 725 4553 vel
745 4511 954 4565 omnes,
998 4497 1082 4555 vel
1116 4496 1354 4568 plerique
1376 4499 1706 4561 nascuntur?
1748 4498 2009 4556 Omnibus

430 4590 624 4663 quippe
647 4589 924 4660 congenita
949 4597 1031 4649 eat
1061 4589 1238 4647 carnis
1262 4590 1707 4660 concupiscentia,
1748 4606 1853 4661 qua
1878 4606 2011 4647 caro

429 4679 753 4748 concupiscit
775 4678 1033 4745 adversus
1055 4678 1300 4749 spiritum
1319 4718 1335 4745 ,
1364 4680 1525 4737 etiam
1548 4688 1693 4739 recta
1722 4678 1825 4737 lide
1845 4688 2008 4752 atque

429 4769 667 4831 doctrina
712 4770 923 4839 pietatis
962 4770 1254 4837 imbutum;
1306 4770 1551 4828 omnibus
1595 4772 1876 4842 congenita
1923 4781 2007 4831 est

428 4861 669 4932 quaedam
695 4861 855 4917 etiam
883 4860 1100 4917 tarditas
1125 4862 1335 4928 mentis,
1382 4878 1487 4932 qua
1514 4871 1568 4917 et
1614 4861 1667 4918 hi
1705 4862 1794 4933 qui
1823 4864 2006 4934 appel-

429 4954 602 5016 lantur
628 4952 908 5024 ingeniosi,
942 4967 1050 5009 non
1086 4960 1263 5011 tamen
1300 4953 1414 5009 sine
1447 4952 1627 5023 aliqua
1651 4953 1849 5011 laboris
1870 4971 2009 5011 (cru-

428 5062 494 5105 na
522 5047 609 5103 vel
635 5061 995 5117 quascumque
1009 5055 1170 5110 artes,
1199 5046 1283 5102 vel
1313 5061 1404 5104 eas
1431 5046 1590 5103 etiam
1603 5061 1734 5117 quas
1751 5046 2003 5105 liberales

430 5146 772 5206 nuncupant,
806 5137 1034 5203 discunt,
1063 5139 1147 5194 vel
1175 5138 1339 5208 ipsius
1379 5138 1655 5208 religionis
1699 5139 2008 5199 uberiorem

428 5230 703 5285 scientiam
728 5240 1144 5301 consequuntur.
1194 5230 1419 5296 Quidam
1459 5230 1619 5286 etiam
1646 5245 1877 5301 corpore
1906 5232 2003 5288 de-

429 5318 585 5375 formi
615 5329 668 5375 et
687 5320 970 5392 aliquando
987 5329 1348 5386 monstruoso,
1383 5312 1818 5388 multiobliviosl,
1853 5322 2007 5381 multi

428 5409 517 5483 ad_
544 5411 938 5482 intelligendum
987 5410 1125 5467 tardi
1168 5419 1226 5466 et
1266 5411 1500 5477 obtunsi,
1549 5413 1704 5469 multi
1740 5413 2002 5483 iracundi,

430 5477 580 5557 multi
633 5477 919 5568 libidinosi,
974 5501 1217 5561 nonnulli
1277 5501 1437 5557 etiam
1485 5505 1704 5562 omnino
1744 5505 2006 5564 excordes

494 5659 513 5734 ξ
546 5658 661 5734 E9!!!
686 5656 915 5734 τετίμηκε·
932 5660 1328 5734 ἕδεαιτθιιεμςηθξ.
1342 5663 1693 5734 Numinis:

493 5721 514 5751 ⁸
547 5718 749 5787 Εάἱιὶέέι
1062 5718 1353 5787 stoliditatis
1656 5723 1824 5787 melius
1842 5724 2000 5777 codex

430 5788 573 5855 Fort?
590 5786 635 5830 et
907 5782 982 5855 _(id
1005 5793 1099 5855 est,
1120 5778 1430 5855 (imperativi
1448 5778 1719 5855 stoliditatis
1735 5852 1742 5855 _
1759 5789 2003 5855 apparuit.

494 5842 515 5874 ³
546 5847 597 5890 ln
637 5842 778 5908 editis
808 5842 1091 5908 exciderat,
1114 5854 1159 5897 et
1198 5842 1292 5899 non
1625 5842 1900 5900 nestitui'mr
1938 5865 2004 5903 ex

429 5905 780 5967 mutueriptis.

1125 430 1371 496 OPERIS
1408 419 1817 497 IMPERFECTI
1852 437 2120 498 CONTRA
2160 436 2523 510 JULIANUM,
2563 443 2620 500 S.
2660 441 3029 503 AUGUSTINI

2144 555 2377 628 fatuique
2413 567 2718 616 nascuntur.
2745 560 2881 639 Quid
2900 561 3047 617 aliud
3081 561 3340 620 catholica
3370 567 3729 641 responderet

2142 646 2291 717 lides,
2324 649 2422 705 nisi
2449 649 2565 706 lucc
2585 651 2764 723 omnia
2791 653 2948 721 mala,
2974 670 3045 731 ex
3062 670 3168 758 quo
3186 657 3420 726 peccavit
3450 647 3635 731 homo,
3664 673 3727 722 et

2140 739 2207 795 de
2252 740 2518 812 paradiso,
2569 742 2748 813 idest,
2801 744 2921 801 loco
2957 739 3224 817 felicitatis
3271 749 3472 835 ejectus
3500 764 3604 823 est,
3651 772 3726 817 ex

2140 842 2325 888 natura
2353 850 2472 904 quae
2509 836 2712 906 peccati
2752 837 3066 907 contagione
3096 839 3274 896 vitiata
3323 853 3424 912 est,
3477 846 3725 913 exoriri?

2137 921 2319 995 Neque
2342 926 2504 992 enim,
2560 926 2607 981 si
2651 942 2809 983 nemo
2838 938 3134 1000 peccasset,
3184 931 3268 987 vel
3301 934 3423 997 talia
3471 935 3524 990 in
3565 952 3727 1007 para-

2135 1012 2272 1081 diso,
2307 1015 2391 1071 vel
2420 1015 2522 1071 alia
2550 1015 2656 1072 ulla
2684 1018 2808 1073 vitia
2837 1029 3203 1077 nascerentur.
3246 1008 3364 1093 Quo
3391 1025 3598 1093 audito,
3629 1027 3726 1084 ille

518 1101 611 1159 IX.
635 1101 757 1159 Jun.
788 1103 951 1167 Nobis
977 1105 1137 1176 igitur
1164 1105 1217 1161 in
1246 1108 1498 1176 praesenti
1524 1107 1889 1164 convincenda
1923 1106 2033 1178 pri—
2135 1114 2222 1160 tua
2250 1106 2486 1175 nobis,si
2509 1108 2749 1183 haberet,
2775 1111 2935 1167 verba
2955 1114 3224 1183 recitaret,
3241 1091 3329 1183 ubi
3358 1116 3512 1186 dicis,
3536 1137 3556 1170 ι
3584 1091 3726 1177 Esse

447 1210 536 1253 mo
590 1204 673 1253 est
712 1210 904 1253 sensus
937 1197 1101 1253 vestri
1141 1196 1443 1265 hebetudo;
1480 1207 1593 1254 tum
1640 1198 2029 1256 ostendendum

2132 1198 2573 1267 amentissimum,
2619 1200 2823 1257 arbitrii
2866 1202 3137 1274 negotium
3173 1206 3467 1264 seminibus
3496 1210 3722 1265 immix-

2134 1295 2243 1341 tum
2273 1295 2477 1358 putare,
2520 1301 2573 1346 et
2615 1289 2791 1347 ofﬁcia
2835 1292 3166 1350 voluntatum
3206 1296 3489 1355 inolevisse
3517 1316 3724 1356 conce-

2130 1377 2305 1447 ptibus
2334 1396 2349 1433 :
2382 1394 2402 1430 υ
2434 1387 2488 1436 et
2516 1379 2569 1436 in
2600 1380 2739 1437 hanc
2766 1385 3085 1440 sententiam
3107 1385 3359 1461 quidquid
3386 1390 3525 1445 aliud
3557 1392 3721 1447 addi-

2128 1465 2272 1532 disti,
2309 1483 2376 1523 ex
2412 1468 2517 1524 hoc
2546 1485 2663 1525 eam
2692 1472 2917 1542 probare
2964 1485 3208 1544 conatus,
3258 1492 3363 1548 quo
3383 1495 3481 1539 nec
3527 1479 3720 1536 diserti

2129 1556 2469 1626 disertorum,
2497 1575 2597 1616 nec
2617 1561 2904 1620 histriones
2926 1564 3270 1636 histrionum,
3296 1583 3397 1624 nec
3424 1569 3722 1628 bellatores

2128 1659 2418 1705 nascuntur
2453 1651 2546 1707 lilii
2587 1652 2921 1710 bellatorum.
2971 1656 3079 1712 Isto
3112 1666 3203 1714 tuo
3242 1659 3504 1732 adjutorio
3545 1662 3719 1735 Mani-

2128 1738 2310 1795 cltasus
2353 1741 2421 1795 ad
2459 1742 2562 1799 hoc
2613 1743 2779 1800 utitur
2805 1746 2845 1812 ί,
2869 1754 2930 1801 ut
2977 1757 3246 1820 Oppugnet
3285 1751 3424 1822 quod
3456 1751 3714 1825 dicimus,

2128 1842 2347 1901 peccato
2376 1835 2529 1903 primi
2557 1834 2787 1892 hominis
2828 1838 3112 1895 humanam
3142 1842 3375 1899 vitiatam
3422 1844 3588 1903 fuisse
3617 1864 3717 1903 na-

2128 1930 2321 1993 turam,
2354 1926 2587 1981 etiamin
2617 1930 2848 1998 posteris
2873 1931 2988 2000 ejus
3006 1932 3050 1999 ¹,
3093 1934 3182 2003 qui
3213 1935 3421 1993 ratione
3464 1938 3714 1995 seminali

2126 2016 2177 2069 in
2212 2017 2302 2071 illo
2330 2028 2503 2084 erant,
2535 2020 2746 2091 quando
2790 2021 2843 2077 in
2892 2023 2981 2079 illa
3033 2026 3216 2096 grandi
3271 2031 3716 2098 praevaricatione

2122 2110 2359 2178 peccavit
2389 2127 2402 2164 :
2429 2113 2571 2182 quod
2598 2128 2718 2168 cum
2765 2106 3164 2185 oppugnaverit,
3211 2119 3511 2176 introducat
3556 2137 3713 2179 com-

2122 2198 2429 2255 mixtionem
2471 2202 2692 2258 duarum
2732 2213 3039 2261 naturarum
3086 2224 3300 2264 suarum
3332 2210 3375 2279 ³,
3428 2220 3586 2283 atque
3640 2231 3712 2271 ex

2130 2292 2509 2349 commixtione
2523 2303 2724 2351 natura:
2752 2297 2907 2352 malm
2940 2298 3025 2353 illa
3056 2301 3215 2368 mala,
3242 2318 3362 2357 cum
3388 2305 3579 2375 quibus
3607 2306 3712 2361 lto-

2122 2380 2293 2436 mines
2334 2395 2641 2453 nascuntur,
2691 2398 2963 2443 asseveret
3006 2391 3255 2447 existere.
3305 2391 3382 2447 Tu
3424 2402 3601 2449 autem
3648 2406 3712 2451 ut

2121 2473 2251 2528 mihi
2295 2475 2531 2540 resistas,
2584 2493 2697 2532 rem
2741 2479 3177 2537 absurdissimam
3206 2492 3260 2537 et
3303 2480 3711 2542 detestabilissi-

2120 2579 2260 2619 mam
2298 2568 2506 2637 cogeris
2550 2567 2749 2637 dicere,
2809 2571 2946 2626 mala
2969 2573 3169 2629 scilicet
3224 2574 3323 2629 ista
3370 2580 3707 2635 nascentium

2120 2654 2278 2709 etiam
2308 2657 2361 2711 in
2390 2657 2632 2727 paradiso
2657 2669 2904 2715 exortura
2934 2661 3118 2731 fuisse,
3147 2667 3192 2719 si
3221 2679 3380 2721 nemo
3405 2681 3707 2736 peccasset.

2124 2745 2223 2801 llic
2241 2756 2293 2802 te
2312 2747 2631 2814 Manichacus
2655 2752 2885 2823 urgebit,
2918 2754 3129 2810 utdicas
3152 2756 3295 2813 unde
3323 2758 3529 2816 fuerant
3545 2776 3712 2818 exor-

2120 2847 2256 2891 tura.
2280 2838 2381 2895 Ubi
2404 2841 2608 2910 magnis
2650 2850 2951 2899 coarctatus
2991 2846 3278 2917 angustiis,
3307 2848 3352 2903 si
3395 2849 3593 2907 dixeris
3636 2870 3708 2910 ex

2117 2929 2247 2999 ipsis
2269 2932 2473 2986 naturis
2486 2934 2815 2989 nascentium
2835 2947 3079 2991 exortura
3098 2936 3260 2994 fuisse
3280 2941 3416 2995 mala
3442 2940 3564 3010 ista,
3584 2944 3709 3001 sine

2117 3022 2277 3078 ullius
2297 3022 2488 3079 merito
2516 3025 2843 3093 voluntatis;
2874 3029 3113 3100 profecto
3132 3046 3323 3102 argues
3340 3032 3654 3091 Creatorem
3686 3056 3702 3092 :

2116 3113 2259 3183 quod
2285 3128 2354 3169 ne
2380 3115 2562 3181 facias,
2594 3115 2963 3188 confugiturus
2983 3134 3041 3175 es
3069 3121 3136 3175 ad
3158 3123 3344 3178 merita
3366 3124 3705 3182 voluntatum

2115 3203 2396 3267 malarum.
2417 3204 2520 3261 Sed
2534 3206 2623 3262 illc
2647 3208 2966 3278 quaesiturus
2990 3219 3090 3275 est,
3118 3211 3398 3278 Quarum?
3420 3214 3536 3271 Non
3554 3218 3705 3273 enim

2114 3303 2198 3350 est
2229 3294 2476 3352 voluntas
2496 3298 2602 3352 ulla
2638 3301 2922 3367 seminum,
2964 3302 3046 3356 vel
3076 3303 3410 3360 nascentium
3449 3310 3706 3376 parvulo-

2113 3401 2253 3442 rum.
2279 3386 2418 3455 Quid
2446 3404 2574 3460 ergo
2598 3392 2837 3457 restabit,
2864 3393 2964 3448 nisi
2997 3401 3055 3449 ut
3085 3395 3362 3451 nobiscum
3409 3398 3703 3472 intelligas,

2113 3478 2159 3532 si
2189 3479 2269 3534 vis
2295 3480 2522 3539 evadere
2551 3481 2634 3537 vel
2670 3497 2925 3553 superare
2960 3485 3329 3554 Manichaeum,
3381 3491 3433 3543 in
3460 3492 3693 3549 occultis

2114 3572 2378 3642 originqu
2396 3572 2602 3629 sinibus
2632 3575 2856 3632 latenter
2881 3577 3139 3647 implicari
3167 3580 3328 3636 etiam
3367 3583 3571 3639 semina
3603 3600 3708 3641 na-

2114 3664 2396 3731 scentium,
2448 3663 2551 3720 et‘
2578 3680 2648 3721 ex
2697 3668 2835 3723 mala
2883 3669 3152 3727 voluntate
3195 3673 3460 3728 venientia
3506 3676 3704 3731 merita

2112 3754 2481 3825 generautium
2508 3770 2527 3809 :
2552 3756 2647 3812 sed
2673 3758 2827 3828 primi
2856 3759 3084 3817 hominis
3110 3770 3219 3817 tam
3254 3778 3502 3834 magnum
3532 3765 3704 3822 fuisse

2112 3857 2412 3916 peccatum,
2441 3856 2499 3904 ut
2522 3863 2681 3905 omne
2703 3864 2872 3921 genus
2900 3852 3207 3922 humanum,
3241 3863 3299 3910 ut
3320 3856 3496 3911 verbis
3525 3860 3703 3914 sancti

2112 3936 2333 3994 Joannis
2362 3948 2497 4005 utar,
2531 3940 2584 3995 in
2599 3954 2882 3997 commune
2904 3942 3181 4001 damnaret
3206 3944 3486 4017 (Cln'ysost.
3518 3945 3697 4017 Epist.

2112 4030 2183 4084 ad
2204 4029 2609 4103 Olympiadem)?
2640 4032 2720 4087 Ex
2741 4049 2846 4104 quo
2870 4035 3146 4091 coniicitur
3163 4037 3299 4093 maia
3323 4038 3422 4093 ista
3443 4050 3700 4096 exortura

2112 4136 2223 4176 non
2248 4121 2434 4190 fuisse,
2465 4123 2510 4177 si
2531 4139 2689 4183 nemo
2726 4135 3033 4195 peccasset;
3080 4143 3180 4183 nec
3218 4129 3273 4183 in
3301 4130 3544 4201 paradiso
3573 4146 3702 4189 esse

2113 4215 2370 4284 potuisse,
2397 4215 2540 4277 unde
2566 4217 2654 4286 qui
2683 4230 3053 4287 peccaverant,
3086 4230 3366 4292 antequam
3392 4224 3698 4296 gignerent,

2113 4306 2379 4360 exierunt.
2412 4306 2529 4374 Quo
2549 4307 2813 4363 catholico
2840 4309 3087 4381 dogmate
3117 4324 3372 4370 vacuatur
3393 4357 3408 4382 ,
3457 4313 3597 4385 quod
3625 4314 3702 4374 de

2112 4398 2314 4454 artibus
2340 4400 2536 4468 putasti
2560 4415 2682 4456 esse
2710 4402 3066 4471 subdendum,
3098 4406 3390 4464 admonens
3422 4425 3539 4477 nos,
3569 4426 3699 4467 cum

2113 4492 2196 4545 sui
2236 4492 2406 4562 patris
2446 4500 2564 4548 arte
2617 4495 2882 4551 neminem
2929 4498 3097 4553 nasci.
3150 4499 3308 4556 Aliud
3335 4510 3417 4556 est
3459 4518 3699 4574 namque

2114 4594 2337 4652 peccare
2364 4583 2416 4639 in
2455 4585 2714 4653 moribus,
2766 4589 2959 4657 quibus
2993 4596 3142 4647 recte
3179 4593 3395 4658 vivitur,
3419 4594 3561 4667 quod
3605 4596 3701 4652 vel

2115 4674 2320 4745 legibus
2361 4676 2501 4733 solet
2527 4678 2610 4734 vel
2656 4677 2836 4734 divino
2868 4680 3071 4750 judicio
3108 4683 3395 4752 vindicari;
3442 4686 3584 4741 aliud
3640 4688 3698 4744 in

2113 4767 2337 4834 artibus,
2382 4769 2496 4825 sive
2536 4769 2774 4827 honestat
2818 4773 2946 4840 sint,
2988 4775 3100 4829 sive
3128 4782 3331 4847 turpes,
3376 4776 3465 4833 ubi
3504 4792 3701 4837 contra

2114 4868 2282 4927 artem
2327 4858 2521 4916 factum
2557 4863 2753 4933 aliquid
2791 4863 2984 4921 dicitur
3015 4884 3029 4920 :
3061 4862 3187 4936 qua),
3219 4880 3434 4940 peccata
3473 4888 3579 4926 non
3608 4873 3701 4928 di-

2113 4953 2235 5007 vina
2264 4952 2351 5008 vel
2373 4954 2836 5023 reprehenduntur
2864 4958 3002 5029 lege,
3031 4959 3113 5014 vel
3145 4962 3428 5017 severitate
3451 4962 3700 5033 plectun-

2113 5051 2227 5108 tur;
2255 5042 2349 5099 sed
2374 5045 2442 5099 ab
2467 5046 2535 5099 iis
2560 5046 2886 5115 hominibus,
2928 5064 3153 5119 quorum
3177 5052 3390 5121 judiciis
3419 5053 3535 5109 lucc
3560 5056 3702 5109 sub-

2107 5135 2309 5206 jaceat,
2351 5139 2686 5208 maximeque
2729 5155 2761 5195 a
2806 5142 3072 5212 magistris
3100 5158 3304 5212 earum,
3346 5161 3467 5202 cum
3496 5162 3704 5216 pueros

2113 5226 2327 5289 docent,
2363 5228 2462 5282 sub
2484 5229 2673 5285 timore
2700 5238 2791 5285 aut
2834 5231 3019 5288 dolore
3063 5248 3361 5304 prunarum.
3403 5235 3512 5304 Qua
3551 5241 3601 5291 in
3637 5255 3702 5295 re

2113 5326 2292 5373 tamen
2319 5318 2555 5389 cogitare
2579 5319 2857 5389 debemus,
2901 5324 3022 5393 quia
3049 5325 3092 5378 si
3122 5324 3175 5379 in
3224 5326 3468 5395 paradiso
3492 5328 3701 5397 aliquid

2113 5406 2429 5476 disceretur,
2444 5409 2586 5480 quod
2605 5410 2683 5466 illi
2696 5412 2819 5467 vita:
2840 5422 2984 5470 esset
3009 5415 3137 5471 utile
3163 5417 3320 5485 scire,
3345 5418 3460 5474 sine
3480 5418 3589 5473 ullo
3617 5420 3703 5473 la-

2177 5605 2385 5669 ιιτοηθ,
2408 5612 2592 5663 utatur.

2175 5668 2199 5739 ξ
2227 5670 2427 5739 sicitas.
2452 5678 2503 5722 tu
2523 5671 2781 5739 vignterio,
2805 5671 2951 5729 etiam
2967 5670 3021 5724 in
3041 5678 3249 5739 posteros
3268 5674 3389 5737 ejus.

2178 5729 2200 5762 ³
2229 5730 2389 5781 Codex
2441 5729 2603 5795 Port.,'
2622 5729 2836 5784 duarum
2886 5729 3184 5800 naturarum,
3244 5729 3416 5801 atcue;
3473 5746 3660 5789 omisso
3686 5772 3709 5803 ι

2115 5803 2333 5842 suarum.

2177 5854 2222 5967 ἴε
2232 5856 2312 5903 Hic
2337 5858 2632 5970 [auctoritate
2672 5867 2752 5909 Ms.
2785 5866 2911 5909 Port.
2958 5859 3175 5910 addimus
3202 5858 3505 5926 copuhntem
3545 5860 3711 5926 ΡΠ·ιῆ

2224 5933 2287 5970 m.
2311 5932 2336 5968 ρ
2361 5956 2371 5968 .
3091 5954 3097 5959 ~

2115 5930 2287 5977 cutam,
2311 5930 2371 5970 ct.
3091 5954 3097 5959 ε
