3962 6476
202 472 344 536 151⁸1

205 595 337 650 bore
362 598 454 648 aut
471 589 656 660 dolore
681 588 736 646 id
760 592 1134 658 assequeretur
1155 578 1311 642 beata
1332 592 1540 652 natura,
1562 583 1648 640 vel
1673 582 1790 638 Deo

206 685 455 748 docente,
486 681 570 738 vel
593 695 653 738 se
677 680 811 752 ipsa.
840 677 994 737 Unde
1013 677 1133 751 quis
1162 693 1270 733 non
1293 677 1577 747 intelligat,
1609 675 1665 730 in
1693 675 1794 730 hac

207 779 310 833 vita
341 777 502 833 etiam
530 782 792 832 tormenta
819 772 1134 830 discentium
1159 772 1224 828 ad
1253 771 1501 828 miserias
1517 770 1675 842 hujus
1695 783 1803 825 sse-

206 869 332 935 culi,
355 868 496 938 quod
523 881 588 924 ex
609 881 716 922 uno
743 865 797 922 in
820 864 1318 921 condemnationem
1341 868 1690 934 propagatum
1715 867 1800 916 est

209 964 386 1036 (Rom.
418 979 468 1028 v,
500 959 611 1035 16),
639 958 948 1032 pertinere?
977 957 1076 1016 Ubi
1100 957 1259 1015 etiam
1287 957 1542 1013 miserum
1573 954 1676 1010 hoc
1691 960 1793 1022 est,

205 1055 434 1111 miseras
467 1064 673 1110 mentes
716 1051 858 1108 nolle
897 1051 1038 1123 quod
1085 1050 1286 1107 bonum
1321 1057 1438 1116 est;
1477 1047 1562 1105 vel
1601 1047 1646 1103 si
1686 1046 1798 1118 jam

208 1157 391 1218 parata
421 1156 504 1203 est
533 1147 823 1203 voiuntasa
856 1145 1080 1202 Domino
1122 1140 1306 1214 (Prov.
1329 1155 1444 1210 vm,
1470 1157 1571 1196 sec.
1602 1137 1796 1210 LXX),

207 1240 439 1295 clamare
486 1248 662 1294 tamen
693 1237 866 1294 adhuc
905 1252 1028 1294 eum
1055 1235 1144 1306 qui
1175 1235 1227 1291 in
1260 1237 1361 1290 hoc
1400 1233 1530 1289 vivit
1576 1231 1795 1300 saeculo,

218 1330 357 1386 Velle
377 1333 577 1404 adjacet
597 1330 760 1396 mihi;
785 1331 1024 1406 perﬁcere
1051 1337 1218 1385 autem
1249 1326 1456 1394 bonum,
1486 1343 1588 1382 non
1613 1325 1794 1398 (Rom.

209 1439 300 1489 vn,
331 1423 445 1492 18).
478 1421 588 1478 Hoc
608 1422 652 1478 si
682 1431 884 1490 teneas,
915 1420 1240 1479 Manichazos
1262 1421 1446 1476 vinces
1475 1437 1489 1474 :
1521 1418 1644 1490 quia
1670 1432 1801 1476 vero

209 1530 312 1570 non
339 1523 513 1583 tenes,
545 1523 802 1587 utrosque
825 1524 1068 1572 vestrum
1096 1514 1262 1571 vincit
1290 1514 1405 1570 huic
1430 1513 1582 1569 ﬁdes.

279 1606 350 1662 Χ.
375 1607 492 1663 ιω..
517 1607 669 1664 Nunc
691 1607 852 1679 igitur
876 1607 1202 1678 approbetur
1222 1605 1362 1678 quod
1381 1604 1630 1672 diximus,
1650 1604 1799 1662 nullo

206 1715 235 1753 a
267 1699 578 1756 Manichaels
595 1709 829 1756 vestrum
851 1698 1041 1772 dogma
1071 1698 1304 1756 differre.
1336 1698 1451 1754 Non
1477 1705 1558 1754 est
1580 1697 1798 1752 omnino

205 1789 451 1859 dubium,
502 1791 694 1846 factam
733 1790 1022 1862 pessimam
1061 1789 1228 1860 ipsius
1273 1789 1404 1846 Ade:
1440 1799 1702 1853 naturam,
1752 1786 1799 1844 si

206 1882 311 1939 hac
337 1891 422 1937 est
447 1881 753 1938 conditione
790 1882 1033 1949 formata,
1062 1890 1119 1936 ut
1147 1880 1370 1938 haberet
1409 1881 1533 1936 mali
1564 1879 1799 1936 necessi-

205 1982 394 2039 tatem,
437 1989 554 2045 qum
594 1989 700 2029 non
746 1971 976 2029 habebat
1019 1973 1184 2039 boni;
1237 1972 1291 2028 id
1325 1979 1426 2038 est,
1471 1979 1531 2028 ut
1569 1971 1795 2038 crimen,

205 2067 419 2125 etiamsi
445 2068 631 2123 luisset
656 2068 927 2124 voluntate
956 2074 1292 2138 conceptum,
1337 2071 1515 2122 tamen
1561 2065 1711 2120 ﬁeret
1745 2065 1798 2120 in

203 2174 268 2212 ea
301 2159 568 2225 naturale,
615 2157 668 2214 in
696 2173 798 2230 qua
827 2157 1041 2215 bonitas
1066 2173 1170 2213 non
1204 2157 1354 2214 ﬂeret
1377 2157 1635 2213 naturalis
1663 2175 1677 2211 :
1703 2155 1800 2212 fal-

205 2265 376 2322 soque
418 2250 614 2307 dicitur
657 2252 931 2307 voluntate
985 2266 1271 2322 peccasse,
1321 2251 1413 2322 qui
1458 2252 1800 2322 nequissima:

202 2343 529 2398 conditionis
556 2342 863 2414 prmjudieio
884 2343 1165 2398 laboravit.
1194 2344 1429 2414 Apparet
1445 2343 1608 2411 enim,
1639 2358 1799 2414 quam

203 2435 416 2490 vinctus
445 2434 464 2466 ί
491 2435 634 2489 maio
675 2433 855 2502 fuerit,
906 2435 996 2505 qui
1035 2443 1149 2490 erat
1195 2433 1420 2490 crimine
1460 2433 1826 2504 inseparabili‘

203 2523 526 2580 farciendus.
576 2523 714 2594 Quid
759 2526 902 2581 enim
931 2525 1081 2596 pejus
1117 2540 1178 2581 ea
1209 2526 1373 2597 quibo
1401 2525 1646 2582 invenire
1671 2525 1799 2582 sub-

202 2618 423 2686 stantia,
455 2633 573 2688 quzn
602 2619 737 2674 laeta
756 2627 836 2674 est
865 2626 923 2673 ut
951 2618 1002 2673 in
1032 2618 1367 2689 iniquitatem
1388 2625 1572 2689 posset
1595 2619 1800 2674 incide-

200 2725 280 2774 re,
311 2717 368 2764 ct
393 2710 645 2766 recedere
671 2707 737 2766 ab
776 2708 1052 2782 iniquitate
1082 2727 1188 2766 non
1217 2712 1449 2782 posset?
1486 2711 1636 2767 lianc
1673 2713 1716 2767 si
1744 2712 1797 2767 in

199 2801 331 2857 boni
359 2810 512 2872 parte
540 2801 844 2857 violentiam
874 2802 1202 2878 pertulisset,
1253 2799 1297 2857 si
1343 2802 1572 2859 liberum
1619 2802 1800 2874 perdi-

200 2894 372 2949 disset
397 2893 695 2960 arbitrium,
744 2903 920 2951 tamen
967 2895 1098 2949 nihil
1129 2903 1434 2952 accusasset
1475 2902 1793 2960 auctorem;

198 2987 322 3056 quia
352 3001 510 3041 nemo
535 2986 584 3041 ei
610 2985 677 3040 de
703 2987 874 3058 copiis
908 2987 1254 3057 benignitatis
1279 2987 1630 3058 quaestionem
1676 3002 1796 3043 mo-

199 3084 357 3131 veret
382 3092 396 3129 :
425 3091 546 3131 cum
577 3092 708 3132 vero
738 3061 792 3131 in
818 3076 943 3131 mali
972 3085 1123 3148 parte
1151 3076 1445 3132 dominatio
1476 3077 1595 3133 talis
1624 3078 1797 3133 collo-

197 3181 352 3223 catur
379 3210 394 3235 ,
445 3169 715 3226 neminem
745 3171 913 3241 magis
942 3186 1103 3242 quam
1131 3171 1303 3242 ipsum
1349 3172 1583 3229 hominis
1622 3174 1796 3243 arguit

195 3259 558 3330 conditorem,
590 3269 644 3316 et
671 3276 996 3331 supervacua
1029 3263 1432 3320 criminatorum
1463 3279 1707 3334 suorum,
1742 3262 1795 3320 id

196 3357 299 3417 est,
333 3362 534 3416 vestra,
569 3352 708 3418 Deus
750 3354 868 3409 talis
895 3353 1196 3410 adulatione
1227 3355 1489 3426 palpatur,
1531 3357 1620 3427 qui
1655 3356 1795 3411 ami-

198 3445 458 3500 cissimus
485 3447 698 3501 malitia:
719 3489 734 3516 ,
763 3449 1050 3504 creationis
1111 3464 1222 3505 suae
1256 3448 1496 3506 foeditate
1523 3452 1795 3507 convinci~

196 3544 306 3591 tur.
355 3537 452 3592 Cui
485 3538 628 3594 enim
658 3539 964 3610 persuaderi
994 3547 1192 3612 potest,
1239 3542 1472 3612 primum
1519 3541 1793 3599 hominem

194 3645 303 3683 non
330 3629 631 3685 destinasse
658 3618 1072 3700 criminibus,si
1106 3631 1254 3687 illum
1297 3630 1685 3692 emendationis
1715 3635 1794 3690 i'a-

193 3723 394 3788 cultate
426 3721 690 3794 privavit;
724 3725 769 3779 si
793 3732 897 3780 tam
923 3740 1090 3796 pravo
1119 3725 1297 3782 aﬁ'ecit
1325 3727 1526 3796 animo,
1554 3737 1611 3784 ut
1640 3744 1795 3785 error

193 3830 326 3870 suns
355 3815 405 3871 ei
438 3815 722 3885 displicere
754 3831 860 3871 non
897 3825 1100 3888 posset,
1133 3825 1192 3873 ut
1233 3819 1434 3882 nullum
1478 3817 1698 3876 haberet
1726 3819 1795 3877 ad

192 3903 536 3961 honestatem
588 3922 915 3978 regressum,
951 3923 1050 3964 nec
1089 3908 1245 3964 ﬁeret
1284 3918 1404 3980 post
1426 3911 1790 3981 experimenta

190 4001 509 4065 correctior,
564 4011 626 4055 ac
662 4016 732 4057 ne
785 4000 921 4057 forte
962 4001 1340 4073 recuperandae
1382 4004 1666 4074 probitatis
1696 4020 1794 4060 un-

190 4104 352 4161 quam
384 4091 609 4145 sentiret
634 4089 906 4158 ali‘ectum,
949 4091 1119 4163 ipsam
1147 4091 1196 4149 ei
1234 4095 1637 4164 possibilitatem
1665 4111 1789 4153 cor-

191 4183 454 4238 rectionis
479 4183 706 4239 evellit?
744 4184 974 4242 Prorsus
1016 4187 1061 4241 si
1093 4183 1214 4242 talis
1255 4186 1371 4258 ejus
1395 4188 1629 4244 conditio
1669 4187 1789 4258 fuit,

192 4283 251 4329 ut
302 4274 562 4344 quamdiu
610 4275 662 4330 in
715 4275 814 4332 hac
865 4278 971 4332 vita
1015 4286 1151 4347 erat,
1183 4293 1292 4334 uno
1335 4279 1487 4350 lapsu
1538 4280 1791 4338 virtutem

189 4363 589 4422 emendationis
636 4371 942 4439 amitteret,
989 4385 1097 4426 non
1138 4380 1222 4427 est
1259 4370 1330 4427 ob
1350 4371 1496 4428 aliud
1525 4389 1684 4444 quam
1733 4381 1794 4431 ut

188 4447 414 4514 caderet
455 4459 754 4527 institutus;
815 4461 924 4518 imo
949 4477 1050 4518 nec
1077 4465 1365 4532 corruisse,
1420 4465 1516 4521 sed
1556 4465 1792 4536 jacuisse

187 4564 410 4620 semper
439 4549 617 4606 verius
643 4551 857 4619 dicitur,
893 4553 982 4623 qui
1022 4569 1129 4609 non
1177 4554 1388 4623 sinitur,
1429 4565 1686 4626 quantum
1722 4556 1791 4613 ad

166 4656 372 4697 .mores
400 4651 628 4712 spectat,
659 4658 964 4715 exsurgere.
1010 4645 1193 4714 Qualis
1217 4662 1345 4719 ergo
1372 4647 1471 4703 fuit
1497 4649 1588 4704 illa
1630 4650 1792 4706 iiber-

185 4739 290 4796 tas,
323 4747 448 4803 qua:
473 4731 522 4788 ei
548 4733 736 4788 collata
766 4735 912 4805 prius
940 4736 1214 4801 creditur;
1264 4738 1308 4793 si
1339 4753 1369 4793 e
1404 4739 1608 4794 duabus
1656 4755 1787 4796 con-

184 4827 374 4882 trariis
403 4827 748 4896 qualitatibus
788 4827 1024 4898 pejorem
1057 4844 1086 4884 a
1141 4831 1462 4897 necessario,
1508 4833 1784 4888 meliorem

183 4934 215 4973 a
245 4918 494 4973 mutabili
526 4919 878 4988 capessebat;
925 4921 1032 4976 imo
1062 4936 1092 4976 a
1121 4921 1399 4993 tyrannide
1426 4923 1662 4978 criminis
1690 4939 1784 4980 oc-

181 5021 406 5081 cupata,
442 5010 838 5085 dcspoliabatur
864 5013 1250 5082 resipiscentia:
1288 5013 1559 5071 facultate.
1589 5015 1785 5072 Teter-

183 5104 364 5158 rimus
387 5118 516 5174 ergo
543 5104 700 5175 primi
724 5105 955 5160 hominis
981 5115 1152 5161 status
1173 5107 1239 5161 ab
1264 5107 1382 5178 ipso
1411 5108 1655 5174 exordio,
1687 5109 1732 5165 sl
1755 5123 1786 5165 a

182 5195 301 5251 Deo
324 5205 410 5251 est
441 5205 545 5251 tam
577 5195 861 5254 infeliciter
895 5197 1186 5264 institutus,
1218 5207 1274 5254 ut
1315 5201 1554 5256 ruiturus
1596 5200 1652 5257 in
1678 5201 1785 5257 cri-

178 5304 314 5345 men
347 5297 601 5360 pcrpetua
634 5291 886 5360 peccandi
913 5293 1232 5348 necessitate
1257 5292 1533 5364 ligaretur.

254 5384 401 5438 Anc.
448 5381 552 5437 Res
581 5382 735 5449 dicis,
760 5397 892 5455 quas
919 5383 962 5438 si
988 5383 1143 5438 nobis
1165 5385 1352 5441 saltem
1375 5385 1784 5445 admonentibus

175 5472 537 5530 considerare
567 5489 671 5529 non
712 5474 944 5546 negligas
968 5518 984 5544 ,
1016 5476 1174 5532 etiam
1207 5477 1298 5532 tibi
1329 5478 1427 5549 ipsi
1454 5520 1467 5546 ,
1496 5490 1783 5550 quantum-

175 5566 324 5622 libet
343 5566 420 5620 sis
444 5565 747 5637 impudens,
769 5567 1088 5624 erubescas?
1109 5567 1217 5625 Cur
1236 5571 1377 5626 enim
1400 5585 1505 5626 non
1527 5573 1779 5642 attendis,

172 5661 224 5716 si
274 5659 512 5730 pessima
550 5670 632 5716 est
673 5660 810 5715 facta
852 5670 1074 5730 natura,
1120 5678 1238 5734 quae
1279 5664 1549 5719 voluntate
1587 5665 1784 5736 injusta

173 5752 422 5808 incurrit
449 5753 502 5808 in
528 5753 728 5808 malum
752 5794 767 5821 ,
794 5769 951 5826 pana
981 5769 1110 5810 vero
1138 5755 1331 5827 injusta
1357 5772 1463 5812 non
1489 5766 1665 5828 potest
1687 5773 1779 5814 re-

170 5861 413 5905 currere
436 5847 488 5902 in
508 5847 737 5914 bonum;
765 5864 873 5905 non
894 5847 1181 5916 humanam
1207 5866 1364 5924 quam
1390 5851 1545 5909 nobis
1564 5851 1774 5930 objicis,

247 5981 274 6014 ⁸
309 5987 362 6034 tn
392 5987 522 6046 Mss,
536 5981 750 6046 jtotcttts.

1588 464 1792 525 LIBER
1827 460 2120 522 SEXTUS.

3347 467 3488 528 1518

1911 579 2004 635 sed
2031 577 2321 651 angelicam
2365 593 2577 650 quoque
2620 587 2864 636 naturam
2914 581 3198 652 pessimam
3245 581 3487 642 laetam!

1903 672 2015 729 Nisi
2044 673 2183 729 forte
2203 672 2369 738 dices,
2399 673 2559 730 etiam
2584 673 2855 732 diabolum
2879 676 3151 740 voluntate
3175 691 3203 740 a
3232 678 3378 744 bona
3403 677 3488 742 la-

1904 777 2079 834 psum,
2103 765 2147 820 si
2173 765 2421 830 voluerit,
2449 773 2502 821 et
2527 764 2742 836 quando
2763 766 3013 835 voluerit,
3041 769 3096 831 in
3121 767 3320 833 bonum
3343 769 3490 841 quod

1903 854 2142 911 deseruit
2183 871 2558 924 reversurum;
2608 867 2664 912 et
2705 855 2950 930 Origenis
2973 858 3129 921 nobis
3163 861 3491 928 instaurahls

1903 961 2163 1002 errorem.
2193 947 2348 1016 Quod
2375 949 2420 1004 si
2459 963 2566 1004 non
2608 948 2772 1017 lacis;
2818 950 2961 1024 quod
2988 950 3167 1016 dixisti
3195 954 3442 1020 incautus
3467 995 3485 1024 ι

1902 1039 2112 1110 corrige
2164 1039 2469 1097 admonitus
2508 1059 2524 1096 :
2567 1050 2624 1098 et
2668 1043 2931 1106 conﬁtere
2973 1044 3166 1110 bonam
3217 1047 3488 1114 conditam

1903 1144 2028 1186 esse
2051 1137 2314 1198 naturam,
2339 1148 2461 1203 quat.
2489 1132 2543 1190 in
2569 1134 2768 1194 malum
2795 1133 2937 1206 quod
2964 1135 3108 1202 fecit.
3134 1136 3276 1202 nulla
3303 1153 3491 1206 neces.-

1903 1223 2058 1278 sitate
2099 1225 2375 1294 compulsa
2398 1267 2416 1294 ,
2446 1225 2542 1294 sed
2588 1241 2684 1284 sua
2714 1228 2986 1290 voluntate
3020 1229 3254 1300 collapsa
3298 1239 3402 1294 est.
3435 1232 3494 1297 in

1901 1313 2100 1370 bonum
2129 1324 2308 1374 autem
2337 1317 2479 1389 quod
2519 1319 2734 1390 reliquit
2754 1359 2772 1388 ,
2801 1319 2970 1384 solius
2999 1320 3095 1382 Dei
3131 1321 3299 1392 gratia
3339 1338 3493 1386 revo-

1902 1406 2013 1462 cari
2040 1417 2254 1478 potest,
2284 1424 2389 1465 non
2416 1411 2687 1467 voluntate
2720 1412 2738 1454 ³
2785 1412 3046 1478 libertatis
3066 1454 3086 1483 ,
3111 1430 3272 1485 quam
3298 1417 3496 1480 merito

1903 1498 2199 1571 iniquitatis
2226 1503 2426 1558 amisit.
2453 1503 2641 1560 Potest
2663 1505 2861 1576 quippe
2887 1516 2941 1565 et
2969 1507 3128 1573 alius.
3157 1507 3406 1575 similiter
3436 1517 3496 1564 ut

1903 1598 1962 1646 tu
1983 1606 2193 1659 emus,
2221 1593 2420 1662 dicere,
2449 1595 2587 1664 Quid
2616 1596 2766 1668 pejus
2793 1613 2856 1654 ea
2883 1609 3071 1670 potero
3096 1599 3338 1662 invenire
3362 1601 3494 1664 sub-

1902 1686 2119 1754 stantia,
2138 1703 2258 1759 quio
2278 1688 2415 1745 facta
2439 1699 2526 1746 est
2546 1699 2604 1745 ut
2630 1691 2683 1746 in
2705 1701 2962 1750 aeternum
2981 1694 3301 1765 supplicium
3323 1696 3496 1767 possit

1903 1777 2002 1846 ire,
2031 1787 2086 1834 et
2113 1779 2236 1836 inde
2265 1780 2444 1844 redire
2470 1798 2576 1838 non
2601 1785 2806 1853 possit?
2846 1784 2912 1840 Et
2941 1786 3124 1860 utique
3149 1786 3290 1848 Deus
3316 1789 3495 1852 omnis

1905 1880 2093 1943 petens
2117 1887 2148 1928 a
2173 1889 2280 1945 quo
2307 1875 2420 1930 vult
2458 1876 2722 1946 supplicio
2758 1892 2951 1944 eruere
2977 1888 3188 1951 potest;
3215 1880 3308 1938 sed
3336 1895 3495 1944 men-

1903 1967 1990 2022 tiri
2017 1982 2122 2024 non
2167 1976 2372 2039 potest,
2407 1970 2498 2042 qui
2525 1971 2757 2026 minatus
2793 1981 2878 2027 est
2917 1972 3021 2028 hoc
3047 1988 3109 2030 se
3130 1989 3239 2032 non
3266 1988 3387 2034 esse
3415 1972 3494 2036 fa-

1903 2066 2133 2127 cturum,
2163 2060 2377 2132 quando
2397 2061 2454 2117 id
2479 2062 2797 2134 supplicium
2827 2063 2960 2120 dixit
2987 2074 3266 2128 aitet-num.
3297 2065 3404 2127 Sed
3434 2074 3497 2126 ut

1903 2151 1971 2209 de
1999 2151 2100 2208 hac
2140 2170 2200 2209 re
2228 2169 2362 2209 vana
2387 2155 2565 2225 sapias
2583 2198 2598 2223 ,
2626 2154 2776 2211 fallit.
2803 2164 2855 2212 te
2877 2155 3118 2213 deﬁnitio
3146 2165 3236 2214 tua
3259 2199 3276 2226 ,
3304 2173 3406 2229 qua
3435 2158 3492 2223 in

1903 2244 2166 2314 superiori
2195 2247 2573 2316 prosecutione
2595 2248 2638 2315 ³,
2670 2247 2756 2302 cui
2782 2248 2892 2318 jam
2921 2249 3320 2319 respondimus,
3350 2250 3492 2308 sicut

1903 2349 2046 2406 saepe
2066 2344 2121 2392 et
2139 2337 2266 2392 alibi
2286 2337 2438 2406 facis,
2471 2339 2694 2395 liberum
2716 2340 2996 2397 arbitrium
3023 2341 3276 2398 deﬁnisti.
3304 2342 3494 2406 Dixisti

1903 2427 2067 2496 enim,
2097 2447 2114 2481 ι
2143 2429 2392 2486 Liberum
2420 2431 2696 2487 arbitrium
2725 2449 2833 2488 non
2858 2439 2940 2500 est
2967 2434 3108 2491 aliud
3130 2450 3289 2505 quam
3316 2435 3495 2506 possi-

1902 2518 2081 2576 bilitas
2108 2521 2365 2591 peccandi
2410 2530 2464 2578 et
2513 2537 2618 2586 non
2663 2524 2942 2594 peccandi.
2981 2544 3000 2580 I
3030 2525 3142 2593 Qua
3183 2525 3495 2587 deﬁnitione

1904 2610 2132 2682 primum
2165 2614 2264 2684 ipsi
2292 2613 2404 2669 Dee
2428 2615 2651 2670 liberum
2680 2616 2958 2672 arbitrium
2995 2617 3299 2683 abstulisti,
3330 2633 3493 2690 quem

1903 2719 2008 2760 non
2039 2719 2222 2775 negas,
2251 2706 2372 2776 quia
2399 2715 2453 2760 et
2482 2708 2585 2761 hoc
2610 2723 2754 2776 saepe
2781 2708 2936 2777 dicis,
2962 2719 3018 2765 et
3041 2725 3228 2778 verum
3253 2719 3356 2776 est.
3385 2727 3495 2770 non

1903 2810 2060 2867 posse
2088 2811 2330 2866 peccare.
2369 2797 2571 2853 Deinde
2598 2797 2699 2869 ipsi
2732 2801 2902 2855 sancti
2932 2800 2986 2856 in
3012 2816 3180 2873 regno
3209 2802 3326 2877 ejus
3355 2802 3494 2860 libo-

1902 2903 2021 2943 rum
2051 2889 2329 2944 arbitrium
2360 2890 2618 2960 perdituri
2645 2900 2772 2946 sunt
2793 2933 2806 2958 ,
2839 2892 2931 2948 ubi
2961 2909 3183 2964 peccare
3209 2910 3317 2952 non
3347 2905 3496 2966 pote-

1901 2987 2047 3035 runt.
2082 2980 2280 3036 Verum
2310 2980 2399 3037 hic
2424 2981 2792 3040 admonendus
2832 3000 2893 3041 es
2915 3026 2929 3050 ,
2961 2985 3090 3058 quid
3121 2985 3188 3042 de
3215 2987 3318 3046 hoc
3350 2987 3491 3052 unde

1901 3085 2045 3128 nunc
2070 3072 2297 3144 agimus,
2327 3089 2514 3144 sapere
2541 3074 2762 3144 debeas,
2797 3090 3008 3145 pcenam
3038 3077 3245 3136 scilicet
3276 3085 3333 3135 et
3354 3095 3494 3150 prses

1902 3165 2088 3231 mium,
2122 3165 2372 3222 intuenda
2415 3166 2556 3222 inter
2584 3182 2644 3224 se
2681 3183 2805 3224 esse
2833 3170 3100 3226 contraria
3124 3213 3140 3238 ,
3171 3180 3226 3228 et
3253 3173 3355 3229 alia
3384 3174 3493 3230 duo

1901 3257 2169 3312 contraria
2197 3257 2281 3313 his
2300 3258 2587 3314 contrariis
2610 3259 2886 3322 adherere
2914 3279 2929 3314 ι
2956 3261 3035 3317 sic
3058 3259 3082 3296 ⁸
3106 3277 3234 3333 ergo
3253 3263 3309 3320 in
3329 3278 3492 3335 paena

1900 3355 1984 3404 est
2012 3365 2116 3404 non
2146 3364 2309 3420 posse
2333 3358 2478 3407 recte
2503 3366 2662 3422 agere
2685 3392 2699 3414 .
2732 3353 2871 3409 sicut
2911 3355 3014 3410 erit
3053 3355 3106 3410 in
3138 3358 3360 3426 praemio
3384 3371 3492 3420 non

1901 3457 2058 3512 posse
2085 3458 2328 3512 peccare.
2358 3444 2588 3501 Attende
2607 3444 2931 3516 Scripturas,
2958 3463 2986 3501 a
3016 3448 3210 3519 quibus
3233 3450 3492 3512 miserans

1904 3535 2005 3591 dus
2025 3536 2318 3606 exorbitas,
2346 3546 2403 3594 et
2425 3539 2770 3610 vagabundus
2789 3549 3008 3598 ventosa
3037 3543 3354 3615 loquacitate
3374 3554 3494 3604 tanta

1899 3643 2057 3701 quam
2105 3638 2425 3702 tempestate
2467 3632 2716 3703 laetaris;
2772 3643 2827 3694 et
2871 3635 2994 3691 vide
3041 3637 3494 3707 quemadmodum

1899 3719 2099 3776 dictum
2128 3721 2230 3787 sit,
2261 3721 2412 3790 Quod
2439 3722 2693 3790 quwrebat
2717 3723 2884 3782 Israel
2908 3768 2923 3792 ,
2955 3727 3051 3782 hoc
3079 3744 3180 3782 non
3210 3739 3284 3784 est
3312 3746 3492 3792 conse-

1899 3819 2082 3875 cutus:
2125 3812 2300 3867 electio
2328 3823 2495 3868 autem
2540 3825 2806 3870 consecuta
2843 3826 2916 3872 est
2946 3833 2967 3883 ι
2995 3820 3162 3875 ceteri
3185 3836 3301 3876 vero
3328 3838 3493 3880 excto.-

1897 3905 2000 3958 catl
2017 3913 2170 3970 sunt;
2207 3905 2336 3960 sicut
2360 3907 2606 3978 scriptum
2633 3917 2706 3972 est
2728 3950 2743 3977 ,
2779 3907 2930 3970 Dedit
2955 3910 3059 3967 illis
3088 3912 3228 3969 Deus
3255 3915 3493 3986 spiritum

1899 3999 2320 4067 compunctiouis,
2355 4002 2526 4056 oculos
2568 4010 2624 4057 ut
2670 4018 2772 4058 nou
2801 4005 3025 4073 videant,
3057 4016 3102 4063 et
3127 4024 3278 4064 aures
3303 4020 3359 4065 ut
3387 4028 3492 4067 non

1897 4092 2127 4159 audiant,
2156 4107 2310 4164 usque
2334 4092 2388 4148 in
2409 4092 2709 4150 hodiernum
2738 4098 2890 4154 diem.
2921 4095 2991 4152 Et
3011 4097 3178 4154 Dauid
3200 4101 3343 4169 dicit,
3367 4101 3495 4160 Fiat

1898 4197 2071 4238 mensa
2097 4199 2272 4238 eorum
2288 4186 2343 4238 in
2364 4185 2618 4257 laqueum,
2652 4197 2698 4242 et
2723 4189 2775 4244 in
2797 4191 3101 4263 captionem,
3123 4194 3245 4250 etin
3265 4197 3491 4252 scanda-

1898 4275 2003 4330 lum
2023 4318 2037 4342 ,
2069 4285 2116 4331 et
2151 4277 2206 4330 in
2246 4277 2623 4334 retributionem
2660 4279 2794 4347 illis;
2838 4284 3170 4347 obscurentur
3193 4288 3328 4342 oculi
3350 4287 3373 4320 ⁸
3399 4306 3489 4344 eo-

1896 4386 2010 4424 rum
2051 4386 2115 4425 ne
2151 4371 2388 4435 videant,
2440 4381 2487 4427 et
2537 4372 2745 4428 dorsum
2791 4375 3000 4430 illorum
3041 4393 3239 4452 semper
3281 4380 3485 4436 incurva

1897 4462 2090 4536 (Rom.
2131 4479 2186 4520 XI
2207 4505 2222 4532 ,
2257 4462 2454 4537 7-10).
2484 4465 2680 4535 Aspice
2721 4466 2882 4523 etiam
2912 4467 3042 4523 illud
3067 4469 3120 4524 in
3150 4471 3438 4542 Evangelia
3477 4512 3486 4528 .

1896 4556 2177 4628 Pr0pterea
2202 4598 2218 4625 ,
2252 4557 2461 4627 inquit,
2493 4573 2592 4613 non
2620 4567 2852 4630 poterant
2890 4560 3091 4617 credere
3110 4604 3125 4630 ,
3155 4563 3276 4634 quia
3303 4563 3470 4621 iterun

1895 4647 2025 4702 dixit
2040 4646 2230 4714 Isaias,
2252 4646 2538 4703 Ewcwcavit
2555 4648 2730 4704 oculos
2756 4667 2949 4718 eorum,
2975 4661 3025 4707 et
3037 4651 3293 4711 indurauit
3313 4673 3483 4716 eorum
3517 4638 3536 4686 r-

1895 4758 2002 4806 eor,
2032 4751 2210 4796 utnon
2235 4741 2437 4796 videant
2457 4743 2636 4809 oculis,
2665 4760 2755 4799 nec
2782 4745 3068 4818 intelligant
3095 4749 3265 4816 corde,
3295 4760 3345 4806 et
3364 4769 3462 4812 con

1895 4841 2172 4897 vertantur,
2197 4843 2242 4889 et
2266 4851 2439 4889 sanem
2465 4851 2548 4890 eos
2574 4835 2764 4909 (Joan.
2787 4853 2882 4906 xu,
2908 4839 2999 4906 59,
3031 4839 3156 4916 40).
3190 4842 3316 4901 Haec
3339 4861 3460 4903 com
3481 4883 3484 4890 ι
3508 4831 3519 4851 ἦ

1896 4926 2228 4993 memoravi,
2259 4934 2318 4981 ut
2347 4926 2607 4999 intelligas
2632 4970 2648 4996 ,
2686 4929 2731 4984 si
2777 4931 2970 5000 possis,
3003 4931 3116 4988 ﬁeri
3144 4948 3243 5004 per
3268 4951 3484 5007 poenam

1896 5021 2269 5094 proculdubio
2294 5021 2490 5093 justam
2535 5031 2596 5079 ut
2633 5039 2738 5080 non
2781 5025 3005 5082 credant
3032 5027 3280 5088 homines
3305 5049 3484 5090 esca:-

1895 5125 2015 5171 cato
2040 5115 2243 5182 corde;
2291 5131 2410 5171 cum
2452 5131 2549 5187 per
2575 5117 2995 5174 misericordiam
3046 5121 3140 5178 ﬁat
3177 5131 3236 5179 ut
3260 5125 3484 5182 credant

1895 5207 2061 5263 libera
2086 5207 2378 5264 voluntate.
2410 5206 2542 5275 Quis
2570 5209 2712 5263 enim
2744 5211 2934 5282 nescit,
2964 5214 3234 5272 neminem
3260 5217 3484 5274 erodere

1893 5300 1995 5355 nisi
2023 5300 2191 5356 libero
2211 5301 2499 5380 voluntatis
2524 5301 2786 5360 arbitrio?
2806 5303 2912 5362 Sed
2940 5316 3157 5378 paratur
3180 5309 3424 5366 voluntas
3449 5327 3481 5367 a

1893 5391 2122 5448 Domino
2154 5410 2168 5450 :
2199 5408 2299 5449 nec
2328 5395 2548 5452 omnino
2585 5398 2791 5453 eruitur
2818 5413 2849 5454 a
2891 5401 3146 5458 servitute
3187 5403 3325 5458 mala
3365 5419 3482 5464 suta.

1891 5486 2098 5542 meritis
2126 5484 2301 5542 debita
2327 5528 2343 5555 ,
2385 5487 2487 5543 nisi
2531 5489 2747 5560 quando
2790 5506 2888 5560 per
2923 5494 3205 5564 gratuitam
3248 5499 3478 5568 gratiam

1890 5590 2109 5652 paratur
2136 5597 2166 5636 a
2192 5581 2441 5638 Domino.
2483 5582 2540 5639 Si
2585 5585 2728 5650 enim
2774 5585 2916 5653 Deus
2953 5603 3019 5654 ex
3049 5587 3355 5659 nolentibus
3383 5608 3479 5652 vo-

1951 5804 1970 5874 ξ
2003 5801 2142 5874 aditi,
2166 5813 2260 5874 non
2277 5800 2604 5874 inrationale.
2641 5802 2805 5874 abest,
2828 5804 2897 5866 in,
2922 5816 2952 5855 a
2977 5807 3330 5874 mamilius.

1950 5867 1973 5939 ξ
2003 5867 2074 5939 ac
2095 5872 2277 5939 “.5511”
2299 5867 2454 5939 κείμην
2473 5867 2816 5939 gementum

1952 5929 1974 5962 ³
2004 5929 2293 5989 vignicrius,
2313 5929 2372 5978 si.
2400 5935 2452 5977 At
2473 5934 2602 5985 Mss,
2625 5929 2712 5978 sic.

1953 5993 1975 6024 δ
2005 5991 2312 6055 Ειϋιῂεοωα.
2331 5990 2490 6042 Codex
2515 5997 2659 6052 νοω,
2681 5989 2825 6056 oculi,
2849 6000 2904 6045 ut
2923 5995 3051 6060 apud
3069 5998 3362 6062 spectem.
