3990 6506
459 555 601 612 1819

455 671 633 727 lentes
661 683 766 723 non
795 665 1026 731 faceret;
1071 663 1311 734 profecto
1341 678 1437 732 pro
1467 663 1547 716 eis
1579 661 1668 731 qui
1707 660 1895 714 nolunt
1924 674 2045 714 cre-

455 760 606 829 dere,
637 774 745 814 non
771 771 1049 813 oraremus
1078 764 1136 810 ut
1161 754 1380 809 vellent.
1413 751 1563 819 Quod
1595 761 1650 806 et
1678 751 1966 820 Apostolus
1985 766 2046 806 se

455 851 650 909 fecisse
677 866 774 921 pro
797 849 998 906 Judaeis
1027 848 1361 910 monstravit,
1393 846 1483 900 ubi
1515 845 1590 898 ait
1616 861 1628 896 :
1661 843 1891 909 Fratres,
1917 846 2046 898 bona

457 949 685 1003 voluntas
700 945 868 1000 cordis
884 944 999 1007 mei,
1019 951 1064 996 et
1083 941 1369 1011 deprecatio
1391 955 1482 1011 pro
1504 938 1606 992 illis
1625 938 1692 990 ad
1715 936 1876 990 Deum
1893 937 1946 990 in
1962 953 2048 990 sa-

456 1041 610 1094 lutent
631 1039 648 1108 (
670 1038 821 1092 Rom.
849 1053 900 1104 χ,
927 1037 1006 1106 1).
1037 1035 1184 1090 llanc
1201 1034 1384 1103 utique
1404 1033 1628 1087 salutem
1648 1031 1924 1100 consequi,
1943 1029 2045 1085 nisi

453 1132 705 1188 credente
716 1131 1004 1195 voluntate,
1022 1144 1125 1182 non
1141 1135 1384 1197 possent:
1403 1125 1502 1180 hoc
1515 1138 1642 1193 ergo
1655 1123 1840 1179 beatus
1851 1122 2047 1176 Paulus

454 1223 640 1277 orabat
657 1230 714 1276 ut
734 1221 948 1276 vellent.
977 1219 1046 1273 Et
1065 1219 1346 1288 episcopus
1373 1215 1668 1287 Cyprianus
1685 1213 1828 1284 quod
1847 1213 2047 1267 dictum

455 1327 535 1368 νει
558 1315 610 1368 in
632 1314 874 1368 oratione
899 1311 1187 1376 dominica,
1208 1307 1328 1362 Fiat
1347 1307 1580 1362 voluntas
1602 1314 1690 1360 tua
1707 1305 1833 1360 sicut
1851 1305 1904 1357 in
1923 1303 2047 1357 caelo

378 1458 385 1472 _
452 1421 498 1462 ct
521 1410 573 1462 in
596 1418 730 1462 terra
755 1405 972 1480 (Matth.
1001 1420 1077 1470 vt,
1111 1401 1232 1473 l0),
1262 1402 1424 1457 etiam
1455 1399 1534 1453 sic
1561 1397 1830 1467 intelligit,
1867 1405 1924 1450 ut
1951 1411 2046 1465 pro

455 1500 760 1556 infidelibus
791 1498 1022 1554 inimicis
1049 1497 1247 1552 nostris
1277 1493 1535 1548 admoniti
1562 1492 1820 1546 fuerimus
1848 1489 2043 1560 orarej;

454 1602 512 1645 ut
543 1589 996 1662 quemadmodum
1024 1602 1124 1643 nos
1153 1586 1444 1652 credimus,
1473 1585 1562 1655 qui
1588 1585 1699 1653 jam
1731 1582 1928 1638 cwlum
1957 1597 2046 1635 su-

457 1700 599 1752 ntus,
630 1682 891 1754 portando
916 1680 1150 1736 hominis
1171 1677 1411 1734 caelestis
1441 1675 1747 1745 imaginem,
1777 1673 1854 1728 sic
1882 1673 2044 1728 etiam

449 1778 551 1848 ipsi
572 1775 810 1842 credant,
834 1774 919 1843 qui
938 1780 1220 1843 propterea
1242 1779 1382 1823 terra
1403 1775 1546 1831 sunt,
1573 1765 1693 1836 quia
1713 1763 1911 1820 terreni
1930 1773 2044 1817 tan-

452 1878 563 1922 tum
584 1866 812 1921 hominis
830 1865 1114 1934 imaginem
1135 1857 1456 1932 portant(De
1475 1856 1714 1911 Oratione
1730 1854 2039 1924 Dominica).

518 1958 610 2013 Xl.
653 1958 772 2013 JUL.
817 1957 983 2011 Durat
1028 1968 1220 2022 nempe
1280 1953 1419 2006 inter
1473 1965 1567 2004 vos
1616 1948 2043 2016 Manichmosque

451 2051 652 2117 foedus,
681 2059 737 2104 ut
767 2049 840 2102 illi
869 2045 1222 2117 professione,
1259 2056 1354 2096 vos
1375 2039 1856 2111 argumentatione,
1883 2035 2041 2106 primi

446 2159 659 2214 quoque
708 2141 941 2196 hominis
990 2147 1233 2194 naturam
1282 2134 1538 2190 asseratis
1589 2132 1786 2187 malam
1832 2131 2037 2185 fuisse:

448 2235 590 2306 quod
613 2235 738 2290 licet
761 2243 928 2288 totum
951 2231 1270 2300 ineptiarum
1291 2225 1799 2294 tnendaciorumque
1823 2222 2040 2292 plenum

446 2344 568 2384 csse
589 2328 684 2402 (ut
714 2324 1090 2398 praetermissis
1121 2331 1431 2377 sanctorum
1459 2317 1781 2388 legionibus,
1806 2314 2039 2384 primum

447 2431 566 2492 post
589 2429 865 2492 peccatum
889 2417 1021 2473 Adae
1038 2415 1258 2486 justitiaa
1283 2411 1603 2481 arripiamus
1630 2411 1648 2441 ⁸
1675 2405 2036 2480 exemplum),

445 2512 628 2567 Abelis
665 2510 946 2565 sanctitate
976 2505 1206 2561 mirabili
1235 2501 1622 2573 comprobatur
1644 2542 1660 2567 ,
1691 2499 1780 2571 qui
1811 2499 1878 2554 de
1910 2513 2037 2569 pec-

445 2603 718 2658 caloribus
741 2610 919 2664 natus,
945 2599 1085 2654 bene
1107 2594 1318 2650 vivendi
1344 2609 1404 2649 se
1427 2607 1532 2648 non
1561 2591 1799 2648 caruisse
1820 2591 2034 2657 virtute,

445 2694 638 2750 elfcctu
662 2707 876 2763 quoque
905 2690 1071 2760 ipsius
1101 2686 1318 2742 virtutis
1353 2685 1591 2740 ostendit
1622 2701 1634 2738 :
1667 2691 2037 2738 verumtamen

446 2787 532 2840 his
570 2783 854 2854 praeteritis
891 2782 1042 2852 juvat
1082 2777 1378 2834 sententias
1418 2775 1766 2830 Traduciante
1807 2773 2038 2828 nationis

445 2891 656 2948 urgere.
697 2874 862 2941 Quale
906 2873 1066 2942 igitur
1092 2879 1340 2924 autumas
1384 2867 1551 2922 fuisse
1594 2863 1871 2919 arbitrium
1899 2863 2037 2919 libe-

446 2987 604 3036 rutn,
654 2967 797 3039 quod
839 2965 1091 3020 collatum
1142 2961 1328 3032 primis
1373 2958 1680 3014 hominibus
1721 2955 2038 3012 confiteris?

445 3061 607 3117 Certe
633 3069 690 3114 ut
717 3065 936 3130 possent
958 3054 1122 3109 animi
1148 3054 1418 3107 alternare
1445 3059 1641 3115 motus,
1670 3057 1724 3103 et
1746 3048 1829 3103 vel
1863 3048 2039 3102 facere

447 3155 670 3219 malum,
693 3153 775 3208 vel
803 3149 1054 3206 recedere
1077 3163 1106 3201 a
1135 3147 1299 3214 malo,
1329 3145 1412 3199 vel
1435 3143 1687 3198 deserere
1707 3143 1792 3197 vel
1820 3156 2037 3196 servare

441 3247 722 3318 justitiam.
757 3243 1017 3298 Voluntas
1046 3255 1175 3308 ergo
1220 3236 1474 3308 peccandi
1523 3250 1630 3290 non
1677 3235 1862 3289 fuisset
1886 3274 1900 3300 ,
1933 3233 2038 3288 nisi

447 3341 661 3396 volendi
684 3337 1012 3410 possibilitas
1035 3333 1308 3389 anteisset.
1334 3331 1446 3385 lloc
1467 3339 1748 3399 poStquam
1769 3327 1844 3382 uti
1867 3341 2038 3396 crepe-

444 3443 574 3490 runt
611 3431 822 3504 propria
853 3429 1158 3491 voluntate,
1192 3424 1245 3479 id
1293 3432 1374 3479 est
1416 3432 1562 3477 motu
1607 3420 1772 3475 animi
1811 3429 2036 3490 cogente

446 3527 594 3581 nullo
617 3567 633 3591 ,
667 3535 720 3578 tu
749 3523 882 3578 dicis
924 3520 1150 3576 liberum
1195 3516 1472 3571 arbitrium
1518 3513 1811 3585 perdidisse
1837 3514 1857 3544 ³
1885 3528 1900 3564 :
1930 3527 2037 3582 quo

445 3617 575 3689 quid
599 3624 778 3688 potest
799 3612 1051 3668 furiosius
1074 3607 1340 3678 cogitari?
1371 3605 1439 3661 Ut
1468 3606 1610 3661 enim
1637 3607 1718 3660 vis
1737 3602 2036 3674 argumenti

446 3711 522 3765 tui
561 3721 814 3778 expressa
855 3715 1128 3768 teneatur;
1175 3700 1308 3755 dicis
1337 3715 1454 3754 eam
1493 3713 1604 3752 rem
1651 3697 1873 3766 periisse
1905 3709 2035 3765 pro-

445 3813 566 3875 pter
589 3801 940 3866 voluntatem,
978 3812 1095 3867 qua:
1124 3795 1243 3849 data
1289 3808 1394 3847 non
1442 3802 1523 3846 est
1553 3791 1653 3844 nisi
1698 3798 1916 3859 propter
1937 3803 2034 3842 vo-

444 3897 700 3952 luntatem
754 3912 768 3947 :
812 3900 1090 3965 peccatum
1137 3889 1332 3960 quippe
1386 3885 1519 3939 nihil
1565 3893 1647 3939 est
1691 3883 1835 3938 aliud
1875 3896 2035 3952 quam

445 3987 693 4042 voluntas
719 3985 854 4038 mala
877 4001 892 4049 ;
922 3983 1140 4036 libertas
1167 3988 1344 4034 autem
1367 3977 1433 4032 ad
1461 3976 1562 4032 hoc
1588 3975 1758 4029 solum
1780 3974 1904 4029 data
1928 3983 2030 4043 est,

446 4088 505 4133 ut
532 4079 856 4132 voluntatem
887 4090 992 4128 non
1024 4079 1274 4141 cogeret,
1304 4069 1395 4124 sed
1424 4068 1760 4138 permitteret
1787 4065 1982 4120 exoriri
2016 4083 2030 4118 ε

446 4171 586 4225 hanc
605 4177 780 4223 autem
806 4177 857 4220 tu
880 4167 1179 4220 libertatem
1202 4162 1222 4193 ⁸
1244 4160 1600 4215 conditionem
1618 4174 1766 4212 suam
1789 4158 1922 4213 dicis
1941 4173 2036 4211 vo-

446 4262 667 4318 luntatis
718 4274 881 4328 Opere
909 4256 1225 4328 perdidisse,
1256 4263 1312 4309 ut
1340 4270 1433 4323 per
1470 4251 1574 4306 hoc
1603 4251 1871 4306 interiisse
1914 4265 2034 4304 cre-

447 4353 624 4417 datur,
652 4367 746 4421 per
765 4349 905 4419 quod
932 4347 1102 4400 solum
1131 4345 1385 4415 probatur
1406 4343 1602 4412 vigere.
1629 4340 1886 4394 Voluntas
1907 4355 2034 4411 ergo

448 4447 584 4501 mala
612 4459 718 4499 non
747 4441 960 4512 quidem
991 4439 1192 4494 fructus
1216 4480 1230 4503 ,
1261 4436 1353 4492 sed
1382 4434 1742 4489 testimonium
1774 4432 2034 4487 libertatis

447 4546 549 4591 est.
578 4535 822 4591 Libertas
865 4540 1040 4587 autem
1072 4528 1204 4583 nihil
1233 4537 1313 4581 est
1341 4526 1480 4580 aliud
1509 4541 1666 4596 quam
1707 4523 2034 4594 possibilitas

447 4629 575 4685 boni
619 4627 883 4697 malique,
911 4623 1004 4678 sed
1050 4620 1357 4676 voluntarii.
1390 4619 1488 4687 Qui
1533 4633 1660 4689 ergo
1705 4616 1818 4672 fieri
1868 4617 2036 4686 potuit

449 4729 508 4776 ut
541 4735 636 4790 per
679 4718 781 4773 hoc
825 4717 1100 4780 interiret,
1147 4729 1242 4784 per
1285 4711 1427 4782 quod
1468 4709 1706 4780 proditur
1760 4709 2031 4771 instituta,

450 4830 574 4869 cum
631 4812 765 4866 mala
815 4810 1059 4864 voluntas
1106 4816 1160 4862 et
1227 4807 1366 4860 bona
1422 4805 1665 4857 voluntas
1719 4817 1822 4855 non
1875 4801 2034 4855 exitia

449 4907 559 4962 sint
583 4948 598 4969 ,
627 4902 722 4959 sed
762 4900 1030 4973 praeconia
1078 4897 1382 4954 libertatis?
1409 4896 1486 4950 Ac
1532 4910 1626 4964 per
1652 4893 1754 4948 hoc
1780 4900 2032 4962 quantum

446 4999 608 5054 distat
634 4999 772 5052 inter
788 4993 961 5049 officia
983 5002 1140 5062 atque
1161 4987 1489 5053 discrimina,
1512 4995 1715 5040 tantum
1756 4984 1896 5038 inter
1917 4984 2033 5053 opi-

451 5096 664 5150 nionem
688 5100 830 5146 tuam
857 5095 913 5144 et
935 5087 1196 5141 rationem
1228 5082 1432 5137 arbitrii
1461 5080 1634 5145 liberi,
1658 5079 1742 5133 cui
1769 5077 2034 5133 excidium

448 5195 605 5259 putas
631 5184 698 5239 de
736 5182 848 5237 suis
886 5179 1131 5236 laudibus
1171 5183 1558 5244 comparatum.
1607 5171 1744 5240 Quid
1783 5185 1908 5241 ergo
1934 5185 2035 5224 no-

450 5293 574 5332 vum
595 5318 611 5342 ,
639 5273 764 5345 quid
797 5275 1126 5342 insperatum
1155 5267 1496 5336 delinquente
1527 5263 1548 5295 "
1582 5262 1794 5318 homine
1823 5261 2035 5328 accidit,

444 5386 543 5444 per
567 5367 711 5441 quod
759 5365 853 5422 Dei
899 5363 1138 5420 instituta
1186 5358 1541 5416 corruerent?
1584 5358 1780 5414 Factus
1821 5365 1904 5411 est
1945 5355 2036 5426 qui

510 5612 527 5642 ¹
562 5611 635 5659 sic
654 5615 760 5656 Mss.
787 5612 836 5655 tn
853 5605 1019 5667 -vign.,
1043 5599 1355 5667 accipiqmtts.

507 5676 528 5704 ι
561 5668 724 5728 Morel,
759 5660 1071 5730 Elem.'Crit.,
1116 5660 1181 5730 ρζΔ
1203 5665 1282 5724 94,
1313 5665 1393 5730 sic
1415 5662 1538 5724 legit
1556 5661 1685 5730 hunc
1708 5660 1865 5730 locum
1896 5671 1908 5706 :
1943 5666 2041 5730 Hos

448 5737 672 5798 (nempe,
693 5724 1138 5798 primosparentes,
1153 5727 1228 5798 de_
1241 5727 1421 5798 quibus
1451 5724 1636 5798 supra),
1658 5785 1668 5796 ο
1683 5724 2040 5798 postqittantnnti

448 5741 672 5798 (nempe,
693 5743 873 5795 primos
890 5741 1126 5794 paretues,
1153 5741 1421 5839 αθὶᾶιιιωιιδ
1451 5741 1595 5786 supra
1591 5741 1636 5794 ),
1658 5785 1668 5796 ο
1683 5741 1932 5787 postquam
1969 5741 2039 5771 rut

447 5792 914 5906 ceperuntpropria
932 5789 1186 5862 voluntate,
1281 5793 1498 5860 estOmotu
1520 5798 1669 5836 animi
1682 5788 1873 5849 cogente
1889 5781 2039 5844 nullo,

447 5866 497 5906 lu
521 5859 645 5906 dicis
671 5855 702 5906 lt
735 5867 875 5906 erum
896 5853 1151 5904 arbitrium
1172 5849 1463 5906 perdidisse.
1528 5854 1585 5896 Μ.

447 5866 497 5910 tu
521 5849 645 5908 'dtcis
671 5849 875 5920 liberum
896 5852 1151 5920 arbitrium
1172 5849 1463 5920 perdidisse.
1528 5854 1585 5896 Μ.

511 5907 531 5952 έ
561 5907 631 5969 tta
650 5919 804 5967 codex
831 5923 956 5966 Port.
994 5915 1078 5964 Alii
1101 5907 1410 5975 ma'nuscripti
1446 5925 1556 5960 cum
1577 5908 1738 5969 editis,
1761 5907 1885 5959 hanc
1909 5912 2040 5960 luam

447 5989 608 6036 autem
629 5980 911 6044 libertatem.
1228 6037 1238 6044 Δ
1313 6037 1322 6044 _
1359 6034 1387 6044 η

509 6046 532 6081 δ
565 6051 694 6107 ω,
732 6040 850 6108 quid
889 6039 1182 6104 insperatum
1205 6037 1266 6089 de
1291 6035 1606 6100 delinquente.

1145 546 1388 606 OPERlS
1425 543 1838 604 lMPERFECTI
1876 542 2149 602 CONTRA
2187 545 2550 616 JULIANUM,
2591 546 2652 604 S.
2693 547 3058 606 AUGUSTINI

3605 547 3747 611 1590

2155 675 2379 732 peccare
2407 670 2460 716 et
2496 678 2602 718 non
2632 677 2854 732 peccare
2900 671 3082 734 posset
3110 682 3124 720 :
3153 678 3275 720 cum
3319 665 3590 736 peccavit,
3616 667 3745 724 fecit

2155 754 2295 824 quod
2320 770 2426 809 non
2455 755 2637 810 debuit
2661 757 2895 828 quidem,
2923 757 3016 814 sed
3046 760 3219 828 potuit
3243 769 3419 816 tamen
3451 780 3464 816 :
3492 777 3588 833 per
3613 763 3745 834 quid

2154 845 2312 916 igitur
2342 846 2643 904 facultatem
2685 850 2830 905 illam
2876 851 3158 921 perderet,
3188 871 3306 924 qua:
3342 855 3410 909 ad
3439 855 3540 911 hoc
3568 855 3747 914 fuerat

2153 937 2391 995 instituta
2413 979 2427 1004 ,
2457 951 2515 995 ut
2540 951 2720 1011 posset
2746 943 2884 999 velle
2907 985 2922 1009 ,
2952 955 3131 1014 posset
3161 947 3304 1001 nolle
3335 947 3475 1016 quod
3506 948 3672 1003 voluit
3699 950 3742 1003 ⁸.

2222 1033 2357 1090 Anc.
2400 1035 2599 1090 Eadem
2642 1036 2836 1092 iterum
2877 1047 2931 1092 et
2974 1038 3165 1093 iterum
3211 1039 3384 1108 dicis,
3415 1041 3607 1110 quibus
3654 1058 3745 1098 me

2148 1122 2258 1193 jam
2288 1126 2530 1194 superius
2569 1127 2908 1197 respondisse
2935 1130 3023 1200 qui
3054 1129 3243 1200 legerit
3281 1132 3598 1200 pervidebit.
3631 1131 3744 1188 Sed

2153 1215 2243 1270 hic
2262 1216 2421 1271 etiam
2454 1219 2755 1289 persistenti
2782 1219 2878 1274 tibi
2903 1229 3062 1290 atque
3087 1222 3414 1276 asseveranti
3439 1222 3745 1278 libertatem

2152 1305 2291 1364 bene
2311 1309 2501 1378 agendi
2523 1325 2615 1365 seu
2637 1311 2796 1378 male,
2819 1326 2919 1367 suo
2941 1313 3085 1368 malo
3110 1330 3207 1368 usu
3236 1314 3408 1384 perire
3431 1330 3534 1369 non
3557 1331 3743 1386 posse,

2152 1403 2473 1470 respondeat
2495 1412 2550 1457 et
2572 1403 2759 1459 beatus
2778 1419 2912 1474 papa
2937 1404 3295 1474 Innocentius,
3324 1407 3579 1463 Romanae
3599 1411 3743 1463 anti-

2151 1500 2263 1546 stes
2283 1491 2572 1560 Ecclesiae;
2605 1495 2693 1564 qui
2713 1496 3013 1552 rescribens
3043 1497 3094 1552 in
3123 1513 3281 1553 causa
3305 1509 3477 1554 vestra
3497 1501 3517 1530 ³
3540 1501 3748 1570 episco-

2153 1584 2362 1653 palibus
2404 1586 2646 1642 conciliis
2689 1587 2956 1644 Africanis
3001 1608 3015 1644 :
3069 1609 3089 1642 ι
3142 1590 3433 1660 Liberum,
3471 1611 3492 1645 ›
3527 1593 3742 1663 inquit,

2158 1693 2177 1728 ι
2211 1677 2492 1732 arbitrium
2515 1679 2644 1734 olim
2671 1680 2758 1736 ille
2783 1696 3087 1752 perpessus,
3110 1683 3236 1738 dum
3258 1685 3368 1740 suis
3389 1685 3745 1741 inconsultius

2150 1769 2315 1824 utitur
2344 1771 2533 1839 bonis,
2565 1771 2761 1827 cadens
2790 1773 2846 1828 in
2873 1777 3320 1845 praevaricationis
3349 1775 3610 1848 profunda
3635 1777 3743 1834 de-

2152 1876 2364 1916 mersus
2387 1903 2403 1930 ,
2432 1862 2567 1917 nihil
2604 1865 3050 1934 quemadmodum
3079 1867 3272 1923 exinde
3297 1884 3515 1940 surgere
3554 1879 3745 1940 [teget

2149 1952 2382 2023 invenit;
2411 1971 2612 2027 suaque
2641 1957 2693 2012 in
2723 1967 2980 2013 aeternum
3009 1960 3254 2016 libertate
3278 1961 3552 2032 deceptus,
3577 1961 3744 2033 hujus

2148 2048 2316 2103 ruinae
2333 2049 2573 2105 latuisset
2591 2065 2849 2121 oppressu
2869 2051 2912 2117 ⁸,
2930 2053 3030 2107 nisi
3048 2069 3168 2108 eum
3186 2063 3306 2123 post
3321 2054 3512 2109 Christi
3529 2070 3624 2125 pro
3638 2070 3744 2111 sua
3773 2127 3782 2130 _

2147 2141 2314 2208 gratia
2345 2141 2632 2198 relevasset
2650 2142 2908 2200 adventus
2935 2163 2955 2197 ι
2979 2144 3179 2218 (Epist.
3214 2147 3310 2201 181
3342 2148 3472 2201 inter
3493 2148 3744 2218 Augusti-

2147 2232 2346 2298 nianas,
2367 2235 2505 2304 n.7).
2529 2234 2758 2290 Videsne
2777 2237 2902 2307 quid
2923 2238 3095 2308 sapiat
3109 2237 3131 2269 ⁸
3150 2254 3248 2309 per
3261 2238 3559 2295 ministrum
3577 2255 3637 2294 su
3647 2256 3743 2295 um

2147 2324 2404 2380 catholica
2425 2327 2600 2383 fides?
2632 2328 2790 2385 Vides
2811 2330 3216 2400 possibilitatem
3236 2331 3407 2386 standi
3433 2340 3488 2388 et
3509 2333 3742 2389 cadendi

2146 2417 2222 2473 sic
2242 2417 2490 2475 habuisse
2513 2419 2802 2488 hominem,
2822 2431 2881 2477 ut
2899 2423 2942 2477 si
2959 2423 3256 2492 cecidisset,
3277 2441 3384 2479 non
3400 2425 3584 2482 eadem
3606 2440 3745 2497 pos-

2145 2508 2395 2565 sibilitate
2421 2526 2522 2581 qua
2549 2512 2818 2568 ceciderat
2849 2522 3131 2586 surgeret,
3167 2516 3373 2585 culpam
3410 2516 3613 2572 scilicet
3648 2532 3743 2574 se-

2145 2611 2341 2670 quente
2363 2603 2638 2672 supplicio.
2663 2604 2886 2674 Propter
2901 2605 3040 2675 quod
3061 2605 3257 2661 Christi
3275 2616 3461 2676 gratia,
3479 2608 3562 2664 cui
3581 2608 3746 2664 mise-

2143 2691 2386 2748 rabiliter
2401 2693 2531 2748 estis
2549 2694 2756 2764 ingrati,
2775 2710 2894 2766 qua:
2907 2697 3174 2766 jacentem
3192 2697 3473 2766 relevaret,
3495 2699 3741 2755 advenit.

2143 2781 2201 2837 ln
2217 2782 2317 2838 alia
2335 2799 2545 2854 quoque
2559 2785 2800 2854 epistola,
2814 2801 2972 2855 quam
2989 2787 3056 2843 de
3069 2789 3219 2843 vobis
3237 2788 3364 2858 ipsis
3379 2790 3653 2860 rescripsit
3670 2791 3743 2846 ad

2143 2873 2433 2930 Numidas:
2463 2894 2481 2928 ι
2506 2876 2664 2946 Ergo,
2694 2895 2714 2930 ι
2741 2877 2928 2948 inquit,
2957 2896 2976 2929 ι
3005 2878 3099 2933 Dei
3119 2880 3341 2950 gratiam
3361 2890 3623 2935 conantur
3639 2897 3744 2937 au-

2143 2963 2305 3032 ferre,
2320 2983 2477 3036 quam
2496 2981 2714 3022 necesse
2731 2977 2832 3035 est,
2847 2971 3006 3023 etiam
3025 2971 3264 3024 restituta
3281 2971 3434 3025 nobis
3449 2980 3617 3026 status
3637 2975 3747 3041 pri-

2144 3058 2268 3111 stini
2289 3058 2868 3128 libertate,quaeramus
2888 3059 3108 3131 »(Ερίει.
3125 3061 3229 3116 182
3245 3063 3374 3116 inter
3391 3061 3548 3134 Aug.,
3571 3081 3625 3116 η.
3650 3063 3741 3134 4).

2146 3147 2313 3204 Audis
2341 3149 2548 3204 restitui
2579 3150 2878 3205 libertatem
2903 3192 2919 3218 ,
2945 3159 2999 3206 et
3027 3167 3132 3206 non
3163 3153 3387 3222 periisse
3409 3154 3742 3223 contendis;

2143 3248 2302 3309 atque
2328 3239 2556 3294 humana
2577 3242 2851 3297 voluntate
2880 3252 3164 3298 contentus
3195 3244 3426 3298 divinam
3459 3260 3565 3300 non
3595 3248 3746 3315 petis

2143 3323 2388 3394 gratiam,
2415 3341 2573 3395 quam
2602 3325 2820 3382 libertas
2845 3335 3028 3382 nostra
3054 3329 3216 3383 etiam
3242 3329 3294 3382 in
3320 3337 3513 3384 statum
3548 3331 3746 3400 pristi-

2143 3432 2271 3471 num
2303 3417 2545 3472 restituta
2573 3419 2674 3472 sibi
2701 3434 2822 3474 esse
2851 3419 3096 3490 intelligit
3124 3421 3503 3477 necessariam.
3535 3421 3746 3491 Quaero

2142 3519 2322 3564 autem
2347 3524 2376 3563 a
2406 3520 2476 3575 te,
2507 3519 2684 3564 utrum
2708 3511 2818 3580 jam
2849 3511 2902 3565 in
2929 3512 3209 3581 pristinum
3241 3522 3437 3568 statum
3469 3515 3539 3568 ita
3572 3515 3748 3571 fuerit

2144 3602 2389 3656 restituta
2421 3603 2636 3657 libertas
2659 3603 2777 3672 ejus
2799 3604 2888 3674 qui
2918 3603 3078 3672 dicit,
3113 3603 3235 3660 Non
3255 3607 3389 3677 quod
3417 3606 3528 3662 volo
3548 3648 3563 3673 ,
3593 3627 3699 3680 ago
3724 3624 3748 3674 ;

2141 3695 2231 3748 sed
2258 3696 2393 3764 quod
2423 3697 2507 3750 odi
2527 3737 2540 3762 ,
2571 3697 2698 3751 illud
2725 3697 2897 3767 facio;
2926 3708 3000 3766 et,
3038 3697 3175 3754 Velle
3201 3702 3400 3770 adjacet
3427 3702 3591 3769 mihi;
3619 3721 3750 3774 per-

2142 3786 2292 3855 ﬁcere
2320 3797 2486 3840 autem
2515 3787 2697 3841 bonum
2718 3829 2732 3855 ,
2763 3805 2860 3843 non
2895 3791 3091 3844 invenio
3123 3790 3296 3864 (Rom.
3334 3809 3425 3860 vn,
3458 3795 3542 3859 15,
3577 3795 3690 3867 18)
3728 3814 3742 3850 :

2141 3888 2197 3934 et
2224 3880 2415 3950 quibus
2438 3880 2662 3948 dicitur,
2693 3878 2824 3936 Caro
2852 3883 3158 3953 concupiscit
3187 3884 3427 3938 adversus
3456 3887 3700 3956 spiritum
3725 3928 3744 3956 ,

2142 3981 2189 4025 et
2209 3974 2416 4043 spiritus
2442 3974 2680 4028 adversus
2704 3992 2906 4029 carnem
2927 3992 2948 4041 ,°
2973 3985 3026 4030 ut
3055 3993 3154 4030 non
3174 3994 3232 4031 ea
3257 3994 3370 4048 qua:
3398 3977 3548 4032 vultis
3572 3981 3752 4049 facia-

2143 4065 2205 4119 tis
2228 4063 2438 4135 (Galat.
2461 4082 2515 4132 v,
2544 4066 2676 4138 17).
2699 4067 2835 4122 Ρυιο
2864 4067 3004 4137 quod
3033 4085 3135 4122 non
3167 4083 3333 4139 usque
3355 4069 3488 4124 adeo
3509 4070 3746 4141 desipis,

2142 4166 2202 4211 ut
2226 4158 2280 4211 in
2307 4156 2390 4212 his
2419 4157 2565 4212 dicas
2594 4173 2716 4214 esse
2745 4167 2916 4214 status
2953 4160 3162 4228 pristini
3191 4161 3490 4215 libertatem
3521 4177 3536 4214 :
3566 4170 3627 4216 et
3661 4171 3754 4218 ta-

2142 4265 2268 4304 men
2294 4251 2339 4305 si
2367 4252 2508 4305 nulla
2536 4251 2615 4306 eis
2643 4261 2819 4319 esset,
2853 4251 2902 4306 id
2929 4252 3068 4322 quod
3100 4263 3340 4308 sanctum
3373 4263 3426 4307 et
3447 4255 3658 4324 justum
3691 4263 3756 4311 et

2141 4342 2340 4397 bonum
2369 4351 2471 4407 est,
2496 4358 2595 4399 nec
2615 4343 2752 4398 velle
2781 4345 3094 4413 potuissent.
3127 4343 3264 4400 Sunt
3289 4346 3429 4400 enim
3454 4361 3589 4416 quos
3612 4361 3759 4416 pec—

2143 4455 2266 4495 care
2319 4441 2387 4494 ita
2434 4439 2697 4508 delectat,
2747 4450 2804 4494 ut
2852 4441 3020 4494 nolint
3065 4439 3379 4511 oderintque
3421 4439 3701 4510 justitiam
3733 4459 3753 4499 τ

2143 4545 2301 4601 quam
2348 4546 2447 4584 nec
2489 4530 2628 4585 velle
2673 4531 2864 4600 aliquis
2908 4540 3119 4600 potest,
3149 4531 3246 4586 nisi
3295 4544 3506 4600 paretur
3547 4532 3761 4587 volun-

2144 4633 2226 4679 tas
2251 4640 2279 4678 a
2326 4624 2586 4692 Domino,
2611 4633 2668 4678 ut
2695 4625 2760 4678 ad
2809 4624 3185 4695 perficiendam
3227 4624 3484 4694 justitiam
3527 4639 3758 4693 prince-

2143 4715 2237 4770 dat
2269 4715 2593 4770 desiderium
2632 4715 2959 4780 voluntatis,
2991 4725 3046 4770 et
3088 4716 3337 4785 paulatim
3382 4714 3601 4769 ell‘cctus
3640 4732 3761 4786 po-

2145 4808 2349 4862 testatis
2373 4807 2590 4861 accedat
2614 4848 2627 4871 ,
2657 4807 2773 4860 aliis
2812 4807 2968 4861 citius
2993 4847 3007 4871 ,
3036 4807 3152 4860 aliis
3181 4807 3378 4861 tardius
3402 4840 3416 4870 -,
3450 4806 3764 4876 unicuique

2145 4898 2281 4953 sicut
2303 4900 2556 4954 Dominus
2575 4898 2740 4964 dedit,
2759 4899 2848 4968 qui
2868 4900 3014 4953 solus
3046 4908 3218 4968 potest
3235 4898 3465 4953 hominis
3484 4913 3774 4969 repararet

2147 4991 2369 5045 salutem
2397 4999 2553 5060 atque
2579 5004 2774 5060 augere
2809 4989 2918 5060 jam
2963 4987 3222 5058 perditam
3264 4998 3318 5044 et
3344 4989 3545 5046 donare
3571 4992 3771 5049 etiam

2146 5080 2249 5137 hoc
2273 5123 2288 5148 ,
2320 5091 2377 5136 ut
2419 5083 2530 5152 jam
2562 5082 2737 5153 perire
2781 5097 2885 5136 non
2934 5082 3118 5152 possit.
3168 5081 3223 5136 ln
3255 5097 3362 5152 quo
3391 5061 3776 5158 liberatorum'~

2147 5189 2371 5228 numero
2399 5181 2482 5228 est
2509 5183 2562 5228 et
2592 5183 2806 5228 sanctus
2837 5171 2990 5238 Abel,
3023 5187 3178 5241 quem
3209 5173 3342 5227 dicis
3364 5173 3499 5228 bene
3520 5167 3775 5230 vivendi

2150 5281 2257 5320 non
2285 5266 2521 5320 caruisse
2549 5265 2761 5319 virtute.
2794 5264 2907 5319 Non
2937 5265 3106 5319 caruit
3129 5266 3302 5334 plane,
3333 5265 3426 5320 sed
3453 5274 3771 5335 postquam

2147 5361 2329 5431 cmpit,
2353 5359 2426 5414 illi
2448 5373 2568 5415 esse
2590 5376 2602 5412 :
2627 5365 2780 5413 antea
2803 5371 2950 5421 vero,
2980 5357 3099 5427 quis
3121 5366 3204 5412 est
3229 5357 3456 5412 mundus
3480 5373 3509 5410 a
3537 5359 3725 5414 sorde
3741 5359 3770 5417 ⁴ῗ

2146 5453 2255 5508 Nec
2285 5451 2490 5517 infans,
2531 5451 2683 5522 cujus
2727 5459 2810 5504 est
2851 5449 2955 5504 diei
2997 5450 3152 5504 unius
3189 5450 3294 5504 vita
3334 5465 3492 5519 super
3536 5457 3774 5512 terram

2149 5545 2280 5618 (Job
2303 5563 2407 5614 xtv,
2432 5547 2487 5613 4,
2511 5561 2610 5600 sec.
2637 5543 2838 5613 LXX).
2870 5543 3224 5598 Rcdimuntnr
3241 5558 3389 5614 ergo,
3415 5543 3778 5617 quicumque

2150 5641 2482 5696 redimuntur
2503 5681 2520 5709 ,
2548 5639 2617 5695 ab
2647 5654 2711 5694 eo
2735 5639 2824 5710 qui
2855 5638 3002 5694 venit
3025 5653 3267 5709 qumrere
3292 5637 3433 5708 quod
3466 5638 3728 5708 perierat
3756 5695 3777 5720 ,

2213 5845 2230 5876 ι
2263 5841 2424 5892 Codex
2441 5847 2596 5898 Port.,
2620 5837 2787 5891 noluit.

2210 5909 2232 5938 ³
2264 5906 2335 5954 Sic
2356 5911 2462 5953 Mss.
2489 5911 2536 5953 tn
2561 5904 2717 5965 vign.,
2744 5907 2922 5953 nostra.

2213 5968 2235 6029 ἓ
2266 5966 2341 6029 Sic
2357 5974 2459 6029 Mss.
2487 5973 2536 6029 In
2559 5967 2715 6028 vign.,
2739 5977 3010 6029 oppressus.

2211 6028 2235 6061 ⁵
2267 6027 2406 6085 Editi.
2426 6027 2598 6084 faciat.
2620 6027 2928 6088 castigantur
2951 6027 3010 6076 ad
3035 6033 3114 6078 Ms.
3141 6031 3265 6077 Fort.

2528 6116 2625 6155 τετυ
2641 6126 2644 6128 τ
