3962 6484
251 302 378 360 1591

243 423 336 494 qui
359 430 412 477 et
433 429 716 492 antequam
745 421 796 476 in
823 437 984 478 carne
1004 420 1230 491 veniret,
1256 436 1350 492 per
1375 419 1532 476 ﬁdem
1554 421 1720 491 ipsam
1744 435 1830 474 re-

241 514 446 581 demit,
493 532 592 587 qua
637 515 951 571 credebatur
993 531 1113 571 esse
1159 525 1433 570 venturus.
1481 514 1832 569 Redimuntur

240 618 422 662 autem
467 609 519 662 in
563 608 862 664 libertatem
908 608 1248 664 beatitudinis
1292 609 1709 677 sempiternam,
1744 607 1831 661 ubi

234 697 348 768 jam
377 708 595 769 peccato
635 700 836 754 servire
881 716 984 754 non
1030 702 1253 770 possint.
1286 699 1417 755 Nam
1444 701 1509 764 si,
1543 709 1599 754 ut
1627 699 1758 753 dicis
1787 699 1826 764 ⁸,

239 790 370 847 boni
425 793 659 864 malique
712 793 1000 847 voluntarii
1059 793 1380 863 possibilitas
1445 791 1556 846 sola
1611 791 1830 845 libertas

237 894 358 951 est;
420 905 441 938 ι
493 902 598 941 non
655 885 814 942 habet
872 886 1165 941 libertatem
1214 886 1384 949 Deus,
1448 885 1500 938 in
1544 897 1648 954 quo
1701 898 1827 952 pec-

235 976 393 1055 candi
442 977 766 1048 possibilitas
822 993 926 1032 non
981 989 1082 1032 est.
1144 976 1384 1031 Hominis
1433 990 1560 1030 vero
1602 974 1826 1028 liberum

233 1069 514 1124 arbitrium
538 1070 960 1146 congenitumet
983 1067 1202 1123 omnino
1233 1067 1579 1122 inamissibile
1606 1066 1650 1121 si
1680 1081 1827 1136 qua:-

233 1162 404 1218 rimus
429 1203 445 1228 ,
481 1163 608 1218 illud
639 1171 723 1218 est
748 1177 854 1232 quo
887 1161 1025 1216 beati
1055 1177 1240 1217 omnes
1269 1175 1387 1216 esse
1414 1161 1599 1214 volunt
1621 1201 1636 1228 ,
1667 1159 1827 1215 etiam

234 1253 284 1306 hi
319 1256 409 1323 qui
439 1271 500 1310 ea
529 1257 718 1310 nolunt
744 1271 862 1325 qua:
891 1255 958 1309 ad
984 1253 1365 1309 beatitudinem
1393 1253 1616 1307 ducunt.

302 1345 421 1401 ΧΗ.
450 1347 570 1402 Jun.
605 1346 838 1413 Deinde,
869 1357 925 1401 ut
959 1355 1223 1416 przerupta
1245 1347 1266 1377 ³
1294 1345 1559 1414 opinionis
1599 1353 1701 1398 tum
1743 1357 1829 1400 se-

230 1453 492 1508 quamur,
539 1441 929 1510 argumentaris
969 1438 1056 1492 tali
1100 1439 1402 1493 conditione
1431 1438 1653 1492 liberum
1680 1437 1824 1490 arbi-

230 1529 394 1583 trium
439 1531 738 1585 ordinatum
786 1531 976 1598 fuisse,
1007 1539 1063 1585 ut
1097 1531 1202 1584 vim
1234 1545 1382 1584 suam
1414 1529 1603 1584 merito
1629 1538 1825 1583 secutae

229 1620 522 1676 voluntatis
557 1623 852 1688 amitteret,
885 1630 938 1676 et
965 1621 1232 1692 qualitatis
1271 1636 1426 1691 quam
1455 1619 1702 1689 elegisset
1727 1631 1822 1674 ne-

227 1715 569 1782 cessitatem,
615 1716 664 1769 in
704 1715 965 1785 reliquum
995 1715 1297 1770 sustineret.
1331 1713 1463 1769 Hine
1487 1729 1615 1783 ergo
1640 1713 1763 1784 quid
1792 1728 1824 1768 a

228 1808 387 1862 nobis
416 1808 676 1864 referatur
699 1809 932 1864 attende.
966 1808 1172 1864 Siccine
1202 1818 1355 1879 putas
1380 1809 1649 1864 hominem
1673 1824 1825 1864 crea-

228 1910 365 1967 tum,
390 1913 450 1955 ut
475 1901 610 1957 hanc
633 1902 816 1957 clectaa
838 1902 1106 1972 qualitatis
1130 1901 1500 1957 necessitatem
1523 1901 1575 1955 in
1598 1909 1821 1971 utraque

227 2001 382 2064 parte
413 2002 701 2061 pateretur,
728 1993 779 2048 id
805 2003 906 2058 est,
929 2001 984 2047 ut
1010 1995 1054 2048 si
1079 1995 1276 2049 bonum
1301 1993 1574 2056 voluisset,
1598 1992 1822 2047 ulterius

225 2100 454 2154 peccare
484 2101 588 2139 non
621 2096 829 2155 posset;
863 2094 916 2141 et
955 2087 1000 2142 si
1042 2086 1293 2156 elegisset
1335 2087 1564 2152 malum,
1597 2087 1732 2140 ultra
1763 2101 1821 2141 se

225 2178 519 2234 emendare
560 2179 839 2248 nequiret?
877 2194 942 2232 an
983 2188 1042 2234 ut
1079 2179 1446 2233 tantummodo
1476 2179 1666 2232 malam
1695 2196 1819 2249 par-

225 2279 332 2325 tem
367 2271 488 2324 mali
532 2273 822 2326 necessitas
851 2279 1192 2341 sequeretur,
1238 2271 1289 2326 in
1323 2271 1458 2325 bona
1486 2281 1660 2325 autem
1689 2270 1818 2325 nihil

224 2361 332 2414 tale
361 2362 716 2430 contingeret,
749 2362 840 2416 sed
870 2377 1084 2432 semper
1108 2361 1358 2431 periculis
1382 2361 1693 2416 varietatum
1728 2377 1820 2430 pa-

224 2453 401 2508 teret?
431 2453 511 2507 Ex
554 2453 634 2507 his
673 2454 880 2508 duobus
924 2454 1198 2525 quodlibet
1239 2455 1434 2508 sumito
1475 2473 1490 2508 :
1531 2455 1576 2509 si
1618 2454 1818 2510 dixeris

222 2549 384 2601 talem
411 2546 601 2602 factam
627 2562 746 2603 esse
773 2556 1032 2612 naturam,
1061 2563 1178 2618 quae
1204 2548 1328 2626 mali
1357 2555 1557 2602 tantum
1586 2547 1820 2603 necessi-

221 2648 386 2696 tatem
415 2650 724 2710 pateretur:
749 2641 876 2695 nulli
902 2641 1117 2696 dubium
1143 2641 1459 2706 remanebit,
1492 2641 1816 2697 teterrimam

219 2748 342 2788 eam
381 2732 624 2800 definiri,
656 2734 739 2788 cui
772 2733 968 2804 pejoris
1002 2733 1167 2804 partis
1196 2735 1448 2790 violentia
1475 2735 1586 2790 sola
1616 2735 1816 2790 tribua-

223 2832 344 2890 tur;
379 2825 738 2895 probaturque
768 2825 937 2880 Adam
967 2841 1178 2897 quoque
1205 2827 1359 2882 mala:
1388 2827 1550 2883 fuisse
1579 2837 1815 2895 naturae;

219 2927 275 2972 et
307 2919 504 2973 nullius
536 2919 834 2974 remanebit
859 2919 1179 2983 voluntarii,
1223 2921 1322 2975 sub
1363 2935 1466 2990 qua
1509 2919 1812 2987 delitescas,

219 3010 410 3064 umbra
437 3011 731 3065 commissi.
759 3010 852 3065 Sin
878 3018 1055 3065 autem
1083 3012 1399 3081 profitearis,
1427 3013 1589 3067 etiam
1617 3015 1667 3067 in
1690 3011 1816 3068 boni

218 3111 373 3172 parte
405 3103 546 3158 idem
580 3102 740 3157 fuisse
767 3113 1093 3170 secuturum,
1127 3103 1178 3158 id
1206 3113 1309 3171 est,
1341 3112 1398 3158 ut
1425 3105 1468 3159 si
1496 3105 1692 3160 bonum
1717 3121 1818 3161 vo-

218 3195 427 3258 luisset,
459 3197 677 3252 ulterius
704 3212 922 3266 peccare
951 3213 1056 3252 non
1085 3207 1263 3268 posset
1291 3217 1304 3253 :
1332 3200 1529 3267 refero,
1556 3199 1664 3254 Cur
1689 3215 1817 3272 ergo

216 3287 505 3356 peccavit?
531 3288 639 3341 Cur
669 3287 865 3342 nullam
909 3304 1096 3358 passus
1133 3297 1216 3345 est
1253 3290 1378 3344 boni
1422 3292 1814 3357 necessitatem,

217 3390 274 3432 ut
300 3379 510 3433 insidiis
531 3379 726 3434 diaboli
752 3381 1171 3449 impcuetrabilis
1195 3391 1497 3454 appareret,
1525 3384 1615 3453 qui
1641 3384 1818 3454 aliquo

218 3479 500 3540 tempore,
550 3473 854 3542 priusquam
902 3484 1180 3543 peccaret,
1223 3475 1383 3529 fuisse
1421 3473 1677 3530 obediens
1707 3476 1818 3532 Deo

217 3563 528 3618 invenitur?
570 3563 754 3634 Neque
797 3565 940 3620 enim
992 3564 1136 3620 illico
1177 3566 1318 3636 quod
1358 3565 1601 3636 ingressu
1627 3569 1819 3622 anima:

217 3653 380 3708 limus
408 3655 668 3724 intepuit,
699 3657 750 3709 in
782 3656 1072 3725 appetitum
1101 3657 1253 3711 malae
1279 3658 1567 3713 voluntatis
1598 3659 1818 3715 exarsit.

219 3745 442 3816 Legitur
469 3746 742 3816 quinimo,
770 3747 837 3801 ad
867 3747 1127 3802 culturam
1159 3747 1388 3817 paradisi
1416 3751 1818 3821 custodiamque

219 3839 517 3894 translatus
559 3840 829 3910 accepisse
868 3849 1190 3912 praeceptum
1223 3857 1252 3895 a
1282 3842 1390 3896 Deo
1410 3884 1424 3909 ,
1475 3851 1531 3896 ut
1559 3844 1818 3899 universis

222 3931 486 3987 fructibus
511 3943 837 4000 vesceretur,
863 3933 955 3988 sed
981 3949 1011 3988 a
1035 3934 1176 4004 ligno
1203 3935 1440 3989 scientia:
1471 3934 1594 3989 boni
1623 3945 1676 3990 et
1703 3952 1817 3990 ma-

221 4025 287 4090 li,
319 4026 466 4080 dicto
494 4026 716 4082 audiens
741 4027 1052 4083 abstineret.
1077 4028 1376 4098 Antequam
1405 4045 1532 4100 ergo
1558 4029 1626 4084 de
1652 4030 1820 4088 latere

223 4118 337 4188 ejus
377 4133 576 4188 corpus
614 4119 934 4174 formaretur
961 4120 1142 4175 uxoris
1163 4161 1176 4183 ,
1209 4119 1463 4176 obediens
1493 4123 1687 4177 mansit
1715 4123 1818 4176 im-

224 4213 391 4282 perio,
421 4213 616 4268 amoeni
645 4213 786 4267 ruris
812 4212 985 4268 cultor
1005 4211 1027 4244 ³
1060 4212 1319 4268 innocuus
1346 4231 1360 4268 :
1391 4224 1509 4283 post
1539 4215 1641 4269 hoc
1667 4231 1815 4283 vero,

173 4337 190 4350 ο
224 4307 549 4376 adjutorium
593 4306 782 4360 similis
821 4305 923 4361 sibi
961 4305 1224 4360 consortis
1254 4307 1501 4361 emeruit.
1534 4307 1823 4364 lnculcavit

224 4415 421 4470 nempe
461 4399 560 4454 has
600 4398 966 4454 distinctiones
1007 4407 1306 4468 temporum
1338 4401 1626 4470 Scripturze
1667 4401 1816 4457 fides.

223 4490 514 4562 Postquam
552 4506 680 4545 vero
713 4491 821 4560 jam
862 4491 962 4546 sibi
1001 4478 1276 4546 mulierem
1303 4490 1435 4546 vidit
1462 4502 1698 4563 paratam
1720 4535 1734 4560 ,
1767 4494 1820 4548 in

224 4594 432 4641 tantum
469 4594 739 4654 prmcepto
770 4583 864 4639 Dei
903 4583 1092 4638 sedulo
1129 4582 1484 4638 famulabatur
1520 4584 1730 4653 officio,
1765 4595 1822 4642 ut

224 4681 383 4734 etiam
417 4679 627 4734 femina:
653 4680 842 4749 legem,
875 4694 1031 4747 quam
1062 4691 1362 4748 acceperat,
1389 4680 1674 4736 intimaret.
1704 4681 1820 4737 Non

222 4774 400 4827 solum
433 4773 593 4841 igitur
619 4783 800 4828 custos
826 4771 1026 4839 divini,
1063 4771 1155 4826 sed
1185 4772 1342 4827 etiam
1376 4772 1689 4844 prmdicator
1717 4776 1818 4829 im-

224 4865 379 4933 perii,
411 4863 770 4919 condocefecit
800 4864 964 4918 Evam
991 4872 1045 4918 et
1068 4864 1418 4919 reverentiam
1444 4866 1817 4936 praecipientis,

225 4965 275 5010 et
300 4972 474 5027 genus
501 4956 796 5018 servitutis,
829 4965 882 5010 et
910 4970 1123 5010 causam
1154 4955 1379 5010 timoris.
1410 4956 1535 5012 lude
1561 4967 1644 5012 est
1669 4958 1823 5028 quip-

226 5065 290 5120 pe
320 5048 465 5121 quod
497 5050 657 5104 etiam
697 5049 888 5104 mulier
915 5048 1284 5121 congredienti
1311 5049 1524 5105 diabolo
1554 5051 1820 5106 obluctata

224 5143 479 5209 sollicite,
507 5143 593 5198 cui
618 5141 750 5196 nihil
773 5143 912 5197 Deus
937 5142 1313 5211 imperaverat,
1339 5141 1532 5197 refellit
1558 5144 1822 5212 serpentis

224 5238 399 5310 prima
449 5237 622 5291 fronte
670 5235 978 5300 mendacia,
1025 5243 1080 5290 et
1123 5235 1253 5291 dicit
1293 5253 1398 5291 non
1444 5236 1819 5292 abstinentiam

224 5331 468 5385 omnium
515 5329 814 5399 lignorum,
860 5328 998 5382 sicut
1042 5327 1132 5382 ille
1175 5329 1538 5394 confluxerat,
1576 5330 1667 5385 sed
1699 5346 1820 5384 cum

226 5421 493 5493 permissu
517 5420 796 5476 fertilitatis
820 5419 1083 5475 universa:
1108 5419 1264 5474 unius
1290 5429 1491 5475 tantum
1518 5422 1820 5478 mandatam

224 5515 527 5573 arbusculae
567 5514 900 5580 cautionem,
945 5520 1254 5585 metumque
1299 5515 1487 5570 mortis
1530 5516 1816 5586 objectun),

289 5675 308 5706 ι
345 5672 638 5734 vignierius,
664 5668 840 5720 Namsi
858 5674 909 5734 tu
928 5666 1068 5719 dicis.
1094 5675 1222 5730 Mss,
1246 5677 1366 5720 Nam
1387 5668 1448 5730 si,
1472 5675 1522 5721 ut
1539 5669 1677 5722 dicis.

287 5737 311 5770 ³
342 5733 422 5784 Sic
441 5739 523 5782 Its.
549 5740 672 5796 Port.
686 5733 977 5794 V‘ignierius,
992 5738 1240 5796 prompta.

287 5799 312 5832 ³
341 5798 420 5848 Sic
450 5802 558 5847 uss.
577 5795 696 5847 Editi
718 5807 860 5857 vero,
881 5801 1052 5845 custos.

1648 301 1852 359 LIBER
1889 297 2175 362 SEXTUS.

3383 299 3526 364 1521

1940 421 2029 491 qui
2057 425 2072 456 ¹
2099 425 2530 493 przevaricatores
2558 423 2676 495 jure
2715 433 3044 496 sequeretur.
3075 420 3189 482 Non
3219 439 3346 496 ergo
3374 425 3525 482 brevi

1940 520 2177 585 tempore
2221 526 2438 586 apparet
2483 516 2650 570 Adam
2699 515 2992 573 custodisse
3039 516 3378 582 mandatum;
3427 523 3525 571 sed

1937 605 2094 660 etiam
2120 607 2283 662 Evam
2309 623 2490 662 curam
2520 607 2817 663 devotionis
2844 609 3112 676 habuisse,
3141 624 3258 680 qua:
3282 609 3523 663 scientia:

1937 707 1988 753 et
2008 699 2295 756 divinitatis
2317 717 2498 756 amore
2524 702 2755 771 collapsa
2778 713 2874 756 est.
2903 701 3010 756 Cur
3029 718 3154 771 ergo
3182 703 3266 756 illa
3289 702 3520 772 justitia,

1936 791 2023 845 illa
2050 793 2290 858 devotio,
2318 811 2435 865 qua}
2466 796 2516 849 in
2547 795 2714 848 Adam
2745 795 2833 849 diu
2854 835 2868 859 ,
2899 795 2950 848 in
2978 795 3085 848 Eva
3111 794 3414 864 aliquandiu
3442 794 3524 849 vi-

1933 887 2079 956 guit,
2112 901 2218 941 non
2247 888 2438 958 eripuit
2467 887 2805 957 delinquendi
2833 885 3233 957 possibilitatem
3252 928 3266 951 ,
3306 897 3365 940 ut
3394 886 3523 942 boui

1935 977 2222 1034 necessitas
2251 978 2682 1048 impenetrabiles
2710 994 2803 1034 eos
2834 978 3062 1032 suadelis
3099 977 3341 1033 sontibus
3371 977 3523 1032 exhi-

1934 1068 2123 1124 beret?
2162 1069 2398 1125 Fuerunt
2434 1087 2562 1142 ergo
2595 1071 2848 1142 quamdiu
2877 1071 3157 1125 voluerunt
3186 1068 3520 1134 obedientes,

1933 1177 2034 1219 nec
2063 1173 2238 1219 tamen
2267 1165 2614 1236 perdiderunt
2652 1166 2841 1221 merito
2881 1163 3178 1220 devotionis
3217 1161 3520 1218 facultatem

1933 1257 2312 1325 praevaricandi
2346 1277 2357 1312 :
2385 1258 2615 1329 denique
2642 1259 2775 1328 lapsi
2807 1267 2930 1313 sunt
2960 1256 3109 1329 (Gen.
3139 1273 3172 1312 ιι
3201 1265 3246 1310 et
3272 1254 3349 1328 tu)
3381 1274 3393 1308 :
3426 1255 3522 1326 igi-

1932 1353 2020 1401 tur
2046 1358 2097 1402 et
2126 1359 2470 1420 posteaquam
2505 1361 2883 1420 peccaverunt,
2926 1349 3265 1404 manifestum
3298 1358 3379 1402 est
3422 1362 3520 1401 ue-

1930 1454 2194 1509 quaquam
2223 1455 2316 1495 eos
2352 1442 2590 1512 potuisse
2628 1441 2733 1496 vim
2772 1441 3120 1496 correctionis
3156 1440 3419 1494 amittere.
3458 1438 3522 1492 Et

1931 1530 2051 1585 ideo
2078 1541 2136 1586 ut
2162 1533 2212 1586 in
2239 1533 2486 1588 omnibus
2511 1533 2662 1601 locis,
2688 1534 2774 1588 hic
2795 1548 3006 1604 quoque
3031 1541 3196 1586 totum
3223 1530 3363 1602 quod
3388 1545 3521 1584 con-

1931 1624 2158 1680 finxeras
2203 1626 2479 1696 perdidisti
2513 1643 2526 1680 :
2557 1627 2679 1697 quia
2724 1633 2998 1696 peccatum
3043 1623 3173 1679 illud
3218 1624 3516 1694 primorum

1929 1716 2202 1772 hominum
2248 1734 2348 1774 nec
2389 1719 2617 1773 ullorum
2647 1717 2776 1774 fecit
2803 1718 3085 1773 criminum
3118 1715 3514 1781 necessitatem,

1927 1825 2026 1866 nec
2057 1812 2265 1866 transiit
2295 1811 2347 1866 in
2376 1821 2650 1876 naturam;
2679 1811 2816 1865 sicut
2838 1810 3039 1880 justitia
3069 1823 3188 1880 qua:
3217 1807 3513 1878 praecessit,

1927 1919 2027 1960 nec
2053 1906 2306 1958 virtutum
2335 1905 2510 1958 intulit
2538 1903 2935 1970 necessitatem,
2967 1915 3064 1957 nec
3089 1900 3191 1956 sibi
3218 1900 3331 1954 vias
3353 1897 3518 1954 semi-

1926 2013 2050 2052 num
2076 1998 2380 2053 vindicavit.

1996 2093 2133 2146 Ave.
2162 2090 2352 2145 Totum
2393 2090 2532 2161 quod
2572 2090 2774 2145 tamdiu
2811 2099 2865 2145 et
2901 2097 3045 2143 tanta
3075 2088 3357 2144 verborum
3389 2101 3517 2158 per-

1925 2179 2175 2250 plexitate
2204 2183 2404 2246 dixisti,
2433 2183 2667 2238 breviter
2694 2183 2772 2236 sic
2800 2190 2975 2252 potest
3002 2180 3125 2235 dici.
3154 2179 3282 2244 Cur,
3313 2179 3512 2249 inquis,

1924 2271 2093 2327 Adam
2116 2274 2252 2328 male
2272 2273 2478 2344 agendo
2500 2272 2727 2344 perdidit
2749 2287 2907 2344 posse
2936 2272 3074 2327 bene
3098 2287 3276 2342 agere,
3299 2279 3353 2325 et
3374 2270 3512 2326 bene

1924 2366 2071 2436 prius
2097 2366 2300 2438 agendo
2331 2382 2434 2420 non
2465 2366 2694 2436 perdidit
2739 2381 2896 2436 posse
2934 2365 3193 2436 peccare?
3222 2365 3296 2422 Et‘
3318 2364 3396 2419 vis
3426 2365 3512 2418 in-

1924 2459 2084 2530 telligi
2105 2501 2120 2525 ,
2149 2459 2192 2514 si
2221 2460 2290 2514 ita
2318 2469 2429 2526 est,
2458 2460 2728 2514 hominem
2760 2475 2866 2513 non
2895 2459 3049 2513 bonae
3068 2501 3082 2525 ,
3114 2458 3207 2514 sed
3248 2459 3400 2512 malae
3430 2458 3511 2512 fa-

1921 2559 2064 2604 ctum
2096 2549 2267 2613 fuisseL
2284 2560 2485 2605 naturae
2505 2590 2521 2616 ,
2551 2550 2602 2604 in
2629 2565 2736 2620 quo
2760 2550 2878 2620 plus
2902 2549 3068 2603 valuit
3094 2549 3233 2602 actio
3257 2549 3415 2612 mala,
3441 2562 3515 2604 ne

1920 2652 2104 2714 posset
2131 2659 2290 2715 agere
2314 2645 2474 2711 bene,
2505 2658 2664 2716 quam
2692 2643 2832 2698 actio
2858 2642 2994 2696 bona
3011 2683 3024 2704 ,
3055 2657 3122 2696 ne
3150 2650 3330 2712 posset
3353 2655 3514 2712 agere

1922 2734 2082 2790 male.
2108 2735 2300 2790 Posses
2331 2736 2433 2789 isto
2457 2735 2618 2789 modo
2642 2734 2821 2790 dicere
2840 2776 2854 2800 ,
2886 2735 3025 2788 male
3053 2733 3215 2787 fuisse
3239 2733 3514 2788 hominem

1921 2840 2043 2880 cum
2071 2824 2238 2880 oculis
2265 2834 2502 2880 creatum
2523 2865 2538 2891 ,
2563 2825 2686 2895 quia
2714 2840 2834 2879 cum
2864 2840 2959 2882 eos
2987 2824 3330 2889 exstinxerit,
3377 2822 3434 2877 iit
3457 2823 3513 2879 in

1922 2918 2015 2973 illo
2041 2926 2100 2972 ut
2127 2933 2232 2972 non
2263 2919 2431 2990 possit
2463 2917 2677 2981 videre;
2706 2917 2933 2972 videndo
2975 2927 3152 2971 autem
3190 2932 3297 2970 non
3337 2917 3388 2970 in
3420 2915 3514 2971 illo

1923 3008 2119 3066 factum
2147 3021 2231 3068 est
2257 3020 2316 3066 ut
2341 3026 2436 3066 eos
2475 3027 2582 3066 non
2621 3021 2802 3081 posset
2839 3008 3215 3079 exstinguere:
3245 3018 3336 3062 aut
3373 3008 3514 3064 male

1921 3102 2084 3158 fuisse
2113 3111 2280 3176 totum
2307 3118 2500 3173 corpus
2527 3103 2760 3157 hominis
2784 3101 3055 3156 conditum
3079 3144 3091 3166 ,
3122 3103 3242 3172 quia
3276 3102 3328 3154 in
3361 3109 3516 3170 pote-

1921 3203 2060 3250 state
2085 3193 2246 3250 habet
2271 3203 2330 3249 ut
2355 3195 2468 3264 ipse
2493 3209 2553 3249 se
2579 3203 2752 3260 necet,
2783 3209 2878 3248 nec
2906 3193 3062 3247 habet
3088 3193 3139 3248 in
3169 3201 3428 3263 potestate
3455 3199 3517 3248 ut

1921 3299 1981 3341 se
2007 3286 2122 3356 ipse
2149 3285 2465 3353 resuscitet;
2495 3293 2549 3341 et
2575 3285 2632 3340 ﬁt
2652 3287 2672 3317 ²
2701 3286 2752 3339 in
2783 3300 2848 3340 eo
2875 3301 2968 3355 per
2990 3295 3214 3340 mortem
3240 3295 3294 3339 ut
3321 3301 3379 3342 se
3404 3301 3514 3342 non

1921 3381 2092 3450 possit
2113 3381 2400 3444 viviticare,
2429 3395 2527 3435 nec
2555 3383 2613 3434 tit
2638 3380 2690 3434 in
2718 3395 2782 3435 eo
2812 3395 2905 3449 per
2926 3379 3084 3434 vitam
3107 3389 3158 3434 ut
3183 3395 3240 3434 se
3262 3394 3366 3434 non
3390 3394 3516 3451 pos-

1922 3472 1993 3528 sit
2017 3473 2277 3528 occidere.
2310 3471 2463 3541 Quod
2492 3473 2536 3526 si
2567 3487 2670 3527 non
2697 3472 2850 3536 dicis,
2881 3473 3127 3542 quoniam
3154 3473 3329 3528 cernis
3354 3488 3516 3543 quam

1923 3567 1995 3623 sit
2020 3567 2315 3632 insulsum;
2344 3582 2440 3622 cur
2465 3567 2660 3621 malam
2688 3565 2820 3621 dicis
2847 3567 3013 3620 Deum
3043 3581 3254 3621 creasse
3284 3566 3516 3622 hominis

1925 3670 2188 3726 naturam,
2219 3661 2263 3715 si
2290 3658 2416 3714 fecit
2441 3660 2492 3712 in
2519 3675 2583 3714 eo
2607 3660 2746 3713 mala
2773 3659 3018 3712 voluntas
3043 3674 3109 3713 ne
3132 3659 3310 3714 redire
3335 3666 3518 3728 posset

1923 3753 1992 3808 ad
2030 3753 2227 3807 bonum
2251 3793 2265 3818 ,
2298 3753 2541 3823 quamvis
2568 3752 2619 3806 in
2647 3766 2713 3804 eo
2739 3766 2846 3804 non
2878 3750 3062 3805 fecerit
3094 3751 3341 3805 voluntas
3375 3750 3518 3806 bona

1923 3854 1983 3900 ut
2008 3846 2085 3901 ire
2112 3861 2219 3900 non
2252 3852 2434 3916 posset
2461 3845 2512 3898 in
2541 3843 2779 3898 malum?
2804 3843 2934 3898 Cum
2963 3843 3134 3898 libero
3164 3844 3306 3900 enim
3334 3845 3412 3899 sic
3433 3853 3520 3900 est

1924 3948 2135 3994 creatus
2159 3937 2398 4003 arbitrio,
2427 3945 2484 3990 ut
2510 3944 2691 4006 posset
2713 3951 2816 3989 non
2843 3950 3086 4005 peccare,
3110 3934 3157 3990 si
3181 3935 3381 4002 nollet;
3406 3950 3516 3991 non

1923 4037 1984 4085 ut
2009 4031 2054 4085 si
2083 4030 2274 4094 vellet,
2308 4029 2820 4098 impune'peccaret.
2861 4026 2996 4093 Quid
3037 4042 3165 4098 ergo
3208 4027 3430 4091 mirum,
3470 4027 3520 4082 si

1925 4121 2301 4194 delinquendo,
2327 4121 2429 4176 hoc
2450 4129 2551 4185 est,
2576 4121 2948 4176 rectitudinem
2975 4135 3125 4176 suam
3147 4121 3198 4175 in
3223 4137 3324 4192 qua
3350 4120 3520 4178 factus

1925 4226 2040 4272 erat
2065 4215 2446 4287 depravatione
2470 4214 2490 4246 ³
2523 4216 2800 4283 mutando,
2827 4231 2950 4270 cum
2988 4215 3246 4286 supplicio
3273 4225 3517 4272 secutum

1926 4318 2009 4364 est
2043 4325 2148 4363 non
2181 4323 2339 4379 posse
2366 4317 2510 4363 recta
2541 4309 2737 4378 agere?
2766 4308 3028 4376 Quamdiu
3068 4323 3196 4363 vero
3235 4308 3286 4362 in
3327 4307 3518 4363 eadem

1927 4399 2243 4456 rectitudine
2273 4399 2450 4464 stetit,
2483 4399 2535 4454 in
2576 4415 2680 4471 qua
2718 4408 2927 4470 poterat
2965 4414 3071 4454 non
3111 4413 3366 4468 peccare,
3397 4397 3520 4453 ideo

1925 4508 2031 4548 nou
2076 4493 2281 4562 accepit
2322 4493 2494 4562 majus
2537 4491 2763 4562 aliquid,
2799 4490 2899 4544 hoc
2929 4499 3040 4558 cst,
3068 4505 3174 4544 non
3208 4504 3364 4559 posse
3390 4505 3519 4560 pec-

1927 4601 2071 4648 care,
2105 4585 2225 4654 quia
2255 4585 2307 4637 in
2334 4599 2399 4638 eo
2426 4583 2564 4652 quod
2595 4582 2798 4646 habuit,
2832 4597 2937 4635 non
2970 4595 3134 4651 usque
3160 4580 3226 4635 ad
3254 4582 3408 4634 finem
3435 4596 3523 4637 re-

1926 4674 2312 4732 munerationis
2337 4673 2502 4728 voluit
2532 4688 2864 4743 permanere.
2897 4672 3047 4741 Quod
3079 4672 3218 4726 enim
3250 4673 3524 4742 accepturi

1926 4778 2045 4825 sunt
2070 4767 2259 4831 sancti,
2284 4770 2372 4837 qui
2401 4766 2452 4820 in
2475 4767 2651 4820 futuro
2673 4765 2870 4820 smculo
2896 4766 2944 4818 iu
2969 4780 3194 4834 corpore
3215 4764 3376 4818 futuri
3399 4773 3524 4821 sunt

1927 4861 2227 4934 spirituali,
2260 4861 2377 4916 sine
2419 4861 2718 4914 interventu
2763 4858 2950 4913 mortis
2993 4856 3165 4913 fuerat
3204 4868 3524 4929 accepturus

1927 4953 2097 5009 Adam
2118 4994 2133 5018 ,
2163 4963 2220 5007 ut
2247 4951 2540 5007 ascendens
2570 4951 2636 5004 ab
2662 4965 2727 5005 eo
2751 4949 2890 5020 quod
2924 4958 3103 5020 posset
3131 4966 3234 5004 non
3268 4952 3424 5018 mori,
3454 4951 3521 5006 ad

1927 5045 1981 5100 id
2012 5044 2315 5115 perveniret
2346 5043 2433 5097 ubi
2475 5057 2578 5096 non
2621 5050 2800 5112 posset
2841 5043 3008 5107 mori;
3041 5051 3094 5096 et
3119 5041 3415 5098 ascendens
3455 5045 3523 5099 ab

1928 5155 1993 5194 eo
2019 5137 2159 5208 quod
2187 5153 2290 5192 non
2321 5151 2541 5207 peccare
2563 5145 2764 5206 posset,
2793 5135 2859 5190 ad
2888 5135 2939 5190 id
2962 5137 3266 5206 perveniret
3287 5136 3376 5191 ubi
3399 5150 3523 5204 pec-

1927 5247 2051 5286 care
2077 5245 2182 5284 non
2210 5237 2410 5299 posset.
2434 5227 2550 5282 Non
2574 5228 2769 5298 quippe
2795 5227 2846 5281 in
2873 5241 3099 5297 corpore
3121 5225 3400 5296 spirituali,
3424 5226 3521 5281 sed

1926 5325 1980 5378 in
2005 5322 2221 5377 animali
2249 5321 2417 5376 factus
2442 5328 2577 5388 erat,
2600 5321 2841 5391 quamvis
2863 5320 2963 5375 nisi
2986 5328 3276 5390 peccasset,
3301 5319 3522 5376 minime

1928 5417 2206 5471 morituro.
2235 5413 2391 5481 Quia,
2421 5414 2557 5469 sicut
2581 5413 2709 5468 dicit
2735 5413 3040 5484 Apostolus,
3071 5411 3193 5467 Non
3219 5413 3358 5484 prius
3383 5415 3520 5484 quod

1926 5509 2190 5582 spirituale
2237 5517 2348 5576 est,
2395 5508 2484 5562 sed
2529 5508 2664 5580 quod
2707 5507 2960 5573 animale;
3004 5516 3214 5578 postea,
3255 5507 3522 5580 spirituale

1991 5669 2008 5700 ί
2045 5673 2201 5724 Forte,
2225 5676 2350 5728 quia.

1989 5722 2676 5798 {\Iiguierius,si¢.uss.,ﬁt.
2736 5792 2766 5798 _
2898 5786 2913 5798 ,
2979 5794 2989 5798 _
3166 5795 3203 5798 η
3486 5769 3520 5794 ..

1993 5793 2014 5824 ³
2044 5786 2180 5851 mliti,
2205 5791 2266 5840 de
2305 5786 2712 5851 prmuricatione.
2736 5786 3056 5839 Emendtmtur
3075 5800 3142 5840 ex
3166 5795 3272 5840 HI.
