3990 6486
502 347 645 417 15ὲὸ

499 461 554 540 (l
581 468 697 525 Cor.
728 485 825 539 xv,
857 463 972 543 46).
1003 459 1159 526 Unde
1194 465 1383 524 beatus
1421 461 1765 533 Ambrosius,
1809 463 1862 518 in
1911 461 2098 517 umbra

501 563 623 617 vitae
652 554 780 617 dicit
808 561 977 617 Adam
1008 577 1130 617 esse
1173 555 1370 615 factum
1391 601 1406 626 ,
1445 557 1512 615 de
1541 575 1643 631 qua
1672 563 1854 628 posset
1880 552 2094 620 cadere,

497 671 605 710 non
637 655 956 712 necessitate
976 697 989 722 ,
1021 653 1116 711 sed
1145 655 1417 710 voluntate
1448 652 1584 728 (Lib.
1614 651 1676 706 de
1705 647 2003 722 Paradiso).
2038 647 2097 703 In

497 762 601 820 qua
628 749 808 820 utique
831 747 877 803 si
904 756 1165 814 maneret,
1193 746 1459 818 acciperet
1482 761 1600 801 eam
1627 743 1810 812 vitam,
1834 744 1985 814 cujus
2009 741 2096 797 illa

495 839 685 896 umbra
716 850 861 908 erat,
890 855 1051 911 quam
1079 831 1247 895 sancti
1273 839 1543 911 accepturi
1570 847 1721 909 sunt,
1751 854 1815 894 ex
1845 853 1948 911 qua
1975 853 2095 893 om-

496 932 626 988 nino
647 928 840 986 cadere
862 947 967 986 non
993 940 1260 1005 poterunt.
1283 921 1434 987 Hanc
1457 945 1669 1002 quoque
1693 927 2093 995 mortalitatem,

494 1021 548 1078 in
591 1037 696 1094 qua
737 1021 973 1077 decurrit
1009 1019 1112 1077 hoc
1154 1023 1444 1091 saaculum,
1485 1038 1517 1079 e
1555 1021 1822 1077 contrario
1852 1020 2095 1077 umbram

494 1115 682 1169 mortis
714 1115 956 1186 intelligit
982 1133 994 1169 :
1023 1125 1250 1171 mortem
1278 1131 1426 1181 vero,
1456 1115 1609 1186 cujus
1637 1107 1753 1170 haec
1778 1113 1963 1170 umbra
1989 1123 2092 1181 est,

492 1207 637 1262 illam
664 1219 1070 1278 commemorat,
1103 1226 1220 1282 quae
1250 1208 1482 1266 secunda
1510 1226 1654 1265 mors
1683 1205 1877 1265 dicitur
1907 1208 2089 1280 (Apoc.

493 1315 584 1365 xx,
609 1299 689 1371 6),
716 1300 784 1355 de
809 1316 913 1372 qua
941 1317 1119 1369 nemo,
1148 1319 1268 1358 cum
1296 1301 1348 1357 in
1375 1319 1492 1358 eam
1521 1302 1743 1369 venerit,
1771 1310 2088 1359 revertetur.

493 1391 830 1464 Quicumque
858 1402 1033 1449 autem
1073 1395 1140 1450 de
1181 1389 1283 1451 hac
1320 1395 1505 1451 mortis
1544 1396 1731 1452 umbra
1775 1395 2089 1462 liberantur,

493 1498 600 1538 non
631 1481 697 1538 ad
725 1484 848 1538 vitae
885 1479 1127 1540 umbram
1157 1487 1331 1541 redire
1350 1527 1365 1553 ,
1394 1485 1487 1542 sed
1523 1486 1589 1541 ad
1616 1501 1734 1544 eam
1761 1487 1925 1542 vitam
1951 1502 2091 1557 prte~

491 1581 749 1648 parantur
776 1575 872 1643 ire,
906 1567 972 1631 de
998 1583 1102 1650 qua
1130 1583 1401 1650 utinquam
1427 1579 1706 1650 quisquam
1730 1579 1899 1650 possit
1921 1579 2088 1635 exire.

490 1655 568 1720 lbi
596 1663 698 1720 erit
725 1669 778 1721 et
804 1667 916 1738 ipse
943 1665 1112 1723 Adam
1143 1686 1156 1722 :
1184 1669 1436 1740 quoniam
1463 1681 1606 1728 recte
1625 1661 1862 1726 creditur
1881 1671 2092 1726 Domini

493 1755 725 1814 adventu
753 1769 914 1831 atque
943 1757 996 1815 in
1022 1759 1226 1817 inferna
1243 1761 1531 1836 descensu,
1553 1761 1620 1819 ab
1647 1763 1840 1820 inferni
1865 1765 2092 1821 vinculis

486 1848 600 1921 jam
626 1852 868 1920 solutus;
901 1863 958 1908 ut
988 1843 1215 1926 primum
1245 1849 1338 1911 Dei
1369 1853 1595 1928 plasma,
1624 1853 1765 1929 quod
1793 1857 2090 1930 genitorem

490 1961 602 2000 non
627 1939 833 2012 habuit,
862 1941 955 2002 sed
987 1937 1151 2002 Deum
1187 1947 1550 2005 tantummodo
1573 1960 1892 2018 creatorem,
1921 1960 1976 2006 et
1999 1965 2088 2008 se-

490 2039 726 2094 cundum
765 2055 981 2096 carnem
1026 2041 1229 2111 primus
1272 2049 1423 2114 pater
1455 2039 1689 2112 Christi,
1722 2044 1861 2099 ultra
1902 2043 1954 2099 in
1985 2045 2092 2102 illis

489 2129 724 2187 vinculis
771 2148 876 2188 non
921 2141 1193 2201 maneret,
1226 2144 1387 2206 atque
1432 2146 1634 2191 aeterno
1675 2127 1938 2208 supplicio
1981 2155 2090 2194 non

489 2227 709 2300 periret.
739 2219 838 2285 Ubi
865 2237 1042 2283 autem
1063 2221 1265 2299 judicio
1293 2231 1656 2301 superexaltat
1678 2232 1696 2262 ί
1723 2232 2090 2287 misericordia

490 2303 695 2392 (Jacobi
717 2335 772 2388 ιι,
800 2315 913 2391 15),
943 2336 1046 2375 non
1073 2331 1196 2375 sunt
1223 2321 1416 2376 merita
1442 2315 1743 2394 cogitanda,
1768 2321 1861 2376 sed
1885 2324 2085 2394 gratia:

487 2415 643 2480 cujus
671 2421 754 2467 est
784 2422 927 2467 tanta
958 2421 1013 2468 et
1043 2411 1147 2468 tam
1171 2407 1192 2445 ²
1221 2409 1577 2468 inscrutahilis
1607 2422 1766 2484 atque
1804 2413 2091 2485 investiga-

486 2499 614 2556 bilis
651 2501 912 2571 altitudo,
958 2512 1014 2558 ut
1052 2513 1174 2574 post
1212 2503 1356 2560 illam
1397 2504 1718 2560 sententiam
1757 2521 1857 2576 qua
1887 2504 2088 2560 dictum

488 2603 592 2659 est,
627 2591 689 2650 Si
712 2596 823 2666 quis
853 2613 953 2650 non
979 2604 1180 2650 renatus
1207 2589 1359 2666 fuerit
1387 2613 1450 2651 ea:
1487 2613 1618 2667 aqua
1651 2606 1697 2652 et
1731 2597 1912 2668 spiritu
1932 2639 1946 2664 ,
1989 2615 2090 2652 non

486 2683 694 2739 intrabit
740 2685 792 2740 in
835 2703 1046 2760 regnum
1084 2686 1182 2742 Dei
1227 2687 1403 2760 (Joan.
1436 2705 1526 2757 ιιι,
1560 2685 1650 2763 5);
1684 2679 1955 2747 videamus
1985 2692 2088 2747 ali-

487 2775 702 2848 quando
729 2777 866 2834 bene
890 2779 1096 2835 meritis
1125 2779 1368 2838 ﬁdelibus
1393 2800 1500 2838 non
1527 2784 1747 2840 concedi
1775 2784 1910 2840 ﬁlios
1938 2800 2083 2853 suos,

486 2878 547 2923 ut
572 2859 681 2924 sint
704 2869 754 2924 in
784 2887 950 2942 regno
977 2872 1068 2926 Dei
1097 2889 1216 2928 cum
1248 2873 1557 2943 parentibus
1581 2877 1726 2942 suis;
1752 2877 1845 2933 sed
1875 2893 1978 2932 non
2007 2895 2090 2934 re-

485 2970 772 3032 generatos
789 2961 1036 3033 parvulos
1050 2964 1197 3020 exire
1213 2966 1281 3021 de
1297 2967 1395 3021 hac
1414 2967 1540 3034 vita,
1563 2966 1688 3022 dum
1705 2983 2088 3038 nonnunquam

487 3060 546 3109 et
581 3052 712 3124 ipsis
747 3055 857 3109 suis
897 3052 1207 3126 parentibus
1246 3056 1497 3114 ardenter
1534 3057 1995 3126 desiderantibus,
2034 3068 2089 3115 et

481 3144 748 3209 ministris
785 3145 1257 3206 Sacramentorum
1294 3149 1541 3205 alacriter
1570 3145 1979 3216 festinantibus,
2021 3151 2090 3208 ab

486 3239 1013 3315 omnipotentissimo
1035 3249 1094 3302 et
1113 3239 1616 3303 misericordissima
1639 3244 1752 3302 Deo
1775 3259 1880 3298 non
1908 3243 2091 3299 diﬁ‘er—

486 3343 576 3392 tur
625 3337 900 3407 paululum
948 3354 1097 3395 mors
1138 3354 1362 3408 eorum,
1405 3349 1462 3394 ut
1503 3333 1931 3395 Christianorum
1976 3337 2088 3397 nati

487 3437 683 3482 exeant
704 3425 724 3458 ³
750 3427 876 3483 hinc
901 3429 1095 3496 renati,
1126 3439 1182 3485 et
1208 3445 1380 3500 neque
1401 3427 1424 3460 ⁸
1448 3444 1616 3500 regno
1640 3427 1842 3486 Christi
1868 3430 2088 3502 suisque

485 3519 818 3592 genitoribus
853 3531 1104 3591 pereant;
1137 3519 1233 3577 sed
1271 3531 1558 3592 antequam
1587 3521 1956 3592 baptizentur,
1987 3538 2086 3579 ex-

486 3605 697 3682 Spirant
721 3629 735 3664 :
763 3627 884 3668 cum
909 3612 1192 3684 aliquando
1220 3611 1344 3668 ﬁliis
1370 3603 1661 3669 infantibus
1690 3613 2004 3681 inﬁdelium,
2033 3623 2088 3671 et

485 3693 706 3774 ipsam"
732 3703 929 3759 Christi
970 3701 1194 3776 gratiam
1241 3703 1754 3775 blasphemantium,
1796 3705 1850 3761 in
1897 3722 2086 3763 manus

485 3791 915 3850 Christianorum
955 3793 1186 3852 mirabili
1228 3795 1322 3852 Dei
1363 3799 1751 3869 gubernatione
1793 3798 2082 3869 perductis,

483 3900 771 3963 praestetur
797 3887 910 3945 haec
936 3892 1126 3962 gratia,
1156 3900 1212 3946 ut
1240 3890 1293 3946 in
1320 3889 1415 3947 Dei
1443 3907 1666 3962 regnum
1696 3887 1765 3948 ab
1796 3881 1972 3964 impiis
2002 3909 2086 3950 se-

483 3983 657 4054 parati
688 3976 998 4052 parentibus
1033 3983 1268 4039 veniant.
1298 3981 1400 4040 Ubi
1429 3983 1475 4039 si
1505 3999 1532 4038 a
1564 3993 1615 4042 te
1641 3994 1937 4056 quaeratur,
1965 4001 2086 4056 qua:

484 4074 559 4132 sit
582 4073 787 4146 justitia
817 4074 950 4140 ista;
979 4075 1218 4146 profecto
1247 4076 1302 4130 in
1333 4075 1427 4132 illo
1455 4075 1733 4132 dialectico
1761 4086 1816 4133 et
1845 4076 2080 4147 philosoo

485 4164 648 4238 phico
685 4181 971 4232 sermone,
1003 4181 1107 4236 quo
1150 4167 1242 4221 tibi
1282 4167 1480 4223 videris
1510 4167 1578 4225 de
1601 4169 1808 4240 justitia
1837 4159 1932 4224 Dei
1957 4169 2083 4224 dili-

486 4257 800 4330 gentissime
845 4255 1182 4327 disputasse,
1230 4273 1336 4313 non
1385 4249 1592 4315 invenis
1637 4275 1778 4316 eam.
1825 4251 2084 4319 Dominus

486 4353 630 4408 enim
655 4349 907 4422 cognovit
925 4350 1271 4424 cogitationes
1295 4339 1633 4422 sapientium,
1659 4353 1909 4424 quoniam
1931 4369 2082 4411 vanze

486 4452 612 4500 sunt
648 4435 818 4518 (Psal.
848 4459 1004 4512 xcnt,
1033 4444 1121 4516 11)
1152 4461 1165 4498 :
1195 4452 1250 4499 et
1277 4437 1614 4502 abscondens
1651 4437 1769 4502 ιιωο
1805 4461 1835 4500 a
1867 4447 2080 4518 sapien-

485 4535 629 4592 tibus
653 4545 708 4592 ct
732 4531 1104 4607 prudentibus,
1132 4535 1390 4592 revelavit
1414 4551 1477 4592 ea
1503 4538 1736 4609 parvulis
1766 4527 1977 4613 (Matth.
2001 4556 2078 4608 χι,

483 4631 580 4705 25)
599 4674 614 4700 ,
643 4631 697 4688 id
731 4639 842 4698 est,
872 4625 1196 4699 humilibus,
1221 4641 1276 4688 et
1305 4647 1410 4688 non
1446 4631 1498 4687 in
1528 4647 1620 4688 sua
1649 4632 1878 4702 virtute,
1904 4633 1999 4690 sed
2025 4633 2078 4690 in

483 4725 714 4781 Domino
734 4724 1124 4780 conlidentibus
1148 4742 1161 4778 :
1187 4725 1326 4795 quod
1349 4734 1404 4780 tu
1424 4725 1509 4781 vel
1532 4741 1822 4797 nunquam,
1845 4727 1923 4783 vel
1945 4744 2081 4784 non-

483 4817 610 4874 dum
641 4831 764 4873 esse
789 4816 1042 4888 dignaris.
1074 4815 1132 4873 Si
1172 4833 1299 4890 ergo
1339 4819 1568 4892 quaeris,
1611 4807 1700 4876 ubi
1741 4819 1828 4877 vel
1868 4820 2078 4892 quando

488 4909 644 4966 detur
671 4909 876 4965 homini
905 4925 1011 4966 non
1036 4925 1193 4983 posse
1219 4926 1442 4982 peccare
1467 4929 1482 4967 :
1511 4915 1727 4983 praemia
1753 4929 1929 4984 qurere
1953 4929 2078 4970 san-

487 5012 730 5072 ctorum,
760 5017 880 5075 quae
918 5011 1040 5075 post
1075 5003 1216 5060 hanc
1238 5003 1400 5059 vitam
1433 5005 1552 5059 illos
1576 5014 1784 5074 Oportet
1810 5005 2073 5075 acciperet

484 5096 540 5154 Si
568 5106 749 5153 autem
777 5110 886 5152 non
911 5095 1108 5165 credis,
1139 5095 1363 5152 liberum
1388 5096 1617 5151 hominis
1643 5097 1942 5165 arbitrium,
1969 5114 2076 5169 quo

482 5197 632 5248 recte
650 5203 813 5261 agere
834 5188 1006 5260 potuit
1027 5198 1083 5245 et
1102 5188 1308 5255 debuit,
1330 5189 1534 5259 peccati
1558 5189 1753 5244 malitia
1777 5191 2072 5257 defecisse;

482 5285 634 5346 illum
657 5284 847 5345 saltatu
872 5281 1088 5340 attende
1106 5323 1124 5352 ,
1162 5283 1257 5355 qui
1291 5282 1456 5350 dicit,
1486 5280 1610 5338 Non
1641 5283 1777 5354 quod
1804 5284 1914 5339 volo
1933 5324 1950 5352 ,
1980 5285 2074 5340 hoc

464 5457 469 5465 ’
546 5489 568 5522 s
603 5496 712 5542 κη,
739 5487 846 5540 clu-
890 5491 948 5540 et
978 5491 1112 5548 Ian,
1136 5483 1546 5549 superexaltatur.
1577 5492 1730 5547 Pori...
1763 5487 2074 5552 superemi-

500 5553 570 5648 αἱ
603 5613 894 5674 vignierlus,
931 5616 1063 5663 tanta
1101 5608 1262 5662 etiam.
1296 5609 1464 5674 it‘odex
1486 5617 1634 5670 Port.,
1663 5615 1840 5674 (anteet
1859 5619 1975 5663 tam.

550 5676 573 5710 ³
605 5673 742 5736 ﬁtﬁt],
766 5688 860 5726 non
881 5673 1072 5726 exeant.
1108 5673 1342 5725 Particula
1374 5687 1562 5736 negans
1583 5673 1868 5726 auctoritate
1901 5689 2071 5727 manu-

484 5739 1150 5858 mmanum.
1525 5754 1536 5766 '

550 5865 574 5900 ³
1236 5875 1298 5913 ex
1323 5862 1488 5914 codice
1525 5870 1670 5925 Port.,
1693 5869 1740 5915 et
1760 5861 1934 5927 ipsam.

1180 353 1425 428 OPERIS
1461 333 1878 412 lMPERFEC't‘i
1913 345 2188 406 CONTRA
2225 341 2588 423 JULIANUM,
2627 351 2688 409 s.
2727 353 3096 413 AUGUSTINI

2204 477 2340 532 ago,-
2367 463 2454 518 sed
2486 465 2622 536 quod
2652 465 2736 520 odi
2756 510 2770 531 ,
2803 469 2932 522 illud
2969 471 3102 542 facio
3129 487 3148 528 :
3172 488 3324 544 quem
3354 492 3442 534 vos
3482 497 3580 540 non
3605 483 3741 550 vultis

2205 555 2384 610 vitiata
2409 559 2613 630 origine
2632 599 2647 624 ,
2675 559 2768 615 sed
2796 563 3118 632 prtevalente
3142 567 3276 622 mala
3303 577 3659 635 consuetudine
3680 582 3744 637 la-

2203 645 2428 715 borare;
2463 666 2523 705 ac
2552 652 2629 706 sic
2655 653 2816 708 etiam
2850 669 2948 710 vos
2977 655 3213 712 fatemini
3242 659 3455 717 liberum
3479 667 3741 742 arbitrium,

2203 739 2344 796 male
2371 756 2429 796 se
2457 741 2672 810 utendo,
2702 759 2862 816 posse
2884 745 3145 814 deﬁcere;
3177 757 3230 804 et
3254 765 3354 805 non
3380 754 3528 810 vultis
3552 739 3632 814 illo
3655 739 3742 818 tam

2200 833 2388 906 grandi
2434 845 2682 907 peccato,
2733 849 2788 893 ut
2832 840 2975 896 omni
3026 840 3162 896 mala
3206 847 3572 904 consuetudine
3614 851 3736 920 [υθιί

2203 927 2374 995 majus
2403 937 2456 982 et
2483 928 2670 998 pejus,
2701 930 2874 986 vitiari
2904 932 3141 1002 potuisse
3179 923 3230 988 in
3261 935 3482 992 humana
3510 949 3672 996 natura
3695 945 3743 999 li.

2200 1011 2389 1072 berum
2418 1007 2732 1089 arbitrium;
2765 1021 2816 1076 in
2845 1038 2949 1094 qua
2978 1024 3314 1095 depravanda
3340 1029 3524 1085 malam
3551 1047 3746 1092 consue-

2201 1105 2438 1167 tudinem
2471 1121 2675 1168 tantum
2704 1101 2880 1172 dicitis
2917 1131 3108 1188 posse,
3140 1127 3198 1172 ut
3221 1134 3281 1174 se
3306 1121 3550 1190 perﬁcere
3578 1125 3746 1185 bonum

2199 1191 2395 1258 clamet
2437 1201 2598 1259 homo
2641 1206 2814 1273 velle,
2862 1222 2962 1262 nec
2999 1222 3174 1278 posse.
3213 1205 3550 1266 lmmutabilis
3574 1225 3744 1285 autem,

2198 1307 2319 1348 cum
2347 1310 2450 1366 qua
2479 1295 2642 1352 homo
2665 1307 2877 1354 creatus
2904 1309 2987 1355 est
3015 1308 3072 1356 et
3097 1292 3328 1367 creatur,
3356 1302 3440 1357 illa
3466 1304 3660 1360 libertas
3680 1319 3749 1364 est

2198 1387 2517 1452 voluntatis,
2559 1404 2662 1459 qua
2699 1389 2838 1445 beati
2879 1407 3000 1448 esse
3025 1407 3212 1450 omnes
3241 1395 3510 1462 volumus,
3549 1405 3598 1454 ct
3629 1401 3748 1457 nolle

2198 1492 2307 1530 non
2344 1493 2627 1548 possumus
2657 1496 2669 1534 :
2700 1480 2794 1536 sed
2836 1479 2951 1537 haec
2995 1490 3054 1536 ut
3096 1471 3284 1540 beatus
3325 1484 3392 1540 sit
3431 1485 3637 1557 quisque
3661 1505 3782 1550 non.

2197 1572 2422 1640 sufﬁcit,
2453 1590 2554 1630 nec
2585 1584 2640 1629 ut
2667 1576 2807 1631 vivat
2840 1585 2987 1632 recte
3025 1593 3120 1649 per
3144 1578 3288 1650 quod
3315 1581 3496 1637 beatus
3523 1581 3586 1636 sit
3611 1600 3622 1634 :
3647 1585 3748 1653 quia

2197 1680 2306 1720 non
2334 1665 2405 1720 ita
2432 1674 2514 1721 est
2544 1666 2746 1722 homi‘ni
2775 1670 3055 1739 congenita
3084 1670 3302 1726 libertas
3331 1670 3654 1728 immutabilis
3673 1690 3749 1730 vo-

2197 1759 2417 1816 luntatis
2442 1776 2543 1832 qua
2571 1761 2698 1816 velit
2720 1763 2994 1834 possitque
3031 1763 3169 1819 bene
3203 1779 3394 1835 agere,
3422 1765 3550 1820 sicut
3582 1780 3750 1837 conge-

2197 1849 2306 1907 nita
2336 1861 2417 1908 est
2445 1868 2548 1924 qua
2574 1848 2699 1909 velit
2725 1855 2912 1910 beatus
2939 1869 3093 1924 esse;
3119 1841 3267 1928 quod
3292 1870 3474 1912 omnes
3504 1858 3686 1925 volunt,
3707 1867 3751 1914 et

2197 1945 2288 2018 qui
2318 1955 2463 2001 recte
2489 1961 2646 2018 agere
2673 1948 2879 2004 nolunt.

2269 2025 2408 2093 Xlli.
2437 2037 2557 2094 Jun.
2603 2027 2740 2106 Quid
2779 2038 2938 2110 igitur
2977 2025 3280 2097 confectum
3319 2041 3436 2096 est?
3466 2040 3624 2097 Unum
3650 2055 3753 2097 esse

2197 2131 2554 2186 necessarium
2580 2130 2647 2186 de
2673 2131 2904 2200 duobus,
2944 2143 3002 2188 ut
3041 2142 3134 2188 aut
3169 2133 3477 2190 conﬁtearis
3505 2133 3658 2189 Adam
3689 2133 3754 2188 la-

2195 2229 2340 2277 ctum
2365 2221 2519 2276 bona:
2547 2237 2667 2279 esse
2691 2223 3024 2292 substantize,
3049 2239 3146 2280 nec
3174 2227 3421 2281 naturam
3450 2225 3560 2296 ejus
3591 2225 3752 2280 volun-

2197 2305 2330 2368 taria
2355 2314 2610 2385 qualitate
2630 2313 2976 2382 destructam,
3008 2322 3064 2372 et
3083 2316 3306 2372 deseras
3337 2301 3568 2372 naturale
3592 2332 3755 2387 pecca-

2199 2413 2308 2458 tum
2335 2424 2350 2460 :
2374 2413 2469 2460 aut
2488 2405 2533 2461 si
2556 2407 2726 2474 illum,
2757 2416 2814 2461 ut
2834 2407 3088 2463 hactenus
3107 2409 3359 2479 opinatus
3379 2425 3455 2476 es,
3475 2409 3753 2465 naturalium

2195 2491 2457 2550 malorum
2484 2510 2698 2552 causam
2725 2512 2846 2552 esse
2865 2498 3225 2566 contenderis,
3263 2509 3316 2556 et
3342 2500 3513 2570 ipsum
3541 2502 3752 2570 pessima:

2195 2585 2529 2656 substantize,
2562 2598 2721 2660 atque
2761 2589 2826 2645 ad
2859 2590 3023 2645 Deum
3053 2601 3316 2662 vestrum,
3345 2591 3400 2649 id
3438 2601 3536 2661 est,
3566 2601 3695 2648 tuum
3713 2599 3758 2647 et

2195 2675 2494 2750 Maniclitei,
2526 2682 2793 2751 pertinere
2814 2684 3147 2754 pronunties.

2267 2767 2397 2828 Ana.
2447 2769 2564 2828 Non
2611 2789 2731 2830 esse
2760 2775 3060 2832 confectum
3089 2775 3231 2848 quod
3265 2788 3418 2850 putas
3455 2793 3567 2836 esse
3600 2777 3757 2835 conle-

2195 2861 2360 2930 ctum,
2393 2872 2573 2918 nostra
2611 2865 2856 2936 superior
2895 2869 3177 2940 responsio
3202 2871 3464 2928 declarat.
3499 2871 3622 2928 Nam
3657 2886 3759 2930 cum

2195 2953 2335 3011 inter
2364 2973 2463 3011 nos
2493 2959 2717 3028 quaestio
2755 2970 3080 3030 verteretur,
3114 2973 3296 3019 utrum
3333 2966 3474 3021 malo
3518 2982 3608 3022 usu
3633 2965 3761 3020 liberi

2194 3045 2422 3130 arbitrii,
2474 3066 2596 3106 cum
2641 3069 2748 3122 quo
2788 3053 2948 3110 homo
2977 3065 3188 3112 creatus
3214 3066 3325 3126 est,
3369 3059 3536 3114 vitiari
3563 3057 3762 3130 potuerit

2195 3127 2294 3196 ista
2326 3137 2562 3208 libertas,
2591 3159 2658 3198 ne
2694 3137 2761 3200 ad
2800 3145 2938 3202 bene
2969 3147 3285 3218 vivendum,
3313 3151 3402 3221 qui
3436 3152 3451 3183 ¹
3478 3151 3608 3206 male
3631 3150 3759 3216 vixit,

2195 3243 2340 3290 esset
2367 3231 2611 3301 idoneus,
2643 3237 2742 3292 nisi
2771 3239 2954 3309 gratiae
2975 3241 3168 3297 virtute
3191 3253 3443 3310 sanatus;
3476 3253 3531 3298 ut
3551 3243 3760 3297 omittam

2193 3337 2408 3400 caetera,
2433 3344 2551 3400 qua:
2573 3328 2628 3384 in
2653 3327 2838 3385 eadem
2861 3332 3209 3402 responsione
3225 3334 3373 3390 dicta
3395 3344 3515 3391 sunt
3540 3335 3759 3405 plurima.

2192 3419 2494 3482 invenimus
2523 3421 2794 3484 hominem
2840 3423 2896 3484 in
2923 3439 3130 3485 summa
3161 3426 3563 3504 Seripturarum
3586 3425 3742 3482 divina

2192 3534 2313 3575 rum
2357 3521 2673 3576 auctoritate
2714 3521 3004 3590 dicentem,
3050 3521 3171 3579 Non
3197 3527 3342 3596 quod
3377 3511 3502 3592 volo,
3535 3521 3658 3597 facio
3686 3519 3762 3578 bo-

2191 3628 2347 3678 num;
2373 3612 2462 3667 sed
2485 3613 2623 3682 quod
2648 3613 2765 3668 nolo
2791 3614 3004 3684 malum,
3029 3615 3123 3672 hoc
3154 3633 3278 3689 ago.
3312 3617 3369 3673 In
3400 3618 3588 3689 quibus
3607 3615 3764 3674 verbis

2191 3706 2468 3763 evidenter
2484 3717 2724 3778 apparet,
2744 3707 2969 3763 liberum
2987 3708 3266 3764 arbitrium
3287 3711 3430 3766 malo
3446 3726 3540 3765 suo
3557 3725 3648 3764 usu
3662 3720 3765 3763 esse

2190 3800 2453 3856 vitiatum.
2477 3799 2592 3855 Non
2624 3801 2768 3855 enim
2796 3810 2922 3857 ante
2951 3811 3246 3871 peccatum,
3280 3819 3388 3874 quo
3416 3791 3549 3860 male
3565 3817 3682 3858 usus
3694 3807 3766 3856 est

2190 3893 2354 3949 homo
2383 3894 2554 3950 libero
2578 3891 2818 3958 arbitrio,
2860 3894 2913 3948 in
2957 3894 3044 3948 illa
3075 3887 3306 3964 paradisi
3356 3896 3608 3952 felicitate
3633 3901 3683 3950 et
3707 3891 3765 3946 ad

2189 3984 2328 4042 bene
2367 3985 2631 4056 agendum
2667 4000 2855 4056 magna
2894 3984 3144 4042 facilitate
3177 3987 3198 4018 ¹
3225 3988 3582 4050 constitutus,
3610 3991 3766 4056 posset

2190 4068 2294 4137 hoc
2317 4081 2518 4136 dicere.
2547 4078 2651 4137 Sed
2680 4079 2782 4136 hoc
2810 4094 2906 4135 vos
2933 4095 3038 4134 non
3067 4079 3268 4135 vitiata:
3295 4081 3352 4136 in
3382 4083 3554 4152 primo
3573 4079 3766 4136 homine

2193 4181 2399 4228 natura:
2443 4171 2710 4237 humanae,
2758 4170 2855 4227 sed
2904 4170 3061 4226 malae
3104 4172 3485 4227 consuetudini
3533 4171 3766 4240 cujusque

2187 4263 2418 4320 tribuitis
2451 4303 2468 4332 ,
2509 4277 2667 4335 quam
2711 4262 2813 4318 sibi
2851 4262 3232 4333 praevalentcm
3273 4263 3294 4295 ³
3327 4265 3535 4327 volens,
3569 4277 3661 4318 nec
3686 4275 3766 4314 va-

2187 4353 2306 4410 lens
2348 4354 2510 4410 homo
2555 4352 2788 4419 vincere,
2845 4367 3102 4423 suamque
3147 4353 3454 4410 libertatem
3495 4354 3559 4408 ad
3590 4354 3765 4410 bonum

2186 4448 2570 4520 perﬁciendum
2619 4448 2876 4518 integram
2926 4462 3032 4502 non
3084 4445 3406 4513 inveniens,
3471 4449 3644 4503 dicere
3682 4447 3768 4501 ists

2185 4539 2554 4610 compellitur;
2604 4539 2754 4608 quasi
2795 4553 2925 4596 vero
2952 4540 3062 4594 vim
3091 4542 3502 4596 consuetudinis
3527 4525 3675 4595 malae
3701 4539 3770 4593 in-

2185 4633 2542 4704 superabilem
2574 4631 2824 4703 patiatur,
2852 4641 2911 4688 ut
2931 4633 2997 4688 ab
3023 4648 3084 4688 ea
3111 4648 3168 4688 se
3197 4643 3389 4704 poscat
3421 4635 3513 4690 Dei
3538 4632 3698 4705 gratia
3719 4631 3772 4686 li-

2183 4713 2382 4792 berari,
2417 4725 2519 4780 nisi
2563 4724 2822 4779 inﬁrmata
2867 4734 3074 4779 natura.
3124 4723 3257 4780 Nam
3290 4725 3385 4796 qui
3428 4726 3528 4780 ista
3555 4723 3768 4788 diccbat,

2182 4835 2303 4875 cum
2331 4818 2396 4874 ad
2427 4819 2526 4874 ista
2573 4819 2920 4888 pervenisset,
2959 4818 3050 4873 ubi
3092 4819 3188 4884 ait,
3241 4817 3407 4875 Video
3444 4820 3601 4874 aliam
3627 4820 3772 4889 legem

2181 4905 2235 4965 in
2261 4910 2494 4965 membris
2518 4911 2660 4977 meis,
2677 4920 3042 4982 repugnantem
3058 4911 3155 4984 legi
3172 4913 3352 4967 mentis
3373 4929 3520 4980 ntere,
3544 4921 3589 4968 et
3617 4910 3770 4981 capti-

2181 5014 2376 5060 vantem
2402 5021 2480 5058 me
2502 5002 2590 5058 sub
2627 5002 2734 5075 lege
2772 5003 2979 5072 peccati,
3011 5020 3126 5075 qua:
3155 5014 3224 5059 est
3258 5005 3312 5059 in
3354 5005 3593 5060 membris
3622 5003 3769 5057 meis:

2183 5081 2343 5150 Miser
2363 5112 2477 5167 ego,
2511 5096 2700 5165 inquit,
2729 5095 2902 5159 homo,
2926 5095 3039 5167 quis
3087 5112 3166 5150 me
3201 5095 3437 5150 liberabit
3477 5096 3546 5176 de.
3579 5107 3773 5164 corpore

2181 5190 2355 5245 mortis
2376 5189 2570 5261 hujus?
2590 5187 2768 5245 Gratia
2795 5188 2891 5244 Dei
2911 5206 3000 5260 per
3020 5189 3197 5246 Iesum
3217 5189 3485 5245 Christum
3506 5189 3774 5245 Dominum

2180 5292 2408 5336 nostrum
2433 5279 2607 5352 (Rom.
2634 5297 2728 5345 vn,
2774 5281 2860 5346 15,
2898 5280 2990 5349 25,
3039 5281 3132 5350 24,
3178 5281 3294 5352 25).
3340 5281 3556 5362 Corpus
3596 5278 3774 5336 mortis

2179 5374 2448 5446 quomodo
2471 5375 2630 5430 vultis
2669 5373 3091 5444 interpretamini
3129 5391 3143 5430 :
3189 5381 3372 5430 tamen
3418 5363 3688 5430 inﬁrmato
3717 5370 3776 5425 li-

2178 5466 2312 5524 hero
2339 5467 2581 5534 arbitrio,
2610 5465 2871 5522 inﬁrmata
2910 5475 3099 5522 natura
3141 5465 3241 5522 ista
3270 5465 3512 5536 dicebat,
3557 5476 3610 5546 et
3638 5462 3772 5520 desi-

2179 5557 2399 5618 derabat
2425 5575 2524 5632 per
2554 5558 2646 5616 Dei
2675 5559 2898 5631 gratiam
2941 5557 3010 5615 de
3046 5559 3234 5616 mortis
3259 5571 3497 5630 corpore
3543 5557 3769 5621 liberart,

2244 5741 2270 5863 ;_
2462 5743 2912 5863 [Egetdbteqlfmsielius
2933 5797 3076 5857 Fort,
3103 5797 3356 5863 facilitate.

2242 5803 2270 5863 ι,
2297 5801 2432 5859 Editi,
2462 5797 2704 5863 felicitate.

2255 5861 2276 5892 ³
2301 5863 2436 5924 Editi,
2463 5861 2799 5923 'prtevalenter.
2823 5861 3118 5926 Castigantur
3143 5877 3206 5914 ex
3231 5872 3596 5926 manusmpns.
