3962 6540
228 445 248 504 i
260 442 366 505 525

227 550 313 619 ubi
344 575 451 617 non
478 542 618 630 quod
647 551 1064 631 ’volebatagebat
1083 549 1305 615 bonum,
1332 543 1428 602 sed
1451 543 1646 599 malum
1669 539 1812 613 quod

226 653 414 710 oderat
438 632 686 706 faciebat.
719 646 917 703 Verum
946 641 1268 699 documento
1295 634 1624 715 evidentiore
1648 632 1817 688 vinci-

227 748 379 814 mini,
413 754 520 801 tam
557 740 759 814 grande
787 746 1060 810 peccatum
1092 731 1221 791 illud
1256 730 1420 786 fuisse
1447 726 1606 800 primi
1645 724 1818 814 homi-

228 813 373 904 nis,
402 845 463 893 ut
502 813 649 890 omni
714 829 962 887 violentia
1017 820 1417 883 consuetudinis
1459 828 1603 876 esset
1651 813 1823 886 majus

228 939 285 986 et
325 928 498 1001 pejus,
542 939 665 981 cum
708 922 861 978 vobis
920 916 1263 992 proferuntur
1318 911 1454 969 mala
1500 920 1821 983 puerorum,

230 1039 351 1096 qua:
403 1021 582 1092 utique
625 1019 679 1075 in
713 1014 959 1089 paradiso
1000 1011 1174 1068 futura
1217 1023 1326 1064 non
1380 1005 1623 1068 fuissent,
1672 1000 1719 1057 si
1770 1007 1826 1054 ut

232 1094 359 1173 inde
383 1130 489 1171 non
532 1112 836 1185 pelleretur,
888 1107 943 1164 in
992 1121 1053 1162 ea
1102 1100 1435 1160 rectitudinis
1475 1096 1742 1159 felicitate,
1772 1094 1828 1149 in

234 1225 339 1280 qua
366 1206 520 1264 'facta
575 1216 658 1262 est
714 1210 900 1259 natura
953 1198 1207 1263 humana,
1256 1192 1561 1249 mansisset.
1606 1188 1738 1244 Nam
1774 1196 1833 1242 ut

238 1301 363 1357 talia
390 1309 659 1357 taceamus
687 1339 705 1365 ,
742 1310 864 1369 qua:
892 1290 1091 1362 aliquot
1126 1286 1260 1343 locis
1294 1285 1404 1357 jam
1460 1281 1726 1345 diximus,
1781 1286 1836 1333 et

236 1402 289 1447 ut
352 1407 460 1447 non
528 1388 700 1445 solum
752 1385 1057 1449 indoctam,
1105 1393 1291 1437 verum
1338 1377 1500 1433 etiam
1551 1372 1834 1429 indocilem

238 1492 625 1556 praetereamus
678 1477 952 1535 infantiam
1004 1492 1019 1530 :
1067 1486 1245 1527 nonne
1285 1468 1474 1540 aliquis
1522 1480 1653 1537 puer
1698 1463 1840 1519 acci-

242 1555 395 1648 piens
444 1589 474 1629 a
527 1571 779 1644 magistro
816 1567 960 1641 quod
1018 1562 1273 1648 memoria
1319 1555 1840 1648 retinerethvoiens

242 1634 429 1721 tenere
456 1680 553 1719 nec
576 1650 780 1719 valens.
815 1660 857 1741 si
884 1665 1071 1731 posset
1093 1636 1293 1721 dicere,
1313 1650 1590 1709 verissime
1613 1634 1837 1712 diceret,

248 1758 414 1811 \‘itleo
446 1756 601 1810 aliam
626 1754 797 1824 legem
831 1736 885 1805 in
916 1748 1091 1803 anima
1127 1759 1245 1801 mea
1267 1786 1283 1812 ,
1315 1749 1697 1814 repugnantem
1740 1736 1842 1808 legi

243 1847 538 1903 voluntatis
574 1861 728 1912 meic,
768 1851 824 1899 et
861 1840 1216 1912 captivantem
1243 1850 1330 1892 me
1364 1834 1462 1890 sub
1505 1833 1620 1904 lege
1648 1826 1843 1887 ferula-

242 1948 388 2009 rum,
419 1957 537 2014 qua:
581 1932 822 1995 imminet
847 1933 1102 1992 membris
1134 1929 1305 1986 meis?
1332 1928 1494 1984 Miser
1521 1940 1620 1995 ego
1660 1922 1840 1989 homo,

243 2034 370 2104 quis
399 2047 486 2088 me
529 2029 773 2085 liberabit
805 2027 872 2082 de
910 2038 1136 2094 corpore
1178 2017 1367 2076 mortis
1405 2016 1601 2087 hujus?
1639 2013 1845 2084 Corpus

246 2126 392 2181 enim
424 2121 767 2193 corruptibile
793 2127 1040 2191 aggravat
1067 2115 1318 2176 animam,
1350 2119 1410 2167 ut
1436 2109 1575 2180 quod
1596 2108 1711 2164 vult
1737 2120 1848 2165 me-

245 2217 421 2273 moria
453 2225 657 2278 tenere,
688 2227 793 2266 non
822 2206 1007 2281 possit.
1054 2208 1119 2262 Et
1147 2205 1214 2260 de
1241 2203 1346 2258 hoc
1370 2198 1699 2272 corruptibili
1725 2212 1847 2265 cor-

247 2323 382 2378 pore
411 2305 530 2377 quis
553 2292 762 2369 iiberat,
796 2288 897 2356 nisi
932 2298 1102 2370 gratia
1134 2284 1226 2375 Dei
1254 2310 1348 2366 per
1373 2292 1553 2349 Jcsum
1577 2288 1849 2346 Christum

250 2401 539 2456 Dominum
583 2394 868 2452 nostrum?
894 2393 1007 2447 sive
1046 2406 1168 2446 eum
1214 2388 1317 2446 hoc
1343 2397 1520 2454 exuta,
1574 2383 1851 2454 redempta

249 2486 452 2550 Christi
484 2488 739 2561 sanguine
772 2474 947 2541 anima
976 2482 1282 2554 requiescit,
1313 2480 1426 2537 sive
1447 2493 1566 2534 cum
1591 2475 1851 2546 corrupti-

250 2576 361 2642 bile
392 2584 494 2640 hoc
520 2580 702 2639 induet
724 2577 1177 2649 incorruptionem
1201 2574 1244 2647 (Ι
1265 2575 1381 2629 Cor.
1406 2588 1498 2639 xv,
1527 2566 1644 2642 55),
1664 2578 1719 2625 et
1736 2576 1855 2640 post

253 2692 527 2735 aerumnas
553 2674 794 2746 corporis
824 2673 1018 2728 mortui
1061 2678 1280 2742 propter
1321 2674 1599 2741 peccatum
1623 2662 1856 2721 viviﬁca-

253 2768 460 2825 buntur
490 2776 544 2823 et
569 2781 794 2838 corpora
825 2752 1071 2820 mortalia
1101 2770 1285 2821 nostra
1333 2776 1429 2832 per
1472 2746 1855 2814 iiiliabitantem

252 2858 454 2917 Christi
488 2858 739 2930 Spiritum
767 2858 817 2912 in
850 2844 1025 2910 nobis.
1071 2838 1272 2910 Contra
1311 2851 1464 2921 cujus
1503 2850 1748 2922 gratiam,
1794 2847 1858 2903 li-

256 2944 403 3008 bera:
429 2952 714 3006 voluntatis
744 2947 1023 3002 arbitrium
1066 2930 1103 3012 ί,
1147 2943 1348 3027 peccati
1382 2942 1632 2998 ancillam
1663 2940 1858 2996 volun-

259 3051 424 3099 tatem
453 3038 758 3097 defenditis.
788 3036 897 3095 Nos
921 3046 1097 3093 autein
1115 3052 1143 3090 a
1164 3035 1458 3092 Manichaee
1475 3034 1627 3105 longe
1650 3046 1855 3099 sumus,

258 3136 350 3208 qui
379 3145 582 3191 naturae
611 3130 764 3189 bonae
790 3114 903 3188 sive
932 3133 984 3186 in
1011 3130 1321 3201 grandibus,
1353 3128 1466 3184 sive
1503 3127 1557 3184 in
1601 3125 1856 3198 parvulis,

257 3239 314 3287 et
340 3216 530 3285 vitium
555 3214 873 3283 confitemur
901 3233 956 3280 et
979 3222 1266 3279 medicum.

329 3306 475 3378 XIV.
512 3302 631 3376 Ῐυι..
681 3306 771 3374 Sic
812 3316 1076 3390 disputavi
1120 3314 1401 3380 hactenus,
1426 3322 1484 3369 ut
1508 3327 1626 3368 mos
1663 3321 1861 3371 nostra:

258 3406 384 3470 fidei
415 3398 718 3485 postuiabat
746 3428 760 3464 :
792 3424 977 3485 verum
1004 3421 1108 3462 non
1137 3405 1236 3461 hac
1263 3404 1433 3483 solum
1463 3412 1611 3475 parte
1636 3410 1862 3461 conten-

258 3514 369 3573 tus,
400 3484 554 3577 agam
583 3517 753 3561 tecum
784 3484 1035 3573 benigne,
1068 3509 1123 3556 et
1157 3499 1401 3581 consulto
1428 3512 1545 3552 eam
1573 3495 1702 3553 mihi
1742 3512 1865 3567 per-

259 3614 451 3657 sonam
491 3584 729 3664 induam,
761 3611 880 3668 quae
907 3588 1252 3677 praeceptoris
1283 3591 1355 3647 tui
1380 3590 1657 3646 sententiie
1684 3587 1863 3643 favere

260 3694 532 3748 videatur.
573 3686 684 3746 Hoc
712 3696 889 3743 autem
921 3701 983 3741 ea
1020 3685 1188 3756 gratia
1239 3682 1350 3748 fiet,
1403 3690 1461 3737 ut
1511 3689 1566 3735 tu
1612 3680 1664 3736 in
1699 3679 1863 3736 Mani-

261 3784 497 3850 ebzeum,
527 3782 572 3837 si
602 3774 670 3836 ab
699 3795 764 3836 eo
789 3776 1039 3844 dissides,
1076 3788 1383 3846 cppngiiare
1409 3771 1636 3844 cogaris.
1667 3766 1862 3827 Asser-

262 3872 395 3935 ἔξοιιί
425 3875 623 3948 quippe
651 3881 846 3929 nostrae
875 3856 1008 3925 nihil
1039 3867 1247 3923 astutiae
1288 3864 1465 3930 inesse
1491 3864 1746 3943 iioe‘ipso
1770 3862 1867 3918 do-

266 3956 496 4035 sebitur,
526 3962 647 4022 cuin
676 3952 1045 4020 Traducianus
1066 3976 1172 4016 non
1198 3958 1419 4023 invenit,
1444 3972 1550 4028 quo
1571 3955 1864 4012 Manichmo

268 4054 438 4118 r'ossit
482 4056 765 4113 obsistere.
811 4054 990 4127 itaque
1033 4044 1315 4124 apparebit
1358 4058 1552 4123 quanta
1600 4049 1738 4104 inter
1770 4063 1868 4105 vos

270 4154 571 4226 conjuratio
615 4150 703 4215 sit,
744 4164 905 4221 quam
934 4145 1229 4226 procuretis
1279 4142 1476 4199 mutuis
1503 4150 1691 4198 cuncta
1722 4156 1870 4198 com-

267 4222 500 4319 pendiis,
533 4236 747 4317 quando
776 4226 917 4295 inter
941 4254 1036 4294 vos
1050 4222 1282 4309 iurgium
1310 4233 1530 4290 excitari
1554 4249 1658 4289 non
1680 4241 1869 4315 potue-

268 4341 359 4396 rit.
390 4338 511 4407 Quo
554 4320 714 4408 igitur
748 4329 799 4389 id
827 4337 912 4387 me
941 4328 1168 4408 consilio
1195 4326 1483 4399 arripuisse
1519 4324 1865 4393 ostenderim,

268 4432 453 4488 animo
484 4406 698 4486 lectoris
724 4414 918 4482 insidat
948 4441 960 4477 :
992 4438 1134 4478 nunc
1158 4406 1267 4492 jam
1308 4433 1569 4490 personae,
1600 4434 1759 4490 quam
1786 4432 1870 4475 as—

270 4525 557 4591 sumimus,
586 4508 826 4577 oratione
857 4518 1156 4589 fungamur.
1194 4513 1391 4570 Errant
1417 4513 1634 4569 omnino
1659 4512 1746 4585 qui
1775 4528 1871 4585 pu-

272 4628 385 4676 tant
408 4619 551 4674 hanc
578 4612 972 4671 eoneretionem
1000 4607 1242 4682 corporis
1266 4604 1499 4662 habilem
1521 4608 1542 4638 ³
1563 4620 1683 4661 esse
1705 4603 1869 4677 justi-

274 4712 358 4767 tiae
391 4730 405 4767 :
438 4704 689 4765 omnibus
715 4704 868 4763 bonis
896 4690 1084 4759 studiis
1108 4707 1365 4771 repugnat
1388 4699 1510 4754 vilis
1537 4706 1723 4753 natura
1748 4712 1869 4753 car-

274 4806 355 4862 nis
375 4812 432 4860 et
455 4800 749 4873 sanguinis.
782 4778 1049 4946 guidquid
1077 4782 1532 4850 irritamentorum
1559 4797 1641 4845 est
1675 4789 1871 4869 lenoci-

274 4897 364 4946 nio
408 4894 704 4946 sensuum.
756 4907 786 4945 a
874 4878 1348 4946 perturbationem,
1394 4868 1503 4938 imo
1539 4878 1869 4939 eversionem

273 4897 364 4952 nio
408 4894 704 4955 sensuum,
756 4868 823 4946 ad
874 4868 1348 4960 perturbationem,
1394 4868 1503 4938 imo
1539 4878 1869 4939 eversionem

274 4990 473 5046 mentis
506 4986 754 5053 elabitur,
791 5001 911 5057 quae
938 4983 991 5038 in
1024 4969 1126 5037 hoc
1153 4995 1366 5037 caenum
1398 4966 1579 5034 nescio
1606 4992 1705 5049 qua
1732 4974 1870 5057 infe-

275 5072 478 5135 licitate
516 5072 744 5147 dejecia,
785 5054 1076 5148 generosos
1121 5071 1347 5127 micatus
1385 5067 1534 5125 luteo
1577 5068 1744 5149 perdit
1779 5054 1875 5149 ad-

274 5177 474 5230 mixtu.
503 5168 620 5243 ipsa
651 5177 903 5241 quantum
931 5164 986 5221 in
1011 5180 1069 5221 se
1094 5172 1175 5221 est
1196 5160 1263 5219 ad
1289 5161 1462 5217 locum
1488 5176 1666 5228 suum,
1690 5158 1741 5215 id
1767 5148 1870 5227 est,

276 5267 343 5320 ad
374 5258 651 5335 superiora
681 5272 905 5318 conatur
942 5276 955 5313 :
1001 5256 1096 5314 sed
1143 5266 1356 5313 terreno
1394 5253 1685 5310 afflictatur
1722 5268 1874 5324 erga-

276 5358 437 5417 suilo.
470 5352 705 5427 Denique
735 5356 855 5411 cum
886 5350 953 5409 ad
980 5342 1287 5423 pudicitiam
1312 5345 1542 5403 voluerit
1568 5344 1871 5415 subvolare,

277 5453 460 5524 gluten
485 5460 539 5506 et
564 5448 764 5503 viscum
794 5443 1082 5516 voluptatis
1102 5436 1351 5498 obscena:
1376 5438 1444 5495 de
1466 5438 1695 5510 perustis
1712 5437 1875 5494 visce-
1908 5464 1912 5469 ~

277 5546 429 5603 ribus
470 5542 758 5613 echritur.
801 5532 921 5625 iam
967 5537 1014 5593 si
1080 5532 1449 5592 liberalitatem
1499 5532 1875 5589 munificentia:

279 5632 642 5705 concupiscat,
671 5621 927 5694 avaritim,
957 5643 1074 5699 qum
1107 5625 1336 5698 tegmine
1365 5622 1679 5695 frugalitatis
1702 5621 1878 5693 operi-

277 5737 388 5794 tur,
430 5721 656 5781 manicis
683 5716 996 5778 arctissiinis
1035 5708 1056 5750 ⁶
1095 5714 1394 5790 Colligatur.
1427 5708 1713 5772 Enimvero
1750 5712 1796 5769 si
1821 5712 1874 5768 in

343 5867 364 5899 ί
398 5872 451 5915 tn
475 5861 644 5914 codice
667 5865 815 5919 Port.,
838 5854 1059 5908 arbitrio.

342 5929 366 5963 ⁸
402 5923 625 5977 ﬂabilem
645 5916 948 5974 restituimus
962 5932 1035 5969 ex
1056 5916 1165 5968 Mss.

346 5989 369 6026 ³
397 5988 564 6042 Codex
584 5994 733 6050 ναι-ιη
755 5990 802 6037 et
824 5978 1122 6036 arctissimis.

1610 408 1815 481 Lmen
1850 418 2138 477 SEXTUS.

3368 421 3508 485 me

1926 540 2170 612 :equabili
2192 541 2504 597 constantiae
2543 541 2768 613 quadam
2805 542 3030 599 voluerit
3054 540 3343 599 serenitate
3380 550 3514 598 eon-

1929 636 2138 701 sistere,
2192 634 2434 692 obruitur
2474 635 2615 693 illieo
2658 635 2917 708 grandine
2951 638 3178 705 timoris,
3221 646 3276 694 et
3311 636 3517 694 doloris

1931 728 2197 800 procellis,
2231 737 2391 800 atque
2415 728 2483 787 ad
2509 729 2687 787 omnia
2716 744 3135 801 exsanguescens
3165 731 3345 799 dubia;
3370 734 3518 788 celu-

1932 834 2030 892 pos
2055 820 2135 877 sui
2161 821 2179 853 ί
2207 836 2313 877 non
2339 820 2529 877 sinitur
2556 834 2775 879 manere
2796 822 3024 879 consilii.
3047 824 3217 895 Iunge
3243 818 3347 880 hue
3368 824 3522 895 igito-

1933 920 2169 970 ratarum
2190 928 2370 971 rerum
2399 922 2633 984 noctein,
2661 922 2765 987 qua
2780 915 3137 972 circumdatur
3156 914 3353 973 illuvie.
3382 917 3521 987 Quid

1935 1005 2311 1064 laudabilitatis
2350 1008 2407 1064 in
2441 1021 2507 1064 eo
2547 1008 2938 1079 suspicabimur
2986 1009 3275 1074 animante;
3307 1009 3394 1079 Qui
3424 1024 3523 1064 nec

1938 1099 2005 1155 ad
2035 1098 2240 1155 utilium
2278 1099 2596 1157 eiectionem
2619 1100 2802 1157 oeulos
2829 1102 3068 1173 vigentes
3094 1101 3276 1169 habet;
3307 1108 3362 1157 et
3386 1102 3525 1157 inter

1940 1201 2281 1263 tempestates
2306 1194 2653 1267 cupiditatum
2673 1202 2729 1253 et
2744 1195 3111 1252 discriminum
3140 1202 3232 1252 sint
3256 1195 3525 1267 naufragia

1941 1301 2228 1343 numerare
2255 1301 2362 1342 non
2386 1286 2622 1344 sufficit?
2643 1287 2754 1344 Nec
2777 1298 2954 1344 tamen
2974 1287 3165 1359 aliquis
3198 1287 3313 1343 hac
3338 1292 3528 1360 sponte

1942 1376 2244 1448 depravatae
2281 1379 2591 1436 substantia:
2631 1381 2892 1437 accidisse
2921 1382 3208 1437 mentiatur
3233 1397 3248 1436 :
3276 1381 3389 1451 ipsa
3418 1380 3528 1451 pri-

1944 1484 2154 1528 morum
2180 1471 2455 1528 hominum
2481 1474 2740 1530 institutio
2769 1475 2852 1530 liis
2880 1475 3133 1531 arumnis
3159 1473 3424 1529 invenitur
3443 1474 3528 1528 ob.

1945 1563 2126 1619 noxia.
2153 1563 2283 1620 Nam
2312 1573 2372 1621 ut
2395 1553 2497 1621 hoc
2521 1566 2680 1621 etiam
2704 1566 2891 1640 Moysi,
2914 1576 3069 1638 quem
3084 1565 3339 1623 catholici
3366 1574 3529 1622 vene-

1946 1664 2151 1723 rantur,
2181 1658 2485 1715 testimonio
2509 1658 2919 1731 comprobetur;
2948 1660 3359 1732 etperieh'atiltir
3376 1660 3531 1732 primi

1947 1744 2195 1805 homines
2236 1749 2598 1804 carnificinam
2641 1750 2881 1818 timorist
2929 1760 3063 1822 quos
3101 1750 3400 1817 intermittit,
3432 1750 3532 1806 nisi

1948 1837 2287 1906 ebedissent,
2305 1840 2522 1909 periculi
2551 1840 2845 1908 territabat,
2876 1848 3239 1913 quantumque
3262 1841 3329 1898 de
3354 1843 3534 1898 rerum

1948 1930 2234 1988 collatione
2257 1931 2582 1988 metiendum
2603 1936 2704 1997 est,
2723 1932 3175 1990 formidolosiores
3194 1932 3421 2005 posteris
3445 1930 3540 1990 etis

1950 2024 2233 2093 opinamur
2256 2022 2445 2092 fuisse,
2474 2036 2610 2095 quos
2651 2032 2809 2095 poena
2851 2024 3081 2080 necddm
3115 2026 3361 2096 cuiquam
3391 2006 3569 2081 coiit?

1950 2123 2101 2186 perte
2132 2115 2375 2171 vexabat.
2419 2115 2528 2171 Cur
2577 2117 2720 2172 enim
2750 2117 2939 2173 mortis
2978 2116 3331 2172 inmutatione
3354 2122 3542 2189 quat‘e-

1953 2214 2159 2271 rentur,
2186 2207 2276 2276 qui
2306 2206 2617 2263 nesciebant
2645 2207 2768 2280 quid
2812 2209 3137 2265 incommodi
3161 2208 3376 2265 afferret
3400 2209 3511 2264 iiite
3529 2243 3545 2256 ο

1954 2298 2127 2357 ritus?
2173 2299 2608 2357 Sollicitabantur
2658 2302 2925 2358 nimirum
2965 2303 3095 2359 solis
3151 2300 3545 2375 auspicionibits

1954 2393 2239 2449 maiorum.
2258 2393 2329 2471 (In
2355 2410 2456 2466 qua
2482 2408 2611 2468 ergo
2639 2396 2730 2452 ille
2766 2398 2975 2453 animus
3019 2396 3400 2469 tranqllilliiate
3425 2396 3547 2452 coii-

1957 2486 2191 2553 sisteret,
2224 2503 2382 2558 quem
2417 2496 2523 2543 tam
2560 2498 2749 2560 aspera
2771 2488 2948 2546 hiems
2976 2488 3274 2546 lbrmidiiiis
3317 2486 3547 2545 comitib-

1955 2577 2152 2634 vehat?
2189 2579 2356 2635 Porro
2398 2579 2693 2651 ignorantia
2746 2584 2903 2652 qnam
2946 2579 3236 2653 profunda,
3280 2578 3548 2653 quamque

1958 2668 2194 2743 patiendi
2222 2672 2340 2743 ejus
2359 2672 2490 2729 dura
2517 2672 2770 2739 conditio,
2796 2672 2855 2730 ut
2879 2671 3092 2732 liberari
3119 2666 3185 2731 ab
3206 2680 3267 2732 ea
3287 2662 3385 2730 iiisi
3415 2674 3550 2746 pra:-

1960 2764 2283 2822 varieatione
2310 2780 2417 2821 non
2448 2770 2625 2837 possm
2656 2781 2669 2821 :
2699 2764 2977 2824 scientiam
3005 2768 3201 2840 quippe
3231 2764 3356 2825 boni
3400 2769 3552 2824 mali-

1960 2868 2065 2929 que
2084 2898 2099 2927 ,
2130 2858 2331 2930 absque
2359 2866 2493 2916 autin
2518 2859 2907 2918 condemnabiii
2935 2868 3269 2933 nequaquam
3313 2846 3550 2934 'capesst-

1961 2950 2129 3007 turus.
2159 2952 2607 3010 Hocila’crecui'n
2635 2958 2690 3010 et
2710 2952 3069 3011 mriimiiosum
3092 2940 3550 3026 animai,iilquic's,

1961 3042 2124 3099 etiam
2150 3045 2413 3116 cupiditas
2437 3044 2616 3103 innata
2657 3029 2931 3114 retinebat,
2968 3056 3124 3119 quam
3149 3046 3226 3104 rei
3254 3047 3553 3104 interdic‘tm

1962 3145 2018 3191 et
2037 3134 2287 3193 venustas
2316 3134 2560 3195 irritabat
2608 3140 2663 3196 Et
2702 3140 2955 3196 suavitas.
3005 3130 3157 3208 Quod
3198 3140 3367 3196 ibi'dm
3410 3136 3554 3197 velut

1963 3234 2149 3300 parum
2180 3236 2324 3287 esset
2345 3230 2412 3286 ad
2442 3230 2805 3288 infelicitatem
2830 3223 2972 3289 illius
2997 3222 3420 3305 exprimendam,
3452 3233 3556 3290 im-

1964 3322 2274 3393 pughatiohi
2315 3328 2520 3379 naturae
2563 3324 2854 3395 superioris
2904 3312 3207 3396 eipd'nitur.
3249 3314 3380 3396 Quis
3426 3343 3555 3399 ergo

1963 3413 2102 3470 adeo
2121 3414 2367 3486 desipiat,
2401 3418 2457 3471 tit
2481 3414 2553 3472 ibi
2579 3412 2864 3488 quidquam
2895 3406 3021 3475 boni
3063 3404 3224 3475 fuisse
3248 3409 3553 3487 arbitretur,

1967 3506 2057 3562 ubi
2101 3512 2179 3562 tot
2222 3508 2556 3564 miseriarum
2611 3507 2963 3565 instrumenta
3008 3496 3245 3566 instituta
3290 3500 3558 3567 fateatur?

1968 3598 2220 3655 Pessimae
2247 3598 2407 3671 igitur
2445 3598 2787 3668 conditionis“,
2821 3590 3172 3676 pessimmque
3200 3602 3404 3660 natura:
3431 3620 3557 3662 caro

1969 3693 2071 3749 ista
2090 3693 2145 3750 iii
2172 3694 2288 3751 istis
2314 3694 2502 3766 primis
2530 3686 2834 3752 hominibus
2858 3696 3034 3765 suam,
3071 3679 3209 3769 quod
3244 3696 3311 3754 ab
3336 3698 3557 3755 exordio

1970 3787 2204 3856 tenebat,
2225 3787 2480 3844 erserult.
2505 3772 2651 3842 itane
2671 3788 2845 3843 autem
2871 3788 2974 3843 tam
2998 3788 3188 3844 mala‘m
3207 3772 3557 3851 substantiam

1970 3879 2110 3935 Deus
2129 3879 2302 3934 bonus
2327 3882 2433 3933 hon
2460 3876 2631 3949 pdtull
2660 3872 2940 3934 fabricare.
2971 3866 3105 3949 Quid
3138 3878 3265 3950 ergo
3291 3868 3555 3952 superest,

1970 3969 2073 4026 nisi
2101 3978 2158 4025 ut
2182 3970 2446 4026 fateamur
2460 3968 2688 4027 alterum
2706 3976 2825 4028 esse
2840 3971 3031 4027 adiuta:
3053 3968 3315 4039 datoreiii,
3331 3966 3559 4027 alterum

1971 4061 2237 4119 ltiteorum
2262 4063 2631 4120 conditorem?
2654 4062 2770 4120 Stat
2797 4071 2942 4121 Certe
2979 4052 3275 4131 Maiiicliati,
3298 4063 3452 4134 cujus
3479 4063 3561 4119 iii-

1969 4153 2193 4210 diieram
2222 4162 2526 4225 persotiam,
2563 4138 2709 4211 acies
2750 4153 3012 4210 ordinata.
3044 4146 3181 4223 Quid
3225 4153 3562 4226 opperiamur

1968 4248 2245 4320 intelligis,
2274 4248 2523 4305 videlicet
2541 4246 2601 4304 ut
2623 4247 2713 4320 qui
2735 4244 2783 4305 ei
2811 4246 3069 4305 adversus
3090 4256 3191 4316 est,
3211 4242 3562 4319 censcquciiii

1972 4336 2372 4412 impugnatiohe
2414 4340 2468 4397 id
2508 4334 2855 4398 demonstret.
2894 4338 3056 4412 igitur
3093 4334 3329 4397 vestrum
3368 4324 3560 4413 dogma

1972 4438 2093 4491 etim
2122 4449 2190 4492 eo
2214 4434 2465 4507 conﬂigat
2495 4453 2508 4490 :
2539 4432 2815 4508 apparebit
2844 4442 3020 4489 utrum
3060 4430 3177 4489 sine
3205 4418 3438 4504 pernicie
3465 4429 3562 4489 sua

1972 4528 2058 4585 vel
2087 4528 2276 4584 leviter
2303 4528 2471 4598 possit
2497 4527 2720 4583 moveri.
2749 4520 3117 4582 Prdhtlntiavit
3143 4524 3308 4587 certe,
3330 4526 3444 4580 noii'
3476 4524 3563 4578 sd-

1973 4622 2086 4678 lum
2113 4620 2258 4677 nasci
2286 4624 2473 4677 omnes
2508 4614 2576 4675 de
2600 4618 2977 4674 eommixtione
3009 4603 3292 4687 corpbruiii
3314 4600 3565 4671 crimino-

1973 4727 2084 4777 sos,
2112 4718 2294 4767 verum
2342 4712 2515 4782 ipsum
2560 4706 2728 4765 Adam
2770 4708 3044 4780 culparum
3084 4692 3459 4764 necessitatem
3499 4692 3565 4765 de

1973 4804 2315 4861 concretione
2340 4800 2625 4869 viSceriini,
2658 4799 2713 4858 et
2752 4794 2864 4856 tinii
2893 4806 2957 4858 ex
3000 4794 3106 4873 quo
3144 4784 3317 4857 facitis
3344 4792 3425 4856 est
3450 4806 3567 4855 sor—

1972 4896 2131 4953 dibus
2155 4896 2415 4952 attulisse.
2438 4893 2657 4960 Natura,
2682 4885 2868 4965 inquit,
2903 4886 3079 4948 canus
3102 4894 3154 4949 in
3184 4882 3377 4964 primis
3402 4874 3567 4947 itemi-

1976 4986 2134 5045 nilius
2166 4987 2265 5043 fuit
2300 4989 2491 5053 itbxia;
2520 4987 2692 5059 ipsam
2717 4976 3000 5041 scintillam
3035 4974 3196 5040 {mittil
3248 4976 3423 5040 stli'dio
3465 4972 3566 5039 lin-

1976 5081 2201 5137 nestatis
2238 5072 2604 5136 subiacentem
2634 5070 2914 5144 conclusit,
2947 5061 3253 5141 maderent,
3293 5062 3564 5131 exstinxit.

1979 5171 2246 5243 lneptiunt
2274 5180 2493 5241 prorsus
2531 5166 2808 5235 Cilllioliei,
2835 5164 2924 5239 qui
2961 5164 3293 5241 peccantidm
3322 5160 3568 5222 testimo-

1962 5264 2083 5320 'niis
2110 5262 2440 5328 obnituntur,
2483 5266 2538 5316 et
2578 5264 2678 5316 ile‘c
2715 5252 3050 5316 documentis
3084 5254 3312 5330 propriis
3349 5252 3567 5328 acquieé

1975 5365 2155 5424 leum,
2181 5356 2529 5426 timentesque
2554 5364 2661 5411 non
2690 5354 2749 5410 se
2774 5350 2974 5411 bonum
3004 5334 3146 5424 quod
3172 5336 3354 5406 totum
3383 5352 3565 5421 agere,

1978 5450 2076 5506 sed
2111 5448 2309 5505 malum
2337 5446 2483 5518 quod
2527 5445 2872 5503 exsecratum
2913 5442 3143 5515 operari,
3175 5440 3362 5513 potam
3388 5436 3566 5497 temeri

1978 5543 2035 5600 in
2059 5552 2219 5599 carne
2265 5548 2374 5598 non
2401 5548 2525 5599 esse
2560 5541 2686 5598 mali
2728 5538 3119 5598 necessitatem.
3162 5520 3255 5592 [iis
3294 5548 3422 5607 ergo
3461 5534 3569 5591 tant

1981 5633 2243 5692 invidiose
2268 5630 2426 5690 dictis
2464 5631 2839 5706 congredimur
2860 5626 3243 5694 Traditciahus,
3269 5622 3316 5683 si
3340 5635 3520 5699 potest
3549 5630 3567 5682 ξ

1981 5746 2080 5802 ego
2107 5729 2318 5786 interim
2358 5737 2623 5799 spectator
2665 5726 2878 5793 assiste;
2921 5731 2978 5779 et
3012 5720 3213 5778 exitum
3247 5720 3413 5778 veSIri
3440 5720 3572 5789 edn-

2045 5850 2065 5880 ι
2100 5853 2149 5895 ιιι
2176 5844 2319 5894 editis
2341 5857 2445 5906 pro,
2471 5855 2660 5907 compos
2679 5824 2782 5905 sui,
2810 5826 3089 5907 legebatur;
3111 5843 3378 5906 conm
3398 5830 3571 5893 nnba-

1981 5911 2155 5963 dantnr
2173 5922 2236 5957 ex
2254 5908 2417 5956 codice
2439 5915 2563 5957 Pori.

2048 5975 2070 6007 ³
2101 5970 2261 6023 Codex
2282 5976 2424 6033 Port.,
2450 5967 2627 6033 itaque.
