3962 6476
517 314 653 372 1527

511 431 686 488 ﬂictus
713 429 982 500 opperior.
1013 429 1150 499 Quid
1180 431 1357 501 itaque
1384 431 1733 502 respondebis
1776 433 1970 488 malam
2003 448 2096 489 na-

512 531 686 577 turam
715 522 874 576 etiam
897 521 952 574 in
981 521 1166 591 primis
1195 523 1500 578 hominibus
1523 523 1685 578 fuisse
1702 525 1942 593 juranti?
1971 524 2098 580 Sine

509 613 672 670 dubio
716 612 937 679 referes,
975 614 1141 668 Deum
1182 614 1524 671 formatorem
1565 617 1836 671 hominum
1865 631 1970 672 non
2004 633 2098 689 po-

510 704 676 760 tuisse
699 705 895 760 malum
925 704 1156 760 condere
1181 706 1322 776 quod
1348 707 1564 772 creavit,
1589 718 1641 763 et
1664 709 1783 763 ideo
1804 711 1925 780 quia
1955 711 2095 765 Deus

507 796 596 866 qui
622 796 819 850 malum
848 811 953 851 non
999 795 1153 864 facit,
1184 797 1426 853 homines
1463 797 1606 863 fecit,
1643 815 1972 870 nequaquam
2002 817 2096 857 eos

507 887 820 942 naturaliter
835 889 1004 942 malos
1025 888 1255 958 probari.
1278 890 1462 944 Dixisti
1484 890 1703 960 aliquid,
1723 899 1777 946 et
1801 893 2089 948 varaciter:

506 980 601 1033 sed
630 978 749 1034 vide
785 987 959 1035 utrum
1001 981 1100 1036 hoc
1142 997 1228 1037 me
1267 982 1515 1039 debueris
1555 985 1804 1040 audiente
1829 987 2088 1056 proferre.

504 1070 618 1138 Qua
647 1071 788 1125 enim
818 1072 1010 1127 virtute
1056 1073 1408 1128 Manichaeum
1443 1077 1779 1131 concusseris
1830 1092 1935 1132 non
1963 1080 2092 1134 satis
2134 1130 2137 1132 _

503 1175 634 1214 euro
667 1161 915 1216 :interim
943 1163 996 1217 in
1034 1179 1148 1218 mea
1181 1172 1325 1220 totus
1347 1165 1466 1236 jura
1516 1167 1770 1221 transisti.
1800 1166 1967 1238 Capto
1997 1170 2088 1225 tibi

499 1254 608 1325 jam
639 1254 869 1311 delectat
903 1257 1158 1321 illudere;
1201 1259 1408 1328 excipio
1453 1259 1646 1330 quippe
1685 1276 1876 1331 magno
1901 1262 2090 1332 plausu

500 1349 886 1420 professionem
908 1359 1070 1417 tuam,
1097 1360 1250 1422 teque
1272 1360 1328 1405 ut
1347 1351 1462 1421 ejus
1479 1353 1785 1406 memineris
1805 1353 2085 1409 admoneo.

501 1440 766 1510 Dignitate
795 1443 937 1497 enim
959 1444 1211 1510 auctoris,
1234 1443 1284 1498 id
1311 1452 1395 1498 est
1415 1445 1529 1508 Dei,
1557 1444 1647 1514 qui
1668 1445 1864 1500 malum
1887 1461 1992 1500 non
2012 1445 2090 1502 fa-

499 1532 593 1599 cit,
617 1534 967 1603 pronuntiasti
993 1549 1154 1604 opera
1175 1535 1290 1605 ejus
1309 1536 1446 1590 bona
1468 1536 1665 1591 debere
1682 1539 1866 1592 asseri.
1888 1537 2086 1594 Omnes

499 1637 627 1693 ergo
657 1623 899 1681 homines
925 1625 992 1680 de
1021 1625 1259 1680 instituta
1279 1641 1310 1680 a
1331 1627 1441 1683 Deo
1466 1643 1685 1683 sexuum
1707 1631 2085 1688 commixtione

495 1724 798 1784 generatos,
827 1732 857 1770 a
886 1718 1018 1785 Deo,
1049 1732 1116 1772 an
1140 1733 1170 1772 a
1195 1717 1409 1774 diabolo
1439 1719 1551 1774 fieri
1583 1721 1774 1789 putas?
1803 1721 1858 1777 Si
1879 1737 1908 1775 a
1939 1722 2080 1790 Deo;

495 1805 588 1875 qui
610 1821 704 1861 eos
722 1807 886 1863 audes
905 1823 1027 1863 reos
1048 1809 1320 1880 malosque
1339 1812 1704 1880 pronuntiare,
1725 1827 1844 1867 cum
1867 1815 2080 1869 unicum

494 1894 692 1952 dixeris
720 1912 840 1953 esse
880 1900 1240 1955 testimonium
1285 1901 1453 1956 Adam
1500 1903 1611 1957 fieri
1658 1903 1814 1958 make
1852 1919 1960 1960 non
1985 1921 2082 1977 po-

492 1988 660 2043 tuisse
685 1997 910 2056 naturm,
943 1991 1061 2060 quia
1097 1991 1340 2047 conditus
1369 2007 1398 2045 a
1430 1992 1541 2048 Deo
1582 1995 1671 2064 qui
1700 2003 1782 2050 est
1826 1996 2077 2065 optimus,

492 2075 798 2134 indicetur?
828 2079 887 2137 Si
929 2096 1055 2152 ergo
1097 2091 1466 2152 argumentum
1510 2083 1648 2140 forte
1685 2094 1787 2153 est,
1817 2101 1912 2156 per
1937 2087 2076 2158 quod

489 2169 743 2225 credatur
777 2173 1069 2242 primorum
1117 2173 1389 2229 hominum
1419 2190 1510 2230 rea
1539 2191 1644 2231 non
1691 2178 1927 2233 instituta
1953 2179 2079 2234 sub-

487 2261 702 2327 stantia,
736 2261 838 2318 hoc
867 2263 1039 2333 ipsum
1066 2265 1189 2334 quia
1215 2265 1356 2320 Deus
1383 2281 1500 2321 eam
1531 2267 1769 2323 condidit
1791 2284 1948 2340 quem
1975 2269 2074 2325 bo-

485 2366 614 2407 num
637 2350 894 2419 fatemur;
927 2363 1169 2410 remanet
1194 2355 1321 2410 illud
1357 2356 1409 2410 in
1439 2357 1705 2412 excidium
1733 2358 1984 2426 traducis,
2016 2368 2076 2415 ut

484 2453 539 2500 et
563 2461 749 2500 omnes
769 2445 836 2500 de
859 2446 1106 2518 coniugio
1129 2449 1335 2519 genitos
1357 2449 1566 2520 iniquos
1591 2451 1747 2505 condi
1770 2467 1875 2506 non
1892 2467 2070 2523 posse,

485 2528 674 2583 eodem
702 2530 1005 2584 testimonio
1031 2533 1428 2602 comprobetur,
1455 2535 1578 2604 quia
1602 2535 1740 2590 Deus
1765 2551 1857 2591 eos
1883 2537 2074 2592 condi-

479 2618 580 2685 dit,
611 2635 771 2690 quem
796 2619 995 2675 bonum
1024 2621 1268 2676 fatemur.
1295 2623 1387 2678 Sin
1406 2633 1584 2680 autem
1607 2633 1660 2681 et
1679 2635 1797 2696 post
1815 2628 1833 2660 ί
1857 2627 1958 2683 hoc
1986 2643 2072 2682 ra-

479 2710 635 2768 biens
691 2714 1014 2785 impudentia
1053 2717 1234 2788 jurare
1277 2721 1589 2789 perstiterit,
1630 2731 1684 2776 et
1723 2737 1756 2777 a
1805 2723 1913 2778 Deo
1955 2723 2070 2778 fieri

480 2804 753 2875 parvulos,
781 2815 835 2862 et
862 2815 1035 2863 tamen
1063 2810 1232 2865 malos
1255 2825 1376 2866 esse
1396 2825 1490 2866 eos
1517 2813 1860 2867 naturaliter:
1879 2813 2069 2869 catho-

479 2894 588 2951 lico
613 2897 848 2967 quidem,
879 2901 1014 2955 sicut
1041 2910 1096 2957 et
1140 2902 1250 2958 Deo
1276 2913 1480 2971 nostro,
1510 2904 1636 2959 nihil
1667 2904 1751 2960 his
1777 2906 2070 2963 mendaciis

479 2987 772 3059 praejudicii
801 3001 1140 3061 comparatur
1175 3011 1189 3047 :
1221 2994 1569 3050 Maniclneum
1602 3006 1777 3052 tamen
1802 3007 2017 3081 constag
2037 3014 2068 3054 a

442 3098 455 3107 ι
479 3079 630 3134 vobis
653 3092 1013 3153 oppugnatum
1052 3100 1156 3139 non
1197 3101 1336 3151 esse,
1361 3088 1451 3158 qui
1474 3087 1698 3144 libenter
1721 3089 1864 3160 quod
1902 3079 2068 3146 Deum

477 3171 776 3230 criminaris
788 3177 1156 3246 amplectitur;
1185 3178 1313 3233 illud
1333 3179 1422 3234 tibi
1440 3181 1643 3250 perisse
1653 3191 1954 3250 contentus,
1974 3199 2070 3255 per

476 3261 618 3334 quod
640 3265 808 3321 Adam
825 3268 1142 3324 conditionis
1157 3269 1308 3325 bona:
1324 3269 1504 3326 fueras
1522 3273 1818 3342 approbare
1829 3275 2066 3332 molitus.

549 3354 686 3413 Auc.
728 3356 860 3414 Cum
909 3361 1037 3415 mihi
1083 3361 1341 3418 adversus
1391 3363 1739 3421 Manichtcum
1792 3377 2066 3424 certamen

474 3444 796 3516 ineundum,
831 3449 1031 3521 tibique
1061 3453 1409 3523 spectandum
1438 3455 1640 3511 diserta
1669 3458 1910 3516 czeeitate
1939 3475 2066 3530 pro-

472 3537 654 3607 ponis,
697 3549 872 3608 partcs
898 3550 1014 3598 tuas
1053 3543 1383 3612 improvidus
1420 3547 1666 3615 subruis;
1715 3557 1770 3605 et
1797 3551 2066 3621 quomodo

457 3617 623 3686 illam
657 3635 984 3690 teterrimam
1016 3636 1178 3706 luem,
1211 3653 1370 3710 quam
1397 3640 1689 3698 Manichaee
1709 3617 1954 3701 funestus
1975 3662 2066 3702 er-

471 3736 568 3780 ror
593 3725 824 3796 invexit,
860 3738 1109 3801 tanquam
1150 3731 1409 3802 pestifero
1437 3735 1659 3806 adjuves
1697 3732 1964 3809 dogmatis
1992 3742 2065 3796 tui

469 3813 624 3880 ﬂatu,
656 3819 816 3874 etiam
859 3819 943 3875 his
984 3821 1314 3893 hominibus,
1347 3827 1436 3897 qui
1483 3843 1581 3883 suo
1611 3830 1888 3888 tardantur
1912 3832 2064 3905 inge-

469 3908 586 3974 nio,
619 3919 677 3964 ut
703 3923 924 3980 possent
951 3914 1270 3988 intelligere,
1301 3920 1619 3988 praestitisti.
1647 3921 1780 3978 Nam
1811 3939 1931 3979 cum
1972 3927 2065 3983 illa

470 4017 594 4073 qua:
617 4003 685 4058 de
711 4007 832 4060 vita:
859 4006 1016 4078 hujus
1045 4012 1286 4067 mortalis
1324 4015 1794 4086 corruptibilisque
1834 4017 2065 4075 miseriis

471 4093 692 4165 copiose
719 4105 774 4150 et
798 4095 1027 4154 facunde
1055 4100 1256 4166 dixisti,
1287 4105 1518 4160 audierit
1544 4109 1770 4178 quisque
1812 4111 1894 4165 vel
1922 4111 2065 4182 lege-

468 4185 564 4253 rit,
592 4202 713 4243 vera
747 4196 800 4244 te
829 4187 994 4245 fuisse
1021 4203 1386 4259 prosecutum,
1417 4212 1524 4250 non
1553 4199 1728 4253 solum
1756 4200 1808 4254 in
1837 4210 1928 4256 tuo
1949 4218 2066 4258 ser-

469 4295 652 4349 mone,
685 4297 870 4338 verum
899 4283 952 4338 in
998 4285 1128 4354 ipsis
1155 4301 1367 4357 quoque
1406 4287 1657 4344 humanis
1699 4292 1858 4347 rebus
1901 4309 2066 4364 agno-

465 4382 604 4432 seet.
650 4374 944 4432 Manichreo
990 4377 1206 4448 quippe,
1239 4378 1328 4432 cui
1367 4381 1513 4435 velut
1551 4381 1809 4439 adversus
1838 4401 1937 4441 nos
1979 4387 2062 4442 lo-

466 4452 838 4540 quenti'verba
867 4468 1059 4536 fecisti,
1093 4470 1222 4526 nihil
1249 4487 1499 4544 magnum
1522 4485 1613 4531 aut
1638 4475 1857 4535 difficile
1885 4479 1982 4536 fuit
2012 4482 2064 4537 in

467 4559 571 4616 hac
595 4563 805 4618 mortali
831 4563 959 4629 vita,
998 4579 1118 4635 qua:
1142 4574 1196 4619 et
1238 4565 1305 4621 de
1336 4567 1584 4624 felicitate
1613 4573 1843 4640 paradisi
1872 4577 2064 4634 merito

467 4652 672 4723 peccati
699 4654 869 4724 ejecta
897 4665 1057 4726 atque
1086 4657 1294 4727 dejecta
1317 4669 1398 4714 est
1419 4661 1462 4727 ³,
1495 4661 1594 4718 ista
1635 4679 1755 4734 quae
1780 4666 1876 4722 abs
1905 4677 1957 4724 te
1995 4670 2064 4727 de

466 4743 557 4800 illa
582 4743 722 4800 dicta
755 4756 881 4802 sunt
918 4749 1147 4815 intueri;
1177 4761 1231 4805 et
1255 4751 1367 4808 sive
1389 4763 1447 4807 ut
1477 4762 1554 4822 tu,
1587 4756 1700 4811 sive
1731 4759 1950 4816 uberius
1977 4771 2062 4817 at-

465 4849 570 4906 que
606 4838 896 4906 copiosius,
941 4849 1119 4896 tamen
1167 4841 1356 4897 eadem
1397 4844 1510 4914 ipsa
1537 4847 1762 4916 garrire,
1804 4866 1924 4921 quae
1955 4860 2060 4907 tam

464 4927 748 4984 manifesta
781 4939 928 4998 sunt,
957 4933 1192 4988 utetiam
1223 4933 1618 5007 Scripturarum
1658 4939 1954 4997 divinarum
1983 4945 2064 5000 lo-

429 5024 546 5080 .cis
582 5021 828 5094 plurimis
881 5022 1225 5093 lectitentur,
1293 5027 1362 5083 de
1416 5031 1777 5100 corruptibilis
1821 5039 2061 5106 corporis

464 5129 650 5180 onere,
678 5123 734 5170 et
757 5129 824 5169 ex
856 5114 990 5170 illo'
1016 5117 1209 5172 anima:
1239 5123 1614 5190 aggravatione
1639 5125 1923 5182 venientia.
1952 5129 2059 5185 Un-

463 5209 531 5264 de
557 5208 688 5265 etin
713 5207 934 5271 sanctis,
965 5207 1019 5262 in
1041 5207 1200 5278 hujus
1225 5212 1347 5266 vitae
1372 5227 1544 5284 agone
1561 5214 1902 5285 luctantibus,
1931 5236 2060 5278 caro

464 5300 794 5372 concupiscit
829 5299 1087 5355 adversus
1133 5301 1396 5371 spiritum,
1444 5317 1498 5360 et
1545 5309 1765 5378 spiritus
1803 5311 2060 5370 adversus

464 5409 680 5450 carnem
715 5392 910 5467 (Galat.
937 5407 995 5460 v,
1021 5393 1112 5464 17)
1147 5411 1160 5447 :
1193 5408 1315 5449 cum
1361 5397 1599 5466 spiritus,
1648 5401 1786 5458 sicut
1825 5404 1900 5458 ait
1939 5405 2058 5476 glo-

466 5487 800 5541 riosissimus
823 5485 1139 5557 Cyprianus,
1172 5488 1409 5543 caelestia
1437 5502 1596 5562 atque
1623 5493 1808 5550 divina
1841 5500 2053 5569 quaerit,

462 5596 594 5639 caro
639 5590 847 5637 terrena
891 5590 947 5637 et
989 5582 1263 5637 saecularia
1310 5585 1640 5654 concupiscit
1683 5587 1783 5661 (De
1809 5589 2052 5648 Oratione

527 5697 546 5760 ξ
583 5696 874 5760 vignierius,
1104 5704 1229 5758 Mss,
1255 5703 1376 5760 post.

525 5756 553 5818 ξ
582 5756 658 5806 sic
676 5764 780 5806 Mss.
801 5765 853 5806 Al
879 5756 1016 5818 editi,
1041 5756 1224 5810 detecta
1246 5756 1332 5809 est.

530 5809 554 5843 ³
582 5826 731 5870 Vetus
749 5820 908 5872 codex
929 5809 1063 5878 Mar"
1082 5828 1130 5873 et
1150 5809 1215 5875 ea:
1235 5820 1338 5873 illa.

1186 313 1431 371 OPEBIS
1469 313 1877 373 IMPERFECTI
1913 316 2186 374 CONTRA
2225 316 2583 384 JULIANUM,
2623 317 2680 376 S.
2723 319 3094 378 AUGUSTINI

3651 331 3793 390 1528

2209 431 2523 505 Dominica).
2556 434 2689 489 lline
2728 445 2810 490 est
2837 435 2927 491 ille
2955 437 3253 510 conflictus,
3280 455 3437 512 quem
3470 457 3796 504 memoratus

2206 533 2409 598 martyr
2435 526 2486 580 in
2510 527 2663 593 libro,
2693 542 2848 597 quem
2880 528 2946 582 de
2971 529 3288 588 Mortalitate
3306 538 3648 606 conscripsit,
3674 539 3795 594 dili-

2203 625 2402 686 genter.
2436 625 2490 671 et
2526 617 2836 688 eloquenter
2881 620 3130 689 explicat,
3171 623 3355 678 dicens
3398 625 3538 681 inter
3578 639 3793 697 caetera,

2203 706 2343 776 quod
2371 707 2524 762 nobis
2558 709 2627 762 sit
2655 723 2774 763 cum
2814 712 3115 767 carnalibus
3145 715 3287 770 vitiis
3320 729 3481 788 atquc
3527 719 3798 778 illecebris

2201 799 2545 855 Saecularibus
2591 801 2803 857 assidua
2846 813 2901 858 et
2943 805 3167 860 molesta
3211 807 3452 866 luctatio.
3502 811 3624 866 1am
3670 830 3793 869 vero

2201 889 2387 947 beatus
2427 891 2716 964 Gregorius
2764 894 2864 951 hoc
2906 907 3198 965 certamen,
3244 902 3384 971 quod
3434 902 3698 959 habemus
3744 909 3792 962 in

2198 995 2424 1051 corpore
2445 985 2630 1040 mortis
2657 985 2836 1056 hujus,
2866 989 2944 1043 sic
2972 999 3096 1046 ante
3125 993 3308 1046 oculos
3331 998 3498 1064 ponit,
3533 1007 3590 1051 ut
3619 999 3793 1054 nullus

2197 1074 2268 1128 sit
2293 1074 2450 1144 hujus
2478 1077 2664 1147 agonis
2685 1077 2904 1145 athleta,
2929 1081 3018 1150 qui
3045 1097 3150 1136 non
3178 1098 3236 1137 se
3257 1083 3310 1138 in
3335 1085 3514 1141 verbis
3540 1089 3659 1158 ejus
3684 1099 3793 1144 tan-

2197 1179 2355 1234 quam
2387 1165 2436 1219 in
2469 1169 2686 1237 speculo
2714 1181 3082 1239 recognoscat.
3113 1171 3264 1227 Intra
3301 1179 3661 1246 nosmetipsos,
3708 1181 3790 1232 in-

2196 1257 2330 1327 quit,
2360 1260 2578 1329 propriis
2604 1260 2736 1314 vitiis
2775 1270 2820 1314 et
2860 1263 3178 1332 passionibus
3207 1265 3590 1336 impugnantur,
3640 1281 3686 1324 et
3716 1273 3791 1326 die

2195 1359 2442 1422 noctuque
2477 1352 2650 1423 ignitis
2690 1355 2908 1410 stimulis
2949 1359 3176 1427 corporis
3215 1361 3510 1416 humilitatis
3550 1364 3710 1432 huius
3749 1378 3790 1419 et

2192 1445 2419 1514 corporis
2447 1447 2622 1499 mortis
2647 1463 2885 1518 urgemur
2904 1464 2923 1502 :
2939 1465 3072 1503 nunc
3095 1452 3330 1518 latenter,
3359 1471 3491 1508 nunc
3514 1457 3671 1509 etiam
3703 1477 3790 1521 pa-

2192 1535 2296 1588 lam
2339 1539 2725 1608 provocantibus
2759 1541 2938 1612 ubique
2978 1551 3024 1596 et
3065 1544 3381 1601 irritantibus
3425 1565 3596 1603 rerum
3627 1551 3792 1605 visibi-

2191 1627 2315 1681 lium
2344 1627 2610 1697 illecebris,
2648 1633 2754 1686 luto
2793 1633 2887 1686 hoc
2916 1636 3057 1706 fwcis
3095 1637 3179 1690 cui
3218 1639 3510 1694 inhwsimus
3549 1644 3690 1696 cwni
3717 1647 3790 1698 sui

2191 1719 2400 1790 fetorem
2435 1722 2572 1775 venis
2596 1723 2944 1800 capacioribus
2974 1726 3275 1795 exhalante;
3319 1731 3405 1783 sed
3438 1743 3485 1785 et
3527 1733 3643 1804 lege
3677 1753 3789 1804 pec-

2189 1811 2309 1876 cati,
2341 1827 2454 1881 qua:
2477 1813 2615 1867 estin
2638 1814 2870 1870 membris
2890 1818 3094 1882 nostris,
3125 1819 3225 1889 legi
3252 1821 3459 1891 spiritus
3501 1841 3789 1895 repugnari.

2189 1909 2254 1967 te,
2287 1901 2410 1955 dum
2439 1904 2710 1975 imaginem
2739 1907 2930 1978 regiam
2959 1925 3074 1978 qua:
3099 1910 3234 1963 intra
3271 1929 3360 1965 nos
3384 1924 3487 1980 est,
3534 1918 3788 1984 captivam

2187 1992 2368 2048 ducere
2389 1995 2587 2060 studet;
2613 2007 2664 2050 ut
2692 1999 2871 2067 spoliis
2895 2000 3005 2068 ejus
3035 2003 3216 2068 cedat,
3259 2003 3506 2074 quidquid
3532 2006 3672 2059 illud
3695 2019 3784 2076 est,

2183 2086 2320 2156 quod
2343 2087 2396 2140 in
2429 2104 2520 2142 nos
2539 2088 2780 2160 beneﬁcio
2811 2091 2995 2147 divina:
3018 2109 3078 2146 ac
3104 2095 3284 2165 prima:
3307 2096 3444 2152 illius
3481 2099 3787 2156 conditionis

2183 2180 2389 2250 inﬂuxit
2419 2182 2594 2256 (Greg.
2639 2185 2892 2241 Nazianz.
2934 2188 2987 2242 in
3031 2189 3283 2263 Apologia
3318 2193 3338 2248 1
3384 2195 3446 2248 de
3481 2213 3576 2249 sua
3618 2200 3784 2269 fuga).

2184 2273 2312 2330 Hrcc
2343 2276 2502 2331 verba
2547 2277 2778 2334 hominis
2806 2280 2923 2348 Dei,
2952 2292 3006 2337 et
3045 2282 3096 2336 in
3141 2286 3376 2339 secundo
3401 2286 3542 2340 libro
3570 2289 3785 2346 illorum

2183 2381 2281 2421 sex
2309 2383 2441 2437 quos
2471 2379 2658 2426 contra
2691 2382 2806 2428 tuos
2827 2383 3055 2444 quatuor
3069 2376 3208 2431 edidi
3237 2377 3387 2449 (Cap.
3418 2379 3498 2452 5),
3530 2392 3586 2437 et
3610 2381 3665 2436 in
3691 2383 3787 2439 hoc

2183 2473 2347 2528 opere
2370 2462 2524 2530 posui
2553 2461 2688 2534 (Lib.
2725 2465 2776 2530 1,
2799 2482 2915 2537 cap.
2939 2467 3029 2539 67)
3055 2483 3176 2523 cum
3211 2479 3299 2526 tuo
3326 2471 3500 2541 primo
3527 2475 3784 2531 volumini

2181 2551 2584 2621 responderem,
2613 2555 2703 2610 ubi
2725 2570 2918 2628 corpus
2939 2560 3145 2627 mortis,
3179 2559 3246 2616 de
3274 2578 3377 2632 quo
3403 2579 3462 2618 se
3487 2563 3622 2619 dicit
3646 2573 3786 2636 Apo-

2181 2643 2352 2699 stolus
2385 2644 2484 2700 Dei
2513 2647 2682 2716 gratia
2707 2647 2924 2704 liberari
2946 2651 3120 2723 (Rom.
3140 2668 3233 2718 vn,
3257 2653 3347 2720 24,
3366 2653 3484 2725 25),
3514 2658 3677 2713 aliter
3703 2660 3780 2714 in-

2180 2733 2523 2804 telligendum
2553 2739 2767 2808 putasti.
2793 2741 2858 2795 Et
2884 2752 3100 2797 sanctus
3127 2744 3444 2801 Ambrosius
3465 2763 3590 2804 cum
3619 2749 3782 2807 dixis-

2178 2834 2281 2893 set,
2316 2826 2502 2883 Omnes
2529 2829 2755 2886 homines
2775 2833 2866 2886 sub
2887 2844 3088 2904 peccato
3118 2837 3403 2905 nascimur;
3427 2830 3650 2910 quorum
3680 2843 3782 2913 ipse

2179 2927 2322 2973 ortus
2341 2920 2392 2974 in
2408 2923 2529 2977 vitio
2542 2932 2633 2990 est,
2653 2925 2784 2978 sicut
2805 2926 2954 2981 habes
2972 2927 3178 2995 lectum,
3201 2930 3394 2985 dicente
3411 2931 3604 3003 David,
3619 2954 3637 2986 ι
3653 2935 3780 2992 Ecce

2177 3013 2312 3066 enim
2333 3013 2387 3067 in
2406 3014 2750 3086 iniquitatibus
2774 3029 3044 3090 conceptus
3072 3038 3205 3089 sum,
3226 3033 3272 3076 et
3289 3024 3340 3077 in
3356 3024 3554 3080 delictis
3585 3032 3778 3101 peperit

2175 3119 2260 3157 me
2297 3113 2454 3159 mater
2485 3123 2615 3174 mea,
2647 3127 2668 3160 ι
2715 3110 2958 3179 protinus
3001 3111 3246 3182 subjecit,
3289 3113 3418 3170 Ideo
3465 3115 3632 3173 Pauli
3662 3112 3777 3175 caro

2175 3211 2362 3267 corpus
2387 3199 2560 3254 mortis
2580 3210 2708 3266 erat,
2739 3202 2871 3256 sicut
2893 3204 3001 3273 ipse
3029 3205 3118 3271 ait,
3151 3224 3169 3257 ι
3205 3207 3330 3275 Quis
3359 3226 3439 3263 me
3463 3210 3700 3267 liberabit
3720 3216 3779 3270 de

2175 3304 2389 3362 corpore
2419 3294 2595 3347 mortis
2634 3296 2788 3366 hujus
2811 3313 2830 3348 ι
2866 3295 2966 3366 (De
2994 3295 3299 3353 Paenitentia
3318 3343 3332 3368 ,
3373 3302 3462 3356 lib.
3510 3305 3564 3371 1,
3594 3322 3714 3378 cap.
3745 3308 3778 3362 2

2174 3384 2253 3439 vel
2277 3384 2373 3456 5)?
2402 3384 2539 3454 Quid
2569 3401 2696 3458 ergo
2722 3389 2917 3443 mirum
2961 3399 3073 3456 est,
3113 3393 3158 3446 si
3187 3392 3513 3452 Maniclmus
3560 3398 3776 3457 intuens

2175 3476 2315 3530 mala
2346 3476 2502 3546 hujus
2523 3477 2663 3544 vitaz,
2697 3488 2750 3534 et
2780 3494 2974 3552 corpus
3003 3483 3194 3538 mortis
3223 3483 3381 3556 hujus
3408 3488 3554 3558 quod
3583 3505 3776 3562 aggra-

2173 3578 2267 3624 vat
2294 3572 2548 3639 animam,
2580 3582 2635 3627 et
2659 3572 2980 3630 discordiam
3011 3577 3189 3632 carnis
3230 3588 3285 3634 et
3322 3581 3565 3651 spiritus,
3599 3592 3660 3638 et
3686 3586 3774 3654 ju-

2173 3678 2298 3734 gum
2323 3680 2487 3736 grave
2520 3680 2682 3736 super
2711 3666 2852 3723 ﬁlios
2881 3668 3051 3723 Adam
3093 3686 3122 3724 a
3159 3671 3247 3727 die
3288 3675 3462 3730 exitus
3492 3675 3561 3731 de
3586 3689 3774 3734 ventre

2174 3755 2362 3810 matris
2406 3771 2590 3812 eorum
2636 3772 2806 3830 usque
2851 3760 2904 3814 in
2950 3760 3090 3816 diem
3135 3765 3421 3834 sepultura:
3447 3767 3502 3822 in
3543 3780 3772 3826 matrem

2173 3847 2412 3902 omnium
2450 3847 2636 3920 (Eccli.
2670 3867 2756 3919 XL,
2787 3849 2864 3925 l),
2892 3852 3021 3908 dicit
3053 3855 3172 3910 talia
3205 3858 3364 3913 etiam
3404 3875 3502 3930 per
3528 3877 3594 3916 os
3626 3872 3769 3918 tuum

2173 3942 2324 4010 quasi
2353 3950 2538 3997 contra
2563 3958 2684 4008 nos,
2720 3945 2898 4015 qualia
2940 3946 3181 4004 videmus
3209 3949 3409 4006 dixisse
3449 3952 3770 4024 Gregorium

2172 4040 2358 4087 contra
2384 4036 2512 4089 vos?
2541 4034 2689 4091 Unde
2725 4047 2934 4092 constat
2967 4040 3105 4094 mala
3133 4041 3254 4096 vita:
3295 4042 3474 4114 hujus,
3502 4061 3626 4116 qua:
3653 4056 3767 4104 ten-

2172 4126 2303 4180 talio
2336 4136 2420 4182 est
2444 4143 2605 4198 super
2643 4137 2838 4185 terram
2866 4129 2988 4202 (Job
3014 4149 3106 4198 vn,
3140 4135 3191 4197 1,
3219 4152 3319 4191 sec.
3344 4135 3535 4211 LXX),
3574 4142 3770 4211 quibus

2171 4219 2327 4276 malis
2354 4220 2407 4274 in
2433 4236 2628 4291 genere
2653 4221 2888 4278 humano
2911 4234 3128 4296 propter
3143 4227 3328 4298 jugum
3349 4245 3511 4300 grave
3534 4232 3768 4288 liliorum

2171 4312 2342 4368 Adam
2369 4329 2398 4368 a
2423 4314 2509 4370 die
2537 4316 2712 4372 exitus
2738 4316 2806 4373 de
2839 4328 3027 4376 ventre
3065 4323 3245 4378 matris
3284 4339 3468 4380 eorum
3504 4343 3679 4400 usque
3717 4331 3768 4386 in

2172 4403 2314 4460 diem
2337 4407 2626 4477 sepultura:
2656 4409 2707 4464 in
2735 4420 2960 4467 matrem
2992 4415 3252 4482 omnium,
3285 4418 3475 4487 plenus
3501 4429 3588 4476 est
3613 4439 3772 4478 mun-

2171 4495 2292 4564 dus,
2320 4508 2372 4553 et
2393 4498 2712 4556 Manichmos
2731 4517 2850 4558 cum
2879 4503 3166 4561 Catholicis
3195 4509 3469 4578 confiteri;
3503 4513 3604 4568 sed
3631 4515 3769 4570 unde

2171 4588 2280 4644 sint
2305 4590 2440 4658 haec,
2471 4607 2575 4647 non
2603 4601 2856 4665 utrosque
2886 4596 3025 4653 idem
3054 4597 3257 4668 dicere,
3286 4610 3341 4656 et
3365 4618 3614 4676 magnam
3645 4607 3769 4665 hinc

2170 4683 2310 4738 inter
2350 4686 2478 4739 ecs‘
2523 4701 2644 4742 esse
2686 4689 3018 4758 distantiam;
3063 4694 3206 4763 quod
3245 4711 3309 4751 ea
3346 4696 3627 4756 Manichzei
3676 4704 3771 4758 tri.

2169 4774 2339 4830 buunt
2364 4776 2552 4834 alienae
2581 4788 2784 4835 natura:
2809 4783 2982 4849 malai,
3009 4784 3271 4842 Catholici
3295 4803 3425 4845 vero
3451 4801 3507 4847 et
3537 4793 3695 4850 bonzc
3716 4804 3769 4853 et;

2170 4878 2400 4938 nostrae,
2447 4871 2540 4927 sed
2580 4883 2800 4943 peccato
2843 4875 3042 4932 vitiatae
3088 4879 3388 4952 meritoque
3429 4885 3650 4953 punita.
3687 4887 3766 4942 Tu

2169 4962 2258 5032 qui
2289 4979 2396 5019 non
2435 4965 2516 5020 vis
2541 4967 2680 5036 quod
2721 4968 2948 5026 dicimus
2989 4971 3170 5028 dicere
3194 5016 3209 5040 ,
3261 4975 3374 5045 ipse
3421 4979 3549 5047 quid
3592 4981 3765 5037 dicis?

2169 5053 2448 5122 Quomodo
2486 5057 2776 5114 Manichmo
2819 5063 3113 5134 respondes
3143 5066 3282 5121 unde
3308 5069 3416 5122 sint
3456 5069 3573 5126 haec
3601 5074 3761 5142 mala,

2167 5159 2290 5200 cum
2331 5148 2524 5217 quibus
2570 5162 2859 5206 nascuntur
2906 5152 3183 5224 homines,
3229 5166 3284 5214 et
3333 5176 3452 5230 qua:
3497 5162 3551 5216 in
3602 5180 3764 5235 para.

2169 5239 2285 5294 diso
2346 5257 2451 5295 non
2514 5253 2860 5300 nascerentur
2921 5249 2965 5302 si
3026 5265 3184 5305 nemo
3231 5263 3543 5322 peccasset,
3601 5268 3766 5328 atque

2167 5331 2240 5386 ibi
2290 5347 2395 5386 non
2438 5332 2744 5406 depravata,
2797 5338 2891 5393 sed
2935 5349 3082 5397 recta
3125 5351 3308 5398 nostra
3353 5355 3576 5413 natura,
3626 5350 3765 5405 sicut

2166 5423 2381 5480 condita
2427 5435 2545 5494 est,
2597 5433 3010 5498 permaneret”?
3065 5433 3121 5488 Si
3175 5436 3358 5491 vitium
3413 5442 3759 5510 congenitum

2166 5527 2284 5583 est,
2338 5534 2445 5590 quo
2493 5535 2620 5576 caro
2667 5523 3000 5595 concupiscit
3049 5526 3304 5583 adversus
3351 5531 3602 5601 spiritum
3638 5575 3652 5598 ,
3709 5544 3763 5590 et

2165 5630 2275 5672 non
2315 5627 2397 5672 est
2434 5631 2500 5671 ex
2530 5627 2716 5674 natura
2765 5621 2820 5676 in
2859 5623 3062 5695 origine
3097 5627 3312 5698 vitiata,
3364 5629 3453 5686 dic
3479 5630 3623 5689 unde
3649 5633 3763 5690 sit?

2229 5772 2248 5839 ξ
2287 5774 2573 5839 t’ignierius,
2597 5788 2692 5825 vos.
2718 5785 2844 5839 Mss,
2867 5791 2962 5830 eos.

2229 5836 2251 5868 ³
2281 5837 2419 5898 aliti,
2453 5845 2758 5901 pennanente
2781 5840 2806 5892 ί)
2831 5836 3026 5906 ’νει-ωε,
3073 5855 3374 5904 perﬂantem
3395 5847 3422 5900 I
3451 5856 3508 5902 ut
3544 5852 3598 5904 in
3636 5857 3762 5905 anu-
