3962 6480
163 397 304 455 {5‘29

159 514 217 571 Si
269 512 457 567 vitium
504 509 843 580 congenitum
895 513 1017 574 est,
1073 505 1130 562 in
1169 519 1277 576 quo
1316 503 1510 559 clamat
1550 499 1745 568 homo,

164 603 288 660 Scio
322 603 442 675 quia
479 619 578 656 non
621 601 867 655 inhabitat
906 601 961 654 in
999 615 1098 666 me,
1132 599 1224 652 hoc
1252 606 1324 650 est
1357 597 1411 651 in
1438 611 1590 650 carne
1613 610 1746 662 mea,

161 694 352 748 bonum
379 709 398 748 :
428 692 554 747 velle
573 693 706 746 enim
734 691 933 762 adjacet
971 690 1093 743 mihi
1117 706 1136 750 ;
1184 689 1422 759 perﬁcere
1464 695 1631 739 autem
1658 683 1750 738 bo-

163 803 308 850 num,
331 802 432 839 non
455 785 649 838 invenio
680 783 854 854 (Rom.
879 797 974 847 vu,
1005 779 1127 852 i8);
1155 789 1214 836 et
1235 794 1339 834 non
1367 787 1448 833 est
1472 793 1538 832 ex
1564 785 1751 831 natura

161 878 384 932 vitiata1
419 877 571 947 primi
599 875 828 930 hominis
857 872 1328 944 praevaricatione;
1375 871 1460 926 dic
1487 869 1627 924 unde
1659 868 1750 924 sit.

166 963 225 1020 Si
243 973 426 1018 autem
443 978 548 1018 non
573 972 695 1018 sunt
718 964 738 995 ³
757 962 1037 1032 congenita
1053 960 1174 1017 vitia
1199 959 1295 1015 ista
1313 975 1328 1024 ;
1350 957 1434 1013 dic
1447 957 1591 1013 unde
1615 957 1753 1011 sint?

164 1055 246 1113 Ex
270 1055 547 1126 peccandi,
577 1055 805 1126 inquies,
833 1052 1250 1118 consuetudine,
1291 1067 1448 1122 quam
1485 1049 1585 1106 sibi
1611 1049 1756 1121 quis-

166 1162 270 1218 que
294 1146 424 1203 fecit
452 1147 616 1202 libera
641 1147 932 1201 voluntate.
966 1145 1065 1201 Ubi
1095 1144 1236 1215 quod
1264 1158 1373 1198 non
1412 1141 1511 1206 vis,
1541 1142 1753 1197 interim

165 1239 460 1306 conﬁteris,
489 1239 693 1295 scilicet
719 1239 1020 1294 libertatem
1042 1235 1331 1291 voluntatis
1360 1249 1458 1288 suo
1485 1232 1628 1288 malo
1653 1247 1756 1288 usu

163 1332 342 1402 perire
364 1332 620 1401 potuisse,
650 1332 769 1402 quia
797 1329 1118 1402 perﬁciendo
1144 1329 1341 1383 malum
1368 1327 1544 1381 minus
1565 1326 1755 1380 idonea

160 1421 301 1477 facta
330 1421 494 1477 estad
517 1420 895 1491 perﬁciendum
922 1421 1140 1476 bonum.
1172 1417 1277 1474 Sed
1299 1417 1550 1488 numquid
1571 1417 1758 1470 volun-

164 1522 273 1569 tate
289 1514 572 1584 quisquam
590 1513 849 1568 obtunsus
877 1520 961 1568 est
974 1511 1173 1568 corde?
1207 1509 1462 1580 numquid
1487 1508 1757 1564 voluntate

161 1608 456 1664 obliviosus
468 1615 552 1663 est
565 1607 859 1677 quiSpiam?
885 1604 1140 1676 numquid
1166 1604 1437 1659 voluntate
1461 1610 1544 1658 est
1565 1601 1757 1672 aliquis

162 1701 378 1757 fatuus?
408 1702 532 1757 Haec
561 1710 615 1756 et
652 1701 752 1754 alia
782 1699 908 1754 vitia
946 1700 1113 1769 ipsius
1138 1697 1334 1753 mentis
1363 1705 1521 1767 atque
1566 1695 1752 1762 animi,

161 1809 287 1850 cum
319 1794 512 1865 quibus
533 1794 776 1849 homines
815 1792 960 1848 nasci
999 1791 1219 1862 ambigit
1257 1806 1438 1855 nemo,
1482 1789 1526 1843 si
1557 1804 1623 1842 ex
1651 1787 1760 1842 ori-

162 1886 287 1957 gine
314 1885 497 1940 vitiata
523 1884 658 1939 dicis
684 1899 788 1940 non
816 1899 956 1949 esse,
984 1883 1070 1938 dic
1088 1883 1229 1938 unde
1253 1882 1382 1936 sint.
1406 1880 1588 1950 Neque
1614 1879 1758 1934 enim

162 1976 408 2032 dicturus
433 1992 512 2040 es,
553 1975 692 2047 quod
723 1976 846 2040 ista,
890 1973 935 2030 si
966 1990 1125 2029 nemo
1155 1981 1446 2044 peccasset,
1481 1971 1760 2041 paradisus

163 2067 371 2124 habere
402 2068 677 2138 potuisset.
701 2067 1000 2134 Postremo,
1028 2065 1169 2137 quod
1195 2080 1388 2135 corpus
1417 2063 1760 2133 corruptibile

165 2169 422 2231 aggravet
443 2160 674 2215 animam
692 2201 708 2225 ,
749 2160 848 2215 sub
876 2175 977 2230 qua
1010 2158 1302 2214 miserabili
1331 2157 1540 2212 sarcina
1571 2170 1760 2212 omnes

165 2254 250 2324 qui
280 2269 390 2307 non
423 2268 802 2324 usquequaque
822 2253 1112 2322 desipiunt,
1142 2251 1386 2306 homines
1409 2258 1650 2321 gemunt,
1673 2249 1762 2306 dic

167 2344 312 2400 unde
339 2344 432 2400 sit.
462 2343 578 2399 Non
601 2345 742 2400 enim
781 2345 859 2400 sic
893 2344 1134 2399 dicturus
1169 2357 1228 2399 es
1273 2342 1472 2413 primos
1517 2341 1761 2398 homines

165 2446 402 2504 creatos,
433 2446 492 2494 ut
515 2437 846 2507 corruptibili
867 2451 1092 2507 corpore
1122 2435 1344 2505 alicujus
1368 2449 1553 2491 eorum
1583 2433 1757 2489 anima

166 2539 515 2599 gravaretur;
558 2540 651 2585 aut
673 2537 796 2600 post
832 2543 1016 2584 eorum
1053 2527 1184 2583 illud
1217 2527 1417 2599 grande
1458 2536 1756 2597 peccatum,

167 2622 284 2676 sine
317 2621 410 2675 tali
437 2635 662 2690 corpore
699 2621 890 2692 aliquis
929 2621 1183 2675 nascitur.
1213 2619 1324 2674 Cur
1347 2634 1476 2691 ergo
1505 2618 1760 2674 adversus

167 2728 266 2768 uos
291 2713 642 2769 Manichaeum
673 2713 978 2784 loquentem
1009 2711 1417 2784 loquacissimus
1443 2711 1756 2778 introducis,

165 2818 288 2860 cum
312 2814 368 2860 tu
398 2805 643 2876 negando
667 2804 808 2876 quod
833 2805 1078 2869 dicimus,
1097 2805 1145 2861 ei
1168 2804 1490 2874 respondere
1511 2819 1616 2859 non
1639 2818 1760 2874 pos-

168 2896 280 2950 sis9
307 2896 401 2951 Cui
436 2895 726 2966 respondet
753 2894 1069 2968 Cyprianus,
1103 2897 1172 2950 ita
1212 2895 1517 2952 discordare
1541 2909 1758 2950 carnem

168 2988 525 3057 spiritumque
553 2988 950 3054 demonstrans,
995 2995 1054 3041 ut
1097 2996 1272 3042 tamen
1319 2985 1593 3056 utriusque
1633 2985 1758 3040 sita

169 3078 278 3135 Deo
303 3081 465 3136 Patre
491 3080 691 3135 oranda
715 3079 1000 3136 concordia
1031 3077 1136 3149 (De
1164 3077 1404 3132 Oratione
1432 3073 1716 3149 Dominica)
1741 3094 1755 3131 :

168 3175 250 3230 cui
275 3174 571 3245 respondet
590 3173 899 3246 Gregorius,
927 3173 1016 3243 qui
1037 3186 1161 3230 cum
1182 3171 1302 3225 talia
1325 3170 1392 3225 de
1411 3185 1572 3225 carne
1596 3168 1758 3223 dixis-

169 3277 268 3334 set,
296 3268 481 3338 qualia
503 3276 686 3323 contra
709 3282 806 3322 nos
823 3265 1168 3336 composuisti
1186 3263 1363 3319 dicere
1386 3261 1756 3326 Manichaeum,

168 3368 457 3429 utrumque
483 3370 657 3414 tamen
687 3358 756 3417 ad
785 3359 972 3426 Deum,
1013 3357 1130 3427 ipso
1170 3356 1278 3410 Deo
1307 3354 1558 3425 propitio,
1601 3367 1758 3409 revo-

168 3452 396 3507 candum
421 3466 539 3506 esse
566 3459 808 3515 testatur,
834 3449 886 3504 id
909 3457 1011 3514 est,
1043 3448 1290 3519 spiritum
1321 3455 1376 3501 et
1396 3460 1614 3502 carnem
1639 3463 1650 3498 :
1674 3444 1760 3500 cui

169 3544 461 3616 reSpondet
497 3544 831 3611 Ambrosius,
861 3543 953 3614 qui
990 3557 1110 3596 cum
1139 3540 1360 3595 dixisset
1385 3553 1602 3594 carnem
1645 3551 1761 3592 mo-

169 3637 454 3692 deratioris
484 3637 676 3691 anima:
713 3635 934 3690 arbitrio
963 3632 1350 3704 conjugandam
1375 3673 1390 3698 ,
1431 3630 1609 3699 Qualis
1636 3630 1756 3701 fuit,

171 3729 357 3798 inquit,
390 3744 506 3781 cum
526 3726 856 3782 inhabitanda
881 3725 1106 3796 paradisi
1130 3733 1320 3778 secreta
1341 3723 1579 3790 suscepit,
1612 3731 1759 3778 ante-

169 3837 319 3892 quant
347 3837 539 3874 veneno
583 3818 805 3891 pestiferi
847 3817 1089 3888 serpentis
1123 3816 1308 3886 infecta
1344 3815 1640 3885 sacrilegam
1680 3816 1760 3885 fa-

171 3929 299 3966 ntem
327 3915 479 3966 sciret
506 3911 643 3981 (Lib.
667 3911 698 3965 7
726 3911 781 3964 in
804 3909 933 3963 an.
961 3908 1080 3980 xu).
1113 3907 1204 3963 His
1234 3908 1374 3964 enim
1404 3906 1514 3961 suis
1539 3913 1759 3962 senten-

169 4005 256 4061 tiis
280 4005 533 4060 catholici
554 4005 818 4060 antistites
840 4004 971 4058 satis
995 4011 1284 4072 aperteque
1306 3999 1621 4064 docuerunt,
1644 4013 1761 4054 car-

168 4097 249 4152 nis
307 4111 415 4152 non
462 4105 705 4152 naturam
763 4096 956 4152 malam
1013 4109 1165 4160 esse,
1233 4091 1328 4148 sed
1375 4092 1592 4158 vitium;
1651 4106 1758 4162 quo

167 4199 357 4242 sanato
384 4187 455 4243 ad
484 4187 586 4244 hoc
611 4187 782 4254 redit,
813 4196 873 4242 ut
900 4184 1351 4256 quemadmodum
1388 4183 1634 4253 primitus
1678 4183 1760 4238 in-

168 4282 349 4336 stituta
374 4289 489 4348 est,
536 4281 696 4336 nullis
731 4282 843 4336 suis
880 4279 1196 4349 corruptelis
1224 4287 1476 4348 aggravet
1502 4277 1754 4343 animam,

169 4373 487 4444 nullamque
508 4371 830 4428 habeatcum
850 4369 1039 4441 spiritu
1054 4369 1320 4424 contraria
1333 4367 1758 4438 concupiscendo

165 4464 494 4522 discordiam
522 4467 681 4537 :quia
713 4463 978 4521 discordia
1009 4462 1264 4532 deceptus
1291 4471 1372 4517 est
1412 4461 1756 4530 Manichaaus,

167 4565 223 4611 ut
241 4557 478 4613 alienam
503 4557 698 4612 malam
726 4555 948 4627 ﬁngeret
969 4554 1308 4609 commixtam
1333 4553 1485 4608 nobis
1503 4568 1624 4608 esse
1645 4553 1761 4608 sub-

165 4651 442 4706 stantiam.
489 4650 690 4706 Horum
732 4650 1114 4706 catholicorum
1158 4649 1455 4704 antistitum
1509 4647 1667 4703 ﬁdem
1713 4649 1758 4702 si

164 4742 449 4798 nobiscum
474 4742 628 4812 sequi
656 4743 844 4807 velles,
877 4741 1198 4797 Manichaeos
1228 4749 1514 4806 everteres,
1547 4755 1651 4795 non
1673 4739 1760 4808 ju-

161 4847 324 4889 vares
356 4852 368 4887 :
402 4849 546 4890 nunc
573 4849 701 4890 vero
726 4849 834 4889 non
863 4848 957 4890 eos
985 4833 1283 4899 destruere,
1313 4831 1404 4887 sed
1435 4832 1603 4901 magis
1639 4831 1760 4886 tedi-

161 4924 333 4980 ﬁcare
360 4927 571 4982 conaris
605 4943 618 4980 :
651 4925 896 4996 negando
925 4925 1068 4981 enim
1100 4925 1270 4990 mala,
1312 4938 1428 4993 qua:
1456 4923 1524 4979 de
1554 4923 1759 4993 origine

163 5015 352 5074 vitiata
391 5017 637 5073 homines
687 5024 967 5073 nascentes
1014 5015 1250 5080 trahunt,
1287 5031 1394 5070 non
1432 5014 1484 5069 id
1524 5015 1658 5085 agis,
1702 5026 1760 5070 ut

159 5115 314 5171 nulla
340 5127 462 5168 esse
489 5109 773 5166 credamus
799 5108 938 5163 mala
967 5105 1504 5176 naturalia,quoniam
1535 5106 1756 5160 nimium

157 5203 446 5263 manifesta
469 5209 620 5266 sunt;
647 5199 741 5256 sed
769 5199 944 5270 potius
967 5197 1099 5269 agis,
1129 5205 1184 5251 ut
1207 5196 1276 5251 de
1292 5196 1463 5251 aliena
1491 5195 1629 5250 mala
1661 5211 1755 5250 ua-

157 5307 284 5353 tura
309 5303 560 5366 putentur
579 5307 698 5349 esse
720 5293 842 5360 ista,
869 5306 1027 5362 quam
1058 5289 1244 5345 nobisa
1275 5303 1394 5344 esse
1415 5289 1755 5344 commixtam

154 5388 582 5445 Manichaeorum
609 5386 812 5441 insania
837 5384 1131 5449 fabulatur;
1175 5381 1372 5438 nonde
1401 5389 1581 5437 nostra
1615 5381 1754 5438 bona

149 5525 274 5588 quis
294 5522 797 5594 eodicibus_;._quor_um
816 5523 962 5572 etiam
982 5518 1198 5569 subsidio
1217 5517 1315 5568 duo
1335 5529 1510 5568 versus
1533 5520 1754 5582 proxime

150 5592 440 5649 sequentes
458 5588 798 5632 restituuntur.

223 5650 242 5679 ¹
284 5653 348 5696 Ex
373 5645 469 5696 ﬁde
491 5651 599 5694 Mss.
624 5644 829 5696 additur.
853 5641 1014 5695 m’liata

219 5711 245 5740 ε
283 5680 616 5758 ἰὶῗρᾟίέιῖοὲ
624 5680 1332 5772 ’ἦὲἱίι“ἰόἑὸ’“ὀ’ἔὲίάθηι›εωιο,
1365 5717 1459 5756 non
1479 5712 1604 5757 sunt.
1637 5715 1755 5772 Sup-

146 5770 418 5836 pleturex
441 5770 794 5836 manuscriptis.

217 5835 244 5867 ³
279 5834 416 5904 Editi.
456 5830 586 5882 mala
628 5829 1134 5904 na'turaliaﬁputentur
1167 5843 1270 5883 esse
1307 5829 1417 5893 ista,
1442 5844 1551 5897 qua:
1592 5832 1746 5886 nobis.

140 5896 482 5948 mentiantur
506 5907 571 5947 ex
594 5896 944 5947 annuscrintis.

1605 381 1806 440 LIBER
1841 381 2134 442 SEXTUS.

3299 389 3441 449 1530

1856 499 2010 570 primi
2059 499 2292 557 hominis
2333 503 2768 574 praevaricatione
2811 505 2992 562 vitiata
3034 519 3252 563 manare
3289 521 3446 563 mon-

1855 604 2111 665 strentur,
2159 596 2301 668 quod
2341 595 2736 654 Catholicorum
2785 601 2988 656 sanitas
3028 602 3283 672 loquitur.
3334 600 3442 657 Sed

1857 685 2202 753 Manichzeus,
2254 688 2448 759 inquis,
2489 690 2648 744 etiam
2683 689 2852 759 ipsam
2885 693 3038 762 primi
3072 694 3301 748 hominis
3325 708 3444 749 ear-

1857 793 2002 846 nem,
2025 779 2196 850 qualis
2222 790 2506 851 antequam
2533 791 2779 851 peccaret
2805 780 2923 846 fuit,
2953 783 3030 838 sic
3047 783 3361 850 detestatur,
3387 791 3444 839 ut

1859 871 2052 926 malam
2097 871 2295 927 nitatur
2321 873 2625 929 ostendere.
2670 874 2746 929 Ita
2783 875 3000 945 quidem
3036 891 3066 929 a
3095 885 3148 932 te
3177 877 3444 934 inducitur

1860 963 2099 1032 loquens,
2132 971 2193 1019 ut
2221 965 2428 1034 ingerat
2463 966 2822 1036 respondendi
2859 967 3245 1038 qualecumque
3277 984 3413 1038 nego

1860 1053 2022 1120 tium,
2069 1070 2174 1110 non
2219 1057 2392 1112 solum
2422 1057 2584 1123 mihi,
2625 1075 2808 1114 verum
2845 1061 3002 1114 etiam
3036 1059 3149 1116 tibi.
3196 1060 3326 1115 Nam
3355 1062 3445 1116 ubi

1860 1146 1988 1202 dicit
2015 1162 2043 1201 a
2081 1148 2222 1203 malo
2257 1163 2374 1204 eam
2415 1148 2690 1205 conditore
2734 1149 2926 1206 factam
2971 1151 3161 1215 esse‘;
3201 1151 3358 1205 simul
3398 1151 3447 1208 ei

1859 1239 2268 1309 respondemus,
2297 1249 2404 1296 tam
2432 1241 2625 1297 bonam
2648 1252 2968 1309 creaturam,
2999 1259 3118 1312 quae
3141 1254 3320 1313 posset
3341 1258 3447 1298 non

1862 1347 2111 1403 peccare,
2159 1334 2203 1390 si
2251 1335 2450 1401 nollet,
2495 1337 2739 1406 quamvis
2766 1351 2870 1390 non
2898 1347 3138 1407 aequetur
3165 1351 3262 1390 suo
3285 1335 3447 1391 Crea-

1863 1424 1987 1491 tori,
2019 1440 2124 1478 non
2158 1435 2332 1481 tamen
2362 1427 2596 1496 potuisse
2622 1427 2726 1482 nisi
2757 1428 2953 1482 bonum
2997 1427 3196 1483 habere
3233 1426 3448 1483 Creato-

1861 1533 1996 1573 rem.
2022 1518 2123 1574 Ubi
2149 1535 2275 1574 vero
2295 1519 2362 1575 de
2389 1520 2580 1576 timore
2604 1522 2820 1585 mortis,
2848 1536 3006 1590 quam
3024 1562 3037 1586 ,
3077 1521 3121 1575 si
3155 1531 3447 1590 peccasset,

1862 1610 1910 1665 ei
1940 1610 2080 1665 Deus
2110 1620 2190 1665 est
2217 1611 2592 1680 comminatus,
2613 1613 2772 1667 etiam
2805 1613 3112 1682 priusquam
3143 1622 3448 1681 peccasset,

1863 1701 2117 1756 miserum
2163 1702 2320 1769 dicit;
2367 1703 2522 1758 simul
2567 1705 2973 1774 respondemus,
3025 1703 3166 1774 quod
3195 1703 3447 1772 hominis,

1863 1795 1951 1864 qui
1980 1807 2246 1865 nunquam
2273 1811 2494 1866 peccare
2522 1797 2813 1867 potuisset,
2841 1798 2886 1851 si
2930 1813 3196 1869 nunquam
3229 1813 3452 1868 peccare

1865 1885 2141 1952 voluisset,
2166 1903 2338 1956 pinnae
2365 1888 2503 1943 illius
2524 1889 2843 1956 devitandte,
2865 1904 2984 1960 quae
3011 1889 3182 1945 fuerat
3204 1899 3452 1946 secutura

1865 1986 2162 2047 peccatum,
2196 1981 2477 2051 tranquilla
2509 1993 2626 2038 erat
2649 1983 2846 2050 cautio,
2873 1999 2981 2038 non
3011 1985 3312 2040 turbulenta
3338 1985 3451 2040 for-

1865 2070 2029 2126 mido.
2071 2072 2185 2127 Hoc
2211 2073 2424 2144 quidem
2462 2075 2788 2144 respondere
2813 2077 3083 2132 communi
3121 2076 3450 2145 adversario,

1865 2163 2004 2218 sicut
2030 2164 2226 2220 dictum
2254 2175 2354 2244 est,
2384 2168 2739 2224 communiter
2763 2183 3046 2239 possumus
3076 2189 3089 2225 :
3121 2170 3215 2225 sed
3234 2185 3332 2241 ego
3352 2170 3452 2226 ad-

1864 2269 2054 2310 versus
2082 2255 2429 2312 Manicbteum
2455 2257 2638 2314 laudes
2657 2275 2824 2330 augeo
2846 2260 3119 2316 rationalis
3143 2261 3283 2316 illius
3303 2278 3454 2318 crea-

1865 2355 2021 2414 turae,
2052 2364 2170 2420 qua:
2199 2365 2303 2405 non
2332 2351 2504 2406 solum
2534 2366 2640 2408 non
2669 2353 3002 2409 cruciabatur
3025 2354 3136 2409 ullo
3162 2361 3332 2422 metu,
3361 2370 3454 2411 ve-

1865 2455 1984 2495 rum
2015 2441 2173 2497 etiam
2202 2442 2384 2498 laetitia
2412 2458 2602 2515 magna
2630 2443 2931 2511 fruebatur;
2975 2446 3224 2515 quoniam
3254 2447 3451 2502 malum

1867 2535 2074 2600 mortis,
2120 2534 2262 2604 quod
2301 2535 2562 2602 omnium,
2607 2536 2693 2591 vel
2733 2550 2869 2606 pene
2909 2537 3144 2591 omnium
3184 2536 3453 2608 refugiunt

1865 2626 2026 2682 corda
2048 2627 2305 2694 ﬁdelium,
2336 2628 2563 2684 habebat
2583 2630 2636 2683 in
2655 2637 2914 2700 potestate
2934 2645 3040 2686 non
3065 2632 3292 2702 perpeti.
3324 2633 3454 2688 Huic

1866 2730 2065 2774 nostrae
2093 2719 2218 2776 ﬁdei
2257 2722 2506 2792 quoniam
2537 2729 2716 2778 vester
2757 2738 2908 2779 error
2935 2724 3191 2780 adversus
3217 2733 3319 2790 est,
3347 2740 3455 2795 quo

1865 2810 2061 2880 putatis
2088 2809 2280 2876 Adam,
2309 2812 2420 2868 sive
2444 2822 2711 2883 peccaret,
2737 2813 2850 2870 sive
2869 2829 2975 2870 non
3001 2824 3264 2884 peccaret,
3291 2815 3454 2872 fuisse

1865 2902 2216 2966 moriturum;
2248 2903 2374 2973 quid
2401 2904 2486 2959 hic
2508 2904 2800 2960 Manichan
2823 2905 3117 2976 reSpondes
3141 2905 3336 2962 dicenti
3355 2906 3455 2962 mi-

1865 3005 2039 3047 seram
2066 2994 2334 3050 conditam
2362 3009 2484 3052 esse
2511 3006 2784 3064 naturam,
2825 3013 2983 3068 quam
3025 2998 3108 3053 vel
3146 3008 3452 3068 peccantem

1865 3085 1949 3139 vel
1977 3099 2083 3140 non
2107 3095 2416 3155 peccantem
2437 3102 2585 3143 mors
2614 3087 2902 3144 imminens
2929 3089 3124 3144 timore
3151 3089 3455 3160 torquebat?

1863 3175 1922 3232 Si
1948 3177 2089 3232 enim
2115 3177 2315 3233 dixeris
2350 3179 2418 3234 ita
2448 3177 2612 3234 fuisse
2644 3181 2910 3236 conditam
2931 3223 2946 3247 ,
2989 3191 3046 3236 ut
3085 3196 3190 3236 non
3233 3182 3444 3237 timeret

1865 3277 2116 3336 mortem,
2157 3271 2275 3326 sine
2317 3271 2476 3327 dubio
2509 3272 2828 3342 quandoque
2863 3281 3171 3341 venturam;
3215 3272 3453 3342 profecto

1866 3361 2022 3417 istam
2043 3378 2162 3433 quae
2189 3363 2240 3418 in
2271 3365 2498 3434 posteris
2523 3365 2641 3434 ejus
2668 3374 2770 3429 est,
2800 3366 3051 3422 miseram
3076 3365 3327 3422 fateberis
3353 3382 3452 3422 na-

1865 3454 1964 3520 sci,
1991 3455 2078 3510 cui
2108 3457 2294 3512 mortis
2323 3468 2523 3512 metum
2557 3457 2636 3512 sic
2675 3457 2916 3513 videmus
2939 3473 3062 3514 esse
3087 3460 3448 3530 congenitum,

1865 3559 1926 3604 ut
1949 3550 2109 3606 etiam
2144 3547 2198 3603 hi
2228 3549 2319 3620 qui
2348 3564 2444 3620 spe
2471 3549 2610 3606 ﬁdeli
2640 3550 2828 3606 futurae
2864 3551 2986 3606 vitae
3030 3551 3218 3620 gaudia
3257 3566 3456 3608 concu-

1866 3643 2098 3713 piscunt,
2121 3643 2174 3698 in
2197 3641 2298 3698 hac
2323 3651 2501 3698 tamen
2532 3643 2639 3698 vita
2666 3659 2786 3699 cum
2813 3645 3000 3699 mortis
3025 3645 3217 3700 timore
3247 3646 3454 3702 lucten-

1865 3745 1954 3792 tur
1980 3757 1993 3792 :
2023 3737 2209 3792 nolunt
2235 3737 2377 3792 enim
2407 3735 2645 3807 spoliari,
2673 3737 2768 3792 sed
2797 3737 3162 3807 supervestiri,
3199 3747 3257 3792 ut
3279 3753 3452 3809 quan-

1867 3839 1977 3884 tum
2003 3830 2070 3885 ad
2100 3844 2282 3885 eorum
2310 3829 2499 3884 attinet
2521 3829 2868 3891 voluntatem.
2902 3844 3009 3884 non
3040 3838 3210 3885 morte
3238 3830 3454 3886 finiatur

1869 3921 1980 3976 haec
2000 3921 2128 3984 vita,
2155 3920 2252 3976 sed
2276 3921 2498 3975 mortale
2524 3920 2869 3975 absorbeatur
2888 3935 2918 3974 a
2943 3920 3048 3975 vita
3073 3921 3135 3993 (ll
3152 3920 3270 3977 Cor.
3292 3937 3346 3986 v,
3369 3922 3448 3995 4).

1867 4014 1947 4069 Ex
1973 4029 2077 4084 quo
2107 4014 2185 4076 ﬁt,
2216 4022 2275 4067 ut
2299 4013 2342 4068 si
2373 4016 2562 4067 mortis
2587 4022 2784 4069 metum
2823 4014 2878 4067 in
2919 4014 3167 4084 paradiso
3212 4014 3453 4083 posueris

1865 4116 1990 4163 ante
2016 4115 2313 4178 peccatum,
2339 4106 2570 4161 viucaris
2606 4121 2636 4158 a
2664 4105 2968 4161 Manichmis
2989 4148 3003 4172 ,
3044 4107 3132 4176 qui
3172 4116 3360 4176 putant
3398 4115 3454 4162 et

1864 4201 2038 4270 putari
2063 4199 2270 4266 volunt,
2299 4198 2440 4269 quod
2469 4199 2520 4252 in
2556 4197 2731 4268 primo
2770 4213 2982 4268 quoque
3011 4199 3225 4253 homine
3259 4199 3450 4253 misera

1864 4293 2076 4349 condita
2100 4301 2183 4348 est
2205 4300 2389 4347 natura
2407 4290 2670 4355 humana;
2701 4292 2742 4345 si
2765 4299 2941 4346 autem
2969 4292 3211 4346 timorem
3240 4291 3448 4358 mortis,

1865 4404 1973 4459 quo
2000 4387 2302 4442 mortalium
2345 4385 2555 4440 animus
2598 4399 2701 4438 non
2749 4385 2864 4438 sine
2887 4385 3100 4440 miseria
3125 4384 3448 4451 stimulatur,

1865 4489 1990 4535 ante
2016 4486 2288 4549 peccatum
2315 4492 2420 4532 non
2448 4477 2609 4530 fuisse
2639 4475 2997 4545 responderis,
3030 4475 3257 4530 vincaris
3282 4489 3311 4528 a
3343 4490 3448 4529 no-

1866 4571 1976 4638 bis,
2015 4571 2267 4641 quoniam
2299 4583 2406 4624 non
2433 4575 2726 4622 mutaretur
2757 4568 2806 4620 in
2839 4567 2989 4636 pejus
3022 4566 3124 4621 nisi
3152 4566 3330 4621 vitiata
3358 4582 3453 4622 na-

1868 4674 2004 4719 tura.
2037 4665 2240 4719 Rursus
2261 4664 2313 4718 in
2335 4677 2400 4719 eo
2419 4662 2560 4733 quod
2581 4661 2836 4716 adversus
2856 4675 2955 4714 nos
2980 4659 3109 4715 facis
3136 4659 3315 4716 dicere
3344 4660 3452 4714 Ma-

1866 4757 2152 4823 nichaaum,
2181 4755 2300 4826 quia
2333 4753 2458 4809 illud
2493 4772 2514 4805 ι
2538 4768 2737 4808 czecum
2764 4761 2818 4806 et
2854 4766 3213 4806 mrumnosum
3253 4753 3449 4806 animal

1866 4850 2024 4904 etiam
2056 4847 2348 4918 inquietum
2375 4845 2634 4916 cupiditas
2665 4846 2842 4899 innata
2873 4843 3150 4908 reddebat,
3181 4860 3338 4914 quam
3370 4846 3451 4900 rei

1866 4940 2160 4997 interdictae
2186 4949 2242 4995 et
2263 4947 2518 4996 venustas
2545 4937 2787 4992 irritabat
2810 4945 2864 4990 et
2891 4937 3144 5004 suavitas,
3176 4954 3195 4988 ι
3233 4938 3328 5002 tui,
3353 4936 3448 4992 Ju-

1865 5031 2026 5096 liane,
2055 5031 2334 5101 dogmatis,
2369 5037 2616 5099 tanquam
2660 5027 2711 5082 in
2751 5026 2969 5096 scopulo
3018 5027 3309 5083 inevitabili
3353 5043 3448 5082 eoo

1863 5137 2060 5194 gnosce
2088 5121 2434 5192 naufragium.
2480 5118 2589 5175 Nos
2619 5119 2760 5175 enim
2799 5119 3027 5173 dicimus
3066 5119 3118 5173 in
3163 5119 3250 5173 illa
3278 5118 3449 5174 beati-

1865 5215 2047 5270 tudine
2096 5214 2292 5270 nullam
2347 5212 2511 5268 fuisse
2559 5212 2937 5281 cupiditatem,
3002 5227 3121 5282 qua:
3174 5211 3449 5267 resisteret

1863 5305 2139 5361 voluntati.
2165 5305 2334 5360 Porro
2361 5305 2404 5359 si
2426 5304 2708 5375 cupiebant
2730 5304 2803 5358 illi
2834 5303 3098 5372 homines,
3121 5303 3261 5359 unde
3285 5304 3448 5358 absti-

1864 5414 1991 5454 nere
2033 5399 2210 5469 potius
2240 5396 2518 5459 volebant;
2563 5397 2749 5468 procul
2774 5395 2936 5452 dubio
2963 5395 3215 5450 voluntati
3255 5409 3441 5449 eorum

1862 5490 2120 5560 cupiditas
2145 5489 2443 5544 resistebat.
2467 5489 2581 5544 Hoc
2597 5503 2724 5560 ergo
2745 5503 2848 5542 non
2871 5496 3051 5542 contra
3069 5501 3176 5553 me,
3199 5485 3294 5542 sed
3317 5501 3448 5544 con-

1865 5593 1942 5638 tra
1985 5591 2070 5648 te,
2110 5582 2455 5638 Manichtcum
2485 5581 2663 5638 dicere
2705 5597 2800 5652 per
2837 5591 2922 5635 tua
2966 5580 3126 5635 verba
3171 5579 3357 5634 fecisti.
3387 5581 3443 5638 Si

1860 5674 2002 5734 enim
2029 5673 2158 5732 tales
2183 5683 2334 5730 erant
2361 5673 2459 5739 illi,
2489 5683 2545 5728 ut
2573 5673 2627 5730 in
2657 5673 2734 5730 eis
2762 5671 3024 5742 cupiditas
3051 5670 3324 5729 resisteret
3343 5687 3440 5730 vo-

1923 5898 1946 5931 ί
1979 5905 2031 5948 tn
2055 5905 2183 5963 Mss,
2207 5913 2316 5952 cum
2350 5899 2596 5953 conditore
2616 5901 2794 5964 factum
2817 5911 2936 5952 esse.
