3962 6476
529 375 663 436 1581

527 496 746 561 inritati;
766 492 878 564 jam
905 498 1034 547 caro
1060 486 1470 558 concupiSceliat
1493 483 1745 539 adversus
1767 477 2030 551 spiritum,
2060 484 2114 531 et

527 591 747 661 spiritus
775 585 1029 642 adversus
1051 586 1303 648 carnem;
1347 579 1435 634 ubi
1474 573 1962 632 manifestissimum
1991 585 2113 625 car-

526 684 613 740 nis
639 681 949 751 intelligitur
975 677 1178 739 vitium,
1224 677 1439 745 propte‘r
1462 670 1604 742 quod
1637 667 1878 723 ﬁdelibus
1907 664 2116 720 dicebat

526 777 834 847 Apostolus,
865 767 990 827 Hart
1017 771 1150 827 enim
1179 771 1387 824 invicem
1415 769 1776 830 adversamur;
1823 771 1878 816 ut
1915 778 2015 816 non
2054 777 2115 815 ea

525 875 638 943 qua:
665 869 813 924 vultis
849 867 1065 940 faciatis.
1096 864 1282 919 Nullus
1310 860 1505 933 quippe
1548 868 1854 914 sanctorum
1893 863 1994 920 est,
2025 854 2114 924 qui

527 977 633 1019 non
664 963 788 1018 velit
818 963 990 1015 facere
1032 975 1101 1014 ne
1124 957 1268 1013 caro
1306 956 1561 1011 adversus
1587 951 1829 1023 spiritum
1860 947 2114 1016 concupi-

527 1063 672 1121 scat;
705 1053 945 1124 quamvis
974 1054 1021 1109 ei
1061 1052 1275 1107 resisntt
1315 1060 1381 1104 no
1424 1045 1909 1117 eonctiplscentiam
1939 1042 2115 1097 carnis

528 1161 622 1204 sua
639 1147 989 1202 censensione
1007 1144 1260 1214 periicla‘t,
1283 1141 1528 1196 eumdem
1547 1138 1844 1209 apostolum
1870 1135 2110 1198 audiens,
2148 1135 2152 1138 ’

530 1240 616 1296 ubi
645 1239 753 1294 ait:
783 1238 912 1291 Dico
939 1245 1124 1301 autem,
1155 1235 1354 1304 Spiritu
1387 1229 1658 1292 nntbitlate,
1685 1238 1731 1284 et
1753 1229 2112 1296 concupiscen-

529 1334 624 1388 tia:
651 1333 818 1386 carnis
845 1345 907 1386 ne
944 1329 1252 1402 perfeceriti's
1281 1326 1477 1398 (Gutut.
1510 1342 1564 1390 ν,
1599 1326 1687 1392 t7,
1719 1321 1828 1394 18).
1861 1322 1974 1378 Non
2018 1320 2110 1387 ait,

528 1425 994 1494 Concupiscentias
1047 1421 1224 1476 carnis
1277 1419 1608 1474 adversarias
1659 1431 1726 1472 ne
1782 1414 2110 1476 habueritis;

526 1517 777 1588 quoniam
806 1515 1019 1572 videbat
1056 1515 1342 1584 perfectam
1373 1521 1558 1584 pacem
1598 1511 1774 1567 carnis
1816 1518 1870 1564 et
1897 1509 2116 1578 Spiritus

530 1623 637 1663 non
660 1615 817 1678 posite
842 1607 893 1661 in
921 1613 1144 1676 corpore
1187 1605 1374 1659 mortis
1414 1603 1572 1673 hujus
1616 1602 1823 1671 impleri
1854 1618 1866 1654 τ
1899 1599 1992 1654 sed
2019 1600 2112 1668 ait,

528 1700 966 1773 Concupiscentias
991 1702 1157 1755 carnis
1175 1709 1238 1754 ne
1258 1699 1563 1770 perfeceritis
1575 1713 1594 1762 ς
1623 1696 1707 1752 ubi
1729 1703 1999 1751 certamen
2021 1705 2118 1748 no-

528 1794 613 1850 bis
644 1795 834 1863 petitis,
868 1794 1008 1864 quod
1045 1795 1227 1848 contra
1267 1798 1481 1848 carnem
1513 1778 1882 1846 adversa'ntem
1913 1789 2113 1843 debea-

529 1892 651 1941 mus
679 1891 962 1951 exercere,
986 1886 1279 1957 propesuit,
1306 1889 1363 1940 ut
1388 1883 1844 1954 concupiscendus
1865 1881 1979 1950 eius
2009 1890 2114 1935 non

528 1975 868 2048 perﬁciamus
905 1977 1307 2044 consentiendo,
1348 1976 1440 2032 sed
1484 1974 1780 2030 resistendo
1819 1975 2113 2028 vincamus.

529 2063 639 2126 Pax
673 2077 821 2136 Vero,
866 2071 952 2125 ubi
995 2074 1099 2124 non
1141 2079 1232 2124 eas
1276 2070 1617 2124 adversantes
1655 2067 2117 2137 repugnantesque

528 2157 811 2231 patiamur,
845 2161 944 2216 fuit
969 2163 1020 2216 in
1050 2169 1272 2231 corpore
1299 2161 1419 2215 vitae
1444 2161 1604 2226 illius,
1633 2167 1792 2230 quam
1820 2161 2005 2213 natura
2031 2159 2114 2212 vi-

529 2251 654 2306 tiata
692 2253 847 2322 primi
878 2243 1106 2306 liomtnis
1138 2253 1572 2322 praevaricatione
1603 2250 1947 2320 perdidimus.
1984 2248 2116 2303 Nam

527 2342 573 2398 si
611 2345 711 2397 nec
756 2344 825 2398 Ibi
861 2339 956 2398 iuit
993 2353 1115 2398 ante
1142 2351 1415 2412 peccatum
1449 2353 1546 2412 pax
1575 2342 1752 2396 carnis
1781 2350 1835 2396 et
1877 2342 2114 2411 spiritus,

527 2433 824 2504 falsumque
851 2442 933 2490 est
961 2434 1104 2504 quod
1131 2431 1202 2488 ait
1233 2433 1568 2495 Athlirositts,
1594 2433 1871 2503 utriusque
1910 2432 2116 2486 discor-

528 2527 672 2583 diam
699 2537 794 2596 per
821 2525 1306 2596 przevaricationein
1337 2526 1489 2595 primi
1524 2525 1754 2579 hominis
1794 2528 1845 2580 in
1877 2530 2116 2580 nostram

533 2615 762 2674 Vertisse
785 2626 1025 2672 naturam
1053 2617 1188 2690 (Lib;
1216 2619 1247 2672 τ
1279 2619 1333 2672 in
1377 2617 1502 2671 Luc.
1537 2630 1630 2684 an,
1661 2617 1750 2688 53)
1786 2635 1798 2670 :
1830 2615 1952 2672 vera
1993 2618 2115 2686 erit,

503 2711 669 2782 quod
717 2712 874 2779 absit,
922 2712 1019 2766 ista
1062 2712 1346 2776 sententia,
1387 2720 1546 2782 quum
1585 2719 1766 2766 contra
1814 2723 1912 2766 nos
1954 2711 2120 2765 Mani-

529 2803 739 2858 chteum
780 2803 946 2860 t‘eclsu
1001 2806 1328 2874 loquentem,
1375 2805 1632 2873 ntisernm,
1675 2801 1880 2860 scilicet
1927 2805 2120 2860 ditiiitttl

529 2895 760 2966 primum
807 2895 1075 2950 hominem
1123 2895 1416 2962 conditum,
1453 2902 1611 2966 quem
1654 2897 1906 2966 cupiditas
1942 2897 2120 2950 innitta

528 2987 768 3042 reddebat
805 2987 1100 3057 inquietum,
1154 3001 1306 3058 quant
1347 2987 1687 3056 cupiditatem
1728 2988 1800 3041 rei
1842 2987 2121 3043 interdicta:

527 3085 578 3135 et
605 3088 836 3135 venustas
858 3080 1087 3134 irritabat
1112 3091 1158 3134 et
1176 3081 1416 3135 suavitas.
1437 3080 1542 3135 Nos
1558 3088 1734 3135 autem
1756 3080 1984 3136 dicimus
2012 3089 2118 3136 tam

529 3173 740 3229 beatum
771 3174 936 3228 iiiisSe
962 3174 1109 3228 illum
1139 3173 1412 3228 hominem
1440 3182 1561 3228 ante
1583 3179 1880 3244 peccatum,
1908 3171 2120 3244 tamque

528 3265 710 3321 liberte
735 3266 1042 3333 voluntatis,
1088 3273 1145 3320 ut
1187 3265 1280 3321 Dei
1327 3271 1650 3336 przeceptum
1684 3267 1891 3337 magnis
1920 3266 2121 3322 viribus

526 3359 726 3413 ruentis
749 3359 1065 3425 observans,
1095 3359 1430 3413 resiStentem
1461 3357 1562 3414 sibi
1589 3369 1806 3412 carnem
1833 3358 1978 3412 nullo
2004 3371 2122 3413 cer-

529 3451 728 3505 tamine
754 3457 1047 3520 pateretur,
1078 3458 1176 3504 nec
1202 3445 1400 3519 aliquid
1430 3450 1649 3505 omnino
1677 3459 1743 3505 ex
1771 3451 1946 3520 aliqua
1972 3452 2122 3521 cupi-

527 3539 694 3596 ditate
713 3543 956 3608 sentiret,
976 3542 1115 3612 qttod
1143 3541 1344 3606 nollet;
1377 3539 1809 3614 voluntatemque
1837 3543 1954 3614 ejus
1974 3545 2121 3615 prius

526 3631 693 3688 fuisse
737 3633 972 3688 vitiatam
1021 3643 1291 3688 venenosa
1333 3633 1679 3704 persuasione
1729 3636 2016 3705 serpentis,
2064 3645 2122 3692 ut

526 3727 759 3782 oriretur
778 3725 1040 3796 cupiditas
1067 3735 1186 3798 quae
1211 3727 1531 3796 sequeretur
1564 3729 1740 3798 potius
1767 3727 2115 3797 voluntatem,

526 3827 686 3888 quam
714 3818 986 3873 resisteret
1017 3818 1306 3890 voluntati;
1336 3817 1747 3891 perpetratoque
1773 3831 1993 3890 peccato
2008 3821 2120 3892 jam

528 3919 686 3980 paena
732 3909 1013 3965 infirmata:
1055 3912 1217 3966 menti
1267 3911 1426 3967 etlatn
1470 3913 1647 3967 carnis
1690 3908 2120 3983 concupiscentia

527 4010 867 4071 repugnaret.
901 4003 980 4056 Ac
1008 4013 1102 4072 per
1128 4001 1247 4067 hoc,
1278 4003 1377 4057 nisi
1411 4003 1558 4074 prius
1584 4003 1745 4059 homo
1774 4004 1972 4060 faceret
1995 4019 2120 4075 pec-

529 4093 701 4148 cando
725 4093 866 4162 quod
893 4094 1073 4162 vellet,
1103 4109 1208 4149 non
1234 4101 1502 4164 pateretur
1525 4099 1952 4168 concupiscendo
1977 4100 2120 4170 quod

531 4185 698 4240 nollet
739 4186 877 4241 Ecce
893 4201 990 4240 nos
1011 4188 1458 4256 quemadmodum
1473 4188 1732 4245 vincimus
1747 4191 2116 4261 Manicltteum,

530 4277 868 4334 introducere
915 4285 1194 4334 conantem
1251 4289 1454 4335 natura}
1503 4279 1732 4338 hominis
1787 4285 2118 4341 conditorem

528 4371 727 4426 malum
764 4380 862 4427 :tu
893 4381 1092 4439 autem,
1139 4374 1228 4442 qui
1269 4375 1596 4429 certantibus
1641 4376 1791 4430 nobis
1819 4376 1992 4432 locum
2025 4378 2116 4434 tibi

527 4465 844 4532 Spectatoris
870 4478 966 4534 pro
992 4459 1086 4519 tuo
1111 4465 1330 4519 arbitrio
1355 4463 1628 4536 delegisti,
1673 4467 1756 4522 his
1786 4468 1916 4539 ipsis
1945 4470 2120 4526 verbis

527 4557 651 4618 tuis,
699 4567 819 4626 qua:
859 4564 1044 4611 contra
1089 4569 1186 4611 nos
1228 4556 1520 4612 Maniehteo
1567 4558 1742 4614 danda
1781 4561 2116 4630 existimasti,

527 4661 651 4716 qua,
697 4661 898 4718 qttzcso,
939 4657 1077 4717 arte,
1117 4650 1311 4720 quibus
1355 4650 1556 4707 viribus
1586 4653 1837 4709 resistere
1873 4651 2116 4722 audebis,

530 4742 711 4807 homo,
740 4742 828 4812 qui
859 4741 994 4798 dicis
1031 4745 1208 4798 carnis
1232 4745 1741 4815 concupiscentiam,
1779 4748 1952 4819 qualis
1978 4763 2120 4805 nunc

528 4842 628 4900 est,
661 4845 818 4904 quam
857 4835 1099 4891 videmus
1133 4845 1318 4892 contra
1365 4839 1608 4907 spiritum
1651 4840 1928 4907 dimicare,
1959 4842 2118 4899 talem

527 4927 692 4984 fuisse
729 4930 887 4983 etiam
930 4929 984 4983 in
1026 4931 1274 5001 paradiso
1303 4940 1426 4987 ante
1456 4934 1768 5003 peccatum?
1798 4935 2119 5005 [ieponiinus

528 5037 657 5092 ergo
682 5033 754 5089 te,
786 5023 917 5079 velis
940 5013 1095 5090 nolis,
1123 5024 1190 5081 de
1219 5024 1413 5080 theatri
1444 5023 1700 5082 sedilibus
1730 5028 1782 5082 in
1807 5043 2044 5095 arenam,
2066 5039 2121 5086 et

527 5113 595 5169 de
622 5119 920 5185 spectatore
964 5116 1184 5173 iacimus
1221 5117 1556 5174 luctatorem.
1604 5119 1907 5190 Aggredere
1940 5129 2119 5178 certa-

528 5221 671 5276 men,
710 5211 766 5262 et
791 5207 1188 5290 adversarium,
1230 5211 1274 5265 si
1313 5217 1486 5281 petes,
1529 5196 1682 5266 vince
1735 5221 2114 5270 communem:

528 5302 781 5372 quoniam
810 5312 862 5356 tu
895 5315 1106 5373 quoque
1134 5302 1301 5357 Deum
1336 5312 1632 5360 creatorem
1659 5307 1819 5361 etiam
1865 5307 2040 5362 carnis
2067 5309 2117 5364 te

525 5397 706 5454 colere
749 5397 1037 5468 proﬁteris.
1077 5391 1242 5453 Vince
1285 5395 1444 5469 igitur
1474 5400 1766 5467 inimicum,
1797 5403 2118 5471 perSuade‘re

523 5501 832 5559 conantem,
884 5489 1080 5545 malum
1130 5491 1298 5546 Deum
1343 5503 1461 5548 esse
1487 5493 1573 5563 qni
1605 5490 1836 5550 condidit
1876 5511 2114 5566 carnem,

527 5583 680 5656 cujus
711 5584 1142 5655 concupiscentia
1185 5581 1421 5640 nondum
1465 5585 1751 5658 depravato
1795 5589 2116 5659 praevarica.

528 5676 672 5732 tione
713 5677 921 5748 Spiritui
957 5677 1066 5747 jam
1115 5677 1415 5747 resistebat,
1464 5687 1517 5734 et
1546 5679 1798 5736 miserum
1846 5681 2117 5739 hominem

527 5781 622 5826 sua
647 5767 1040 5826 conﬂictatione
1060 5770 1304 5826 faciebat.
1337 5772 1418 5825 An
1449 5771 1688 5827 dicturus
1708 5789 1787 5840 es,
1812 5774 2036 5831 Prorsus
2062 5784 2119 5832 ct

527 5863 1018 5934 concupiscentiam
1046 5865 1206 5922 talem
1245 5864 1494 5931 habebat,
1534 5873 1589 5922 et
1615 5875 1790 5924 tamen
1821 5867 1984 5926 miser
2007 5885 2115 5926 non

1199 364 1445 424 OPERIS
1483 359 1889 422 IMPERFECTI
1927 355 2202 413 CONTRA
2241 355 2602 427 JULIANUM,
2643 357 2701 416 S.
2749 359 3122 419 AUGUSTINI

3675 372 3813 430 I533

2220 475 2369 530 erat?
2391 475 2621 534 Hoccine
2642 487 2726 534 est
2743 479 3104 538 adversarium
3121 497 3396 555 superare,
3417 501 3484 541 an
3514 487 3692 557 potius
3712 488 3815 545 hoc

2219 579 2301 623 est
2325 570 2577 640 adjuvare
2601 572 2974 644 Manicnteum,
3007 586 3062 633 et
3086 587 3270 634 contra
3296 581 3610 650 Apostolum
3639 585 3815 640 rebel-

2222 664 2375 721 lare?
2403 667 2550 722 ltane
2575 669 2770 724 oblitus
2797 685 2854 725 es
2880 671 2999 742 quis
3025 671 3237 738 dixerit,
3278 674 3434 730 Video
3461 678 3615 731 aliam
3653 679 3814 750 legem

2220 757 2272 812 in
2312 758 2546 814 membris
2583 761 2734 826 meis,
2785 773 3150 833 repugnantem
3193 765 3291 838 legi
3338 769 3515 823 mentis
3557 786 3715 832 meat;
3761 781 3812 826 et

2225 858 2343 918 post
2371 849 2672 919 hujusmodi
2698 853 2857 908 verba
2887 853 3194 923 subjecerit,
3227 857 3386 912 Miser
3413 875 3504 929 ego
3533 862 3684 915 homo
3705 862 3732 914 .9
3757 861 3813 916 Si

2221 955 2348 1010 ergo
2373 942 2564 1009 Adam,
2597 960 2716 999 cum
2743 941 3006 1018 praecepto
3025 949 3183 1003 vellet
3211 951 3580 1021 obtemperare
3603 953 3810 1022 divino,

2221 1033 2508 1104 cupiditate
2551 1036 2857 1093 irritabatu’r
2894 1039 3070 1095 cibum
3110 1041 3433 1100 manducare
3461 1045 3810 1114 prohibitum,

2221 1125 2380 1196 eique
2401 1128 2575 1182 carnis
2595 1131 3045 1199 concupiscentia,
3079 1134 3290 1203 qualem
3318 1135 3464 1189 illum
3494 1145 3549 1191 et
3576 1141 3705 1190 tunc
3737 1139 3813 1192 di-

2219 1217 2297 1272 cis
2323 1217 2594 1285 habuisse,
2628 1227 2811 1276 cuntra
2839 1225 3232 1295 concupiscenti
3273 1227 3478 1297 Spiritui
3507 1230 3808 1296 resistebat,

2221 1324 2398 1365 nonne
2424 1312 2699 1366 verissime
2728 1314 2951 1382 diceret,
2984 1317 3026 1370 si
3060 1317 3219 1372 vellet
3257 1319 3455 1378 dicere.
3485 1318 3813 1376 Condelertor

2220 1401 2317 1472 legi
2361 1401 2457 1456 Dei
2499 1404 2774 1458 secundum
2822 1407 3110 1463 interiorem
3148 1409 3430 1477 hominem;
3456 1413 3601 1466 video
3651 1416 3813 1466 anteiit

2220 1495 2374 1549 aliam
2420 1495 2576 1567 legem
2614 1498 2666 1551 in
2706 1499 2938 1554 membris
2963 1503 3084 1555 meis
3124 1515 3487 1574 repugnantem
3513 1505 3614 1577 legi
3643 1507 3814 1563 mentis

2221 1590 2382 1644 ntere?
2406 1590 2688 1657 Quomodo
2714 1594 2845 1662 ergo
2871 1608 2978 1648 non
3008 1597 3126 1650 erat
3152 1597 3316 1652 miser
3341 1598 3522 1664 homo,
3557 1600 3686 1652 cuin
3707 1611 3816 1670 post

2221 1681 2382 1736 verba
2405 1683 2528 1737 talia
2553 1683 2696 1739 dicat
2726 1687 3033 1756 Apostolus,
3053 1687 3212 1743 Miser
3237 1703 3327 1762 ego
3344 1692 3492 1746 homo
3523 1691 3709 1766 (liam.
3728 1701 3811 1762 vn,

2221 1773 2449 1844 22—24)?
2478 1786 2764 1845 postremo,
2791 1781 3060 1849 quomodo
3083 1783 3247 1838 miser
3267 1797 3373 1838 non
3404 1789 3539 1850 erat,
3569 1797 3624 1842 et
3654 1786 3815 1842 babe-

2223 1865 2316 1921 bat
2357 1868 2579 1923 liberant
2621 1871 2970 1941 voluntatem,
3015 1875 3060 1929 si
3098 1877 3510 1945 concupiscente
3556 1879 3817 1935 adversus

2222 1959 2466 2030 spiritum
2497 1977 2679 2030 carne,
2711 1972 2846 2021 teste
2875 1966 2992 2036 ipso
3019 1967 3294 2037 Apostold,
3322 1982 3428 2024 non
3456 1969 3691 2024 iaciebat
3722 1973 3814 2025 uti-

2223 2067 2326 2124 que
2345 2055 2489 2125 quod
2507 2056 2743 2112 volebat?
2758 2057 3017 2126 Quoniam
3039 2073 3166 2131 ergo
3182 2060 3226 2114 si
3247 2060 3462 2126 dixeris,
3481 2063 3664 2134 quails
3685 2073 3817 2120 nuttc

2222 2156 2325 2209 est,
2357 2148 2514 2203 talem
2545 2148 2707 2205 fuisse
2735 2149 3220 2222 concupiscentiam
3250 2155 3426 2210 carnis
3464 2162 3590 2211 ante
3636 2167 3818 2228 pecea-

2227 2239 2354 2306 tum,
2388 2242 2564 2297 vincet
2595 2252 2646 2298 te
2675 2247 2862 2314 procul
2892 2245 3054 2301 dubio
3094 2247 3416 2303 Manichtens
3453 2268 3465 2303 :
3498 2251 3553 2304 in
3597 2261 3815 2306 senten-

2224 2331 2350 2386 tiam
2378 2347 2550 2388 meam
2581 2338 2766 2404 transi,
2800 2347 2853 2392 et
2876 2338 3219 2393 Ambrosium
3245 2334 3536 2410 dicentem,
3565 2355 3666 2412 per
3692 2349 3819 2412 pric-

2226 2425 2606 2480 varicationem
2635 2426 2867 2483 hominis
2897 2430 3077 2499 primi,
3110 2428 3165 2483 in
3191 2440 3434 2486 naturam
3463 2436 3697 2488 vertisse
3724 2435 3820 2490 dls-

2224 2520 2461 2575 cordiam
2507 2523 2684 2577 carnis
2733 2521 2788 2578 et
2823 2524 3073 2595 spiritus,
3123 2527 3281 2582 ainbo
3327 2531 3734 2599 approbemus,
3770 2539 3820 2588 tu

2224 2611 2574 2668 Manichaeum
2606 2613 2765 2671 ambo
2786 2617 3078 2672 vincamus.
3103 2618 3205 2686 Qui
3238 2620 3412 2675 verbis
3445 2623 3564 2688 tuis,
3600 2635 3726 2693 quae
3755 2626 3819 2681 illi

2223 2707 2569 2777 composuisti
2605 2710 2754 2779 quasi
2797 2713 3106 2778 recitaturo,
3137 2721 3192 2768 et
3216 2715 3353 2784 quod
3382 2717 3433 2769 in
3467 2715 3674 2772 scholis
3706 2718 3820 2774 rite.

2225 2803 2398 2852 torum
2429 2800 2615 2870 agitari
2645 2801 2804 2869 solet,
2839 2803 3011 2858 aliena
3038 2804 3275 2868 dicturo,
3321 2821 3426 2860 non
3471 2809 3650 2862 solum
3690 2812 3819 2863 terit-

2225 2897 2475 2960 tnnosum,
2527 2903 2714 2949 verum
2773 2897 2932 2951 etiam
2967 2913 3171 2966 .cwcttm
3227 2905 3465 2955 creatum
3516 2915 3642 2956 esse
3698 2901 3821 2959 dixit

2225 2985 2395 3040 Adam
2428 3003 2440 3040 :
2470 2986 2612 3042 unde
2635 2991 2855 3054 caecum,
2881 2989 2981 3042 nisi
3000 2989 3119 3059 quia
3144 2995 3250 3044 non
3273 2997 3487 3046 noverat
3511 2999 3817 3063 peccatum;

2226 3079 2366 3149 quod
2396 3078 2596 3134 dictum
2624 3085 2706 3135 est
2736 3081 2786 3135 in
2832 3080 3079 3136 laudibus
3107 3083 3305 3138 Giiristi
3337 3084 3413 3154 (ii
3451 3084 3572 3139 Cor.
3612 3087 3820 3158 'v,-2i)?

2225 3172 2586 3243 Qumcnmque
2612 3175 2752 3228 enim
2781 3175 2919 3229 mala
2955 3179 3060 3229 non
3089 3182 3187 3246 per
3215 3169 3553 3246 sapientiam,
3579 3179 3682 3234 sed
3712 3183 3821 3251 quae

2226 3267 2321 3336 per
2345 3267 2727 3337 experientiam
2758 3267 3051 3336 discantur,
3085 3269 3311 3326 feliciter
3350 3273 3688 3329 nescitintttr.
3723 3275 3819 3330 Sed

2227 3355 2329 3411 huc
2352 3359 2535 3411 contra
2565 3351 2910 3413 Manl‘cbtcum
2942 3359 3008 3415 de
3049 3361 3345 3431 ignorantia
3394 3364 3551 3433 primi
3590 3363 3820 3422 immittis

2227 3447 2687 3517 caluttmianlem,
2755 3447 2809 3504 tu
2857 3459 3070 3521 qttothe
3122 3459 3332 3507 "tetrum
3378 3453 3600 3509 forsitan
3651 3455 3818 3513 dicis:

2225 3540 2351 3610 quid
2377 3556 2505 3596 vero
2534 3543 2581 3597 ei
2611 3543 2938 3612 respondeas
2959 3544 3024 3599 de
3059 3549 3233 3600 morte
3259 3548 3500 3618 cbrporis
3529 3553 3585 3602 Et
3609 3548 3680 3603 de
3706 3555 3822 3605 con-

2226 3636 2549 3705 cupiscentia
2577 3637 2772 3705 carnis,
2799 3639 3088 3693 secundum
3113 3653 3174 3695 ea
3197 3653 3314 3710 qua:
3339 3647 3480 3695 nunc
3501 3641 3596 3697 tibi
3626 3653 3728 3698 nos
3746 3647 3822 3699 re-

2227 3729 2564 3799 Spondimus,
2597 3737 2794 3801 qumre.
2831 3731 2924 3786 His
2951 3732 3092 3787 enim
3129 3732 3339 3788 duabus
3369 3733 3821 3792 manifestissimis

2225 3823 2385 3878 rebus
2432 3825 2670 3894 apparet,
2714 3823 2870 3879 aliam
2917 3825 3079 3881 fuisse
3121 3825 3480 3883 conditionem
3528 3830 3820 3898 primorum

2228 3911 2523 3984 hominum,
2556 3917 2641 3988 qui
2669 3917 2736 3973 de
2775 3919 2917 3973 nulla
2949 3915 3225 3990 parentum
3266 3920 3433 3990 stirpe
3475 3927 3599 3976 Sunt
3631 3923 3820 3992 geniti;

2225 4005 2383 4066 aliam
2424 4013 2551 4067 vero
2585 4012 2802 4078 eorum,
2835 4014 2923 4083 qui
2961 4014 3031 4068 ita
3071 4021 3321 4069 creantur
3349 4029 3378 4068 a
3412 4011 3541 4078 Deo,
3578 4026 3636 4069 ut
3667 4016 3823 4071 etiam

2226 4095 2293 4158 ab
2319 4104 2623 4159 hominibus
2644 4114 2998 4175 procreantur
3023 4123 3035 4159 :
3062 4103 3129 4160 ab
3148 4105 3238 4160 illo
3257 4105 3399 4161 enim
3427 4106 3648 4162 inodum
3679 4108 3824 4163 insti-

2227 4189 2446 4252 tutionis
2485 4213 2594 4252 suae
2622 4195 2908 4269 accipiunt,
2937 4195 3004 4253 ab
3038 4197 3152 4253 istis
3189 4197 3437 4253 meritum
3477 4199 3707 4270 originis
3733 4197 3824 4255 d'u-

2227 4299 2373 4358 cunt,
2402 4286 2881 4345 conformationem
2905 4303 3056 4346 suam
3080 4287 3335 4346 debentes
3359 4291 3590 4361 opificio,
3622 4293 3823 4364 obliga—

2229 4382 2424 4438 tionem
2470 4379 2700 4452 judicio,
2765 4383 3134 4438 liberationem
3181 4381 3440 4439 beneﬂcio
3495 4379 3820 4442 Conditoris.

2227 4466 2462 4542 Quorum
2494 4471 2629 4528 mala
2657 4475 2779 4530 cum
2806 4467 2996 4545 quibus
3025 4477 3338 4542 nascuntur,
3364 4476 3636 4533 intuentes
3665 4473 3825 4532 Matii-

2227 4557 2382 4632 cbtei,
2433 4564 2665 4621 boiiilnis
2710 4567 2953 4636 npiiicem
2999 4567 3195 4621 malum
3242 4565 3507 4624 conantur
3550 4567 3821 4635 inducere,

2226 4657 2376 4730 cujus
2400 4657 2479 4732 (ut
2504 4651 2571 4714 de
2595 4658 2772 4713 anima
2798 4667 3024 4725 taceam,
3054 4661 3171 4731 quae
3193 4657 3370 4716 carnis
3397 4658 3630 4733 estvita)
3661 4658 3822 4716 Deum

2225 4755 2346 4807 esse
2367 4749 2614 4822 opiﬁcem
2646 4759 2821 4818 suum,
2855 4765 2885 4804 a
2913 4751 3019 4822 quo
3043 4751 3168 4806 Sunt
3196 4752 3373 4806 omnia
3399 4753 3540 4808 burna
3571 4753 3688 4809 sive
3714 4759 3822 4810 cde-

2227 4827 2380 4899 iestia
2409 4843 2520 4898 sive
2561 4845 2789 4910 terrena,
2829 4844 3007 4897 carnis
3049 4842 3214 4913 ipsius
3253 4845 3513 4916 compago
3564 4842 3821 4912 testatur;

2226 4929 2366 5006 quod
2407 4934 2511 4990 tale
2549 4929 2743 4990 bonum
2783 4943 2882 5000 est,
2919 4933 2976 4989 ut
3013 4934 3080 4990 de
3127 4933 3412 4991 cbn'ctirdia
3459 4937 3822 4992 mentbrormn

2227 5030 2342 5100 ejus
2369 5025 2556 5085 beatus
2580 5029 2866 5099 Apostolus
2893 5020 3292 5085 sintiiituiiitiem
3318 5029 3580 5098 sumeret,
3615 5025 3681 5086 ad
3712 5019 3823 5084 i'au-

2226 5119 2344 5176 dem
2380 5123 2698 5192 praecipuam
2728 5121 3341 5193 charitatis,cujusintcr
3370 5137 3428 5178 se
3458 5121 3682 5193 pacilico
3705 5123 3819 5177 vin-

2226 5215 2346 5269 cuio‘
2385 5213 2507 5269 boni
2553 5213 2738 5270 iidcles
2766 5219 3015 5285 tanquam
3042 5205 3238 5270 Christi
3269 5215 3507 5272 inetnbra
3539 5222 3824 5272 nectuntur

2229 5306 2270 5379 (1
2292 5308 2406 5363 Cor.
2437 5323 2532 5376 xu,
2564 5297 2672 5381 12).
2702 5301 2777 5363 lla
2807 5307 2863 5363 iit
2886 5313 2947 5363 ut
2975 5315 3029 5363 'et
3059 5307 3176 5364 illos
3207 5309 3405 5380 primos
3437 5310 3554 5364 sine
3589 5309 3718 5364 vitio
3750 5305 3825 5363 i'a-

2226 5403 2360 5465 ctos,
2388 5405 2441 5458 et
2465 5411 2704 5472 posteros
2728 5401 2911 5457 eorum
2936 5413 3059 5456 enm
3082 5394 3324 5472 originali
3346 5402 3475 5458 vitio
3502 5409 3678 5466 natos,
3701 5413 3826 5472 pro-

2225 5502 2342 5565 pter
2367 5493 2825 5550 evidentissimum
2849 5502 3053 5549 batura:
3072 5493 3273 5550 bonum
3294 5509 3481 5551 creare
3503 5509 3611 5549 non
3638 5504 3825 5566 potue-

2225 5588 2294 5642 rit
2323 5587 2422 5641 nisi
2454 5587 2625 5643 bonus
2649 5586 2912 5641 conditor.

2298 5680 2414 5734 XV.
2453 5679 2572 5735 Jun.
2603 5677 2707 5735 Sed
2737 5695 2804 5734 ne
2832 5668 2990 5734 nimis
3018 5679 3240 5750 primam
3275 5687 3480 5749 partem
3509 5679 3828 5736 certaminis

2227 5789 2509 5847 urgeamus
2537 5817 2549 5839 ,
2603 5775 2867 5844 patiamur
2915 5790 3167 5844 processu
3217 5773 3482 5845 opinionis
3527 5774 3581 5830 te
3623 5773 3826 5830 bonam

2229 5857 2356 5926 Adae
2401 5869 2626 5941 probare
2670 5878 2936 5924 naturam.
2984 5869 3126 5925 Dicis
3167 5868 3408 5940 proiecto
3435 5888 3449 5926 :
3481 5868 3828 5941 Deusjustus
