3962 6560
184 403 329 463 1533

180 500 357 590 legem
385 514 684 573 devotionis
710 496 911 570 homini
940 528 1046 571 non
1075 496 1335 587 poneret,
1365 510 1411 568 si
1437 526 1559 569 eum
1591 519 1773 567 nosset

180 594 292 684 pati
320 593 572 681 peccandi
598 590 1006 684 necessitatem;
1038 607 1159 682 quia
1189 605 1233 662 si
1253 602 1511 678 justitiam
1532 592 1773 665 volunta-

182 706 252 760 iis
290 689 528 774 exigeret
563 682 630 757 ab
671 716 738 757 eo
780 700 935 785 quem
972 694 1125 756 'm'alae
1164 698 1368 757 natura:
1402 714 1522 756 esse
1556 705 1770 764 nosset,

181 796 293 852 han
332 784 481 850 illum
519 792 640 848 c‘u'm
672 780 1121 866 praevaricabatur
1143 834 1159 861 ,
1186 807 1336 848 reum
1365 780 1649 866 arguebat,
1678 789 1773 847 sed

182 900 243 943 se
286 884 560 941 inimicum
604 862 724 940 'és'se
760 868 980 956 iustitia:
1021 874 1344 954 publicabat.
1381 862 1565 938 Posuit
1595 889 1776 956 autem

180 964 331 1036 Deus
354 970 530 1048 justus
551 968 724 1048 lege‘m
755 954 953 1030 b'omiiii
975 1016 991 1042 ,
1012 976 1169 1046 quem
1198 968 1432 1029 ulturum
1458 988 1517 1029 se
1535 1015 1551 1041 ,
1576 971 1620 1028 si
1648 954 1779 1026 fuis-

185 1081 268 1127 set
306 1069 723 1141 pmvaricatus,
764 1066 1068 1138 spopondit.
1113 1065 1335 1122 Constat
1376 1079 1504 1136 ergo
1530 1079 1652 1120 eum
1684 1062 1780 1119 bo-

181 1160 314 1220 num
354 1162 543 1218 natura
565 1202 581 1228 ,
617 1160 724 1216 non
755 1156 989 1234 potuisse
1013 1142 1204 1228 aliter,
1238 1142 1339 1214 nisi
1367 1145 1479 1216 sola
1509 1158 1781 1214 voluntate

182 1256 434 1329 peccare.
475 1238 639 1312 Vides
678 1250 1104 1333 n'e'mpe,‘qii‘ain
1144 1240 1377 1324 legiiima
1414 1248 1484 1307 sit
1518 1266 1549 1306 a
1574 1265 1664 1333 me
1691 1258 1780 1306 tuo

183 1328 410 1407 nomine
448 1348 654 1420 prolata
694 1329 1011 1403 conclusio?
1035 1328 1153 1418 ipse
1182 1346 1264 1400 est
1288 1340 1506 1399 omnino
1531 1328 1739 1414 gladius
1762 1383 1777 1409 ,

147 1426 278 1516 'qui
330 1443 387 1499 in
433 1440 592 1497 tnanii
635 1432 1027 1497 catholicorum
1084 1430 1412 1505 coruscans,
1463 1430 1783 1492 Manichaeos

183 1520 659 1604 Trad'u'c'lanosque
680 1528 978 1605 populatur.
1009 1518 1113 1589 Sed
1141 1524 1290 1586 nimis
1310 1539 1527 1602 propter
1546 1538 1781 1585 vestrum

182 1630 392 1687 nomen
442 1610 732 1693 admiscui,
776 1624 1000 1699 quorum
1037 1624 1154 1680 viae
1181 1622 1661 1695 impraesentiarum
1691 1636 1784 1676 vo-

180 1708 394 1799 lueram
425 1716 738 1799 iesponsuin
758 1714 950 1799 _videri.
982 1700 1264 1773 Concussit
1289 1731 1415 1788 ergo
1436 1702 1783 1771 Manicbaeum

181 1794 361 1869 ἑοὶὶἆά
403 1794 705 1882 resptinsio.
743 1796 1032 1881 Augustam
1063 1800 1322 1863 rationem
1348 1806 1521 1878 dignis
1543 1806 1785 1863 laudibus

183 1900 494 1976 prnsequOr
525 1904 538 1957 Ξ
570 1900 906 1983 verumpieo
935 1882 1250 1955 laudationis
1280 1896 1437 1969 hujus
1458 1939 1475 1964 ,
1514 1898 1565 1954 in
1592 1906 1644 1953 te
1668 1897 1787 1954 acui

181 1994 426 2068 gladium
458 1990 736 2068 coniuere.
767 1986 1190 2068 Repeteigitur,
1218 1986 1401 2061 quaeso
1421 2031 1438 2059 ,
1466 1989 1609 2062 quod
1634 1990 1786 2046 dixe-

180 2064 298 2146 ἦλθε.
327 2076 472 2143 Deus
490 2086 700 2158 juStus,
729 2066 941 2157 inquis,
970 2064 1140 2156 legem
1168 2096 1274 2136 non
1301 2090 1526 2157 poneret
1546 2066 1746 2136 liomiui
1768 2122 1784 2150 ,

180 2174 229 2238 Si
255 2180 408 2236 esset
438 2166 612 2234 hialus
642 2174 863 2243 natiira';
892 2164 1067 2247 pOSuii
1093 2174 1270 2230 autem
1298 2172 1468 2245 legem
1498 2173 1587 2246 qui
1612 2172 1788 2244 justus

179 2264 266 2331 εει
297 2278 314 2329 ‘:
347 2278 569 2344 apparet
594 2266 734 2325 nunc
759 2260 996 2341 pohiislse
1021 2264 1256 2337 servare,
1288 2254 1429 2338 quod
1454 2266 1789 2344 aequissimus

178 2342 521 2440 bnperavil;
566 2362 815 2436 quoniam
848 2344 948 2419 nisi
977 2344 1262 2440 obediendi
1288 2356 1537 2417 virtutem
1568 2342 1788 2415 habuis-

181 2438 306 2531 set,
350 2457 627 2533 nunquam
666 2458 935 2515 constaret
973 2438 1303 2527 prtecipienti
1341 2453 1478 2509 ratio
1506 2448 1785 2525 jussionis.

182 2541 229 2615 ὓ
269 2542 667 2627 lepidissimum
710 2534 1039 2623 capitulum!
1083 2548 1166 2605 Me
1207 2542 1423 2617 coram,
1455 2562 1543 2603 me
1575 2553 1790 2629 specta-

185 2658 307 2706 tore
327 2690 343 2715 ,
392 2628 684 2705 bonitatem
722 2644 961 2712 naturae,
993 2638 1079 2699 cui
1105 2644 1190 2699 lex
1217 2641 1468 2715 ponitur,
1499 2638 1566 2695 de
1584 2634 1789 2711 iustitia

190 2734 368 2819 legem
392 2724 784 2819 promulgantis
808 2730 1076 2805 afﬁrmat;
1103 2752 1203 2793 nec
1225 2730 1367 2819 videt
1387 2749 1476 2799 se,
1502 2741 1790 2813 antequam

191 2759 368 2819 legem
392 2759 604 2816 promut
645 2759 784 2797 anus
808 2759 1038 2795 aturmat
1060 2759 1076 2805 ;
1104 2759 1203 2793 nec
1227 2759 1367 2792 Vtuct
1387 2759 1476 2799 se,
1502 2759 1790 2813 numquam

187 2822 569 2894 vulnusculum
600 2759 918 2889 aaiiicbwus
947 2820 1175 2896 sentiat,
1203 2828 1259 2883 in
1286 2812 1651 2883 Traducianos
1673 2823 1791 2885 exi-

188 2912 326 2989 lium
353 2928 641 3004 pertulisse
671 2912 711 2982 ί.
742 2920 811 2983 Ut
838 2924 981 3003 enim
1007 2908 1271 2994 intelligas
1297 2917 1554 2976 semineci
1583 2932 1668 2972 me
1697 2915 1792 2972 tibi

189 3000 389 3098 rapere
427 3038 575 3079 arma
604 3027 825 3098 cruenta
850 3061 865 3087 ,
895 3000 1277 3098 victricemque
1305 3011 1482 3069 ferant
1510 3009 1792 3085 morientia

191 3090 400 3176 lin-uina
427 3094 708 3173 veritaiem
739 3090 982 3187 (Virgii.,
1014 3090 1228 3166 Eneid.
1260 3106 1348 3163 tib.
1382 3105 1469 3172 10,
1502 3120 1633 3160 vers.
1661 3101 1787 3168 462,

191 3202 325 3285 £63)
348 3256 362 3280 ,
404 3192 459 3268 in
501 3222 588 3267 tua
633 3212 796 3265 temet
833 3190 942 3262 tela
980 3203 1321 3283 compellam.
1368 3200 1425 3256 Si
1450 3199 1625 3272 justus
1652 3198 1793 3267 Deus

194 3294 328 3367 Adae
365 3294 538 3378 legem
566 3292 694 3359 dare
720 3317 826 3378 non
854 3298 1059 3373 potuit,
1091 3297 1194 3353 nisi
1217 3311 1340 3352 eum
1367 3294 1528 3350 sciret
1551 3291 1667 3347 sine
1691 3288 1792 3344 ali-

195 3417 302 3475 quo
330 3374 459 3481 mali
480 3404 667 3454 coactu
688 3374 912 3481 liberum
939 3405 1098 3462 posse
1123 3388 1408 3445 observare
1431 3383 1572 3455 quod
1592 3383 1793 3453 justum

197 3472 321 3557 est;
353 3472 473 3546 sine
496 3482 658 3565 dubio
678 3474 811 3565 etin
833 3472 1162 3565 iemporibus
1187 3479 1385 3565 secutis
1410 3477 1597 3565 eadem
1622 3473 1796 3548 gravi-

200 3550 319 3639 ia‘te'
327 3576 553 3654 iustitia:
582 3562 666 3634 lex
697 3562 856 3634 eiiam
888 3550 1076 3633 litieris
1099 3550 1288 3654 tradita
1312 3611 1328 3643 ,
1354 3550 1797 3643 multiplicatione

197 3652 472 3741 diﬁ'usior,
516 3654 858 3726 distinctione
897 3652 1154 3736 signatidr
1174 3671 1274 3743 ,ﬂet
1300 3668 1454 3739 aucta
1470 3658 1681 3737 ultione
1705 3671 1793 3712 re-

196 3758 472 3823 ierentior
495 3807 511 3833 ,
551 3744 676 3819 data
719 3758 1025 3815 hominibus
1054 3771 1163 3813 non
1190 3755 1407 3835 fuisset,
1439 3746 1483 3809 si
1514 3759 1607 3807 aut
1629 3749 1797 3806 imbe-

197 3844 308 3918 cilli
350 3858 419 3913 ad
461 3840 762 3913 iaciendum
798 3836 994 3909 bonum
1026 3851 1143 3906 sine
1167 3848 1515 3921 possibilitate
1535 3838 1754 3918 iustitiae.
1779 3886 1793 3912 ,

199 3950 288 4008 aut
324 3948 442 4016 rei,
479 3948 532 4004 id
560 3940 643 4004 est
668 3924 827 4013 mali,
857 3924 923 4025 ali
949 3932 1102 4023 utero
1129 3948 1477 4021 nascerentur
1503 3956 1516 3994 :
1545 3937 1797 4010 quoniam

199 4044 259 4101 'ut
278 4043 415 4100 istos
442 4038 497 4097 in
526 4031 670 4096 omni
702 4036 1140 4110 praevaricatione
1163 4031 1501 4113 necessitatis
1521 4037 1800 4111 excusaret

203 4128 458 4193 obtenius
486 4152 500 4200 ;
532 4114 603 4188 ita
630 4110 1417 4215 immoderatio‘praeceptorum
1442 4110 1801 4208 ,impotentia

203 4228 562 4297 sanctionu'm,
592 4220 841 4298 iniquitas
858 4214 1203 4295 judiciorum,
1234 4219 1287 4299 in
1314 4214 1573 4296 maculam
1602 4217 1801 4274 rediret

203 4320 463 4379 auctoris.
505 4310 670 4393 igitur
709 4308 763 4373 et
799 4316 1062 4393 hacepars
1086 4312 1320 4391 secunda
1345 4312 1536 4368 eodem
1564 4325 1761 4384 genere
1782 4350 1798 4378 ,

205 4430 309 4503 quo
335 4414 484 4503 prior
504 4386 771 4481 ,cluditur
796 4392 852 4475 ές
881 4386 932 4463 id
958 4392 1070 4476 est,
1099 4414 1162 4462 nt
1186 4386 1512 4472 conﬁiearis,
1537 4411 1627 4458 aut
1641 4401 1801 4473 justi—

206 4488 331 4567 tiam
364 4488 461 4563 ί)θί
491 4520 596 4561 non
623 4498 861 4575 potuisse
888 4501 1188 4572 imperare,
1220 4499 1322 4555 nisi
1349 4497 1489 4569 quod
1519 4512 1550 4552 a
1577 4496 1801 4553 subditis

208 4601 320 4658 ﬁcri
353 4613 517 4672 posse
552 4594 945 4672 perpenderet;
972 4602 1026 4649 et
1052 4591 1357 4667 testimonio
1384 4590 1540 4661 primi
1568 4589 1802 4645 mandati

207 4668 568 4759 Manichacus,
613 4668 917 4744 testimonio
956 4694 1133 4742 autem
1161 4684 1338 4756 legum
1380 4692 1561 4754 postea
1590 4689 1802 4738 secuta-

206 4806 325 4845 rum
371 4768 696 4843 Hanichmus
731 4766 1204 4850 Traducianusque
1229 4772 1561 4834 consumitur
1593 4792 1607 4830 :
1639 4783 1730 4830 aut
1758 4775 1803 4831 si

209 4883 310 4937 hoc
336 4878 594 4948 relinquit
620 4874 864 4947 impietas
889 4890 904 4938 ;
931 4886 999 4927 ne
1023 4871 1210 4926 leviter
1229 4868 1444 4943 quidem
1461 4883 1491 4922 a
1508 4866 1661 4923 vobis
1685 4866 1805 4938 pul-

207 4983 355 5028 satus
405 4967 731 5026 Manichacus
754 5008 770 5034 ,
798 4972 1036 5021 vestrum
1064 4978 1123 5018 se
1148 4977 1269 5019 esse
1297 4969 1498 5033 patrem
1524 5001 1540 5026 ,
1565 4968 1805 5015 vestrum

206 5066 505 5137 principem
526 5103 542 5129 ,
577 5074 807 5132 cumque
846 5054 1000 5114 vobis
1032 5055 1318 5113 adversum
1341 5069 1440 5112 nos
1466 5052 1679 5110 unicum
1703 5051 1805 5108 sibi

210 5136 332 5215 esse
352 5166 627 5215 certamen
651 5194 667 5221 ,
692 5151 891 5209 mundo
916 5136 1052 5207 teste
1072 5144 1390 5205 monstrabit
1409 5147 1451 5201 ³.

289 5250 419 5305 Anc.
449 5238 565 5303 Hoc
593 5254 677 5302 est
698 5256 922 5314 nempe,
945 5240 1087 5313 quod
1109 5254 1215 5295 non
1243 5238 1489 5311 eloquio,
1511 5235 1607 5292 sed
1631 5234 1810 5291 multi-

206 5340 394 5412 quuio
438 5346 751 5412 prosecutus
790 5349 885 5403 es,
926 5334 1099 5406 legem
1141 5331 1345 5388 scilicet
1387 5328 1649 5400 priorem,
1690 5343 1809 5400 qua!

205 5433 337 5490 data
359 5442 442 5490 est
465 5431 518 5487 in
542 5429 790 5502 paradiso
813 5466 831 5498 ,
855 5424 1222 5505 testimonium
1251 5436 1373 5480 esse
1398 5431 1601 5477 naturae
1630 5421 1806 5485 bonae,

207 5541 335 5598 quae
358 5522 574 5581 condita
599 5530 684 5579 est
709 5536 832 5578 cum
861 5519 1032 5577 libero
1061 5512 1283 5574 arbitrio
1311 5532 1326 5570 :
1351 5512 1585 5586 alioquin
1606 5509 1811 5567 homini

278 5727 304 5863 ἓ
1176 5768 1670 5863 (Ξεξὶιθίῂκῗέἒίέίὲξέἱ

283 5851 307 5885 ³
336 5836 474 5911 initi;
497 5836 702 5913 eam
722 5842 936 5913 nobisa...
972 5843 1158 5897 mundo
1185 5840 1301 5896 teste
1331 5836 1691 5894 monstrabitur.
1729 5836 1816 5890 01l-

210 5921 458 5983 Iugantur
478 5926 542 5967 ex
567 5911 918 5978 inauttscriptis.

1568 394 1773 453 uasa
1808 394 2098 479 snxrus.

3317 409 3458 469 18M

1846 596 1852 603 ἢ
1879 512 2104 571 liberum
2141 514 2416 575 arbitrium
2443 534 2548 576 non
2579 520 2792 581 babenti
2821 524 3166 595 iiijustissinte
3190 526 3278 584 lea
3300 526 3458 584 dare-

1877 612 1981 663 tur.
2023 606 2173 664 Unde
2198 620 2252 665 et
2279 612 2572 682 posterior,
2601 615 2777 685 inquis
2799 654 2815 682 ,
2844 616 2928 673 lex
2955 635 3071 688 qua:
3094 620 3459 689 copiosissime

1878 698 1936 754 in
1981 700 2172 758 litteris
2210 705 2539 777 promulgata
2574 716 2688 776 est,
2732 711 3092 767 testimonium
3131 721 3215 768 est
3254 722 3459 769 natura

1878 790 2033 849 bonae
2051 834 2068 861 ,
2112 810 2232 867 qua:
2269 806 2482 854 creatur
2504 814 2569 855 ex
2599 802 2903 870 parentibus
2922 841 2939 871 ,
2970 804 3213 861 similiter
3237 805 3354 860 sine
3379 805 3459 858 vi-

1881 886 1990 956 tio,
2035 903 2155 944 cum
2200 891 2368 948 libero
2401 893 2640 951 arbitrio.
2688 894 2792 951 ista
2828 895 3102 967 disputans
3140 897 3339 953 videris
3368 893 3460 952 tibi

1882 982 2080 1054 aliquid
2108 985 2288 1042 dicere
2305 1024 2320 1053 ,
2346 988 2471 1058 quia
2500 989 2582 1044 vel
2613 995 2728 1046 tuas
2751 990 2833 1045 vel
2851 989 3110 1046 humanas
3131 992 3350 1046 sectaris
3370 1004 3460 1046 ar-

1881 1076 2054 1147 gutias
2087 1096 2100 1133 :
2132 1078 2310 1135 divina
2334 1096 2461 1136 vero
2480 1081 2721 1152 eloquia,
2751 1097 2817 1137 ex
2843 1081 3035 1153 quibus
3062 1091 3114 1138 te
3132 1082 3287 1138 nobis
3308 1090 3461 1153 putas

1883 1171 2233 1241 praescribere
2255 1214 2270 1239 ,
2303 1188 2408 1229 non
2437 1189 2592 1231 curas
2622 1175 2799 1246 legere
2825 1193 2840 1243 ι
2869 1184 2965 1232 aut
2991 1176 3036 1231 si
3061 1188 3219 1235 curas
3246 1173 3423 1246 legere
3449 1218 3462 1241 ,

1886 1276 1994 1317 non
2031 1264 2139 1328 vis,
2170 1265 2249 1318 vel
2279 1279 2382 1320 non
2411 1276 2560 1335 potes
2589 1267 2882 1339 intelligere
2913 1285 2929 1323 :
2955 1266 3049 1323 sed
3075 1268 3119 1324 si
3150 1267 3287 1324 forte
3311 1268 3467 1323 intel-

1887 1354 2080 1415 lexeris
2122 1358 2510 1428 disputantibus
2553 1360 2739 1427 nobis,
2783 1360 2892 1416 noli
2935 1374 3055 1417 esse
3099 1358 3218 1416 talib
3259 1356 3467 1432 qualein

1888 1446 2161 1519 Scriptura
2211 1449 2431 1507 denotat
2480 1451 2704 1519 dicens,
2763 1451 2938 1508 Verbis
2984 1468 3087 1507 nats
3128 1452 3474 1508 entendobitnr

1887 1558 2057 1598 servus
2085 1543 2287 1612 duras;
2314 1546 2357 1601 si
2381 1546 2515 1601 enim
2537 1555 2584 1601 et
2607 1547 2928 1614 intellexerit,
2954 1563 3057 1601 non
3079 1548 3269 1602 obediet
3291 1542 3472 1620 (Prov.

1888 1650 2017 1689 χχιι
2039 1674 2056 1703 ,
2104 1636 2219 1706 15).
2254 1636 2568 1708 Quanquam
2611 1646 2667 1695 et
2698 1653 2793 1695 cor
2817 1638 3116 1710 lapideum,
3155 1654 3261 1709 quo
3283 1638 3475 1695 divinis

1888 1728 2065 1784 verbis
2103 1729 2262 1785 etiam
2307 1730 2590 1788 intellectis
2613 1746 2718 1787 non
2741 1730 3029 1796 obeditur;
3062 1730 3227 1801 possit
3259 1730 3350 1786 tibi
3377 1744 3474 1785 au-

1889 1819 2031 1876 ferre
2051 1863 2067 1890 ,
2105 1822 2154 1879 si
2193 1823 2356 1892 velit,
2383 1816 2473 1895 qui
2500 1823 2601 1879 hoc
2624 1825 2823 1896 populo
2849 1826 2984 1881 duro
3002 1866 3017 1891 ,
3047 1825 3324 1882 Ezechiele
3347 1837 3476 1880 san—

1890 1924 1978 1969 cto
2002 1915 2371 1986 prephetante.
2399 1917 2646 1986 promisit
2668 1917 2879 1989 (Escclz.
2905 1931 2961 1973 ιι
2979 1958 2995 1986 ,
3022 1917 3090 1973 19
3113 1920 3128 1984 ς
3154 1930 3334 1983 xxxvi,
3358 1915 3473 1988 26).

1892 2003 1949 2060 in
1994 2006 2239 2075 paradiso
2271 2007 2414 2063 enim
2440 2007 2610 2078 legem
2637 2008 2841 2077 accepit
2868 2008 3059 2073 homo,
3089 2008 3178 2077 qui
3204 2006 3373 2062 factus
3397 2016 3480 2062 est

1891 2104 2070 2152 rectus
2089 2134 2104 2162 ,
2143 2105 2199 2152 ut
2236 2097 2510 2155 rationalis
2534 2106 2799 2155 creaturae
2821 2098 2904 2155 vel
2929 2098 3079 2167 sola,
3107 2098 3188 2152 vel
3214 2098 3478 2169 pmcipua

1892 2189 2062 2247 virtus
2097 2205 2218 2246 esse
2258 2189 2561 2248 obedientia
2601 2191 2904 2248 doceretur.
2946 2191 3051 2248 Sed
3084 2191 3325 2262 ejusdem
3350 2191 3480 2262 legis

1894 2281 2370 2353 praevaricatione,
2408 2299 2439 2338 a
2477 2299 2538 2343 se
2564 2284 2680 2356 ipso
2715 2284 2884 2339 factus
2916 2292 2998 2340 est
3020 2299 3235 2355 pravus.
3263 2283 3331 2339 Et
3350 2297 3483 2354 quo-

1892 2374 2037 2431 niam
2076 2374 2250 2431 vitiari
2291 2390 2385 2446 per
2421 2390 2481 2432 se
2504 2376 2678 2447 ipsum
2704 2378 2914 2447 potuit,
2943 2391 3048 2432 non
3079 2376 3292 2442 sanari;
3320 2375 3480 2431 etiam

1893 2475 2078 2538 postea
2105 2482 2171 2524 eo
2201 2475 2442 2538 tempore
2460 2478 2516 2524 et
2541 2484 2608 2526 eo
2632 2470 2752 2525 loco
2769 2509 2786 2537 ,
2815 2469 3028 2541 quando
3046 2483 3165 2527 esse
3184 2467 3480 2525 faciendum

1894 2570 1948 2619 et
1988 2562 2079 2618 ubi
2114 2578 2236 2620 esse
2259 2561 2561 2620 faciendum
2591 2563 2688 2619 Dei
2711 2563 2970 2635 sapientia
2990 2562 3277 2634 indicavit,
3308 2558 3482 2635 legem

1895 2656 2055 2714 etiam
2094 2671 2288 2727 pravus
2329 2657 2571 2729 accepit,
2598 2672 2704 2713 non
2731 2672 2828 2728 per
2851 2671 3012 2727 quam
3036 2656 3228 2728 corrigi
3258 2662 3480 2727 posset;

1894 2750 1990 2811 sed
2029 2767 2124 2822 per
2160 2765 2318 2822 quam
2357 2764 2417 2808 se
2441 2766 2663 2827 pravum
2692 2760 2812 2807 esse
2831 2790 2848 2818 ,
2875 2757 2933 2807 et
2952 2765 3052 2806 nec
3073 2750 3190 2821 lege
3213 2758 3429 2820 accepta
3452 2763 3486 2804 a

1896 2857 1956 2900 se
1976 2842 2094 2913 ipso
2113 2841 2307 2913 corrigi
2336 2855 2493 2913 posse
2513 2842 2772 2908 sentiret;
2794 2856 2858 2897 ac
2885 2842 2965 2897 sie
2987 2840 3219 2911 peccatis
3238 2854 3343 2907 non
3365 2841 3482 2911 lege

1896 2935 2228 2992 cessantibus
2244 2972 2262 3004 ,
2293 2934 2388 2992 sed
2416 2933 2852 3006 praevaricatione
2871 2934 3255 3000 crescentibus,
3280 2932 3485 3004 deiecta

1897 3035 1952 3085 et
1970 3028 2199 3084 contrita
2219 3026 2467 3098 superbia
2482 3068 2498 3095 ,
2521 3025 2823 3083 humillimo
2842 3025 3005 3082 corde
3025 3024 3279 3081 auxilium
3299 3025 3484 3095 gratiae

1898 3121 2265 3191 desideraret,
2309 3131 2366 3179 et
2407 3121 2595 3192 spiritu
2633 3120 2994 3177 viviﬁcaretur
3037 3119 3210 3175 littera
3250 3118 3481 3174 oceisus.

1899 3214 1963 3271 Si
1986 3214 2120 3269 enim
2147 3213 2269 3267 data
2296 3222 2422 3269 esset
2446 3214 2530 3269 tea:
2552 3224 2667 3284 qua
2692 3220 2857 3284 posset
2884 3211 3137 3280 riviﬂcare
3153 3248 3169 3277 ,
3200 3210 3405 3265 omnino
3424 3225 3488 3264 ea:

1899 3307 2008 3379 lege
2046 3314 2173 3362 esset
2201 3305 2406 3376 justitia
2433 3319 2454 3359 :
2476 3303 2566 3360 sed
2605 3302 2850 3358 conclusit
2892 3302 3163 3372 Scriptura
3193 3300 3364 3354 omnia
3394 3299 3487 3353 sub

1900 3405 2103 3470 peccato
2121 3437 2137 3464 ,
2177 3406 2232 3451 ut
2270 3396 2535 3468 promissio
2561 3411 2623 3450 ea:
2659 3394 2762 3464 [ide
2781 3392 2816 3449 .1
2820 3410 2907 3449 esu
2930 3392 3116 3449 Christi
3143 3393 3352 3447 daretur
3373 3407 3487 3446 crc-

1898 3491 2129 3548 dentibus
2154 3489 2350 3561 (Galat.
2380 3505 2438 3546 ιιι
2461 3526 2478 3555 ,
2505 3489 2571 3545 21
2596 3528 2612 3555 ,
2637 3488 2756 3561 ﬂ),
2786 3487 2843 3544 Si
2872 3487 3032 3544 verba
3057 3485 3299 3557 Apestoli
3326 3496 3490 3557 agna-

1899 3583 2009 3643 scis
2030 3622 2046 3649 ,
2087 3582 2238 3639 vides
2272 3580 2511 3653 profecto
2526 3580 2612 3637 vel
2634 3580 2762 3652 quid
2789 3594 2895 3635 non
2920 3579 3185 3650 intelligas
3205 3619 3221 3646 ,
3252 3578 3335 3634 vel
3361 3578 3489 3649 quid

1900 3689 2025 3731 cum
2044 3673 2307 3745 intelligas
2326 3672 2584 3745 negligas.
2610 3672 2727 3728 Non
2752 3673 2910 3741 igitur
2935 3671 3023 3727 lex
3046 3711 3060 3737 ,
3083 3686 3202 3742 quae
3223 3671 3274 3725 iu
3298 3670 3490 3726 litteris

1902 3766 1998 3840 per
2024 3767 2242 3838 Moysen
2264 3765 2387 3822 data
2404 3772 2487 3823 est
2506 3804 2523 3833 ,
2549 3765 2910 3821 testimtinium
2930 3772 3015 3819 est
3036 3763 3216 3819 libera
3242 3763 3489 3818 volunta-

1907 3861 1974 3917 tis
2010 3877 2025 3916 :
2065 3874 2190 3915 nam
2224 3861 2270 3914 si
2300 3858 2576 3935 itaesset,
2608 3856 2801 3915 nonad
2823 3870 2939 3911 eam
2969 3856 3256 3927 pertineret
3287 3855 3376 3910 ille
3400 3852 3491 3925 qui

1903 3951 2062 4019 dicit,
2101 3951 2223 4007 Non
2256 3950 2392 4022 quod
2420 3948 2561 4017 velo,
2591 3950 2725 4022 facio
2750 3948 2975 4013 bonum;
2998 3949 3085 4003 sed
3109 3947 3244 4019 quod
3268 3947 3352 4002 odi
3376 3950 3490 4001 ina-

1906 4043 2047 4113 lum,
2096 4044 2190 4098 hoc
2231 4059 2327 4116 ago
2370 4041 2545 4117 (Rom.
2575 4057 2646 4097 vn
2670 4082 2686 4108 ,
2716 4042 2804 4113 15)
2829 4059 2844 4108 ;
2873 4057 3033 4112 quem
3062 4056 3158 4096 vos
3180 4044 3327 4097 certe
3353 4056 3491 4095 nona-

1905 4135 2032 4192 dum
2062 4134 2163 4191 sub
2190 4134 2393 4206 gratia,
2425 4133 2520 4190 sed
2548 4132 2724 4189 adhuc
2749 4134 2849 4189 sub
2871 4133 2988 4203 lege
3005 4144 3128 4188 esse
3146 4131 3490 4188 contenditis.

1905 4230 2015 4307 Nec
2043 4230 2157 4301 ipsa
2178 4228 2267 4305 lex
2292 4244 2427 4284 nova
2447 4268 2463 4296 ,
2487 4243 2606 4299 quae
2636 4227 2957 4297 prtedicata‘
2993 4235 3077 4283 est
3107 4242 3173 4282 ex
3210 4225 3340 4282 Sion
3373 4240 3495 4296 pro-

1906 4322 2079 4379 ditura
2098 4362 2116 4391 ,
2154 4329 2209 4377 et
2232 4320 2451 4378 verbum
2484 4319 2693 4376 Domini
2715 4336 2780 4376 ex
2802 4319 3101 4376 Jerusalem
3128 4317 3278 4390 (Isai.
3302 4333 3339 4373 ιι
3360 4354 3377 4386 ,
3398 4317 3454 4388 5)
3476 4359 3492 4386 ,

1907 4415 2050 4488 quod
2071 4416 2386 4486 intelligitur
2408 4427 2528 4470 esse
2558 4413 2901 4482 Evangelium
2922 4418 3165 4468 sanctum
3189 4428 3203 4478 ι
3235 4426 3336 4466 nec
3358 4411 3493 4481 ipsa,

1907 4509 2122 4581 inquam
2144 4548 2160 4575 ,
2204 4506 2563 4565 testimonium
2597 4515 2681 4562 est
2710 4505 2927 4570 liberte,
2955 4503 3050 4559 sed
3082 4502 3367 4559 liberandze
3397 4518 3494 4571 po-

1909 4602 2014 4656 tius
2052 4601 2354 4656 voluntatis.
2397 4599 2472 4655 lbi
2516 4598 2659 4654 enim
2696 4598 2950 4666 scriptum
2981 4604 3063 4652 est
3090 4615 3104 4651 :
3134 4595 3194 4651 Si
3220 4602 3306 4657 vos
3332 4594 3497 4651 Filius

1910 4695 2226 4759 liberaverit,
2260 4704 2378 4748 tunc
2405 4708 2516 4747 vere
2538 4690 2680 4747 liberi
2702 4690 2841 4745 eritis
2867 4689 3043 4761 (Joan.
3071 4704 3181 4755 vm,
3213 4689 3323 4750 56);
3347 4686 3498 4758 Quod

1908 4804 2017 4846 non
2063 4788 2237 4843 solum
2277 4793 2495 4858 propter
2536 4793 2750 4856 peccata
2796 4782 3063 4854 praeterita
3102 4781 3301 4838 dictum
3340 4797 3459 4838 esse
3483 4826 3497 4850 ,

1909 4898 2136 4955 quorum
2174 4880 2492 4937 remissione
2528 4878 2851 4943 liberamur,
2884 4886 3069 4933 verum
3100 4877 3259 4932 etiam
3287 4876 3503 4949 propter

1912 4975 2232 5048 adiutorium
2258 4974 2442 5045 gratia:
2462 5010 2477 5038 ,
2508 4970 2650 5042 quod
2679 4984 2747 5026 ne
2782 4976 3066 5040 peccemus
3094 4969 3417 5039 accipimus,
3450 4969 3503 5024 id

1912 5077 2030 5135 est,
2058 5067 2129 5123 ita
2155 5065 2308 5122 liberi
2340 5063 2634 5129 efﬁcimur,
2663 5062 2775 5117 Deo
2804 5070 2984 5115 nostra
3007 5059 3194 5116 itinera
3219 5061 3499 5131 dirigentc.

1916 5169 1977 5219 ut
2004 5175 2110 5217 non
2136 5158 2292 5215 nobis
2317 5156 2617 5212 dominetur
2643 5153 2819 5210 omnis
2848 5152 3100 5224 iniquitas
3123 5151 3294 5224 (Psat.
3319 5166 3501 5217 cxrin,

1917 5251 2044 5324 155)
2078 5269 2092 5306 :
2121 5249 2387 5308 dominica
2433 5255 2659 5304 testatur
2701 5246 2893 5313 oratio;
2921 5244 3011 5301 ubi
3042 5260 3146 5300 non
3172 5244 3343 5300 solum
3369 5243 3506 5298 dici-

1916 5360 2057 5411 mus,
2103 5343 2313 5398 Dimitte
2346 5339 2488 5396 nobis
2515 5339 2684 5395 debita
2725 5346 2919 5403 nostra,
2951 5344 3169 5407 propter
3207 5336 3344 5394 mala
3386 5340 3505 5407 quae

1920 5439 2181 5505 iecimus;
2219 5451 2404 5493 verum
2442 5433 2625 5499 etiam,
2654 5431 2737 5488 Ne
2762 5448 2853 5487 nos
2879 5432 3070 5504 inferas
3094 5431 3149 5485 in
3187 5431 3506 5485 loricationem

1925 5531 2138 5605 (Matth.
2166 5546 2243 5598 vi,
2277 5529 2365 5595 12,
2408 5525 2518 5600 15),
2549 5533 2769 5598 propter
2797 5524 2899 5583 hoc
2938 5525 3121 5594 utique
3150 5538 3218 5579 ne
3254 5523 3391 5577 mala
3423 5520 3505 5577 l‘a-

1923 5624 2127 5681 ciamus
2159 5641 2173 5677 :
2203 5620 2343 5676 unde
2395 5628 2448 5675 et
2476 5616 2763 5689 Apostolus
2806 5616 2954 5680 dicit,
2990 5616 3210 5671 Oramus
3237 5624 3404 5670 autem
3442 5615 3510 5686 ad

1923 5718 2110 5783 Dem;
2147 5728 2210 5772 ne
2243 5715 2365 5788 quid
2399 5713 2602 5785 faciatis
2633 5712 2757 5767 ntali
2779 5710 2848 5783 (ll
2884 5709 3001 5766 Cor.
3030 5720 3150 5778 xm,
3183 5708 3259 5783 ηε
3290 5706 3442 5778 ριὶοῦ
3465 5710 3512 5766 si

1995 5898 2009 5929 ¹
2050 5902 2194 5946 Vetus
2214 5892 2368 5946 codex
2392 5886 2537 5956 Port.,
2565 5887 2820 5957 prwdicta.
