3994 6476
567 377 708 435 1555

565 491 640 546 ita
667 500 813 547 esset
855 488 908 544 in
939 495 1220 558 potestate,
1251 486 1518 558 quomodo
1547 487 1644 541 l’uit
1682 497 1804 540 ante
1835 494 2106 556 peccatum
2127 525 2144 549 ,

563 580 873 652 priusquam
908 588 1050 634 esset
1079 588 1262 633 natura
1307 578 1532 632 humana
1567 577 1782 638 vitiata;
1823 591 1926 630 non
1966 575 2149 644 utique

561 681 872 743 posceretur
913 671 1134 736 orando,
1171 671 1263 726 sed
1290 671 1492 741 agendo
1522 671 1694 740 potius
1733 678 2020 724 teneretur.
2055 668 2150 722 Ve-

561 777 683 819 rum
711 764 962 833 quoniam
993 771 1111 832 post
1139 762 1412 832 pristinam
1443 763 1648 816 ruinam
1681 771 1785 815 tam
1816 775 2054 830 gravem,
2094 768 2148 813 ut

559 853 614 909 in
644 853 800 924 hujus
825 853 1160 908 mortalitatis
1189 853 1456 907 miseriam
1483 852 1815 916 caderemus,
1835 851 1979 920 prius
2012 851 2148 905 Deus

558 957 766 1002 certare
788 962 884 1000 nos
901 947 1097 1011 voluit,
1126 946 1333 1000 donans
1354 947 1506 1000 nobis
1535 953 1592 1000 ut
1619 945 1735 1015 ejus
1754 959 1974 1015 agantur
1991 944 2007 975 ¹
2030 943 2149 1014 Spi-

558 1039 699 1104 ritu,
732 1046 788 1094 et
822 1038 1204 1093 mortiﬁcemus
1231 1053 1392 1108 opera
1419 1039 1625 1101 carnis,
1660 1046 1819 1107 atque
1843 1039 1958 1108 ipso
1987 1035 2147 1091 dante

557 1129 835 1184 victoriam
864 1145 958 1199 per
978 1131 1256 1184 Dominum
1284 1139 1523 1184 nostrum
1548 1128 1727 1184 Jesum
1752 1127 2019 1184 Christum
2044 1169 2060 1194 ,
2094 1125 2168 1181 in'

559 1229 757 1276 aeterna
787 1236 909 1276 cum
940 1221 1032 1276 illo
1058 1231 1240 1291 postea
1270 1236 1399 1290 pace
1429 1235 1748 1291 regnemus;
1775 1218 2016 1289 profecto
2045 1218 2145 1272 nisi

561 1311 702 1368 Deus
742 1312 910 1377 adsit,
946 1329 1105 1369 nemo
1139 1322 1221 1368 est
1249 1313 1471 1368 idoneus
1506 1323 1713 1368 certare
1733 1328 1851 1368 cum
1874 1313 2014 1366 vitiis
2040 1331 2051 1366 :
2076 1327 2144 1366 ne

558 1405 677 1460 sine
695 1406 989 1462 certamine
1014 1407 1352 1475 pertrahatur
1370 1407 1437 1460 ab
1457 1407 1534 1460 eis
1550 1448 1564 1470 ,
1595 1415 1686 1460 aut
1712 1422 1777 1460 ne
1798 1406 1907 1476 jam
1931 1413 2146 1460 certans

560 1498 613 1552 in
665 1498 780 1568 ipsa
818 1515 1002 1554 eorum
1040 1498 1435 1554 conflictatione.
1475 1499 1734 1552 vincatur.
1783 1497 1906 1553 Ideo
1946 1497 1999 1552 in
2045 1497 2147 1552 hoc

560 1608 729 1664 agone
776 1594 942 1664 magis
989 1607 1086 1646 nos
1130 1593 1270 1646 Deus
1315 1593 1480 1646 voluit
1529 1592 1858 1647 orationibus
1895 1599 2142 1658 certare,

559 1698 716 1753 quam
748 1683 981 1748 viribus;
1013 1683 1134 1753 quia
1161 1692 1214 1737 et
1242 1683 1382 1752 ipsas
1410 1683 1569 1749 vires,
1593 1691 1818 1752 quantas
1843 1682 1928 1737 hic
1949 1682 2147 1736 habere

561 1791 658 1830 nos
704 1776 988 1846 competit,
1032 1777 1146 1846 ipse
1189 1776 1556 1831 subministrat
1591 1775 1948 1842 certantibus,
1987 1790 2144 1845 quem

561 1884 829 1939 rogamus.
860 1869 915 1924 Si
943 1884 1070 1939 ergo
1099 1869 1180 1936 hi,
1212 1885 1436 1938 quorum
1465 1877 1651 1923 contra
1668 1883 1884 1922 carnem
1903 1869 2012 1936 jam
2034 1868 2145 1937 spi-

559 1964 693 2018 ritus
714 1963 1076 2033 concupiscit,
1109 1963 1174 2017 ad
1203 1972 1353 2017 actus
1381 1963 1619 2032 singulos
1649 1962 1883 2030 indigent
1905 1961 1996 2015 Dei
2021 1976 2145 2031 gra-

561 2056 632 2111 tia
657 2098 672 2121 ,
717 2071 785 2111 ne
817 2057 1098 2110 vincantur
1123 2073 1136 2109 :
1169 2057 1379 2126 qualem
1407 2055 1707 2111 libertatem
1733 2055 2022 2108 voluntatis
2048 2053 2144 2108 ha-

560 2147 690 2203 bere
713 2158 936 2218 possunt
959 2191 973 2214 ,
997 2150 1087 2219 qui
1114 2148 1347 2203 nondum
1368 2147 1436 2202 de
1457 2155 1718 2216 potestate
1739 2147 1876 2201 eruti
1903 2146 2146 2201 tenebra-

560 2257 716 2308 rum,
760 2241 1068 2296 dominante
1112 2242 1414 2312 iniquitate,
1458 2255 1560 2296 nec
1594 2249 1800 2295 certare
1833 2248 2144 2309 coeperunt;

559 2341 651 2386 aut
689 2332 734 2386 si
763 2342 968 2388 certare
999 2334 1308 2398 voluerunt,
1337 2331 1572 2387 nondum
1599 2331 1837 2387 liberata:
1861 2331 2148 2388 voluntatis

558 2424 817 2479 servitute
848 2425 1168 2479 vincuntur?

631 2514 772 2569 XVI.
802 2514 920 2570 JUL.
952 2515 1146 2572 Nescio
1167 2530 1325 2583 sane,
1357 2525 1534 2571 utrum
1555 2515 1644 2572 hic
1665 2516 1774 2587 jam
1795 2526 2010 2573 coactus
2031 2518 2148 2573 ino-

560 2591 678 2677 pia,
723 2614 829 2661 tam
859 2609 1129 2677 ineptum,
1162 2617 1268 2662 tam
1299 2609 1618 2664 imbecillum
1645 2610 1842 2680 aliquid
1869 2611 2106 2667 moliaris
2127 2653 2143 2678 ,

561 2708 620 2754 ut
662 2698 846 2765 dicas,
897 2701 1057 2755 nullis
1103 2711 1153 2756 te
1189 2701 1402 2771 quidem
1444 2703 1740 2759 rationibus
1767 2705 1962 2761 docere
1991 2720 2147 2776 posse

559 2791 729 2846 Adam
757 2791 952 2847 bonum
983 2809 1013 2848 a
1040 2794 1148 2849 Deo
1169 2795 1468 2862 conditum,
1496 2797 1590 2852 sed
1610 2797 1675 2852 ad
1698 2797 1800 2854 hoc
1820 2799 2145 2855 credendum

559 2889 671 2943 sola
711 2903 830 2945 esse
869 2889 1111 2946 lectionis
1153 2895 1466 2950 auctoritate
1507 2902 1815 2950 contentum
1839 2937 1855 2961 ,
1901 2910 2002 2965 qua
2030 2904 2150 2965 post

559 2981 843 3034 formatqu
889 2981 1160 3038 hominem
1207 2994 1360 3039 sexto
1398 2986 1509 3055 jam
1556 2986 1645 3042 die
1689 2988 2044 3041 communiter
2081 2985 2147 3041 de

558 3073 806 3128 omnibus
843 3077 1102 3130 creaturis
1131 3076 1361 3132 refertur
1379 3119 1394 3142 ,
1439 3077 1505 3133 Et
1531 3079 1652 3132 uidit
1681 3079 1816 3132 Deus
1840 3080 2010 3132 omnia
2036 3095 2148 3148 qua:

559 3167 710 3236 fecit,
760 3177 809 3222 et
847 3183 960 3221 ecce
1001 3168 1131 3222 bona
1164 3169 1309 3223 valde
1333 3168 1483 3240 (Gen.
1512 3186 1528 3225 ι
1553 3213 1567 3235 ,
1598 3170 1711 3245 Si).
1738 3171 1888 3238 Quod
1916 3186 2019 3227 non
2051 3186 2147 3240 pro

462 3288 483 3304 ο
558 3257 766 3327 Opiticis
802 3258 1060 3328 dignitate
1082 3302 1096 3326 ,
1134 3275 1238 3314 non
1271 3276 1366 3330 pro
1395 3263 1722 3331 appensione
1751 3263 1866 3333 ejus
1889 3263 2144 3332 justitiaa,

558 3348 651 3403 sed
682 3366 777 3420 pro
797 3351 1102 3405 testimonio
1121 3367 1271 3430 ‘quo
1295 3354 1648 3408 communiter
1666 3370 1783 3423 quae
1803 3364 1981 3409 creata
2002 3364 2144 3422 sunt,

557 3442 696 3499 bene
737 3443 874 3500 facta
920 3445 1208 3510 dicuntur,
1257 3446 1426 3501 Adam
1471 3462 1685 3518 quoque
1732 3447 1868 3502 haud
1909 3449 2145 3518 iniquum

557 3536 787 3590 aestimes
822 3535 1144 3590 institutum.
1187 3538 1353 3592 Porro
1383 3538 1505 3592 licet
1533 3537 1636 3592 hoc
1664 3537 2012 3593 Manichaeum
2039 3549 2145 3593 tam

558 3627 746 3682 leviter
781 3628 985 3697 pulset,
1029 3639 1085 3684 ut
1127 3629 1297 3683 rideat
1329 3631 1350 3661 ²
1385 3649 1397 3684 :
1427 3630 1820 3685 Tradneianum
1851 3641 2025 3686 tamen
2056 3647 2146 3687 re-

554 3717 789 3772 vinctum
821 3719 1043 3788 exponit
1068 3719 1242 3773 nobis.
1275 3719 1345 3775 Ut
1372 3720 1516 3776 enim
1546 3721 1691 3776 nullo
1721 3722 2146 3777 testimoniorum

557 3809 859 3866 divinorum
899 3812 956 3866 in
985 3813 1122 3867 hanc
1151 3827 1263 3868 rem
1291 3814 1517 3883 populos
1541 3829 1923 3885 congregemus
1955 3834 1968 3870 ε
2001 3815 2150 3886 Apo-

557 3907 679 3961 stoli
707 3907 872 3961 solius
895 3908 1209 3963 auctoritate
1234 3910 1627 3978 przescribimus
1647 3951 1662 3978 ,
1695 3912 1786 3982 qui
1809 3927 1930 3967 cum
1952 3912 2148 3967 ftedum

559 3997 881 4068 praevideret
907 4014 1146 4055 errorem
1166 4043 1181 4066 ,
1211 4002 1359 4057 celso
1380 4003 1660 4058 adversum
1682 4020 1780 4060 vos
1799 4020 1891 4060 ore
1911 4006 2151 4062 detonuit

559 4089 742 4145 dicens
761 4132 776 4157 ,
823 4091 1074 4159 Quoniam
1109 4095 1270 4148 omnis
1305 4105 1537 4149 creatura
1568 4096 1659 4150 Dei
1683 4096 1812 4151 bona
1842 4107 1913 4152 est
1940 4097 1986 4169 (l
2011 4097 2146 4152 Tim.

560 4197 612 4236 tv
635 4221 654 4248 ,
689 4181 768 4253 4).
805 4182 862 4238 Si
897 4198 1025 4254 ergo
1053 4184 1120 4239 ad
1150 4185 1483 4254 probandum
1513 4188 1666 4242 bonae
1695 4197 1896 4244 naturae
1923 4192 2150 4260 primum

561 4271 836 4328 hominem
880 4273 1044 4330 fuisse
1087 4275 1407 4341 formatum,
1459 4277 1655 4334 sullicit
1700 4278 1803 4334 hoc
1849 4281 1988 4351 quod
2026 4281 2152 4337 dicit

562 4362 774 4435 Moyses
799 4405 814 4430 ,
840 4368 1087 4421 universa
1123 4367 1285 4422 Deum
1311 4368 1448 4424 bene
1466 4370 1768 4426 condidisse
1791 4413 1806 4437 ,
1830 4387 2030 4444 perque
2049 4373 2152 4430 hoc

561 4465 618 4512 tu
645 4473 765 4513 cum
791 4468 1010 4528 peccato
1038 4461 1207 4515 creari
1237 4478 1265 4514 a
1295 4463 1407 4518 Deo
1438 4463 1604 4518 Adam
1626 4480 1734 4519 non
1764 4467 1999 4536 potuisse
2019 4483 2150 4523 con-

562 4551 774 4617 tendis,
813 4554 936 4623 quia
973 4553 1145 4610 bonus
1185 4556 1325 4611 inter
1359 4558 1559 4629 reliqua
1598 4559 1791 4630 legitur
1830 4561 2100 4617 institutus
2134 4582 2148 4620 :

563 4642 752 4698 iisdem
794 4644 945 4702 lineis
986 4648 1312 4715 referemus,
1355 4666 1449 4720 per
1488 4651 1589 4706 hoc
1623 4653 1823 4707 nullum
1849 4669 2150 4725 possecum

567 4747 786 4807 peccato
822 4741 1005 4808 nasci,
1047 4741 1298 4811 quoniam
1326 4743 1394 4798 ab
1423 4745 1680 4814 Apostolo
1706 4747 1882 4801 omnis
1909 4757 2152 4802 creatura

498 4865 504 4871 ο
564 4829 661 4883 Dei
695 4829 833 4884 bona
864 4845 984 4887 esse
1011 4832 1333 4889 defenditur.
1361 4836 1498 4904 Quid
1527 4854 1654 4907 ergo
1675 4837 1759 4893 his
1778 4839 2152 4910 disputationi-

564 4922 663 4977 bus
692 4932 868 4978 actum
894 4928 1016 4980 est?
1036 4925 1330 4995 Videlicet,
1363 4938 1421 4983 ut
1445 4930 1494 4984 id
1519 4931 1658 5000 quod
1684 4933 1820 4987 ratio
1847 4933 2151 5004 indagarat,

565 5015 712 5084 optio
733 5031 946 5087 quoque
970 5017 1151 5073 indicti
1175 5020 1314 5075 inter
1341 5032 1391 5076 te
1413 5029 1468 5077 et
1495 5022 1839 5079 Manichaaum
1869 5027 2037 5096 prtelii
2061 5045 2154 5096 pu—

566 5108 790 5164 blicaret
814 5127 828 5163 :
860 5118 917 5164 ut
941 5125 1060 5165 cum
1093 5112 1366 5182 proposito
1394 5117 1683 5171 certamine
1709 5133 1776 5172 ne
1806 5133 1967 5172 unum
1991 5118 2012 5149 ³
2037 5119 2155 5188 qui-

567 5199 688 5255 dem
717 5200 879 5256 telum
907 5201 1024 5256 sine
1046 5210 1131 5256 tua
1158 5199 1392 5272 pernicie
1414 5205 1464 5259 in
1489 5216 1869 5278 praeceptorem
1899 5217 2045 5263 tuum
2073 5209 2155 5263 vi-

568 5297 723 5351 brare
747 5295 770 5328 ⁸
801 5311 1022 5367 posses;
1063 5297 1232 5351 multo
1271 5297 1702 5356 manifestissime
1731 5301 1992 5358 reluceret
2015 5345 2030 5369 ,
2060 5319 2156 5358 vos

565 5399 621 5442 et
639 5387 962 5444 Manichaeos
987 5389 1041 5443 in
1064 5405 1224 5444 unum
1254 5390 1544 5460 impietatis
1564 5407 1757 5464 corpus
1779 5393 2008 5450 obscena
2032 5410 2158 5450 coa-

568 5477 732 5535 luisse
755 5480 1061 5537 concordia.
1083 5481 1221 5550 Quid
1247 5481 1388 5536 enim
1415 5493 1590 5554 potest
1618 5499 1738 5540 esse
1761 5494 1865 5539 tam
1886 5486 2152 5556 junctum,

636 5657 656 5726 ξ
693 5656 846 5726 editi,
890 5671 1104 5726 agamus.
1159 5667 1337 5726 omnes
1382 5671 1503 5710 vero
1555 5663 1887 5726 manuscripti,
1933 5674 2154 5726 agturtur.

633 5721 654 5752 ³
684 5720 757 5768 sic
781 5729 882 5769 Mss.
921 5720 974 5771 λι
994 5721 1126 5782 editi,
1162 5723 1347 5772 redeat.

635 5783 656 5845 ξ
687 5782 976 5845 vignierius,
1001 5783 1168 5835 ullum.
1195 5791 1251 5836 At
1274 5792 1362 5836 MSS
1385 5820 1399 5845 ,
1425 5797 1588 5836 unum.

633 5843 658 5879 δ
690 5843 816 5906 5188.,
843 5843 1035 5896 librare.

1235 372 1479 429 OPERIS
1519 369 1926 428 IMPERFECTI
1962 367 2238 426 CONTRA
2274 367 2633 438 JULIANUM,
2673 371 2731 428 S.
2772 369 3135 428 AUGUSTINI

3717 365 3846 425 1556

2256 498 2414 553 quam
2481 485 2622 554 quod
2683 501 2782 540 nec
2834 486 3200 540 discriminum
3256 493 3534 556 separatur
3589 484 3844 540 incursu?

2254 574 2408 630 Omni
2448 577 2610 632 exitio
2647 578 2920 634 Manichaei
2945 620 2961 644 ,
2991 579 3443 634 Traducianorum
3478 579 3674 650 dogma
3703 594 3848 633 com-

2255 669 2478 723 moritur
2516 688 2530 724 :
2561 669 2688 724 nihil
2715 681 2797 725 est
2825 671 2966 740 quod
2998 672 3145 725 illum
3172 670 3366 737 feriat,
3394 682 3449 726 et
3476 681 3526 726 te
3560 672 3840 740 relinquat.

2255 759 2373 816 Una
2395 763 2544 817 vobis
2570 774 2694 818 sunt
2719 765 2955 818 instituta
2981 806 2996 829 ,
3023 780 3123 819 una
3154 765 3441 836 mysteria,
3473 780 3686 836 unaque
3712 766 3846 834 peri-

2254 851 2371 906 cula
2395 869 2408 906 :
2442 862 2497 907 et
2522 854 2974 911 substomacharis
2996 897 3012 922 ,
3045 855 3092 910 si
3112 856 3257 911 senis
3279 854 3447 910 Manis
3470 854 3690 910 soboles
3711 872 3844 910 nun-

2253 957 2448 1013 cupere
2467 943 2490 997 ?

2324 1037 2460 1092 Auc.
2503 1038 2577 1091 lta
2617 1039 2750 1094 dicis
2790 1054 2877 1095 me
2918 1040 3078 1095 nullis
3105 1041 3401 1096 rationibus
3428 1040 3622 1096 docere
3653 1054 3841 1110 posse.

2252 1129 2420 1183 Adam
2452 1130 2648 1185 bonum
2677 1148 2705 1185 a
2729 1133 2839 1188 Deo
2859 1133 3128 1188 conditum
3152 1175 3167 1200 ,
3197 1135 3345 1206 quasi
3369 1143 3544 1189 tecum
3566 1133 3697 1190 inde
3719 1149 3843 1190 con-

2253 1218 2450 1290 ﬂigam.
2492 1221 2677 1278 Nonne
2706 1225 2902 1279 bonum
2929 1226 3200 1281 conditum
3227 1227 3394 1282 Adam
3417 1269 3431 1293 ,
3463 1243 3570 1282 non
3598 1243 3705 1298 ego
3735 1236 3842 1282 tan-

2254 1320 2395 1378 tum,
2438 1330 2536 1370 nec
2578 1324 2662 1383 tu,
2707 1317 2801 1371 sed
2840 1317 3000 1372 ambo
3043 1319 3311 1375 dicimus?
3339 1321 3512 1374 Ambo
3540 1322 3690 1376 enim
3724 1321 3843 1375 dici-

2252 1419 2370 1459 mus
2409 1405 2600 1460 bonam
2634 1423 2752 1463 esse
2788 1418 3028 1465 naturam
3051 1452 3065 1476 ,
3097 1427 3216 1481 quae
3242 1420 3424 1480 posset
3449 1427 3554 1465 non
3582 1427 3837 1482 peccare,

2252 1496 2298 1549 si
2340 1497 2505 1552 nollet
2537 1515 2551 1550 :
2583 1499 2678 1554 sed
2705 1515 2825 1554 cum
2852 1517 2951 1572 ego
2979 1517 3095 1558 eam
3121 1503 3396 1558 meliorem
3422 1519 3663 1558 asseram
3692 1521 3839 1574 quam

2254 1595 2307 1641 tu
2330 1628 2344 1651 ,
2391 1589 2640 1656 quoniam
2680 1590 2798 1646 dico
2833 1593 2993 1648 etiam
3034 1609 3152 1649 eam
3179 1595 3314 1649 mori
3344 1611 3450 1649 non
3488 1596 3768 1665 potuisse,
3799 1597 3838 1650 si

2252 1693 2476 1749 peccare
2503 1681 2798 1748 noluisset;
2831 1684 2956 1753 quid
2983 1694 3096 1752 est,
3130 1686 3272 1755 quod
3297 1686 3463 1754 dicis,
3497 1687 3662 1742 nullis
3683 1688 3838 1742 ratio-

2254 1770 2409 1825 nibus
2434 1787 2463 1825 a
2491 1787 2576 1827 me
2605 1773 2787 1828 doceri
2817 1791 2975 1846 posse
2997 1819 3012 1842 ,
3045 1777 3215 1832 Adam
3243 1779 3442 1833 bonum
3468 1795 3497 1833 a
3526 1781 3640 1834 Deo
3666 1783 3840 1836 condi-

2255 1870 2364 1916 tum
2387 1903 2403 1929 ,
2451 1879 2572 1918 eum
2612 1867 2909 1922 rationibus
2953 1871 3086 1926 meis
3125 1872 3294 1942 magis
3330 1873 3502 1928 bonus
3531 1875 3840 1931 ostendatur

2252 1969 2372 2009 esse
2409 1971 2566 2025 quam
2614 1958 2762 2013 tuis?
2789 1959 2920 2015 Meis
2948 1962 3141 2032 quippe
3167 1963 3466 2020 ostenditur
3489 2007 3503 2031 ,
3532 1980 3643 2020 non
3673 1967 3838 2023 solum

2254 2049 2489 2117 potuisse
2513 2066 2617 2104 non
2649 2066 2900 2121 peccare,
2933 2054 2978 2108 si
3007 2056 3171 2110 nollet
3195 2074 3209 2122 ;
3233 2056 3325 2112 sed
3348 2073 3448 2112 nec
3473 2059 3632 2125 mori,
3659 2060 3704 2113 si
3729 2076 3839 2129 pec-

2253 2152 2376 2194 care
2408 2141 2667 2197 noluisset
2696 2161 2708 2198 :
2742 2146 2845 2199 tuis
2870 2155 3081 2214 autem,
3106 2148 3179 2202 ita
3208 2150 3488 2205 mortalem
3519 2135 3762 2219 factum,
3790 2161 3840 2208 ut

2254 2230 2366 2286 sive
2411 2242 2692 2301 peccaret,
2734 2236 2845 2291 sive
2886 2254 2992 2293 non
3033 2249 3316 2309 peccaret,
3358 2243 3656 2299 moriturus
3685 2255 3834 2301 esset.

2214 2321 2405 2389 κρυοά
2454 2325 2505 2378 in
2553 2327 2841 2396 episcopali
2881 2329 3084 2400 judicio
3124 2331 3435 2400 Palaestino,
3469 2350 3592 2390 cum
3633 2335 3836 2407 Pelagio

2255 2413 2442 2469 fuisset
2490 2415 2756 2486 objectum
2787 2461 2803 2486 ,
2853 2437 2918 2476 ne
2964 2421 3306 2479 damnaretur
3337 2466 3352 2491 ,
3407 2427 3521 2497 ipse
3575 2427 3838 2485 damnavit

2254 2505 2359 2577 (De
2401 2505 2564 2563 Gestis
2605 2509 2834 2582 Pelagii,
2869 2530 2958 2569 nn.
2993 2515 3096 2581 24,
3123 2517 3213 2582 57,
3243 2515 3370 2587 60);
3400 2528 3454 2572 et
3480 2530 3564 2573 est
3590 2519 3835 2576 a'semet-

2254 2597 2371 2668 ipso
2399 2600 2680 2657 damnatus
2705 2645 2720 2670 ,
2751 2605 2891 2673 quod
2930 2607 2996 2662 de
3018 2608 3232 2664 homine
3263 2609 3514 2666 hatretico
3543 2612 3679 2668 dicit
3700 2615 3835 2685 Apo~

2253 2691 2424 2746 stolus
2467 2691 2593 2762 (Tit.
2639 2711 2725 2762 tu,
2779 2697 2874 2763 10,
2918 2698 3029 2769 ll).
3074 2699 3202 2755 Dico
3233 2702 3432 2769 etiam,
3462 2719 3569 2758 non
3602 2705 3836 2762 timuisse

2253 2783 2422 2838 Adam
2449 2796 2677 2841 mortem
2696 2830 2710 2853 ,
2753 2789 2804 2842 in
2835 2789 2987 2860 cujus
3011 2801 3126 2845 erat
3151 2803 3408 2862 potestate
3437 2811 3542 2849 non
3575 2797 3719 2850 mori
3746 2815 3758 2850 :
3787 2807 3835 2852 tu

2253 2883 2430 2929 autem
2477 2879 2851 2933 necessitatem
2893 2880 3144 2937 habuisse
3183 2885 3482 2952 moriendi,
3523 2887 3692 2941 etiam
3734 2890 3834 2943 sine

2253 2967 2361 3022 ulla
2404 2973 2721 3027 necessitate
2764 2973 3036 3042 peccandi.
3085 2974 3255 3043 Quem
3305 2979 3348 3032 si
3388 2978 3589 3034 dixeris
3618 2990 3834 3036 mortem

2254 3061 2498 3117 timuisse
2536 3066 2695 3119 etiam
2736 3078 2859 3121 ante
2896 3077 3169 3138 peccatum
3191 3113 3206 3137 ,
3239 3071 3364 3141 quid
3391 3072 3524 3128 dicis
3551 3076 3658 3130 nisi
3686 3076 3835 3131 mise-

2252 3165 2371 3215 nun
2415 3157 2693 3210 creatum?
2740 3155 2795 3212 Si
2837 3168 3013 3214 autem
3063 3176 3130 3216 ne
3172 3162 3337 3218 miser
3369 3175 3542 3230 esset,
3575 3177 3835 3236 mortem,

2254 3245 2500 3314 quamvis
2525 3246 2752 3302 futuram
2775 3291 2790 3316 ,
2815 3267 2920 3305 non
2949 3261 3122 3307 tamen
3149 3255 3360 3322 timuit;
3383 3267 3528 3314 certe
3549 3275 3704 3314 suam
3731 3277 3837 3331 pro-

2256 3336 2399 3406 lem,
2447 3341 2533 3394 cui
2581 3341 2826 3398 timorem
2867 3347 3053 3400 mortis
3093 3352 3416 3418 congenuit,
3461 3354 3651 3421 procul
3691 3354 3837 3410 dubio

2254 3431 2504 3486 miseram
2548 3435 2749 3504 genuit.
2789 3435 2919 3505 Quis
2955 3439 3096 3494 enim
3147 3450 3306 3510 neget
3328 3485 3342 3506 .
3375 3445 3447 3499 ita
3476 3447 3725 3502 homines
3749 3463 3837 3502 na-

2255 3529 2373 3576 tura
2423 3534 2651 3579 mortem
2706 3526 2928 3594 timere,
2980 3538 3038 3583 ttt
3085 3545 3203 3586 eam
3258 3535 3546 3590 nonnullos
3592 3536 3686 3592 vix
3731 3553 3838 3592 rara

2254 3615 2419 3669 animi
2445 3617 2776 3687 'magnitudo
2815 3618 2974 3676 faciat
3023 3638 3127 3677 non
3178 3623 3407 3681 timere?
3447 3626 3692 3698 Itemque
3715 3631 3839 3686 addo

2256 3722 2357 3778 ego
2395 3709 2463 3764 ad
2498 3711 2790 3767 bonitatem
2827 3713 3148 3772 conditionis
3173 3717 3303 3772 Adze
3324 3761 3339 3785 ,
3375 3721 3516 3790 quod
3550 3723 3603 3776 in
3634 3738 3702 3777 eo
3727 3738 3839 3779 caro

2255 3802 2513 3858 adversus
2538 3805 2782 3876 spiritum
2811 3822 2916 3862 non
2943 3811 3355 3882 concupiscebat
3382 3821 3505 3868 ante
3531 3825 3837 3883 peccatum:

2257 3903 2314 3949 tu
2356 3907 2533 3951 autem
2556 3938 2572 3964 ,
2617 3898 2707 3968 qui
2751 3899 2913 3955 talem
2949 3900 3084 3956 dicis
3117 3903 3294 3958 carnis
3317 3907 3839 3975 concupiscentiam,

2256 3989 2429 4058 qualis
2459 4006 2599 4046 nunc
2625 3999 2709 4047 est
2731 4035 2745 4058 ,
2779 3993 2830 4048 in
2863 3995 3110 4064 paradiso
3133 3996 3362 4052 futuram
3388 3998 3554 4054 fuisse
3574 4041 3592 4068 ,
3624 4002 3670 4055 si
3694 4018 3840 4057 nemo

2259 4091 2534 4152 peccasset
2557 4127 2572 4153 ,
2604 4085 2869 4156 talemque
2898 4087 2951 4140 in
2977 4088 3068 4143 illo
3098 4088 3263 4145 fuisse
3293 4099 3348 4146 et
3373 4092 3520 4161 prius
3542 4109 3702 4163 quam
3723 4109 3839 4164 pec-

2257 4182 2443 4239 caret;
2487 4173 2638 4230 addis
2681 4176 2797 4247 ejus
2836 4178 3129 4234 conditioni
3167 4190 3222 4236 et
3262 4181 3418 4237 istam
3455 4184 3728 4240 miseriam
3757 4201 3845 4254 per

2257 4265 2476 4334 spiritus
2498 4267 2782 4338 carnisque
2801 4268 3146 4326 discordiam.
3173 4271 3306 4327 Cum
3330 4289 3458 4345 ergo
3481 4283 3559 4329 tot
3589 4277 3844 4346 tantisque

2258 4356 2554 4412 rationibus
2599 4358 2766 4413 Adam
2813 4359 3088 4417 meliorem
3113 4404 3129 4429 ,
3177 4379 3336 4434 quam
3375 4376 3430 4420 tu
3455 4382 3580 4420 eum
3607 4367 3765 4433 dicis,
3792 4377 3844 4423 et

2260 4447 2550 4505 feliciorem
2595 4453 2864 4507 conditum
2903 4455 3222 4521 ostendam;
3269 4458 3394 4528 quid
3441 4459 3535 4512 tibi
3578 4460 3745 4514 visum
3765 4469 3844 4514 est

2259 4549 2404 4595 tanta
2449 4543 2697 4598 vecordia
2731 4544 2962 4602 delirare
2985 4587 3002 4615 ,
3042 4558 3101 4601 ut
3126 4547 3334 4603 diceres
3355 4590 3370 4614 ,
3400 4551 3556 4605 nullis
3585 4568 3664 4604 me
3691 4553 3844 4603 ratio-

2259 4634 2404 4702 nibus
2431 4634 2608 4690 docere
2637 4653 2812 4707 posse,
2841 4639 3004 4692 Adam
3031 4640 3217 4694 bonum
3254 4659 3284 4694 a
3317 4641 3422 4695 Dea
3451 4643 3733 4706 conditum,
3763 4643 3847 4696 sed

2259 4727 2328 4779 ad
2352 4727 2444 4780 hoc
2470 4728 2771 4783 credendum
2800 4731 2909 4785 sola
2933 4749 3036 4786 esse
3062 4735 3360 4786 auctoritate
3389 4734 3616 4788 lectionis
3645 4746 3845 4789 conten-

2262 4826 2366 4872 tum
2386 4861 2400 4887 ,
2436 4820 2555 4890 quia
2577 4821 2818 4891 scriptum
2855 4833 2963 4889 est,
2996 4825 3173 4894 fecisse
3205 4823 3364 4878 Deum
3389 4826 3561 4879 omnia
3591 4827 3716 4880 bona
3741 4828 3846 4880 van

2261 4910 2324 4963 de
2343 4913 2368 4964 ἔ)
2406 4909 2522 4965 Νοιι
2566 4927 2730 4982 usque
2756 4913 2890 4969 adeo
2930 4931 3044 4969 sum
3081 4916 3280 4986 pistillo
3303 4960 3320 4984 ,
3351 4919 3486 4973 sicut
3516 4919 3844 4982 conviciaris,

2261 5001 2542 5057 obtunsior
2587 5004 2819 5076 (Supra,
2863 5006 2951 5061 lib.
2993 5007 3063 5073 2,
3113 5025 3228 5079 cap.
3267 5010 3394 5082 117)
3421 5054 3435 5078 ,
3480 5021 3539 5066 ut
3565 5011 3848 5066 Manicha‘o

2262 5093 2628 5165 redarguendo
2684 5097 2806 5151 libri
2863 5099 3016 5169 hujus
3074 5101 3235 5155 divini
3287 5103 3697 5171 auctoritatem,
3747 5118 3851 5174 qua

2262 5204 2368 5243 non
2402 5199 2612 5244 tenetur
2633 5233 2648 5257 ,
2677 5192 2945 5262 objiciam.
2973 5193 3091 5249 Tibi
3119 5195 3255 5251 hanc
3279 5197 3499 5267 objicio,
3532 5197 3741 5268 quando
3764 5211 3852 5251 res

2265 5284 2514 5353 postulat,
2548 5290 2796 5355 quoniam
2830 5286 2957 5341 mihi
2987 5288 3186 5360 tibique
3216 5291 3519 5344 communis
3545 5299 3646 5345 est.
3682 5289 3854 5344 Mani-

2264 5375 2468 5429 clueum
2491 5392 2620 5432 vero
2646 5393 2751 5431 non
2781 5377 2847 5433 de
2886 5379 3099 5450 opificio
3147 5381 3261 5446 Dei,
3317 5381 3458 5452 quod
3517 5383 3630 5453 ipse
3674 5391 3850 5452 negat,

2267 5478 2538 5524 creaturas
2565 5470 2694 5526 istas
2721 5473 2888 5528 bonas
2926 5489 3047 5529 esse
3088 5475 3384 5540 convinco;
3418 5475 3510 5530 sed
3543 5475 3608 5531 de
3640 5476 3852 5530 illarum

2268 5562 2504 5618 bonitate
2534 5565 2708 5633 potius
2729 5567 3012 5636 compello,
3037 5568 3235 5624 bonum
3261 5584 3352 5624 eas
3382 5569 3580 5626 habere
3605 5568 3853 5640 opificem

2268 5657 2530 5713 confiteri.
2555 5658 2707 5726 Quod
2737 5669 2910 5716 autem
2936 5661 3010 5716 ait
3053 5663 3358 5733 Apostolus,
3389 5680 3547 5736 quem
3592 5680 3650 5721 se
3689 5664 3858 5718 Mani-

2269 5750 2401 5805 clitei
2431 5750 2675 5821 accipere
2720 5754 3053 5822 profitentur,
3091 5755 3269 5811 Omnis
3317 5768 3548 5812 creatura
3589 5757 3682 5811 Dei
3723 5758 3861 5808 bona

2275 5853 2347 5898 est
2366 5860 2384 5909 ;
2407 5843 2656 5914 quoniam
2683 5845 2751 5902 de
2772 5863 2874 5917 qua
2897 5858 3143 5906 creatura
3159 5849 3466 5921 loqueretur
3481 5861 3720 5922 apertum
3740 5857 3859 5913 est,
