3994 6514
180 497 322 557 153Ὶ

177 611 414 666 validum
454 617 598 666 esset
618 607 873 665 adversus
905 621 1000 664 eos
1042 605 1423 673 testimonium,
1466 605 1569 660 nisi
1606 606 1766 662 etiam

179 700 360 758 Libris
409 700 703 768 canonicis,
762 714 896 771 quos
946 698 1216 770 accipiunt
1240 740 1254 765 ,
1306 696 1561 767 quasdam
1611 696 1770 752 falsas

176 794 475 850 sententias
512 792 805 863 permixtas
833 805 954 847 esse
980 788 1385 846 contenderent.
1413 790 1492 845 Ac
1539 804 1635 859 per
1668 788 1771 845 hoc

176 884 240 940 de
266 884 509 940 bonitate
536 893 898 940 creaturarum
923 897 1137 952 semper
1164 890 1288 936 sunt
1325 879 1570 951 urgendi,
1595 889 1651 934 ut
1674 894 1769 936 ea-

174 993 294 1034 rum
321 978 522 1033 bonum
553 977 740 1044 Deum,
769 975 911 1048 quod
937 984 1150 1046 negant,
1183 973 1448 1029 fateantur
1471 983 1768 1029 auctorem.

179 1069 351 1125 Porro
365 1080 627 1124 creatura:
656 1081 844 1123 omnes
869 1068 942 1122 ita
972 1078 1093 1122 sunt
1116 1066 1291 1134 bonae,
1324 1068 1566 1121 utetiam
1604 1065 1767 1134 ipsas,

176 1176 295 1230 qua:
329 1175 452 1215 cum
471 1160 613 1214 vitiis
637 1170 910 1225 creantur,
934 1158 1070 1213 ratio
1092 1156 1261 1213 bonas
1280 1171 1398 1212 esse
1414 1155 1766 1221 demonstret,

175 1251 415 1321 ipsorum
459 1266 673 1321 quoque
708 1248 1049 1305 attestatione
1081 1247 1372 1314 vitiorum;
1423 1248 1544 1317 quia
1583 1247 1769 1302 vitium

170 1353 357 1398 contra
387 1353 630 1398 naturam
652 1349 736 1397 est
767 1359 781 1396 :
810 1341 910 1396 nisi
933 1340 1074 1396 enim
1111 1350 1297 1395 natura
1331 1340 1445 1410 ipsa
1485 1348 1631 1395 recte
1660 1338 1775 1410 pla-

168 1444 341 1502 ceret,
369 1437 517 1491 nullo
544 1435 704 1491 modo
724 1443 869 1491 recte
892 1434 1059 1505 ipsius
1076 1434 1261 1489 vitium
1287 1432 1619 1503 displiceret.
1661 1432 1773 1488 Hoc

171 1539 361 1585 contra
381 1529 726 1597 Manichmos,
756 1529 846 1600 qui
873 1537 1061 1599 putant
1103 1528 1265 1583 etiam
1302 1526 1415 1598 ipsa
1449 1526 1575 1581 vitia
1617 1534 1772 1580 natu-

170 1638 260 1678 ras
312 1638 436 1678 esse
485 1633 647 1694 atque
696 1622 1057 1689 substantias,
1107 1621 1160 1676 in
1205 1619 1519 1692 quibusdam
1573 1618 1772 1674 nostris

170 1716 448 1786 opusculis
477 1716 744 1786 copiosius
782 1714 1101 1785 disputatur,
1139 1711 1541 1782 ostenditurque
1585 1706 1769 1766 vitium

169 1816 364 1863 natura
404 1823 512 1863 non
551 1822 709 1873 esse;
751 1816 805 1862 et
829 1806 951 1877 quia
981 1813 1165 1860 contra
1206 1812 1450 1858 naturam
1503 1811 1603 1868 est,
1651 1800 1770 1856 ideo

169 1902 375 1957 malum
405 1916 560 1967 esse;
595 1915 658 1954 ac
688 1915 783 1970 per
811 1898 914 1953 hoc
941 1906 1188 1952 naturam
1220 1897 1271 1950 in
1297 1904 1553 1967 quantum
1583 1882 1770 1948 n'atura

170 2000 275 2059 est,
302 1993 504 2047 bonum
524 2006 645 2046 esse
674 2009 688 2045 :
724 1990 865 2044 unde
889 1989 1170 2058 colligitur,
1198 2002 1305 2042 non
1328 2001 1446 2042 esse
1471 1996 1770 2041 creatorem

168 2093 486 2139 naturarum
526 2082 629 2139 nisi
656 2091 953 2138 creatorem
985 2081 1270 2145 bonorum,
1315 2094 1378 2134 ac
1407 2095 1502 2149 per
1539 2078 1641 2133 hoc
1670 2077 1769 2133 bo-

169 2194 342 2243 num;
375 2177 470 2233 sed
497 2176 756 2232 creaturis
790 2175 902 2231 suis
931 2190 1119 2246 magna
1151 2171 1448 2229 diil'erentia
1475 2180 1529 2227 et
1562 2186 1771 2227 summa

169 2271 416 2326 bonitate
443 2269 747 2336 meliorem,
774 2267 865 2339 qui
881 2283 988 2322 non
1015 2275 1189 2338 potest
1208 2265 1427 2320 omnino
1446 2264 1639 2332 vitiari,
1664 2278 1770 2319 non

168 2363 523 2433 perceptione
550 2361 736 2431 gratiae
761 2361 801 2427 ί,
831 2359 927 2415 sed
955 2359 1285 2430 proprietate
1313 2366 1533 2412 natura).
1557 2355 1771 2411 Natum

169 2454 338 2525 igitur
364 2462 580 2519 creatae,
612 2453 725 2509 sive
749 2466 868 2523 qua:
893 2451 1010 2506 sine
1038 2449 1166 2504 vitio
1208 2457 1351 2515 sunt,
1383 2447 1500 2501 sive
1526 2462 1645 2517 quae
1671 2462 1770 2501 na-

172 2554 241 2601 tae
266 2547 548 2611 vitiantur,
576 2545 691 2601 sive
719 2559 839 2616 quae
866 2542 1064 2598 vitiatae
1091 2549 1381 2596 nascuntur
1398 2580 1413 2606 ,
1440 2537 1590 2593 illum
1617 2553 1769 2595 crea-

171 2647 348 2693 torem
378 2638 479 2692 nisi
510 2653 632 2711 eum
653 2639 675 2669 ²
704 2636 796 2707 qui
826 2635 1143 2697 bonacreat,
1160 2633 1359 2688 habere
1381 2646 1485 2686 non
1510 2640 1768 2702 possunt;

171 2730 295 2802 quia
326 2731 378 2785 in
401 2740 655 2801 quantum
687 2736 891 2783 naturae
913 2736 1055 2789 sunt,
1081 2726 1235 2780 bona:
1261 2732 1406 2789 sunt,
1436 2724 1599 2779 etiam
1620 2739 1769 2795 quaa-

170 2837 407 2894 cumque
433 2822 629 2877 vitiatae
649 2828 790 2876 sunt.
812 2820 931 2875 Non
956 2819 1098 2876 enim
1130 2819 1399 2884 vitiorum,
1423 2816 1516 2873 sed
1552 2824 1771 2870 natura-

171 2930 295 2969 rum
325 2923 517 2969 auctor
539 2921 641 2981 est,
670 2920 881 2968 creator
906 2911 1135 2965 illarum.
1157 2908 1289 2964 Nam
1328 2918 1384 2964 et
1427 2916 1613 2965 auctor
1656 2907 1771 2977 ipse

171 3006 434 3061 vitiorum
465 3012 653 3059 natura
684 3004 854 3059 bonus
880 3011 983 3070 est,
1016 3017 1173 3072 quam
1206 3002 1346 3057 Deus
1371 2999 1531 3063 fecit;
1573 2999 1666 3054 sed
1694 2998 1775 3053 vi-

174 3097 249 3152 tio
278 3097 458 3151 malus
482 3105 722 3166 estwquo
746 3095 860 3166 ipse
894 3110 923 3148 a
948 3094 1091 3150 bono
1116 3093 1394 3148 conditore
1419 3092 1555 3146 mala
1585 3091 1775 3146 volun-

174 3196 285 3243 tate
311 3187 529 3243 defecit.
573 3185 755 3256 itaque
782 3184 1199 3240 Manichaaorum
1230 3198 1468 3238 errorem
1506 3181 1644 3237 ratio
1673 3182 1773 3237 ista

171 3296 300 3337 vera
334 3279 628 3347 convincit,
651 3279 741 3349 qui
769 3275 957 3332 nolunt
981 3277 1221 3348 recipere
1250 3275 1636 3340 auctoritatem,
1661 3273 1773 3328 sive

171 3388 275 3444 qua
300 3373 509 3429 dictum
540 3381 641 3439 est,
675 3370 819 3452 fecit
844 3370 982 3425 Deus
1006 3370 1195 3435 omnia,
1225 3378 1272 3424 et
1298 3385 1409 3424 ecce
1430 3368 1562 3422 bona
1588 3367 1735 3422 valde
1753 3409 1769 3436 ,

174 3465 394 3537 quando
425 3464 599 3521 adhuc
624 3464 826 3519 nullum
853 3472 968 3518 erat
1000 3462 1199 3517 malum
1231 3476 1246 3527 ;
1278 3462 1390 3517 sive
1427 3476 1530 3532 qua
1571 3460 1772 3516 dictum

170 3566 275 3627 est,
303 3555 490 3612 Omnis
514 3564 745 3611 creatura
759 3554 854 3611 Dei
880 3555 1010 3609 bona
1031 3562 1123 3621 est,
1152 3551 1363 3623 quando
1397 3552 1506 3623 jam
1529 3561 1646 3607 erat
1671 3553 1773 3607 hoc

171 3651 435 3706 saxulum
459 3649 679 3716 malum,
711 3663 834 3703 cum
861 3647 1003 3701 Deus
1027 3646 1095 3700 sit
1130 3644 1316 3715 utique
1338 3642 1504 3698 factor
1528 3643 1767 3697 omnium

170 3742 517 3797 seculorum.
541 3739 619 3794 Tu
647 3747 850 3804 autem,
879 3736 969 3807 qui
999 3735 1135 3790 hanc
1173 3733 1369 3804 recipis
1398 3733 1769 3788 auctoritatem

170 3835 481 3891 divinorum
511 3831 864 3903 eloquiorum,
897 3840 954 3885 ut
997 3844 1059 3885 ea
1102 3828 1296 3883 merito
1345 3827 1515 3898 possis
1570 3827 1768 3897 urgeri,

170 3942 264 3982 cur
292 3942 404 3983 non
429 3925 662 3980 attendis
692 3925 744 3978 in
772 3939 837 3979 eo
864 3922 1021 3986 libro,
1047 3921 1134 3976 ubi
1165 3921 1359 3991 legitur
1383 3920 1550 3975 Deum
1580 3919 1771 3975 fecisse

167 4021 350 4076 omnia
410 4019 552 4074 bona
596 4017 795 4081 valde,
844 4015 1086 4071 omnium
1141 4013 1378 4068 locorum
1433 4013 1690 4082 optimum
1749 4010 1771 4043 ³

169 4113 472 4182 plantatum
499 4124 620 4166 esse
645 4107 973 4180 paradisum,
1002 4106 1091 4162 ubi
1118 4105 1259 4160 Deus
1284 4120 1450 4175 usque
1479 4104 1615 4158 adeo
1642 4102 1772 4158 nihil

170 4203 296 4257 mali
328 4217 457 4258 esse
476 4201 663 4266 voluit,
693 4208 751 4255 ut
777 4215 879 4256 nec
906 4199 1191 4270 imaginem
1214 4212 1365 4253 suam
1397 4196 1466 4251 ibi
1498 4211 1617 4252 esse
1651 4211 1773 4266 per—

168 4296 434 4361 mitteret,
456 4302 802 4364 posteaquam
828 4291 1039 4363 pr0pria
1063 4290 1334 4345 voluntate
1354 4288 1596 4359 peccavit
1616 4286 1767 4358 (Gen.

171 4402 228 4451 11,
259 4386 331 4453 8;
357 4384 551 4452 111,23,
577 4383 712 4456 24)?
753 4383 823 4438 Et
870 4391 1046 4437 tamen
1077 4396 1172 4436 vos
1214 4382 1265 4435 in
1298 4389 1459 4435 tantae
1493 4379 1771 4435 felicitatis

170 4489 226 4535 et
252 4478 472 4534 decoris
502 4478 697 4544 locum,
726 4475 814 4531 ubi
864 4489 965 4530 nec
1007 4472 1154 4545 ligni,
1188 4488 1286 4528 nec
1330 4472 1461 4540 feni,
1486 4486 1584 4526 nec
1604 4471 1767 4541 pomi,

171 4586 273 4626 nec
299 4571 625 4642 cujusquam
649 4568 733 4623 vel
757 4565 924 4637 frugis
942 4564 1028 4620 vel
1053 4563 1261 4634 pecoris
1306 4563 1493 4617 vitium
1520 4576 1641 4617 esse
1673 4576 1771 4631 po-

171 4664 344 4720 tuisse
390 4662 478 4717 vel
512 4675 671 4732 posse
712 4657 1037 4714 credendum
1065 4663 1167 4721 est,
1207 4654 1386 4709 omnia
1417 4652 1770 4708 humanorum

168 4767 465 4826 corporum
497 4762 551 4807 et
572 4749 906 4822 ingeniorum
928 4748 1057 4803 vitia
1085 4762 1189 4804 non
1211 4745 1466 4801 dubitatis
1492 4743 1767 4809 inducere,

168 4862 293 4901 cum
322 4845 521 4916 quibus
546 4842 794 4898 homines
824 4840 994 4904 nasci,
1027 4839 1211 4894 dolere
1243 4852 1342 4921 vos
1382 4836 1626 4899 sinimus,
1664 4849 1772 4889 non

167 4953 394 5009 negare.
426 4935 659 4992 Necesse
685 4941 769 4990 est
786 4933 930 4989 enim
944 4940 1004 4986 ut
1021 4929 1267 4996 deleatis,
1298 4927 1510 4999 quando
1534 4926 1660 4997 quid
1685 4943 1774 4982 re-

166 5029 492 5101 spondeatis
520 5044 624 5084 non
655 5025 935 5092 invenitis,
968 5032 1026 5080 et
1068 5033 1175 5078 tam
1207 5037 1420 5092 pravam
1450 5020 1770 5076 sententiam

164 5133 388 5178 mutare
419 5135 527 5175 non
568 5119 746 5185 vultis,
798 5131 919 5188 quae
969 5128 1069 5170 vos
1122 5111 1413 5168 inevitabili
1456 5110 1772 5166 necessitate

163 5214 455 5285 compellit
480 5213 536 5268 in
563 5212 682 5267 loco
712 5217 873 5266 tanta:
898 5205 1244 5265 beatitudinis
1283 5211 1339 5259 et
1361 5200 1772 5274 pulchritudinis

160 5309 509 5364 constituere
557 5316 753 5370 caecos,
807 5301 1006 5364 luscos,
1060 5297 1256 5367 lippos,
1310 5294 1525 5361 surdos,
1571 5301 1769 5360 mutos,

1564 490 1772 549 LIBER
1808 484 2096 549 SEXTUS.

2834 562 2913 575 Μ
3313 497 3455 557 1533

1874 621 1994 661 rum
2024 607 2266 664 horribili
2293 609 2526 666 novitate
2564 618 2953 667 monstruosos.
2994 611 3132 683 Quid
3174 613 3346 670 dicam
3384 616 3460 673 de

1874 700 2016 755 vitiis
2064 701 2384 768 animorum,
2416 702 2608 774 quibus
2646 713 2769 759 sunt
2795 704 3007 776 quidam
3055 716 3240 763 natura
3282 708 3459 764 libidi-

1873 792 2012 859 nosi,
2044 794 2260 865 quidam
2303 796 2562 863 iracundi,
2609 796 2822 868 quidam
2877 798 3192 868 meticulosi,
3242 801 3455 872 quidam

1873 885 2140 954 obliviosi,
2166 887 2379 957 quidam
2408 887 2758 956 tardicordes,
2781 890 2999 959 quidam
3021 892 3277 949 excordes
3300 904 3460 965 atque

1873 975 1949 1031 ita
1990 975 2142 1044 fatui,
2173 987 2229 1032 ut
2258 978 2411 1033 malit
2439 978 2602 1035 homo
2632 995 2752 1035 cum
2797 981 3109 1051 quibusdam
3160 986 3458 1053 pecoribus,

1874 1081 2033 1137 quam
2061 1083 2182 1123 cum
2237 1069 2431 1125 talibus
2461 1070 2761 1127 hominibus
2807 1073 3025 1128 vivere?
3051 1074 3202 1128 Adde
3236 1077 3462 1144 gemitus

1874 1159 2218 1229 parientium,
2260 1161 2522 1234 fletusque
2570 1165 2923 1233 nascentium,
2961 1166 3227 1222 cruciatus
3277 1168 3462 1222 dolen-

1874 1253 2004 1308 tium
2030 1292 2045 1320 ,
2074 1254 2435 1325 languentium
2461 1255 2674 1311 labores
2694 1298 2710 1322 ,
2744 1265 3005 1313 tormenta
3036 1258 3200 1312 multa
3232 1260 3464 1312 morien-

1874 1348 2029 1409 tium,
2057 1352 2111 1399 et
2138 1345 2372 1414 pericula
2394 1345 2561 1400 multo
2586 1347 2736 1416 plura
2765 1348 3075 1403 viventium.
3108 1348 3234 1404 Haec
3263 1350 3458 1409 omnia.

1875 1442 2034 1504 atque
2063 1434 2164 1489 alia
2199 1435 2341 1501 talia,
2376 1436 2487 1491 sive
2510 1436 2711 1508 pejora,
2736 1454 2855 1509 qua:
2877 1438 3055 1495 verbis
3083 1439 3333 1511 congruis
3359 1441 3462 1494 Sui-

1875 1534 1982 1581 tem
2026 1526 2261 1581 breviter
2302 1542 2728 1583 commemorare
2760 1529 2879 1598 quis
2903 1528 3139 1585 sufﬁcit?
3168 1530 3460 1586 secundmn

1873 1631 2111 1672 errorem
2135 1626 2392 1683 vestrum,
2414 1617 2508 1672 sed
2532 1618 2688 1688 plane
2712 1628 2897 1675 contra
2921 1621 3174 1692 pudorem
3198 1632 3453 1683 vestrum.

1872 1719 1964 1764 aut
1988 1709 2164 1765 fronte
2192 1709 2604 1780 improbissima,
2631 1721 2723 1766 aut
2750 1728 2911 1769 manu
2928 1713 3088 1770 fronti
3112 1716 3377 1785 Opposita,
3407 1732 3462 1770 ιιι

1873 1801 1966 1856 Dei
1998 1801 2241 1872 paradiso
2269 1802 2516 1873 cogimini
2552 1803 2849 1872 collocare,
2896 1816 2950 1861 et
2973 1805 3153 1862 dicere
3198 1806 3374 1862 futura
3403 1817 3463 1865 et

1873 1892 1943 1949 ibi
1972 1893 2086 1948 haec
2108 1892 2293 1960 fuisse,
2320 1894 2527 1948 etiamsi
2554 1910 2711 1951 nemo
2732 1905 3028 1967 peccasset.
3050 1897 3241 1964 Dicite,
3260 1898 3420 1954 dicite
3445 1916 3461 1952 :

1872 1999 1969 2039 cur
1994 1985 2135 2039 enim
2160 1985 2509 2040 revereamini
2535 1985 2893 2043 dehonestare
2926 1996 3003 2042 tot
3030 2003 3095 2043 ac
3130 1990 3289 2043 tantis
3321 1989 3465 2044 vitiis

1872 2083 1927 2130 et
1949 2075 2338 2131 calamitatibus
2361 2076 2559 2144 locum,
2583 2093 2743 2147 quem
2773 2077 2977 2133 nefario
2997 2078 3248 2149 dogmate
3262 2095 3294 2134 a
3314 2080 3465 2136 vobis

1872 2166 2044 2224 facitis
2071 2168 2301 2223 alienum
2324 2167 2347 2221 ?
2367 2166 2499 2222 Nam
2526 2168 2570 2221 si
2596 2169 2881 2239 aliquando
2907 2169 3033 2225 illuc
3059 2170 3261 2227 intrare
3281 2171 3463 2241 dispo-

1874 2259 2091 2323 neretis,
2122 2274 2393 2329 nunquam
2422 2259 2529 2314 illic
2558 2259 2679 2314 talia
2732 2263 3025 2331 poneretis.
3080 2264 3188 2319 Aut
3225 2263 3271 2319 si
3299 2264 3466 2320 vincit

1875 2350 2051 2420 pudor
2076 2352 2131 2405 in
2160 2351 2411 2405 cordibus
2434 2352 2648 2417 vestris,
2684 2360 2739 2407 et
2764 2353 2818 2407 in
2844 2353 2967 2409 loco
2996 2355 3085 2408 tali
3117 2354 3239 2409 talia
3267 2356 3466 2412 consti-

1876 2450 2026 2498 tuere
2049 2442 2380 2509 erubescitis,
2405 2441 2733 2508 horrescitis,
2767 2445 3132 2502 obmutescitis
3159 2489 3175 2515 ,
3206 2454 3262 2504 et
3287 2456 3464 2505 tamen

1875 2534 2044 2589 errori
2070 2543 2266 2601 vestro,
2296 2548 2403 2604 quo
2446 2550 2554 2589 non
2599 2535 2815 2592 creditis
2867 2536 3155 2601 humanam
3206 2549 3452 2597 naturam

1873 2629 2029 2699 primi
2079 2628 2312 2684 hominis
2351 2630 2784 2698 praevaricatione
2830 2633 3065 2689 vitiatam
3114 2635 3455 2704 pertinaciter

1872 2722 2237 2779 adhaerescitis
2259 2739 2273 2790 ;
2298 2724 2618 2793 reSpondete
2639 2724 2943 2781 Manichaeis
2964 2725 3105 2782 unde
3124 2727 3231 2782 sint
3250 2727 3375 2796 ista,
3398 2742 3468 2785 ne

1874 2816 1951 2871 illi
1977 2830 2038 2872 ea
2068 2815 2137 2875 de
2162 2816 2544 2872 commixtione
2581 2816 2769 2872 alienae
2808 2819 3068 2889 malaeque
3111 2829 3315 2895 natura:
3347 2835 3469 2877 esse

1875 2908 2214 2965 concludant.
2248 2910 2291 2963 A
2324 2908 2477 2964 nobis
2525 2909 2667 2965 enim
2705 2925 2826 2966 cum
2876 2908 2976 2966 hoc
3024 2914 3332 2983 requiritur,
3380 2928 3469 2970 re-

1875 2999 2202 3070 spondemus
2231 3015 2337 3055 non
2365 3001 2481 3056 haec
2508 3016 2629 3057 esse
2650 3000 2718 3057 de
2748 3002 3106 3072 permixtione
3132 3005 3339 3071 alienae,
3371 3003 3467 3061 sed

1875 3091 1944 3146 de
1974 3100 2172 3146 nostrze
2223 3092 2661 3161 praevaricatione
2698 3103 2924 3162 naturae,
2978 3108 3074 3163 per
3117 3110 3238 3149 eum
3277 3095 3367 3165 qui
3405 3095 3464 3149 in

1850 3173 2131 3258 ‘paradiso'
2173 3184 2430 3254 dejectus,
2480 3196 2534 3242 et
2562 3185 2630 3241 de
2659 3185 2905 3256 paradiso
2934 3185 3138 3256 ejectus
3165 3194 3269 3253 est,
3308 3200 3376 3240 ne
3405 3185 3459 3239 in

1876 3276 1995 3333 loco
2012 3276 2353 3332 beatitudinis
2382 3288 2624 3334 maneret
2650 3287 2838 3332 natura
2865 3278 3134 3344 damnata,
3162 3288 3216 3333 et
3237 3277 3362 3333 vitia
3378 3276 3464 3333 vel

1876 3370 2154 3441 supplicia,
2185 3386 2302 3440 quae
2328 3381 2569 3441 posteros
2589 3370 2707 3439 ejus
2737 3368 2928 3424 merito
2954 3367 3166 3423 fuerant
3194 3379 3463 3434 secutura,

1877 3460 1929 3516 in
1954 3476 2020 3516 eo
2049 3463 2165 3517 loco
2190 3472 2369 3518 essent
2388 3504 2404 3529 ,
2433 3462 2522 3518 ubi
2551 3462 2693 3515 nulla
2728 3477 2848 3516 esse
2888 3461 3136 3516 sinuntur
3158 3461 3319 3517 mala.
3362 3460 3465 3516 Vos

1875 3562 2052 3609 autem
2078 3554 2205 3609 dum
2229 3554 2431 3625 negatis
2460 3555 2558 3609 ista
2585 3554 2669 3609 vel
2699 3552 2956 3609 deformia
2975 3554 3060 3609 vel
3082 3569 3380 3609 aerumnosa
3397 3554 3468 3609 de

1876 3648 2084 3704 meritis
2102 3648 2299 3703 vitiata:
2326 3658 2524 3704 nostrae
2555 3658 2757 3702 natura:
2784 3647 2995 3711 venire,
3030 3647 3464 3702 commixtioncm

1877 3741 2185 3810 permittitis
2228 3740 2436 3805 alienae,
2482 3748 2642 3809 atque
2685 3740 2755 3794 ita
2811 3739 2991 3793 miseri
3046 3749 3102 3793 et
3147 3737 3466 3793 Manichaeos

1875 3830 2128 3901 adjuvare
2158 3831 2429 3902 cogimini,
2462 3840 2515 3886 et
2547 3831 2683 3885 mala
2712 3830 2802 3884 illa
2833 3830 2885 3884 in
2926 3829 3224 3899 paradisum
3252 3836 3467 3884 revocat

1868 3935 2029 3979 error
2055 3930 2249 3989 vester,
2267 3921 2408 3980 unde
2433 3922 2517 3976 illa
2539 3922 2830 3976 abstulerat
2858 3920 3026 3990 pudor
3055 3930 3251 3976 vester.

1946 4014 2110 4070 XVII.
2149 4015 2267 4070 Jun.
2309 4017 2379 4069 At
2417 4024 2601 4070 contra
2642 4012 2761 4068 vide
2810 4027 2970 4083 quam
3023 4012 3282 4068 adversus
3327 4020 3378 4067 te
3412 4019 3469 4069 et

1874 4107 2243 4174 Manichaeum,
2267 4107 2418 4177 cujus
2448 4115 2501 4162 te
2539 4121 2755 4176 semper
2783 4107 2935 4160 ruina
2976 4088 3264 4171 convolvit,
3309 4120 3470 4161 verus

1875 4202 1946 4256 sit
1974 4200 2127 4256 nobis
2165 4200 2465 4263 conﬂictus,
2494 4209 2547 4255 et
2572 4200 2639 4255 de
2664 4215 2731 4255 eo
2755 4199 2897 4255 celer
2923 4200 3242 4270 triumplms.
3276 4198 3468 4255 Omnia

1876 4295 1988 4360 illa,
2027 4311 2145 4365 quae.
2174 4295 2226 4349 in
2272 4294 2714 4364 vituperationem
2767 4292 2937 4348 divini
2987 4293 3164 4363 operis
3207 4294 3465 4360 evomuit,

1876 4386 2063 4456 primze
2105 4386 2281 4441 statim
2340 4384 2664 4440 definitionis
2714 4394 2893 4439 aratro
2945 4384 3465 4452 circumscribimus;

1875 4477 2220 4549 cogimusque
2244 4486 2302 4531 ut
2329 4476 2580 4545 erplicet,
2629 4474 2757 4546 quid
2812 4483 2959 4545 putet
3003 4490 3123 4530 esse
3167 4484 3463 4545 peccatum,

1875 4570 2017 4642 quod
2049 4570 2213 4625 claret
2236 4568 2366 4623 nihil
2396 4583 2516 4624 esse
2540 4567 2705 4634 aliud,
2737 4583 2894 4637 quam
2940 4567 3263 4621 voluntatem
3297 4582 3463 4637 appe-

1876 4671 2077 4717 tentem
2106 4660 2248 4732 quod
2270 4660 2477 4731 justitia
2505 4666 2668 4722 vetat,
2693 4667 2746 4712 et
2774 4657 2914 4712 unde
2942 4657 3168 4713 liberum
3196 4666 3278 4713 est
3304 4658 3467 4713 absti-

1876 4769 2024 4809 nere.
2053 4753 2170 4820 Quo
2195 4753 2504 4819 constituto,
2542 4765 2728 4806 omnes
2769 4749 2844 4803 illi
2889 4748 3287 4804 oblocutionum
3318 4751 3460 4818 rubi,

1875 4847 1966 4917 qui
1988 4845 2382 4901 concretionem
2410 4858 2695 4914 corporum
2734 4849 3082 4911 pupugerant,
3109 4840 3385 4909 radicitus,
3414 4852 3469 4898 et
3524 4836 3533 4845 ³

1877 4948 1931 4994 ιιι
1951 4939 2035 4993 ille
2054 4939 2147 5003 ait,
2170 4937 2455 4994 eradicitus
2474 4944 2838 4991 monstrantur
2860 4935 3029 4990 evulsi
3060 4934 3281 5006 (Cicero,
3313 4937 3400 4991 lib.
3433 4937 3468 4991 2

1877 5031 1941 5086 de
1967 5022 2228 5104 Finibus).
2256 5029 2375 5085 Jam
2404 5044 2531 5084 vero
2561 5028 2785 5083 aii'ectus
2829 5027 3037 5081 timoris
3060 5035 3114 5082 et
3148 5043 3338 5083 sensus
3367 5027 3465 5083 do-

1878 5126 2028 5195 loris,
2055 5140 2151 5197 per
2174 5139 2308 5196 quos
2334 5124 2390 5179 in
2418 5121 2685 5194 naufragia
2712 5121 2986 5175 hominum
3029 5120 3158 5176 cieri
3183 5130 3468 5192 tempesta-

1879 5228 1984 5276 tem
2018 5218 2239 5290 putavit,
2268 5233 2375 5273 non
2423 5216 2595 5271 solum
2641 5215 2835 5268 nullius
2876 5213 2998 5268 mali
3048 5222 3342 5280 coactores,
3372 5212 3465 5268 sed

1878 5327 1998 5369 cum
2030 5312 2047 5343 ¹
2078 5310 2387 5382 repagulum
2413 5308 2568 5364 bonae
2611 5306 2899 5361 voluntatis
2943 5304 3088 5361 nacti
3124 5313 3267 5373 sunt,
3314 5304 3464 5375 adju-

156 5399 400 5460 claudos
425 5398 468 5467 δ,
491 5396 776 5463 deformes,
799 5394 1074 5458 distortos,
1107 5390 1363 5457 tineosos,
1393 5389 1655 5459 leprosos,
1682 5401 1774 5456 pa-

158 5492 454 5567 ralyticos,
476 5488 811 5561 epilepticos,
841 5494 897 5541 et
914 5484 1035 5539 aliis
1054 5480 1288 5538 diversis
1309 5479 1600 5551 generibus
1619 5478 1774 5534 vitio-

157 5602 284 5652 sos,
316 5592 481 5654 atque
497 5579 779 5652 aliquando
797 5578 959 5634 etiam
978 5576 1139 5632 nimia
1164 5573 1407 5631 fteditate
1433 5582 1489 5629 et
1507 5572 1775 5630 membro-

1879 5415 2024 5463 tores
2043 5413 2098 5460 et
2120 5412 2459 5476 pervectores
2481 5402 2501 5433 ³
2519 5399 2737 5471 justitia:
2766 5398 3140 5470 perdoceutur.
3164 5397 3295 5466 Quis
3322 5398 3464 5455 enim

1879 5499 2192 5556 formidaret
2227 5495 2509 5568 judicium,
2567 5493 2671 5550 nisi
2724 5492 2932 5548 timoris
2983 5489 3296 5547 admonitu?
3339 5490 3468 5556 Quis

1883 5591 2206 5665 poenitentiae
2239 5589 2524 5661 gemitibus
2562 5587 2861 5657 juvaretur,
2905 5582 3010 5639 nisi
3051 5581 3253 5637 doloris
3286 5590 3342 5636 et
3382 5579 3468 5636 iu-

1882 5698 2048 5745 terna:
2080 5683 2407 5758 aegritudinis
2429 5681 2682 5755 expiatu?
2732 5677 2868 5748 Quid
2908 5686 3179 5748 postremo
3211 5675 3471 5732 severitas

228 5744 255 5838 ί
291 5735 1164 5855 gémﬁoﬁebgg'ﬁwgiii,
1195 5793 1349 5847 auum
1381 5798 1648 5847 creatorem
1679 5792 1777 5847 nisi
1876 5735 2165 5855 judicanti:
2186 5776 2404 5841 valeret,
2432 5735 2536 5830 nisi
2558 5769 2851 5827 voluntaria
2880 5735 3093 5838 peccata
3114 5765 3246 5822 illati
3260 5765 3467 5824 crucia-

224 5806 255 5838 ί
291 5804 370 5855 sic
405 5799 572 5863 Morel,
600 5799 750 5850 Elem.
775 5792 926 5860 'érit.,
956 5792 1007 5861 p.
1050 5795 1164 5858 319,
1195 5793 1349 5847 ultum
1381 5798 1648 5847 creatorem
1679 5792 1777 5847 nisi

152 5880 305 5923 cum.
371 5872 433 5914 at.

199 5932 255 5998 _.’
293 5927 458 5980 ad“
485 5932 631 5998 Ρρηη
655 5922 848 5998 optimi"
872 5985 887 5998 .
933 5986 948 5998 .
1200 5996 1208 5998 μ
1647 5986 1656 5997 .
1699 5986 1727 5998 ,.

198 5996 205 6001 ’
225 5993 254 6029 ι
289 5991 559 6057 sequentia
572 6001 662 6039 sex
684 5985 919 6040 vocabula
933 5986 1029 6037 huc
1044 5996 1328 6058 revocamus
1345 5998 1409 6035 ex
1424 5986 1771 6049 manuscriptis.

1949 5919 1966 5951 ι
2000 5917 2075 5967 sic
2096 5923 2200 5966 Mss.
2224 5920 2277 5964 tn
2299 5914 2457 5975 vign.,
2480 5913 2663 5961 contra.

1949 5983 1973 6015 ³
2002 5985 2163 6042 Forte,
2184 5981 2497 6043 provectores.
