3994 6472
518 487 660 552 1830

518 619 605 666 tus
651 621 885 664 aerumna
941 605 1186 677 puniret?
1234 605 1470 672 Quorum
1524 601 1760 657 omnium
1797 591 2102 652 testimonio

519 710 758 773 apparet,
789 699 921 754 nihil
946 698 1086 753 aliud
1114 712 1233 754 esse
1263 704 1557 767 peccatum,
1582 697 1740 764 quam
1775 689 2102 744 voluntatem

519 796 737 851 liberam
761 793 1138 864 despicientem
1159 798 1419 860 praecepta
1438 787 1684 856 justitiae;
1710 783 1971 851 aliterque
1996 793 2104 834 non

519 899 660 944 stare
684 887 967 958 justitiam,
998 899 1155 955 quam
1185 883 1230 938 si
1272 881 1398 936 lllud
1439 880 1660 950 imputet
1706 877 1758 931 in
1802 883 2098 945 peccatum,

518 980 670 1049 cujus
699 978 906 1032 noverit
937 976 1098 1031 fuisse
1147 975 1368 1029 liberam
1394 970 1694 1026 cautionem
1721 985 1734 1022 :
1765 982 1829 1022 ac
1870 980 1966 1034 per
2004 962 2106 1017 hoc

520 1075 662 1128 nulla
692 1074 826 1142 lege,
854 1087 916 1128 ea
960 1086 1078 1142 quae
1117 1067 1374 1124 naturalia
1406 1073 1551 1132 sunt,
1598 1064 1650 1118 in
1695 1063 1903 1131 culpam
1946 1071 2103 1128 posse
2151 1127 2153 1130 p

520 1167 781 1237 reputari;
813 1181 913 1220 nec
941 1178 1257 1235 quemquam
1281 1161 1551 1230 suscipere
1576 1157 1802 1222 crimen,
1831 1151 1973 1225 quod
1999 1165 2107 1205 non

522 1260 635 1327 ipse
691 1256 1038 1320 commiserit,
1083 1271 1204 1311 cum
1253 1255 1420 1308 vitare
1467 1250 1650 1322 possit.
1707 1248 1820 1316 Qua
1867 1243 2106 1316 potentia

524 1349 847 1405 Manichmus
871 1359 925 1404 et
967 1347 1328 1404 Traducianus
1377 1343 1725 1404 consumitur,
1759 1338 1848 1411 qui
1899 1334 2108 1393 eﬂ'ossis

524 1442 686 1497 totius
734 1441 1099 1511 intelligentiae
1149 1440 1340 1505 oculis,
1387 1453 1502 1494 rem
1552 1433 1840 1491 voluntatis
1886 1439 2110 1486 conatur

523 1533 815 1588 seminibus
838 1532 1144 1587 admovere.

596 1626 730 1681 Ave.
772 1625 865 1680 His
896 1625 998 1679 tuis
1027 1621 1300 1679 erroribus
1335 1621 1444 1693 jam
1492 1636 1635 1692 saepe
1688 1617 2062 1689 respondimus
2093 1630 2108 1669 :

527 1717 668 1771 unde
700 1717 788 1787 qui
819 1732 878 1769 ea
916 1716 1117 1786 legunt,
1153 1723 1206 1770 et
1236 1713 1508 1769 memoria:
1554 1710 1953 1776 commendant,
2005 1723 2111 1762 non

529 1809 723 1879 ubique
769 1808 1080 1863 desiderant
1122 1806 1521 1877 responsionem
1552 1819 1765 1869 meam,
1797 1802 2113 1870 ubicumque

527 1910 583 1955 ιιι
622 1902 822 1971 repetis
849 1900 1225 1956 verbositatem
1259 1908 1420 1953 tuam.
1451 1896 1554 1953 Sed
1581 1911 1648 1951 ne
1675 1895 1952 1966 quisquam
1985 1907 2114 1963 que-

526 2002 694 2059 ratur,
720 1993 1119 2063 ignoscentibus
1154 1991 1280 2047 mihi
1307 1989 1656 2046 celerioribus
1683 1987 1894 2059 ingenio
1913 2029 1928 2052 ,
1955 1985 2113 2039 etiam

527 2084 864 2140 tardiusculis
887 2083 1076 2139 deesse
1096 2097 1199 2138 non
1230 2081 1418 2137 debeo.
1440 2080 1580 2135 Ecce
1594 2089 1642 2134 et
1664 2078 1747 2134 hic
1775 2078 1865 2133 tibi
1893 2091 2117 2146 respon-

525 2175 629 2232 deo
657 2177 724 2232 de
752 2177 955 2247 peccati
985 2175 1314 2240 definitione,
1343 2189 1444 2246 qua
1477 2181 1528 2227 te
1569 2173 1585 2204 ί
1615 2171 1838 2225 multum
1873 2166 2114 2238 adjuvari

526 2277 696 2338 putas.
732 2267 862 2324 Illud
889 2266 1029 2339 quod
1076 2275 1348 2337 peccatum
1378 2265 1447 2318 ita
1475 2273 1578 2327 est,
1609 2269 1667 2316 ut
1694 2277 1799 2316 non
1848 2260 1917 2314 sit
1953 2259 2115 2314 etiam

526 2376 682 2431 paena
712 2361 936 2431 peccati,
965 2357 1203 2415 deﬁnitio
1229 2358 1329 2412 ista
1370 2355 1710 2418 determinat,
1758 2367 1861 2424 qua
1899 2351 2114 2418 dicitur,

529 2452 812 2508 Peccatum
843 2460 924 2506 est
951 2451 1194 2504 voluntas
1219 2456 1478 2519 appetens
1506 2445 1648 2517 quod
1686 2444 1890 2516 justitia
1941 2451 2115 2510 vetat,

530 2557 583 2600 et
610 2545 751 2600 unde
776 2554 857 2600 est
883 2544 1110 2598 liberum
1137 2540 1424 2596 abstinere.
1447 2539 1598 2608 Quod
1625 2539 1852 2593 maxime
1872 2536 1936 2592 ad
1965 2535 2115 2591 illum

531 2639 782 2709 pertinet,
806 2655 870 2693 ex
898 2637 1048 2707 cujus
1089 2645 1308 2706 peccato
1339 2634 1432 2689 illo
1489 2648 1680 2704 magno
1727 2632 1955 2702 posteris
2003 2630 2119 2702 ejus

535 2737 620 2786 est
641 2738 823 2784 exorta
851 2727 1061 2783 miseria
1105 2743 1203 2799 per
1230 2725 1594 2796 gravcjugum
1625 2740 1654 2779 a
1693 2725 1781 2780 die
1831 2724 2006 2780 exitus
2051 2723 2120 2782 de

531 2829 721 2876 ventre
748 2822 931 2875 matris
951 2835 1156 2884 eorum,
1177 2829 1231 2875 et
1255 2835 1353 2890 per
1382 2834 1576 2889 corpus
1602 2817 1949 2888 corruptibile
1976 2816 2118 2888 quod

533 2923 784 2985 aggravat
810 2914 1061 2968 animam.
1092 2912 1184 2968 llle
1205 2913 1400 2983 quippe
1422 2913 1536 2983 lege
1562 2911 1875 2966 brevissima
1902 2920 2118 2982 accepta

535 3005 738 3060 sciebat
761 3004 886 3074 quid
914 3012 1118 3060 vetaret
1134 3004 1336 3074 justltia
1363 3020 1377 3070 ;
1406 3011 1460 3057 et
1487 3002 1610 3058 inde
1638 3005 1660 3035 ⁸
1682 3002 1752 3056 illi
1781 3003 1962 3073 utique
1981 3002 2118 3058 libe-

535 3113 654 3153 rum
676 3097 847 3152 fuerat
872 3097 1160 3161 abstinere,
1198 3095 1436 3151 nondum
1459 3094 1714 3150 adversus
1738 3093 1854 3166 ejus
1873 3093 2118 3166 spiritum

534 3209 697 3251 carne
718 3195 1148 3264 concupiscente,
1173 3201 1396 3263 propter
1410 3191 1552 3262 quod
1579 3190 1773 3245 malum
1796 3190 1954 3245 etiam
1984 3188 2120 3244 ﬁde—

541 3287 680 3344 libus
709 3287 909 3343 dictum
940 3295 1042 3353 est,
1071 3285 1138 3341 Ut
1167 3302 1266 3339 non
1293 3301 1350 3338 ea
1379 3300 1492 3356 qua:
1515 3285 1664 3338 vultis
1693 3283 1892 3353 faciatis
1924 3279 2120 3354 (Colat.

539 3399 596 3450 ν,
647 3383 759 3452 17).
811 3381 1038 3437 Caecitas
1091 3380 1251 3452 igitur
1299 3378 1500 3445 cordis,
1552 3393 1656 3449 qua
1709 3377 1947 3432 nescitur
1993 3373 2123 3448 quid

531 3473 732 3545 juslilia
754 3481 920 3540 vetet,
944 3482 998 3528 et
1018 3471 1266 3527 violentia
1288 3469 1755 3542 concupiscentiae,
1773 3485 1876 3540 qua
1892 3466 2125 3523 vincitur

534 3564 694 3621 etiam
723 3566 810 3634 qui
853 3563 951 3618 scit
983 3563 1125 3618 unde
1173 3561 1367 3618 debeat
1415 3562 1702 3626 abstinere,
1758 3576 1865 3614 non
1915 3566 2124 3613 tantum

536 3667 779 3730 peccata,
825 3655 918 3713 sed
955 3671 1128 3727 poeme
1155 3663 1282 3711 sunt
1313 3654 1474 3710 etiam
1515 3661 1876 3724 peccatorum.
1909 3653 1974 3708 Et
2004 3652 2125 3707 ideo

535 3766 642 3806 non
674 3748 1016 3805 includuntur
1037 3747 1128 3803 illa
1156 3747 1466 3804 deﬁnitione
1493 3746 1717 3817 peccati,
1750 3761 1850 3817 qua
1882 3760 1988 3800 non
2025 3743 2124 3800 de-

536 3842 742 3897 ﬁnitum
769 3850 850 3896 est
876 3841 975 3896 nisi
1001 3848 1274 3911 peccatum
1306 3839 1496 3904 solum,
1525 3854 1629 3893 non
1658 3837 1796 3909 quod
1824 3846 1906 3894 est
1931 3845 1983 3892 et
2010 3851 2125 3908 pos-

538 3950 605 3990 na
628 3933 849 4006 peccati.
877 3933 1008 3989 Cum
1029 3934 1170 3988 enim
1191 3931 1308 4003 quis
1337 3931 1543 4003 ignorat
1571 3931 1697 4004 quid
1721 3929 1892 3986 facere
1913 3929 2126 3995 debeat,

537 4038 590 4082 et
619 4026 738 4081 ideo
765 4025 891 4081 facit
930 4025 1072 4097 quod
1103 4025 1277 4081 facere
1303 4040 1409 4080 non
1444 4025 1638 4081 debeat
1661 4024 1716 4090 ³;
1770 4041 1876 4081 non
1933 4024 1983 4082 ei
2029 4023 2132 4088 fuit

540 4117 768 4172 liberum
811 4116 1100 4185 abstinere,
1135 4115 1275 4172 unde
1311 4115 1685 4171 abstinendum
1726 4130 1842 4171 esse
1884 4130 1988 4170 non
2028 4131 2128 4170 no-

542 4217 712 4264 verat.
747 4208 983 4280 itemque
1003 4207 1093 4264 ille
1122 4208 1228 4279 qui,
1262 4213 1323 4263 ut
1366 4208 1561 4275 dicitis,
1602 4223 1711 4262 non
1758 4208 1977 4278 origine,
2034 4207 2131 4264 sed

541 4299 926 4359 consuetudine
955 4299 1211 4371 premitur
1229 4341 1243 4367 ,
1284 4310 1341 4355 ut
1369 4299 1649 4365 exclamet,
1681 4297 1802 4354 Non
1831 4299 1966 4370 quod
1991 4299 2124 4367 volo,

544 4393 678 4465 facio
694 4391 916 4459 bonum;
943 4391 1031 4447 sed
1055 4390 1190 4463 quod
1206 4391 1321 4446 nolo
1347 4391 1558 4466 malum,
1581 4393 1674 4446 hoc
1696 4408 1790 4464 ago
1830 4390 2006 4462 (Rom.
2032 4407 2126 4466 vn,

548 4485 660 4558 15),
691 4485 960 4558 quomodo
990 4486 1037 4540 ei
1067 4485 1291 4542 liberum
1341 4495 1418 4542 est
1465 4485 1732 4542 abstinere
1774 4487 1842 4541 ab
1870 4502 1935 4543 eo
1967 4487 2129 4556 malo,

546 4578 688 4649 quod
717 4595 821 4634 non
847 4579 958 4633 vult
984 4586 1037 4634 et
1065 4577 1209 4644 facit,
1241 4578 1352 4634 odit
1375 4587 1428 4634 et
1452 4577 1592 4649 agit?
1619 4578 1710 4634 llis
1755 4589 1931 4638 autem
1961 4581 2135 4654 poenis

547 4684 732 4724 carere
786 4669 831 4724 si
878 4677 1021 4726 esset
1067 4668 1119 4724 in
1167 4668 1441 4724 hominum
1497 4677 1779 4740 potestate,
1837 4686 1941 4725 non
1997 4672 2136 4726 Deus

551 4772 848 4835 rogaretur,
878 4771 932 4818 et
955 4771 1138 4818 contra
1157 4763 1470 4827 caecitatem,
1494 4763 1582 4818 ubi
1610 4763 1658 4818 ei
1685 4763 1900 4832 dicitur,
1924 4761 2135 4819 Illumi-

555 4873 621 4910 na
645 4855 817 4909 oculos
834 4871 968 4910 meos
991 4853 1163 4925 (Psal.
1190 4870 1287 4922 χιι,
1312 4854 1365 4925 4)
1383 4870 1398 4919 ;
1416 4863 1469 4908 et
1497 4862 1681 4908 contra
1713 4855 1945 4925 iniquam
1990 4857 2139 4928 cupi-

551 4949 792 5013 ditatem,
822 4946 912 5000 ubi
942 4947 990 5001 ei
1033 4947 1247 5013 dicitur,
1305 4944 1428 5000 Non
1473 4945 1756 5000 dominetur
1805 4947 1928 5001 mihi
1973 4950 2138 5004 omnis

547 5041 787 5111 iniquitas
816 5037 984 5112 (Psal.
1014 5054 1203 5106 cxvtn,
1246 5039 1391 5110 155).
1423 5038 1589 5094 Porro
1632 5038 1678 5093 si
1719 5038 1877 5094 etiam
1922 5052 2142 5111 peccata

552 5131 674 5186 ideo
714 5130 814 5184 ista
843 5144 946 5184 non
977 5137 1176 5194 essent,
1221 5128 1345 5200 quia
1388 5143 1492 5183 non
1547 5127 1614 5182 ab
1665 5129 1745 5184 eis
1793 5129 2016 5185 liberum
2057 5138 2141 5186 est

553 5223 843 5288 abstinere,
890 5237 1004 5277 non
1046 5219 1331 5285 diceretur,
1383 5219 1576 5275 Delicta
1609 5221 1887 5292 juventutis
1928 5239 2052 5279 mea:
2097 5234 2144 5278 et

551 5314 855 5386 ignorantiae
873 5329 996 5368 mea:
1021 5330 1083 5368 ne
1106 5313 1390 5367 memineris
1411 5311 1578 5384 (Psal.
1611 5329 1764 5377 xxrv,
1799 5314 1854 5385 7)
1880 5330 1893 5368 :
1925 5331 2029 5369 non
2058 5315 2141 5370 di-

555 5417 784 5473 ceretur,
819 5405 1049 5480 Signasti
1080 5415 1283 5477 peccata
1321 5423 1430 5460 mea
1461 5405 1510 5459 in
1541 5407 1775 5474 sacculo,
1809 5416 1853 5462 et
1891 5408 2146 5462 adnotasti

557 5501 601 5556 si
651 5499 776 5574 quid
829 5500 1012 5554 invitus
1056 5499 1240 5554 admisi
1292 5496 1422 5573 (Job
1473 5514 1585 5566 λιν,
1639 5499 1726 5565 17,
1776 5517 1876 5555 sec.
1937 5500 2143 5573 LXX).

559 5591 652 5648 Illa
680 5607 808 5662 ergo
835 5590 1144 5647 deﬁnitione
1194 5589 1420 5664 peccati,
1464 5589 1619 5660 quale
1657 5591 1923 5646 commisit
1952 5591 2144 5660 Adam,

558 5683 650 5754 qui
697 5684 898 5741 sciebat
947 5683 1074 5756 quid
1120 5690 1324 5738 vetaret
1363 5681 1586 5753 justitia,
1621 5691 1674 5740 et
1714 5697 1818 5740 non
1874 5682 1997 5740 inde
2026 5685 2150 5742 abs-

626 5839 646 5871 ί
679 5840 753 5902 Sic
770 5845 880 5890 Mss.
902 5845 953 5888 in
976 5839 1135 5902 Vigu.,
1159 5837 1315 5902 quale.

623 5902 647 5936 ³
677 5901 816 5962 satu,
837 5903 984 5951 unde.
1003 5898 1272 5964 [elius'ttts
1296 5908 1430 5964 Man,
1454 5898 1586 5953 inde.

625 5967 648 6002 "
675 5968 834 6020 codex
859 5970 1006 6026 Port.,
1036 5962 1256 6016 debebat.

1188 476 1434 546 oratus
1471 481 1880 542 lMPERFEC’l‘l
1916 459 2188 532 corvina
2229 457 2588 542 JULIANUM,
2627 475 2686 531 s.
2725 469 3097 529 AL'GUSTINI

3655 463 3798 530 1510

2217 591 2410 658 tinuit,
2453 591 2591 646 unde
2621 591 2693 646 illi
2721 589 2943 646 liberum
2971 589 3140 646 fuerat
3186 588 3470 656 abstinere,
3512 589 3801 648 vincuntur

2214 683 2522 752 Manicluei;
2551 685 2643 741 sed
2673 702 2702 740 a
2730 686 2899 752 nobis,
2930 684 3051 756 quia
3083 682 3206 740 hinc
3232 699 3350 740 esse
3377 683 3638 754 originem
3668 683 3800 738 dici-

2215 793 2333 832 mus
2349 779 2604 833 malorum
2621 777 2995 846 huutanorum,
3013 777 3203 850 quibus
3220 778 3459 833 videmus
3473 787 3528 834 et
3556 777 3804 850 parvulos

2217 871 2487 942 aggravari
2509 913 2525 938 ,
2571 879 2626 927 et
2671 883 2887 944 propter
2914 878 3054 944 quod
3082 874 3242 929 etiam
3269 873 3395 928 illud
3419 874 3680 946 scriptum
3705 883 3803 948 est,

2216 978 2336 1018 cum
2363 964 2429 1019 de
2457 965 2683 1034 peccatis
2709 965 3137 1036 agereturzouia
3162 982 3262 1020 non
3282 975 3353 1021 est
3382 966 3601 1020 mundus
3629 984 3660 1018 a
3697 983 3805 1018 sor-

2217 1052 2363 1108 dibus
2380 1097 2393 1121 ,
2416 1071 2506 1109 nec
2543 1058 2714 1126 infans
2743 1057 2891 1129 cujus
2916 1067 2988 1110 est
3014 1057 3112 1110 diei
3134 1057 3282 1111 unius
3308 1058 3408 1111 vita
3441 1073 3596 1127 super
3619 1070 3803 1109 terram

2219 1147 2339 1221 (Job
2361 1166 2466 1217 XIV,
2495 1151 2550 1216 .i,
2575 1166 2673 1204 sec.
2707 1148 2979 1223 LXX).Tu
3004 1157 3178 1205 autem
3199 1150 3300 1204 hoc
3321 1165 3540 1220 negans,
3568 1161 3807 1204 nostram

2217 1241 2428 1312 quidem
2475 1250 2754 1308 naturam,
2813 1257 2880 1296 ne
2931 1241 3270 1297 liberatorem
3303 1242 3495 1297 misera
3539 1242 3806 1312 ittquirnt,

2219 1335 2428 1390 conaris
2479 1334 2772 1405 perniciosa
2814 1333 3125 1390 defensione
3166 1333 3284 1410 plus
3316 1349 3600 1406 premere:
3639 1332 3808 1388 Mani-

2222 1426 2430 1481 clireum
2455 1441 2615 1491 vero,
2642 1441 2762 1481 cum
2793 1424 3047 1496 quaeritur
3075 1423 3214 1480 unde
3241 1425 3310 1480 sit
3331 1426 3549 1492 malum,
3581 1424 3808 1478 alienam

2223 1521 2366 1576 Dco‘
2391 1529 2710 1575 eoa-lernam
2752 1519 3015 1588 permittis
3042 1517 3401 1573 introducere.
3436 1516 3624 1588 Neque
3671 1517 3810 1571 enim

2221 1615 2334 1684 ille,
2364 1614 2505 1670 unde
2535 1623 2779 1668 naturam
2811 1612 2992 1682 culpet
3040 1611 3326 1666 immanem
3350 1653 3365 1679 ,
3422 1611 3636 1666 timoris
3684 1608 3810 1664 alie-

2221 1717 2364 1761 ctum
2389 1716 2443 1761 et
2470 1721 2688 1761 sensum
2710 1703 2914 1760 doloris
2935 1703 3180 1776 impingit
3207 1721 3220 1756 :
3254 1719 3370 1772 qua:
3392 1701 3496 1756 duo
3539 1711 3595 1756 tu
3618 1700 3810 1756 adver-

2221 1813 2312 1853 sus
2341 1813 2462 1852 eum
2490 1797 2683 1868 putasti
2715 1811 2834 1852 esse
2863 1794 3156 1861 laudanda,
3207 1795 3329 1868 quia
3369 1794 3576 1850 scilicet
3604 1812 3624 1845 ι
3658 1794 3812 1848 timor

2222 1899 2274 1946 et
2302 1889 2455 1944 dolor
2483 1887 2756 1958 adjutores
2779 1896 2832 1942 et
2862 1886 3238 1958 provectores'
3263 1884 3483 1956 justitire
3511 1882 3811 1956 perdocen-

2225 1991 2335 2047 tur;
2370 2001 2388 2034 ι
2421 1979 2546 2036 dum
2571 1997 2673 2034 non
2706 1987 2891 2050 peccat
2919 1979 3080 2034 homo
3103 1978 3292 2034 timore
3311 1977 3530 2052 judicii,
3559 1986 3655 2032 aut
3694 1992 3812 2048 pec-

2222 2089 2377 2130 casse
2405 2089 2463 2129 se
2483 2072 2631 2128 dolet
2649 2073 2848 2128 aculeis
2873 2071 3185 2143 paenitendi.
3219 2071 3334 2126 Non
3363 2071 3464 2126 hoc
3489 2088 3518 2126 a
3544 2082 3595 2127 te
3618 2071 3812 2142 quaeri-

2227 2174 2346 2229 tur;
2375 2164 2472 2220 sed
2499 2162 2626 2235 quid
2656 2163 2726 2218 sit
2764 2177 2922 2234 pmna
2950 2162 3157 2222 timoris
3187 2161 3238 2217 in
3263 2163 3499 2234 parvulis
3521 2207 3536 2230 ,
3569 2164 3663 2238 qui
3696 2180 3812 2240 pec-

2224 2266 2342 2314 cata
2371 2275 2478 2313 non
2524 2257 2753 2328 fugiunt,
2777 2267 2832 2314 et
2852 2274 2946 2314 cur
2976 2257 3136 2313 tantis
3179 2256 3452 2313 doloribus
3489 2255 3811 2328 afﬂigantur,

2225 2357 2315 2428 qui
2332 2362 2546 2428 peccata
2566 2371 2673 2410 non
2692 2353 2992 2410 faciunt.’l‘u
3013 2369 3204 2428 nempe
3217 2352 3414 2418 dixisti,
3439 2351 3605 2423 «Quid
3620 2353 3816 2408 severi-

2227 2447 2605 2520 tasjudicantis
2629 2446 2850 2514 valeret,
2879 2446 2978 2500 nisi
3001 2445 3295 2500 voluntaria
3321 2456 3533 2523 peccata
3551 2445 3689 2504 illati
3706 2461 3814 2506 cru-

2224 2541 2396 2596 ciatus
2434 2555 2670 2595 aerumna
2700 2538 2912 2610 puniret
2936 2538 2959 2592 ?
2985 2557 3002 2590 ι
3027 2540 3140 2608 Qua
3170 2553 3298 2610 ergo
3319 2537 3558 2608 justitia,
3587 2553 3814 2610 quorum

2229 2634 2530 2689 voluntaria
2558 2643 2777 2706 peccata
2809 2632 2949 2688 nulla
2981 2643 3103 2688 sunt
3133 2635 3370 2704 propria,
3397 2630 3531 2686 illati
3547 2631 3815 2688 cruciatus

2226 2744 2465 2783 aerumna
2491 2727 2694 2798 parvuli
2723 2726 3136 2801 puniuntuan
3167 2726 3251 2788 his
3281 2736 3426 2781 certe
3442 2734 3668 2799 apparet
3691 2741 3815 2788 vana

2228 2830 2284 2876 et
2313 2819 2489 2894 inepta
2521 2835 2642 2875 esse
2675 2829 2762 2874 tua
2813 2819 3106 2896 praeconia,
3138 2819 3333 2896 quibus
3377 2819 3628 2876 timorem
3668 2818 3817 2874 dolo-

2227 2927 2454 2984 remque
2497 2911 2744 2967 laudasti.
2778 2911 2972 2970 Gravia
2998 2920 3122 2968 sunt
3148 2912 3346 2988 quippe
3383 2911 3482 2970 ista
3520 2911 3815 2984 supplicia,

2229 3020 2348 3076 quce
2378 3019 2483 3058 non
2513 3012 2818 3078 paterentur
2839 3003 2905 3058 ab
2932 3015 3119 3060 exortu
3148 3015 3392 3062 recentes
3422 3013 3476 3058 et
3501 3019 3660 3064 novae
3690 3005 3815 3062 ima-

2227 3098 2378 3168 gines
2409 3097 2502 3153 Dei
2530 3097 2631 3152 sub
2651 3097 2947 3170 justissimo
2964 3098 3165 3172 judicio
3187 3109 3242 3156 et
3269 3100 3662 3178 omnipotentia
3690 3100 3814 3174 Dei,

2229 3189 2275 3245 si
2302 3190 2550 3246 meritum
2592 3206 2698 3245 non
2729 3190 3004 3248 traherent
3030 3191 3303 3263 originalis
3345 3193 3654 3264 veterisque
3698 3206 3816 3263 pec-

2229 3283 2356 3339 cati.
2386 3283 2628 3358 Dcnique
2652 3285 2703 3338 in
2737 3281 3006 3355 paradiso,
3032 3284 3077 3344 si
3100 3299 3257 3344 nemo
3292 3295 3589 3362 pecc.issct,
3616 3295 3675 3346 et
3699 3301 3817 3362 pro-

2229 3379 2470 3435 venisset
2499 3379 2903 3450 conjugatorum
2932 3395 2998 3434 ex
3028 3378 3118 3436 illa
3141 3380 3317 3438 veraci
3339 3379 3430 3436 Dei
3451 3379 3822 3442 benedictione,

2232 3469 2552 3540 fecunditas,
2580 3470 2719 3526 absit
2743 3477 2802 3526 ut
2826 3468 3104 3546 quisquam
3137 3469 3208 3530 ibi
3246 3469 3330 3526 vel
3375 3485 3701 3544 magnorum
3745 3468 3821 3526 vel

2232 3563 2548 3634 pusillorum
2575 3572 2846 3636 pateretur
2868 3564 2968 3618 ista
2994 3571 3282 3622 tormenta.
3311 3561 3427 3624 Non
3475 3562 3654 3618 solum
3687 3562 3821 3626 enim

2232 3654 2408 3720 dolor,
2431 3654 2573 3730 quod
2603 3655 2757 3710 valde
2807 3656 3147 3716 manifestum
3176 3663 3293 3728 est;
3329 3655 3424 3712 sed
3454 3656 3620 3712 etiam
3648 3657 3819 3729 timor,

2234 3747 2410 3802 divina
2437 3749 2711 3822 Scriptura
2760 3757 3011 3816 testante,
3041 3757 3366 3806 tormentum
3398 3749 3560 3807 habet
3581 3749 3625 3822 (l
3672 3748 3821 3808 Joaa.

2236 3858 2311 3910 ιγ,
2345 3841 2432 3913 18)
2467 3859 2479 3895 :
2512 3841 2650 3898 absit
2691 3856 2818 3912 ergo
2847 3850 2902 3896 ut
2932 3841 2987 3896 1ιι
3016 3841 3133 3898 loco
3182 3843 3324 3900 illius
3351 3841 3626 3902 felicit’atis
3652 3851 3827 3908 essent

2236 3933 2342 3988 ulla
2374 3942 2660 3989 tormenta.
2687 3933 2919 3994 Proinde
2941 3934 2994 3988 in
3023 3942 3180 3994 aetate
3202 3934 3464 4005 qualibet,
3487 3937 3712 3996 nemine
3731 3946 3827 3994 ter«

2237 4036 2391 4083 rente
2421 4026 2545 4098 quid
2571 4029 2818 4088 timerent
2847 4027 3100 4090 tuemine
3131 4028 3358 4087 latdentc
3385 4029 3514 4100 quid
3535 4029 3830 4092 dolerent!

2241 4119 2298 4174 1ιι
2323 4120 2425 4176 hoc
2452 4128 2631 4176 autem
2655 4120 2903 4190 prcesenti
2933 4120 3130 4182 smculo
3157 4121 3419 4196 maligno,
3463 4122 3606 4194 quod
3661 4132 3717 4180 ut
3740 4138 3831 4185 no-

2242 4211 2369 4266 stris
2418 4211 2650 4268 miscriis
2707 4221 3075 4283 perageretur,
3106 4212 3173 4274 de
3227 4213 3475 4286 paradiso
3519 4214 3829 4272 deliciarum

2242 4305 2468 4378 projecti
2497 4320 2682 4366 sumus
2707 4351 2721 4374 ,
2751 4307 2804 4362 in
2834 4306 2916 4366 his
2937 4307 3096 4370 etiam
3145 4307 3338 4377 quibus
3367 4318 3586 4380 peccata
3617 4309 3833 4370 dimissa

2241 4410 2401 4469 sunt,
2434 4401 2683 4458 timorum
2707 4410 2763 4458 et
2788 4401 3033 4460 dolorum
3061 4417 3298 4466 zerumna
3323 4411 3642 4474 permanet,
3666 4413 3723 4466 ut
3744 4417 3836 4466 no-

2243 4504 2354 4552 stra
2376 4494 2442 4550 de
2467 4495 2666 4552 smculo
2686 4494 2863 4552 futuro
2885 4494 3019 4550 fides
3038 4535 3054 4560 ,
3078 4494 3168 4556 ubi
3209 4495 3353 4560 nulla
3393 4504 3555 4558 erunt
3580 4495 3701 4562 ista,
3731 4512 3834 4558 non

2246 4588 2419 4644 solum
2446 4587 2499 4648 in
2527 4587 2746 4654 nostris,
2768 4603 2954 4648 verum
2976 4588 3136 4644 etiam
3165 4588 3218 4652 in
3247 4595 3555 4648 nostrorum
3581 4587 3837 4658 parvulo-

2244 4697 2364 4738 rum
2386 4682 2641 4742 azrumnis
2670 4681 2926 4752 probetur
2947 4699 2960 4738 :
2985 4683 3106 4752 quia
3137 4695 3358 4744 noneos
3379 4680 3501 4744 ideo
3532 4682 3836 4752 rcgenerari

2247 4775 2512 4841 volumus,
2547 4783 2602 4832 ut
2643 4789 2751 4832 non
2781 4773 3048 4843 patiantur
3096 4773 3214 4836 hace
3243 4773 3418 4840 mala;
3451 4773 3546 4832 sed
3580 4784 3638 4832 ut
3677 4774 3730 4829 in
3758 4791 3840 4830 re-

2247 4884 2433 4940 gnum,
2465 4867 2517 4924 in
2545 4882 2651 4939 quo
2683 4867 2807 4930 talia
2837 4883 2943 4924 non
2973 4876 3150 4935 erunt,
3180 4868 3568 4938 ponebantur.
3601 4868 3748 4928 lianc
3777 4871 3839 4924 lio

2249 4961 2372 5018 dem
2400 4975 2580 5016 veram
2607 4970 2766 5032 atque
2791 4960 3106 5024 catholicam
3151 4961 3244 5024 tibi
3292 4962 3567 5032 respueuti
3585 5003 3601 5028 ,
3629 4971 3684 5019 et
3707 4978 3843 5019 vano

2252 5051 2540 5108 buccarum
2567 5053 2794 5122 strepitu
2816 5053 3050 5114 refutare
3074 5054 3286 5117 conanti
3308 5095 3326 5124 ,
3368 5071 3489 5114 cum
3520 5054 3844 5111 Hanicbmus

2255 5145 2914 5216 ingesseritquasstionem
2943 5145 3083 5206 unde
3131 5145 3269 5207 mala
3317 5147 3424 5206 sint
3465 5146 3850 5216 parvulorum,

2255 5237 2432 5292 omnis
2480 5248 2566 5294 tua
2617 5239 2913 5308 loquacitas
2938 5239 3310 5298 obmutescet:
3342 5241 3598 5309 quoniam
3634 5238 3848 5310 neganti

2255 5332 2517 5403 originale
2543 5341 2848 5405 peccatum,
2877 5347 2999 5394 mox
3040 5332 3130 5390 illo
3166 5332 3385 5395 eollidet
3408 5333 3638 5396 frontem
3669 5342 3813 5390 tuam
3833 5373 3848 5394 .

2258 5431 2314 5479 et
2335 5424 2458 5480 mali
2493 5434 2737 5486 naturam
2766 5423 3068 5484 introducet
3095 5425 3345 5486 alienam.
3369 5423 3486 5482 Non
3501 5435 3682 5484 autem
3701 5426 3851 5482 timet

2258 5519 2520 5576 catholica
2553 5519 2705 5586 ﬁdes,
2723 5518 2867 5590 quod
2888 5520 2982 5576 tibi
3005 5519 3234 5586 videtur,
3263 5538 3281 5572 ι
3303 5535 3417 5575 rem
3439 5520 3726 5576 voluntatis
3743 5535 3852 5574 non

2263 5626 2422 5682 posse
2479 5612 2773 5667 seminibus
2794 5611 3099 5676 admoveri;
3128 5631 3146 5664 ι
3181 5627 3302 5666 eum
3349 5610 3532 5666 audiat
3585 5611 3852 5666 dicentem

2266 5705 2460 5772 Deum,
2495 5704 2643 5759 reddi
2699 5713 2911 5774 peccata
2939 5711 3149 5776 patrum
3204 5703 3257 5760 in
3288 5704 3500 5760 tertiam
3522 5713 3577 5768 et
3605 5713 3851 5778 quartam

2331 5811 2355 5871 ι’
2382 5840 2540 5902 vign.,
2569 5845 2616 5889 et
2630 5846 2750 5902 _Deo.
2775 5839 2940 5899 Abest,
2963 5844 3026 5898 et,
3047 5852 3075 5888 a
3101 5846 3205 5889 Mss.

2267 5897 2534 6016 ωέᾔέἑωδ
2555 5900 2711 5951 codex
2737 5909 2868 5964 Man,
2890 5897 3221 5970 pervectam“
3243 5907 3298 5956 ut
3318 5911 3463 5967 sum
3487 5903 3538 5962 iu
3559 5897 3727 5958 Juliani
3749 5909 3858 5956 βω

2183 6076 2221 6123 ai:
2276 6107 2282 6113 '
