3994 6498
158 468 286 547 1541

156 592 464 665 progeniem
490 591 714 649 ﬁliorum
759 591 949 666 (Exod.
990 606 1083 659 xx,
1113 592 1180 659 5;
1212 607 1393 660 xxxiv,
1431 591 1507 666 7).
1539 592 1728 665 Utique

156 697 241 739 res
264 683 578 751 voluntatis,
603 698 706 754 qua
734 690 956 754 peccant
982 692 1159 753 patres
1176 726 1190 749 ,
1224 684 1517 739 seminibus
1543 683 1731 738 admo-

155 785 325 843 vetur,
355 777 566 848 quando
584 776 636 831 in
665 775 802 832 ﬁlios
826 776 1121 831 vindicatur
1146 794 1159 831 :
1189 784 1243 832 et
1270 786 1419 847 pater
1439 776 1727 843 Abraham,

156 876 208 927 ut
233 870 594 927 decimaretur
614 885 643 924 a
673 868 1059 926 Melchisedech
1082 910 1097 936 ,
1124 871 1395 933 voluntate
1439 869 1511 924 illi
1554 884 1731 924 sacer-

152 962 259 1020 doti
286 964 524 1020 decimas
551 963 731 1030 dedit;
756 973 809 1019 et
836 970 1013 1020 tamen
1040 964 1197 1020 etiam
1246 962 1384 1019 ﬁlios
1426 962 1540 1034 ejus
1566 1004 1580 1027 ,
1608 962 1730 1032 quia

153 1057 203 1111 in
228 1056 426 1121 lumbis
452 1063 604 1111 erant
629 1053 743 1126 ejus
765 1100 780 1123 ,
804 1064 927 1111 tunc
952 1071 1071 1112 esse
1091 1054 1384 1112 decimatos
1402 1070 1553 1112 sacra
1580 1055 1729 1111 Scri-

154 1158 302 1217 ptura
335 1155 559 1203 testatur
585 1146 767 1220 (Hebr.
809 1162 905 1216 vu,
936 1146 991 1215 9,
1018 1148 1130 1221 10);
1152 1148 1292 1219 quod
1320 1146 1562 1221 profecto
1613 1162 1724 1202 non

156 1243 326 1309 ﬁeret,
356 1240 528 1296 sinon
558 1247 739 1313 posset
778 1256 865 1297 res
892 1241 1179 1297 voluntatis
1207 1224 1724 1297 admoveri'semini-

151 1333 270 1395 bus.

216 1422 405 1480 XVIII.
434 1422 553 1489 Jun.
602 1423 708 1481 Sed
753 1423 887 1497 proh
925 1423 1019 1481 Dei
1064 1421 1232 1480 nostri
1265 1431 1423 1495 atque
1449 1422 1727 1481 hominum

154 1517 311 1572 ﬁdem
341 1519 397 1572 ιι
425 1514 669 1575 Haeccine
695 1518 930 1595 potuisse
955 1524 1375 1573 commentorum
1395 1515 1631 1586 prodigia
1650 1530 1727 1569 rc-

151 1601 313 1679 pcriri
339 1650 352 1679 ,
380 1616 438 1665 ut
462 1607 638 1665 dedita
663 1625 824 1687 opera
871 1609 1214 1680 impensoque
1238 1607 1412 1664 studio
1434 1607 1487 1663 in
1510 1622 1726 1685 perver-

148 1716 265 1756 sum
287 1711 551 1758 conentur
575 1702 751 1758 omnia
777 1702 1060 1759 asserere!
1088 1700 1224 1769 Quid
1241 1700 1383 1757 enim
1413 1710 1516 1755 tam
1546 1698 1724 1771 prodi—

147 1790 306 1861 giale,
336 1807 496 1871 quam
526 1791 668 1864 quod
697 1792 895 1848 Poenus
921 1788 1225 1862 eloquitur?
1244 1791 1316 1846 Ea
1338 1831 1354 1857 ,
1384 1790 1584 1861 inquit,
1607 1804 1725 1860 qua:

148 1892 301 1937 erant
344 1883 634 1950 naturalia,
666 1893 920 1967 perpetua
950 1890 1057 1939 non
1102 1881 1344 1948 fuerunt;
1371 1891 1426 1939 et
1454 1881 1537 1937 illa
1560 1923 1576 1950 ,
1607 1898 1724 1953 quae

149 1974 328 2031 studio
357 1984 601 2046 suscepta
627 1984 769 2043 sunt,
790 1974 975 2046 primis
995 1974 1229 2046 coagulis
1252 1972 1525 2029 adhaesere
1551 1988 1723 2027 mem-

148 2066 390 2121 brorum.
413 2065 592 2135 Bonus
611 2108 626 2134 ,
657 2052 861 2143 inquit,
894 2060 1063 2133 Adam
1089 2064 1257 2121 factus
1285 2075 1401 2143 est,
1430 2062 1614 2132 habuit
1638 2060 1723 2131 in-

147 2153 452 2223 nocentiam
505 2142 797 2211 naturalem
821 2142 1070 2222 {ueteris
1094 2157 1253 2211 etiam
1277 2142 1533 2210 creaturis
1562 2171 1724 2227 pecu-

144 2244 262 2299 liari
295 2243 576 2301 nobilitate
596 2245 844 2316 praelatus
866 2286 880 2311 ,
928 2245 1273 2301 similitudine
1315 2244 1395 2300 sui
1425 2242 1723 2301 Conditoris

143 2335 361 2391 enituit.
393 2334 641 2392 Liberum
663 2334 937 2391 arbitrium
965 2335 1019 2391 in
1048 2334 1353 2391 conditione
1374 2334 1634 2406 suscepit,
1665 2343 1724 2391 ut

144 2430 195 2484 in
224 2443 388 2499 quam
430 2427 590 2484 vellet
619 2437 824 2499 partem
850 2437 1041 2499 suopte
1065 2426 1265 2499 judicio
1289 2434 1608 2491 moveretur,
1639 2425 1720 2493 fa-

141 2518 507 2588 cultatemque
533 2518 616 2574 vel
640 2517 706 2573 ad
732 2519 929 2574 bonum
957 2518 1040 2574 vel
1065 2517 1131 2573 ad
1159 2518 1357 2573 malum
1399 2516 1716 2585 accedendi,

140 2610 227 2665 vel
258 2609 330 2664 ab
356 2600 581 2679 utroque
620 2608 925 2677 recedendi,
954 2608 1065 2679 ipsa
1096 2607 1312 2663 facturae
1337 2622 1466 2671 suae.
1496 2622 1596 2678 qua
1618 2623 1721 2662 caa-

143 2701 271 2755 teris
298 2699 606 2766 antistabat,
629 2699 932 2755 conditione
960 2700 1177 2755 sortitus
1204 2708 1307 2756 est.
1332 2699 1437 2756 Sed
1463 2700 1748 2771 quoniam‘

139 2789 484 2860 emancipato
502 2789 702 2861 judicio
725 2790 997 2862 usurpavit
1022 2805 1237 2861 pravam
1264 2789 1426 2846 animi
1448 2790 1602 2846 liberi
1624 2805 1720 2846 vo-

140 2883 435 2947 luntatem,
458 2883 547 2939 illa
575 2883 749 2938 omnia
769 2924 784 2949 ,
801 2898 920 2955 qua:
943 2883 1170 2953 ingenita
1192 2884 1486 2953 constabat,
1500 2883 1717 2952 evertit;

138 2972 429 3044 solumque
459 2981 732 3043 peccatum
756 2980 812 3028 et
829 2973 1081 3044 peccandi
1108 2974 1400 3029 necessitas
1426 2974 1474 3029 ei
1506 2973 1720 3045 insepa-

138 3064 384 3120 rabiliter
411 3063 652 3120 adhzesit.
672 3065 783 3121 lloc
806 3071 892 3121 est
911 3107 926 3132 ,
955 3065 1095 3136 quod
1121 3064 1228 3121 dixi
1258 3065 1547 3137 prodigiale
1575 3082 1722 3122 com-

140 3165 407 3211 mentum.
428 3154 662 3210 lnaudita
681 3154 877 3227 quippe
902 3154 1211 3212 deformitas
1233 3164 1314 3211 est
1334 3156 1510 3213 dicere
1535 3174 1548 3210 :
1576 3156 1721 3213 Bene

139 3247 448 3302 institutum
465 3256 548 3303 est
569 3247 766 3303 animal
781 3290 798 3315 ,
818 3248 872 3303 in
896 3263 1002 3319 quo
1022 3248 1332 3306 amissibilia
1349 3247 1565 3307 fuerunt
1580 3250 1719 3308 bona

138 3339 302 3395 etiam
328 3340 618 3409 naturalia,
650 3341 735 3397 cui
758 3340 1183 3414 inseparabiliter
1204 3342 1547 3401 adhazserunt
1572 3342 1715 3400 mala

140 3432 224 3489 vel
246 3433 572 3489 voluntaria.

209 3528 352 3584 Anc.
381 3526 519 3582 Cum
543 3524 772 3583 dicitur:
801 3545 821 3581 ι
851 3526 995 3584 Bene
1023 3525 1318 3584 institutum
1366 3536 1449 3585 est
1488 3529 1718 3597 animal,

138 3618 191 3673 in
219 3633 331 3690 quo
359 3617 672 3689 amissibilia
700 3617 907 3676 fuerunt
943 3619 1082 3676 bona
1119 3620 1279 3676 etiam
1309 3622 1565 3678 naturalia
1587 3665 1602 3691 ,
1634 3622 1723 3679 cui

136 3711 572 3782 inseparabiliter
615 3711 953 3769 adhaeserunt
989 3713 1127 3769 mala
1168 3714 1501 3782 voluntaria;
1540 3714 1723 3789 prodi-

135 3800 309 3872 giale»
344 3810 502 3872 putas
525 3816 674 3859 «esse
690 3813 1047 3859 commentum
1072 3820 1086 3859 :
1112 3821 1133 3856 ι
1165 3811 1220 3860 et
1240 3802 1352 3860 haec
1370 3820 1400 3859 a
1418 3803 1571 3861 nobis
1592 3805 1718 3874 dici,

136 3901 246 3949 tam
276 3882 628 3950 vehementer
647 3902 702 3949 et
724 3895 919 3951 acriter
940 3895 1292 3952 commoveris
1316 3938 1332 3965 ,
1375 3905 1435 3951 ut
1456 3897 1723 3954 exclames

142 3985 195 4039 iu
248 3985 348 4041 Dei
382 3994 541 4057 atque
565 3984 837 4042 hominum
865 3985 1056 4056 ﬁdem,
1082 3996 1330 4058 tanquam
1355 3989 1461 4043 vim
1505 3989 1724 4059 patiaris

134 4078 258 4149 quia
290 4078 397 4133 ista
419 4077 685 4134 dicuntur.
720 4077 850 4144 Sed,
903 4092 1087 4155 quaso
1110 4120 1125 4147 ,
1178 4078 1444 4135 terribiles
1494 4082 1723 4150 impetus

137 4185 300 4239 pone,
326 4177 385 4225 et
404 4169 631 4239 quietior
658 4170 870 4226 attende
899 4170 1023 4241 quid
1061 4169 1234 4227 dicam
1255 4171 1297 4224 '.
1346 4172 1402 4227 Si
1443 4172 1724 4244 quisquam

133 4263 423 4318 voluntate
443 4276 502 4319 se
532 4271 781 4330 excascet,
813 4278 987 4318 nonne
1014 4264 1218 4320 amittet
1247 4264 1721 4336 naturalebonum,

135 4354 188 4410 id
218 4366 305 4411 est
321 4355 516 4421 visum,
534 4362 588 4411 et
605 4355 655 4412 ei
680 4355 876 4410 malum
898 4356 1276 4424 voluntarium,
1308 4357 1359 4413 id
1380 4366 1461 4415 est
1488 4360 1720 4427 caecitas,

134 4446 573 4518 inseparabiliter
618 4447 962 4504 adhaerebit?
998 4448 1264 4522 Numquid
1292 4451 1413 4507 ideo
1456 4454 1596 4509 male
1643 4460 1724 4510 est

134 4538 343 4593 animal
366 4538 686 4607 institutum,
707 4541 792 4595 cui
811 4538 907 4595 fuit
926 4541 1218 4597 amissibile
1239 4544 1477 4600 naturale
1502 4545 1722 4614 bonum,

133 4639 191 4684 et
207 4629 571 4700 inseparabile
596 4631 954 4687 voluntarium
981 4633 1212 4690 malum?
1227 4635 1334 4690 Cur
1356 4651 1483 4708 ergo
1504 4652 1609 4692 non
1631 4653 1728 4708 po-

132 4723 244 4777 tius
274 4738 379 4803 ego
406 4723 729 4789 exclamem,
762 4722 902 4780 Proh
927 4724 1021 4780 Dei
1056 4727 1223 4781 nostri
1261 4736 1419 4797 atque
1453 4729 1724 4783 hominum

131 4814 309 4871 ﬁdem
336 4815 352 4868 ι
384 4812 626 4871 Ητεεοίηθ
657 4824 761 4870 tam
784 4815 1064 4872 manifesta
1094 4825 1147 4873 et
1169 4826 1292 4874 ante
1317 4818 1499 4874 oculos
1522 4819 1725 4876 consti-

131 4916 253 4960 tuta
276 4907 348 4961 ab
367 4903 584 4962 homine
612 4921 717 4962 non
744 4906 932 4975 videri,
954 4908 1046 4979 qui
1074 4909 1229 4965 valde
1254 4916 1440 4965 acutus
1460 4950 1475 4977 ,
1521 4918 1576 4967 et
1598 4926 1724 4967 eru-

128 4999 318 5065 ditus,
350 5005 406 5053 et
431 4996 879 5070 philosophaster,
921 5009 977 5056 et
1017 5001 1329 5058 dialecticus
1367 5004 1481 5057 vult
1513 5003 1726 5060 videri?

127 5091 273 5158 Quis
302 5090 446 5146 enim
468 5090 740 5160 quodlibet
786 5091 1082 5147 membrum
1110 5094 1154 5148 si
1174 5094 1442 5150 voluntate
1479 5093 1580 5150 sibi
1606 5110 1725 5150 am-

130 5191 327 5247 -utat,
359 5197 467 5237 non
494 5183 687 5238 amittit
712 5184 950 5239 naturale
988 5184 1366 5240 incolumitatis
1410 5185 1639 5251 bonum;
1672 5192 1728 5241 et

124 5276 311 5331 sumit
337 5273 693 5344 inseparabile
722 5274 1140 5332 detruncationis
1156 5275 1356 5331 malum
1376 5277 1401 5331 Ἰ
1421 5278 1526 5334 Sed
1568 5274 1727 5333 forsi-

120 5375 232 5423 tan
261 5365 416 5421 dlcas
429 5408 444 5431 ,
479 5364 531 5421 in
556 5365 710 5422 bonis
726 5368 967 5438 corporis
982 5383 1136 5439 posse
1159 5369 1258 5425 ista
1270 5369 1598 5441 contingere,
1617 5386 1722 5426 non

122 5459 186 5514 in
220 5456 415 5513 animi.
442 5454 551 5513 Cur
591 5474 717 5530 ergo
747 5452 962 5530 quando
988 5461 1172 5516 dixisti
1204 5481 1225 5515 ι
1249 5463 1506 5518 naturalia
1548 5462 1686 5519 bona
1707 5505 1724 5533 ,

117 5551 223 5607 vel
252 5549 557 5608 voluntaria
584 5551 744 5619 mala,
772 5570 791 5606 ι
813 5568 919 5609 non
945 5548 1192 5610 addidisti
1213 5554 1396 5624 animi,
1423 5572 1493 5613 ne
1518 5556 1585 5613 de
1600 5572 1724 5613 cor-

115 5641 293 5713 poris
323 5641 481 5697 bonis
500 5649 555 5697 et
580 5643 736 5699 malis
765 5651 855 5700 tua
897 5644 1256 5703 destrueretur
1298 5662 1534 5719 prmoeps
1559 5657 1615 5705 et
1638 5649 1724 5704 in-

195 5755 689 5831 miscemus“
710 5755 908 5831 ΨΜ
944 5757 1097 5810 nostri
1138 5766 1280 5825 atque
1302 5757 1546 5813 ἰοηιίωη
1582 5758 1727 5827 ﬁde!

106 5823 413 5883 castigatur
435 5829 498 5866 ex
523 5823 874 5883 manuscriptis.

101 5880 253 5994 an;
261 5884 331 5929 Ex
353 5881 694 5943 manusa'iptis
712 5880 1003 5955 restituitur,
1024 5887 1073 5941 et
1086 5882 1290 5948 ardalio:
1304 5884 1495 5947 attende
1516 5884 1635 5951 quid
1654 5884 1727 5943 di-

1518 454 1722 536 nam
1758 472 2044 535 SEXTUS.

3274 474 3411 549 ista

1837 591 2164 647 considerata
2189 595 2447 649 sententia
2471 596 2496 649 ’ἐ
2524 596 2604 650 An
2629 596 2865 654 fortassis
2890 600 3090 657 oblitus
3120 604 3218 657 es?
3247 604 3405 661 Sina-

1838 700 1985 749 mus;
2030 684 2315 741 humanum
2343 698 2423 742 est
2448 707 2460 743 :
2486 689 2579 744 sed
2626 691 2675 744 in
2717 691 2953 748 medium
2984 696 3221 766 procedit
3250 697 3407 754 homo

1836 776 1925 832 ille
1947 778 2036 849 qui
2062 778 2286 843 clamat,
2317 778 2437 835 Non
2462 783 2597 852 quod
2621 781 2754 850 uolo,
2783 786 2914 857 facio
2937 786 3118 845 bonum
3137 802 3155 861 ς
3176 789 3410 867 sedquod

1837 869 1953 926 nolo
1975 871 2186 935 malum,
2219 872 2312 926 hoc
2331 890 2427 944 ago
2449 872 2621 945 (Rom.
2650 890 2744 940 vn,
2778 875 2902 949 15):
2941 887 2993 932 et
3020 881 3249 943 ostendit
3280 878 3405 937 tibi‘

1837 962 2091 1017 nonnulla
2120 962 2257 1018 bona
2280 964 2441 1018 animi
2470 965 2547 1020 sic
2580 964 2753 1035 perire
2796 982 2891 1043 per
2927 969 3249 1027 voluntatem
3298 987 3410 1025 ma-

1835 1052 1961 1120 lam,
1995 1061 2179 1108 utnon
2208 1056 2412 1125 possint
2439 1056 2615 1112 redire
2645 1072 2738 1127 per
2758 1059 2950 1113 bonam
2973 1102 2987 1127 ,
3018 1060 3119 1115 nisi
3164 1060 3303 1118 Deus
3334 1064 3407 1120 fa-

1834 1141 1941 1199 ciat
1987 1144 2127 1214 quod
2171 1160 2274 1200 non
2330 1154 2504 1216 potest
2552 1146 2738 1213 homo,
2767 1149 2893 1204 cui'
2925 1160 2978 1205 et
3003 1150 3200 1206 lmnina
3230 1163 3405 1231 potest

1833 1234 2056 1290 reddere
2082 1236 2352 1292 voluntate
2374 1245 2590 1305 czecata,
2624 1247 2678 1293 et
2700 1239 2937 1294 membra
2959 1240 3230 1313 voluntate
3254 1253 3403 1300 trun-

1832 1333 1968 1381 cata.
2003 1326 2222 1395 Deinde,
2253 1329 2341 1398 qui
2368 1328 2434 1383 de
2469 1329 2582 1398 ipso
2601 1328 2812 1385 diabolo
2842 1347 3194 1413 responsurus
3215 1350 3293 1400 es,
3316 1334 3404 1415 qui

1832 1417 2024 1472 bonam
2064 1418 2387 1474 voluntatem
2420 1420 2831 1491 irreparabiliter
2857 1423 3136 1493 perdidit?
3179 1427 3258 1481 An‘
3286 1442 3402 1480 eam

1831 1512 2066 1581 reparari
2094 1527 2250 1582 posse
2278 1511 2516 1568 dicturus
2544 1529 2602 1569 es
2622 1514 2645 1568 ἲ
2669 1513 2819 1571 Aude
2843 1516 2883 1581 ³,
2911 1517 2956 1571 si
3003 1525 3170 1587 potes.
3201 1517 3282 1579 An
3310 1534 3406 1597 po-

1832 1603 1937 1658 tius
1962 1604 2295 1659 conﬁteherls
2317 1647 2330 1670 ,
2357 1605 2497 1676 quod
2524 1606 2574 1659 in
2603 1617 2833 1677 mentem
2858 1608 2949 1664 tibi
2980 1609 3137 1665 etiam
3172 1611 3271 1666 ista
3294 1628 3399 1675 non

1830 1695 2100 1761 venerint,
2132 1703 2186 1750 et
2209 1694 2396 1750 horum
2424 1696 2619 1751 oblivio
2650 1705 2701 1753 te
2730 1698 3406 1772 fecerittemcrariampras-

1829 1784 2050 1854 cipitare
2078 1787 2393 1841 sententiam
2416 1786 2439 1840 ?
2462 1785 2542 1842 Me
2568 1801 2694 1858 ergo
2722 1786 2907 1844 saltem
2928 1802 3401 1858 commemorante,

1829 1884 1883 1931 te
1907 1877 2130 1947 corrige.
2157 1878 2236 1932 An
2266 1879 2550 1948 pertinacia
2572 1881 2836 1959 corrigere
2850 1897 2951 1936 non
2972 1884 3245 1952 permittit,
3261 1885 3403 1956 quod

1829 1966 2123 2021 inconsulta
2151 1968 2426 2023 temeritas
2440 1969 2576 2023 dixit
2593 2012 2606 2034 ,
2632 1981 2684 2025 et
2710 1970 2882 2041 pudor
2907 1973 3293 2030 emendationis
3318 1974 3400 2031 la-

1832 2073 1983 2129 psum
2012 2058 2294 2115 conﬁrmat
2318 2062 2515 2116 erroris
2538 2060 2740 2129 ?Dcus,
2761 2073 2817 2117 nt
2836 2063 3011 2132 video,
3030 2081 3127 2137 pro
3141 2075 3190 2122 te
3212 2082 3403 2140 rogan-

1826 2150 1926 2205 dus
1956 2158 2038 2206 est
2071 2169 2084 2207 :
2113 2166 2270 2221 quem
2301 2152 2521 2223 rogabat
2563 2152 2848 2224 Apostolus
2891 2171 2987 2225 pro
3019 2142 3294 2225 l'sraelitis,
3344 2164 3403 2215 u'.

1826 2252 2040 2300 sanaret
2058 2259 2177 2310 eos,
2210 2246 2297 2315 qui
2321 2246 2625 2315 ignorantes
2650 2248 2740 2302 Dei
2759 2246 3041 2317 justitiam,
3068 2258 3121 2304 ct
3149 2265 3296 2306 suam
3315 2251 3402 2335 ju-

1827 2335 2023 2390 stitiam
2081 2335 2323 2390 volentes
2367 2337 2723 2413 constituere,
2761 2338 2978 2407 justitiaa
3024 2340 3117 2395 Dei
3173 2341 3396 2412 subjecti

1825 2443 1930 2482 non
1981 2432 2133 2481 erant
2179 2424 2291 2496 (Id.
2346 2443 2400 2495 x,
2446 2427 2497 2492 1,
2524 2426 2600 2500 5).
2633 2426 2790 2483 Tales
2814 2430 2954 2484 enim
2997 2428 3124 2485 estis
3168 2439 3224 2487 et
3268 2420 3394 2498 vos,

1826 2517 1914 2588 qui
1938 2516 2197 2587 justitiam
2221 2524 2452 2572 vestram
2485 2517 2643 2572 vultis
2671 2518 2994 2573 constituere
3015 2561 3030 2586 ,
3059 2534 3213 2591 quam
3246 2522 3397 2578 vobis

1826 2624 1920 2664 vos
1951 2608 2120 2664 facitis
2136 2624 2203 2663 ex
2230 2619 2409 2664 vestro
2437 2608 2607 2665 libero
2634 2610 2889 2679 arbitrio;
2921 2626 3027 2667 non
3057 2628 3121 2668 ex
3161 2612 3268 2669 Deo
3294 2629 3392 2684 po-

1825 2697 1973 2755 scitis
1999 2707 2054 2755 et
2074 2698 2282 2756 sumitis
2314 2714 2529 2765 veram,
2565 2716 2686 2772 qua:
2716 2702 2855 2758 dicta
2903 2712 2985 2758 est
3025 2702 3226 2775 justitia
3269 2705 3395 2772 Dei;

1824 2806 1931 2848 non
1961 2794 2045 2848 illa
2076 2809 2178 2864 qua
2196 2793 2370 2863 justus
2399 2801 2483 2848 est
2505 2793 2659 2861 Deus,
2691 2793 2806 2860 sed,
2836 2810 2954 2866 quae
2981 2794 3136 2851 datur
3157 2813 3221 2853 ex
3251 2797 3393 2864 Deo;

1825 2885 1960 2939 sicut
1982 2884 2189 2939 Domini
2220 2891 2300 2939 est
2331 2884 2474 2939 salus
2503 2883 2674 2955 (Psai.
2699 2900 2774 2953 ιιι,
2802 2886 2880 2957 9),
2900 2902 3003 2940 non
3026 2903 3125 2956 qua
3146 2884 3398 2944 Dominus

1824 2974 2001 3030 salvus
2024 2973 2136 3041 (ιιι,
2165 2974 2257 3029 sed
2282 2990 2383 3045 qua
2410 2974 2585 3029 salvos
2602 2974 2752 3035 facit.
2775 2974 2925 3031 Unde
2946 2976 3073 3031 dicit
3097 2976 3235 3032 idem
3262 2994 3395 3048 apo-

1825 3067 1992 3122 stolus
2024 3083 2037 3119 :
2070 3065 2135 3122 Ut
2155 3065 2381 3120 inveniar
2409 3066 2462 3120 in
2490 3065 2579 3120 illo
2605 3082 2704 3120 non
2731 3065 2916 3121 habens
2945 3083 3105 3121 meum
3122 3068 3392 3141 justitiam,

1822 3175 1935 3230 qua:
1961 3175 2023 3213 ex
2041 3158 2146 3231 lege
2184 3167 2291 3225 est;
2315 3159 2404 3214 sed
2432 3176 2542 3214 eam
2560 3201 2576 3227 ,
2606 3173 2718 3227 quae
2745 3167 2815 3213 est
2833 3176 2899 3214 ea;
2917 3160 3037 3229 ﬁde,
3060 3161 3309 3233 justitiam
3331 3179 3398 3218 ea:

1824 3248 1933 3304 Deo
1961 3248 2218 3322 (Philipp.
2248 3265 2328 3314 tu,
2353 3247 2432 3321 9).
2479 3249 2596 3320 ipsa
2623 3258 2706 3304 est
2727 3250 2928 3319 justitia
2961 3252 3086 3317 Dei,
3113 3268 3269 3323 quam
3300 3270 3393 3310 ue~

1824 3341 2067 3398 sciebant
2088 3341 2356 3409 lsraelitte,
2384 3350 2438 3396 et
2466 3356 2613 3396 suam
2644 3341 2890 3397 volebant
2913 3344 3257 3413 constituere,
3280 3362 3398 3417 quas

1824 3447 1892 3489 ex
1914 3432 2032 3502 lege
2053 3442 2134 3488 est
2166 3450 2180 3486 :
2213 3448 2370 3503 quam
2399 3432 2592 3488 Paulus
2622 3432 2919 3500 dcstruens,
2950 3450 3055 3490 non
3085 3436 3253 3507 legem
3286 3438 3393 3493 uti-

1826 3538 1929 3594 que
1957 3522 2295 3589 destruebat,
2314 3523 2407 3578 sed
2434 3538 2618 3579 eorum
2647 3525 2978 3595 superbiam,
3005 3526 3095 3598 qui
3118 3527 3286 3599 legem
3301 3526 3403 3585 sibi

1826 3614 2072 3671 sufﬁcere
2098 3614 2386 3685 putabant,
2422 3624 2669 3687 tanquam
2717 3631 2811 3687 per
2854 3617 3081 3674 liberum
3123 3622 3400 3679 arbitrium
3450 3626 3457 3631 ’

1822 3707 2079 3778 justitiam
2110 3707 2240 3779 legis
2262 3708 2543 3778 implentes
2559 3749 2573 3774 ,
2600 3718 2653 3764 et
2673 3709 2986 3780 ignorabant
3009 3712 3097 3768 Dei
3117 3713 3403 3785 justitiam,

1827 3814 1950 3870 qua:
1975 3799 2130 3854 datur
2153 3814 2217 3854 ex
2237 3799 2376 3866 Deo,
2402 3807 2458 3855 ut
2488 3798 2631 3871 quod
2660 3801 2740 3856 lex
2753 3801 2925 3872 jubet,
2948 3803 3289 3861 subvenientc
3311 3807 3398 3863 illo

1827 3892 1939 3960 ﬁat,
1972 3892 2122 3963 cujus
2141 3892 2395 3963 sapientia
2424 3891 2593 3964 legem
2621 3901 2675 3950 et
2702 3892 3119 3951 misericordiam
3148 3897 3201 3952 in
3226 3898 3400 3969 lingua

1827 3991 2002 4053 portat
2030 3982 2207 4052 (Prov.
2239 3998 2315 4051 ill,
2347 3984 2444 4050 l6,
2482 4001 2580 4059 sec.
2608 3982 2804 4059 LXX):
2835 3986 3001 4057 legem
3026 4029 3042 4055 ,
3075 3989 3195 4059 quia
3220 3988 3397 4059 jubet;

1828 4077 2267 4144 misericordiam,
2297 4077 2419 4148 quia
2441 4077 2590 4148 juvat
2612 4120 2628 4146 ,
2651 4088 2708 4134 ut
2730 4078 2820 4134 fiat
2845 4080 2985 4151 quod
3028 4080 3199 4151 jubet.
3256 4081 3404 4141 Hanc

1829 4170 1923 4225 Dei
1939 4169 2197 4240 justitiam
2226 4170 2563 4240 concupisce,
2590 4185 2623 4225 ο
2647 4170 2719 4225 fili
2736 4170 2963 4235 Juliane,
2981 4173 3085 4228 noli
3110 4173 3162 4228 in
3189 4181 3276 4230 tua
3298 4176 3403 4230 vir-

1832 4268 1943 4316 tute
1966 4258 2234 4315 conﬁdere
2262 4276 2273 4312 :
2306 4259 2464 4328 hanc,
2495 4260 2731 4331 inquam,
2765 4261 2859 4317 Dei
2903 4264 3219 4334 concupisce
3256 4265 3400 4335 justi-

1830 4353 1954 4408 tiam
1973 4367 1988 4419 ;
2007 4367 2163 4424 quam
2183 4350 2346 4408 donet
2375 4350 2465 4407 tibi
2496 4351 2752 4407 Dominus
2795 4354 3175 4424 concupiscere
3197 4397 3212 4422 ,
3240 4356 3403 4414 donet

1828 4445 1923 4500 tibi
1946 4445 2201 4501 Dominus
2225 4454 2281 4501 et
2319 4446 2535 4500 habere.
2566 4442 2683 4499 Noli
2733 4444 2891 4499 istum
2921 4444 3140 4502 Paulum
3172 4461 3399 4502 monen-

1830 4545 1937 4592 tem
1966 4536 2047 4591 vel
2071 4535 2447 4592 admonentem
2477 4545 2685 4591 terrena
2705 4535 2917 4591 inﬂatus
2941 4538 3226 4607 prepagine
3248 4553 3399 4617 spera

1828 4642 1979 4683 nere.
2007 4627 2121 4682 Non
2150 4627 2291 4683 enim
2321 4628 2443 4696 quia
2470 4635 2524 4682 te
2549 4628 2733 4697 Apulia
2777 4629 2988 4700 genuit,
3043 4630 3162 4686 ideo
3207 4630 3399 4689 Pmnos

1827 4718 2116 4774 vincendos
2141 4719 2410 4774 existimes
2437 4726 2622 4788 gente,
2669 4732 2803 4789 quos
2846 4735 2954 4775 non
3001 4730 3151 4790 potes
3201 4731 3399 4777 mente.

1829 4810 2022 4867 Poenas
2047 4810 2219 4881 potius
2246 4809 2399 4882 fuge,
2452 4824 2558 4865 non
2609 4811 2843 4867 Panos:
2874 4826 2995 4866 nam
3035 4812 3397 4882 disputatores

1829 4904 2024 4960 Poenos
2045 4917 2148 4958 non
2180 4913 2328 4973 potes
2349 4901 2564 4973 fugere,
2593 4903 2846 4974 quamdiu
2874 4910 2924 4958 te
2952 4903 3182 4960 deiectat
3221 4905 3274 4959 in
3305 4912 3396 4962 tua

1830 4996 2024 5051 virtute
2052 4996 2353 5061 conﬁdere;
2400 5003 2453 5049 et
2495 4995 2681 5051 licatus
2706 4996 2846 5052 enim
2872 4994 3169 5068 Cyprianus
3206 4997 3403 5057 Mnus

1828 5086 1943 5151 fuit,
1972 5087 2060 5157 qui
2090 5087 2239 5154 dixit,
2273 5086 2361 5142 cln
2380 5088 2526 5142 nullo
2551 5088 2881 5159 gloriandum
2897 5129 2911 5153 ,
2933 5089 3146 5159 quando
3162 5101 3402 5148 nostrum

1829 5180 1958 5234 nihil
1985 5180 2082 5234 sit)
2114 5179 2216 5250 (Ad
2243 5178 2530 5246 Quirinum,
2551 5179 2637 5234 tib.
2669 5179 2723 5247 5,
2752 5196 2868 5249 cap.
2890 5180 2967 5252 4).

1901 5269 2043 5325 XIX.
2069 5270 2185 5326 ius.
2216 5270 2312 5325 illc
2336 5270 2478 5327 dicat
2526 5270 2718 5342 aliquis
2747 5312 2763 5339 ,
2795 5270 2933 5341 Quid
2963 5287 3090 5343 ergo
3111 5273 3138 5327 ’ἔ
3166 5283 3219 5327 ιιι
3241 5289 3402 5343 negas

1829 5362 1975 5417 illam
2003 5362 2387 5429 innocentiam,
2412 5362 2463 5417 in
2485 5375 2588 5432 qua
2610 5361 2784 5417 fuerat
2808 5363 3051 5418 conditus
3070 5405 3085 5431 ,
3124 5363 3403 5434 spontanci

1831 5454 2031 5526 peccati
2063 5454 2389 5510 admissione
2415 5464 2717 5526 corruptam
2741 5456 2767 5510 ἓ
2795 5455 2924 5510 Nam
2947 5457 3049 5511 etsi
3084 5455 3405 5526 possibilitas

1830 5547 2130 5603 revertendi
2147 5547 2215 5604 ad
2239 5547 2436 5602 bonum
2464 5549 2746 5603 commissa
2768 5548 3043 5619 iniquitate
3060 5562 3166 5604 non
3184 5557 3405 5619 pereat;

1830 5699 2393 5814 ωᾶἰέεριέἠεεωιαιάὶι
2423 5701 2653 5761 nonnulla
2688 5701 2838 5767 ιωαέ
3180 5701 3295 5772 tibi.
3339 5715 3405 5769 εκ

1894 5825 1916 5891 ξ
1947 5830 2097 5891 lum.
2122 5834 2251 5891 Man,
2275 5825 2376 5891 qui.

1895 5888 1916 5919 ³
1946 5889 2091 5947 Editi,
2127 5890 2260 5940 audi.
2288 5888 2618 5940 'Emendantur
2655 5901 2719 5941 ex
2744 5896 2849 5940 Mss.

1895 5948 1917 5981 ⁸
1952 5952 2237 6019 Vignicrius,
2258 5952 2334 6017 sit.
2371 5960 2496 6015 Mart"
2518 5950 2593 6016 ﬁt.
