4006 6516
529 509 667 568 1545

524 636 704 684 tamen
745 635 949 682 certum
997 633 1078 680 est
1127 627 1376 681 meritum
1425 626 1776 691 innocentize,
1831 642 1952 682 cum
2006 639 2111 696 qua

524 719 815 775 humanum
839 717 1082 788 procedit
1103 717 1411 786 exordium,
1442 717 1728 772 voluntatis
1755 717 1882 772 vitio
1910 717 2106 788 deper—

523 814 623 870 ire.
664 814 735 868 At
781 827 880 884 ego
908 813 979 868 ita
1022 811 1075 867 id
1131 827 1249 869 esse
1296 827 1403 867 non
1429 813 1605 869 abnuo
1637 830 1650 867 :
1681 810 1774 867 sed
1822 811 1951 867 illud
1987 819 2107 878 est,

522 905 664 977 quod
692 904 777 960 his
803 905 1155 960 illuminatum
1196 905 1454 976 exemplis
1504 905 1658 970 volo,
1683 905 1806 974 quia
1836 920 1955 958 cum
1989 903 2110 959 talis

521 996 591 1052 sit
617 995 851 1050 conditio
888 995 1024 1051 facta
1063 996 1396 1066 qualitatum,
1435 1012 1531 1066 per
1559 1011 1692 1066 quas
1724 997 1850 1052 boni
1882 1007 1935 1052 et
1983 997 2109 1051 mali

521 1087 767 1152 dicimur,
796 1097 853 1143 ut
891 1089 990 1143 sub
1008 1089 1129 1158 jure
1155 1089 1354 1160 agitent
1384 1088 1704 1154 voluntatis;
1753 1096 1966 1157 tamque
2007 1086 2110 1143 hoc

518 1181 588 1235 sit
630 1180 771 1236 serio
812 1180 1180 1245 constitutum,
1237 1192 1296 1236 ut
1330 1195 1429 1237 nec
1480 1181 1803 1249 innocentia,
1850 1197 1970 1252 qua:
2012 1196 2108 1252 pro

520 1271 777 1344 dignitate
801 1273 1032 1328 auctoris
1060 1273 1295 1329 oflicium
1327 1275 1598 1329 antevenit
1616 1275 1903 1329 voluntatis
1926 1283 1979 1329 et
2004 1289 2103 1328 na-

519 1364 706 1419 turalis
757 1374 874 1430 est;
908 1376 1084 1420 tamen
1114 1366 1254 1420 nulla
1290 1381 1350 1422 se
1376 1376 1637 1436 potestate
1661 1367 1714 1421 in
1738 1367 1917 1421 animo
1945 1382 2106 1436 repu-

519 1465 716 1526 gnante
744 1455 1028 1522 custodiat,
1059 1457 1215 1528 longe
1234 1457 1497 1528 longeque
1525 1459 1752 1530 amplius
1777 1458 1880 1514 hoc
1910 1459 1962 1512 in
1981 1458 2105 1513 mali

522 1557 672 1618 parte
695 1549 784 1618 jus
811 1549 1006 1616 valeat,
1031 1558 1090 1603 ut
1110 1549 1309 1604 nullam
1338 1553 1389 1604 in
1413 1551 1634 1606 rationis
1658 1552 1877 1606 exitium
1920 1559 2104 1623 tyran-

519 1640 697 1697 nidem
727 1652 972 1712 capessat
1000 1643 1156 1713 culpa
1179 1643 1453 1698 voluntate
1479 1655 1746 1714 suscepta.
1775 1644 1844 1698 Et
1881 1645 1923 1699 si
1964 1645 2102 1698 bona

518 1733 777 1803 qualitas,
810 1748 931 1788 cum
962 1749 1063 1804 qua
1093 1735 1261 1789 factus
1286 1744 1370 1790 est
1397 1736 1560 1790 homo
1580 1777 1594 1801 ,
1621 1735 1967 1791 immutabilis
1996 1749 2103 1790 non

519 1821 617 1878 fuit
647 1823 802 1896 (falso
825 1826 967 1879 enim
1002 1825 1271 1880 diceretur
1298 1826 1434 1881 liber
1462 1826 1646 1894 homo,
1683 1827 1728 1881 si
1772 1835 1949 1880 motus
1975 1841 2104 1896 pro-

518 1917 662 1986 prios
689 1919 897 1972 variare
923 1934 1027 1973 non
1057 1918 1262 1990 posset)
1288 1937 1302 1974 :
1330 1919 1500 1973 multo
1524 1919 1691 1990 magis
1713 1919 1942 1990 qualitas
1966 1919 2102 1974 mala

517 2008 628 2062 ﬁeri
683 2025 789 2064 non
842 2012 1041 2080 potuit,
1073 2020 1130 2065 ut
1169 2009 1513 2064 immutabilis
1551 2021 1604 2065 et
1641 2011 1912 2066 rationalis
1938 2013 1994 2066 ‘z
2035 2025 2104 2066 ne

516 2098 604 2154 illa
636 2101 770 2154 ratio
792 2102 1051 2157 libertatis
1079 2101 1446 2172 praeiudicium
1469 2117 1500 2156 a
1523 2102 1645 2157 mali
1673 2111 1822 2172 parte
1843 2104 2098 2170 sentiret,

516 2191 657 2261 quod
693 2201 910 2263 propter
933 2201 1128 2249 statum
1153 2207 1306 2248 suum
1336 2208 1437 2249 nec
1455 2209 1485 2248 a
1505 2193 1629 2250 boni
1646 2195 1891 2264 portione
1917 2203 2103 2264 pertu-

515 2281 670 2337 lerat.

587 2377 723 2432 Anc.
752 2375 893 2432 Ecce
922 2385 977 2432 tu
1006 2392 1215 2448 quoque
1243 2377 1512 2445 invenisti,
1543 2385 1598 2433 et
1621 2380 1864 2449 quamvis
1892 2381 2097 2451 serius,

517 2475 694 2522 tamen
721 2468 1007 2538 aliquando
1051 2469 1145 2524 tibi
1186 2471 1330 2524 venit
1354 2470 1407 2524 in
1436 2478 1668 2526 mentem
1689 2512 1704 2538 ,
1737 2472 1875 2528 unde
1903 2483 1988 2529 tua
2018 2485 2100 2532 te-

444 2553 448 2556 ’
513 2561 740 2614 meraria
763 2561 1023 2615 sententia
1049 2561 1356 2616 destruatur
1378 2579 1392 2614 :
1412 2561 1589 2618 dixisti
1614 2565 1828 2634 quippe,
1858 2569 2102 2626 naturale

513 2650 710 2706 bonum
738 2692 751 2715 ,
795 2651 936 2721 quod
975 2661 1058 2708 est
1086 2651 1391 2707 innocentia
1412 2696 1426 2720 ,
1469 2669 1629 2724 posse
1659 2657 1946 2713 voluntatis
1972 2661 2101 2716 vitio

513 2741 758 2811 deperire
782 2759 794 2795 :
817 2758 879 2797 ac
908 2757 1005 2813 per
1043 2743 1145 2798 hoc
1174 2752 1278 2798 tam
1310 2761 1558 2816 magnum
1598 2747 1795 2803 bonum
1815 2791 1830 2816 ,
1860 2751 2000 2820 quod
2027 2751 2100 2808 ita

513 2835 746 2904 pertinet
774 2833 840 2889 ad
870 2843 1135 2900 naturam,
1168 2853 1274 2891 non
1304 2839 1564 2907 corporis,
1595 2838 1690 2893 sed
1715 2839 1880 2910 ipsius
1904 2842 2096 2911 animi,

511 2936 571 2983 ut
603 2942 722 2982 cum
749 2927 864 2997 ipso
890 2927 1031 2982 bono
1067 2927 1210 2984 Deus
1239 2928 1510 2984 hominem
1553 2929 1766 2998 fecerit,
1810 2933 2099 2991 amissibile

511 3033 632 3074 esse
660 3019 967 3074 monstrasti
988 3038 1002 3075 :
1023 3019 1166 3090 quod
1213 3020 1260 3074 si
1307 3028 1430 3076 ante
1473 3021 1568 3077 tibi
1599 3022 1830 3078 venisset
1859 3022 1912 3078 in
1944 3039 2097 3080 men-

511 3119 619 3165 tem
641 3151 656 3174 ,
686 3125 792 3166 non
825 3119 1036 3180 putares
1062 3110 1426 3181 prodigialiter
1454 3121 1508 3168 et
1535 3113 1756 3167 nimium
1784 3113 2099 3172 deformiter

509 3202 638 3268 dici,
673 3220 692 3253 ‹
717 3203 861 3257 Bene
891 3202 1192 3257 institutum
1218 3211 1301 3257 est
1323 3203 1539 3271 animal,
1571 3205 1622 3259 in
1651 3221 1756 3276 quo
1784 3206 2097 3262 amissibilia

509 3292 725 3359 fuerunt
759 3292 897 3347 bona
934 3294 1094 3348 etiam
1137 3293 1436 3348 naturalia:
1465 3313 1484 3346 ›
1536 3295 1842 3350 amissibilia
1869 3297 2012 3352 enim
2041 3306 2098 3354 tu

511 3383 709 3454 putasti
733 3397 854 3438 esse
875 3425 887 3447 ,
917 3383 1011 3438 sed
1042 3383 1363 3450 voluntaria,
1394 3385 1474 3439 vel
1500 3385 1661 3453 bona,
1690 3387 1772 3442 vel
1801 3388 1970 3454 mala;
2003 3403 2098 3444 na-

512 3477 699 3531 turalia
741 3490 870 3530 vero
899 3476 1042 3530 soles
1082 3476 1446 3542 inamissibilia
1493 3478 1803 3547 praedicare.
1836 3481 1917 3536 Tu
1951 3481 2097 3537 enim

510 3574 566 3622 et
608 3565 732 3621 alibi
779 3565 950 3630 dicis,
994 3565 1115 3635 quia
1169 3584 1188 3616 ι
1214 3567 1471 3621 naturalia
1500 3567 1568 3621 ab
1598 3569 1746 3624 initio
1785 3572 2096 3628 substantia:

509 3672 679 3727 usque
707 3655 772 3710 ad
803 3656 1082 3710 terminum
1103 3655 1243 3711 illius
1275 3667 1616 3727 perseverant
1641 3679 1660 3711 ι
1679 3658 1898 3730 (Supra,
1927 3661 2015 3716 lib.
2034 3665 2090 3732 2,

511 3766 628 3818 cap.
654 3747 742 3819 76)
768 3767 780 3803 :
803 3748 870 3803 ad
909 3749 1010 3804 hoc
1051 3759 1106 3803 ut
1145 3750 1370 3805 liberum
1393 3739 1701 3818 arbitrium,
1730 3755 1869 3824 quod
1895 3755 2096 3812 homini

510 3841 652 3897 Deus
671 3883 685 3906 ,
711 3857 832 3896 cum
855 3856 976 3896 eum
999 3852 1228 3909 crearet,
1259 3842 1425 3909 dedit,
1455 3845 1624 3898 amitti
1656 3861 1758 3900 non
1788 3862 1942 3916 posse
1969 3863 2098 3903 cou-

509 3935 730 4000 tcndas;
761 3935 1026 4004 przecipue
1049 3950 1297 3991 asserens
1325 3938 1582 3993 naturalia
1613 3937 1750 3994 bona
1779 3941 2096 3998 voluntariis

511 4028 664 4083 malis
687 4028 861 4097 perire
881 4043 985 4082 non
1007 4042 1183 4097 posse.
1199 4027 1268 4082 Et
1285 4027 1406 4084 ideo
1427 4029 1622 4097 dicitis,
1647 4032 1786 4102 quod
1805 4033 1856 4087 in
1877 4049 2096 4104 perver-

509 4136 627 4176 sum
662 4121 839 4176 omnia
873 4136 1131 4176 conemur
1155 4137 1420 4191 asserere,
1452 4132 1699 4194 tanquam
1725 4125 1963 4184 dicamus
1989 4145 2094 4185 nou

511 4227 669 4284 posse
697 4212 866 4267 amitti
893 4213 1188 4268 voluntaria
1216 4213 1353 4267 mala
1373 4253 1388 4279 ,
1434 4229 1594 4286 posse
1620 4227 1796 4273 autem
1837 4221 2096 4276 naturalia

509 4305 650 4362 bona
677 4325 691 4361 :
715 4305 855 4376 quod
893 4321 990 4361 nos
1037 4304 1250 4375 quidem
1283 4319 1386 4360 non
1413 4305 1672 4373 dicimus;
1703 4318 1928 4381 utraque
1951 4312 2095 4367 enim

510 4399 738 4454 dicimus
751 4398 920 4453 amitti
939 4413 1124 4468 posse;
1148 4399 1239 4454 sed
1262 4400 1398 4453 mala
1415 4416 1533 4470 quae
1554 4401 1874 4458 invehuntur
1891 4421 1984 4474 per
2002 4421 2098 4460 vo-

510 4493 767 4548 luntatem
803 4491 1061 4557 liberam,
1107 4507 1206 4560 per
1246 4491 1476 4546 divinam
1521 4494 1896 4565 indulgentiam
1939 4514 2097 4567 posse

511 4585 704 4652 amitti,
737 4585 822 4640 vel
845 4601 940 4654 per
962 4585 1244 4638 humanam
1270 4585 1616 4654 voluntatem,
1651 4589 1744 4644 sed
1771 4605 1800 4642 a
1827 4591 1934 4646 Deo
1965 4593 2097 4648 libe-

510 4689 710 4747 ratam,
737 4686 792 4733 et
814 4693 846 4733 a
873 4678 1098 4733 Domino
1116 4688 1490 4749 praeparatam.
1518 4680 1714 4736 Verum
1746 4690 1799 4737 tu
1830 4684 1918 4753 qui
1941 4685 2092 4751 dicis,

515 4771 685 4827 amitti
723 4785 880 4840 posse
919 4785 1013 4840 per
1041 4770 1370 4826 voluntatem
1417 4773 1606 4827 malam
1626 4814 1640 4838 ,
1673 4774 1767 4828 sed
1800 4775 2096 4831 voluntaria

511 4865 684 4930 bona,
715 4878 822 4918 non
848 4862 1128 4929 naturalia,
1151 4878 1279 4919 ecce
1298 4864 1565 4930 invenisti,
1597 4875 1755 4936 atque
1776 4867 1888 4935 ipse
1916 4866 2096 4922 dixisti

513 4957 870 5013 innocentiam
896 4997 910 5021 ,
945 4955 1085 5026 quod
1115 4964 1197 5012 est
1224 4958 1464 5012 naturale
1491 4957 1708 5023 bonum,
1740 4959 1908 5012 amitti
1942 4975 2097 5029 posse

515 5067 612 5123 per
649 5050 1005 5106 voluntarimn
1051 5049 1270 5103 malum.
1301 5050 1366 5104 Et
1396 5049 1695 5105 innocentia
1717 5091 1732 5114 ,
1776 5050 1819 5105 si
1853 5051 1988 5106 bene
2011 5060 2094 5106 at-

516 5142 735 5209 tendas,
784 5142 955 5211 majus
980 5141 1175 5196 bonum
1205 5151 1314 5206 est,
1347 5157 1504 5211 quam
1534 5142 1756 5196 liberum
1784 5143 2095 5200 arbitrium:

515 5235 639 5305 quia
664 5234 964 5289 innocentia
995 5249 1083 5289 res
1117 5233 1378 5288 bonorum
1407 5243 1508 5298 est,
1540 5234 1764 5290 liberum
1793 5251 1920 5291 vero
1949 5237 2095 5292 arbi-

514 5326 674 5380 trium
714 5335 768 5381 et
803 5325 1066 5380 bonorum
1110 5334 1224 5391 est,
1273 5335 1327 5380 et
1367 5325 1648 5380 malorum.
1701 5326 1887 5383 Utrum
1916 5340 2096 5386 autem

1171 506 1414 564 ΟΡΕῆΙὸ
1455 505 1863 564 IMPERFECTI
1904 505 2176 566 coxrna
2213 505 2573 581 JULlANUM,
2597 472 2672 568 's.
2713 511 3084 571 mensum

3669 519 3804 580 15M

2221 625 2419 697 aliquid
2448 627 2515 683 de
2535 627 2851 685 innocentite
2871 629 3169 700 perditione
3196 629 3494 702 contingat,
3527 643 3580 688 ct
3609 635 3804 691 volun-

2221 719 2355 775 tario
2382 727 2528 775 motu
2572 721 2747 790 perire
2786 723 2985 792 possit,
3018 722 3195 778 redire
3220 737 3324 778 non
3351 725 3541 796 possit.
3577 726 3711 782 Nam
3749 738 3801 786 et

2218 826 2368 867 sacra
2393 813 2687 884 virginitas,
2718 815 2761 870 si
2789 831 2882 886 per
2901 815 3219 887 impudicam
3246 825 3426 887 pereat
3451 817 3798 889 voluntatem,

2217 903 2284 958 ad
2332 906 2638 975 pudicitiam
2685 906 2850 962 rediri
2877 907 2894 939 ί
2935 915 3145 978 potest,
3184 907 3251 962 ad
3294 909 3652 979 virginitatem
3696 927 3800 968 non

2216 1003 2412 1065 potest.
2443 996 2551 1052 Sed
2578 996 2753 1052 adhuc
2778 998 3150 1068 respondetur,
3181 1009 3236 1055 et
3263 1000 3618 1072 integritatem
3642 1002 3801 1073 virgi-

2215 1087 2432 1141 nitatis'
2460 1087 2510 1141 in
2541 1103 2767 1160 corpore
2786 1131 2801 1154 ,
2835 1105 2942 1144 non
2969 1092 3151 1161 utique
3176 1091 3337 1146 animi
3365 1107 3486 1149 esse
3507 1135 3522 1160 ,
3554 1092 3653 1149 sed
3680 1110 3803 1150 cor-

2215 1178 2361 1246 poris
2387 1194 2400 1232 :
2423 1193 2544 1233 cum
2572 1195 2698 1235 vero
2728 1179 2796 1236 de
2826 1181 3126 1237 innocentia
3157 1183 3508 1253 disputatur‘,
3541 1194 3596 1240 et
3625 1195 3802 1242 tamen

2215 1270 2662 1326 considerandum
2709 1283 2830 1341 est,
2883 1283 3060 1328 utrum
3109 1273 3176 1330 ad
3223 1275 3485 1344 justitiam
3533 1277 3802 1334 voluntate

2212 1361 2398 1417 redeat
2421 1363 2510 1432 qui
2541 1363 2864 1432 peccaverit,
2895 1379 3002 1419 non
3032 1365 3099 1418 ad
3125 1365 3520 1431 innocentiam;
3549 1367 3688 1420 sicut
3718 1367 3801 1424 illa

2213 1453 2280 1509 ad
2311 1454 2618 1525 pudicitiam
2641 1498 2657 1526 ,
2691 1472 2795 1511 non
2825 1458 2891 1511 ad
2918 1457 3272 1528 virginitatem
3313 1458 3471 1514 redit.
3502 1458 3636 1514 Nam
3666 1461 3802 1516 sicut

2211 1545 2468 1616 injustitia
2505 1547 2754 1617 iustitiae;
2789 1549 2859 1602 ita
2896 1549 3216 1604 innocentize
3249 1549 3396 1606 velut
3442 1550 3558 1621 ejus
3591 1560 3802 1607 contra-

2212 1639 2373 1705 rium,
2393 1656 2498 1694 non
2518 1641 2800 1712 injustitia,
2823 1641 2918 1698 sed
2938 1652 3118 1698 reatus
3139 1644 3444 1713 opponitur,
3463 1645 3549 1714 qui
3570 1643 3800 1701 hominis

2209 1730 2484 1787 voluntate
2521 1749 2629 1789 non
2659 1734 2890 1802 tollitur,
2920 1734 3021 1790 etsi
3048 1735 3163 1806 ejus
3193 1737 3466 1792 voluntate
3496 1739 3565 1793 sit
3605 1737 3795 1796 factus.

2209 1822 2326 1878 Non
2354 1826 2497 1880 enim
2527 1841 2714 1882 verum
2759 1827 2932 1894 videt,
2977 1827 3068 1898 qui
3117 1837 3264 1898 putat
3305 1840 3510 1884 reatum
3552 1831 3652 1886 sibi
3699 1832 3798 1902 ipsi

2208 1917 2398 1973 tollere
2421 1920 2800 1988 poenitentem;
2831 1936 3129 1991 quanquam
3155 1931 3209 1978 et
3235 1923 3401 1993 ipsam
3429 1926 3796 1994 paenitentiam

2211 2009 2351 2065 Deus
2377 2011 2486 2078 det,
2516 2013 2657 2082 quod
2688 2013 2974 2083 Apostolus
3001 2014 3284 2069 conﬁrmat
3307 2014 3521 2081 dicens,
3553 2015 3640 2071 Ne
3669 2021 3800 2090 forte

2207 2101 2309 2156 illis
2337 2101 2476 2157 Deus
2502 2103 2586 2159 det
2616 2105 2953 2174 paenitentiam
2973 2105 3041 2176 (ll
3061 2103 3196 2160 Tim.
3223 2123 3282 2175 u,
3311 2107 3403 2178 25)
3429 2128 3443 2164 :
3466 2109 3559 2164 sed
3587 2120 3795 2168 reatum

2207 2193 2546 2262 apertissime
2574 2194 2718 2250 Deus
2747 2195 2904 2262 tollit,
2938 2196 3140 2250 homini
3167 2195 3343 2251 dando
3368 2197 3755 2269 indulgentiam
3779 2217 3795 2267 ;

2209 2299 2313 2339 non
2342 2285 2440 2340 sibi
2483 2286 2596 2356 ipse
2633 2286 2829 2353 homo,
2875 2287 3080 2358 agendo
3110 2289 3496 2358 paenitentiam.
3532 2291 3797 2347 Debemus

2205 2375 2402 2444 quippe
2432 2376 2582 2430 illum
2602 2377 2859 2441 recolere,
2901 2379 2992 2447 qui
3023 2377 3198 2432 locum
3223 2379 3549 2449 poenitentiae
3575 2395 3681 2435 non
3711 2383 3796 2436 in-

2205 2465 2385 2532 venit,
2417 2466 2660 2536 quamvis
2700 2483 2820 2521 cum
2858 2467 3111 2539 lacrymis
3146 2469 3413 2538 qumsierit
3440 2486 3558 2525 eam
3593 2471 3794 2541 (Hebr.

2206 2573 2308 2624 xu,
2343 2559 2455 2630 l7).
2485 2560 2562 2614 Ac
2590 2575 2684 2629 per
2709 2559 2811 2615 hoc
2834 2571 2888 2614 et
2915 2561 3281 2630 paenitentiam
3308 2563 3445 2633 egit,
3476 2572 3531 2618 et
3556 2580 3682 2620 reus
3710 2581 3798 2621 re-

2203 2651 2441 2718 mansit,
2486 2652 2608 2722 quia
2637 2651 2843 2706 veniam
2873 2666 2980 2706 non
3007 2654 3213 2722 accepit
3237 2672 3250 2708 :
3273 2662 3327 2709 et
3364 2654 3440 2708 illi
3485 2656 3573 2725 qui
3613 2655 3798 2711 dicent

2205 2742 2346 2797 inter
2373 2758 2451 2810 se,
2476 2744 2815 2812 paenitentiam
2835 2754 3057 2814 agentes,
3087 2753 3136 2798 et
3163 2762 3252 2816 per
3273 2748 3559 2816 angustiam
3583 2749 3798 2818 spiritu:

2202 2834 2617 2904 gementes,Quid
2632 2833 2772 2888 nobis
2788 2835 2980 2906 profuit
3002 2835 3233 2905 superbia
3253 2836 3403 2908 (Sap.
3420 2852 3473 2903 v,
3496 2837 3547 2903 5,
3567 2837 3644 2908 8),
3660 2839 3797 2895 etc.?

2204 2927 2287 2981 rei
2311 2927 2489 2998 utique
2519 2928 2572 2982 in
2594 2936 2891 2995 aeternum,
2919 2943 3025 2982 non
3051 2939 3269 2998 accepta
3293 2930 3476 2997 venia,
3509 2945 3798 3000 permane-

2202 3019 2338 3075 bunt
2364 3037 2377 3073 :
2402 3019 2542 3073 sicut
2568 3019 2729 3074 etiam
2771 3020 2860 3073 ille
2893 3019 2959 3075 de
2987 3035 3095 3090 quo
3132 3019 3391 3075 Dominus
3415 3020 3516 3087 ait,
3558 3020 3681 3076 Non
3714 3040 3796 3078 re-

2201 3115 2426 3168 mittetur
2453 3115 2520 3181 ci,
2545 3115 2633 3168 sed
2660 3131 2774 3168 reus
2805 3114 2899 3167 erit
2923 3114 3097 3168 aeterni
3122 3115 3313 3184 peccati
3338 3113 3532 3183 (Marc.
3565 3131 3644 3182 tu,
3672 3116 3794 3187 29).

2201 3204 2338 3260 Ecce
2360 3203 2571 3258 inventa
2597 3211 2681 3258 est
2700 3204 3003 3259 innocentia
3035 3219 3282 3273 magnum
3306 3203 3537 3258 hominis
3566 3205 3791 3272 bonum,

2201 3304 2361 3366 atque
2401 3297 2474 3351 ita
2516 3297 2791 3362 naturale,
2834 3305 2893 3351 ut
2934 3311 3056 3350 cum
3087 3295 3179 3350 illa
3212 3296 3282 3350 sit
3315 3296 3557 3351 conditus
3583 3297 3796 3368 primus

2201 3385 2385 3455 homo,
2417 3395 2470 3442 et
2497 3389 2634 3443 sicut
2670 3404 2765 3443 vos
2808 3387 3005 3456 dicitis,
3051 3403 3170 3442 cum
3216 3388 3302 3441 illa
3341 3389 3576 3443 nascitur
3613 3389 3795 3445 omnis

2201 3477 2394 3545 homo,
2438 3494 2556 3550 qua:
2615 3487 2790 3533 tamen
2833 3479 3060 3533 hominis
3098 3477 3368 3534 voluntate
3397 3478 3546 3548 perdi
3576 3489 3792 3548 potest,

2207 3587 2312 3626 non
2345 3579 2518 3641 potest
2549 3569 2697 3624 reddi
2720 3589 2733 3624 :
2754 3578 2808 3624 et
2829 3579 3008 3624 reatus
3029 3584 3277 3640 magnum
3299 3570 3497 3623 malum
3527 3570 3796 3627 innocen-

2203 3664 2393 3733 tiaeque
2437 3664 2800 3728 contrarium,
2843 3662 2985 3733 quod
3029 3671 3202 3717 tamen
3239 3671 3473 3732 potestas
3515 3662 3793 3730 hominis,

2199 3769 2321 3810 cum
2355 3755 2424 3809 sit
2464 3754 2838 3817 voluntarium,
2877 3753 3046 3823 possit
3093 3751 3308 3819 inferre,
3350 3767 3450 3808 nec
3489 3755 3658 3823 possit
3700 3770 3800 3809 au-

2199 3843 2359 3900 ferre.
2402 3843 2637 3899 Videsne
2679 3843 3128 3914 quemadmodum
3164 3843 3426 3914 generalis
3469 3855 3554 3898 tua
3600 3845 3797 3916 regula

2199 3941 2287 3997 illa
2313 3940 2616 4010 frangatur,
2651 3956 2751 4009 qua
2784 3940 3007 4009 putabas
3030 3938 3272 3992 naturale
3299 3938 3520 4006 bonum,
3557 3954 3659 3994 nos
3692 3955 3797 3994 vo-

2199 4033 2404 4088 luntate
2430 4048 2535 4086 non
2577 4030 2832 4101 perdere;
2866 4029 3078 4101 quando
3110 4030 3381 4085 inventum
3407 4039 3490 4084 est
3509 4029 3652 4098 quod
3682 4046 3799 4086 non

2201 4127 2374 4183 solum
2418 4134 2638 4196 pereat,
2687 4124 2781 4180 sed
2813 4139 2911 4178 nec
2948 4123 3131 4180 redeat
3166 4123 3477 4188 voluntate,
3527 4123 3805 4179 duntaxat

2199 4218 2472 4274 humana?
2514 4218 2656 4273 Deus
2690 4225 2867 4272 autem
2895 4224 3072 4286 potest
3108 4216 3376 4270 hominem
3417 4223 3565 4270 reatu
3607 4216 3803 4271 ablato

2200 4310 2265 4366 ad
2295 4309 2648 4365 innocentiam
2683 4323 2956 4363 revocare.
2997 4307 3106 4363 Cur
3131 4323 3258 4378 ergo
3285 4323 3389 4362 non
3424 4307 3598 4362 credis
3622 4307 3804 4363 liber-

2201 4411 2364 4457 tatem
2393 4401 2528 4456 bene
2549 4400 2739 4471 agendi
2770 4401 3040 4455 voluntate
3065 4400 3292 4454 humana
3322 4400 3495 4470 perire
3523 4401 3802 4470 potuisse,

2200 4509 2303 4551 nec
2345 4495 2521 4549 redire
2559 4509 2716 4564 posse
2736 4535 2752 4560 ,
2785 4493 2884 4548 nisi
2923 4493 3098 4548 divina
3125 4493 3424 4558 voluntate;
3454 4509 3574 4548 cum
3599 4494 3808 4549 audias

2203 4585 2469 4641 hominem
2509 4584 2798 4649 dicentem,
2825 4582 2946 4638 Non
2971 4583 3107 4654 quod
3129 4583 3260 4651 volo,
3294 4586 3425 4656 facio
3446 4584 3673 4651 bonum;
3706 4586 3806 4641 sed

2199 4676 2350 4750 quod'
2371 4676 2487 4731 nolo
2521 4677 2738 4744 malum,
2787 4674 2880 4728 hoc
2907 4692 3036 4748 ago;
3077 4685 3132 4730 et
3163 4683 3286 4746 post
3323 4676 3484 4730 verba
3521 4676 3645 4730 talia
3679 4678 3809 4732 cla-

2200 4781 2457 4837 mantem,
2491 4771 2616 4839 Quis
2645 4788 2722 4825 me
2758 4770 3020 4824 liberabit?
3053 4785 3116 4826 ac
3155 4771 3526 4842 subjicicntent
3548 4813 3564 4836 ,
3607 4768 3811 4825 Gratia

2200 4864 2297 4919 Dei
2327 4882 2414 4936 per
2439 4864 2614 4919 Iesum
2643 4863 2899 4919 Christum
2927 4862 3202 4918 Dominum
3231 4876 3458 4918 nostrum
3484 4863 3671 4934 (Rom.
3703 4881 3807 4930 vn,

2203 4958 2291 5020 15,
2339 4957 2429 5024 24,
2474 4955 2605 5026 25)?
2638 4973 2656 5006 ι
2677 4954 2785 5009 Sed
2815 4954 2969 5020 falso,
3003 4974 3020 5007 ι
3057 4955 3253 5025 inquis,
3309 4973 3327 5005 ‹
3354 4954 3624 5010 diceretur
3657 4955 3813 5009 liber

2204 5050 2386 5114 homo,
2418 5051 2462 5104 si
2503 5058 2678 5104 motus
2715 5049 2959 5119 proprios
2997 5049 3204 5103 variare
3255 5063 3358 5102 non
3396 5055 3597 5117 posset.
3626 5066 3646 5099 ι
3687 5046 3814 5103 Nec

2202 5150 2256 5197 te
2283 5141 2433 5196 vides
2460 5141 2560 5211 ipsi
2587 5140 2698 5195 Deo
2727 5139 2913 5196 tollere
2940 5140 3261 5203 libertatem,
3287 5150 3342 5195 et
3367 5139 3539 5202 nobis,
3575 5141 3815 5209 quando

2203 5249 2322 5289 cum
2351 5233 2442 5286 illo
2471 5233 2522 5286 in
2553 5247 2721 5303 regno
2746 5231 2862 5303 ejus
2882 5232 3211 5288 immortales
3231 5233 3411 5287 vivere
3439 5231 3811 5301 coeperimus,

2202 5341 2301 5381 nec
2328 5334 2503 5380 motus
2532 5333 2775 5390 nostros,
2808 5339 2948 5379 nunc
2991 5325 3044 5379 in
3087 5323 3306 5388 bonum,
3336 5340 3476 5379 nunc
3503 5325 3556 5378 in
3585 5325 3814 5378 malum

2203 5417 2358 5472 nobis
2384 5417 2486 5472 erit
2522 5417 2776 5487 possibile
2815 5417 3056 5483 variare;
3105 5425 3159 5472 et
3205 5425 3380 5471 tamen
3424 5425 3550 5470 tunc
3578 5413 3819 5471 felicius

2201 5508 2356 5564 liberi
2385 5509 2606 5576 erimus,
2639 5507 2850 5578 quando
2873 5523 2979 5563 non
3002 5509 3294 5578 poterimus
3317 5509 3519 5564 servire
3543 5517 3819 5577 peccato,

2201 5603 2337 5658 sicut
2366 5617 2464 5656 nec
2495 5603 2609 5673 ipse
2637 5602 2808 5658 Deus:
2833 5599 2926 5657 sed
2967 5617 3064 5657 nos
3095 5601 3260 5672 ipsius
3288 5601 3455 5672 gratia
3476 5641 3491 5668 ,
3541 5599 3635 5654 ille
3666 5615 3823 5657 vero

2201 5710 2295 5752 sua
2321 5704 2529 5750 natura.

518 5419 654 5474 mala
685 5419 954 5473 voluntate
991 5419 1070 5472 sic
1096 5427 1278 5488 pereat
1306 5418 1607 5474 innocentia
1633 5461 1647 5485 ,
1681 5431 1735 5474 ut
1763 5422 1929 5491 possit
1957 5423 2097 5479 bona

513 5511 787 5566 voluntate
830 5510 1098 5580 reparari,
1139 5526 1246 5565 non
1287 5511 1701 5581 contemptibilis
1743 5515 1965 5584 quzcsuo
1991 5526 2092 5572 est.

516 5602 662 5658 Sicut
702 5603 842 5658 enim
886 5601 930 5656 si
972 5603 1243 5658 voluntate
1281 5614 1621 5675 amputentur
1657 5609 1900 5678 corporis
1930 5625 2095 5665 ntem-

515 5697 631 5760 bra,
661 5710 766 5750 non
795 5695 1141 5750 restituuntur
1166 5695 1349 5752 itidem
1377 5699 1680 5767 voluntate;
1715 5701 1785 5755 ita
1811 5702 2096 5760 videndum

516 5796 628 5854 est,
669 5802 737 5842 an
762 5786 815 5842 in
842 5803 901 5843 re
937 5787 1150 5858 quidem
1180 5788 1461 5859 dissimili,
1496 5791 1546 5846 id
1573 5802 1689 5862 est,
1719 5794 1770 5849 in
1793 5795 1970 5851 animo
1995 5796 2097 5853 tale

2264 5893 2282 5925 ι
2316 5893 2388 5942 sic
2412 5899 2516 5942 Mss.
2533 5896 2582 5941 In
2606 5892 2764 5955 Vign.,
2787 5888 2966 5955 redire.

2263 5957 2284 5986 ²
2318 5957 2390 6003 sic
2411 5962 2516 6003 Mss.
2548 5961 2595 6003 In
2617 5951 2773 6015 vign.,
2804 5951 3022 6016 Virginis.

580 5939 599 5972 ί
634 5946 783 5990 Vetus
813 5940 968 6012 inde);
1016 5949 1159 6004 t‘ort.,
1215 5950 1262 5996 et
1321 5946 1574 6001 naturalis.
1627 5956 1767 6001 Forte
1811 5951 2094 6015 legendum,
2263 5957 2284 5986 ²
2318 5939 2390 6003 sic
2411 5939 2516 6003 mgis;
2542 5939 2595 6003 tn
2617 5939 3022 6016 virn.',t’ii'giniv.

580 6006 634 6054 εει
654 6006 700 6054 ει
736 6001 998 6056 ναηοηαλιδ-
1225 6011 1240 6028 ⁹
2270 6018 2289 6050 ³
2324 6023 2461 6069 Forte
2494 6019 2781 6077 addendum,
2808 6016 2869 6067 dc
2902 6030 2953 6065 re
2978 6027 3086 6077 qua?
3107 6013 3254 6069 animi
3276 6021 3344 6066 est
3367 6013 3645 6075 disputatur:

2337 6030 2461 6069 .‘Oi'le
2494 6030 2781 6078 auucuuuut,
2808 6030 2869 6067 ac
2902 6030 2953 6065 re
2978 6030 3086 6077 (Iin
3107 6030 3254 6069 amna
3276 6030 3343 6066 εει
3367 6030 3661 6075 amputatur.

511 6006 634 6056 ml
654 6006 700 6054 et
736 6001 998 6056 rationalis.
