3994 6472
205 345 230 402 1
239 345 339 404 545

272 456 389 517 XX.
415 458 534 516 ius.
565 455 767 514 Deinde
803 453 922 527 quis
962 452 1222 526 parasitus
1247 456 1315 510 ita
1348 450 1532 511 militis
1559 455 1776 526 gloriosi

203 551 338 611 vires
357 549 804 608 assentationibus
825 548 1034 611 extulit,
1065 557 1121 602 ut
1147 547 1512 603 Traducianns
1536 545 1778 602 diaboli?

197 646 347 715 Quod
388 645 455 700 de
491 642 826 716 ponderibus
862 641 1190 696 affectuum‘
1219 639 1433 710 agnosci
1464 638 1604 693 licet.
1634 636 1811 692 Fecit.

201 737 461 810 siquidem
493 737 632 791 Deus
660 735 952 798 hominem,
981 733 1258 788 materiam
1284 731 1452 800 ipsam
1472 729 1590 784 1imi
1617 743 1781 785 vene-

198 831 350 886 rabili
374 829 680 899 dignatione
697 834 1062 892 contrectans,
1086 837 1204 894 qum
1227 823 1278 878 in
1299 821 1527 877 formam
1550 819 1782 874 hominis

200 919 430 977 auctoris
458 920 542 977 sui
572 934 789 975 manum
820 917 1035 973 subacta
1058 923 1395 985 sequeretur.
1417 912 1654 968 Stetcrat
1670 910 1779 981 jam

196 1013 526 1077 absolutum;
553 1020 805 1067 caeterum
833 1009 1037 1080 pallens
1062 1007 1396 1077 frigensque'
1414 1005 1781 1070 simulacrum,

202 1104 449 1174 spiritum
491 1117 598 1173 quo
632 1101 828 1156 niteret
869 1107 923 1154 et
955 1099 1154 1170 vigeret
1181 1095 1484 1167 Oppericns.
1516 1093 1667 1148 Tunc
1691 1107 1784 1147 att-

198 1193 510 1264 gustissimo
529 1190 769 1246 auctoris
806 1188 984 1243 afflatu
1026 1196 1237 1243 creatus
1271 1195 1324 1241 et
1352 1185 1640 1255 inspiratus
1663 1183 1783 1236 ani-

197 1301 320 1341 mus
338 1327 354 1352 ,
379 1285 585 1340 viscera
611 1282 828 1352 impleta
846 1280 1143 1335 commovit
1166 1287 1332 1332 :tunc
1367 1291 1555 1330 omnes
1593 1289 1784 1329 sensus

201 1377 252 1432 itt
289 1383 606 1446 apparatum
650 1371 987 1443 propriorum
1036 1381 1314 1423 numerum
1359 1365 1595 1420 suscitati
1636 1372 1782 1419 sunt.

198 1467 358 1523 Dedit
402 1465 669 1522 habitator
713 1464 984 1534 ingressus
1006 1459 1304 1515 visceribus
1345 1458 1615 1521 colorem,
1648 1469 1783 1510 san-

196 1558 342 1630 guini
363 1555 652 1620 ealorem',
690 1554 944 1609 membris
965 1552 1219 1622 vigorem,
1245 1547 1351 1604 cuti
1375 1548 1623 1602 nitorem.
1653 1544 1786 1601 Vide

195 1648 341 1720 quod
395 1647 664 1719 negotium
710 1646 762 1700 in
805 1641 1093 1700 formando
1136 1649 1191 1696 et
1236 1637 1524 1693 attimando
1563 1637 1786 1691 homine

193 1742 370 1812 pictas
412 1739 590 1795 divina
637 1736 889 1806 suscepit.
945 1733 1139 1788 Verum
1181 1746 1286 1786 nec
1327 1728 1618 1799 perfectura
1661 1741 1784 1781 cunt

195 1831 420 1900 reliquit
447 1828 778 1883 familiaritas
807 1822 1111 1882 Conditoris
1135 1839 1148 1875 :
1176 1819 1496 1874 transfertur
1515 1817 1590 1871 ad
1620 1829 1786 1872 amm-

197 1923 408 1977 niorem
453 1920 627 1976 locum
653 1958 668 1982 ,
701 1927 756 1973 et
777 1931 936 1987 quem
966 1915 1260 1970 clementer
1278 1910 1506 1974 fecerat,
1539 1907 1787 1962 munifice

193 2010 510 2080 locupletat.
544 2007 652 2064 Nec
680 2007 784 2062 hoc
813 2015 988 2060 tamen
1030 2001 1340 2074 prmstitisse
1379 2006 1688 2062 contentus,
1724 1995 1787 2050 il-

195 2105 395 2159 lustrat
415 2117 540 2158 eum
567 2099 925 2170 impcrtitione
947 2094 1194 2166 colloquii
1219 2109 1233 2147 :
1252 2093 1348 2147 dat
1368 2091 1416 2146 ei
1440 2097 1784 2161 praeceptum,

194 2202 255 2249 ιιι
280 2193 586 2248 libertatem
613 2205 762 2245 suam
793 2188 1116 2258 intelligens,
1140 2183 1347 2239 videret
1372 2180 1471 2236 sibi
1500 2188 1785 2249 suppetere

195 2300 297 2357 per
321 2283 463 2357 quod
503 2282 660 2339 ﬁeret
697 2280 921 2336 amicior
948 2277 1222 2334 Oomlitori
1251 2273 1430 2345 :quod
1457 2279 1785 2343 przcccptum

195 2391 308 2430 non
333 2375 396 2429 in
423 2375 590 2429 multa
619 2370 976 2433 distenditur,
1025 2383 1092 2423 ne
1135 2367 1258 2436 quid
1289 2365 1472 2419 oneris
1498 2363 1566 2418 de
1609 2363 1788 2416 multi-

195 2465 396 2536 plicata
439 2465 555 2535 lege
588 2462 837 2526 Sentiret;
888 2459 981 2515 sed
1025 2456 1340 2514 intenlictn"
1369 2456 1522 2509 unius
1552 2453 1782 2524 pomnli,

197 2559 568 2614 testimonium
613 2555 908 2612 devotionis
950 2553 1241 2623 expetitur.
1274 2549 1462 2603 Postea
1494 2563 1703 2618 quoque
1730 2555 1788 2600 ιιι

195 2647 425 2704 haberet
444 2658 768 2708 consortem,
794 2661 886 2714 per
900 2660 1055 2715 quant
1081 2653 1230 2713 pater
1253 2641 1424 2704 fieret,
1445 2639 1622 2695 denuo
1645 2638 1786 2693 illius

198 2756 416 2806 manus,
443 2757 543 2810 qua
571 2738 814 2795 conditus
841 2746 977 2802 erat,
1007 2734 1311 2789 nobilitatur
1334 2740 1568 2795 attactu;
1600 2729 1786 2783 divino

194 2847 416 2902 quoque
457 2829 682 2884 subinde
723 2826 987 2896 colloquio
1027 2823 1238 2879 fovetur
1275 2831 1432 2893 atque
1477 2821 1784 2875 ltmtomtur.

198 2922 327 2977 ιιωε
359 2936 490 2993 ergo
516 2936 544 2973 a
577 2920 686 2975 Deo
715 2919 948 2988 prarstita
981 2927 1086 2971 tant
1114 2916 1290 2986 longa,
1325 2925 1430 2969 tam
1463 2914 1649 2977 multa,
1680 2922 1786 2966 tam

194 3014 446 3086 grandia,
476 3014 731 3076 instituta,
763 3026 1004 3075 munera,
1034 3018 1321 3079 praecepta,
1341 3005 1632 3077 colloquia,
1663 3003 1785 3060 nul-

198 3106 306 3160 lam
354 3105 595 3161 fecerunt
624 3103 825 3158 homini
859 3101 982 3156 boni
1009 3099 1376 3155 necessitatem
1398 3115 1417 3152 τ
1440 3107 1490 3152 at
1511 3111 1548 3151 c
1571 3093 1788 3166 regione

199 3194 445 3251 diabolus
469 3210 573 3248 non
599 3193 772 3247 minus
795 3192 996 3255 timide,
1025 3206 1182 3261 quant
1206 3188 1418 3253 callide,
1447 3187 1634 3256 exigua
1664 3201 1785 3240 cum

197 3286 431 3342 muliere
452 3285 610 3341 verba
631 3283 994 3346 commiscuit;
1027 3292 1075 3336 et
1101 3291 1302 3336 tantunt
1325 3280 1513 3334 virium
1538 3277 1787 3333 habuisse

194 3376 472 3442 dicuntur,
501 3383 558 3430 ttt
576 3373 906 3430 contionein
932 3371 1292 3427 eomiitioucm
1317 3369 1641 3424 naturalium
1670 3383 1788 3422 ver-

197 3475 476 3532 terentur;
527 3467 632 3521 ittto
677 3466 904 3536 ingenita
938 3473 1132 3519 cuncta
1163 3461 1508 3527 subruerent,
1553 3459 1788 3516 facetcnt

197 3567 517 3628 perpetienti
545 3557 664 3611 mali
694 3557 1080 3616 necessitatem,
1111 3562 1167 3608 et
1191 3553 1463 3608 dominum
1485 3567 1546 3606 ac
1575 3565 1788 3622 posset-

196 3661 382 3704 sorcm
432 3648 643 3716 imagini
675 3648 764 3702 llei
809 3646 1080 3701 diabolum
1112 3644 1464 3714 imponerent.
1496 3644 1629 3711 Quid
1659 3657 1787 3714 ergo

196 3739 417 3804 fortius,
437 3738 565 3809 quid
583 3738 957 3803 excellentius,
991 3735 1115 3808 quid
1148 3735 1570 3805 magnificentius
1589 3734 1783 3789 adver-

200 3830 338 3884 saria
371 3839 672 3899 fuitestam,
719 3829 762 3883 si
809 3838 1010 3884 tantum
1055 3827 1154 3882 levi
1181 3826 1605 3881 confabulatione
1626 3825 1783 3893 fecit,

195 3930 464 3992 quantum
496 3921 631 3975 Deus
661 3934 757 3974 nec
786 3919 1037 3990 operibus
1065 3919 1178 3974 suis
1206 3917 1398 3988 potuit,
1428 3931 1525 3971 nec
1553 3916 1786 3971 muneri-

199 4011 297 4067 bus
320 4011 604 4066 obtinere?
628 4009 959 4065 Manifestum
981 4019 1062 4064 est
1083 4009 1279 4080 itaque,
1305 4008 1358 4063 in
1379 4008 1496 4077 ejus
1519 4022 1613 4061 vos
1635 4015 1785 4076 parte

196 4103 532 4165 consistere,
573 4101 855 4172 cujusltam
888 4100 1170 4156 immodice
1197 4099 1485 4171 potentiam
1526 4096 1782 4166 prmdica-

197 4193 297 4259 tis;
346 4208 448 4248 nec
488 4195 540 4246 in
580 4193 779 4247 cultum
820 4191 909 4246 Dei
949 4190 1113 4245 nostri
1146 4191 1309 4245 ttllttm
1343 4189 1540 4243 habere
1563 4203 1781 4242 eonsor.

194 4284 329 4338 tium
351 4323 368 4343 .
389 4297 555 4353 quem
582 4297 678 4338 nos
698 4293 758 4336 ut
789 4281 1147 4350 :rqutssimum
1166 4322 1180 4340 .
1229 4281 1298 4335 ita
1322 4278 1784 4347 ontuipotcntissi-

195 4388 345 4428 munt
374 4377 707 4431 conhtenutr.
731 4389 817 4442 qm
843 4382 1031 4441 potens
1050 4380 1153 4436 est,
1179 4381 1234 4426 et
1255 4372 1450 4443 veritas
1475 4369 1532 4425 itt
1562 4369 1783 4424 circuitu

197 4463 336 4532 ejus,
364 4463 456 4534 qui
485 4463 722 4517 lumtiliat
744 4464 877 4518 sicut
902 4462 1231 4517 vulneratum
1258 4463 1574 4532 superbum,
1603 4460 1654 4514 id
1677 4471 1779 4524 est,

194 4553 474 4610 diabolum
491 4564 551 4610 et
569 4554 944 4614 Manicheum.
983 4567 1185 4624 vosque
1210 4553 1325 4624 ejus
1363 4555 1601 4608 asseclas
1633 4553 1783 4607 calu-

199 4645 469 4701 mniantes
493 4653 730 4700 naturam
754 4685 770 4713 ,
804 4659 870 4702 ne
898 4658 993 4700 vos
1018 4652 1209 4714 sponte
1243 4658 1463 4714 peccare
1489 4643 1778 4698 fateamini.

193 4733 314 4804 ipse
339 4749 473 4806 ergo
503 4735 644 4791 Deus
672 4743 854 4791 noSter
880 4735 944 4790 in“
963 4735 1158 4790 virtute
1185 4733 1386 4789 brachii
1414 4735 1494 4788 sui
1523 4732 1782 4804 disperdit

195 4823 444 4880 inimicos
474 4839 599 4880 suos
621 4824 796 4898 (Ρωι.
820 4841 1092 4890 Lxxxvm,
1125 4825 1180 4889 9,
1213 4823 1324 4896 Η),
1356 4840 1450 4894 per
1475 4825 1616 4895 quod
1646 4823 1779 4879 nihil

192 4921 284 4968 aut
309 4929 344 4969 a
375 4913 550 4980 vobis,
580 4923 672 4968 aut
699 4929 731 4969 a
757 4914 1056 4970 .‘l-laniehteis
1079 4913 1254 4970 afferri
1283 4914 1472 4984 potuit,
1504 4913 1646 4986 quod
1671 4928 1778 4969 non

193 5003 439 5059 veritatis
465 5003 579 5074 ejus
599 5004 818 5060 fulmine
841 5005 1112 5060 dissiliret.
1635 5024 1637 5026 ·

260 5095 402 5151 Aea.
446 5097 819 5152 Assentatores
863 5096 1062 5152 diaboli
1110 5112 1216 5152 non
1263 5112 1467 5167 sumas,
1516 5112 1616 5154 nec
1660 5095 1781 5168 ejus

188 5191 534 5251 potestatem,
557 5201 673 5256 qua:
694 5186 788 5242 Dei
807 5186 1044 5257 subjecta
1062 5196 1145 5243 est
1165 5189 1434 5258 potestati,
1457 5188 1776 5257 adulatorie,

187 5273 333 5328 sicut
351 5273 506 5328 nobis
529 5275 918 5344 conviciamini,
963 5278 1228 5348 pricconio
1255 5278 1425 5334 laudis
1451 5280 1776 5336 extollimus.

188 5361 300 5419 Sed
329 5364 529 5420 mittam
558 5380 654 5421 vos
681 5382 790 5422 non
813 5367 928 5437 ejus
956 5368 1151 5424 milites
1174 5369 1363 5424 essetis
1381 5409 1399 5438 ,
1429 5373 1567 5425 sicut
1589 5385 1779 5426 omnes
1804 5393 1808 5396 ν

190 5455 431 5512 bzcretici
459 5474 472 5511 :
499 5472 724 5528 quorum
750 5459 844 5516 ille
870 5459 1122 5532 dogmata
1152 5461 1204 5517 in
1231 5475 1365 5532 quos
1394 5463 1656 5533 potuerit,
1679 5477 1779 5535 per

245 5593 270 5664 ξ
303 5597 458 5664 fictus
477 5589 1078 5664 eodett_uar.,_eﬁ‘ectunm.

247 5653 270 5684 ³
302 5655 379 5702 sic
400 5662 504 5703 Mss.
525 5661 580 5724 tn
599 5655 757 5766 vriignq
779 5653 1103 5720 friitgensque.

247 5715 272 5747 ³
304 5719 464 5766 Forte.
491 5726 613 5766 visco
691 5730 745 5766 us
773 5716 984 5766 calorem
1003 5732 1103 5766 sam

245 5715 272 5782 ξ
304 5719 464 5782 ειη-ιο,
491 5715 745 5782 visceribus
773 5715 984 5782 calorem
1003 5715 1225 5782 sanguini
1245 5717 1464 5772 colorem.

242 5776 270 5806 ⁸
293 5777 371 5826 Sic
387 5783 492 5827 Mss.
516 5782 565 5826 In
587 5777 743 5840 \’ign.,
768 5777 853 5828 sed
878 5776 1149 5830 interdicto.

464 5861 547 5923 St
556 5879 674 5923 aer
742 5866 1015 5927 Anausr.
1063 5866 1144 5926 X.

1551 335 1747 392 LIBER
1787 335 2080 393 SEXTUS.

3327 339 3469 398 15M

1888 465 2092 510 vestras
2141 454 2346 525 linguas
2387 453 2532 510 velut
2561 454 2666 510 tela
2706 451 2976 512 mortifera
3021 455 3300 534 iaculatur.
3333 455 3474 513 Dicit

1885 549 2200 618 Apostolus.
2231 546 2436 602 Gratias
2461 557 2661 620 agentes
2695 545 2867 615 Patri,
2903 547 3110 603 idoneos
3138 548 3344 619 facienti
3377 563 3473 604 non

1885 638 1937 691 in
1965 647 2156 707 portent
2193 639 2342 692 sortis
2366 648 2653 692 sanctorum
2693 639 2746 693 in
2779 639 2996 705 lumine;
3025 639 3111 710 qui
3132 639 3262 693 eruit
3292 655 3384 694 nos
3411 639 3476 694 de

1888 734 2131 808 potestate
2159 727 2494 792 tenebrarum,
2521 737 2566 782 et
2595 730 2854 783 transtulit
2890 730 2943 784 in
2967 746 3174 802 regnum
3202 727 3326 785 Filii
3345 731 3475 784 cita-

1885 819 2051 873 ritatis
2077 835 2182 872 sua:
2204 817 2418 891 (Colosa.
2445 836 2460 874 ι
2484 860 2501 888 ,
2532 819 2620 886 12,
2649 821 2738 890 15)
2765 839 2777 874 :
2802 829 2856 876 et
2884 836 2980 877 vos
3005 822 3133 877 istas
3153 822 3350 893 gratias
3370 833 3470 892 pro

1890 910 2120 980 parvolis
2148 925 2244 965 nos
2265 925 2426 980 agere
2453 909 2764 980 prohibetis,
2788 920 3090 967 asserentes
3108 925 3203 967 eos
3223 927 3328 967 non
3351 926 3475 968 esse

1891 1001 1988 1055 sub
2011 1010 2271 1071 potestate
2291 1001 2518 1067 dialroli;
2547 1001 2752 1073 utquid,
2789 1003 2885 1057 nisi
2913 1011 2970 1057 ιιι
3001 1002 3122 1059 inde
3147 1017 3253 1058 non
3272 1019 3473 1060 eruan-

1891 1099 1995 1157 tur,
2030 1107 2095 1146 ne
2122 1091 2267 1145 lucra
2296 1090 2489 1146 diaboli
2519 1093 2860 1147 minuantur?
2890 1093 3026 1148 Dicit
3049 1093 3238 1160 Jesus,
3268 1095 3357 1165 qui
3387 1109 3476 1149 se-

1891 1181 2119 1235 cundum
2142 1182 2244 1236 ltoe
2265 1196 2456 1238 nomen
2479 1195 2655 1250 suum,
2675 1184 2878 1236 salvum
2902 1181 3025 1237 facit
3045 1183 3296 1254 pepnltmt
3319 1199 3475 1240 suum

1891 1287 1921 1326 a
1947 1272 2174 1344 peccatis
2212 1287 2396 1328 eorum
2425 1272 2636 1343 (Matth.
2671 1289 2686 1328 ι
2713 1314 2728 1340 ,
2759 1272 2877 1344 21),
2915 1273 3079 1329 Nemo
3104 1275 3260 1328 intrat
3293 1275 3344 1329 in
3377 1274 3476 1328 do-

1890 1379 2028 1417 mum
2057 1363 2230 1434 fortis,
2271 1373 2323 1416 ut
2350 1379 2472 1417 vasa
2501 1363 2609 1434 eius
2636 1365 2853 1435 eripiat,
2884 1364 2984 1418 nisi
3016 1365 3158 1436 prius
3193 1364 3480 1436 alligaverit

1891 1457 2071 1526 fortem
2115 1452 2225 1527 (Μ.
2260 1470 2354 1520 χιι,
2386 1455 2478 1526 29)
2505 1473 2523 1510 :
2552 1464 2607 1510 et
2646 1470 2744 1510 vos
2789 1456 2840 1510 itt
2879 1454 2986 1512 hoc
3011 1455 3212 1527 populo
3237 1453 3476 1523 Christi,-

1855 1615 1858 1618 ἢ
1891 1559 2048 1615 quem
2077 1533 2280 1599 salvum
2330 1543 2456 1599 facit
2492 1559 2523 1600 a
2571 1545 2799 1614 peccatis
2829 1559 3016 1600 eorum
3038 1587 3054 1612 ,
3099 1545 3345 1616 parvulos
3373 1561 3480 1601 non

1893 1649 2014 1690 esse
2039 1633 2386 1701 contenditis,
2419 1649 2554 1705 quos
2583 1643 2641 1690 ut
2668 1636 2931 1705 prepriis,
2977 1636 3047 1691 ita
3071 1651 3176 1690 nec
3207 1636 3480 1707 originali-

1851 1799 1854 1802 ἢ
1892 1727 1992 1782 btts
2035 1728 2193 1781 vultis
2235 1726 2521 1782 obstrictos
2559 1740 2684 1782 esse
2735 1727 2996 1797 peccatis;
3043 1736 3096 1782 et
3139 1741 3261 1782 cum
3308 1726 3483 1783 fallaci

1893 1827 2074 1873 vestro
2090 1831 2344 1873 sermone
2365 1818 2600 1872 minuitis
2622 1816 2762 1873 vires
2775 1818 2919 1888 ejus,
2936 1833 3098 1888 quem
3116 1818 3254 1874 dixit
3277 1818 3483 1874 Veritus

1894 1910 2108 1975 fortem,
2138 1927 2321 1966 errore
2346 1919 2526 1967 vestro
2554 1925 2676 1966 eum
2703 1909 2881 1966 facitis
2909 1910 2977 1965 ad
3005 1910 3324 1966 obtinendos
3355 1926 3481 1982 par-

1893 2004 2042 2059 vulos
2072 2003 2366 2059 fortiorem.
2397 2003 2531 2059 Dicit
2556 2002 2733 2068 Iesus,
2764 2002 2907 2057 Venit
2927 2003 3059 2057 attint
3079 2001 3248 2057 Filius
3265 2002 3483 2058 hominis

1892 2109 2114 2166 qurercre
2141 2103 2187 2148 et
2209 2095 2404 2150 satvum
2431 2098 2596 2166 facere
2615 2093 2756 2165 quod
2779 2094 2996 2165 perierat
3020 2092 3176 2165 (Luc.
3203 2109 3320 2160 xix,
3348 2093 3438 2164 10)
3459 2111 3480 2149 t

1892 2194 1947 2240 et
1973 2200 2067 2240 vos
2094 2186 2142 2240 ei
2175 2185 2529 2255 respondetis,
2556 2184 2669 2240 Non
2700 2200 2836 2256 opus
2862 2195 2944 2241 est
2969 2194 3027 2241 ιιι
3053 2186 3302 2257 parvulos
3330 2200 3484 2255 qua:-

1895 2289 2004 2340 ras,
2029 2275 2155 2345 quia
2187 2291 2292 2330 non
2326 2276 2623 2344 perierant;
2653 2284 2817 2347 atque
2847 2277 2916 2330 ita
2945 2291 3068 2331 cum
3097 2275 3166 2330 ab
3191 2275 3270 2330 eis
3296 2274 3486 2331 Salva-

1895 2369 2025 2423 toris
2067 2369 2463 2440 inquisitionem
2490 2368 2786 2439 repellitis,
2827 2377 3146 2439 potestatem
3174 2377 3359 2424 contra
3389 2383 3485 2424 eos

1893 2461 2247 2516 vttlneratotis
2281 2460 2505 2532 augetis.
2539 2461 2677 2516 Dicit
2704 2460 2882 2526 lesus,
2917 2460 3038 2516 Non
3067 2471 3138 2516 est
3166 2463 3477 2517 necessarius

1893 2553 2030 2606 sanis
2057 2553 2308 2620 medicus,
2354 2552 2445 2607 sed
2485 2553 2618 2608 male
2657 2552 2985 2618 habentibus;
3021 2569 3120 2609 non
3163 2555 3276 2610 ueni
3309 2569 3485 2610 uocare

1889 2645 2077 2714 justas,
2109 2644 2197 2699 sed
2225 2655 2508 2716 peccatores
2535 2645 2750 2718 (Matth.
2792 2661 2847 2701 Ix
2868 2687 2884 2714 ,
2929 2647 2996 2702 l9.
3019 2687 3034 2713 ,
3078 2649 3166 2719 l3)
3195 2657 3284 2704 :et
3313 2663 3409 2704 vos
3431 2648 3485 2706 ei

1894 2737 2068 2792 dicitis
2094 2779 2109 2801 ,
2138 2735 2252 2790 Non
2297 2752 2356 2790 es
2385 2752 2512 2807 ergo
2543 2737 2780 2806 parvulis
2807 2738 3138 2794 necessarius
3163 2781 3178 2804 ,
3225 2740 3346 2810 quia
3385 2754 3488 2796 nec

1895 2827 2168 2883 voluntate
2207 2835 2330 2882 sunt
2371 2821 2616 2898 propria,
2663 2843 2761 2884 nec
2801 2830 3036 2884 humana
3066 2829 3274 2901 origine
3292 2844 3487 2902 pecea-

1892 2925 2062 2973 tores.
2088 2918 2222 2970 Cum
2252 2933 2379 2987 ergo
2408 2929 2513 2973 non
2549 2920 2726 2974 salvos
2756 2921 2940 2975 venire
2978 2920 3263 2976 salvandos
3291 2923 3483 2979 vetatis

1894 3009 1961 3063 ad
1995 3009 2276 3076 medicum,
2309 3009 2570 3065 diabolica
2593 3009 2648 3064 in
2679 3011 2758 3066 cis
2787 3021 3000 3066 exercet
3025 3012 3190 3082 pestis
3217 3014 3485 3084 potentius

1897 3101 2268 3172 primipatum.
2289 3097 2501 3168 Quanto
2521 3117 2649 3172 tngo
2676 3111 2758 3157 est
2789 3103 3134 3168 tolerabilius,
3147 3114 3216 3170 ut
3233 3112 3486 3176 tanquam

1892 3193 2112 3261 parasiti
2144 3201 2194 3246 et
2221 3201 2584 3246 assentatores
2604 3192 2874 3247 diabolum
2902 3193 3047 3248 falsis
3080 3194 3324 3249 laudibus
3343 3194 3486 3250 mulo

1895 3283 2079 3345 ceatis,
2109 3298 2266 3352 quam
2316 3282 2450 3335 sicut
2497 3281 2692 3336 milites
2719 3283 2802 3335 vel
2834 3282 3089 3337 satellites
3115 3297 3236 3338 enm
3259 3283 3485 3353 dogma-

1899 3385 2007 3431 lttnt
2037 3374 2351 3430 falsitatibus
2373 3373 2670 3443 adjuvetis?
2693 3374 2924 3443 Copioso
2942 3383 2992 3428 et
3013 3382 3204 3429 ornato
3223 3375 3486 3433 describis

1893 3466 2124 3536 eloquio,
2153 3465 2420 3535 quomodo
2445 3465 2583 3519 Dens
2604 3480 2666 3518 ex
2699 3464 2824 3519 limo
2857 3464 3161 3520 formaverit
3187 3465 3482 3533 hominem,

1898 3558 2071 3613 flando
2119 3559 2456 3625 animaverit,
2491 3556 2737 3628 paradiso
2763 3557 3182 3627 locupletavcrit,
3213 3570 3484 3632 prmeepto
3529 3564 3535 3568 ’

1895 3648 2370 3715 adminiculaverit,
2406 3657 2713 3720 tantamque
2741 3664 2948 3717 curam,
2976 3666 3045 3707 ne
3075 3652 3125 3706 in
3152 3652 3331 3724 aliquo
3359 3669 3482 3709 eum

1888 3750 2160 3810 gravaret,
2194 3739 2460 3805 habuerit,
2484 3748 2546 3794 ut
2574 3739 2713 3795 idem
2742 3750 3066 3812 praeceptum
3097 3758 3202 3798 non
3234 3745 3284 3798 in
3312 3745 3481 3801 multa

1887 3830 2224 3886 distenderet
2263 3845 2334 3886 ne
2363 3831 2488 3900 quid
2516 3830 2696 3885 oneris
2724 3829 2886 3887 homo
2905 3871 2922 3900 ,
2966 3847 3125 3902 quem
3157 3843 3300 3889 tanta
3329 3835 3482 3892 beni-

1893 3921 2096 3993 gnitate
2121 3919 2470 3986 condiderat,
2499 3920 2566 3976 de
2593 3921 2942 3991 multiplicata
2965 3922 3081 3994 lege
3102 3924 3344 3979 sentiret.
3370 3923 3480 3982 Cur

1894 4029 2022 4083 ergo
2043 4028 2182 4066 nunc
2199 4026 2395 4082 corpus
2417 4012 2767 4082 corruptibile
2788 4023 3040 4084 aggravat
3066 4015 3297 4068 animant
3319 4015 3476 4088 (δίῳ.

1895 4121 1972 4168 ιιι,
2008 4105 2137 4176 15)?
2167 4118 2264 4159 cur
2294 4117 2422 4175 ergo
2447 4119 2606 4174 grave
2632 4104 2818 4175 jugum
2846 4115 2928 4161 est
2955 4120 3119 4172 super
3146 4106 3281 4163 filios
3305 4108 3477 4165 Adam

1891 4211 1919 4246 a
1941 4195 2030 4250 die
2057 4197 2231 4249 exitus
2256 4193 2324 4250 de
2353 4203 2543 4250 ventre
2579 4195 2765 4250 matris
2792 4211 2978 4252 eorum
3023 4196 3214 4270 (Ecdi.
3244 4215 3348 4268 xc,
3379 4201 3434 4271 1)
3451 4203 3483 4256 ἳ

1891 4285 2320 4357 quandoquidem
2371 4287 2543 4357 ipsum
2586 4288 2754 4342 Adam
2807 4303 2906 4344 nec
2959 4289 3076 4359 lege
3129 4291 3478 4362 multiplicata

1893 4377 2058 4434 voluit
2083 4393 2390 4449 aggravare.
2418 4377 2624 4448 Nempe
2643 4380 2879 4445 cernitis,
2907 4379 3049 4449 quod
3073 4380 3117 4434 si
3148 4381 3202 4436 in
3227 4381 3476 4452 paradiso

1888 4485 2050 4526 nemo
2077 4479 2372 4540 peccasset,
2407 4471 2478 4525 ita
2519 4471 2812 4526 fecunditas
2839 4472 3121 4542 eonjugunt
3143 4488 3340 4543 genere
3367 4474 3474 4530 htt-

1894 4582 2052 4622 mano
2091 4568 2264 4622 locum
2303 4566 2455 4621 illunt
2501 4575 2661 4621 tenue
2689 4566 2957 4620 felicitatis
2987 4567 3260 4637 impleret,
3288 4577 3346 4625 ιιι
3371 4585 3475 4630 nec

1889 4662 2121 4715 animam
2168 4659 2519 4729 corruptibile
2569 4673 2765 4729 corpus
2806 4668 3090 4729 gravaret,
3145 4676 3245 4717 nec
3286 4664 3472 4734 jugum

1887 4767 2050 4824 grave
2095 4761 2248 4807 natos
2289 4751 2533 4808 homines
2579 4761 2883 4824 premeret,
2931 4769 3029 4810 nec
3067 4753 3218 4810 labor
3238 4764 3293 4811 et
3319 4755 3475 4815 dolor

1891 4843 2225 4899 miserandos
2259 4842 2506 4914 parvulos
2546 4841 2801 4898 erudiret.
2828 4841 2982 4899 Unde
3019 4859 3150 4916 ergo
3174 4844 3273 4900 ista
3313 4856 3474 4916 sunt,

1882 4951 2009 5006 quso
2039 4935 2222 5006 utique
2251 4949 2356 4990 non
2386 4943 2514 4990 sunt
2542 4933 2610 4990 de
2635 4935 2821 4990 nescio
2850 4951 2950 5006 qua
2980 4936 3142 5006 mala,
3172 4951 3330 5009 quant
3360 4939 3475 4997 lla-

1891 5029 2130 5085 nicltmus
2159 5026 2329 5100 lingit,
2358 5037 2449 5083 aut
2486 5026 2690 5094 credit,
2732 5043 2763 5083 a
2794 5028 2949 5084 nobis
2973 5029 3148 5086 aliena
3169 5071 3182 5096 ,
3209 5031 3475 5104 nobisque

1887 5123 2173 5195 permixta,
2208 5121 2310 5177 nisi
2336 5121 2405 5178 de
2426 5131 2606 5176 nostra
2639 5121 2820 5176 vitiata
2850 5122 3005 5192 primi
3033 5123 3264 5179 hominis
3286 5134 3472 5181 trans-

1888 5218 2165 5290 gressione
2219 5215 2447 5270 natura?
2495 5211 2602 5270 Sed
2659 5215 2872 5270 miraris
2925 5215 3093 5271 homo
3157 5221 3343 5273 acutus
3406 5231 3473 5273 ac

1883 5307 2156 5378 prudens,
2199 5313 2258 5361 et
2299 5319 2406 5360 non
2441 5304 2719 5360 existimas
2766 5319 2885 5361 esse
2926 5305 3289 5374 credendam,
3328 5307 3471 5378 quod

1841 5424 1845 5428 -
1887 5399 2080 5455 diaboli
2125 5397 2315 5468 exigua
2340 5395 2498 5452 verba
2521 5411 2648 5452 cum
2693 5397 2918 5453 muliere
2943 5397 3231 5452 commixta
3260 5405 3468 5454 tantum

1885 5493 2079 5547 virium
2123 5488 2375 5545 habuisse
2395 5488 2681 5558 dicuntur,
2723 5499 2782 5545 ut
2821 5490 3081 5545 naturalia
3108 5499 3298 5546 cuneta
3325 5491 3468 5548 bona

1885 5592 2258 5658 pervertereut
2290 5600 2304 5637 :
2333 5581 2483 5653 quasi
2531 5581 2633 5638 hoc
2687 5583 2954 5654 loquentis
2997 5582 3162 5639 verba
3209 5583 3468 5654 fecerint,

1886 5692 1992 5734 non
2016 5689 2311 5732 consensus
2334 5674 2620 5732 audientis.
2651 5675 2766 5730 Non
2797 5675 2958 5741 enim,
3001 5682 3060 5730 ut
3100 5674 3255 5745 dicis,
3303 5691 3472 5748 pauca

1886 5770 2048 5828 verba
2089 5771 2352 5844 serpentis
2391 5773 2442 5829 in
2486 5771 2844 5828 conditionem
2885 5785 3038 5826 versa
3083 5779 3206 5826 sunt
3255 5780 3472 5828 natura-

2594 5866 2638 5944 ί
2658 5865 3231 5942 Quarante—neul.)
