4006 6474
511 392 642 448 ⁸547

508 500 793 567 liuntzsca'
837 502 1068 559 hominis
1112 504 1361 558 voluntas
1403 500 1629 574 perdidit
1675 500 1903 563 bonum,
1947 496 2087 567 quod

507 599 656 661 reddi
687 614 793 654 non
822 606 1003 669 posset
1031 597 1262 652 hominis
1288 598 1576 659 voluntate,
1609 594 1701 649 sed
1735 592 1847 657 Dei,
1879 590 2091 662 quando

506 690 835 748 reddendum
862 700 914 746 et
942 691 1132 761 quibus
1177 687 1537 752 reddendum,
1581 684 1945 754 jus:issimus,
1994 698 2093 751 po-

508 783 867 845 tentissimus,
902 791 956 836 et
983 779 1511 836 misericordissimus
1532 776 1825 847 judicabit‘
1862 793 1875 831 :
1907 790 2097 845 quem-

502 874 793 930 admodum
840 874 892 928 itt
936 888 1184 942 corpore,
1224 872 1361 927 sicut
1402 871 1512 941 jam
1542 870 1793 933 diximus,
1822 869 2095 925 voluntate

507 965 742 1021 hominis
768 974 940 1035 potest
970 966 1085 1034 ejus
1117 965 1261 1019 visus
1288 964 1515 1025 auferri;
1547 962 1687 1032 quod
1718 962 1761 1015 si
1794 962 1881 1025 ﬁt,
1914 961 2092 1029 sequi-

508 1066 594 1112 tur
615 1058 831 1114 c:ecitas
850 1097 866 1122 ,
910 1071 1068 1124 quam
1100 1055 1388 1110 necessitas
1415 1053 1565 1117 ferat,
1594 1054 1841 1108 voluntas
1866 1068 1969 1107 non
2000 1067 2098 1105 au-

508 1149 677 1214 ferat;
706 1158 761 1204 et
796 1147 847 1202 in
891 1148 1070 1202 animo
1104 1157 1273 1216 potest
1314 1146 1543 1200 hominis
1569 1146 1812 1199 voluntas
1842 1145 2099 1199 innocen-

508 1241 637 1295 tiaut
659 1239 775 1309 ejus
803 1239 1046 1309 perdere,
1078 1248 1132 1293 et
1160 1254 1261 1291 non
1290 1246 1463 1308 potest
1490 1238 1731 1292 reddere.
1766 1235 1896 1291 Illud
1924 1237 2097 1306 potius

512 1331 751 1397 intuere,
784 1329 926 1400 quod
958 1331 1092 1385 mala
1133 1344 1252 1383 cum
1283 1329 1474 1399 quibus
1502 1338 1790 1383 nascuntur
1819 1327 2095 1391 homines,

510 1439 629 1492 qum
654 1423 1002 1494 congenerari
1036 1423 1338 1477 hominibus
1365 1422 1415 1476 iit
1449 1421 1678 1491 paradisi
1710 1419 1962 1474 felicitate
1990 1434 2096 1473 non

514 1524 733 1585 possent
760 1556 775 1581 ,
824 1514 1057 1584 profecto
1085 1516 1181 1568 nisi
1212 1514 1281 1569 de
1309 1514 1553 1581 paradiso
1581 1512 1777 1567 exisset
1808 1520 1991 1565 natura
2026 1512 2099 1563 vi-

512 1606 665 1668 tiata,
714 1622 853 1659 nunc
896 1606 974 1659 eis
1018 1613 1369 1674 congeneraL-i
1413 1619 1518 1657 non
1560 1610 1759 1657 essent.
1796 1601 1931 1667 Ista,
1981 1618 2099 1668 qua!

514 1696 794 1753 manifesta
823 1706 947 1751 sunt
973 1738 986 1763 ,
1014 1696 1213 1765 aspice.
1244 1694 1357 1749 Non
1390 1694 1531 1748 enim
1578 1692 1878 1746 mortalium
1905 1693 2039 1745 mala
2069 1708 2098 1745 a

512 1791 599 1847 die
622 1792 797 1847 exitus
822 1789 890 1845 de
916 1796 1099 1845 ventre
1120 1786 1303 1842 matris
1330 1786 1559 1840 ﬁlioruut
1582 1784 1772 1846 Adam,
1799 1784 1850 1837 in
1873 1783 2101 1837 obscuro

511 1881 860 1952 conjieinms;
906 1879 999 1935 sed
1047 1880 1099 1934 in
1152 1878 1271 1933 luce
1318 1876 1611 1931 clarissima
1656 1876 1942 1929 cernimus.
1977 1873 2022 1928 ll
2042 1889 2101 1925 ec

511 1976 634 2045 quia
669 1989 771 2027 non
804 1982 925 2025 sunt
951 1987 1015 2026 cx
1063 1970 1213 2023 malm
1243 1969 1431 2023 aliena:
1462 1968 1840 2022 eottttttixtiotte
1867 1974 2097 2027 ttaturte;

513 2064 888 2135 proculdubio
917 2078 985 2118 ex
1024 2061 1407 2131 depravatione
1448 2070 1643 2113 n0stra:
1681 2067 1824 2112 sunt.
1863 2056 1975 2112 Nec
2010 2056 2101 2109 tibi

514 2158 753 2213 videatur
779 2156 1090 2227 indignum,
1126 2154 1266 2225 quod
1305 2152 1541 2222 subjecta
1572 2160 1655 2206 est
1692 2150 1903 2204 diabolo
1930 2149 2103 2217 imago

514 2252 610 2306 Dei
637 2270 649 2303 :
678 2251 775 2305 hoc
806 2249 950 2305 enim
982 2264 1086 2302 non
1133 2245 1325 2313 ﬁeret,
1376 2246 1475 2301 nisi
1509 2244 1707 2315 judicio
1739 2244 1860 2307 Dei;
1893 2256 1991 2296 nec
2020 2256 2102 2295 re-

515 2351 757 2398 moretur
786 2341 880 2395 ista
903 2339 1197 2405 damnatio,
1231 2336 1332 2392 nisi
1358 2336 1529 2407 gratia
1563 2334 1674 2390 Dei.
1705 2334 1805 2402 Qui
1836 2333 1977 2389 enim
2008 2348 2098 2386 na-

516 2445 649 2490 turaz
669 2432 1006 2496 excellentia,
1031 2440 1086 2484 ut
1109 2430 1284 2499 imago
1307 2428 1399 2483 Dei
1420 2436 1584 2493 esset,
1606 2425 1673 2480 ad
1699 2424 2102 2480 similitudinem

516 2524 610 2581 Dei
642 2525 807 2580 factus
837 2533 949 2585 est.
994 2537 1098 2577 non
1139 2528 1221 2576 est
1250 2519 1582 2584 ntirandunt,
1624 2518 1747 2587 quia
1779 2526 1983 2571 natura:
2010 2515 2105 2570 de-

516 2616 843 2685 pravatione,
874 2615 1095 2670 vanitati
1121 2613 1311 2669 similis
1340 2612 1508 2668 factus
1534 2621 1651 2678 est,
1679 2611 1819 2666 unde
1846 2610 1960 2666 dies
1986 2609 2103 2681 ejus

515 2707 659 2763 velut
684 2708 871 2761 umbra
904 2713 1227 2775 pra-tereunt
1252 2704 1421 2776 (Psal.
1452 2719 1639 2771 cum,
1670 2704 1747 2773 4).
1771 2703 1849 2758 Tu
1875 2702 1980 2765 die,
2010 2718 2106 2757 cur

514 2796 929 2852 innumerabiles
972 2796 1231 2867 imagines
1275 2795 1373 2851 Dei
1416 2796 1470 2849 in
1514 2794 1729 2864 parvula
1777 2802 1932 2849 (etate
1962 2792 2104 2847 nulla

516 2897 731 2959 pecmtta
761 2887 1040 2955 facientes,
1074 2904 1181 2944 non
1208 2888 1557 2941 admittuntur
1581 2886 1647 2940 ad
1671 2902 1891 2957 regnum
1917 2886 2031 2952 Dei,
2058 2888 2104 2941 si

516 2995 622 3034 non
651 2989 1017 3036 renascantur.
1050 2979 1259 3035 Habent
1294 2978 1435 3032 enim
1464 2977 1663 3048 aliquid
1690 2978 1832 3033 unde
1863 2991 2106 3032 merean-

516 3084 601 3126 tur
634 3071 815 3141 jacere
853 3071 954 3127 sub
994 3071 1232 3136 diabolo,
1280 3080 1497 3141 pr0pter
1522 3070 1663 3141 quod
1698 3086 1802 3126 non
1834 3080 2107 3126 merentur

494 3177 740 3234 regnare
782 3161 881 3218 sub
922 3163 1061 3229 Deo;
1108 3162 1262 3232 cujus
1306 3163 1350 3217 si
1403 3162 1589 3216 lumini
1631 3164 1950 3227 ςοΙιιῐενοιρε,
1998 3175 2107 3216 non

519 3263 662 3308 tanta
694 3254 995 3324 arrogantia
1024 3254 1185 3309 verba
1214 3262 1299 3308 tua
1334 3252 1539 3309 fulmini
1564 3268 1926 3323 comparares.

589 3345 728 3401 XXI.
757 3345 877 3401 ιιι..
901 3345 1091 3417 Liquet
1122 3346 1278 3415 igitur
1297 3346 1720 3414 absolutissime,
1751 3346 1894 3400 nullo
1924 3347 2103 3416 Augu-

512 3440 710 3495 stinum
743 3455 772 3493 a
802 3449 1128 3510 prmccptore
1155 3454 1251 3493 suo
1277 3437 1513 3503 differre,
1543 3438 1636 3493 sed
1662 3438 2108 3507 disputationibus

514 3531 632 3601 ejus
659 3546 761 3585 non
791 3531 964 3585 minus
992 3530 1144 3593 Adm,
1171 3546 1331 3600 quant
1356 3538 1672 3585 ctcterorum
1704 3540 1946 3584 naturam
1979 3544 2106 3599 pes-

516 3624 705 3678 simam
739 3621 973 3678 deﬁniri.
1004 3621 1243 3691 Denique
1270 3632 1326 3675 ut
1346 3620 1520 3674 adhuc
1545 3620 1742 3690 aliquid
1769 3636 1889 3674 eum
1918 3619 2107 3674 eodem

516 3716 584 3770 de
633 3714 737 3781 bis,
764 3729 883 3785 qua:
922 3713 1150 3781 egimus,
1191 3713 1804 3781 disscramus:apparet
1851 3720 1902 3766 te
1948 3712 2106 3766 etiant

516 3807 673 3879 primi
714 3806 914 3878 peccati
945 3821 1052 3861 non
1094 3804 1235 3860 idem
1265 3818 1455 3875 genus,
1484 3803 1625 3874 quod
1672 3804 1894 3857 aliarum
1922 3814 2109 3873 putare

514 3902 813 3971 culparum.
841 3899 974 3955 Nam
1003 3914 1125 3954 cum
1152 3897 1284 3952 dicis
1323 3896 1516 3967 ﬂagitia
1559 3906 1856 3965 temporum
1898 3903 2111 3950 secuto-

519 4009 637 4049 rnnt
667 3993 721 4048 in
749 4001 991 4049 naturam
1035 3992 1262 4046 transire
1296 4006 1403 4045 non
1443 4006 1622 4062 posse,
1645 3990 1791 4045 verbi
1829 3990 2020 4061 gratia,
2054 3998 2111 4045 ut

515 4085 586 4141 de
618 4084 941 4155 peculatore,
973 4083 1040 4139 de
1067 4083 1350 4153 parricida,
1375 4081 1443 4136 de
1469 4083 1675 4137 incesto
1701 4081 1801 4136 orti
1835 4083 1923 4136 ﬁlii
1946 4097 2110 4152 gene-

517 4188 727 4233 rantum
753 4178 983 4247 peccatis
1015 4185 1299 4231 nascantur
1324 4175 1565 4238 obnoxii;
1595 4190 1691 4229 nec
1720 4175 1881 4228 ullum
1902 4174 2105 4229 crimen

512 4284 637 4326 esse
677 4269 816 4339 quod
864 4267 1157 4324 seminibus
1185 4266 1493 4331 misceatur,
1518 4275 1711 4335 pra-ter
1754 4264 1883 4319 illud
1918 4281 2103 4331 unum;

516 4358 854 4429 apertissime
877 4357 1136 4420 ostendis,
1158 4358 1301 4411 illam
1328 4356 1740 4411 inobedicntiam
1772 4373 1877 4411 non
1908 4366 1955 4411 te
1975 4356 2109 4425 ejus.

526 4457 645 4507 dent
675 4450 889 4522 generis
910 4449 1183 4517 arbitrari,
1200 4448 1351 4519 cujus
1377 4448 1545 4505 etium
1572 4456 1782 4503 caetera:
1809 4457 1952 4503 sunt.
1978 4446 2108 4502 Vide

518 4559 666 4613 ergo,
727 4540 1067 4611 interrogatio
1119 4548 1299 4595 nostra
1362 4550 1574 4610 quanta:
1613 4540 1681 4593 sit
1723 4537 1996 4594 brevitatis
2054 4546 2110 4593 et

516 4635 671 4691 lucis.
702 4632 760 4689 Si
801 4642 1097 4703 peccatum,
1124 4631 1266 4703 quod
1317 4631 1485 4687 Adam
1524 4632 1813 4698 commisit,
1837 4631 2107 4686 voluntate

517 4732 827 4793 Suswptum
862 4731 965 4787 est,
993 4731 1047 4778 et
1088 4722 1255 4792 potuit
1281 4721 1392 4776 fieri
1432 4721 1691 4787 naturale;
1719 4736 1813 4775 cur
1864 4720 2107 4775 nonlnec

520 4831 639 4885 qua:
679 4815 811 4869 ﬁunt
848 4814 1082 4885 quotidie
1130 4824 1367 4883 peccata,
1398 4828 1517 4883 qua:
1552 4813 1796 4867 voluntas
1820 4812 2105 4868 criminosa

519 4905 905 4971 committit,in
960 4903 1350 4959 deformitatem
1398 4913 1454 4960 et
1493 4903 1794 4973 prtejndicia
1842 4904 2103 4959 seminum

521 4995 915 5067 congeruntur?
940 4994 1090 5062 Quod
1119 4995 1161 5049 si
1199 4995 1296 5051 ista
1341 5010 1447 5049 non
1478 4995 1655 5049 minus
1702 4995 1921 5061 atrocia,
1944 5010 2103 5065 quam

524 5090 700 5159 plura,
755 5085 1057 5157 ingenerari
1113 5096 1401 5156 nequeunt;
1452 5100 1555 5156 qua
1609 5085 1745 5155 lege,
1769 5101 1871 5154 qua
1915 5086 2104 5141 condi-

518 5182 684 5249 tione,
707 5194 814 5251 quo
853 5178 1131 5250 privilegio
1174 5176 1303 5232 illud
1339 5177 1510 5232 solum
1560 5178 1860 5232 vindicatur
1902 5178 2108 5249 ingeni-

519 5272 673 5329 tum?
696 5271 754 5330 Si
785 5270 945 5331 tutius
985 5270 1199 5343 generis
1242 5280 1454 5340 peccata
1492 5278 1637 5336 sunt,
1688 5286 1807 5340 qua:
1842 5269 2105 5341 novimus,

518 5381 638 5436 quae
669 5365 754 5421 lex
781 5364 975 5433 arguit,
1006 5378 1124 5433 quae
1145 5364 1366 5432 a'quitas
1398 5362 1566 5431 punit,
1591 5372 1644 5418 et
1671 5362 1798 5417 illud
1825 5361 1977 5432 primi
2008 5361 2106 5417 bo-

519 5459 702 5525 tninis,
715 5456 855 5527 quod
876 5454 1149 5510 voluntate
1168 5451 1512 5508 commissum
1532 5462 1586 5509 et
1600 5452 1846 5525 mquitatc
1868 5453 2107 5525 punitum

521 5565 623 5618 est;
646 5567 740 5607 cur
766 5568 872 5606 non
897 5558 989 5605 aut
1023 5549 1123 5604 iSta
1153 5565 1216 5604 cs
1247 5549 1337 5602 illo
1379 5548 1737 5618 intelligimus,
1758 5558 1844 5602 aut
1875 5547 2002 5602 illud
2040 5562 2106 5603 ex

522 5641 671 5701 istis?
696 5645 803 5698 Aut
826 5641 874 5697 si
899 5647 1083 5698 mutuo
1121 5639 1221 5695 sibi
1262 5639 1566 5696 testintOuio
1593 5652 1713 5696 esse
1739 5654 1844 5694 non
1865 5645 2103 5710 possunt,

521 5751 625 5807 qua
665 5732 989 5806 impudentia
1028 5730 1320 5803 denegatur
1363 5730 1453 5786 illa
1490 5729 1853 5803 praevaricatio
1895 5729 2109 5789 alterius

589 5873 603 5914 .'
643 5878 790 5921 vetus
810 5869 965 5919 cale:
990 5875 1133 5929 νοω,
1150 5866 1420 5929 judicabat.

1172 388 1416 445 OPERIS
1456 386 1863 443 llll’ERFECTl
1903 384 2176 437 LONl’llA
2216 381 2575 447 JULIANUM,
2617 388 2674 439 ὃ.
2720 384 3081 443 AUGUSTINI

3652 385 3789 443 1548

2205 497 2529 553 conditionis
2572 498 2753 564 fuisse,
2788 499 2839 554 id
2870 507 2971 567 est,
3002 514 3105 555 non
3134 497 3201 554 de
3244 498 3538 566 voluntate,
3568 500 3664 555 Sed
3693 516 3791 556 na-

2205 590 2359 643 turali
2397 590 2515 646 tabe
2540 591 2784 661 prolata?
2814 592 3110 655 Postremo,
3141 590 3279 646 aude
3329 606 3452 646 cum
3494 594 3793 648 assertione

2206 680 2438 737 traducis
2483 681 2707 737 deﬁnire
2755 683 3125 753 quodcumque
3177 690 3475 752 peccatum,
3517 697 3625 737 non
3670 681 3792 737 dico

2204 771 2333 827 illud
2365 773 2612 843 primum,
2642 773 2733 829 sed
2766 775 2975 829 interim
3006 776 3087 829 vel
3108 773 3176 829 de
3210 773 3293 829 his
3324 790 3443 844 qua:
3470 790 3610 830 nunc
3636 774 3790 842 ﬁuttt,

2206 865 2350 920 verbi
2377 868 2565 936 gratia,
2598 867 2954 939 sacrilegium,
2986 866 3260 937 ﬂagitium,
3293 867 3375 922 vel
3400 866 3598 922 malum
3618 868 3793 937 quod-

2208 956 2345 1026 piam
2375 958 2596 1021 facinus;
2631 958 2682 1013 id
2711 969 2811 1025 est,
2839 959 2953 1015 bmc
2976 971 3190 1030 peccata
3229 975 3386 1030 quam
3422 959 3791 1017 definitionem

2206 1048 2456 1116 habeant,
2476 1051 2760 1120 explicato.
2781 1052 2932 1107 Dices
2966 1053 3082 1107 sine
3107 1052 3291 1118 dubio,
3308 1051 3567 1108 Voluntas
3594 1061 3675 1106 est
3703 1067 3792 1120 ap.

2207 1156 2392 1213 petens
2423 1145 2562 1212 quod
2602 1144 2808 1215 justitia
2854 1154 3015 1212 vetat,
3038 1154 3093 1199 et
3127 1144 3266 1200 unde
3288 1145 3511 1200 liberum
3557 1156 3641 1200 est
3670 1146 3797 1198 abs-

2208 1235 2399 1290 tinere.
2434 1236 2569 1301 Quia
2621 1237 2665 1289 si
2702 1236 2945 1290 voluntas
2993 1237 3129 1290 mala
3157 1252 3263 1290 non
3318 1246 3482 1301 esset,
3517 1247 3797 1307 peccatum

2206 1341 2327 1382 esse
2354 1342 2460 1381 non
2504 1328 2736 1397 posset‘.
2768 1326 2848 1381 Ad
2873 1329 2973 1381 hoc
3001 1343 3158 1398 quant
3201 1328 3588 1384 rationabiliter
3612 1343 3798 1383 assm-

2206 1432 2395 1486 gamus
2440 1416 2679 1472 intende.
2702 1416 2747 1473 Ο
2779 1418 3175 1484 hebetudinent,
3200 1434 3234 1473 ο
3260 1419 3644 1490 impudentiam
3692 1437 3799 1474 ιιι-ιι

2208 1509 2498 1564 ferendam!
2525 1509 2721 1565 Deﬁnis
2749 1525 2856 1565 non
2896 1525 3017 1565 esse
3047 1520 3319 1579 peccatum
3347 1510 3447 1566 nisi
3470 1512 3799 1568 voluntatem

2208 1600 2452 1663 liberam,
2482 1600 2804 1670 etajustitia
2846 1602 3186 1670 prohibitam;
3214 1618 3335 1657 cum
3377 1604 3501 1657 ntali
3543 1606 3802 1660 naturalis

2206 1693 2388 1763 opinio
2432 1695 2742 1764 pra-scribat
2778 1710 2899 1750 esse
2938 1705 3234 1765 peccatum,
3262 1713 3381 1750 eum
3425 1713 3535 1768 quo
3563 1700 3805 1755 nascitur

2208 1785 2387 1852 homo,
2412 1800 2516 1842 non
2542 1786 2919 1842 voluntarium.
2952 1788 3067 1843 Non
3093 1800 3173 1844 est
3201 1804 3327 1859 ergo
3362 1806 3569 1856 verum,
3590 1792 3803 1862 culpam

2208 1891 2314 1930 non
2342 1892 2485 1942 esse,
2516 1877 2615 1931 nisi
2640 1894 2757 1946 qua:
2804 1890 2997 1948 sponte
3044 1882 3411 1945 committitur;
3441 1883 3564 1951 quia
3584 1893 3671 1938 est
3698 1885 3807 1939 cri-

2208 1983 2354 2034 men,
2383 1976 2438 2022 et
2479 1970 2791 2034 maximum,
2819 1972 2962 2041 quod
3010 1988 3117 2027 non
3150 1982 3360 2042 sponte,
3391 1975 3487 2030 sed
3532 1978 3806 2033 nascendo

2207 2059 2516 2129 suscipitur.
2550 2061 2782 2117 Remitte
2810 2064 2967 2132 igitur
3013 2064 3376 2121 deﬁnitionem
3422 2068 3646 2135 peccati,
3680 2085 3806 2138 quas

2207 2150 2494 2207 Catholicis
2542 2154 2711 2209 antica
2756 2154 2823 2209 ad
2867 2170 2961 2211 vos
2992 2171 3090 2210 nec
3126 2156 3340 2226 hospitii
3382 2158 3506 2228 jure
3541 2159 3806 2228 deﬂectit,

2208 2250 2367 2310 atque
2393 2256 2456 2297 ea
2500 2243 2936 2315 remissa,proba
2978 2255 3031 2300 te
3087 2262 3193 2300 non
3240 2262 3361 2302 esse
3399 2247 3612 2304 illorum
3654 2266 3808 2305 com-

2208 2335 2636 2405 militonem,qui
2669 2337 2837 2406 ipsam
2882 2340 3234 2394 substantiam
3278 2340 3470 2395 invidia
3522 2344 3805 2411 pravitatis

2209 2434 2535 2495 oppugnant.
2560 2428 2625 2481 Et
2649 2436 2706 2481 ut
2733 2428 2874 2498 quod
2908 2430 3113 2499 egimus
3139 2431 3418 2501 colligatur
3446 2451 3461 2487 :
3483 2442 3575 2487 aut
3591 2436 3802 2490 nullum

2208 2515 2489 2571 docebitur
2529 2518 2907 2585 voluntarium,
2938 2522 2982 2573 si
3008 2529 3091 2576 est
3118 2521 3332 2591 aliquod
3384 2523 3625 2580 naturale
3676 2540 3813 2594 pec-

2207 2616 2406 2673 catum;
2436 2618 2528 2664 aut
2572 2611 2775 2665 nullum
2816 2613 2921 2667 erit
2949 2614 3209 2679 naturale,
3240 2615 3285 2670 si
3320 2630 3480 2669 omne
3519 2628 3805 2687 peccatum

2208 2699 2570 2755 voluntarium
2618 2700 2872 2757 deﬁnitur
2903 2720 2916 2756 :
2947 2704 3331 2774 conﬁciturque
3366 2721 3433 2761 ex
3473 2707 3576 2775 his,
3626 2718 3686 2762 ut
3717 2718 3811 2763 aut

2210 2808 2374 2864 neges
2415 2794 2564 2849 nasci
2601 2808 2761 2865 posse
2805 2806 3104 2865 peccatum,
3125 2807 3180 2853 et
3208 2808 3446 2855 transeas
3475 2800 3528 2855 in
3561 2799 3811 2857 Catholi-

2211 2898 2395 2939 corum
2444 2884 2624 2950 ﬁdem;
2655 2894 2744 2939 aut
2769 2886 2811 2939 si
2842 2888 3142 2956 perstiteris
3182 2906 3285 2943 non
3308 2891 3540 2961 aliquod,
3568 2894 3664 2949 sed
3695 2909 3811 2950 ma-

2211 2976 2408 3031 ximum
2457 2977 2659 3032 crimen
2698 2979 2815 3033 sine
2845 2980 3117 3037 voluntate
3157 2982 3356 3052 suscipi
3399 2999 3493 3053 per
3529 2996 3805 3052 naturam,

2212 3066 2407 3122 reddas
2450 3084 2645 3125 nomen
2700 3080 2849 3125 tuum
2893 3072 3053 3127 etiam
3114 3074 3441 3141 Manichmo,
3488 3078 3579 3134 cui
3633 3089 3810 3137 totum

2215 3168 2433 3229 prtestas
2452 3160 2791 3231 obsequium.

2282 3250 2416 3307 Anc.
2442 3250 2682 3321 Magnam
2711 3263 2762 3308 te
2808 3253 2936 3308 mihi
2978 3263 3128 3324 putas
3175 3256 3425 3313 invidiam
3454 3273 3807 3332 comparare,

2211 3355 2333 3396 cum
2384 3341 2534 3406 dicis,
2575 3342 2704 3397 nihil
2749 3360 2834 3398 me
2863 3360 2894 3399 a
2923 3360 3044 3400 meo
3086 3357 3417 3417 prmeeptore
3456 3350 3675 3407 differre
3711 3363 3811 3409 :at

2211 3448 2312 3504 ego
2341 3434 2392 3487 in
2439 3434 2648 3490 laudent
2692 3452 2863 3491 meam
2892 3447 2979 3492 tua
3018 3454 3172 3493 sumo
3214 3441 3487 3505 convicia;
3520 3458 3618 3499 nec
3661 3446 3811 3515 quod

2212 3526 2432 3595 Cogitas,
2458 3525 2557 3581 sed
2608 3528 2748 3596 qttod
2791 3528 2969 3584 verbis
3018 3545 3199 3596 sonas,
3234 3548 3489 3587 revocans
3526 3533 3595 3589 ad
3639 3535 3809 3592 ﬁdem

2213 3636 2407 3685 meam,
2436 3621 2573 3675 sicut
2606 3637 2693 3676 me
2729 3622 3025 3692 intelligere
3046 3634 3277 3693 oportet,
3310 3626 3565 3696 intelligo.
3600 3626 3810 3683 Verum

2212 3714 2354 3769 enim
2380 3714 2533 3775 dicis,
2557 3724 2613 3769 et
2650 3715 2856 3781 nescis;
2888 3716 3026 3770 sicut
3060 3714 3292 3786 Caiphas
3331 3718 3567 3787 pontifex
3613 3735 3811 3788 perse-

2211 3814 2367 3859 cutor
2390 3805 2607 3873 Christi,
2641 3806 2843 3861 scelera
2876 3807 3159 3877 cogitabat,
3196 3817 3249 3861 et
3292 3808 3521 3862 snlubria
3553 3812 3811 3865 nesciens

2212 3896 2373 3951 verba
2424 3895 2633 3951 dicebat
2679 3897 2856 3967 (Joan.
2881 3914 2955 3964 ιι,
2983 3897 3197 3968 49-52).
3222 3899 3441 3954 Gaudeo
3480 3916 3726 3969 prorsus,
3755 3903 3811 3957 iu

2215 3987 2313 4041 hac
2331 4002 2450 4058 qum
2482 3988 2619 4042 inter
2642 4002 2739 4043 nos
2765 3989 2987 4043 vertitur
3018 3991 3334 4059 qumstioue,
3354 4007 3439 4046 me
3465 3992 3595 4047 nihil
3621 4009 3651 4047 a
3682 4010 3812 4048 meo

2215 4089 2541 4149 prteceplore
2565 4079 2809 4146 diﬂ'erre;
2834 4081 3027 4149 primo,
3055 4082 3175 4152 quia
3203 4084 3314 4151 ipse
3338 4084 3589 4139 Dominus
3618 4086 3813 4143 docuit

2214 4186 2320 4236 me,
2351 4180 2591 4225 mortuos
2614 4186 2733 4226 esse
2780 4172 3049 4241 parvulos,
3085 4174 3187 4228 nisi
3243 4176 3357 4244 ipse
3412 4190 3507 4230 eos
3546 4176 3808 4245 viviﬁcet,

2211 4263 2298 4332 qui
2332 4278 2429 4331 pro
2470 4263 2717 4317 omnibus
2744 4274 2985 4319 mortuus
3014 4274 3098 4319 est
3130 4283 3143 4320 :
3174 4266 3316 4335 quod
3349 4282 3626 4337 exponens
3667 4272 3815 4339 Apo-

2211 4356 2377 4410 stolus
2399 4354 2547 4419 dicit,
2578 4354 2717 4426 Ergo
2743 4371 2917 4411 omnes
2954 4357 3142 4411 mortui
3182 4368 3320 4423 sunt,
3342 4370 3389 4413 et
3436 4376 3527 4429 pro
3568 4364 3818 4419 omnibus

2212 4454 2437 4499 mortuus
2474 4455 2547 4499 est
2573 4445 2641 4516 (ll
2663 4444 2782 4502 Cor.
2809 4461 2859 4514 v,
2889 4447 2977 4514 14,
3012 4449 3132 4514 15).
3165 4450 3229 4503 Ει
3259 4458 3311 4502 ιιι
3337 4450 3685 4517 contradicis,
3708 4468 3815 4508 ne-

2210 4553 2343 4610 gans
2386 4538 2633 4609 parvulos
2684 4547 2946 4606 mortuos,
2969 4554 3039 4594 ne
3080 4539 3417 4595 vivificentur
3462 4542 3515 4595 in
3558 4542 3811 4611 Cbrism,

2210 4646 2332 4686 cum
2377 4630 2593 4687 fatearis
2617 4641 2885 4686 mortuum
2924 4633 3085 4686 etiam
3117 4647 3214 4702 pro
3244 4634 3481 4703 parvulis
3504 4634 3813 4691 Christum.

2210 4726 2323 4781 lloc
2368 4742 2454 4782 me
2492 4726 2829 4783 docetetiam
2875 4727 3111 4783 Joannes
3157 4730 3395 4783 omnium
3444 4728 3816 4799 Prazceptoris

2210 4818 2505 4888 apostolus,
2531 4821 2619 4889 qui
2647 4819 2792 4884 dicit,
2822 4819 2946 4874 ldeo
2983 4820 3195 4875 venisse
3236 4820 3425 4875 Filium
3456 4820 3570 4886 Dei,
3604 4831 3666 4875 ut
3696 4824 3813 4877 5:.1-

2211 4918 2297 4963 vat
2323 4924 2484 4979 opera
2510 4908 2703 4964 diaboli
2734 4908 2789 4983 (1
2814 4908 2971 4963 Joan.
2995 4926 3072 4975 tu,
3102 4910 3165 4980 8)
3196 4928 3209 4964 :
3242 4926 3360 4981 qua:
3386 4926 3481 4965 vos
3512 4914 3732 4982 negatis
3762 4915 3817 4969 in

2211 5002 2445 5072 parvulis
2487 5003 2664 5067 solvi,
2695 5003 2847 5071 quasi
2892 5014 3109 5075 propter
3145 5004 3261 5058 illos
3290 5019 3395 5059 non
3430 5004 3678 5071 venerit,
3721 5008 3820 5077 qui

2211 5094 2331 5150 ideo
2360 5096 2499 5149 venit
2528 5105 2583 5149 ut
2611 5096 2780 5151 solvat
2813 5112 2973 5167 opera
2998 5097 3213 5152 diaboli.
3248 5096 3610 5167 Prmceptores
3637 5100 3818 5153 etiam

2207 5201 2358 5243 meos
2377 5202 2568 5259 negare
2593 5204 2699 5243 non
2726 5188 2914 5256 debeo,
2936 5190 3027 5260 qui
3056 5204 3142 5245 me
3168 5189 3236 5244 ad
3268 5191 3368 5245 hoc
3395 5189 3817 5260 intelligendum

2209 5292 2309 5334 suo
2332 5278 2591 5335 litterario
2616 5279 2797 5336 labore
2814 5278 3085 5351 juverunt.
3111 5280 3258 5337 Meus
3288 5292 3587 5351 przuceptor
3609 5291 3700 5336 est
3714 5280 3814 5354 Cy.

2212 5370 2446 5439 prianus,
2489 5372 2579 5440 qui
2623 5370 2771 5439 dicit,
2828 5370 3086 5427 infantem
3136 5369 3429 5428 secundum
3477 5371 3649 5426 Adam
3681 5388 3818 5427 car-

2211 5462 2399 5517 naliter
2427 5471 2626 5527 natum,
2656 5463 2956 5535 contagium
2996 5464 3183 5520 mortis
3218 5465 3449 5535 antiqua:
3473 5465 3644 5535 prima
3668 5468 3823 5520 nati-

2211 5554 2371 5609 vitate
2398 5556 2641 5627 traxisse,
2656 5566 2709 5611 et
2724 5556 2957 5628 hocipso
2970 5557 3036 5612 ad
3064 5558 3431 5614 remissionem
3456 5566 3817 5629 peccatorum

2210 5646 2571 5718 accipiendam
2622 5648 2827 5704 facilius
2873 5648 3149 5716 accedere,
3190 5648 3332 5721 quod
3360 5650 3409 5705 ei
3452 5649 3812 5705 remittuntur

2279 5809 2295 5837 ¹
2333 5807 2620 5918 ιᾶἰειιὶοτίυς,
2648 5812 2892 5870 peccatum
2917 5818 3007 5856 non
3030 5812 3162 5859 esset.
3187 5812 3699 5870 Uss.,pccmtumcsse
3714 5821 3819 5862 non

2279 5882 2345 5918 ιςδι
2379 5905 2390 5918 .

2218 5881 2390 5931 passa.
