3962 6536
164 437 306 497 1549

162 568 269 607 non
294 551 527 623 propria,
548 549 642 605 sed
672 549 840 603 aliena
861 555 1071 615 peccata
1093 543 1282 615 (Epist.
1307 545 1394 617 64,
1411 566 1477 605 aa
1505 546 1740 607 Fidum.

161 645 315 700 Heus
332 654 415 698 est
430 650 726 712 praeceptor
745 636 1075 702 Ambrosius,
1088 635 1238 706 cujus
1260 650 1364 690 non
1386 635 1558 688 solum
1578 632 1746 687 libros

161 736 289 807 legi,
304 734 399 790 sed
420 733 581 790 verba
610 732 766 787 etiam
789 728 1054 800 loquentis
1068 726 1265 789 audivi,
1287 734 1341 780 et
1362 738 1455 793 per
1472 736 1597 777 eum
1614 721 1730 775 lava

161 843 317 884 crum
350 823 769 896 regenerationis
804 822 1005 892 accepi.
1033 820 1215 890 Longe
1240 832 1359 873 sum
1384 814 1598 886 quidem
1643 813 1748 867 im-

162 934 261 989 par
286 919 493 975 meritis
530 917 645 988 ejus
674 935 687 970 :
715 915 809 972 sed
836 914 1095 970 confiteor
1111 922 1164 966 et
1182 910 1438 982 profiteor
1461 922 1548 962 me
1574 908 1625 961 in
1650 906 1750 961 hac

161 1026 328 1067 causa
353 1010 483 1065 nihil
508 1010 575 1065 ab
602 1009 705 1064 hoc
740 1021 858 1063 meo
886 1012 1211 1077 prteceptore
1233 1001 1470 1056 differre.
1494 998 1591 1055 Cui
1613 997 1751 1051 absit

159 1112 221 1157 ut
244 1101 447 1157 audeas
496 1100 747 1170 praeferre
792 1097 1058 1167 Pelagium
1106 1102 1489 1165 prtcccptorem
1553 1098 1746 1143 tuum:

159 1209 323 1264 quem
357 1202 531 1247 tamen
560 1206 660 1262 ego
687 1199 873 1246 contra
906 1199 956 1244 te
980 1187 1047 1243 de
1074 1184 1358 1241 Ambrosio
1390 1189 1748 1237 tencotestcm

158 1303 369 1342 meum.
394 1287 638 1356 Pelagius
687 1284 825 1338 enim
856 1282 1008 1345 dixit,
1037 1278 1177 1350 quod
1210 1278 1325 1347 ejus
1367 1276 1523 1330 fidem
1564 1282 1619 1328 ct
1646 1287 1747 1341 pn.

160 1378 437 1433 rissimum
484 1378 535 1431 in
584 1374 871 1445 Scripturis
908 1386 1121 1426 sensum
1166 1385 1235 1424 ne
1260 1368 1505 1423 inimicus
1534 1363 1748 1435 quidem

160 1485 332 1524 ausus
355 1479 438 1524 est
461 1465 855 1539 reprehendere
887 1462 1173 1532 (Pelagius,
1203 1461 1265 1513 de
1292 1458 1471 1512 Libero
1507 1456 1747 1521 Arbitrio,

162 1561 257 1615 lib.
286 1560 367 1634 '5).
396 1561 565 1630 Quem
592 1561 670 1614 sic
708 1568 763 1613 tu
792 1558 956 1612 audes
992 1554 1404 1625 reprehendere,
1439 1549 1658 1620 utquod
1681 1550 1754 1603 ait

163 1652 493 1707 discordiam
514 1650 689 1705 carnis
707 1665 804 1719 per
830 1647 1315 1720 prazvaricationem
1345 1644 1497 1713 primi
1523 1641 1752 1696 hominis

158 1746 222 1799 in
250 1753 494 1798 nostram
514 1742 736 1797 vertisse
774 1748 1017 1793 naturam
1050 1736 1186 1807 (Lib.
1214 1738 1245 1789 7
1266 1736 1318 1789 in
1345 1734 1470 1788 Luc.
1495 1749 1593 1799 xu,
1621 1732 1691 1788 55
1710 1734 1750 1801 ),

158 1846 220 1892 et
244 1833 506 1905 quidquid
534 1833 678 1888 aliud
704 1832 771 1888 de
792 1831 969 1886 vitiata
998 1845 1095 1899 per
1118 1828 1288 1884 Adam
1312 1836 1497 1881 natura
1523 1825 1753 1879 humana

159 1928 340 1985 sensit
372 1935 428 1981 et
457 1926 609 1989 dixit,
628 1923 901 1980 Manichaci
948 1921 1179 1977 affirmes
1218 1935 1337 1976 esse
1373 1926 1752 1975 commentum.

158 2021 313 2077 Sane
344 2018 701 2074 testimonium
752 2014 1095 2086 praeceptoris
1141 2013 1214 2067 tui
1240 2012 1293 2067 in
1325 2012 1427 2065 hoc
1461 2018 1607 2065 tanto
1640 2009 1755 2063 viro

157 2128 237 2170 ex
296 2120 452 2183 parte
502 2108 773 2174 custodis,
825 2105 969 2177 quod
1026 2120 1147 2160 cum
1209 2117 1314 2158 non
1373 2101 1538 2155 audes
1575 2107 1757 2170 aperte

159 2201 570 2275 reprehendere
606 2217 620 2253 :
653 2198 753 2254 sed
791 2212 911 2254 cum
953 2196 1080 2251 mihi
1129 2193 1441 2249 nominatim
1488 2189 1756 2245 convicia-

160 2298 247 2352 ris
291 2296 467 2367 lingua
504 2292 765 2348 maledica
803 2300 858 2347 et
905 2290 1075 2345 fronte
1111 2296 1386 2357 proterva,
1431 2283 1668 2355 profecto
1704 2289 1758 2336 et

161 2389 322 2443 illum
355 2398 409 2441 et
444 2386 596 2449 alios,
626 2383 716 2454 qui
762 2381 947 2437 eadem
989 2387 1272 2435 senserunt
1300 2385 1458 2445 atque
1487 2373 1755 2439 dixerunt,

164 2479 433 2534 Ecclesia:
458 2476 735 2532 catholica:
769 2486 989 2543 magnos
1031 2472 1312 2539 clarosque
1343 2467 1589 2522 doctores
1612 2472 1759 2519 tanto

161 2571 418 2640 nequius,
435 2578 632 2640 quanto
647 2566 910 2637 obliquius
926 2562 1246 2618 criminaris.
1263 2561 1373 2631 Ego
1388 2560 1565 2630 itaque
1581 2557 1760 2612 adver-

158 2679 264 2719 sus
292 2670 424 2719 teet
446 2676 618 2716 meam
644 2657 871 2715 defendo
896 2666 952 2713 et
978 2656 1186 2710 illorum
1216 2652 1394 2719 fidem,
1422 2665 1557 2721 quos
1587 2649 1759 2719 palam

164 2756 338 2810 times
383 2753 587 2808 habere
630 2750 896 2817 inimicos,
942 2757 995 2803 et
1028 2745 1256 2801 invitusâ€˜
1299 2742 1497 2813 pateris
1532 2741 1757 2811 judices.

162 2846 331 2901 Absit
358 2853 534 2899 autem
565 2853 622 2898 ut
645 2842 785 2913 apud
816 2840 951 2896 tales
984 2839 1193 2909 judiccs
1218 2837 1428 2891 valeant
1451 2833 1648 2904 aliquid
1669 2848 1760 2887 ar-

163 2936 609 3008 gumentationes
655 2943 783 2998 tute,
829 2933 882 2988 in
922 2931 1116 3002 quibus
1156 2936 1373 3000 peccato
1416 2926 1489 2980 illi
1531 2939 1758 2994 magno,

163 3028 283 3084 hoc
309 3037 414 3094 est,
457 3023 875 3095 pratvaricationi
916 3020 1075 3094 primi
1105 3018 1356 3084 hominis,
1386 3023 1601 3087 peccata
1636 3030 1764 3068 con-

162 3122 513 3192 sequentium
540 3129 838 3189 temporum
862 3128 1163 3185 comparas,
1195 3119 1249 3167 et
1276 3120 1431 3181 putas
1473 3109 1518 3163 si
1558 3108 1763 3163 scelere

163 3212 337 3283 primi
370 3210 600 3265 hominis
638 3217 826 3263 natura
854 3207 1065 3278 generis
1113 3204 1329 3258 humani
1371 3209 1573 3256 mutata
1619 3201 1759 3265 est',

161 3303 340 3359 etiam
366 3316 509 3356 nunc
538 3307 820 3371 parentum
857 3296 1061 3352 scelera
1093 3304 1333 3349 naturam
1373 3292 1619 3347 debuisse
1650 3306 1763 3345 mu-

160 3403 294 3449 tare
314 3393 567 3447 filiorum.
602 3391 728 3445 lltec
754 3389 896 3444 enim
926 3387 1110 3443 dicens
1138 3400 1243 3439 non
1266 3383 1493 3453 respicis
1520 3390 1761 3452 peccato-

163 3500 260 3540 res
285 3483 435 3548 illos,
465 3490 809 3552 posteaquam
838 3489 1111 3549 peceatum
1140 3475 1269 3530 illud
1291 3474 1490 3545 grande
1507 3474 1762 3537 fecerunt,

163 3584 224 3631 et
268 3574 347 3629 de
398 3572 643 3643 paradiso
680 3585 803 3625 esse
852 3569 1120 3632 dimissos,
1151 3578 1205 3622 et
1246 3582 1274 3619 a
1304 3566 1446 3636 ligno
1469 3564 1590 3618 vitae
1623 3572 1764 3617 tanta

160 3662 469 3723 severitate
506 3660 821 3731 prohibitos.
872 3657 1136 3728 Numquid
1174 3656 1419 3712 scelerati
1464 3662 1765 3722 temporum

162 3757 405 3812 istorum
433 3755 484 3807 in
513 3751 715 3822 aliquas
736 3749 1015 3805 inferiores
1033 3760 1201 3803 terms
1222 3745 1570 3817 projiciuntur
1583 3743 1650 3798 de
1666 3744 1767 3798 hoc

163 3848 310 3903 orbe
339 3856 625 3911 terrarum,
652 3858 773 3898 cum
794 3841 882 3896 hic
905 3841 1016 3911 ipsa
1035 3840 1235 3895 scelera
1265 3836 1558 3909 quamlibet
1577 3849 1766 3905 magna

162 3937 592 3996 commiserint?
615 3932 884 4005 Numquid
910 3948 938 3986 a
972 3933 1113 4002 ligno
1139 3931 1279 3994 vitaz,
1310 3928 1453 3999 quod
1476 3928 1526 3982 in
1549 3926 1649 3981 hac
1670 3927 1770 3980 mi-

163 4031 319 4086 seria
359 4029 567 4084 nullum
597 4036 697 4093 est,
736 4023 1127 4093 prohibentur?
1163 4020 1267 4077 Sed
1296 4018 1530 4090 persistit
1557 4018 1767 4087 generis

162 4117 404 4174 humani
431 4118 579 4172 locus
598 4128 651 4171 et
676 4116 807 4181 vita,
835 4114 889 4170 in
919 4112 1110 4183 quibus
1132 4120 1184 4167 et
1206 4110 1449 4165 homines
1469 4106 1767 4177 impiissimi

165 4212 410 4265 vivunt:
445 4222 567 4264 cum
610 4206 884 4262 videamus
928 4204 1140 4259 illorum
1188 4202 1472 4272 impiorum
1501 4201 1677 4256 locum
1713 4208 1769 4254 et

164 4305 367 4366 vitam,
416 4302 555 4357 sicut
584 4284 699 4356 erat
730 4308 852 4354 ante
881 4306 1173 4369 peccatum,
1203 4304 1323 4366 post
1347 4302 1619 4364 peccatum
1660 4307 1766 4348 non

163 4394 423 4464 potuisse
437 4393 749 4448 consistere.
778 4389 1089 4459 Debuerunt
1113 4397 1314 4454 autem,
1341 4387 1630 4443 secundum
1648 4386 1766 4455 opi-

162 4486 399 4541 nionem
422 4493 670 4549 vestratn,
702 4482 907 4553 parvuli
935 4481 1082 4536 nullo
1101 4489 1249 4535 reatu
1277 4478 1511 4549 obligati,
1559 4494 1683 4533 mox
1712 4487 1767 4532 ut

158 4586 497 4641 nascuntur,
520 4582 771 4644 tanquam
794 4571 1137 4628 innocentesâ€™
1159 4571 1415 4641 imagines
1436 4570 1528 4624 Dei
1547 4570 1765 4640 perferri

157 4670 237 4726 ab
260 4669 495 4739 Angelis
526 4669 578 4723 in
624 4667 929 4738 paradisum
959 4666 1074 4731 Dei,
1098 4674 1154 4719 et
1179 4664 1285 4719 illic
1306 4665 1423 4719 sine
1447 4663 1557 4718 ullo
1586 4663 1768 4717 labore

156 4771 219 4819 et
241 4761 443 4816 dolore
463 4759 669 4823 nutriri,
695 4749 771 4813 Î¹Î¹(
779 4758 822 4813 si
848 4758 966 4827 quis
985 4771 1170 4812 eorum
1196 4761 1489 4825 peccasset,
1515 4755 1627 4823 ipse
1648 4753 1768 4807 inde

157 4853 373 4906 merito
395 4850 766 4920 projiceretur,
796 4864 865 4904 ne
888 4856 1190 4904 crescerent
1213 4846 1507 4900 imitatione
1532 4856 1763 4913 peccata.

152 4942 330 5001 Nunc
350 4956 486 4996 vero
512 4955 634 4995 cum
650 4940 798 4996 solus
825 4940 1051 4994 audierit
1069 4939 1158 5009 qui
1190 4939 1241 4992 in
1268 4937 1497 5007 paradisi
1522 4936 1768 4992 felicitate

155 5034 450 5105 peccavit,
483 5033 673 5103 Spinos
699 5043 745 5087 et
775 5032 983 5086 tribulos
1008 5041 1141 5085 terra
1166 5031 1326 5101 pariet
1353 5030 1456 5095 tibi,
1500 5028 1767 5083 maledicta

151 5128 212 5181 in
242 5124 496 5180 omnibus
538 5124 770 5195 operibus
816 5124 951 5188 tuis;
976 5131 1023 5177 cl
1064 5123 1118 5175 in
1148 5123 1333 5176 sudore
1349 5121 1515 5175 vultus
1540 5121 1613 5173 tui
1655 5120 1768 5174 cdes

151 5233 365 5288 panem
390 5224 537 5269 tuum
566 5231 586 5269 :
605 5215 806 5270 nullum
831 5214 1102 5269 hominum
1129 5212 1368 5267 videmus
1387 5228 1416 5265 a
1440 5227 1595 5281 poena
1614 5212 1766 5266 labo-

149 5312 237 5366 ris
262 5309 552 5374 alicnum;
582 5308 671 5378 qui
713 5307 894 5377 utique
924 5307 1073 5362 labor
1099 5306 1282 5361 beatos
1310 5304 1634 5360 habitatores
1676 5319 1768 5374 paâ€”

146 5403 344 5462 radisi
372 5416 482 5457 non
512 5410 625 5455 erat
651 5410 987 5471 gravatums.
1031 5399 1098 5453 Et
1125 5413 1246 5453 cum
1275 5398 1388 5452 sola
1428 5398 1619 5453 mulier
1653 5398 1769 5467 ejus

143 5493 449 5557 audierit,
504 5490 572 5546 In
596 5492 802 5546 tristitia
831 5491 998 5560 paries
1037 5490 1166 5544 ï¬lios
1213 5488 1363 5561 (Gen.
1407 5504 1483 5555 Î¹Î¹Î¹,
1538 5488 1765 5556 16-Î¹Ï…)Í¾

144 5588 379 5645 nullam
409 5584 725 5655 parientium
748 5583 815 5639 ab
835 5583 937 5638 hoc
963 5583 1220 5655 supplicio
1241 5583 1439 5638 scimus
1457 5585 1764 5636 immunem.

142 5674 454 5746 Numquid
492 5690 621 5746 ergo
665 5675 736 5730 ita
772 5674 902 5730 estis
949 5673 1187 5736 absurdi.
1226 5681 1397 5729 utaut
1441 5672 1494 5728 in
1521 5671 1767 5745 paradiso

220 5794 243 5824 Î¹
290 5788 441 5847 Editi,
464 5787 680 5839 invictus.
709 5789 1006 5849 castigantur
1027 5799 1089 5835 ex
1118 5793 1221 5835 MSS.

217 5855 246 5887 Â³
290 5859 457 5899 Vetus
476 5850 631 5899 codex
664 5858 791 5907 tuan,
824 5848 987 5899 tit'tiala
1003 5854 1088 5898 est.

214 5915 247 5951 Â³
284 5913 385 5964 llic
402 5913 691 5964 auctoritate
713 5918 818 5963 Mss.
846 5909 1077 5971 addimus,
1097 5908 1381 5961 innocentes.

1552 426 1756 491 uasa
1798 410 2064 475 SEXTUS

3303 422 3440 480 I550

1853 554 2166 615 existimetis
2197 552 2438 610 homines
2464 552 2592 611 istas
2613 570 2880 611 azrutnnas
2908 553 3071 613 fuisse
3104 571 3355 627 passuros
3380 559 3425 612 si

1854 661 2014 701 nemo
2066 654 2360 717 peccasset,
2408 658 2539 714 quas
2577 643 3066 700 manifestissimum
3117 657 3218 713 est,
3265 647 3434 702 Deum

1853 735 2063 790 nonnisi
2090 734 2583 805 prmvaricatoribus
2610 734 2711 788 illis
2740 742 2865 789 tunc
2893 734 3195 791 hominibus
3221 736 3437 793 intulis-

1852 836 1939 891 se;
1962 835 2052 881 aut
2072 840 2212 879 nunc
2234 839 2326 880 eas
2348 825 2550 896 negetis
2575 839 2761 881 eorum
2779 832 3022 896 posteros
3048 828 3248 897 perpeti
3277 842 3438 899 para-

1852 915 1954 971 disi
1980 916 2219 983 exsules,
2249 925 2300 971 et
2329 915 2523 985 ubique
2550 924 2809 970 terrarum
2839 924 2914 971 tot
2936 924 2989 971 et
3008 923 3180 971 Lentis
3197 919 3440 974 miserias

1854 1009 2222 1081 perferentes;
2266 1018 2357 1064 aut
2385 1008 2576 1065 dicturi
2605 1008 2755 1074 estis,
2785 1017 2982 1079 quanto
3013 1009 3180 1080 magis
3215 1010 3440 1081 quisque

1854 1110 1935 1157 est
1962 1108 2215 1173 peccator
2237 1111 2293 1156 et
2317 1100 2533 1170 impius,
2566 1109 2714 1154 tanto
2736 1100 2904 1170 magis
2925 1100 3041 1170 ejus
3070 1114 3226 1172 agros
3250 1115 3440 1170 parere

1854 1193 2035 1263 Spinas
2062 1201 2116 1247 et
2145 1191 2387 1259 tribulos,
2417 1199 2472 1247 et
2498 1199 2647 1247 tanto
2673 1193 2841 1262 magis
2867 1207 2989 1246 eum
3019 1190 3212 1247 sudare
3243 1191 3439 1247 labori-
3508 1209 3514 1215 Î‡

1856 1286 1986 1349 bus;
2014 1292 2069 1339 et
2090 1292 2287 1355 quanto
2304 1295 2387 1339 cst
2412 1300 2635 1353 qumque
2657 1284 2846 1340 mulier
2874 1284 3123 1355 iniquior,
3154 1293 3299 1340 tanto
3321 1300 3440 1340 eam

1855 1376 2153 1447 parientem
2183 1374 2399 1430 dolores
2429 1377 2628 1445 perpeti
2654 1375 2963 1443 graviores?
3001 1375 3150 1432 Sicut
3171 1391 3297 1446 ergo
3326 1391 3442 1445 pcnâ€”

1856 1482 1938 1520 nte
1971 1465 2324 1520 humanarum
2349 1464 2707 1532 miseriarum,
2734 1480 2867 1537 quas
2893 1466 3250 1522 communiter
3270 1466 3447 1537 perfe-

1855 1566 1982 1611 runt
2009 1555 2102 1610 filii
2125 1555 2293 1610 Adam
2324 1571 2353 1609 a
2378 1555 2466 1611 die
2494 1557 2669 1612 exitus
2695 1556 2765 1612 de
2810 1565 2998 1612 ventre
3022 1557 3210 1611 matris
3232 1570 3443 1624 eorum,

1857 1648 1977 1703 ideo
2000 1655 2121 1702 sunt
2141 1648 2398 1714 omnium,
2431 1647 2553 1718 quia
2577 1657 2823 1718 parentes
2848 1662 3163 1703 communes
3185 1656 3309 1703 sunt
3329 1662 3445 1703 Î¿Î¹Î¹Î¹-

1856 1745 2024 1809 nium,
2057 1744 2125 1799 de
2148 1759 2376 1815 quorum
2424 1744 2858 1814 praevaricatione
2896 1744 2997 1799 ista
3036 1752 3341 1800 venerunt:
3374 1744 3443 1797 ita

1858 1836 2093 1908 ipsorum
2124 1837 2351 1893 duorum
2376 1837 2741 1908 prxvaricatio
2768 1846 2873 1891 tam
2900 1851 3147 1908 magnum
3168 1843 3444 1909 peccatum

1857 1928 2018 1985 debet
2058 1929 2302 1999 intelligi,
2330 1939 2388 1983 ut
2412 1937 2596 2002 posset
2623 1927 2862 1983 omnium
2906 1942 2971 1983 ex
3001 1929 3113 1982 viro
3142 1935 3197 1982 ct
3220 1926 3445 1983 muliere

1858 2019 2193 2075 nascentium
2225 2020 2275 2073 in
2304 2018 2539 2074 deterius
2567 2026 2772 2073 mutare
2800 2027 3062 2082 naturam,
3094 2028 3149 2073 et
3172 2019 3444 2073 communi

1859 2119 2009 2166 reatu
2038 2119 2289 2182 tanquam
2331 2108 2661 2165 hmreditarii
2703 2108 2866 2164 debiti
2907 2108 3143 2179 obligare
3170 2107 3448 2178 chirogra-

1859 2201 2046 2272 phum.
2076 2200 2327 2271 Quisquis
2369 2215 2496 2271 ergo
2547 2199 2677 2255 dicit
2723 2199 2880 2254 talem
2923 2199 3281 2256 conditionem
3308 2203 3448 2270 (pio-

1860 2292 2117 2351 rumlibet
2149 2293 2500 2360 delictorum,
2530 2308 2648 2363 quae
2682 2307 2822 2348 nunc
2861 2292 3290 2359 committuntur,
3328 2306 3448 2350 esst

1861 2385 2132 2449 debuisse,
2184 2383 2355 2454 qualis
2398 2382 2496 2437 fuit
2537 2382 2773 2438 conditio
2809 2381 2990 2437 delicti
3033 2382 3193 2449 illius,
3223 2381 3363 2453 quod
3392 2382 3447 2437 in

1863 2478 2003 2533 illius
2029 2478 2152 2532 vita:
2181 2484 2327 2531 tanta
2352 2475 2623 2543 felicitate,
2645 2483 2701 2531 et
2724 2482 2869 2529 tanta
2900 2489 3005 2529 non
3038 2473 3291 2545 peccandi
3316 2474 3449 2529 faci-

1863 2570 2011 2627 litate
2037 2569 2384 2626 commissum
2424 2576 2543 2633 est;
2583 2567 2743 2622 etiam
2786 2567 2928 2637 ipsas
2957 2566 3090 2620 duas
3123 2567 3257 2621 ritas
3292 2565 3453 2621 debet

1863 2676 2096 2732 aequare.
2130 2676 2247 2716 eam
2275 2660 2479 2716 scilicet
2508 2674 2626 2729 qua:
2652 2672 2793 2713 nunc
2816 2658 3011 2729 agitur,
3034 2667 3085 2713 et
3112 2666 3237 2711 eamâ€˜
3250 2673 3368 2729 qua:
3398 2657 3452 2712 in

1865 2752 1971 2808 illis
1994 2752 2193 2807 sanctis
2236 2760 2291 2806 et
2329 2750 2500 2805 beatis
2524 2748 2732 2805 deliciis
2758 2748 3029 2819 agebatur.
3060 2746 3213 2816 Quod
3242 2747 3287 2802 si
3332 2762 3455 2803 esse

1863 2845 2265 2901 stolidissimum
2309 2843 2515 2909 cernis;
2566 2842 2752 2899 desine
2779 2842 2848 2898 de
2893 2844 3127 2913 peccatis
3170 2843 3453 2914 praesentis

1864 2937 2045 2994 saâ€˜culi
2072 2937 2207 2992 velle
2235 2936 2599 3006 prrscribere,
2631 2950 2702 2991 ne
2726 2933 2856 2990 illud
2886 2950 3134 3005 magnum
3169 2945 3447 3006 peccatum

1868 3028 2061 3083 habeat
2088 3043 2237 3083 suam
2264 3029 2372 3082 vim
2399 3035 2453 3081 et
2475 3041 2628 3081 suum
2663 3024 2909 3081 meritum
2933 3026 3222 3096 singulare.
3263 3024 3453 3094 Quan-

1866 3136 2023 3192 quam
2052 3130 2105 3175 et
2130 3121 2182 3175 in
2209 3120 2309 3175 hac
2329 3120 2432 3174 vita
2450 3118 2787 3189 omnipotens
2813 3126 2867 3173 et
2881 3116 3056 3188 justus
3078 3119 3164 3172 ille
3188 3118 3276 3189 qui
3300 3118 3451 3186 dicit,

1867 3214 2098 3269 Reddam
2129 3223 2332 3284 peccata
2357 3220 2557 3283 patrum
2581 3211 2632 3264 in
2656 3211 2789 3279 ï¬lios
2810 3209 3004 3282 (Exod.
3038 3226 3123 3269 xx.
3156 3210 3234 3281 5),
3261 3224 3456 3281 parcn-

1868 3316 1982 3363 tum
2036 3316 2186 3362 reatu
2240 3306 2399 3362 etiam
2457 3311 2701 3374 posteros
2755 3302 2951 3357 irretiri
3002 3303 3132 3356 satis
3179 3301 3456 3358 evidenter

1868 3398 2124 3464 ostendit,
2155 3406 2209 3452 et
2236 3397 2481 3467 quamvis
2522 3395 2731 3449 mitiore
2752 3409 2913 3461 nexu,
2960 3403 3136 3448 tamen
3176 3392 3458 3449 haeredita-

1868 3490 1980 3547 rios
2008 3489 2278 3545 debitores
2307 3486 2442 3553 fieri,
2472 3486 2573 3540 nisi
2598 3500 2711 3551 eos,
2735 3484 2871 3539 sicut
2886 3484 2995 3554 jam
3015 3484 3066 3538 in
3093 3484 3468 3555 superioribus,

1870 3581 2027 3649 hujus
2057 3578 2235 3649 operis
2265 3576 2507 3649 partibus
2535 3574 2945 3645 disputavimus,
2992 3588 3020 3626 a
3052 3574 3266 3629 vinculo
3312 3575 3454 3630 illius

1870 3670 2158 3743 proverbii,
2180 3667 2320 3739 quod
2340 3666 2444 3722 dici
2475 3666 2631 3732 solet,
2665 3664 2846 3719 Patres
2866 3664 3290 3718 manducaverunl
3306 3680 3457 3718 uvam

1870 3762 2122 3825 acerbam,
2155 3768 2200 3815 et
2221 3758 2392 3813 dentes
2417 3756 2642 3827 ï¬liorum
2669 3756 3033 3826 obstupuerunt
3065 3755 3278 3828 (Jerem.
3303 3771 3453 3823 XXXI,

1870 3853 1988 3926 29),
2020 3867 2126 3908 non
2149 3859 2386 3906 vestrum
2406 3856 2802 3919 argumentum,
2820 3846 2913 3901 sed
2937 3862 3130 3901 novum
3154 3846 3460 3903 Testamen-

1872 3956 2005 4015 tum,
2032 3961 2133 4002 nec
2156 3945 2514 4017 generationis
2542 3952 2748 4009 natura,
2780 3941 2873 3997 sed
2899 3940 3067 4012 gratia
3100 3939 3459 4011 regeneratio-

1873 4041 1958 4096 nis
1985 4040 2249 4095 absolvat.
2283 4036 2532 4093 Deflnitio
2560 4050 2687 4090 vero
2713 4034 2800 4089 illa
2835 4034 3062 4104 peccati,
3096 4034 3184 4088 ubi
3214 4033 3461 4103 intelligi-

1871 4140 1960 4189 tur
2002 4131 2252 4188 voluntas
2305 4138 2562 4201 appetens
2600 4127 2743 4199 quod
2785 4126 2987 4198 justiti:
3029 4134 3193 4194 vetat,
3229 4135 3283 4181 et
3314 4127 3461 4182 unde

1872 4222 2102 4278 liberum
2143 4229 2226 4277 est
2267 4220 2560 4285 abstinere,
2613 4218 2754 4273 illius
2807 4217 3012 4287 peccati
3058 4216 3297 4271 definitio
3348 4228 3454 4285 est,

1873 4314 2015 4387 quod
2036 4312 2404 4369 tantummodo
2432 4318 2708 4381 peccatum
2731 4318 2832 4375 est,
2858 4322 2964 4362 non
2990 4309 3129 4378 quod
3155 4308 3313 4361 etiam
3344 4322 3460 4377 pce-

1873 4424 1939 4463 na
1978 4407 2182 4477 peccati
2220 4423 2234 4461 :
2277 4404 2421 4476 quod
2478 4402 2661 4458 nescio
2710 4402 2919 4472 quoties
2954 4401 3048 4455 tibi
3090 4400 3201 4471 jam
3248 4399 3316 4454 ad
3357 4401 3457 4453 ista

1873 4513 2193 4570 reSponsum
2232 4507 2337 4553 est.
2368 4496 2469 4565 Qui
2500 4496 2643 4549 enim
2686 4493 2836 4559 dicit,
2864 4491 2985 4547 Non
3008 4491 3143 4560 quod
3179 4491 3312 4557 rolo,
3363 4491 3455 4545 bo-

1875 4607 1997 4645 num
2024 4591 2195 4664 facio;
2224 4588 2314 4643 sed
2341 4587 2477 4659 quod
2516 4584 2635 4640 nolo
2662 4585 2873 4651 malum,
2905 4583 2998 4639 hoc
3032 4600 3127 4655 ago
3155 4581 3332 4654 (Rom.
3360 4599 3455 4650 vn,

1876 4682 1965 4752 l5)
1993 4697 2007 4745 ;
2039 4696 2145 4735 non
2177 4679 2253 4733 illi
2281 4678 2350 4732 ab
2391 4678 2493 4731 hoc
2519 4676 2661 4731 malo
2696 4675 2920 4730 liberum
2962 4683 3044 4729 est
3088 4675 3378 4742 abstinere,
3407 4686 3460 4731 et

1873 4770 1995 4825 ideo
2021 4770 2230 4823 invocat
2255 4768 2615 4833 liberatorem,
2643 4766 2765 4836 quia
2793 4764 3021 4835 perdidit
3045 4764 3365 4821 libertatem.

1946 4863 2110 4919 XXII.
2137 4863 2255 4919 Î™Ï…Î¹..
2280 4862 2849 4933 Tempusadmonctut
2875 4861 2939 4917 ad
2957 4862 3061 4918 alia
3082 4871 3416 4920 transeamus
3442 4885 3456 4919 :

1874 4955 1970 5011 sed
2001 4956 2053 5010 in
2084 4954 2271 5009 eodem
2295 4954 2413 5008 loco
2439 4960 2644 5010 restare
2686 4951 2885 5024 aliquid
2913 4952 3277 5024 indignatione
3303 4970 3457 5010 com-

1874 5048 2064 5119 pellor.
2089 5046 2241 5102 Tune
2267 5045 2463 5101 audeas
2488 5046 2666 5101 dicere
2689 5044 2858 5101 Adam
2881 5046 3153 5103 voluntate
3171 5051 3464 5119 peccasse?

1874 5140 2028 5197 Unde
2057 5140 2152 5195 tibi
2179 5139 2326 5195 venit
2349 5138 2453 5194 hoc
2479 5137 2784 5194 somnium?
2812 5138 2943 5206 Quia
2973 5138 3227 5210 iniquum,
3258 5140 3459 5212 inquis,

1872 5241 2010 5299 erat,
2041 5239 2101 5287 ut
2145 5231 2528 5301 imputaretjn
2586 5240 2862 5300 peccatum
2922 5231 3081 5298 Deus,
3132 5231 3231 5287 nisi
3276 5247 3307 5286 a
3353 5248 3462 5302 quo

1874 5325 2146 5379 abstinere
2180 5323 2406 5378 liberum
2437 5332 2639 5377 nosset.
2668 5321 2806 5389 Quid
2823 5323 2994 5393 ergo?
3038 5321 3173 5378 hanc
3195 5320 3458 5392 justitiam

1875 5416 1964 5472 ille
1990 5415 2236 5486 princeps
2265 5414 2601 5470 tenebrarum
2627 5430 2787 5487 quem
2807 5413 3001 5484 colitis,
3030 5414 3099 5470 ad
3124 5423 3459 5471 momentum

1872 5510 1924 5564 ei
1976 5506 2302 5573 crediderat,
2347 5518 2402 5564 et
2454 5522 2570 5563 cam
2626 5507 2936 5578 propediem
2986 5521 3279 5577 reposcens
3320 5506 3461 5564 hunc

1877 5603 2046 5658 Deum
2072 5602 2217 5657 omni
2260 5600 2511 5671 aequitate
2553 5599 2817 5666 destituit,
2849 5606 2907 5654 ut
2928 5598 3017 5671 qui
3046 5597 3386 5655 intellexerat
3426 5615 3457 5655 a

1876 5693 2173 5766 primordio
2200 5707 2305 5747 non
2349 5706 2475 5748 esse
2521 5689 2890 5761 imputandum
2938 5688 2991 5743 in
3024 5700 3322 5759 peccatum,
3356 5691 3455 5745 nisi

1877 5785 2018 5842 unde
2060 5787 2281 5841 liberum
2330 5781 2502 5839 fuerat
2544 5782 2831 5848 abstinere,
2858 5796 2953 5851 per
2994 5794 3155 5837 omne
3192 5784 3458 5854 reliquum

1880 5886 2087 5949 tempus
2103 5891 2131 5953 a
2148 5876 2351 5934 cunctis
2373 5873 2709 5931 nascentibus
2726 5874 2929 5930 noverit
2946 5873 3210 5932 absnncre
3233 5875 3459 5933 liberum
