3994 6472
538 404 667 461 1551

538 536 645 576 non
675 517 880 574 fuisse?
912 516 1210 582 Postremo,
1236 516 1375 571 unde
1407 523 1462 569 tu
1489 509 1631 567 nosti
1652 505 1777 563 illud
1805 511 2121 559 tantummov

538 610 610 666 do
634 610 834 679 justum
860 607 1039 671 fuisse,
1068 615 1125 662 ut
1154 605 1208 661 in
1228 606 1399 661 Adam
1421 602 1522 663 nisi
1545 595 1901 655 voluntarium
1923 590 2124 647 crimen

542 716 650 756 non
682 699 852 770 possit
875 697 1094 764 ulcisci;
1136 697 1183 751 si
1214 696 1467 767 injustam
1495 706 1616 747 esse
1637 703 1743 744 non
1770 685 1928 749 nosti,
1955 683 2125 753 impu-

546 793 647 848 tari
675 791 921 862 cuiquam
952 790 1006 845 in
1034 790 1262 853 crimen,
1289 786 1433 859 quod
1467 781 1686 839 fatearis
1713 779 1832 835 sine
1856 775 2129 830 voluntate

543 896 850 956 susceptura
872 884 896 939 ‘l
920 884 1027 939 Aut
1067 896 1195 953 ergo
1220 880 1526 952 opinionem
1550 872 1784 931 traducis
1800 870 1999 942 justam
2029 882 2128 937 pu-

544 977 704 1043 tabis,
734 986 793 1031 ut
818 977 911 1032 Dei
934 975 1102 1047 possit
1126 973 1412 1030 convenire
1440 967 1740 1030 sententias,
1762 979 1884 1020 cum
1907 963 2132 1031 imputat

547 1078 822 1141 peccatum
842 1068 1090 1141 parvulo,
1118 1066 1262 1139 quod
1292 1066 1361 1122 sit
1386 1063 1531 1120 nulla
1560 1060 1677 1132 ejus
1700 1058 1971 1114 voluntate
1993 1068 2134 1109 com-
2189 1125 2192 1129 .

464 1204 470 1211 .
548 1162 798 1224 missum;
829 1169 883 1215 et
909 1159 1119 1231 cogeris
1139 1157 1266 1213 illud
1292 1168 1507 1227 quoque
1527 1153 1728 1223 justum
1751 1157 1806 1205 et
1827 1147 1920 1202 Dei
1942 1157 2137 1201 convec

551 1254 704 1309 niens
719 1252 932 1322 judiciis
964 1250 1217 1322 profiteri,
1242 1258 1301 1304 ut
1337 1247 1469 1302 Adae
1496 1241 1838 1315 imputaverit
1860 1239 1913 1294 in
1940 1251 2134 1309 pecca-

557 1358 691 1410 tum,
716 1345 856 1415 quod
870 1353 1103 1401 noverat
1122 1344 1191 1400 ab
1218 1358 1285 1397 eo
1306 1355 1411 1396 non
1441 1338 1737 1399 voluntate,
1767 1332 1862 1389 sed
1889 1330 2137 1388 substan-

554 1440 645 1494 tia:
687 1452 798 1493 sua:
845 1436 1185 1492 deformitate
1213 1433 1526 1505 prolatum:
1576 1441 1774 1499 perque
1817 1423 1921 1479 hoc
1962 1423 2135 1492 ipsum

554 1530 701 1586 nulla
724 1528 834 1585 erit
860 1528 1067 1593 tradux,
1091 1540 1203 1583 nec
1249 1525 1539 1595 depravata
1574 1517 1852 1590 operantis
1891 1513 2134 1579 arbitrio,

556 1622 650 1679 sed
681 1621 822 1683 male
846 1620 1083 1676 instituta
1110 1619 1178 1674 ab
1206 1616 1430 1674 exordio
1472 1624 1661 1671 natura
1693 1606 2134 1679 reprehendetur,

553 1712 1000 1782 eonfitebcrisque
1027 1721 1079 1766 te
1103 1724 1222 1766 esse
1246 1707 1614 1764 Maniclueum.
1637 1704 1744 1759 Aut
1763 1700 1807 1757 si
1824 1698 2141 1768 resipiscens

557 1805 810 1874 injustum
850 1817 969 1858 esse
1013 1801 1233 1864 dixeris,
1263 1806 1321 1854 ut
1365 1797 1533 1853 Adam
1578 1800 1848 1851 teneretur
1889 1802 2013 1845 rcus
2040 1801 2143 1857 pro

558 1904 761 1949 naturze
804 1907 916 1947 suae
957 1893 1161 1963 culpis;
1203 1888 1604 1946 irrefutabiliter
1633 1883 1994 1953 consequitur,
2022 1893 2145 1935 soe-

544 1984 905 2041 ~lestissimum
935 1998 1073 2049 esse,
1107 1983 1152 2037 si
1178 1981 1331 2046 Abel,
1380 1978 1587 2043 Enoch,
1616 1976 1750 2043 Noe,
1778 1986 1833 2031 et
1860 1988 2022 2029 omne
2046 1972 2145 2029 ho-

560 2078 764 2131 minum
777 2090 953 2148 genus
972 2073 1263 2129 obnoxium
1300 2070 1511 2127 crimini
1542 2066 1789 2139 originali
1835 2073 2141 2121 censeatur.

560 2166 711 2234 Quod
740 2167 943 2222 facinus
979 2164 1167 2237 judicii
1207 2162 1252 2218 si
1284 2162 1572 2217 admoveas
1597 2161 1706 2216 Deo
1734 2167 1847 2222 tuo,
1874 2156 2023 2211 solus
2051 2167 2148 2225 pro

559 2240 809 2314 omnibus
829 2256 1126 2313 remanebit
1144 2270 1302 2322 reus;
1331 2251 1730 2324 apparebitque,
1748 2247 1889 2320 quod
1912 2261 2146 2316 semper,

547 2366 668 2405 'nou
701 2350 874 2420 ipsum
902 2363 1047 2415 esse,
1089 2360 1248 2417 quem
1276 2343 1525 2400 catuoliei
1548 2340 1912 2411 aequissimum
1944 2337 1997 2393 in
2025 2335 2149 2391 Tri-

565 2442 729 2495 nitate
752 2454 1091 2495 veneramur.
1122 2435 1275 2503 Quod
1303 2435 1347 2489 si
1373 2450 1402 2488 a
1434 2431 1530 2488 Dei
1552 2430 1890 2487 accusatione
1931 2427 2151 2483 destite-

547 2533 661 2596 ris,
688 2529 992 2585 Manichzeae
1022 2527 1277 2594 traducis,
1318 2541 1420 2595 qua
1449 2524 1703 2579 hactenus
1746 2519 2025 2578 confossus
2068 2534 2149 2586 es,

568 2623 648 2678 vel
681 2621 949 2677 redivivus
971 2619 1164 2690 dogma
1195 2615 1494 2672 damnabis.

637 2716 773 2769 Auo.
817 2712 951 2767 llinc
972 2709 1218 2780 estquod
1244 2709 1589 2764 vehementer
1627 2706 1840 2773 erratis,
1865 2705 1989 2758 hinc
2023 2703 2151 2758 estis

552 2803 827 2868 Junrelici,
855 2802 977 2857 hin‘c
991 2801 1247 2856 adversus
1271 2798 1584 2855 catholicam
1603 2796 1784 2863 fidem,
1807 2812 1926 2866 qum
1947 2795 2154 2851 cvitans

577 2895 879 2959 hazreticos,
907 2893 1118 2963 eloquia
1154 2892 1333 2947 divina
1377 2898 1633 2956 sectatur,
1671 2890 1855 2959 eisque
1886 2887 2144 2950 munitur,

566 2988 796 3043 novitias
817 2987 1093 3042 machinas
1119 2984 1366 3038 humanis
1408 2992 1462 3037 et
1504 2982 1654 3037 vanis
1678 2978 2153 3051 argumentationi-

504 3102 507 3104 δ
570 3081 670 3135 hus
701 3093 1026 3149 componere
1054 3075 1299 3141 audetis;
1346 3073 1598 3144 quoniam
1650 3072 1889 3137 nescitis,
1914 3080 1969 3126 et
2010 3070 2152 3141 quod

562 3170 863 3241 intelligere
884 3184 987 3223 non
1005 3169 1246 3240 potestis,
1263 3164 1486 3221 credere
1506 3163 1783 3227 recusatis,
1803 3161 1929 3233 quid
1948 3162 2159 3216 valeant

557 3264 623 3317 .in
654 3263 847 3318 seriem
874 3259 1233 3332 generationis
1263 3257 1525 3312 seminqu
1557 3255 1777 3320 nexus‘,
1801 3263 1856 3309 et
1878 3254 1931 3308 iu
1952 3261 2160 3308 creatu-

570 3357 648 3411 ris
686 3369 819 3426 quas
861 3355 999 3409 Deus
1029 3352 1160 3407 alias
1188 3366 1253 3407 ex
1295 3351 1414 3404 aliis
1458 3348 1749 3405 secundum
1794 3361 1963 3419 genus
2005 3361 2157 3400 suum

561 3448 718 3503 nasci
774 3446 958 3511 voluit,
1005 3454 1199 3515 quanta
1239 3444 1344 3498 sint
1382 3451 1441 3497 et
1488 3457 1646 3512 quam
1701 3442 1809 3496 sint
1853 3440 2156 3505 iztelfabilia,

576 3555 843 3610 quamque
867 3539 1029 3594 etiam
1053 3538 1199 3592 nullo
1221 3544 1568 3607 penetrentur
1594 3551 1775 3600 sensu,
1803 3536 1941 3590 nulla
1964 3536 2160 3605 cogita~

569 3632 719 3686 tione
763 3628 1290 3699 comprehendantur
1330 3626 1601 3681 naturalia
1644 3626 1764 3695 jura
1817 3628 2158 3697 propaginis;

575 3723 716 3777 unde
770 3722 871 3777 iste
916 3721 987 3774 sit
1045 3719 1236 3774 insitus
1287 3717 1521 3773 humano
1567 3716 1749 3787 generi
1802 3716 2056 3781 affectus,
2108 3727 2163 3771 ut

570 3830 786 3881 (Itlllles,
816 3822 1070 3887 quantum
1098 3812 1165 3867 ad
1206 3811 1590 3881 ipsosattinet,
1622 3819 1802 3867 certos
1845 3809 1983 3866 filios
1998 3811 2165 3865 velint

576 3909 771 3963 habere
795 3924 809 3961 :
840 3906 923 3961 cui
945 3906 1021 3962 rei
1052 3904 1263 3975 prolicit
1287 3904 1339 3959 in
1361 3902 1584 3960 feminis
1604 3904 1767 3959 castis
1789 3902 2004 3959 fcederis
2033 3902 2163 3958 fides

580 3999 911 4070 aonjugalis;
974 4004 1192 4069 propter
1246 3996 1388 4067 quod
1427 3995 1790 4066 [philosophus
1843 3994 1997 4051 Plato
2046 3995 2165 4064 jure

579 4090 867 4161 displicuil,
895 4090 1018 4161 quia
1045 4088 1252 4145 censuit
1279 4088 1541 4159 permixte
1568 4087 1823 4143 utendum
1847 4086 2075 4151 feminis,
2112 4086 2162 4140 iu

576 4196 641 4236 ea
669 4180 905 4246 civitate,
936 4194 1097 4251 quam
1125 4178 1446 4249 disputando
1468 4178 1613 4233 velut
1631 4178 1885 4249 optimam
1916 4177 2163 4242 format’,

579 4271 739 4325 etiam
788 4269 903 4340 ipse
945 4270 1072 4341 quid
1104 4268 1321 4335 volens,
1350 4268 1536 4323 nisiut
1576 4268 1827 4323 omnibus
1873 4268 2168 4323 minoribus

582 4363 811 4431 majores
837 4377 953 4418 eam
986 4361 1272 4418 redderent
1298 4361 1639 4426 eharitatem,
1668 4376 1828 4432 quam
1859 4360 2073 4418 videbat
2100 4361 2167 4416 fi-

583 4456 665 4516 liis
690 4457 856 4527 ipsam
875 4454 1071 4510 debere
1096 4461 1362 4519 naturam,
1382 4468 1502 4509 cum
1525 4453 1749 4524 quisque
1768 4453 2026 4524 cogitaret
2044 4469 2167 4510 esse

584 4563 743 4617 posse
770 4546 933 4600 lilium
963 4560 1139 4611 suum,
1168 4543 1320 4615 cujus
1346 4559 1464 4600 eam
1493 4542 1698 4599 videret
1735 4551 1968 4610 aztatem,
2000 4552 2059 4598 ut
2099 4559 2167 4600 ex

584 4652 919 4711 quacumque
969 4638 1165 4694 femina
1215 4638 1392 4707 ignota
1456 4651 1560 4706 qua
1623 4634 1987 4691 indifferenter
2040 4651 2169 4691 usus

588 4740 767 4796 esset,
811 4744 908 4787 suo
948 4740 1106 4786 natus
1140 4730 1345 4785 semine
1373 4745 1477 4783 non
1524 4728 1791 4785 immerito
1836 4728 2167 4784 crederetur.

589 4822 771 4891 Quid?
814 4822 956 4877 illam
1006 4835 1192 4876 vocem
1230 4834 1411 4875 nonne
1434 4819 1503 4875 de
1533 4820 1827 4875 visceribus
1852 4829 2171 4874 cunctorum
2194 4870 2210 4881 _

592 4924 802 4988 patrum
836 4913 1026 4970 Cicero
1067 4912 1246 4968 emisit
1278 4911 1346 4966 ad
1382 4910 1567 4978 filium,
1617 4910 1684 4965 ad
1729 4926 1889 4981 quem
1932 4911 2174 4967 scribens

584 5008 687 5074 ait,
728 5024 747 5059 ι
779 5006 939 5062 Solus
974 5019 1033 5061 es
1064 5004 1336 5070 omnium,
1368 5016 1398 5056 a
1427 5016 1533 5072 quo
1554 5016 1640 5057 me
1669 5002 1720 5056 in
1751 5003 1997 5058 omnibus
2035 5001 2175 5057 vinci

593 5098 794 5155 velim?
832 5116 850 5151 ι
880 5096 1067 5152 Nonne
1092 5097 1204 5167 ipsa
1235 5110 1355 5167 qure
1384 5094 1744 5149 occultissima
1774 5109 1894 5149 esse
1922 5081 2196 5159 diximusp

592 5202 651 5249 et
680 5202 857 5247 tamen
879 5189 996 5261 plus
1020 5204 1179 5261 quam
1198 5186 1451 5243 credibile
1470 5196 1552 5241 est
1577 5186 1753 5243 valere
1780 5187 2173 5257 cognoscimus,

593 5281 851 5339 naturalia
897 5280 1199 5351 propaginis
1237 5279 1356 5349 jura
1400 5265 1691 5343 fecerunt',
1746 5286 1801 5332 ut
1849 5277 1955 5333 duo
1980 5278 2177 5348 gemini

595 5390 702 5429 non
730 5373 903 5428 solum
938 5369 1173 5425 nondum
1203 5368 1502 5440 gignentes,
1544 5383 1725 5424 verum
1750 5369 1909 5423 etiam
1941 5370 2175 5425 nondum

596 5473 899 5531 nascentes,
929 5463 1101 5518 adhuc
1123 5464 1174 5517 in
1202 5473 1353 5517 utero
1373 5460 1580 5529 matris,
1602 5460 1708 5517 duo
1728 5462 1905 5532 populi
1932 5460 2178 5518 diceren-

661 5674 677 5703 ι
715 5670 850 5727 aditi,
875 5680 1036 5719 sexus.
1078 5669 1237 5730 Aptius
1256 5672 1339 5717 ills.
1366 5671 1520 5725 Port.,
1544 5677 1714 5717 nexus.

658 5734 679 5764 ﬁ
719 5731 854 5790 Fditi,
880 5731 1101 5791 famam.
1126 5730 1423 5791 (‘asdgantur
1448 5742 1511 5778 ex
1535 5735 1644 5779 Mss.

660 5797 682 5825 ³
716 5788 1003 5854 ι’ἱεηὶιέιιιιις,
1018 5792 1137 5852 jura
1170 5788 1377 5853 luerunt.
1410 5796 1475 5840 Ex
1498 5795 1605 5841 Mss.
1644 5788 1721 5841 hic
1768 5797 1818 5841 et
1855 5788 1974 5840 infra
2008 5802 2180 5839 cmen-

593 5852 789 5913 damus,
807 5856 1037 5911 li't‘crum.

1214 398 1460 456 01³1111ιὸ
1502 387 1910 451 lMPLllFlSC'l‘l
1949 381 2220 441 CONTRA
2261 380 2625 447 JULHNL‘M,
2668 380 2725 433 S.
2772 373 3133 433 AUGUSTINI

3671 371 3814 428 1551

2237 506 2321 552 tur
2352 499 2505 568 (Gen.
2537 512 2669 563 xxv,
2699 497 2832 567 23)?
2864 496 3062 550 Eadem
3088 490 3394 564 propaginis
3408 491 3671 546 naturalia
3694 491 3817 558 jura

2230 588 2494 653 fecerunt,
2524 598 2581 644 ut
2606 587 2768 644 Israel
2804 587 3012 643 dicatur
3038 584 3270 641 servisse
3293 584 3347 638 in
3375 582 3612 654 Egypto
3638 582 3818 651 (Dect.

2232 695 2342 745 xiv,
2365 677 2483 748 ἥ),
2513 678 2676 735 Israel
2700 676 2970 748 profectus
2994 689 3113 731 esse
3138 689 3202 731 ex
3225 679 3459 745 A'ngpto
3482 670 3677 741 (Exod.
3703 688 3819 737 xiv,

2233 770 2347 842 '50),
2390 771 2551 826 Israel
2594 770 2648 825 in
2693 778 2893 825 terram
2943 766 3313 839 promissionis
3356 767 3603 830 intrasse,
3658 764 3824 819 [‘1‘301

2233 862 2456 932 adeptus
2481 861 2620 917 bona
2643 861 2727 916 vel
2753 870 3006 931 expertus
3025 859 3185 926 mala,
3210 874 3329 930 qua:
3351 858 3429 914 illi
3456 859 3654 928 populo
3682 859 3826 912 Deus

2237 951 2324 1006 vel
2347 952 2589 1021 prmStitit
2624 953 2706 1008 vel
2738 951 2946 1007 inﬂixit.
2986 951 3061 1006 De
3086 966 3191 1022 quo
3226 950 3388 1005 etiam
3418 951 3672 1019 scriptum
3716 960 3825 1013 est.

2248 1041 2418 1097 Veniet
2439 1058 2504 1097 ea:
2524 1042 2653 1099 Sion
2670 1044 2756 1113 qui
2767 1042 2956 1111 eripiat
2977 1051 3024 1096 et
3042 1052 3234 1096 avertat
3250 1042 3561 1111 impietatem
3581 1059 3613 1095 a
3627 1041 3828 1107 Ιησοῦς

2237 1143 2284 1190 el
2313 1134 2408 1189 hoc
2436 1134 2538 1189 illis
2581 1151 2613 1188 a
2647 1150 2727 1189 me
2752 1135 3159 1199 teatamentum‘,
3181 1150 3296 1188 cum
3320 1135 3575 1189 abstulero
3616 1146 3829 1204 peccata

2238 1241 2410 1280 eorum
2458 1224 2611 1299 (Isai.
2644 1241 2751 1292 LIX,
2790 1225 2883 1292 ΞΟ,
2910 1225 3041 1296 21);
3073 1241 3195 1281 cum
3227 1226 3315 1281 ille
3343 1225 3525 1289 homo,
3578 1228 3669 1296 qui
3714 1227 3831 1283 lure

2239 1318 2347 1375 duo
2380 1320 2594 1375 nomina
2632 1320 2851 1391 propria
2878 1320 3082 1389 primus
3105 1327 3160 1375 et
3206 1318 3355 1376 solus
3400 1321 3625 1389 accepit,
3673 1321 3834 1391 longe

2240 1420 2365 1467 autc
2389 1409 2692 1477 defunctus,
2725 1411 2865 1467 bona
2900 1410 2985 1467 vel
3012 1410 3149 1465 mala
3173 1409 3277 1466 ista
3317 1426 3423 1466 non
3453 1412 3665 1467 viderit.
3709 1412 3837 1467 llzec

2244 1502 2548 1575 propaginis
2577 1503 2835 1559 naturalia
2873 1502 2994 1573 jura
3041 1501 3299 1567 fecerunt,
3351 1513 3409 1557 ut
3435 1502 3573 1557 idem
3605 1504 3837 1573 populus

2243 1593 2601 1649 decimaretur
2622 1594 2674 1648 in
2699 1594 2988 1657 Abraham,
3020 1608 3126 1648 non
3165 1594 3236 1649 ob
3273 1593 3436 1658 aliud,
3485 1594 3585 1647 nisi
3624 1594 3753 1663 quia
3784 1594 3839 1648 in

2244 1686 2438 1741 lumbis
2462 1686 2574 1757 ejus
2600 1695 2735 1752 erat,
2765 1684 2978 1757 quando
3022 1686 3321 1741 decimatus
3359 1695 3441 1739 est
3472 1687 3586 1755 ipse
3616 1685 3837 1755 prepria

2246 1777 2542 1857 voluntate
2566 1776 2750 1849 (Hebr.
2781 1792 2876 1843 vu,
2905 1776 2955 1841 9,
2987 1775 3096 1847 10),
3128 1776 3216 1831 ille
3246 1785 3421 1831 autem
3455 1776 3687 1847 populus
3732 1790 3840 1831 non

2247 1869 2459 1941 pmpria
2490 1870 2779 1935 voluntate,
2802 1868 2896 1924 sed
2924 1868 3155 1923 naturali
3185 1870 3490 1939 propaginis
3517 1869 3661 1938 jure.
3690 1869 3843 1933 Quo~

2248 1959 2410 2014 modo
2435 1969 2612 2014 autem
2646 1960 2785 2014 idem
2812 1960 3045 2030 populus
3075 1959 3236 2015 fuerit
3265 1961 3316 2014 iu
3354 1960 3547 2016 lumbis
3580 1960 3840 2027 Abrabar,

2251 2065 2357 2106 non
2388 2049 2561 2105 solum
2588 2066 2657 2106 ex
2680 2051 2769 2105 illo
2796 2066 2961 2122 usque
2989 2051 3055 2106 ad
3084 2060 3295 2121 tempus
3319 2052 3458 2121 quod
3478 2053 3739 2123 scriptum
3760 2062 3846 2108 est

2252 2140 2304 2195 in
2344 2140 2583 2211 Epistola
2611 2141 2678 2196 ad
2708 2142 2982 2208 llebrmos,
3011 2158 3197 2198 verum
3227 2142 3391 2198 etiam
3416 2158 3481 2198 ex
3513 2144 3631 2213 ipso
3671 2160 3846 2214 usque

2252 2233 2317 2287 ad
2340 2233 2443 2289 hoc
2472 2243 2703 2305 tempus,
2726 2245 2783 2290 et
2810 2235 2879 2290 ab
2898 2235 3001 2292 hoc
3032 2250 3198 2307 usque
3218 2237 3272 2291 in
3293 2236 3451 2292 finem
3479 2238 3686 2304 saeculi,
3710 2253 3845 2307 quo-

2255 2339 2420 2394 Usque
2460 2325 2551 2379 ﬁlii
2590 2324 2754 2381 lsracl
2799 2326 2888 2380 alii
2929 2342 2993 2381 ex
3036 2327 3157 2382 aliis
3186 2336 3541 2397 generantur;
3573 2327 3849 2398 quomodo

2254 2430 2383 2486 ergo
2411 2430 2530 2471 esse
2552 2418 2783 2486 potuerit
2810 2417 2861 2472 in
2883 2417 3078 2472 lumbis
3106 2418 3263 2473 unius
3290 2418 3520 2473 hominis
3541 2426 3652 2473 tam
3684 2417 3846 2473 innu-

2256 2508 2528 2563 merabilis
2552 2508 2824 2563 hominum
2848 2508 3152 2577 multitudo,
3180 2510 3301 2580 quis
3332 2510 3633 2579 eloquendo
3672 2510 3847 2581 expli-

2249 2607 2373 2662 cet,
2414 2599 2534 2669 quis
2579 2600 2770 2655 saltem
2825 2600 3061 2654 inveniat
3097 2600 3421 2671 cogitando?
3472 2601 3659 2670 Neque
3703 2602 3851 2656 enim

2257 2692 2462 2746 semina
2502 2692 2636 2762 ipsa,
2668 2708 2893 2762 quorum
2938 2702 3021 2748 est
3049 2694 3317 2762 quantitas
3355 2696 3677 2765 corporalis,
3726 2695 3853 2750 licet

2258 2784 2462 2854 singula
2492 2784 2596 2839 sint
2619 2785 2830 2855 exigua,
2851 2800 2923 2841 ex
2954 2786 3147 2856 quibus
3175 2787 3367 2857 singuli
3394 2789 3595 2858 quique
3616 2804 3851 2843 nascun-

2261 2883 2365 2941 tur,
2393 2878 2439 2931 si
2480 2884 2731 2947 eengesta
2774 2887 2960 2933 essent
3001 2894 3067 2933 ex
3093 2880 3283 2949 quibus
3330 2888 3407 2935 tot
3443 2879 3696 2936 homines
3744 2882 3855 2937 nati

2259 2976 2385 3023 sunt
2420 2977 2579 3039 atque
2622 2979 2937 3035 nascuntur,
2979 2978 3034 3025 et
3059 2970 3110 3025 in
3156 2972 3312 3024 linem
3347 2987 3515 3041 usque
3538 2982 3851 3038 nascentur,

2260 3060 2553 3129 potuissent
2586 3061 2782 3115 lumbis
2814 3062 2972 3115 unius
3007 3062 3240 3117 hominis
3269 3064 3551 3120 contineri.
3600 3065 3696 3120 Vis
3724 3082 3855 3135 ergo

2264 3154 2442 3208 nescio
2469 3169 2589 3223 qua:
2619 3154 2899 3209 invisibilis
2924 3165 2979 3209 et
3009 3156 3466 3212 incontrectabilis
3493 3159 3721 3214 secretis
3759 3174 3859 3213 ua-

2265 3246 2524 3300 turalibus
2572 3246 2725 3300 insita
2778 3256 2880 3311 est,
2932 3247 3019 3302 ubi
3068 3248 3183 3318 jura
3228 3251 3532 3321 propaginis
3587 3252 3857 3307 naturalia

2262 3336 2602 3398 delitescunt,
2656 3348 2875 3407 propter
2921 3354 3080 3408 quam
3133 3341 3239 3393 vim
3285 3350 3460 3395 tamen
3506 3356 3617 3395 non
3674 3343 3861 3413 utique

2265 3429 2595 3484 mendaciter
2645 3431 2697 3484 in
2748 3431 2942 3486 lumbis
2983 3432 3123 3487 illius
3161 3434 3328 3503 patris
3373 3433 3536 3489 fuisse
3584 3435 3857 3499 dicuntur,

2264 3530 2524 3591 quotquot
2548 3536 2612 3576 cx
2645 3522 2735 3577 illo
2762 3538 2872 3577 uno
2901 3531 3189 3593 potuerunt
3212 3526 3614 3594 generationum
3636 3541 3862 3581 succes-

2265 3612 2414 3667 sibus
2441 3621 2496 3667 ct
2521 3613 3050 3684 multiplicationibus
3071 3615 3374 3686 propagari.
3403 3616 3518 3671 Non
3563 3618 3739 3672 solum
3762 3633 3863 3672 au-

2269 3713 2373 3760 tem
2406 3706 2479 3761 ibi
2519 3706 2754 3773 fuerunt,
2800 3723 2985 3762 verum
3016 3708 3177 3763 etiam
3216 3708 3306 3763 illo
3333 3707 3536 3764 sciente
3569 3718 3623 3763 et
3650 3709 3865 3764 volente

2265 3797 2547 3865 decimato,
2578 3808 2629 3856 et
2667 3800 2769 3870 ipsi
2794 3810 2919 3856 sunt
2944 3800 3191 3856 decimati
3221 3816 3391 3870 neque
3414 3801 3648 3857 scientes
3688 3816 3867 3870 neque

2268 3891 2529 3953 volentes,
2563 3892 2811 3960 quoniam
2834 3890 3071 3946 nondum
3122 3891 3438 3946 exstiterant
3479 3892 3568 3962 qui
3614 3892 3757 3947 scire
3802 3907 3866 3945 ac

2268 3981 2403 4036 velle
2443 3982 2762 4050 potuissent.
2820 3980 2933 4038 lloc
2975 3997 3141 4052 porro
3181 3981 3304 4037 ideo
3346 3981 3481 4037 dixit
3519 3983 3667 4037 illius
3696 3999 3868 4037 saera:

2268 4082 2452 4129 auctor
2468 4072 2743 4144 Epistolm,
2762 4081 2819 4127 ut
2834 4073 3187 4129 sacerdotium
3206 4072 3426 4140 Christi,
3440 4073 3582 4143 quod
3603 4074 3870 4144 figurabat

2269 4162 2520 4220 sacerdos
2543 4163 2950 4227 Melchisedech,
2979 4164 3067 4234 qui
3096 4163 3380 4219 decimavit
3407 4163 3702 4225 Abraham,
3731 4181 3872 4232 pne-

2267 4263 2493 4326 poncrct
2513 4254 2748 4310 Levitico
2775 4254 3101 4320 sacerdotio;
3121 4254 3318 4310 docens
3334 4255 3493 4309 etiam
3518 4255 3697 4325 ipsum
3716 4256 3868 4316 Levi,

2270 4347 2360 4418 qui
2384 4345 2683 4402 decimabat
2700 4345 2891 4402 fratres
2908 4362 3053 4413 suos,
3070 4346 3169 4401 hoc
3180 4355 3281 4413 est,
3297 4345 3532 4401 decimas
3547 4345 3617 4400 ab
3637 4348 3719 4401 eis
3737 4348 3877 4401 acci-

2272 4438 2447 4509 piebat
2462 4478 2485 4504 ,
2504 4437 2823 4493 decimatum
2845 4437 3011 4494 fuisse
3026 4453 3055 4491 a
3076 4436 3464 4493 Melchisedech
3487 4437 3539 4491 in
3563 4437 3871 4502 Abraham;

2250 4529 2398 4601 .quia
2427 4538 2479 4585 et
2508 4529 2621 4598 ipse
2651 4530 2705 4583 in
2727 4530 2924 4584 lumbis
2954 4530 3181 4584 Abraha:
3207 4538 3345 4595 erat,
3378 4530 3596 4600 quando
3624 4530 3872 4585 decima-

2276 4621 2351 4675 vit
2380 4636 2500 4674 eum
2530 4619 2943 4687 Melchisedech,
2976 4620 3027 4675 id
3057 4629 3158 4685 est,
3190 4620 3258 4675 ab
3283 4635 3349 4675 eo
3374 4620 3612 4675 decimas
3640 4622 3873 4689 accepit.

2279 4715 2357 4769 Ac
2384 4728 2480 4785 per
2506 4714 2608 4769 hoc
2637 4712 2908 4770 Christum
2928 4755 2943 4781 ,
2974 4712 3062 4768 cui
3090 4702 3293 4767 dictaui
3314 4721 3418 4779 est,
3452 4711 3529 4765 Tu
3554 4728 3607 4766 es
3631 4714 3878 4766 sacerdos

2274 4804 2329 4859 in
2353 4817 2594 4862 internum
2617 4804 2889 4860 secundum
2909 4805 3136 4859 ordinent
3160 4804 3529 4859 Melchisedech
3554 4803 3731 4874 (Psal.
3766 4820 3878 4869 αι,

2277 4897 2358 4964 4),
2388 4911 2493 4951 non
2518 4896 2631 4951 vult
2650 4896 2869 4967 intelligi
2898 4895 3253 4959 decimatum;
3287 4904 3346 4949 ut
3364 4894 3603 4950 Levitico
3622 4896 3885 4950 sacerdo~

2282 4987 2354 5041 tio
2375 4988 2563 5042 merito
2587 4985 2897 5058 pra~feratur
2918 4985 3116 5057 (Hwbr.
3143 4983 3238 5057 vu)
3267 5003 3280 5039 :
3313 4984 3707 5041 Melchisedech
3730 4987 3882 5041 enim

2280 5078 2564 5134 decimavit
2586 5078 2851 5135 Abraham
2867 5082 2910 5146 ',
2940 5095 3043 5134 non
3075 5079 3367 5133 decimatus
3383 5086 3487 5145 est,
3508 5078 3648 5133 sicut
3668 5077 3804 5132 Levi
3834 5079 3883 5131 iu

2284 5170 2571 5223 Abraham.
2603 5169 2660 5223 Si
2684 5178 2859 5224 autem
2888 5170 3167 5240 quieritur,
3200 5168 3470 5238 quomodo
3498 5168 3745 5224 Christus
3777 5185 3888 5223 non

2283 5258 2441 5315 fuerit
2472 5257 2788 5323 decimatus,
2828 5274 2950 5313 cum
2986 5258 3146 5314 etiam
3174 5258 3308 5329 ipse,
3346 5258 3489 5328 quod
3534 5256 3887 5311 manifestum

2285 5359 2396 5413 est.
2460 5349 2755 5406 secundum
2807 5350 3064 5419 originem
3126 5349 3303 5403 carnis
3355 5347 3519 5404 fuerit
3569 5349 3623 5403 in
3681 5348 3890 5408 lumbis

2286 5440 2531 5510 Abrahar,
2571 5440 2782 5513 quando
2806 5456 2837 5496 a
2865 5440 3250 5497 Melchisedech
3283 5448 3435 5511 pater
3464 5439 3555 5497 ille
3581 5438 3890 5496 decimatas

2350 5666 2378 5729 ιᾼ
2401 5667 2613 5729 δίᾳ-διες.
2637 5664 2754 5717 Editi
2798 5672 2980 5729 autem,
3019 5668 3067 5715 et
3104 5665 3292 5728 auferat
3324 5660 3624 5729 iniquitatem
3655 5675 3690 5713 a
3712 5660 3893 5721 Iacob,

2285 5733 2330 5777 ef
2362 5727 2447 5777 hoc
2472 5726 2567 5777 illis
2589 5742 2619 5777 a
2649 5741 2723 5777 me
2761 5727 3093 5779 testimonium.

2350 5792 2387 5853 ’7
2405 5797 2529 5839 Duos
2552 5790 2627 5853 hic
2644 5802 2829 5853 versus,
2858 5803 3035 5852 nempe
3059 5803 3088 5839 a
3120 5788 3285 5839 verbis
3302 5826 3314 5848 ,
3340 5801 3435 5853 non
3472 5785 3569 5837 uult
3589 5822 3605 5845 .
3638 5800 3808 5853 usque
3835 5785 3894 5834 ad

2294 5852 2513 5909 verbum,
2550 5851 2782 5901 Abraham
2800 5888 2814 5908 ,
2842 5851 3124 5903 auctoritate
3147 5858 3253 5902 Mss.
3278 5852 3595 5905 restittumus.
