3994 6474
181 410 311 469 1553

178 536 256 583 est
273 540 286 591 ;
301 523 426 579 nihil
439 523 690 590 occurrit,
706 523 836 579 nisi‘
855 523 997 594 quod
1013 522 1170 578 Maria
1195 521 1406 592 quidem
1427 530 1596 578 mater
1612 523 1747 593 ejus,
1778 564 1779 567 η

176 619 241 673 de
254 631 351 686 qua
368 630 579 670 carnem
592 616 837 685 sumpsit,
848 614 914 669 de
924 613 1122 668 carnali
1133 613 1557 681 concupiscentia
1575 628 1754 681 parcn-

176 721 280 764 tum
307 718 431 763 nata
460 716 575 772 cst;
599 723 702 762 non
731 716 907 761 autem
936 704 1201 760 Christum
1236 705 1314 760 sic
1341 704 1455 773 ipsa
1483 704 1747 772 concepit,

175 816 325 872 quem
372 815 478 853 non
522 798 588 852 de
637 797 773 852 virili
817 797 1041 859 semine,
1088 794 1182 848 sed
1222 793 1288 847 de
1328 792 1529 862 Spiritu
1568 801 1752 845 sancto

173 892 486 964 procreavit.
545 890 660 945 Non
704 905 832 958 ergo
880 888 1131 958 pertinuit
1180 885 1246 939 ad
1291 884 1551 938 rationem
1582 882 1750 938 virilis

172 985 410 1051 seminis,
459 998 556 1053 per
591 998 747 1052 quam
790 982 1000 1035 fuerunt
1029 979 1081 1032 in
1113 977 1306 1031 lumbis
1337 974 1584 1039 Abrahm,
1614 988 1749 1044 quos

174 1074 221 1128 in
250 1073 343 1127 illo
370 1073 663 1128 decimatos
691 1085 811 1126 csse
836 1084 985 1124 saera
1022 1067 1297 1137 Scriptura
1328 1073 1573 1120 testatur.
1604 1063 1749 1118 Con-

172 1162 491 1233 cupiseentia
520 1177 681 1233 porro
721 1159 915 1223 carnis,
946 1174 1044 1228 per
1072 1172 1231 1227 quam
1255 1156 1430 1225 jactus
1455 1153 1749 1209 carnalium

171 1253 433 1309 seminum
475 1261 809 1323 provocatur,
857 1257 949 1303 aut
994 1247 1133 1301 nulla
1175 1245 1228 1300 in
1271 1243 1441 1299 Adam
1489 1242 1586 1297 fuit
1626 1252 1752 1297 ante

170 1355 466 1417 peccatum,
510 1351 602 1397 aut
651 1343 703 1396 in
730 1342 819 1395 illo
866 1340 1045 1393 vitiata
1085 1346 1168 1391 est
1197 1351 1288 1406 per
1326 1343 1619 1404 peccatum.
1646 1332 1753 1389 Aut

169 1436 305 1491 enim
335 1436 453 1489 sine
486 1434 572 1488 illa
600 1439 845 1502 poterant
882 1438 935 1485 et
960 1426 1208 1498 genitalia
1242 1433 1599 1495 congruenter
1626 1436 1745 1478 mo-

170 1526 297 1590 veri,
322 1534 380 1579 et
403 1523 643 1593 conjugis
671 1522 873 1592 gremio
904 1533 1087 1573 semen
1119 1514 1346 1578 infundi,
1373 1515 1418 1569 si
1447 1512 1589 1567 nulla
1621 1521 1749 1567 tunc

167 1618 279 1683 fuit,
328 1625 423 1671 aut
458 1614 526 1669 ad
568 1622 753 1668 nutum
796 1610 1080 1666 voluntatis
1122 1608 1280 1663 etiam
1313 1607 1425 1675 ipsa
1451 1604 1672 1669 servire,
1704 1603 1749 1659 si

167 1710 278 1763 fuit.
310 1708 466 1763 Nunc
492 1716 668 1760 autem
698 1706 743 1759 si
776 1704 895 1759 talis
923 1710 1087 1766 esset,
1117 1713 1386 1768 nunquam
1412 1711 1537 1751 caro
1565 1704 1750 1750 contra

167 1800 409 1870 spiritum
440 1797 861 1867 concupisceret.
910 1796 1016 1848 Aut
1036 1806 1165 1859 ergo
1195 1791 1311 1859 ipsa
1336 1788 1516 1842 vitium
1547 1794 1649 1852 est,
1704 1786 1749 1841 si

168 1893 304 1947 nulla
338 1891 437 1945 fuit
464 1899 587 1944 ante
617 1895 930 1959 peccatum;
962 1891 1056 1939 aut
1095 1883 1207 1952 ipsa
1232 1882 1347 1936 sine
1375 1878 1538 1933 dubio
1561 1885 1644 1932 est
1666 1876 1749 1931 vi-

167 1983 288 2036 tiata
322 1988 574 2050 peccato;
606 1987 657 2031 et
687 1976 805 2031 ideo
827 1991 894 2031 ex
923 1973 1014 2029 illa
1037 1971 1266 2026 trahitur
1292 1967 1549 2038 originale
1572 1980 1751 2037 pecca-

168 2084 297 2127 tum.
315 2072 437 2125 Fuit
451 2084 577 2140 ergo
595 2070 646 2122 in
666 2067 840 2121 Maria:
857 2078 1081 2134 corpore
1103 2060 1335 2116 carnalis
1351 2060 1591 2123 materia,
1612 2056 1751 2111 unde

164 2179 380 2219 carnem
437 2160 663 2231 sumpsit
705 2158 946 2214 Christus
971 2173 984 2209 :
1009 2153 1103 2210 sed
1143 2166 1246 2207 non
1292 2151 1343 2205 in
1384 2164 1446 2204 ea
1479 2148 1749 2204 Christum

164 2254 393 2310 carnalis
412 2249 835 2321 concupiscentia
861 2244 1160 2302 seminavit.
1189 2241 1340 2298 Unde
1376 2238 1464 2294 ille
1493 2246 1645 2293 natus
1670 2244 1752 2292 est

168 2365 230 2403 ex
278 2362 448 2402 carne
482 2360 603 2401 cum
651 2356 831 2407 carne,
884 2339 936 2394 in
983 2334 1325 2393 similitudine
1350 2341 1523 2387 tamen
1576 2329 1751 2385 carnis

165 2440 408 2510 peccati,
455 2452 562 2493 non
618 2436 757 2489 sicut
802 2433 891 2487 alii
931 2429 1173 2486 homines
1217 2427 1269 2481 in
1317 2438 1477 2480 carne
1505 2420 1746 2493 peccati:

166 2541 451 2601 propterea
518 2525 775 2598 originale
840 2529 1114 2593 peccatum
1172 2518 1230 2573 in
1288 2515 1408 2571 aliis
1466 2526 1750 2583 regenera-

165 2623 309 2675 tinne
336 2619 595 2685 dissolvit,
640 2631 747 2671 non
791 2616 905 2684 ipse
930 2609 1271 2683 generatione
1315 2604 1597 2661 contraxit.
1628 2602 1752 2658 Ideo

166 2712 338 2765 Adam
368 2710 570 2780 primus
616 2708 728 2773 ille,
772 2703 1037 2760 secundus
1065 2702 1201 2765 iste;
1254 2698 1375 2769 quia
1421 2696 1537 2751 sine
1575 2693 1752 2750 carnis

164 2799 597 2871 concupiscentia
622 2797 790 2853 factus
810 2796 917 2860 ille,
944 2802 1100 2848 natus
1121 2799 1206 2847 est
1225 2790 1362 2845 iste:
1391 2787 1486 2843 sed
1507 2786 1597 2841 ille
1629 2795 1749 2840 tan-

165 2905 272 2948 tum
298 2894 485 2959 homo,
518 2892 619 2946 iste
645 2904 773 2945 vero
800 2895 856 2942 et
897 2886 1040 2941 Deus
1076 2892 1130 2939 et
1156 2881 1316 2935 homo
1354 2897 1370 2934 :
1411 2887 1466 2934 et
1514 2877 1634 2933 ideo
1662 2876 1751 2931 ille

165 2985 343 3055 potuit
365 2998 471 3038 non
497 2995 737 3052 peccare,
766 2992 872 3035 non
899 2977 1036 3031 sicut
1056 2975 1155 3028 iste
1180 2985 1402 3043 peccare
1431 2983 1535 3023 lion
1558 2968 1750 3039 potuit.

163 3074 389 3128 Frustra
427 3082 577 3141 'ergo
630 3076 851 3141 peccato
899 3066 1041 3121 illius
1088 3070 1301 3133 peccata
1358 3059 1586 3115 filiorum
1633 3057 1752 3128 ejus

163 3165 465 3237 quamlibet
490 3176 680 3233 magna
705 3169 760 3215 et
790 3156 1074 3222 horrenda,
1107 3154 1189 3209 vel
1217 3167 1449 3223 aequare,
1479 3150 1564 3207 vel
1589 3150 1752 3205 etiam

163 3256 428 3327 praeferre
449 3254 678 3310 conaris.
706 3251 851 3305 Illius
873 3257 1060 3303 natura
1087 3253 1285 3318 quanto
1315 3242 1484 3314 magis
1508 3240 1751 3296 sublimi-

163 3357 243 3404 ter
270 3347 476 3412 stahat,
503 3353 652 3399 tanto
677 3342 843 3412 magis
878 3339 1113 3411 graviter
1137 3335 1388 3392 concidit.
1422 3332 1621 3389 Natura
1663 3330 1749 3385 illa

161 3438 280 3492 talis
306 3435 427 3502 fuit,
463 3442 523 3489 ut
546 3448 646 3489 nec
686 3431 820 3486 mori
859 3436 1064 3499 posset,
1104 3426 1149 3480 si
1179 3438 1401 3495 peccare
1444 3421 1746 3477 noluisset:

161 3535 356 3581 natura
401 3525 490 3579 illa
531 3524 649 3578 talis
679 3521 795 3587 l‘uit,
832 3529 892 3575 ut
926 3521 978 3573 in
1007 3532 1067 3573 se
1105 3515 1430 3572 discordiam
1471 3512 1667 3580 carnis,
1696 3520 1753 3569 et

157 3620 384 3690 spiritus
414 3631 521 3671 non
545 3615 767 3670 haberet
798 3630 812 3667 :
843 3620 1031 3666 natura
1064 3610 1152 3664 illa
1191 3608 1309 3662 talis
1334 3605 1456 3673 fuit,
1484 3613 1542 3660 ut
1563 3612 1751 3660 contra

161 3711 293 3764 vitia
353 3722 448 3763 sua
493 3706 635 3761 nulla
671 3712 936 3768 certaret;
982 3716 1087 3754 non
1113 3697 1255 3770 quod
1295 3698 1345 3752 ei
1380 3694 1621 3761 cedebat,
1654 3693 1750 3750 sed

159 3800 306 3871 quod
353 3799 408 3853 in
455 3812 521 3853 eo
561 3795 704 3850 nulla
746 3802 916 3849 erant.
968 3791 1116 3845 Tunc
1157 3802 1283 3856 ergo
1324 3785 1489 3841 debes
1536 3793 1750 3855 peccata

168 3900 515 3963 posterorum
549 3888 664 3957 ejus
694 3895 911 3957 peccato
934 3883 1049 3954 ejus
1069 3894 1301 3951 aequare,
1333 3879 1375 3932 si
1403 3879 1594 3943 talem;
1626 3886 1752 3934 tunc

161 3998 295 4037 vero
329 3989 386 4035 et
414 3979 615 4049 majora
656 3992 720 4033 ea
744 3976 944 4041 dicere,
985 3974 1029 4028 si
1060 3970 1337 4026 meliorem
1387 3976 1629 4022 mturam
1657 3980 1753 4037 po—

161 4075 335 4129 tueris
361 4072 619 4128 invenire.
648 4070 845 4126 Natura
888 4067 1083 4137 quippe
1126 4062 1407 4120 rationalis
1445 4068 1644 4131 quanto
1670 4068 1754 4114 est

165 4167 283 4234 ipsa
333 4163 595 4233 superior,
641 4169 789 4216 tanto
838 4159 985 4213 ruina
1044 4157 1157 4226 ejus
1182 4153 1353 4225 pejor,
1383 4161 1437 4206 et
1480 4159 1751 4222 peccatum

161 4257 280 4325 ejus
307 4262 511 4325 quanto
533 4251 911 4316 incredibilius,
946 4256 1090 4302 tanto
1119 4255 1203 4301 est
1224 4242 1596 4300 damnabilius.
1627 4242 1753 4298 ldeo

162 4347 396 4417 angelus
438 4342 854 4413 irreparabiliter
887 4338 1095 4403 cecidit,
1124 4336 1374 4407 quoniam
1402 4333 1485 4388 cui
1514 4333 1633 4403 plus
1654 4332 1751 4387 da-

166 4449 273 4504 tur,
330 4438 451 4508 plus
491 4436 720 4507 exigitur
746 4433 813 4488 ab
833 4447 897 4486 eo
926 4430 1080 4502 (Luc.
1107 4444 1201 4496 xu,
1232 4424 1324 4501 48)
1359 4444 1373 4482 :
1401 4434 1548 4481 tanto
1577 4425 1755 4495 itaque

160 4533 282 4603 plus
305 4530 540 4585 debebat
565 4527 880 4584 obedientia:
907 4522 1237 4588 voluntariae,
1265 4527 1464 4590 quanto
1496 4517 1615 4588 plus
1656 4516 1754 4571 ha-

162 4622 335 4676 bebat
377 4620 432 4674 in
460 4619 698 4675 bonitate
729 4625 934 4671 natura:
965 4632 979 4668 :
1025 4612 1164 4667 unde
1191 4612 1269 4666 sic
1298 4609 1512 4680 punitus
1538 4618 1621 4665 est
1651 4622 1754 4662 non

158 4710 419 4767 faciendo
445 4709 587 4780 quod
615 4708 816 4775 debuit,
846 4716 904 4762 ut
939 4719 1041 4761 nec
1068 4702 1207 4758 velle
1230 4701 1340 4771 jam
1381 4698 1571 4770 possit,
1602 4707 1757 4753 acter-

161 4804 247 4857 nis
280 4802 463 4859 .etiam
490 4799 812 4856 cruciatibus
858 4797 1170 4852 destinatus.
1202 4792 1373 4847 Adam
1407 4804 1537 4845 vero
1562 4788 1615 4844 in
1648 4799 1755 4843 tam

160 4893 356 4948 multis
382 4891 613 4961 posteris
635 4890 748 4947 suis
768 4930 783 4957 ,
813 4897 872 4943 ut
898 4902 992 4943 eos
1020 4886 1161 4942 ullus
1185 4897 1470 4939 numerare
1497 4896 1602 4937 non
1629 4895 1755 4952 pos-

158 4987 254 5053 sit,
280 4984 458 5056 gratia
484 4983 576 5038 Dei
600 4998 696 5054 per
715 4981 896 5037 Jesum
916 4978 1187 5034 Christum
1212 4975 1496 5053 Dominum
1517 4980 1758 5029 nostrum

158 5094 191 5133 a
216 5076 561 5148 sempiterno
586 5073 845 5144 supplicio
873 5071 1151 5135 liberatur,
1182 5077 1237 5124 et
1262 5068 1315 5124 in
1344 5082 1405 5124 se
1434 5066 1550 5137 ipso
1573 5078 1760 5136 quam-

158 5171 249 5223 vis
274 5184 307 5222 a
336 5182 438 5223 sua
465 5173 635 5221 morte
672 5172 793 5235 post
814 5176 1079 5218 annorum
1103 5159 1305 5230 aliquot
1328 5157 1513 5224 millia,
1543 5153 1758 5227 quando

159 5259 426 5313 Christus
451 5269 551 5326 pro
590 5254 743 5310 nobis
766 5260 1009 5307 mortuus
1034 5249 1101 5305 ad
1129 5249 1247 5305 ioca
1276 5258 1628 5313 mortuorum,
1652 5260 1758 5301 non

162 5348 527 5412 necessitate,
557 5344 653 5402 sed
681 5350 944 5415 potestate
960 5340 1256 5406 descendit,
1283 5349 1339 5395 et
1365 5339 1577 5395 dolores
1602 5337 1760 5395 solvit

162 5439 375 5495 inferni
399 5436 535 5509 (Act.
566 5451 622 5499 ιι,
650 5434 766 5505 24).
794 5433 883 5490 Sic
912 5433 1053 5490 enim
1073 5447 1195 5491 eum
1224 5429 1561 5501 intelligenda
1604 5437 1688 5484 est
1729 5444 1759 5483 a

158 5528 375 5584 delicto
419 5540 519 5581 suo
546 5525 797 5580 eduxisse
822 5522 1090 5594 Sapientia
1132 5521 1289 5595 (Sap.
1318 5536 1374 5586 x,
1404 5520 1482 5592 2),
1513 5519 1638 5591 quia
1668 5534 1763 5589 per

163 5635 402 5679 carnem
424 5628 663 5675 sanctam
691 5617 832 5673 unici
863 5615 956 5671 tilii
997 5615 1092 5671 Dei
1119 5617 1140 5648 ’
1185 5630 1343 5686 quam
1372 5612 1760 5684 progeneravit,

232 5715 250 5746 ⁸
294 5721 392 5762 Hoc
415 5712 560 5762 etiam
583 5711 690 5763 loco
727 5723 789 5760 ex
817 5708 909 5759 title.
936 5713 1042 5760 Mss.
1072 5707 1260 5760 additur
1281 5746 1295 5771 ,
1338 5706 1462 5770 nisi;
1498 5717 1554 5756 ac
1576 5706 1623 5754 in
1649 5717 1762 5768 pro-

158 5778 307 5827 xime
330 5774 557 5836 sequenti
582 5787 745 5830 versu,
770 5777 1034 5836 peremunt.

232 5840 258 5869 ⁸
296 5832 447 5887 vetus
470 5835 620 5887 codex
649 5832 779 5890 Man,
808 5832 892 5885 filii
911 5835 993 5888 sui
1016 5834 1101 5885 1)θὶ

1518 407 1714 464 Lliilzlt
1758 409 2041 464 SEXTUS.

3291 413 3447 471 1:555
3482 402 3507 475 ξ,

1862 533 2064 594 patrem
2096 526 2309 594 generis
2331 527 2565 591 humani,
2611 544 2672 584 ac
2696 531 2769 583 sic
2803 531 2960 583 etiam
2989 540 3189 599 patrem
3219 529 3432 595 Christi,

1859 616 1949 685 qui
1974 631 2070 684 pro
2095 617 2263 672 salute
2284 618 2557 674 hominum
2586 620 2755 675 factus
2775 631 2858 676 est
2888 622 3068 688 homo,
3097 624 3164 677 ab
3191 623 3294 676 illis
3319 622 3454 675 vin-‘

1859 705 1993 760 culis
2035 716 2169 762 tunc
2207 709 2456 775 solutum,
2490 725 2596 764 non
2642 712 2832 765 merito
2868 726 2985 776 suo,
3026 712 3120 767 sed
3150 715 3315 782 gratia
3345 714 3440 768 Dei

1859 810 1955 865 per
1976 794 2158 851 Jesum
2181 796 2448 853 Christum
2480 801 2760 855 Dominum
2789 810 3047 865 nostrum,
3081 819 3185 856 non
3216 798 3441 857 inaniter

1861 845 1944 865 τ--
1979 845 2158 851 --___
2480 845 2760 855 ,ν...........
2790 845 3024 855 ν...

1857 884 2027 938 credit
2048 885 2304 942 Ecclesia.
2340 888 2451 944 Iloc
2480 905 2606 959 ergo
2624 890 2901 961 imputavit
2923 892 2973 944 in
3001 845 3274 963 Mtum
3300 895 3440 947 Deus

1860 973 2041 1042 primo
2065 974 2228 1039 Adae,
2278 978 2419 1033 unde
2465 979 2735 1035 abstinere
2779 981 2853 1035 illi
2907 982 3128 1036 liberum
3174 982 3268 1036 I'uit
3301 1000 3314 1035 :
3345 984 3437 1037 scd

1859 1061 1973 1131 ipse
2001 1063 2207 1130 primus
2229 1065 2396 1121 Adam
2427 1079 2631 1122 natura:
2661 1080 2766 1122 tam
2796 1070 3108 1124 excellentis
3136 1070 3254 1135 fuit,
3307 1088 3433 1139 quo-

1862 1153 2003 1207 niam
2051 1154 2232 1209 vitiata
2265 1173 2369 1210 non
2415 1157 2531 1220 fuit,
2574 1166 2634 1211 ut
2662 1166 2930 1224 peccatum
2975 1159 3092 1226 ejus
3134 1168 3239 1212 tam
3287 1161 3449 1225 longe

1857 1244 2029 1313 majus
2078 1254 2391 1300 cancrorum
2426 1249 2657 1316 peccatis
2682 1257 2847 1314 esset,
2873 1262 3031 1316 quam
3070 1248 3224 1316 longe
3252 1248 3442 1300 melior

1859 1333 1973 1402 ipse
1998 1334 2210 1389 cteteris
2236 1335 2332 1389 fuit
2361 1352 2373 1390 :
2408 1335 2549 1391 unde
2577 1342 2631 1391 et
2671 1351 2825 1406 paena
2852 1336 2988 1405 ejus,
3016 1351 3135 1406 quae
3167 1344 3438 1406 peccatum

1856 1422 1972 1493 ejus
2001 1423 2250 1478 continuo
2294 1424 2575 1481 subsecuta
2593 1434 2697 1492 est,
2722 1435 2829 1480 tam
2852 1425 3067 1495 grandis
3087 1426 3353 1496 apparuit,
3383 1435 3440 1479 ut

1856 1514 2112 1567 continuo
2137 1514 2299 1570 etiam
2338 1524 2609 1571 teneretur
2638 1519 2956 1573 necessitate
2980 1517 3263 1583 moriendi,
3287 1517 3440 1587 cujus

1858 1616 1973 1661 erat
1995 1607 2045 1660 in
2079 1616 2343 1676 potestate
2376 1624 2484 1665 non
2510 1611 2680 1675 mori;
2711 1611 2854 1667 etde
2879 1611 2997 1667 loco
3021 1621 3184 1667 tanta:
3212 1612 3439 1669 felicita-

1858 1700 1927 1756 tis
1950 1700 2092 1756 l‘uras
2122 1703 2375 1757 continuo
2419 1704 2739 1768 mitteretur,
2772 1715 2827 1759 et
2853 1720 2884 1760 a
2926 1706 3068 1775 ligno
3093 1707 3216 1760 vita:
3264 1706 3440 1761 conti-

1856 1805 1963 1845 nuo
2007 1800 2294 1847 vetaretur.
2339 1792 2454 1848 Hoc
2490 1802 2667 1850 autem
2710 1795 2921 1864 quando
2969 1797 3164 1850 factum
3213 1806 3327 1862 est,
3383 1796 3439 1851 in

1856 1883 2049 1938 lumbis
2080 1884 2197 1955 ejus
2242 1893 2358 1940 erat
2396 1901 2567 1956 genus
2617 1886 2924 1940 humanum.
2971 1886 3120 1942 Unde
3148 1886 3440 1942 secundum

1856 1974 1964 2039 illa,
2017 1990 2137 2046 quae
2166 1976 2437 2045 prmlocutl
2479 1992 2697 2043 sumus,
2722 1977 2881 2031 nimis
2900 1977 3106 2032 occulta
3134 1985 3191 2033 et
3212 1977 3439 2038 multum

1855 2066 2083 2120 valentia
2112 2068 2369 2122 naturalia
2392 2068 2511 2137 jura
2546 2068 2866 2139 propaginis,
2894 2083 3230 2138 consequens
3250 2077 3440 2125 eratut

1855 2155 1944 2225 qui
1973 2166 2124 2211 erant
2149 2157 2200 2210 in
2236 2156 2428 2212 lumbis
2454 2158 2569 2227 ejus
2610 2173 2706 2228 per
2746 2159 3232 2229 concupiscentiam
3262 2161 3441 2215 carnis

1859 2246 2070 2302 venturi
2093 2247 2144 2302 in
2192 2248 2293 2303 hoc
2329 2250 2604 2316 sarculum,
2633 2250 2791 2304 simul
2831 2249 3245 2318 damnarentur;
3301 2251 3441 2307 sicut

1856 2353 2189 2411 consequens
2214 2350 2330 2396 erat
2366 2350 2425 2396 ut
2452 2342 2542 2411 qui
2572 2357 2639 2396 co
2660 2341 2781 2412 jure
2820 2343 3124 2414 propaginis
3147 2350 3204 2398 et
3229 2343 3441 2400 ratione

1857 2430 2077 2486 seminis
2093 2439 2244 2486 erant
2270 2431 2321 2486 in
2345 2432 2540 2486 lumbis
2568 2431 2820 2500 Abrahae,
2843 2433 2999 2488 simul
3019 2433 3436 2489 decimarcntur.

1855 2520 2053 2577 Omnes
2080 2522 2258 2593 itaque
2287 2522 2377 2577 ﬁlii
2407 2523 2534 2577 Adae
2558 2523 2611 2578 in
2630 2523 2720 2578 illo
2746 2523 2948 2594 aspersi
2974 2533 3099 2579 sunt
3121 2524 3441 2596 contagione

1855 2613 2057 2682 peccati
2104 2622 2157 2669 et
2204 2615 2390 2669 mertis
2427 2613 2736 2669 conditione
2788 2613 3039 2669 devincti.
3090 2617 3170 2670 Ac
3217 2629 3311 2684 per
3339 2614 3441 2669 hoc

1855 2703 2099 2772 quamvis
2126 2704 2234 2758 sint
2261 2704 2481 2773 parvuli,
2512 2713 2567 2759 et
2592 2704 2787 2759 bonum
2814 2704 3101 2776 quidquam
3127 2703 3209 2759 vel
3240 2705 3439 2759 malum

1858 2808 1964 2848 non
1993 2804 2152 2864 agant
2176 2794 2481 2859 voluntate;
2515 2796 2844 2867 tamenquia
2872 2795 3040 2852 induti
3069 2805 3193 2851 sunt
3219 2795 3329 2863 illo,
3349 2794 3442 2867 qui

1857 2887 2133 2943 voluntate
2176 2888 2434 2959 peccavit,
2477 2888 2701 2943 trahunt
2735 2888 2804 2943 ab
2849 2888 2941 2943 illo
2979 2888 3179 2958 peccati
3211 2898 3439 2954 reatum,

1856 2978 2151 3049 mortisque
2178 2978 2495 3049 supplicium
2530 2995 2543 3030 :
2578 2978 2716 3033 sicut
2742 2977 2949 3049 parvuli
2990 2978 3079 3048 qui
3118 2977 3331 3033 Christo
3356 2977 3442 3031 in-

1856 3069 2109 3136 duuntur,
2140 3071 2381 3140 quamvis
2427 3069 2559 3125 nihil
2587 3069 2710 3124 boni
2750 3068 2972 3124 fecerint
3005 3083 3101 3124 sua
3145 3067 3440 3132 voluntate,

1856 3169 2072 3215 sumunt
2094 3160 2165 3214 ab
2191 3160 2286 3215 illo
2308 3160 2774 3231 participationem
2798 3158 3038 3228 justitite,
3068 3166 3123 3213 et
3152 3158 3276 3212 vita:
3306 3172 3446 3227 prac-

1858 3248 2022 3305 mium
2053 3249 2411 3319 sempiternm.
2437 3248 2509 3303 Ita
2538 3250 2702 3302 l'ornta
2736 3247 2895 3302 futuri
2917 3262 2947 3301 a
2974 3246 3242 3302 contrario
3281 3246 3443 3301 Chri-

1856 3347 1970 3394 stus
1989 3340 2307 3406 ostenditur,
2329 3350 2545 3409 propter
2564 3338 2704 3408 quod
2731 3339 2805 3393 ait
2826 3338 2963 3393 idem
2987 3338 3259 3408 apostolus
3284 3355 3297 3391 :
3326 3338 3445 3393 Sic-

1856 3439 1914 3484 ut
1946 3431 2200 3483 induimus
2252 3431 2522 3502 imaginem
2551 3431 2751 3494 (errati,
2784 3430 3054 3483 induamus
3083 3439 3128 3483 et
3172 3429 3447 3500 imaginem

1857 3522 1965 3591 ejus
1986 3521 2073 3591 qui
2092 3522 2154 3574 de
2175 3520 2299 3575 cwlo
2339 3530 2412 3575 est
2441 3519 2484 3593 (I
2510 3519 2629 3575 Cor.
2653 3536 2743 3587 xv,
2769 3521 2883 3592 49).
2914 3520 3044 3589 Quae
3064 3534 3184 3575 cum
3216 3519 3284 3574 ita
3314 3518 3443 3580 sint.

1858 3614 1948 3670 ille
1975 3614 2137 3680 dicat,
2171 3623 2389 3685 peccato
2430 3622 2485 3670 et
2531 3622 2704 3669 morte
2733 3614 2890 3683 primi
2937 3613 3106 3668 Adam
3150 3628 3273 3667 non'
3298 3611 3445 3667 indui

1859 3708 1948 3778 qui
1978 3716 2288 3774 nascuntur,
2306 3692 2571 3778 ‘quisquis
2591 3706 2773 3761 dicere
2800 3704 2993 3770 audet,
3024 3703 3228 3775 justitia
3256 3712 3315 3758 et
3338 3702 3448 3757 vita

1859 3801 2031 3856 Adam
2066 3799 2286 3856 secundi
2319 3815 2425 3853 non
2468 3798 2613 3854 indui
2637 3798 2726 3869 qui
2775 3807 3128 3852 renascuntur
3157 3814 3171 3850 :
3202 3795 3447 3865 quamvis

1858 3907 1959 3947 nec
1988 3893 2063 3947 illi
2087 3900 2361 3962 peccatum
2388 3891 2609 3946 fecerint
2638 3888 2779 3944 unde
2798 3889 3022 3943 liberum
3044 3896 3126 3942 est
3151 3886 3445 3953 abstinere,

1860 3999 1961 4040 nec
1986 3984 2069 4038 isti
2095 3983 2358 4048 justitiam
2388 3996 2545 4052 quam
2572 3980 2795 4035 liberum
2821 3987 2903 4034 est
2927 3977 3125 4033 facere.

1930 4075 2120 4130 XXIII.
2152 4075 2275 4130 Jun.
2331 4091 2349 4125 t
2389 4072 2520 4127 Illud
2561 4086 2689 4142 ergo
2730 4079 3038 4141 peccatum,
3087 4066 3230 4139 quod
3276 4068 3450 4137 ipsum

1863 4168 2132 4223 hominem
2180 4168 2234 4221 in
2274 4164 2523 4236 paradiso
2550 4165 2602 4219 in
2646 4163 2794 4235 pejus
2822 4162 3076 4227 mutavit,
3114 4159 3236 4231 quia
3284 4159 3452 4212 multo

1862 4268 1942 4316 est
1971 4259 2227 4331 grandius
2269 4272 2427 4329 quam
2458 4255 2698 4327 judicare
2739 4268 2840 4309 nos
2861 4264 3175 4322 possumus,
3203 4249 3271 4302 ah
3306 4248 3450 4303 omni

1863 4358 2114 4406 nascente
2160 4348 2387 4403 trahitur
2428 4367 2446 4400 ι
2496 4346 2598 4417 (De
2651 4344 2859 4416 Nuptiis
2901 4354 2948 4397 et
2993 4340 3405 4413 Concupiscentia
3432 4378 3451 4404 ,

1863 4440 1949 4494 lib.
1978 4439 2053 4506 2,
2124 4456 2177 4493 η.
2218 4437 2328 4509 58).
2377 4437 2507 4505 Quis
2563 4435 2657 4490 tihi
2704 4435 2837 4489 dixit
2880 4433 3130 4502 quoniam
3172 4438 3448 4501 peccatum

1864 4530 1994 4586 Adae
2019 4529 2187 4585 multo
2216 4529 2374 4583 fuerit
2414 4526 2665 4597 grandius
2694 4539 2853 4595 quam
2877 4522 3007 4577 Cain
3026 4521 3053 4575 ’ἒ
3091 4520 3260 4575 multo
3284 4519 3449 4574 etiam

1864 4636 2023 4692 quam
2042 4620 2435 4677 Sodomitarum
2458 4620 2481 4671 ἲ
2501 4617 2667 4671 multo
2690 4624 2960 4686 postremo
2981 4614 3266 4669 immanius
3292 4629 3449 4683 quam

1864 4720 2011 4767 tuum
2039 4716 2200 4783 atque
2243 4708 2561 4765 Manichtci?
2592 4709 2760 4763 Certe
2803 4708 2855 4762 in
2885 4705 3101 4762 historia
3126 4705 3449 4767 nullaistius

1864 4803 2111 4859 vanitatis
2158 4804 2423 4857 invenitur
2448 4800 2679 4857 occasio.
2710 4799 2925 4855 iussum
2968 4797 3138 4853 fuerat
3176 4808 3234 4853 ut
3276 4797 3451 4854 edulis

1866 4896 2023 4951 unius
2051 4894 2262 4950 arboris
2282 4894 2575 4950 abstineret
2604 4911 2617 4948 :
2648 4892 2825 4959 rudis,
2851 4891 3156 4961 imperitus,
3184 4891 3449 4959 incautus,

1866 4989 1984 5043 sine
2031 4987 2399 5057 experimento
2450 4985 2690 5050 timoris,
2742 4983 2858 5038 sine
2906 4981 3155 5053 exemplo
3200 4981 3451 5052 justitia,

1866 5087 2116 5149 suggestu
2146 5076 2386 5132 mulieris
2409 5074 2886 5145 usurpavibescam
2910 5112 2925 5138 ,
2954 5072 3107 5142 cujus
3134 5072 3379 5129 illexerat
3400 5084 3454 5127 ct

1865 5169 2134 5236 suavitas,
2183 5176 2236 5222 et
2278 5174 2547 5221 venustas.
2595 5163 2727 5220 Vide
2778 5163 2795 5196 ⁸
2844 5162 2937 5219 hic
2983 5163 3453 5233 transgressionem

1868 5260 2029 5316 fuisse
2059 5258 2314 5315 mandati.
2348 5257 2593 5312 Admissa
2620 5264 2705 5312 est
2733 5254 3098 5325 praevaricatio
3126 5268 3230 5309 una
3255 5253 3323 5308 de
3350 5268 3455 5309 cxc-

1869 5351 2018 5415 teris,
2067 5364 2199 5420 quas
2252 5348 2475 5403 diversis
2520 5346 2846 5417 temporibus
2899 5345 3228 5415 peccantium
3279 5347 3454 5398 studia

1870 5448 2241 5511 perpetrarunt
2268 5455 2280 5492 :
2311 5454 2417 5494 non
2459 5438 2556 5493 fuit
2578 5437 2833 5508 amplius,
2861 5450 3019 5506 quam
3065 5449 3185 5489 eum
3228 5433 3455 5504 populus

1875 5533 2087 5589 lsraelis
2134 5531 2432 5589 interdictis
2476 5530 2723 5587 utebatur
2746 5528 3082 5585 animalibus.
3112 5526 3281 5583 Causa
3308 5528 3453 5584 enim

1870 5622 2071 5698 peccati
2099 5621 2236 5677 haud
2261 5623 2311 5675 in
2343 5621 2597 5690 qualitate
2622 5621 2763 5691 pomi
2787 5627 2929 5683 erat,
2955 5615 3049 5672 sed
3079 5617 3131 5672 in
3162 5626 3454 5688 transgres-

1872 5716 2021 5769 sione
2051 5712 2301 5767 mandati.
2330 5712 2464 5780 Quid
2496 5729 2622 5783 ergo
2660 5711 2765 5768 tale
2790 5708 2916 5768 fecit
2944 5710 3128 5777 Adam,
3167 5719 3241 5765 ut.
3265 5724 3452 5770 noema

1936 5825 1954 5860 ί
1986 5826 2144 5876 ﬁodcx
2168 5832 2312 5885 t‘orL,
2337 5823 2485 5875 rideo.
