3994 6468
544 386 685 445 1555
1220 379 1463 437 OPERlS
1503 373 1910 433 iMPERFEC'il
1947 366 2219 427 CONTRA
2258 364 2621 430 JULIANUM,
2663 363 2721 420 S.
2763 362 3131 422 AUGUSTINI
3309 430 3319 435 _
3673 361 3805 419 1550

490 498 505 533 ‘
540 508 653 555 tum
678 496 795 568 ejus
811 494 1078 553 exstitisse
1103 507 1261 563 supra
1285 492 1686 547 aestimationem
1714 485 1988 540 hominum
2017 480 2122 535 cri-
2241 478 2427 549 ingens
2471 477 2626 548 culpa
2651 518 2666 543 ,
2699 486 2753 532 et
2803 477 3142 564 levis\p(ena
3178 495 3189 529 ;
3361 474 3639 530 hominum
3684 474 3817 544 judi-

547 567 813 644 tniueris?
850 585 962 640 Nisi
991 583 1126 639 forte
1152 582 1328 638 ethoc
1352 579 1645 636 secundum
1671 574 1924 648 mysteria
1953 570 2124 626 Maui—
2236 571 2333 623 ciis
2374 568 2475 624 hoe
2512 569 2740 635 videtur,
2763 569 2850 639 qui
2891 584 2992 624 nec
3031 567 3283 640 mysteria
3319 567 3419 622 ista
3458 575 3819 636 cognoscunt,

507 738 517 750 ,
546 679 685 750 eluci
704 678 877 749 ,qnia
898 675 1241 746 decerptione
1264 688 1539 743 pomorum
1567 679 1622 725 et
1642 669 1879 723 omnium
1907 678 2128 719 nascen-
2237 671 2291 715 et
2318 660 2591 714 hominum
2621 660 2805 729 culpas
2836 670 2942 714 tam
2988 660 3189 730 liquido
3233 667 3394 729 atque
3443 658 3651 750 integro
3696 671 3820 711 csa-

516 796 521 801 -
545 747 681 827 tiun't
704 747 896 833 manus
920 766 1153 827 cohibet,
1181 780 1248 819 ne
1270 772 1471 833 partem
1501 761 1592 814 Dei
1622 759 1702 813 sui
1732 759 1947 819 laceret,
1970 768 2126 824 quam
2239 753 2413 814 mine,
2441 766 2597 821 quam
2651 752 2792 805 Deus
2841 766 3063 820 pensare
3104 766 3213 805 non
3262 758 3502 821 possunt.
3535 747 3825 803 Sodomita:

509 860 838 918 teorticihus
857 843 1258 957 ﬂaminibus
1275 854 1521 923 opinatur
1545 851 1821 913 inclusam,
1848 856 1903 901 tu
1920 860 2132 915 quoque
2239 860 2366 899 sane
2392 846 2512 914 igne
2563 859 2725 913 super
2777 844 2919 897 illam
2971 852 3167 898 terram
3218 844 3464 899 veniente
3538 840 3607 896 de
3656 841 3827 909 cmio,

566 950 579 957 -
616 949 631 957 -
878 947 911 957 .-
1019 947 1033 957 ι
1072 948 1101 957 ι.
1182 946 1193 957 ο
1292 934 1293 937 “
1407 943 1417 953 ο
1630 956 1635 957 ,
1700 956 1705 957 ,
1742 937 1878 957 ,t-._.2
1930 937 2022 957 “-2
2057 934 2128 957 ..-ζ
2240 950 2392 957 --μ-,Α
2456 936 2563 957 ---2-
2618 934 2764 957 (LA-2..
2800 945 3117 957 -..κη-ηρ-.-
3192 941 3308 957 ..η-,ι
3342 932 3638 957 ...ιηηηης-ςιῖ
3677 930 3801 957 [1⁷η.-

510 960 520 1019 ξ
553 949 722 1006 Adam
745 930 979 1019 gravior
1002 934 1306 1015 deliquisse,
1330 943 1454 1013 quia
1475 956 1595 996 cum
1617 956 1710 994 esu
1740 937 1902 1007 pomi,
1930 937 2025 990 Dei
2046 934 2131 988 .tui
2240 950 2396 1004 paena
2454 936 2566 989 suis
2617 934 2767 988 factis
2796 945 3121 1004 congruente
3142 975 3156 1001 ,
3192 941 3314 987 sunt
3338 932 3641 1001 consumpti
3676 930 3821 1002 (Gen.

504 1001 520 1039 ί
555 1001 902 1094 substantiam
925 1001 1255 1096 laceravlerit,
1275 1032 1569 1087 arbitraris.
1593 1028 1915 1084 Ofurorem!
1950 1044 1968 1076 ι
1999 1024 2133 1092 Quia

482 1184 505 1196 _
553 1126 723 1181 multo
747 1122 830 1189 est
847 1123 1099 1194 grandius
1126 1122 1252 1176 illud
1275 1128 1569 1190 peceatum,
1593 1133 1751 1187 quam
1772 1115 2010 1186 judiwre
2036 1128 2135 1168 nos

553 1227 871 1280 possumus,
893 1211 962 1264 ab
991 1210 1156 1275 omni,
1193 1228 1212 1262 ι
1240 1209 1438 1279 inquit,
1476 1227 1493 1259 ι
1525 1215 1777 1262 nascente
1826 1206 2071 1261 trahitur.
2110 1222 2130 1255 ι

551 1300 724 1371 Majas
755 1316 886 1371 ergo
914 1302 1011 1355 fuit
1037 1301 1237 1355 crimen
1270 1314 1484 1370 pomum
1507 1298 1698 1361 edere,
1724 1312 1844 1351 cum
1876 1312 1979 1349 non
2007 1295 2136 1349 lice-

497 1376 515 1421 Γ
552 1402 664 1459 ret,
695 1408 853 1463 quam
873 1402 1114 1447 sanctum
1142 1391 1274 1445 Abel
1301 1389 1598 1460 parricidali
1636 1389 1808 1443 livore
1828 1384 2135 1449 confodere,

551 1499 713 1553 quam
741 1484 1005 1554 hospitum
1050 1484 1101 1537 in
1128 1481 1378 1538 Sodomis
1406 1490 1458 1535 et
1502 1494 1723 1535 sexuum
1762 1477 1880 1547 jura
1907 1476 2136 1541 violare,

552 1591 713 1645 quam
743 1574 879 1632 filios
918 1589 1045 1629 suos
1080 1573 1190 1645 jam
1221 1573 1318 1627 sub
1348 1573 1461 1642 lege
1508 1569 1783 1625 daemoniis
1827 1566 2136 1633 immolare,

552 1682 713 1734 quam
744 1666 1056 1721 innocentes
1083 1676 1354 1735 postremo
1381 1664 1575 1718 nullius
1613 1662 1856 1718 conscios
1886 1661 2138 1715 volunta-

554 1762 624 1816 tis
642 1800 658 1826 ,
682 1774 869 1815 recens
893 1774 1029 1828 opus
1050 1758 1179 1823 Dei,
1207 1757 1401 1812 diaboli
1426 1770 1590 1826 regno
1610 1754 1840 1810 subdere
1860 1793 1877 1820 ,
1910 1752 2143 1808 meritis-

554 1865 660 1920 que
702 1850 1057 1919 conjungere,
1107 1864 1266 1918 quam
1331 1848 1495 1901 Deum
1544 1844 1834 1914 iniquitatis
1880 1856 2136 1912 arguere,

552 1956 712 2011 quam
740 1939 1080 1995 honorabiles
1111 1940 1321 2009 nuptias
1350 1938 1688 1994 tenebrarum
1719 1935 1944 2007 principi
1973 1934 2142 2005 depu-

552 2044 669 2089 tare
687 2075 703 2101 ,
733 2042 1005 2104 postremo
1049 2034 1299 2103 parvulos
1319 2076 1333 2100 ,
1379 2033 1499 2102 quia
1544 2039 1832 2086 nascantur
1857 2046 1951 2099 per
1974 2031 2141 2098 gene-

553 2125 789 2181 rantium
816 2126 1146 2195 voluptatem
1169 2166 1184 2191 ,
1217 2124 1464 2180 omnibus
1487 2122 1751 2193 profanis,
1782 2120 2031 2176 omnibus
2057 2120 2161 2190 pi-.

552 2215 684 2271 ratis
711 2216 922 2286 pejores
955 2215 1181 2284 putare?
1217 2214 1369 2284 Quod
1400 2230 1504 2268 non
1550 2213 1722 2283 fingo,
1766 2211 1862 2267 sed
1901 2211 2137 2281 colligo:

554 2313 614 2361 tu
633 2307 830 2377 quippe
856 2307 983 2361 illud
1012 2316 1286 2376 peceatum
1309 2307 1377 2359 ita
1406 2305 1667 2359 universis
1691 2303 2003 2358 criminibus
2022 2318 2139 2358 ma-

548 2396 639 2466 jus
683 2396 1044 2467 grandiusqtte
1069 2396 1278 2462 dixisti,
1318 2404 1377 2450 ut
1423 2395 1569 2449 nullo
1617 2394 1784 2464 possit
1822 2392 2136 2464 atquiparari

552 2496 724 2543 reatu.
756 2487 925 2557 Hujus
949 2497 1126 2543 autem
1171 2496 1277 2540 tam
1314 2486 1439 2540 mali
1487 2486 1684 2555 magni,
1707 2485 1849 2555 quod
1893 2485 2141 2539 omnibus

551 2577 697 2631 vitiis
724 2577 1127 2647 praeponderat,
1158 2578 1344 2647 plenos
1368 2576 1620 2632 advenire
1652 2576 1896 2647 parvulos
1923 2590 2138 2630 asseve-

552 2682 662 2722 ras.
695 2668 841 2724 Bene
867 2668 1045 2739 itaque
1071 2669 1460 2737 intelleximus,
1506 2669 1648 2741 quod
1693 2676 1891 2739 quanto
1921 2668 2139 2738 majoris

552 2760 760 2828 peccati
789 2761 1072 2831 participes
1100 2770 1251 2827 sunt,
1285 2770 1430 2817 tanto
1464 2762 1517 2817 in
1542 2761 1988 2817 condemnatione
2017 2776 2138 2817 sce-

550 2850 702 2908 lestis
728 2852 977 2907 omnibus
1007 2852 1377 2923 pra‘feranlur.

627 2942 763 2998 Anc.
784 2942 1007 3011 Propter
1026 2942 1184 2998 verba
1207 2958 1346 3010 mea,
1369 2959 1487 3013 qua:
1511 2941 1734 3012 posuisti
1752 2942 1821 2998 de
1841 2940 1975 2998 libro
1994 2957 2137 3009 meo,

550 3033 701 3101 velut
722 3032 1031 3099 refellenda,
1078 3032 1123 3087 si
1155 3048 1373 3102 posses,
1406 3034 1494 3088 ubi
1519 3033 1627 3088 dixi
1654 3074 1669 3100 ,
1704 3032 1845 3087 Illud
1873 3050 1990 3104 ergo
2019 3049 2139 3103 pec-

552 3136 723 3179 catum
741 3126 879 3197 quod
907 3126 959 3179 in
998 3126 1235 3196 paradiso
1260 3127 1426 3195 ipsum
1451 3127 1701 3180 hominem
1728 3126 1934 3180 mutavit
1963 3127 2017 3179 in
2048 3143 2139 3190 pe-

540 3218 633 3290 jus
651 3258 666 3282 ,
709 3217 829 3286 quia
853 3217 1011 3271 multo
1036 3227 1107 3270 est
1132 3217 1376 3287 grandius
1401 3233 1553 3288 quam
1578 3217 1815 3288 judicare
1837 3233 1927 3270 nos
1958 3228 2107 3284 possit
2124 3244 2141 3258 ο

550 3324 685 3372 mus,
715 3307 780 3361 ab
802 3308 938 3362 omni
963 3316 1197 3362 nascente
1225 3307 1442 3361 trahitur
1460 3308 1685 3378 :qurcris
1705 3322 1733 3360 a
1759 3322 1847 3362 me
1866 3306 1984 3377 quis
2008 3306 2139 3360 mihi

554 3399 786 3463 dixerit,
817 3398 960 3468 quod
1001 3409 1271 3468 peccatum
1305 3397 1437 3454 Adin
1479 3399 1645 3454 multo
1682 3398 1841 3454 fuerit
1889 3398 2141 3469 grandius

552 3506 712 3559 quam
751 3489 915 3557 Cain,
944 3492 1115 3546 multo
1144 3491 1304 3546 etiam
1346 3506 1504 3560 quam
1533 3490 1946 3546 Sodomitarum.
1987 3489 2139 3557 Quod

550 3595 652 3651 ego
672 3580 885 3651 quidem
903 3596 1007 3636 non
1023 3581 1260 3650 expressi
1284 3580 1459 3635 verbis
1489 3582 1640 3646 meis,
1662 3580 1759 3637 sed
1784 3596 1845 3636 ea
1875 3589 1927 3634 ιιι
1954 3580 2033 3635 sic
2060 3582 2141 3635 in-

552 3674 802 3731 tellexisti
826 3690 958 3744 :ego
986 3674 1126 3729 enim
1149 3673 1259 3729 dixi
1292 3673 1543 3744 grandius
1568 3689 1725 3744 quam
1761 3672 2001 3742 judicare
2042 3688 2142 3728 nos

551 3780 838 3835 possumus
856 3764 985 3819 illud
1001 3780 1120 3819 esse
1144 3772 1414 3833 peccatum
1435 3780 1450 3829 ;
1470 3778 1572 3818 non
1591 3763 1696 3818 dixi
1714 3762 1966 3833 grandius
1982 3778 2139 3833 quam

551 3858 687 3913 Cain
714 3858 796 3913 vel
826 3856 1243 3912 Sodomitarum.
1283 3856 1542 3911 Prohibiti
1574 3856 1714 3911 enim
1747 3854 1890 3925 pomi
1917 3869 2155 3924 usurpa-

552 3953 650 4017 tio,
680 3952 931 4022 quoniam
962 3952 1041 4008 sic
1066 3951 1329 4007 vindicata
1352 3959 1456 4017 est,
1480 3959 1537 4004 ut
1563 3958 1749 4005 natura
1770 3965 1887 4021 quae
1908 3957 2143 4020 potesta-

558 4050 668 4097 tem
694 4054 801 4098 non
827 4041 1089 4097 moriendi
1118 4042 1380 4107 habebat,
1413 4041 1631 4095 haberet
1659 4040 1921 4096 moriendi
1952 4055 2141 4095 neces-

553 4136 790 4200 sitatem,
818 4134 1001 4204 procul
1024 4133 1188 4189 dubio
1211 4133 1409 4203 judicia
1433 4141 1619 4189 cuncta
1646 4132 1857 4186 excedit
1887 4132 2136 4186 humana.

552 4227 779 4283 Pomum
807 4228 1001 4298 quippe
1020 4227 1137 4297 lege
1159 4227 1253 4282 Dei
1275 4228 1489 4282 vetitum
1516 4226 1865 4293 manducare,
1907 4227 2024 4282 leve
2061 4227 2141 4282 vi-

553 4318 774 4375 deretur
796 4332 918 4374 esse
936 4326 1208 4387 peccatum
1230 4334 1243 4370 :
1262 4316 1355 4371 sed
1375 4316 1551 4385 quanti
1574 4316 1669 4369 hoc
1692 4317 2033 4371 msﬁmaverit
2050 4316 2141 4387 qui

553 4428 659 4467 non
679 4421 854 4482 potest
874 4410 1007 4477 falli,
1025 4411 1153 4466 satis
1168 4419 1386 4481 apparet
1406 4409 1701 4480 granditate
1722 4409 1986 4479 supplicii.
2009 4409 2140 4464 Cain

552 4520 683 4560 vero
722 4503 1008 4559 fratricida:
1034 4512 1253 4573 apparet
1279 4502 1525 4556 omnibus
1560 4502 1790 4556 immane
1818 4508 2089 4571 peceatum
2121 4541 2137 4567 ,

553 4605 611 4650 et
633 4596 808 4652 scelus
834 4610 955 4652 esse
983 4602 1191 4650 constat
1221 4592 1546 4649 horrendum
1596 4609 1610 4646 :
1663 4592 1805 4663 quod
1853 4592 1933 4659 si,
1980 4600 2041 4647 ut
2084 4600 2142 4646 tu

554 4686 723 4753 facis,
766 4702 925 4757 pomo
956 4686 1138 4742 illicito
1163 4685 1450 4756 decerpta,
1484 4700 1579 4754 per
1607 4683 1892 4738 humanum
1924 4698 2141 4753 compa-

557 4788 706 4833 retur
730 4793 988 4844 examen,
1037 4778 1256 4834 ridicula
1301 4778 1627 4846 comparatio
1654 4776 2005 4847 judicabitur;
2048 4776 2142 4846 qui

558 4882 736 4926 tamen
806 4869 1106 4934 fratricida,
1158 4870 1399 4940 quamvis
1456 4869 1774 4940 quandoque
1819 4870 2138 4934 moriturus,

557 4976 661 5017 nec
686 4970 859 5015 morte
902 4961 1114 5030 punitus
1156 4969 1270 5023 est,
1316 4976 1416 5031 qua
1445 4961 1620 5015 solent
1649 4960 1893 5014 humanis
1925 4959 2141 5030 judiciis

558 5051 684 5105 talia
715 5050 942 5107 crimina
970 5050 1249 5105 vindicari.
1282 5052 1366 5105 Ait
1394 5051 1589 5121 quippe
1620 5051 1694 5105 illi
1724 5050 1864 5105 Deus
1896 5068 1910 5105 :
1945 5050 2142 5123 Opera-

556 5143 687 5197 beris
724 5151 931 5208 terram,
956 5149 1128 5196 etnon
1155 5141 1356 5209 adjiciet
1398 5143 1625 5195 virtutem
1665 5158 1811 5195 suam
1857 5140 1981 5197 dare
2017 5144 2142 5209 tibi;

557 5250 757 5303 gemens
787 5241 833 5288 et
861 5242 1075 5289 tremens
1098 5233 1196 5287 eris
1215 5250 1366 5304 super
1392 5244 1595 5287 terram.
1645 5234 1710 5288 Et
1736 5249 1857 5289 cum
1907 5234 1996 5290 ille
2043 5250 2143 5290 au-

556 5329 714 5382 diens
742 5333 938 5381 terram
977 5339 1083 5379 non
1131 5323 1229 5379 sibi
1280 5324 1521 5378 daturam
1573 5324 1797 5380 fructum
1846 5325 2140 5382 secundum

560 5416 797 5473 laborem
824 5430 979 5471 suum
998 5457 1012 5482 ,
1043 5425 1097 5471 et
1125 5430 1285 5485 super
1314 5430 1429 5470 eam
1453 5431 1572 5471 cum
1601 5416 1798 5486 gemitu
1827 5425 1883 5472 et
1911 5426 2142 5473 tremore

556 5508 812 5564 miserum
840 5523 899 5564 se
931 5506 1201 5572 futurum,
1230 5506 1397 5577 magis
1426 5507 1611 5561 mortis
1642 5507 1924 5564 formidine
1951 5518 2140 5581 quate-

555 5612 724 5668 retur,
757 5615 825 5657 ne
868 5601 988 5671 quis
1033 5598 1083 5655 ei
1115 5598 1343 5663 faceret,
1394 5597 1535 5667 quod
1584 5599 1699 5668 ipse
1729 5600 1925 5656 fecerat
1954 5600 2137 5666 fratri;

558 5694 731 5763 posuit
758 5692 808 5749 ei
857 5693 994 5747 Deus
1019 5692 1226 5763 signum
1246 5733 1259 5755 ,
1294 5706 1361 5745 ne
1390 5691 1667 5760 quisquam
1696 5707 1817 5747 cum
1838 5735 1851 5758 ,
1900 5708 2019 5747 cum
2053 5693 2137 5747 in-

556 5788 819 5852 venisset,
850 5784 1118 5841 oceideret
1162 5782 1311 5854 (Gen.
1340 5800 1413 5852 iv,
1466 5782 1531 5838 12
1565 5815 1585 5823 -
1622 5785 1741 5857 l5).
1800 5784 1897 5840 llic
1949 5800 2135 5841 rursus

2243 1042 2357 1089 xui,
2414 1024 2569 1094 1-25)
2601 1042 2614 1077 :
2645 1024 2739 1079 sed
2786 1025 2857 1079 ibi
2902 1032 3055 1078 erant.
3097 1034 3152 1079 et
3206 1022 3430 1093 parvuli,
3474 1031 3523 1076 te
3579 1031 3821 1092 patrono,

2194 1122 2197 1125 '
2242 1117 2361 1187 puri
2423 1127 2477 1172 et
2526 1117 2677 1171 liberi
2730 1116 2798 1171 ab
2848 1116 2995 1171 omni
3045 1117 3363 1186 contagione
3421 1115 3675 1184 peccati,
3736 1128 3828 1172 nec

2243 1216 2419 1263 tamen
2441 1207 2620 1278 justus
2650 1216 2706 1262 et
2733 1206 3038 1263 misericors
3065 1206 3205 1263 Deus
3236 1216 3311 1261 tot
3336 1208 3651 1262 innocentes
3697 1206 3827 1259 ima-

2242 1304 2393 1373 gines
2418 1317 2543 1358 suas
2571 1318 2666 1372 per
2694 1301 3022 1373 Angelorum
3072 1302 3448 1367 ministerium,
3476 1298 3619 1369 quin!
3670 1300 3718 1353 ei
3750 1298 3816 1352 fa-

2242 1394 2498 1449 cillimum
2526 1394 2645 1461 fuit,
2675 1404 2800 1449 ante
2844 1395 3021 1464 rapuit
3045 1393 3111 1448 de
3158 1392 3405 1448 incendio
3450 1391 3825 1457 Sodomorum,

2242 1493 2332 1539 aut
2358 1485 2495 1540 sicut
2518 1485 2687 1538 tribus
2706 1484 2815 1537 illis
2838 1484 2891 1538 in
2918 1483 3127 1538 camino
3146 1483 3275 1536 viris
3301 1481 3462 1553 (Dan.
3490 1497 3567 1546 nt,
3595 1480 3687 1545 49,
3719 1481 3827 1551 50),

2245 1575 2486 1631 innoxias
2513 1576 2591 1631 eis
2618 1575 2859 1630 ﬂammas
2881 1616 2897 1640 ,
2922 1575 3116 1646 quibus
3138 1584 3386 1644 parentes
3410 1590 3595 1627 eorum
3624 1588 3827 1627 crema-

2245 1671 2458 1737 bantur,
2485 1669 2826 1739 omnipotens
2853 1670 3101 1740 prmbuit.
3132 1669 3237 1725 Ista
3266 1668 3545 1723 considera
3572 1709 3586 1731 ,
3616 1667 3718 1721 ista
3746 1666 3827 1722 di-

2245 1762 2470 1832 ligenter
2497 1770 2552 1818 et
2579 1763 2664 1832 pie
2689 1763 2897 1833 cogita;
2927 1772 2983 1819 et
3009 1762 3196 1817 videns
3220 1763 3273 1817 in
3305 1762 3407 1816 hoc
3434 1762 3638 1816 szecuio
3666 1760 3829 1830 pusil-

2243 1853 2326 1907 los
2348 1868 2467 1907 cum
2494 1854 2735 1923 magnis,
2783 1854 2980 1923 pariter
3003 1853 3196 1909 talibus
3237 1853 3468 1908 miseriis
3516 1851 3829 1921 subjacere.

2243 1946 2427 2014 quales
2446 1944 2591 1999 nullo
2620 1945 2777 1999 modo
2802 1953 3023 2016 possent
3050 1945 3103 1999 in
3136 1944 3227 1998 Dei
3258 1943 3505 2014 paradiso
3526 1984 3540 2008 ,
3583 1943 3633 1997 si
3678 1958 3832 1998 nemo

2244 2042 2552 2103 peccasset,
2584 2036 2846 2099 existere;
2877 2048 3108 2105 agnosce
3133 2034 3391 2104 originale
3432 2042 3714 2103 peccatum
3734 2073 3750 2097 ,
3781 2040 3832 2088 et

2238 2123 2439 2193 justum
2480 2139 2639 2194 grave
2676 2124 2860 2194 jugum
2906 2140 3068 2194 super
3096 2124 3231 2179 filios
3259 2124 3429 2179 Adam
3459 2139 3490 2178 a
3529 2122 3623 2179 die
3664 2122 3833 2177 exitus

2243 2214 2311 2269 de
2338 2224 2521 2270 ventre
2551 2216 2733 2269 matris
2778 2230 2964 2270 eorum
2996 2214 3179 2286 (Ecclt'.
3226 2230 3314 2284 xc,
3363 2213 3417 2286 1)
3446 2232 3461 2269 :
3492 2222 3547 2269 et
3592 2212 3705 2267 noli
3744 2227 3833 2268 eos

2246 2316 2332 2362 tua
2359 2307 2668 2363 defensione
2709 2309 2937 2377 amplius
2965 2320 3252 2377 aggravare
3269 2347 3285 2373 ,
3330 2306 3545 2375 azgrotis
3573 2304 3662 2359 vel
3688 2320 3831 2359 mor-

2246 2400 2348 2453 tuis
2392 2401 2710 2455 salvatorem
2738 2410 2793 2454 et
2821 2400 3200 2454 vivificatorem
3240 2398 3512 2469 denegans
3536 2398 3829 2452 Christum.

2241 2489 2375 2544 Nam
2401 2491 2445 2544 si
2473 2489 2669 2560 qumris
2690 2531 2705 2555 ,
2733 2490 2852 2561 quis
2877 2490 3006 2544 mihi
3036 2489 3233 2545 dixerit
3251 2504 3408 2559 quam
3434 2503 3691 2559 magnum
3712 2502 3828 2557 pec-

2242 2592 2416 2637 catum
2447 2581 2613 2636 Adam
2644 2583 2997 2652 perpetmrit,
3031 2583 3145 2652 ipse
3171 2590 3255 2638 est
3275 2580 3363 2652 qui
3408 2582 3543 2637 dixit
3583 2592 3641 2637 et
3694 2580 3781 2635 tibi
3811 2598 3825 2633 :

2242 2671 2336 2726 sed
2375 2670 2420 2726 si
2452 2671 2618 2726 babes
2664 2687 2821 2727 aures
2860 2673 3141 2738 audiendi,
3186 2673 3370 2728 audies
3414 2688 3567 2739 eum;
3613 2672 3828 2728 habebis

2242 2773 2418 2818 autem
2442 2777 2566 2829 eas,
2594 2763 2639 2818 si
2670 2780 2775 2818 non
2806 2764 2925 2821 illas
2969 2774 3085 2819 tuas
3123 2765 3345 2820 arbitrio
3375 2766 3611 2832 tribuas,
3644 2766 3738 2820 sed
3764 2765 3829 2821 ab

2242 2854 2336 2909 illo
2362 2854 2591 2924 accipias
2620 2856 2708 2925 qui
2733 2854 2895 2923 dixit,
2924 2854 3071 2911 Dabo
3109 2857 3180 2910 eis
3217 2873 3305 2910 cor
3331 2856 3667 2927 cognoscendi
3712 2873 3789 2910 me
3807 2898 3826 2924 ,

2240 2951 2288 2996 et
2312 2960 2459 2998 aures
2500 2944 2760 3000 audientes
2788 2944 3038 3017 (Baraclt.
3078 2962 3150 3012 tt,
3200 2945 3313 3019 51).
3357 2946 3488 3013 Quis
3523 2947 3704 3011 enim,
3732 2947 3829 3002 nisi

2243 3034 2331 3104 qui
2356 3035 2548 3090 talibus
2575 3036 2791 3092 auribus
2813 3047 2991 3101 caret,
3035 3052 3142 3093 non
3185 3036 3334 3091 audit
3360 3037 3691 3107 Scripturam
3719 3038 3828 3115 sine

2245 3127 2351 3181 ulla
2377 3126 2701 3184 obscuritate
2728 3129 2811 3184 vel
2829 3129 3172 3199 ambiguitate
3190 3128 3455 3183 dicentem
3484 3128 3692 3183 homini
3724 3129 3828 3196 pri-

2244 3231 2333 3271 mo
2357 3219 2622 3286 peccatori
2642 3258 2657 3284 ,
2683 3217 2838 3272 Terra
2858 3235 2939 3286 es,
2964 3228 3011 3273 et
3030 3218 3084 3272 in
3106 3227 3293 3272 terram
3313 3218 3405 3272 ibis
3430 3217 3583 3290 (Cen.
3613 3233 3696 3285 tn,
3720 3217 3827 3287 19)?

2243 3305 2345 3363 Ubi
2370 3307 2644 3363 evidenter
2673 3309 2992 3374 ostenditur,
3021 3323 3126 3364 non
3176 3323 3301 3364 eum
3344 3308 3508 3364 fuisse
3537 3310 3624 3364 vel
3671 3324 3827 3364 carne

2244 3398 2581 3464 moriturum,
2612 3399 2664 3454 id
2684 3407 2787 3465 est,
2818 3400 2870 3454 in
2900 3409 3127 3465 terram,
3157 3399 3299 3455 unde
3321 3415 3448 3454 caro
3473 3399 3593 3469 ejus
3623 3408 3828 3468 sumpta

2244 3487 2444 3555 fuerat,
2476 3500 2651 3545 morte
2678 3491 2841 3561 ipsius
2866 3492 3043 3546 carnis
3070 3493 3298 3557 iturum,
3330 3492 3431 3546 nisi
3461 3501 3682 3561 propter
3707 3507 3828 3561 pec-

2244 3588 2420 3633 catum
2447 3578 2548 3634 hoc
2571 3581 2755 3637 audire
2782 3582 3092 3652 perpetique
3120 3584 3440 3647 meruisset,
3467 3582 3611 3636 unde
3653 3592 3827 3651 postea

2244 3671 2377 3725 dixit
2404 3673 2721 3741 Apostolus,
2748 3673 2943 3745 Corpus
2970 3674 3172 3745 quidem
3215 3683 3468 3728 mortuum
3515 3684 3586 3728 est
3633 3684 3829 3745 propter

2245 3772 2504 3830 peccatum
2552 3761 2725 3833 (Rom.
2763 3779 2870 3830 vit,
2903 3764 3016 3835 lO).
3048 3764 3178 3832 Quis
3227 3780 3331 3818 non
3360 3764 3571 3831 audiat,
3607 3766 3710 3819 nisi
3746 3766 3827 3834 qui

2246 3854 2379 3909 tales
2400 3870 2556 3910 aures
2586 3871 2689 3910 non
2717 3855 2896 3922 habet,
2919 3856 3182 3913 dicentem
3212 3859 3378 3913 Deum
3400 3857 3470 3914 de
3496 3858 3617 3928 ipso
3643 3858 3826 3924 Adam,

2248 3943 2332 3998 Ne
2357 3944 2632 4016 aliquando
2658 3948 2892 4001 extendat
2919 3966 3126 4002 manant
3148 3966 3312 4013 suam,
3341 3960 3385 4003 et
3419 3960 3587 4004 sumat
3609 3950 3675 4004 de
3701 3951 3830 4020 ligno

2246 4037 2379 4100 sine,
2408 4046 2453 4090 et
2477 4039 2612 4103 edat,
2640 4046 2684 4091 et
2704 4038 2835 4091 vivat
2864 4039 2915 4092 in
2940 4050 3220 4103 (sternunt,-
3249 4050 3295 4093 et
3324 4040 3514 4093 dimisit
3557 4040 3707 4094 illum
3730 4040 3830 4093 Do-

2245 4131 2412 4184 minus
2440 4130 2503 4183 de
2537 4132 3074 4203 paradisavoluptatis
3107 4132 3257 4204 (Gen.
3303 4149 3380 4201 ιιι,
3427 4133 3520 4200 22,
3551 4133 3690 4204 25)?
3737 4132 3829 4189 [bi

2248 4223 2428 4290 utique
2457 4223 2571 4277 sine
2598 4223 2780 4278 labore
2806 4234 2859 4278 et
2887 4224 3071 4279 dolore
3098 4225 3206 4279 ullo
3237 4226 3436 4279 viveret
3467 4227 3520 4280 in
3547 4234 3824 4280 a-tcrmnn.

2249 4316 2502 4385 Voluptas
2526 4316 2723 4387 quippe
2773 4318 2859 4371 illa
2887 4318 3113 4386 paradisi
3144 4357 3157 4379 ,
3205 4318 3345 4387 quod
3394 4332 3619 4372 necesse
3648 4328 3729 4373 est
3760 4317 3830 4371 fa—

2247 4406 2485 4472 teamini,
2514 4408 2557 4461 si
2587 4408 2603 4439 ¹
2630 4406 2979 4462 christianum
3014 4423 3206 4463 nomen
3240 4408 3473 4462 nondum
3496 4409 3631 4463 estis
3660 4407 3828 4471 obliti,

2248 4515 2353 4555 non
2382 4499 2722 4570 turpitudinis
2740 4542 2755 4567 ,
2786 4501 2879 4556 sed
2910 4501 3248 4557 beatitudinis
3273 4501 3556 4572 cogitanda
3582 4510 3686 4557 est.
3712 4501 3832 4557 [hee

2247 4608 2375 4663 ergo
2412 4608 2564 4663 poena
2588 4633 2605 4661 ,
2636 4609 2793 4663 quam
2839 4596 3031 4649 meruit
3058 4594 3248 4663 Adam,
3281 4611 3348 4650 ne
3372 4597 3577 4651 viveret
3600 4597 3655 4651 in
3680 4606 3831 4651 teter-

2248 4700 2395 4748 num,
2427 4692 2482 4739 et
2510 4684 2628 4739 ideo
2655 4683 2905 4739 dimissus
2930 4693 3014 4739 est
3036 4685 3102 4740 de
3128 4686 3243 4740 loco
3270 4694 3429 4739 mnta:
3470 4686 3830 4750 beatitudinis,

2250 4777 2336 4831 tibi
2364 4777 2405 4831 si
2432 4784 2610 4842 esset,
2643 4791 2816 4846 neque
2861 4784 3167 4846 peccasset,
3199 4776 3380 4845 procul
3426 4775 3594 4831 dubio
3636 4777 3832 4831 viveret

2249 4874 2301 4927 in
2338 4883 2597 4927 a‘ternum
2619 4911 2634 4934 ,
2667 4886 2823 4935 quam
2868 4885 3057 4938 magna
3088 4884 3243 4938 pinna
3272 4880 3387 4934 est,
3433 4878 3541 4923 tam
3588 4883 3831 4939 magnum

2248 4964 2505 5019 debemus
2534 4962 2828 5032 intelligere
2856 4971 3133 5031 peccatum
3153 5003 3169 5029 ,
3191 4962 3331 5032 quod
3353 4977 3415 5016 ea
3442 4976 3600 5031 poena
3623 4961 3833 5031 dignum

2249 5055 2419 5110 fuerat
2448 5053 2722 5109 vindicari.
2773 5054 2908 5122 Quid
2956 5054 3111 5123 igitur
3137 5055 3250 5125 agis
3273 5096 3288 5121 ,
3333 5055 3562 5109 obsecro
3590 5063 3673 5119 te,
3714 5070 3833 5109 cum

2249 5155 2523 5216 peccatum
2565 5145 2694 5199 Adae
2743 5153 2885 5199 tanta
2931 5155 3219 5200 extenuare
3279 5146 3491 5200 conaris
3549 5146 3827 5208 instantia,

2249 5240 2351 5294 nisi
2385 5239 2547 5293 Deum
2575 5239 2754 5309 arguis
2776 5239 3021 5293 immanis
3052 5236 3437 5306 horrendasque
3463 5238 3686 5292 sarvitiae
3705 5279 3720 5303 ,
3749 5235 3836 5306 qui

2250 5332 2352 5387 hoc
2382 5341 2522 5386 tanta
2550 5374 2564 5397 ,
2604 5348 2709 5387 non
2742 5332 2861 5387 dico
2890 5332 3204 5396 severitate,
3247 5330 3342 5386 sed
3386 5330 3710 5385 crudelitate
3737 5345 3837 5400 pu—

2248 5425 2379 5479 nivit
2400 5424 2424 5477 ?
2448 5423 2598 5490 Quod
2628 5423 2694 5478 de
2722 5424 2861 5487 Deo,
2894 5425 2939 5478 si
2990 5423 3138 5478 nefas
3163 5433 3248 5477 est
3295 5422 3502 5477 sentire
3526 5463 3542 5483 .
3592 5436 3685 5476 cur
3730 5434 3835 5475 non

2247 5518 2591 5587 quantitatem
2633 5516 2821 5585 culpat,
2869 5514 2936 5570 de
2983 5531 3085 5586 qua
3147 5514 3391 5569 homines
3429 5514 3671 5585 judicare
3732 5528 3837 5567 non

2248 5617 2490 5680 posunt,
2527 5608 2799 5679 judicante
2837 5608 3018 5679 judice
3048 5607 3537 5677 incomparabiliter
3560 5607 3734 5680 justo,
3769 5605 3836 5659 de

2248 5719 2421 5775 putare
2448 5703 2744 5774 granditate
2770 5703 2993 5767 metiris,
3020 5710 3073 5756 et
3103 5710 3243 5756 tuam
3269 5702 3499 5773 linguam
3524 5715 3550 5755 a
3576 5698 3834 5770 sacrilega

2317 5821 2328 5849 ¹
2372 5820 2517 5879 \‘ign.,
2552 5815 2656 5867 uiri.
2685 5815 2849 5865 Melius
2871 5816 3022 5866 codex
3049 5823 3194 5875 t‘ort.,
3226 5814 3282 5865 si.
