3994 6468
195 375 329 433 ιεετ
682 438 698 451 ,

194 485 505 560 loquacitate
561 482 902 556 compescis?
947 482 1058 554 Ego
1099 489 1276 538 autem
1325 481 1614 554 iniquitatis
1659 501 1764 540 non

192 593 353 651 arguo
380 578 588 646 Deum,
613 574 766 646 cujus
805 574 1151 645 dicojustum
1191 573 1376 644 jugum
1425 588 1586 643 super
1631 575 1769 630 filios

193 671 356 728 Adam
393 683 424 724 a
451 667 540 726 die
568 666 740 724 exitus
769 665 838 721 de
885 673 1071 720 ventre
1107 665 1294 719 matris
1322 679 1508 720 eorum
1542 682 1555 717 :
1589 664 1684 719 sed
1715 673 1770 718 tu

192 763 362 834 potius
384 760 623 831 iniquum
647 758 777 814 facis
805 757 971 812 Deum
997 797 1010 821 ,
1034 757 1122 827 qui
1149 765 1302 826 putas
1321 770 1415 811 eos
1439 754 1540 810 hoc
1565 755 1768 826 perpeti

191 857 302 910 sine
331 852 439 909 ullo
480 852 670 906 merito
715 849 1119 921 qualiscumque
1150 847 1370 918 peccati.
1416 846 1527 902 Nec
1552 854 1772 918 propter

190 960 322 1016 opus
349 941 490 1015 quod
514 941 638 997 fecit
663 941 802 998 Deus
820 981 837 1008 ,
865 937 962 996 sed
993 949 1211 1011 propter
1240 938 1424 993 vitium
1455 937 1596 1008 quod
1628 937 1771 992 inse-

190 1041 259 1092 vit
305 1036 572 1102 inimicus,
619 1049 712 1090 eos
757 1034 856 1090 sub
900 1032 1087 1090 eodem
1120 1032 1334 1088 inimico
1363 1046 1483 1088 esse
1509 1031 1650 1098 dico,
1682 1033 1770 1101 qui

188 1145 252 1185 ex
282 1126 455 1198 primo
479 1125 692 1180 homine
720 1133 1032 1191 nascuntur,
1060 1125 1105 1178 si
1144 1124 1196 1178 in
1218 1122 1452 1180 secundo
1479 1137 1584 1177 non
1611 1137 1738 1177 rena
1755 1151 1771 1161 -

187 1225 407 1272 scuntur
432 1217 473 1270 ι.
508 1216 564 1270 In
597 1215 787 1286 quibus
815 1224 868 1269 tu
899 1214 1194 1270 Ecclesiam
1215 1212 1528 1268 catholicam
1552 1211 1773 1267 crimine

186 1309 481 1380 majestatis
508 1321 728 1363 accusas
746 1347 762 1373 ,
792 1306 872 1374 si,
902 1314 960 1361 ut
985 1305 1149 1371 dicis,
1176 1319 1280 1359 non
1301 1311 1558 1359 eruuntur
1580 1303 1647 1358 de
1675 1291 1772 1373 pol

191 1409 384 1457 testate
411 1399 748 1456 tenebrarum
769 1439 783 1464 ,
811 1413 932 1453 cum
958 1398 1294 1468 baptizantnr
1321 1395 1556 1464 parvuli,
1582 1403 1637 1448 et
1661 1394 1770 1460 illa,

186 1492 490 1564 priusquam
519 1490 872 1561 baptizeutur,
897 1489 1165 1545 exorcizat
1193 1499 1246 1542 et
1270 1485 1518 1542 exsufﬂat
1538 1494 1615 1541 tot
1637 1485 1771 1540 ima-

185 1586 330 1655 gines
375 1582 493 1638 Dei.
522 1581 633 1636 Nec
671 1579 1009 1636 honorabiles
1053 1578 1264 1648 nuptias
1305 1577 1502 1647 deputo
1547 1575 1774 1646 principi

189 1675 564 1739 tenebrarum,
595 1688 726 1744 quas
750 1687 918 1745 purgo
947 1673 1015 1727 ab
1056 1671 1202 1726 omni
1251 1685 1387 1726 noxa
1433 1669 1695 1735 libidinis,
1728 1669 1772 1724 si

185 1787 240 1828 ea
258 1771 401 1826 bene
418 1778 638 1825 utuntur
658 1768 952 1824 intentione
973 1766 1299 1838 propaginis.
1321 1764 1402 1820 Tu
1427 1773 1554 1818 vero
1574 1764 1770 1817 malum

184 1877 284 1934 quo
313 1877 446 1919 caro
470 1861 802 1933 concupiscit
841 1860 1097 1916 adversus
1127 1859 1403 1929 spiritum,
1448 1858 1773 1912 constituere

184 1954 232 2008 in
259 1953 512 2025 paradiso
541 1969 649 2008 non
676 1951 1067 2023 perhorrescis,
1097 1949 1198 2004 hoc
1223 1959 1333 2014 est,
1365 1949 1416 2003 in
1446 1947 1567 2002 loco
1615 1954 1774 2000 tanta:

183 2048 365 2118 pacis,
396 2054 556 2102 tantae
585 2044 778 2116 quietis
802 2087 817 2114 ,
849 2052 1010 2100 tanta:
1041 2042 1370 2107 honestatis,
1403 2050 1563 2095 tanta:
1601 2038 1769 2094 fclici-

183 2139 323 2195 tatis.
355 2138 469 2195 Nec
497 2137 746 2209 parvulos
775 2151 885 2192 non
933 2135 1192 2190 habentes
1221 2133 1319 2187 nisi
1361 2131 1616 2203 originale
1640 2144 1772 2201 pec-

181 2240 358 2286 catum
379 2269 398 2296 ,
426 2229 676 2285 omnibus
707 2226 981 2299 flagitiosis
1011 2235 1067 2281 et
1089 2224 1392 2290 sceleratis,
1418 2233 1473 2276 ut
1494 2221 1775 2276 calumnia-

181 2323 283 2391 ris,
310 2322 500 2393 judico
527 2337 650 2377 esse
679 2321 914 2392 pejores.
942 2317 1100 2374 Aliud
1127 2303 1208 2372 est
1233 2316 1374 2371 enim
1404 2322 1623 2385 peccato
1652 2329 1680 2367 a
1711 2325 1772 2368 se

186 2415 480 2471 commisso
506 2415 747 2485 gravari,
773 2412 914 2468 aliud
943 2412 1101 2467 alieni
1126 2409 1415 2482 quamlibet
1444 2407 1617 2478 magni
1633 2399 1774 2463 'con-

183 2506 397 2576 tagione
443 2506 700 2576 respergi.
733 2505 960 2574 Propter
985 2501 1126 2574 quod
1154 2500 1362 2573 parvuli
1400 2499 1466 2553 ad
1497 2499 1772 2554 remissio-

181 2612 300 2651 nem
347 2605 730 2668 peccatorum,
783 2594 921 2649 sicut
966 2593 1042 2648 ait
1083 2593 1310 2658 Ptenus,
1360 2605 1517 2662 paena
1562 2599 1769 2657 vestra,

180 2687 479 2758 Cyprianus
499 2728 515 2755 ,
541 2685 644 2742 hoc
674 2686 792 2756 ipso
831 2684 1036 2740 facilius
1062 2683 1354 2749 accedunt,
1391 2680 1532 2752 quod
1561 2681 1638 2736 eis
1682 2696 1772 2736 re-

181 2781 468 2834 mittuntur
491 2794 596 2833 non
619 2776 832 2849 propria
856 2817 870 2843 ,
893 2776 988 2832 sed
1008 2776 1180 2830 aliena
1210 2783 1426 2845 peccata
1454 2772 1647 2846 (Epist.
1678 2773 1768 2840 65,

180 2870 246 2923 ad
272 2868 512 2944 Fidum).
544 2869 623 2926 Tu
675 2877 885 2936 autem,
930 2884 1049 2922 cum
1087 2869 1374 2939 parvulos,
1418 2884 1521 2921 non
1564 2867 1768 2932 solum,

181 2963 318 3030 quod
351 2971 410 3018 et
437 2978 536 3018 nos
576 2961 834 3031 dicimus,
879 2962 1083 3015 nullmn
1133 2977 1200 3015 ex
1248 2960 1456 3030 propria
1502 2960 1772 3015 voluntate

179 3051 407 3121 feCisse,
435 3069 619 3108 verum
646 3053 804 3107 etiam
833 3053 1038 3106 nullum
1069 3051 1203 3107 dicis
1223 3067 1286 3106 ex
1319 3052 1522 3120 origine
1545 3052 1771 3107 traxisse

180 3151 478 3213 peceatum,
511 3143 760 3214 iujustum
791 3143 974 3214 procul
1015 3142 1178 3199 dubio
1221 3143 1347 3198 facis
1388 3143 1588 3211 Deum,
1629 3143 1770 3214 quod

184 3235 271 3287 tibi
315 3234 434 3304 jam
480 3249 627 3306 saepe
678 3234 920 3300 dictum,
971 3233 1270 3303 smpiusque
1321 3232 1601 3288 dicendum
1651 3243 1768 3301 est,

179 3327 265 3395 qui
291 3327 379 3381 eis
420 3327 674 3396 imposuit
698 3341 858 3397 grave
894 3327 1079 3397 jngum
1107 3341 1136 3380 a
1164 3326 1252 3382 die
1278 3325 1452 3381 exitus
1493 3325 1560 3380 de
1586 3332 1771 3380 ventre

179 3419 366 3474 matris
396 3419 626 3474 illorum.
673 3420 814 3476 Sane
841 3427 899 3474 ut
950 3419 1216 3489 intelligas
1252 3417 1521 3488 quomodo
1566 3417 1768 3488 parvuli

181 3524 241 3563 ex
272 3507 448 3563 Adam
473 3511 614 3573 nati,
646 3517 701 3564 et
724 3509 1131 3580 participatione
1155 3508 1354 3577 peccati
1377 3506 1518 3562 illius
1540 3507 1770 3561 hominis

179 3600 512 3671 obligentur,
544 3609 599 3654 et
632 3609 805 3655 tamen
835 3599 1001 3670 ipsius
1026 3600 1195 3656 reatui
1223 3615 1326 3653 non
1356 3606 1653 3668 mquentur,
1684 3605 1768 3652 at-

179 3690 336 3746 tende
383 3689 691 3758 Cbristum,
736 3707 893 3760 quem
939 3689 1112 3760 legisti
1160 3704 1282 3745 esse
1332 3686 1559 3743 formam
1607 3687 1769 3742 futuri

181 3782 360 3854 (Rom.
392 3798 445 3849 v,
475 3783 602 3854 14);
632 3793 685 3838 et
708 3783 830 3838 vide
857 3781 1305 3854 quemadmodum
1333 3783 1535 3852 parvuli
1579 3781 1631 3836 in
1678 3781 1770 3838 illo

180 3874 376 3942 renati,
405 3883 462 3930 et
487 3874 601 3944 ejus
625 3874 914 3948 participes
936 3873 1156 3943 justitize
1182 3871 1310 3927 fiant
1328 3915 1342 3938 ,
1370 3880 1425 3928 et
1450 3873 1571 3942 ejus
1602 3872 1766 3928 meri-

180 3966 245 4020 tis
261 3981 371 4021 non
391 3965 590 4022 audeas
609 3982 703 4022 eos
717 3981 1048 4034 comparare.
1069 3965 1147 4020 Tu
1169 3981 1381 4036 quoque
1405 3966 1455 4019 in
1482 3965 1635 4034 hujus
1649 3981 1769 4035 ope-

178 4056 248 4109 ris
276 4057 356 4112 tui
414 4057 552 4112 libro
595 4058 829 4112 secundo
875 4056 1094 4128 (Supra,
1143 4073 1293 4126 capp.
1331 4055 1475 4121 189,
1525 4055 1686 4128 190),
1715 4057 1767 4110 in

178 4147 349 4204 Adam
378 4149 584 4220 peccati
615 4147 838 4203 foratum
860 4190 875 4215 ,
908 4149 1028 4218 quia
1053 4148 1197 4218 prior
1223 4147 1460 4217 peccavit
1478 4147 1588 4201 Eva
1611 4189 1624 4212 ,
1663 4161 1767 4201 non

179 4243 408 4310 primam
439 4241 618 4297 dixisti
645 4256 797 4308 esse,
833 4241 927 4296 sed
958 4240 1275 4306 maximam;
1315 4240 1453 4294 sicut
1479 4240 1530 4293 in
1558 4238 1770 4295 Christo

175 4333 400 4404 justitize
435 4332 662 4389 formam
694 4349 797 4388 non
851 4332 1076 4403 primam
1105 4346 1253 4398 esse,
1306 4331 1401 4386 sed
1450 4331 1767 4396 maximam,

179 4427 298 4495 quia
329 4423 550 4481 fuerunt
571 4425 699 4496 justi
729 4432 783 4480 et
823 4434 947 4480 ante
986 4425 1158 4494 ipsum
1189 4442 1202 4478 :
1235 4424 1374 4494 quod
1400 4439 1430 4478 a
1478 4432 1529 4478 te
1571 4423 1767 4480 dictum

177 4516 218 4570 si
247 4517 452 4572 oblitus
495 4532 601 4572 non
635 4516 827 4572 fuisses
847 4558 863 4583 ,
895 4531 998 4571 non
1029 4516 1113 4571 hic
1151 4515 1282 4570 Ada:
1312 4525 1587 4586 peccatum
1616 4527 1768 4571 exte-

179 4621 414 4675 nuares,
441 4607 494 4662 in
537 4622 642 4679 quo
672 4607 956 4663 maximam
998 4605 1222 4660 formam
1263 4606 1471 4677 peccati
1499 4607 1769 4662 exStitisse

177 4697 462 4754 confessus
487 4714 548 4756 es
571 4701 615 4754 ¹.

244 4785 448 4848 XXI'.
475 4791 594 4848 Jun.
625 4791 730 4848 Sed
759 4807 854 4848 cur
881 4792 973 4848 tibi
1002 4792 1070 4848 de
1109 4791 1398 4847 inimicitiis
1446 4793 1767 4849 innocentia:

177 4892 582 4940 commoveatur
623 4885 840 4953 invidia,
883 4901 1008 4940 cum.
1034 4885 1326 4956 petulantia
1365 4893 1419 4940 et
1446 4886 1623 4941 rabies
1657 4887 1769 4942 oris

160 4972 403 5034 'obsceni
453 4993 555 5034 nec
605 4977 899 5032 divinitatis
954 4977 1157 5033 honore
1222 4977 1769 5036 frenetur?Accusas

178 5069 320 5123 enim
349 5069 620 5138 parvulos,
651 5069 744 5123 sed
773 5083 893 5123 cum
944 5069 1092 5135 Deo;
1126 5069 1346 5123 incessis
1387 5067 1766 5136 innocentiam,

177 5159 269 5213 sed
296 5174 422 5214 cum
443 5161 706 5231 aequitatis
727 5159 916 5230 injuria
942 5177 956 5224 ;
995 5159 1248 5215 inliciaris
1267 5160 1497 5228 veritati,
1530 5161 1624 5217 sed
1649 5177 1768 5216 cum

178 5251 296 5319 ejus
326 5249 700 5306 criminatione
741 5267 897 5322 quem
949 5251 1115 5305 Deum
1149 5259 1296 5306 tuum
1344 5252 1544 5307 fateris.
1577 5253 1654 5308 Ac
1677 5269 1771 5324 per

180 5339 307 5408 hoc,
334 5341 438 5396 etsi
463 5356 561 5396 nos
578 5340 926 5396 tlelicerenius
956 5341 1176 5395 rationis
1194 5341 1412 5407 auxilio,
1444 5342 1652 5399 abunde
1686 5352 1775 5416 ιιι-τ

179 5449 306 5488 men
351 5433 540 5490 tradux
581 5434 784 5505 peccati
811 5444 1136 5490 assertorum
1185 5450 1401 5490 suorum
1433 5433 1770 5493 deformitate

179 5536 482 5582 θοι-ΓυρΓρι.

178 5621 263 5729 ,ως
300 5625 368 5668 Ex
391 5625 499 5669 uss.
533 5617 629 5670 llde
661 5618 951 5683 adiecimus,
985 5617 1029 5672 si
1050 5619 1099 5670 in
1127 5621 1336 5672 secme
1371 5633 1465 5672 non
1508 5635 1773 5674 renascun-

179 5693 461 5856 nggm‘
484 5747 632 5805 νοτίου
655 5743 860 5808 form
879 5743 1063 5810 peccati
1084 5745 1324 5811 confessus
1345 5757 1432 5808 es;
1455 5745 1648 5809 omisso,
1687 5761 1771 5798 cx-

1571 371 1771 427 LIDER
1810 371 2098 431 SEXTUS.

3318 385 3457 444 l553

1949 489 2080 543 Are.
2111 485 2220 542 Tua
2239 486 2536 544 conviciose
2564 487 2856 561 loquacitas
2878 492 3080 550 rabiem
3104 493 3233 551 mihi
3264 494 3464 564 objecit

1875 579 1985 634 oris
2006 579 2244 635 obsceni.
2271 579 2536 652 Numquid
2564 596 2665 654 ego
2695 599 2810 639 sum
2829 583 3082 643 defensor
3109 586 3464 659 laudatorque

1876 668 2432 742 libidinisiNumquid
2473 687 2575 742 ego
2617 688 2777 729 ausus
2812 691 2930 730 sum
2980 676 3468 748 concupiscentiam

1875 761 2071 828 carnis,
2102 776 2204 831 qua
2231 777 2357 816 caro
2384 763 2714 834 concupiscit
2733 764 2990 821 adversus
3005 766 3270 837 spiritum,
3303 765 3465 839 para;

1876 851 1977 907 disi
2005 853 2164 909 etiam
2207 856 2548 926 possessione
2586 856 2801 913 ditare?
2826 856 2884 913 In
2925 858 3300 936 quemlocum
3330 861 3465 916 tanti

1876 943 2086 1000 decoris
2123 953 2176 998 et
2201 945 2366 1014 pacis,
2394 946 2552 1001 simul
2599 947 2936 1005 introduxisti
2979 957 3072 1004 aut
3097 949 3316 1019 bellum,
3360 965 3469 1021 quo

1876 1035 1942 1089 ad
1987 1035 2313 1106 peccandum
2366 1037 2662 1108 impellenti
2727 1039 3063 1095 laudabiliter
3101 1049 3424 1110 repugnatur
3455 1081 3470 1104 ,

1877 1135 1970 1181 aut
1991 1126 2241 1193 dedecus,
2271 1143 2380 1198 quo
2422 1128 2649 1200 turpiter
2697 1131 2748 1186 ei
2779 1129 3008 1186 ceditur.
3041 1129 3151 1186 Cur
3176 1145 3305 1202 ergo
3351 1141 3460 1186 tam

1877 1218 2263 1274 contumeliose
2300 1221 2529 1291 insurgis
2571 1222 2624 1276 in
2655 1236 2771 1288 me,
2802 1237 2901 1277 nec
2932 1222 3153 1292 respicis
3197 1223 3293 1278 te?
3333 1222 3466 1278 Nam

1877 1323 1976 1376 ego
2001 1324 2105 1362 non
2133 1323 2326 1362 accuso
2355 1310 2516 1364 Deum
2546 1327 2562 1376 ;
2585 1311 2678 1366 sed
2708 1321 2784 1376 tu,
2811 1310 3045 1383 quidicis
3067 1313 3315 1382 parvulos
3343 1312 3468 1368 nul-

1878 1398 1986 1452 lum
2016 1413 2082 1455 ex
2125 1400 2328 1470 origine
2367 1401 2576 1456 trahere
2607 1411 2901 1473 peccatum,
2948 1403 3142 1474 quibus
3169 1403 3261 1458 ille
3288 1403 3468 1475 impo-

1877 1494 1983 1547 suit
2033 1508 2195 1564 grave
2242 1493 2448 1564 jugum.
2481 1494 2590 1550 Nec
2643 1495 2854 1552 incesse
2917 1495 3279 1552 innocentiam
3345 1512 3467 1553 cum

1877 1585 2142 1656 mquitatis
2173 1585 2400 1656 injuria:
2431 1587 2525 1641 sed
2556 1596 2610 1640 tu
2646 1587 2881 1658 :rquitati
2909 1585 3041 1642 facis
3077 1587 3347 1657 injuriam,
3377 1587 3468 1658 qui

1879 1686 2078 1733 tantam
2108 1677 2241 1744 dich
2295 1678 2496 1736 habere
2541 1681 2789 1750 parvulos
2837 1681 3233 1747 innocentiam;
3272 1695 3408 1753 quos
3441 1682 3458 1712 ¹

1879 1778 2078 1830 tamen.
2101 1769 2148 1824 si
2184 1769 2326 1838 quod
2369 1770 2482 1839 ipse
2510 1771 2672 1840 sapis,
2704 1786 2887 1826 verum
2935 1786 3056 1827 esse
3097 1769 3278 1838 sciret,
3321 1761 3467 1844 gravi

1873 1861 2004 1931 jugo
2032 1861 2255 1931 aequitas
2310 1877 2414 1916 non
2469 1863 2699 1931 puniret.
2727 1861 2836 1917 Nec
2864 1862 3069 1918 inlicior
3118 1863 3469 1925 veritati,ncc

1879 1951 2042 2005 Deum
2072 1952 2493 2018 criminor;sed
2548 1961 2605 2007 tu
2660 1955 2856 2023 potius.
2890 1953 3087 2010 Verum
3134 1955 3276 2010 enim
3331 1955 3469 2010 dixit

1875 2033 2204 2112 Apostolus,
2251 2042 2445 2115 Corpus
2507 2054 2762 2098 mortuum
2809 2055 2882 2098 est
2955 2054 3161 2116 prapter
3210 2054 3469 2116 peccatum

1878 2132 2053 2203 (Rom.
2084 2149 2199 2200 vm,
2231 2133 2332 2203 l0)
2359 2134 2534 2205 :quod
2564 2145 2615 2188 tu
2641 2151 2822 2207 negas.
2843 2136 3009 2191 Deum
3038 2152 3166 2191 vero
3194 2137 3466 2208 quomodo

1877 2240 1982 2278 non
2004 2224 2326 2292 criminaris,
2355 2227 2438 2280 cui
2471 2227 2734 2295 miserias,
2759 2243 2891 2298 quas
2920 2243 3118 2300 negare
3147 2246 3251 2285 non
3283 2238 3458 2302 potes,

1878 2316 2108 2384 imputas
2149 2317 2516 2386 parvulorum,
2546 2321 2749 2375 nullum
2781 2321 3086 2378 habentium
3113 2324 3328 2379 miseria
3372 2324 3465 2380 di-

1874 2424 2036 2477 gnum
2056 2409 2315 2480 originale
2339 2421 2612 2480 peccatum
2633 2413 2654 2445 ¹
2681 2413 2704 2468 ?
2725 2413 2802 2468 Ac
2826 2427 2922 2483 per
2941 2412 3044 2470 hoc
3065 2416 3337 2471 conclusio
3351 2425 3460 2483 tua,

1875 2515 1994 2569 qua:
2023 2499 2416 2557 deformitatem
2457 2502 2611 2559 nobis
2639 2503 2852 2576 ingerit,
2879 2505 3080 2562 nullius
3107 2506 3331 2564 rationis
3359 2523 3448 2564 se-

1874 2591 2056 2660 quitur
2074 2592 2376 2648 veritatem.

1946 2681 2112 2737 XXV.
2137 2682 2256 2738 Jun.
2289 2684 2480 2739 Verum
2531 2685 2658 2756 quid
2713 2703 2812 2744 nos
2842 2699 2948 2744 tam
2976 2689 3184 2762 obstipe
3228 2692 3466 2748 veritatis

1875 2772 2040 2827 solius
2067 2774 2325 2828 rationem
2376 2776 2701 2846 sequendam
2751 2787 2997 2848 putamus
3027 2797 3042 2845 ;
3073 2796 3193 2837 cum
3223 2783 3467 2838 inimico-

1875 2877 1991 2916 rum
2022 2871 2328 2919 nostrorum
2362 2865 2590 2934 phalanx
2623 2867 2752 2938 ipsis
2779 2870 3040 2926 innitatur
3092 2877 3285 2929 rerum
3325 2874 3467 2946 peric

1873 2953 2029 3020 enlis,
2058 2962 2112 3009 et
2140 2955 2377 3024 insurgat
2405 2955 2457 3010 in
2487 2973 2583 3010 nos
2607 2973 2964 3015 aerumnarum
2988 2963 3188 3018 munita
3223 2963 3245 2996 ³
3271 2966 3466 3020 διιπτα-

1872 3043 2008 3114 giis‘l
2036 3044 2158 3100 Vult
2185 3045 2379 3116 quippe
2399 3047 2607 3119 pudore
2646 3047 2910 3118 coeuntis,
2953 3051 3134 3110 dolore
3173 3055 3456 3124 parientis,

1873 3134 2068 3189 sudore
2103 3135 2417 3204 laborantis,
2471 3140 2926 3195 transmissionem
2955 3143 3230 3214 culparum
3262 3155 3316 3201 et
3343 3162 3459 3216 pa:-

1873 3231 2062 3280 κιαι-Ωιι
2090 3227 2143 3280 ίη
2168 3228 2370 3282 semina
2394 3231 2782 3300 comprobare;
2807 3241 2861 3286 ut
2890 3233 2973 3289 his
2990 3233 3239 3290 videlicet
3266 3236 3456 3308 signis,

1873 3317 2166 3372 difficilium
2200 3330 2441 3389 partuum
2467 3363 2482 3390 ,
2510 3323 2859 3392 agricolarum
2913 3326 3238 3392 sudautium,
3286 3339 3340 3386 et
3368 3330 3465 3385 du-

1871 3423 2142 3463 mosorum
2168 3411 2455 3476 novalium,
2485 3413 2688 3468 crimen
2732 3417 2974 3472 naturale
3007 3418 3274 3486 credatur,
3306 3421 3459 3492 cujus

1872 3498 2066 3554 merito
2095 3515 2190 3569 per
2238 3510 2315 3556 tot
2345 3501 2680 3559 incommoda
2706 3520 2876 3576 genus
2910 3519 3223 3565 exerceatur
3267 3511 3460 3567 huma-

1872 3606 2036 3646 num:
2061 3591 2205 3662 quod
2231 3592 2444 3664 quidam
2464 3611 2556 3666 per
2590 3596 2718 3652 Ada:
2762 3608 3059 3668 peccatum,
3091 3603 3319 3658 mortale
3343 3604 3462 3675 epi-

1872 3693 2068 3739 nantur
2095 3684 2360 3742 effectum.
2379 3686 2506 3742 Ideo
2528 3698 2705 3745 autem
2727 3690 2858 3759 dixi,
2891 3693 3138 3762 Quidam,
3159 3696 3280 3766 quia
3311 3697 3460 3766 prin-

1873 3789 1999 3844 ceps
2042 3791 2228 3832 eorum
2269 3777 2596 3849 Augustinus
2626 3781 2726 3836 hoc
2771 3783 2984 3852 quidem
3013 3785 3226 3840 erubuit
3253 3787 3456 3844 dicere.

1874 3866 2114 3938 Denique
2129 3867 2317 3924 scribit
2356 3869 2423 3924 ad
2449 3870 2838 3942 Marcellinum,
2868 3876 3151 3932 mortalem
3177 3861 3346 3933 Adam
3375 3878 3457 3934 fa-

1872 3969 2014 4013 etum
2045 3960 2212 4016 videri
2242 3981 2256 4016 :
2285 3962 2380 4017 sed
2404 3963 2664 4034 elegantia
2703 3965 2859 4022 solita
2889 3967 3088 4036 subdit,
3119 3979 3346 4027 mortem
3363 3973 3463 4029 sti-

1874 4052 2123 4120 pendium
2152 4053 2443 4124 iniquitatis
2465 4053 2629 4111 fuisse
2659 4073 2673 4110 :
2702 4067 2757 4111 et
2807 4074 2967 4127 quem
3011 4059 3205 4116 fatetur
3251 4075 3456 4120 morta-

1873 4140 1996 4196 liter
2020 4143 2317 4198 institutum
2346 4145 2638 4200 secundum
2669 4156 2931 4216 naturam,
2954 4151 3088 4206 mori
3116 4167 3223 4207 non
3249 4156 3453 4224 potuis-

1873 4249 1931 4290 se
1960 4237 2287 4306 pronuntiat.
2323 4237 2432 4294 illa:
2472 4255 2601 4311 ergo
2623 4241 2879 4300 adversus
2904 4261 3022 4314 nos,
3056 4263 3176 4318 qua:
3207 4248 3460 4321 leguntur

1873 4327 1926 4382 in
1977 4327 2195 4395 Genesi,
2236 4331 2516 4386 sententia:
2548 4333 2773 4402 proferri
2813 4337 3007 4405 solent,
3054 4339 3247 4410 quibus
3288 4343 3459 4398 Adam

1873 4428 2032 4489 atque
2073 4420 2182 4474 Eva
2221 4431 2498 4489 vexantur,
2529 4423 2598 4478 de
2637 4425 2830 4494 quibus
2876 4426 3172 4484 disserendi
3220 4430 3330 4501 jam
3381 4443 3464 4487 est

1875 4519 2104 4584 tempus.
2136 4511 2298 4580 Dixit,
2333 4515 2521 4583 inquit,
2555 4515 2800 4570 Dominus
2849 4517 2988 4574 Deus
3039 4523 3300 4594 serpenti:
3331 4522 3463 4590 Quia

1873 4604 2034 4673 fecisti
2063 4605 2179 4671 hoc,
2237 4607 2532 4660 maledictus
2561 4617 2614 4660 tu
2662 4611 2725 4661 ab
2753 4610 2983 4664 omnibus
3011 4615 3295 4683 pecoribus,
3327 4625 3372 4670 et
3398 4618 3462 4671 ab

1874 4695 2102 4750 omnibus
2145 4696 2311 4751 bestiis
2339 4713 2454 4768 qua:
2477 4708 2595 4751 sunt
2648 4715 2803 4770 super
2853 4711 3036 4756 terram
3063 4719 3084 4758 :
3108 4721 3262 4776 super
3291 4718 3463 4780 pectus

1874 4795 1919 4840 et
1945 4796 2161 4841 ventrem
2207 4787 2507 4855 ambulabis,
2533 4799 2578 4843 ct
2623 4799 2809 4845 terram
2855 4793 3201 4853 manducabis
3233 4802 3462 4857 omnibus

1874 4877 2048 4932 diebus
2092 4879 2207 4933 vita
2251 4889 2460 4944 tutr;et
2507 4881 2792 4938 inimicitias
2843 4901 3033 4954 ponam
3059 4889 3189 4945 inter
3212 4901 3325 4946 teet
3352 4911 3464 4949 mu-

1875 4969 2066 5035 lierem,
2095 4977 2140 5024 el
2165 4970 2294 5024 inter
2320 4988 2488 5026 semen
2518 4983 2659 5026 tuum
2701 4984 2748 5029 et
2796 4993 2964 5031 semen
2991 4980 3119 5051 ejus.
3167 4981 3293 5053 Ipsa
3320 4996 3464 5045 tuum

1875 5058 2136 5130 captabit"
2155 5070 2327 5134 caput,
2379 5073 2424 5116 et
2452 5075 2504 5117 tu
2535 5064 2673 5119 illius
2727 5067 2958 5138 captabis
2995 5072 3306 5129 calcaueum.
3338 5076 3394 5132 Μ
3401 5095 3462 5130 u-

1877 5149 1988 5207 lieri
2028 5169 2143 5208 vero
2195 5155 2322 5210 dixit
2354 5171 2373 5210 :
2415 5154 2764 5228 Multiplicans
2826 5161 3171 5234 multiplicabo
3228 5169 3462 5224 tristitias

1875 5252 1986 5299 tuas
2010 5256 2056 5300 et
2091 5247 2330 5318 gemitum
2357 5256 2542 5316 tuum;
2571 5250 2623 5303 in
2675 5252 2879 5307 tristitia
2929 5257 3097 5325 paries
3121 5259 3278 5328 filios,
3312 5271 3357 5313 et
3383 5265 3452 5316 ad

1875 5338 2036 5392 virum
2055 5346 2194 5392 tuum
2217 5339 2474 5394 conversio
2501 5349 2609 5408 tua,
2644 5353 2690 5397 et
2720 5345 2828 5414 ipse
2850 5347 2924 5401 tui
2947 5346 3304 5405 dominabitur.
3336 5354 3464 5408 Atla:

1876 5437 2042 5482 autem
2108 5428 2236 5483 dixit
2264 5445 2283 5484 :
2313 5429 2565 5496 Quoniam
2617 5435 2806 5490 audisti
2853 5454 3018 5492 vocem
3071 5442 3294 5498 mulieris
3339 5454 3457 5512 tua,

1941 5563 1956 5628 ξ
1995 5564 2280 5628 vignierius,
2299 5569 2447 5628 etLAt
2465 5573 2590 5625 Mss,
2614 5581 2745 5628 quos.

1941 5627 1963 5703 ξ
2239 5660 2266 5703 ,_
2277 5626 2467 5703 pullum
2493 5624 2766 5703 habentium
2798 5631 2993 5682 nﬁseria
3011 5632 3211 5698 dignum
3231 5636 3474 5703 ortyt'nats.

1881 5693 2144 5749 ,xrrratum,
2169 5693 2470 5738 restituimur.
2493 5704 2554 5740 ex
2582 5699 2688 5742 MSS.

1945 5752 1962 5780 ³
1996 5751 2066 5798 sic
2087 5755 2194 5798 Mss.
2221 5757 2277 5799 At
2306 5751 2439 5810 editi,
2461 5750 2670 5802 utimica.

1952 5815 1970 5843 ⁸
1987 5813 2123 5874 ωἰιί,
2147 5810 2349 5862 calcabil
2363 5825 2380 5874 ;
2413 5827 2483 5876 rei
2503 5815 2796 5878 ugnautiluts
2819 5823 2922 5868 Mss.
