3994 6466
671 253 750 289 ,χ

1681 339 1756 353 ..ι-4

545 422 688 484 1559

543 547 593 593 ct
618 532 934 591 ntunducasti
975 533 1038 589 de
1062 531 1219 605 ligno,
1246 529 1310 586 de
1348 545 1449 602 quo
1490 540 1830 611 waxeperam
1855 522 1942 579 tibi
1984 521 2046 578 de
2069 540 2127 578 eo

542 627 653 682 solo
683 642 747 681 nc
772 625 1105 680 utariducares
1128 638 1191 678 ea:
1214 638 1293 687 eo,
1343 618 1614 675 maledicta
1643 627 1776 672 terra
1821 616 1878 670 in
1896 614 2129 686 operibus

544 717 646 771 tuis
667 730 688 782 ;
712 715 768 770 in
789 714 994 769 tristitia
1035 710 1364 768 manducabis
1411 726 1522 766 eam
1570 707 1804 764 omnibus
1847 706 2022 760 diebus
2052 704 2125 757 ui-

543 817 612 862 ta:
637 816 778 871 tua;
800 796 1049 876 spinatet
1069 803 1280 858 tribulos
1307 800 1420 856 edet
1458 798 1567 867 tibi,
1593 808 1640 853 et
1676 796 1792 853 cdes
1823 797 1994 867 fenum
2019 793 2135 863 agri

544 892 661 948 tui:
687 892 743 946 in
785 890 971 945 sudore
1010 880 1167 962 faciei
1222 896 1327 942 tua:
1366 886 1482 941 cdes
1532 899 1713 956 panem
1742 934 1745 943 κ
1759 892 1902 937 tuum
1922 924 1938 950 ,
1970 879 2130 935 donec

540 979 849 1038 converteris
893 980 949 1035 in
995 987 1185 1034 (mam
1228 976 1292 1032 de
1336 992 1437 1047 qua
1482 985 1715 1049 suntptus
1761 990 1817 1031 es
1845 988 1862 1037 ;
1892 972 2130 1053 quoniam

543 1080 681 1131 terra
706 1090 780 1143 es,
824 1079 873 1127 et
898 1069 952 1126 in
975 1079 1157 1125 terram
1187 1066 1281 1123 ibi:
1310 1065 1463 1140 (Gen.
1497 1078 1578 1133 tn,
1604 1056 1828 1133 ηοω).
1871 1062 1980 1118 Has
1999 1076 2129 1133 ergo

544 1160 839 1223 sententias
865 1163 932 1218 ad
957 1161 1322 1219 testimonium
1363 1156 1613 1230 ingenitze
1639 1154 1935 1227 iniquitatis
1966 1160 2126 1208 assu-

543 1256 713 1324 mitis,
754 1251 1253 1324 concionaminique
1295 1246 1404 1306 ιιόιι
1434 1249 1597 1304 fuisse
1628 1238 1685 1303 in
1712 1246 1969 1317 pariendo
2002 1245 2018 1277 ⁸
2050 1243 2135 1300 fe-

546 1350 722 1405 minas
749 1344 1146 1415 dolituras,nisi
1172 1343 1244 1399 ad
1255 1356 1350 1400 cas
1361 1357 1481 1398 cum
1503 1348 1722 1411 peccatu
1753 1338 1875 1393 Em
1895 1336 2132 1392 fecundi-

546 1428 674 1498 tatis
699 1440 842 1499 illius
869 1452 1106 1495 azrumua
1125 1435 1422 1492 transisset.
1456 1432 1634 1503 Ipsum
1660 1445 1788 1501 ergo
1814 1428 2130 1499 supplicium

548 1533 709 1590 vultis
751 1547 875 1590 esse
901 1528 1107 1604 peccati
1151 1528 1427 1598 iudicium,
1459 1520 1676 1595 utquod
1702 1522 1870 1594 prima
1901 1519 2132 1576 femina-

546 1642 669 1683 rum
713 1624 909 1681 meruit
958 1605 1055 1694 per
1082 1606 1358 1687 deliclum,
1399 1618 1540 1672 nulla
1561 1628 1775 1686 quoque
1799 1613 1918 1669 sine
1944 1611 2132 1668 eadem

551 1716 800 1774 credatur
828 1713 1108 1785 iniquitate
1127 1711 1351 1767 sentire.
1369 1707 1488 1764 Non
1531 1707 1671 1761 enim
1693 1715 1856 1769 esset,
1887 1702 2130 1774 inquitis,

549 1807 707 1864 dolOr
749 1806 804 1862 in
840 1804 1099 1877 pariente,
1132 1802 1233 1858 nisi
1271 1796 1331 1856 in
1363 1806 1623 1875 nascente
1642 1804 1790 1852 esset
1834 1805 2131 1866 peccatum.

547 1898 644 1956 Ilis
668 1913 795 1969 ergo
814 1911 971 1970 quam
985 1894 1239 1952 attmitus
1250 1906 1544 1956 occurram,
1566 1886 1710 1944 haud
1730 1885 1883 1942 facile
1899 1885 2090 1940 metior
2110 1883 2139 1941 ἵ

548 1996 753 2045 tantum
770 1988 913 2045 enim
952 1986 1289 2043 stimulorum
1316 1983 1559 2039 admovit
1587 1982 1637 2035 in
1666 1980 1766 2035 hoc
1808 1979 1930 2034 loco
1956 1986 2136 2033 vestra

550 2080 753 2152 opinio,
781 2087 839 2135 ut
878 2079 965 2135 vix
989 2076 1177 2150 digner
1219 2076 1287 2132 ad
1320 2074 1667 2132 certationem
1710 2070 1952 2151 moveri;
1984 2070 2137 2143 plura

549 2171 744 2242 quippe
776 2170 830 2226 iu
871 2168 954 2225 his
996 2167 1384 2240 objectionibns
1417 2164 1776 2236 intelligentia:
1800 2169 1925 2218 sunt
1951 2174 2140 2232 pecca-

557 2271 609 2319 ta
638 2277 797 2335 quam
825 2261 1068 2334 syllabae.

624 2357 760 2413 Anc.
814 2353 1100 2412 Erumnas
1142 2351 1354 2423 generis
1406 2348 1634 2406 humani
1656 2346 1948 2419 quamlibet
1975 2343 2135 2402 dicax

551 2460 606 2509 et
634 2451 838 2508 facetus
877 2449 1118 2513 irrideas,
1145 2448 1235 2505 vel
1274 2446 1499 2503 irridere
1530 2454 1581 2500 te
1609 2433 1800 2515 fingas,
1836 2442 1968 2513 ipsae
1998 2448 2049 2497 te
2074 2441 2129 2496 in

550 2543 824 2614 angustias
850 2541 946 2597 bas
988 2538 1331 2611 impulerunt,
1368 2544 1426 2592 ut
1450 2534 1752 2606 paradisum
1786 2532 1906 2601 Dei,
1930 2531 2140 2588 etiamsi

552 2652 712 2693 nemo
740 2641 1041 2705 peccasset,
1060 2644 1416 2688 :emmnosum
1446 2627 1678 2683 futurum
1710 2627 1873 2683 fuisse
1899 2624 2140 2680 affirma-

552 2744 616 2785 re
668 2722 1091 2799 cogaris:un
1141 2723 1186 2779 si
1235 2712 1622 2801 verecundatus
1669 2719 1904 2775 nolueris
1941 2717 2139 2782 facere,

553 2829 614 2879 ut
665 2819 828 2875 fat-ias
866 2827 965 2873 tuo
1010 2816 1259 2889 dngrnate
1304 2810 1786 2886 urgeberis;quod
1816 2809 2007 2882 dogma
2038 2809 2142 2865 nisi

553 2919 828 2965 correctus
853 2906 1143 2980 abieceris,
1171 2905 1301 2960 istas
1327 2904 1628 2975 prementes
1652 2911 1709 2958 et
1732 2901 1786 2957 in
1816 2899 2144 2960 horrendum

553 3000 905 3075 pra-cipitinm
983 2997 1364 3055 contrudentcs
1413 2995 1686 3069 angustias
1736 3010 1845 3051 non
1897 2993 2138 3067 effugies.

554 3093 822 3163 Quau'ilur
846 3091 995 3148 enim
1014 3105 1044 3145 a
1067 3099 1140 3156 te,
1160 3090 1255 3145 has
1278 3103 1566 3155 terumnas,
1602 3078 1736 3159 quas
1762 3094 1819 3143 et
1841 3086 1908 3142 in
1923 3086 2143 3159 majori-

554 3186 657 3243 bus
684 3195 739 3242 et
775 3186 825 3241 in
850 3183 1088 3255 parvulis
1107 3198 1227 3241 esse
1263 3182 1656 3254 conspicimus;
1687 3180 1833 3260 unde
1862 3180 2141 3255 existimes

556 3293 826 3334 emanare.
855 3274 1169 3347 Respondes
1184 3290 1251 3331 ex
1282 3281 1374 3331 tuo
1412 3273 1681 3345 dogmate,
1722 3270 2018 3328 humanum
2044 3287 2141 3344 ge-

554 3383 658 3423 nus
676 3368 755 3425 sic
779 3382 900 3423 esse
917 3365 985 3421 ab
1012 3363 1232 3422 exordio
1260 3363 1345 3422 sui
1372 3362 1649 3437 divinitus~
1689 3361 2012 3418 institutum.
2032 3360 2143 3418 Re-

557 3457 828 3527 ferturque
876 3454 1210 3527 responsioni
1253 3462 1379 3509 tuze.
1408 3453 1553 3524 Ergo
1583 3460 1638 3508 et
1680 3450 1747 3509 in
1766 3450 2021 3523 paradiso
2057 3448 2144 3506 fu-

562 3560 696 3605 tura:
724 3547 953 3616 fuerant,
980 3546 1030 3604 si
1064 3547 1269 3603 nullum
1297 3545 1367 3602 ibi
1394 3554 1671 3617 peccatum
1698 3552 1842 3601 esset
1875 3553 2142 3599 exortum.

558 3642 746 3698 flictu
796 3648 889 3696 aut
937 3654 1189 3714 praeceps.
1223 3638 1345 3704 ibis,
1391 3647 1483 3693 aut
1517 3636 1709 3708 dogma
1757 3635 2007 3709 mutabis,
2052 3643 2148 3694 aut

554 3732 733 3791 {tuante
759 3732 1016 3805 perditus,
1041 3741 1134 3787 aut
1160 3737 1338 3790 mente
1360 3736 1655 3786 correctus.
1696 3726 1801 3783 Aut
1825 3718 1969 3782 enim
2005 3742 2148 3783 ωηι-

555 3841 747 3882 nmosa
771 3824 879 3880 vita
917 3825 1093 3881 locum
1123 3822 1492 3880 famosissima:
1522 3824 1542 3855 ¹
1574 3820 1839 3878 felicitatis
1871 3819 2142 3892 implebis,

556 3906 616 3973 et
636 3931 743 3972 non
769 3915 1009 3972 invenies
1039 3914 1223 3971 oculos
1251 3912 1442 3985 quibus
1466 3910 1881 3984 qualescumque
1904 3909 2147 3981 aspicere

556 4007 757 4062 audeas
797 4006 1168 4072 Christianos;
1197 4013 1290 4061 aut
1315 4005 1368 4061 in
1398 4004 1618 4074 abrupta
1661 4003 2002 4060 liorribiliora
2043 4000 2143 4059 de-

556 4096 755 4172 iectus,
785 4098 974 4153 aliena:
1018 4098 1173 4153 malae
1197 4106 1398 4153 natura
1422 4096 1681 4167 nobisque
1698 4094 1719 4128 ⁸
1745 4095 2021 4167 permixtae
2048 4092 2147 4150 bas

561 4180 830 4246 :crumnas
878 4188 1110 4245 hominis
1145 4187 1472 4258 imputabis,
1502 4196 1558 4243 et
1584 4185 1862 4242 Manicbaei
1915 4194 2144 4241 tartarca

557 4278 916 4358 profunditate
962 4280 1267 4337 sorbebcris
1295 4297 1310 4336 :
1339 4287 1430 4334 aut
1465 4278 1534 4335 de
1580 4288 1768 4333 natura
1796 4277 1974 4332 vitiata
2007 4276 2147 4332 banc

556 4389 918 4431 arumnarum
955 4386 1168 4445 ptenam
1219 4368 1424 4442 judicio
1474 4369 1567 4425 Dei
1617 4368 1883 4440 punientis
1908 4362 2169 4426 existere.

557 4464 945 4534 confiteberis,
998 4472 1054 4521 et
1092 4454 1162 4519 in
1214 4478 1399 4519 auram
1453 4461 1772 4543 catholicam
1827 4460 2140 4530 respirabis.

557 4558 699 4626 Quin
738 4557 899 4613 etiam
945 4553 1100 4622 dicis,
1131 4551 1275 4625 quod
1322 4551 1529 4624 quidam
1557 4568 1715 4624 genus
1743 4551 2027 4604 Ituumnum
2053 4566 2144 4620 per

555 4649 687 4709 Atia:
702 4657 961 4722 peccatum
981 4644 1196 4701 mortale
1241 4645 1519 4717 opinantur
1566 4641 1799 4711 c/fcctum
1827 4658 1849 4697 :
1885 4649 1939 4697 et
1964 4640 2141 4709 addis,

555 4738 680 4799 ideo
709 4745 761 4793 te
788 4737 1007 4803 dixisse,
1042 4734 1284 4804 Quidam,
1313 4735 1431 4805 quia
1457 4749 1547 4806 ego
1577 4732 1811 4804 princeps
1827 4728 2003 4787 eorum
2049 4728 2147 4787 hoc

556 4827 844 4886 erubuerint
868 4826 1035 4880 dicere
1057 4840 1077 4891 ;
1101 4824 1190 4880 sed
1223 4826 1290 4879 ad
1318 4823 1674 4879 Marceflinum
1702 4823 1989 4894 scripserim
2016 4839 2148 4878 mor-

559 4918 710 4973 talem
740 4917 902 4972 Adam
951 4915 1140 4987 facttim
1167 4914 1343 4971 videri.
1391 4914 1491 4984 Qui
1532 4915 1646 4970 lucc
1672 4923 1760 4969 tua
1789 4924 1843 4970 et
1890 4914 1976 4970 illa
2027 4929 2143 4969 mea

558 5007 806 5079 legerunt
834 5007 916 5061 vel
937 5005 960 5038 ⁸
985 5006 1190 5077 legunt,
1210 5005 1256 5063 si
1291 5004 1560 5077 Pelagiani
1585 5019 1690 5060 non
1722 5013 1872 5072 sunt,
1902 5003 2144 5076 profecto

556 5097 741 5154 vident
766 5095 1216 5167 quemadmodum
1261 5093 1439 5168 lingua
1466 5102 1553 5150 tua
1580 5093 1826 5166 amplexa
1855 5095 1925 5151 sit
1952 5093 2146 5151 doloSi-

560 5199 743 5244 tatem.
785 5182 1063 5259 Nunquam
1106 5186 1248 5242 enim
1277 5201 1377 5260 ego
1402 5185 1566 5251 sensi,
1611 5201 1880 5256 nunquam
1909 5186 2131 5242 omnino

556 5281 691 5349 dixi,
714 5281 852 5335 sicut
878 5295 973 5335 vos
1019 5277 1216 5348 dicitis,
1264 5278 1543 5335 mortalem
1578 5277 1749 5334 Adam
1796 5276 2014 5341 factum.
2049 5277 2144 5348 qui

556 5377 671 5435 sive
686 5382 950 5447 peccaret,
963 5372 1077 5429 sive
1097 5386 1204 5428 non
1227 5381 1493 5444 peccaret,
1524 5373 1812 5427 moriturus
1831 5381 1995 5428 esset.
2021 5370 2145 5428 llaec

618 5559 640 5626 ξ
670 5557 750 5626 Sis.
764 5561 871 5626 tisa-
891 5553 1015 5626 ελιίιὶ
1032 5548 1293 5626 autem!»
1308 5540 1615 5626 ραναςιῦοεμ
1649 5554 1715 5626 .-ζ

615 5621 646 5655 ι
672 5617 813 5676 aditi.
839 5614 1191 5681 Ῑιιῃιοώδίιιιῳ.
1219 5614 1520 5677 mulgentur
1552 5623 1631 5681 ex,
1649 5616 1760 5661 uss.

616 5683 639 5714 ⁸
674 5671 1197 5751 ιίειιξὼιὶειιφριιᾳμε
1215 5671 1404 5728 natuita
1422 5672 1712 5740 perlitatae;
1747 5674 1924 5725 omisso
1942 5708 1958 5735 ,
1980 5671 2138 5725 nobis-

552 5754 664 5917 Ξῖ
672 5740 825 5869 333.1,
847 5747 1010 5856 ῗῖῗιίῖξ
1029 5745 1338 5866 legunt.
1380 5805 1447 5852 lx
1469 5804 1576 5851 Mss.
1604 5797 1868 5849 addidimus
1884 5832 1899 5859 ,
1924 5796 2139 5863 legerunt

1211 417 1458 476 OPEBIS
1495 413 1910 474 IMPERFECTI
1946 411 2220 470 comm
2261 408 2622 482 JULIANUM,
2661 413 2719 472 S.
2761 411 3128 472 AUGUSTINI

2187 5586 2196 5623 l

3674 414 3810 478 ιδσο

2240 539 2459 594 prorsus
2477 525 2636 582 verba
2651 524 2859 597 objecta
2888 534 3013 583 sunt
3037 524 3288 584 Celestio
3307 524 3361 584 in
3372 523 3817 601 episcopalijudi-

2237 612 2324 670 cio
2374 615 2799 687 Carthaginensi.
2853 618 2976 673 Ilmc
3025 614 3233 690 obiecta
3296 626 3423 674 sunt
3479 628 3536 676 et
3605 616 3824 692 Pelagio

2239 702 2290 761 in
2341 705 2628 785 episcOpali
2663 704 2866 779 iudicio
2921 708 3203 767 Palmstino
3228 707 3249 783 (
3273 705 3352 766 De
3380 706 3545 767 Gesti:
3593 706 3822 784 Pelagii,

2238 815 2327 853 nn.
2347 798 2438 864 25,
2471 796 2570 867 60,
2589 808 2636 854 et
2680 801 2745 855 de
2786 798 3003 857 Peccato
3052 799 3326 874 Originali,
3350 819 3440 857 nn.
3466 803 3522 868 ὅ,
3553 802 3588 860 4
3613 801 3660 875 ).
3689 803 3814 861 Πσὲα

2237 889 2433 962 quippe
2467 890 2535 967 de
2576 888 2677 949 hac
2723 907 2785 949 re
2812 893 2952 949 inter
2994 909 3093 950 nos
3116 903 3172 950 et
3192 906 3289 950 vos
3317 896 3545 952 vertitur
3569 898 3819 967 quaestio,

2237 992 2413 1037 utrum
2432 980 2621 1048 Adam,
2649 982 2766 1039 sive
2795 993 3059 1055 peccaret,
3076 985 3192 1042 sive
3216 1001 3323 1042 non
3363 995 3632 1058 peccaret,
3662 987 3824 1044 ιιιοιιὶε

2206 1081 2388 1129 .turus
2416 1084 2576 1130 esset.
2607 1071 2740 1130 Nam
2786 1073 2908 1146 quis
2955 1076 3183 1146 ignorat,
3225 1076 3349 1148 quia
3399 1077 3696 1134 secundum
3727 1078 3821 1134 de-

2239 1165 2557 1232 finitionem,
2592 1181 2698 1237 qua
2728 1164 3044 1223 immortalis
3067 1158 3263 1224 dicitur
3289 1168 3379 1225 ille
3402 1169 3497 1241 qui
3513 1186 3621 1225 non
3645 1178 3824 1241 potest

2237 1255 2398 1324 mori,
2439 1256 2682 1312 mortalis
2705 1266 2883 1312 autem
2928 1257 3019 1328 qui
3047 1268 3225 1329 potest
3266 1259 3427 1327 mori,
3454 1259 3628 1315 Adam
3656 1259 3826 1330 potuit

2238 1346 2396 1412 mori,
2424 1346 2547 1418 quia
2574 1347 2743 1418 potuit
2787 1363 3010 1419 peccare
3035 1365 3058 1417 ;
3080 1357 3136 1405 et
3160 1347 3283 1407 ideo
3309 1349 3446 1406 mori
3472 1350 3668 1407 merito
3711 1350 3824 1407 cul-

2238 1451 2352 1508 pae,
2388 1452 2497 1493 non
2542 1437 2861 1495 necessitate
2888 1439 3139 1496 natum?
3166 1439 3474 1496 Secundum
3522 1439 3675 1497 illam
3702 1456 3825 1498 vero

2238 1528 2627 1600 definitionem,
2644 1548 2746 1605 qua
2775 1543 2832 1590 et
2872 1532 2964 1590 ille
2994 1531 3311 1591 immortalis
3336 1534 3533 1591 dicitur
3560 1533 3721 1606 cujus
3747 1544 3827 1591 est

2240 1621 2292 1677 in
2324 1630 2584 1693 potestate
2604 1638 2709 1678 non
2739 1623 2899 1692 mon”,
2943 1624 3062 1695 quis
3089 1632 3248 1697 neget
3289 1624 3466 1680 Adam
3492 1640 3615 1681 esse
3642 1624 3825 1680 condi-

2241 1721 2352 1768 tmn
2375 1712 2532 1785 huius
2556 1714 2830 1785 potestatis
2849 1712 2881 1769 Y
2904 1715 3169 1785 Quoniam
3191 1715 3280 1787 qui
3323 1714 3554 1772 habebat
3589 1725 3826 1787 putesn-

2242 1813 2350 1860 tem
2375 1819 2643 1875 nunquam
2669 1804 2948 1874 peccandi,
2980 1804 3223 1876 profecto
3251 1804 3484 1861 habebat
3506 1813 3827 1876 potestatem

2241 1913 2510 1968 nunquam
2553 1896 2835 1953 moriendi.
2890 1896 3025 1953 Illud
3053 1913 3182 1973 ergo
3228 1907 3311 1954 est
3339 1897 3481 1969 quod
3506 1905 3699 1954 contra
3724 1913 3819 1955 vos

2240 1987 2452 2053 dicitur,
2478 1988 2581 2044 hoc
2618 1987 2808 2061 dogma
2838 1998 3099 2056 vestrum,
3125 2004 3228 2060 quo
3252 1990 3450 2060 putatis
3489 1989 3685 2056 Adam,
3718 1992 3829 2045 sive

2242 2087 2507 2149 peccaret,
2531 2080 2644 2136 sive
2665 2095 2774 2135 non
2799 2079 3255 2151 peccaret,.fuisse
3279 2082 3630 2147 moriturum,
3652 2082 3826 2137 omni-

2242 2184 2456 2225 uoesse
2481 2169 2846 2226 lal‘sissimum.
2896 2171 3026 2239 Quae
3070 2188 3193 2229 cum
3248 2173 3323 2229 ita
3355 2173 3487 2240 sint,
3540 2187 3650 2244 quo
3676 2182 3827 2243 pacto

2242 2275 2343 2332 ego
2370 2260 2626 2329 dicerem,
2649 2261 2789 2334 quod
2820 2279 2906 2318 me
2928 2263 3127 2320 dixisse
3144 2264 3409 2329 mentiris,
3441 2264 3613 2319 Adam
3641 2278 3830 2320 secun—

2243 2348 2630 2407 dumnaturam
2658 2353 2954 2409 mortaliter
2998 2353 3316 2418 institutum,
3347 2354 3499 2426 quasi
3549 2364 3829 2426 urgeretur

2242 2444 2566 2498 necessitate
2609 2443 2903 2509 moriendi;
2941 2458 3064 2500 eum
3112 2445 3164 2498 in
3197 2452 3424 2500 mortem
3473 2445 3575 2500 nisi
3617 2454 3829 2517 propter

2243 2532 2518 2605 peccatum
2561 2550 2667 2590 ιιοιι
2698 2535 2719 2568 ¹
2761 2546 2942 2607 posset
2991 2537 3211 2608 urgeri?
3237 2536 3345 2594 Aut
3390 2538 3660 2609 quomodo
3709 2553 3828 2595 eum

2243 2629 2379 2683 mori
2406 2642 2510 2682 non
2539 2629 2778 2699 potuisse
2825 2630 3131 2700 pronuntio,
3181 2644 3304 2686 cum
3352 2646 3475 2689 esse
3520 2635 3829 2688 mortuum'

2245 2719 2411 2774 sciam
2436 2735 2451 2782 ;
2475 2727 2531 2775 et
2552 2718 2733 2789 utique
2761 2719 2806 2774 si
2833 2721 2969 2776 mori
2996 2735 3102 2776 non
3149 2721 3430 2792 potuisset,
3462 2731 3706 2778 mortuus
3725 2737 3828 2780 non

2244 2812 2430 2868 esset?
2451 2811 2556 2868 Sed
2574 2808 2729 2884 plane
2755 2812 2902 2867 illum
2931 2829 3037 2868 non
3061 2814 3197 2869 mori
3246 2813 3484 2886 potuisse
3521 2814 3825 2886 pronuntio.

2244 2901 2403 2960 Aliud
2443 2910 2527 2959 est
2555 2912 2732 2959 autem
2782 2919 2888 2959 non
2951 2919 3109 2976 posse
3157 2904 3317 2972 mori,
3355 2903 3502 2960 aliud
3534 2898 3694 2977 poSse
3722 2920 3827 2961 non

2245 2994 2387 3051 mari
2413 3012 2431 3052 :
2461 2994 2589 3051 illud
2627 2996 2844 3067 majoris
2863 3006 2944 3052 est
2971 2997 3405 3064 immortalitatis,
3436 2996 3543 3054 hoc
3590 2998 3825 3054 minoris.

2244 3087 2301 3144 Si
2317 3086 2424 3145 duo
2445 3088 2546 3145 ista
2564 3087 2848 3154 discernis,
2897 3087 3106 3159 etquod
3135 3103 3232 3144 vos
3263 3086 3526 3145 de’Adam
3548 3087 3745 3153 dicitis,
3774 3099 3825 3144 et

2246 3181 2387 3252 quod
2418 3197 2518 3239 nos
2545 3190 2733 3238 contra
2762 3196 2856 3237 vos
2881 3181 3126 3248 dicimus,
3156 3180 3355 3237 cernis.
3383 3180 3494 3237 Vos
3533 3181 3685 3238 enim
3701 3181 3830 3238 dici-

2253 3277 2343 3342 tis,
2367 3276 2490 3332 Sive
2512 3283 2787 3346 peccaret,
2803 3273 2916 3331 sive
2935 3290 3039 3328 non
3061 3284 3328 3345 peccaret,
3342 3275 3634 3329 moriturus
3650 3284 3826 3330 esset:

2248 3384 2346 3423 nos
2371 3377 2549 3423 autem
2573 3367 2823 3433 dicimus,
2866 3365 3129 3435 Quamdiu
3169 3379 3277 3421 non
3319 3374 3589 3436 peccaret,
3606 3366 3827 3421 moritu-

2247 3474 2344 3514 rus
2369 3473 2474 3513 non
2511 3467 2696 3525 esset;
2733 3464 2789 3513 et
2821 3456 2867 3512 si
2917 3471 3189 3527 nunquam
3241 3464 3537 3527 peccasset,
3589 3465 3827 3514 mortuus

2251 3565 2356 3605 non
2375 3557 2543 3605 esset.
2574 3547 2774 3605 Deinde
2824 3561 3218 3605 commemoras
3257 3561 3377 3617 qua:
3418 3554 3606 3602 contra
3641 3561 3737 3601 vos
3762 3547 3828 3602 de

2248 3638 2444 3696 Genesi
2468 3637 2832 3704 dicisoleant;
2864 3648 2918 3694 et
2945 3637 3012 3693 de
3046 3630 3231 3693 dolore
3248 3636 3524 3707 parientis,
3547 3652 3652 3708 qua
3678 3651 3828 3707 piens

2249 3732 2397 3804 prior
2419 3730 2525 3786 Eva
2551 3730 2735 3801 punita
2762 3738 2863 3796 est,
2911 3728 3047 3785 dicis
3072 3728 3289 3800 aliquid,
3328 3727 3478 3798 quod
3512 3743 3612 3785 nos
3658 3728 3830 3785 dicere

2248 3824 2331 3881 vis
2356 3825 2551 3895 putari,
2581 3823 2663 3879 vel
2707 3832 2881 3896 putas.
2911 3821 3030 3879 Non
3068 3822 3213 3878 enim
3249 3821 3496 3887 dicimus,
3537 3836 3643 3877 non
3669 3819 3830 3877 fuisse

2251 3917 2303 3975 in
2333 3918 2589 3989 pariendo
2618 3915 2841 3973 feminas
2861 3915 3141 3984 doliturus,
3187 3914 3289 3969 nisi
3329 3913 3397 3969 ad
3442 3928 3537 3970 eas
3564 3929 3686 3970 cum
3716 3927 3829 3986 pec-

2250 4017 2370 4066 cato
2389 4008 2515 4065 Eva:
2541 4008 2877 4065 fecunditatis
2899 4007 3039 4062 illius
3079 3998 3316 4063 :cruinua
3365 4006 3684 4062 transisset:
3712 4021 3829 4062 cum

2248 4100 2316 4157 ad
2381 4116 2475 4157 eas
2524 4115 2628 4157 non
2671 4098 3008 4156 fecunditatis
3039 4140 3064 4167 ,
3100 4099 3194 4156 sed
3249 4099 3544 4171 iniquitatis
3587 4114 3825 4155 :erumna

2251 4193 2523 4249 transierit
2547 4192 2589 4247 ³.
2613 4191 2727 4248 Etsi
2766 4192 2912 4248 enim
2943 4190 3077 4247 facta
3125 4200 3211 4248 est
3265 4206 3567 4247 :crumnosa
3600 4189 3831 4246 fecundi-

2251 4293 2332 4341 tas
2359 4303 2374 4353 ;
2401 4285 2652 4357 iniquitas
2683 4326 2700 4353 ,
2754 4301 2861 4340 ιιοιι
2906 4282 3200 4341 fecunditas
3248 4283 3351 4339 hoc
3400 4284 3523 4339 fecit
3555 4296 3829 4338 :mrumna

2250 4379 2447 4449 quippe
2506 4376 2761 4448 parientis
2794 4392 2858 4432 ex
2905 4375 3182 4447 iniquitate
3232 4374 3495 4445 hominis,
3540 4373 3831 4431 fecunditas

2249 4477 2427 4524 autem
2474 4482 2543 4525 ex
2584 4467 2677 4523 Dei
2708 4466 3079 4524 benedictione
3115 4466 3413 4523 descendit.
3469 4467 3578 4522 Aut
3614 4466 3666 4524 si
3694 4482 3829 4522 atru-

2250 4575 2428 4614 mnam
2459 4557 2797 4615 fecunditatis
2822 4573 2928 4613 ιιοιι
2956 4559 3033 4613 sic
3081 4557 3302 4629 intelligi
3328 4556 3830 4627 voluisti,tanquam

2249 4666 2367 4706 eam
2398 4650 2696 4707 fecunditas
2725 4650 2929 4717 fecerit,
2954 4648 3051 4705 sed
3068 4649 3337 4719 acceperit
3359 4666 3373 4711 ;
3403 4648 3523 4704 lucc
3548 4656 3826 4704 estnostra

2248 4743 2533 4800 sententia.
2560 4742 2757 4798 Verum
2788 4757 2887 4797 nos
2919 4757 3026 4797 non
3047 4742 3276 4799 dicimus
3304 4742 3469 4797 etiam
3505 4741 3559 4795 in
3588 4739 3826 4811 paradiso

2251 4825 2523 4907 parientes
2548 4834 2771 4891 feminas
2806 4834 2969 4890 fuisse
2999 4834 3258 4890 doliturus
3285 4848 3303 4886 :
3333 4834 3443 4888 imo
3485 4832 3610 4887 inde
3634 4831 3829 4901 colligio

2252 4942 2373 4982 lllllS
2412 4927 2556 4983 hunc
2591 4926 2831 4983 dolorem
2868 4943 3079 4998 pcenam
3109 4941 3231 4985 esse
3279 4924 3508 4997 peccati,
3537 4925 3654 4998 quia
3680 4925 3730 4980 in
3767 4939 3833 4980 eo

2251 5019 2371 5075 loco
2397 5034 2501 5075 non
2524 5018 2733 5087 fuisset,
2753 5019 2842 5075 ubi
2864 5036 2970 5075 non
3018 5019 3324 5076 sinerentur
3351 5034 3573 5075 manere
3600 5019 3832 5090 quicxuu—

2247 5126 2353 5183 quc
2380 5119 2722 5183 peccassent:
2741 5111 2960 5183 quodtu
2986 5111 3221 5167 refutare
3257 5125 3364 5165 non
3387 5109 3599 5176 niteris,
3622 5108 3717 5164 nisi
3738 5109 3831 5163 θυι

2251 5203 2575 5272 paradisum,
2602 5218 2761 5258 manu
2809 5202 2968 5258 fronti
3017 5207 3262 5273 opposita
3290 5209 3345 5256 et
3390 5198 3565 5257 oculis
3617 5198 3829 5261 clausis,

2251 5311 2355 5351 non
2392 5296 2566 5353 solum
2608 5294 2917 5351 libidinibus
2953 5294 3256 5360 hominum,
3286 5306 3470 5348 verum
3518 5290 3677 5346 etiam
3709 5303 3831 5343 cru-

2249 5386 2476 5443 ciatibus
2514 5384 2741 5458 implere
2786 5384 3016 5456 cogaris.
3045 5382 3150 5441 Sed
3189 5381 3314 5454 quid
3363 5379 3597 5437 mirum?
3624 5376 3832 5451 quando

2314 5545 2330 5577 ¹
2367 5545 2450 5596 uie
2484 5550 2751 5609 negantem
2793 5542 3076 5608 particulam
3136 5540 3422 5592 auctoritate
3480 5547 3586 5591 uss.
3630 5534 3829 5601 supple~

2249 5618 2439 5733 ...ἔξω
2584 5673 2636 5718 ιιι
2658 5667 2818 5733 tigna
2839 5665 3140 5733 proriturtan,

2295 5731 2338 5801 ,ἒ
2361 5731 2652 5801 Emeruit
2669 5722 2891 5801 ίιιῖειὲἓικ
2906 5730 3012 5779 Im
3037 5730 3187 5801 verba
3203 5763 3221 5789 ν
3368 5725 3435 5801 σει
3450 5737 3534 5801 es!
3552 5722 3833 5801 φείεξξῖξο
3868 5742 3885 5788 ι

2251 5789 2556 5904 ῗὲἑιιέῲκά
2578 5788 2839 5858 iniquitatis
2863 5804 3080 5845 teruntur:
3111 5787 3370 5843 transierit.
3394 5792 3590 5863 Exstant
3606 5787 3834 5837 inolenti-
3868 5802 3878 5854 ς
