3994 6474
248 491 471 560 implere
518 487 598 543 vis
655 484 846 542 illum'
906 482 1266 540 memorabilis
1317 480 1583 538 felicitatis
1651 480 1827 535 locum

246 583 408 637 etiam
424 577 992 641 mortibushomintttn,
1014 592 1237 646 quarunt
1267 574 1381 629 sine
1418 573 1597 641 aliquo
1624 585 1820 640 corpo-

246 670 323 725 ris
367 672 624 737 crttciattt,
649 672 728 725 vel
776 669 1044 731 nulla.vel
1101 681 1233 737 pene
1277 666 1417 719 nulla
1445 663 1725 733 contingit.
1758 660 1825 716 Et

203 810 207 814 .
246 777 365 815 cmn
397 760 510 815 hmc
538 772 778 832 portenta
807 770 857 815 te
888 760 1064 814 dicere
1098 768 1241 812 tuum
1283 755 1473 825 dogma
1503 753 1826 823 compellat;

244 854 474 922 eos,qni
499 853 612 908 lucc
657 851 793 908 absit
824 863 878 906 ιιι
904 851 1104 915 dicant,
1149 848 1268 919 quia
1320 847 1447 901 illud
1488 845 1662 917 potius
1690 843 1825 897 anti‘

243 946 457 1015 quitus‘
491 944 742 1000 Ecclesim
795 944 887 998 Dei
927 943 1173 996 traditum
1218 948 1418 1004 tettenl,
1451 937 1589 991 unde
1632 935 1831 990 dictum

243 1047 348 1099 est,
374 1039 417 1090 Α
470 1037 679 1091 muliere
715 1036 912 1089 initium
962 1027 1151 1103 factum
1179 1041 1247 1085 cst
1296 1029 1506 1100 peccati,
1537 1038 1583 1081 et
1630 1036 1831 1111 propter

242 1129 392 1181 illum
420 1128 660 1182 morimur
702 1130 915 1193 omnes(
947 1124 1107 1178 Ιείιϊιὶ.
1138 1138 1272 1189 xxv,
1324 1122 1394 1176 35
1419 1120 1473 1189 );
1498 1118 1662 1173 audes
1683 1118 1831 1172 insu-

243 1235 343 1289 per
391 1220 628 1287 irridere,
686 1234 976 1289 eorumque
1040 1232 1125 1273 me
1178 1215 1468 1287 principem
1519 1212 1834 1267 insultanter

240 1314 482 1381 appellas
519 1323 706 1367 eontra
755 1312 1031 1366 scientiam
1088 1318 1143 1365 et
1205 1305 1585 1362 conscientiam
1656 1314 1820 1358 tuam.

239 1403 401 1458 Nullo
431 1403 591 1458 modo
618 1402 1096 1473 namqueignoras,
1127 1410 1253 1470 quot
1278 1407 1330 1452 ct
1358 1396 1538 1467 quanti
1574 1397 1623 1448 in
1646 1394 1832 1448 Eccle-

240 1498 327 1553 sia
371 1498 514 1552 docti
574 1496 929 1566 ECClcleL‘tlllc
967 1494 1214 1549 doctores
1253 1501 1379 1546 ante
1433 1504 1532 1544 nos
1575 1487 1828 1553 dixerint,

240 1591 585 1646 sicnaturant
632 1588 862 1643 hominis
896 1587 1148 1641 divinitus
1196 1584 1515 1645 institutam,
1546 1590 1603 1635 ut
1643 1580 1687 1633 si
1721 1593 1825 1633 non

240 1689 539 1750 peccasset,
570 1678 862 1733 moriturus
894 1692 994 1732 non
1024 1684 1184 1730 esset.
1222 1674 1417 1729 llornm
1447 1686 1573 1757 ergo
1600 1682 1828 1740 quomo-

236 1771 315 1825 do
342 1772 588 1841 princeps
611 1785 792 1834 vocor,
831 1783 965 1839 quos
1004 1782 1107 1821 non
1138 1765 1296 1830 duco,
1337 1764 1431 1819 sed
1475 1777 1672 1832 sequor
1700 1761 1723 1813 ?
1751 1760 1829 1815 Te

236 1870 551 1915 autemnon
583 1860 703 1914 dico
742 1874 861 1913 esse
899 1856 1190 1928 principem
1232 1870 1422 1910 eorum
1460 1854 1547 1923 qui
1583 1858 1829 1907 asserunt

234 1950 322 2006 sic
352 1950 521 2005 Adam
554 1950 832 2005 mortalem
880 1949 1096 2014 factum,
1131 1956 1188 2001 ut
1226 1945 1339 2001 sive
1393 1952 1658 2014 peccaret,
1710 1943 1825 1998 sive

234 2059 349 2097 non
380 2052 644 2113 peccaret,
674 2043 961 2096 moriturus
990 2049 1154 2106 esset,
1186 2048 1343 2109 atque
1369 2038 1439 2093 ita
1470 2036 1491 2068 ³
1522 2035 1825 2105 paradisum

234 2145 447 2191 sanctte
488 2134 796 2204 voluptatis,
835 2133 923 2187 uhi
971 2142 1113 2186 tanta
1158 2130 1369 2200 requies
1395 2127 1585 2182 unione
1617 2135 1669 2180 et
1704 2141 1827 2179 eor-

234 2227 388 2294 poris
405 2237 537 2291 erat,
571 2225 907 2279 morientium
925 2220 1269 2284 cruciatibus,
1320 2228 1651 2273 mortuorum
1678 2216 1829 2270 func-

234 2316 389 2370 ribus
413 2356 428 2381 ,
464 2304 753 2385 lugentium
782 2312 1098 2369 mmrorihus
1141 2310 1362 2381 implere
1404 2317 1684 2363 conantur.
1713 2307 1827 2361 Non

232 2421 299 2462 es
338 2416 393 2459 tu
440 2421 625 2461 eormn
677 2405 923 2475 princeps
961 2420 973 2455 :
1004 2402 1247 2471 Pelagius
1284 2409 1339 2454 et
1383 2398 1663 2454 Caelestius
1690 2439 1705 2462 ,
1738 2400 1827 2466 qui

234 2498 451 2568 priores
476 2497 575 2552 ista
601 2496 870 2563 dixerunt,
901 2504 1082 2550 tenent
1126 2494 1285 2563 hujus
1323 2491 1534 2547 nefandi
1565 2490 1828 2560 dogmatis

234 2590 778 2659 principatutn;quos
819 2588 1039 2652 utinam,
1070 2587 1208 2641 sicut
1265 2598 1370 2639 non
1426 2582 1597 2649 ducis,
1639 2581 1708 2635 ita
1729 2594 1828 2635 nec

231 2680 546 2750 sequereris
570 2680 583 2732 !

305 2770 503 2826 XXVI.
533 2770 652 2826 lue.
694 2768 804 2825 lloe
831 2768 971 2825 enim
1003 2769 1172 2838 ipsmn
1217 2782 1374 2837 quam
1418 2764 1659 2819 insanum
1703 2769 1784 2816 est
1809 2803 1823 2827 ,

231 2862 381 2932 quod
415 2861 614 2927 dicitis,
645 2860 816 2930 primo
856 2860 1095 2915 dolorem
1138 2856 1372 2927 pariendi
1416 2855 1663 2910 Comitem
1707 2867 1827 2909 esse

232 2956 477 3026 peccati,
505 2971 625 3010 cum
672 2954 740 3008 ita
788 2954 1062 3023 perspicue
1090 2951 1157 3005 ad
1200 2964 1423 3005 sexuum
1465 2946 1824 3002 conditionem

231 3047 445 3116 magis,
496 3060 653 3116 quam
693 3044 759 3098 ad
815 3042 1096 3097 criminum
1142 3040 1388 3109 respiciat
1431 3038 1683 3092 ultionem
1711 3075 1726 3101 ,
1769 3043 1827 3089 ut

229 3141 417 3194 omnia
444 3138 689 3192 animalia
719 3136 865 3190 nullo
894 3134 1149 3189 maculata
1181 3140 1415 3202 peccato,
1451 3130 1546 3185 hos
1575 3142 1822 3198 angores,

228 3232 336 3287 hos
376 3231 610 3303 gemitus
637 3230 691 3283 in
721 3227 1068 3299 parturitione
1098 3224 1394 3295 patiantur?
1424 3223 1523 3277 Per
1551 3220 1691 3291 quod
1729 3236 1824 3289 ap-

232 3336 415 3396 paret,
461 3332 830 3395 argumentum
865 3337 969 3376 non
999 3334 1119 3375 esse
1148 3317 1386 3388 peccati,
1419 3315 1559 3386 quod
1601 3313 1825 3369 inveniri

228 3419 403 3473 etiam
433 3419 553 3472 sine
583 3424 801 3487 peccato
826 3422 1017 3484 potest.
1048 3410 1245 3466 Deinde
1274 3414 1645 3479 promoventes
1669 3405 1827 3460 aﬁ'er-

229 3512 304 3566 tis
344 3510 515 3575 aliud,
541 3501 710 3564 multo
751 3507 1159 3578 ineptissimum.
1185 3504 1301 3560 Non
1345 3502 1571 3568 doleret,
1612 3500 1821 3571 inquis,

228 3603 461 3669 femina,
500 3601 605 3658 nisi
649 3609 791 3657 esset
833 3599 1115 3655 criminum
1145 3598 1428 3668 particeps.
1457 3595 1653 3651 Verum
1685 3592 1826 3648 illico

227 3695 472 3751 subditis
489 3735 505 3761 ,
531 3693 637 3750 Sed
669 3692 769 3749 hoc
796 3701 1069 3763 peccatum
1091 3733 1106 3757 ,
1138 3700 1354 3761 propter
1378 3688 1519 3759 quod
1545 3687 1687 3743 dolet
1709 3702 1827 3742 mu-

228 3788 354 3853 lier,
389 3802 499 3841 non
529 3785 580 3839 in
607 3784 867 3855 pariente,
897 3791 1146 3838 cancrum
1176 3782 1227 3836 in
1256 3789 1505 3836 nascente
1528 3780 1827 3851 deprehen-

227 3880 401 3934 ditur.
423 3877 559 3933 Nam
588 3876 708 3932 ideo
747 3884 801 3932 et
836 3875 1115 3947 baptizata:
1146 3873 1396 3928 mulieres
1424 3913 1438 3938 ,
1475 3872 1657 3927 libera:
1682 3912 1698 3937 ,
1724 3872 1824 3937 ais,

228 3972 445 4041 agitant
473 3986 503 4023 a
532 3978 749 4039 peccato
770 3967 825 4033 ις
856 3966 951 4023 sed
979 3980 1076 4036 pro
1103 3965 1329 4019 ﬁliorum
1365 3963 1660 4033 iniquitate,
1691 3978 1826 4032 quos

229 4062 428 4128 edunt,
454 4059 786 4115 fecunditatis
809 4073 919 4113 sua:
944 4054 1339 4110 difﬁcultatibus
1361 4052 1682 4124 afﬂiguntur.
1712 4052 1825 4118 Qua

228 4152 494 4224 opinione
521 4150 705 4205 tradux
747 4147 951 4220 peccati
981 4162 1084 4201 non
1125 4146 1236 4215 jam
1260 4160 1289 4199 a
1316 4154 1483 4199 matre
1510 4143 1743 4199 decurrit
1773 4144 1825 4197 in

228 4244 502 4306 sobolem,
534 4240 627 4296 sed
660 4242 711 4294 in
743 4248 988 4310 parentes
1012 4252 1042 4291 a
1071 4244 1321 4291 nascente
1348 4235 1661 4291 refunditur.
1689 4234 1822 4289 Nam

227 4335 277 4390 si
303 4333 432 4389 ideo
457 4331 648 4387 mulier
670 4330 930 4401 baptizata
957 4328 1117 4383 sentit
1140 4326 1354 4382 dolores
1373 4367 1389 4391 ,
1424 4325 1547 4396 quia
1581 4325 1829 4395 iniquita-

229 4435 315 4479 tes
342 4422 689 4478 inveniuntur
710 4421 759 4475 in
786 4418 1040 4490 parvulo;
1068 4418 1253 4487 supina
1277 4416 1459 4485 incipit
1481 4415 1666 4471 tradux
1683 4430 1823 4485 esse,

227 4533 345 4572 non
375 4529 569 4585 prona.
599 4514 669 4569 At
690 4513 712 4548 '
746 4528 852 4568 non
884 4512 1005 4566 ideo
1025 4510 1312 4576 cruciatur,
1345 4509 1466 4580 quia
1496 4509 1825 4580 iniquitatem

227 4610 381 4663 ﬁlius
411 4607 607 4662 habet:
631 4604 726 4662 sed
753 4604 875 4659 ideo
902 4604 1024 4674 quia
1052 4618 1171 4657 eam
1198 4616 1381 4656 secum
1414 4601 1547 4670 ipsa,
1576 4615 1697 4654 eum
1727 4615 1823 4654 na-

226 4709 501 4765 sceretur,
532 4697 837 4753 advexerat.
869 4695 1068 4751 Verum
1099 4696 1198 4748 hoc
1228 4692 1423 4747 malum
1465 4692 1729 4747 sublatura
1755 4693 1823 4747 ab

226 4810 291 4847 ea
318 4807 420 4862 per
444 4791 668 4861 gratiam
698 4788 908 4842 dixeras
933 4804 945 4838 :
968 4785 1015 4841 si
1045 4799 1170 4855 ergo
1200 4790 1420 4853 peccato
1447 4782 1605 4837 dolor
1646 4792 1824 4851 partu-

227 4887 428 4942 rientis
459 4883 763 4939 adluerebat
785 4923 801 4944 ,
833 4881 1031 4937 amotio
1062 4880 1261 4949 peccati
1305 4877 1565 4933 cruciatui
1594 4877 1825 4947 parturi-

229 4978 447 5031 tionum
474 4974 659 5029 debuit
699 4971 922 5027 mederi.
951 4973 1057 5025 Aut
1082 4970 1125 5023 si
1157 4970 1420 5025 cruciatus
1450 4967 1536 5023 hie
1578 4969 1693 5023 sine
1722 4968 1821 5023 ini-

224 5072 439 5141 quitate
464 5083 582 5123 esse
608 5083 711 5121 non
739 5075 949 5137 potest,
980 5064 1071 5135 qui
1097 5074 1273 5119 tamen
1303 5072 1421 5133 post
1462 5063 1733 5133 Baptisma
1764 5064 1817 5119 in

225 5161 451 5218 feminis
477 5158 775 5223 invenitur;
806 5156 1053 5228 iniquitas
1082 5171 1292 5227 quoque
1318 5155 1397 5211 eis
1423 5169 1529 5213 non
1554 5166 1635 5212 est
1660 5154 1784 5210 dem
1802 5146 1831 5196 -’

292 5405 311 5435 ί
337 5400 647 5471 _\'ignierips,
685 5395 1074 5463 quandoquidem
1095 5394 1337 5449 vixillum.
1386 5402 1439 5447 Αι
1462 5403 1565 5447 Mss.
1585 5434 1599 5459 ,
1626 5400 1820 5461 quando

221 5462 435 5595 ﬂigi:
446 5460 810 5595 gitimam:
833 5519 1091 5595 Ψίίηυέέίδ·

294 5587 316 5620 ³
352 5587 644 5646 vignierius,
669 5587 735 5646 in.
763 5590 817 5633 At
840 5590 979 5646 Mss,
992 5587 1075 5632 ita.

264 5647 314 5721 ,δ
348 5644 585 5721 sie—fetus
605 5645 765 5721 cedes
778 5652 905 5721 Διὀιδι.
934 5644 1017 5694 Alii
1043 5657 1161 5695 vero
1200 5650 1307 5695 Mss.
1345 5657 1452 5697 cum
1477 5645 1647 5709 editis,
1673 5644 1819 5697 libere

221 5713 301 5762 ais
315 5744 332 5769 ,
357 5713 570 5773 agitante
601 5714 809 5769 peccato.

292 5774 315 5806 ³
351 5768 770 5834 δυιιιιιθ,’ἱηιιιιὶεδ.

1617 360 1815 421 LIBER
1854 359 2138 420 SEXTUS.

3377 382 3518 441 {503

1944 488 2031 549 pta
2063 494 2156 550 per
2185 480 2406 553 gratiam
2431 524 2445 548 ,
2494 492 2547 539 et
2587 486 2771 543 exiluit
2816 504 3005 561 pompa
3051 493 3409 565 Baptistnatis.
3455 500 3515 556 Si

1936 580 2115 625 autem
2143 572 2194 625 in
2240 572 2323 629 his
2366 576 2631 646 mysteriis
2657 593 2718 633 ea
2749 595 2907 649 quam
2946 598 3042 638 nos
3083 587 3370 656 credimus,
3403 606 3512 645 non

1936 675 2033 717 vos
2062 663 2257 733 ﬁngitis
2278 704 2292 728 ,
2341 664 2437 721 fuit
2470 668 2637 723 virtus
2674 679 2727 725 et
2772 672 2987 740 veritas,
3019 675 3389 749 sublatumque
3433 692 3517 736 est

1937 768 2097 809 omne
2141 765 2420 825 peccatum
2445 803 2460 825 ,
2490 771 2733 817 remanet
2762 762 2917 818 dolor
2960 776 3168 833 tamen,
3200 771 3288 839 qui
3333 782 3517 841 partos

1939 842 2249 901 diflieultate
2272 860 2592 917 generatur;
2621 852 2960 908 manifestum
2983 864 3065 910 est
3092 856 3235 913 illum
3262 865 3515 929 gemitum

1937 944 2138 991 natura:
2184 937 2411 993 indicem
2456 956 2574 996 esse
2599 983 2613 1007 ,
2644 959 2749 997 non
2790 944 2995 1013 culpat;
3025 961 3181 1014 quem
3225 957 3276 1003 te
3306 966 3516 1021 quoque

1936 1036 2202 1083 annuente
2231 1030 2520 1099 patiuntur,
2551 1047 2683 1101 quas
2708 1048 2736 1085 a
2766 1034 3178 1090 Manichamrum
3207 1047 3425 1108 peccato
3452 1040 3517 1094 li-

1936 1118 2147 1174 beratas
2176 1120 2374 1176 lateris.
2405 1123 2571 1177 Porro
2603 1124 2653 1178 id
2694 1128 2952 1196 exemplis
2982 1144 3157 1182 rerum
3183 1130 3312 1185 solis
3352 1146 3515 1201 appa-

1936 1210 2042 1263 ruit
2067 1228 2078 1263 :
2103 1211 2146 1264 si
2175 1228 2301 1265 vero
2334 1214 2676 1281 inspiciamus
2716 1224 2771 1270 et
2815 1217 2980 1286 ipsius
3009 1218 3169 1273 verba
3211 1223 3513 1289 sententia;

1936 1316 2018 1355 na:
2050 1302 2135 1355 illa
2163 1312 2369 1358 vestras
2395 1306 2615 1361 nebulas
2635 1308 2993 1377 splendidiore
3024 1309 3229 1381 fulgore
3268 1312 3396 1367 solis
3424 1329 3513 1367 ra-
3540 1322 3545 1327 ‘

1934 1394 2037 1449 diis
2063 1394 2335 1449 dissolvet.
2366 1396 2479 1450 Non
2521 1408 2604 1452 est
2642 1400 2837 1469 quippe
2866 1400 3063 1455 dictum
3102 1402 3169 1456 ad
3212 1403 3513 1469 mulierem,

1934 1482 2183 1539 Orientur
2208 1486 2259 1540 in
2306 1496 2357 1541 te
2395 1487 2627 1555 dolores,
2655 1499 2765 1556 aut,
2800 1491 3080 1547 Geuerabo
3126 1493 3217 1547 tibi
3247 1494 3512 1564 gemitus;

1935 1586 1991 1629 ut
2020 1585 2133 1645 post
2155 1578 2362 1647 culpam
2387 1593 2575 1634 sensus
2598 1595 2780 1635 eorum
2806 1582 3006 1636 institui
3034 1583 3336 1639 viderentur
3361 1604 3373 1639 :
3396 1585 3513 1651 sed,

1936 1667 1991 1720 Μ
1998 1668 2301 1739 ultiplicans,
2331 1671 2518 1740 inquit,
2545 1670 2886 1742 multiplicabo
2916 1674 3145 1729 tristitias
3172 1684 3301 1729 tuus.
3333 1676 3515 1732 Osten-

1934 1758 2009 1813 dit
2035 1762 2143 1830 jam
2171 1776 2288 1816 esse
2332 1762 2383 1816 in
2427 1764 2653 1817 naturali
2684 1764 2925 1831 ratione,
2952 1766 3094 1835 quod
3138 1782 3196 1821 se
3226 1767 3279 1821 in
3328 1783 3489 1837 pecea

1934 1855 2064 1909 trice
2094 1869 2317 1924 persona
2350 1872 2453 1910 non
2479 1856 2706 1910 condere
2727 1898 2742 1923 ,
2771 1857 2865 1912 sed
2907 1858 3261 1927 multiplicare
3289 1859 3511 1928 promit-

1934 1948 2014 2001 tit.
2048 1947 2327 2017 Nunquam
2373 1949 2568 2018 quippe
2610 1949 3021 2019 multiplicantur
3066 1950 3164 2005 nisi
3209 1952 3513 2007 exstantia:

1932 2048 2180 2093 ca:terum
2210 2048 2492 2110 antequam
2524 2040 2648 2105 sint,
2677 2041 2789 2095 fieri
2819 2040 3033 2110 quidem
3060 2042 3271 2111 proprie
3291 2083 3305 2106 ,
3332 2043 3513 2112 augeri

1932 2140 2109 2184 autem
2130 2146 2468 2202 pra‘propere
2500 2141 2889 2202 nuneupantur.
2923 2133 3179 2203 Denique,
3205 2150 3271 2188 ne
3298 2132 3396 2188 hoc
3414 2147 3514 2187 no-

1934 2232 2105 2275 strum
2139 2223 2326 2293 magis,
2359 2238 2515 2293 quam
2547 2224 2712 2293 ipsius
2739 2224 2977 2278 veritatis
3002 2239 3121 2279 esse
3144 2224 3403 2290 videatur,
3430 2225 3514 2280 hic

1932 2313 1985 2368 in
2013 2314 2215 2369 cunctis
2259 2314 2613 2369 animantibus
2655 2316 2939 2371 verborum
2979 2316 3206 2370 refertur
3244 2315 3375 2370 ordo
3401 2330 3514 2371 ser-

1932 2414 2101 2458 vatus.
2136 2404 2208 2459 De
2250 2405 2463 2460 homine
2500 2420 2713 2475 quoque
2761 2406 3065 2476 priusquam
3110 2406 3299 2463 ﬁeret:
3329 2405 3514 2460 Facia-

1932 2515 2043 2552 mus
2062 2539 2077 2563 ,
2111 2498 2278 2567 inquit
2306 2498 2444 2552 Deus
2464 2540 2478 2563 ,
2512 2498 2762 2551 hominem
2791 2498 2859 2551 ad
2887 2499 3159 2568 imaginem
3198 2508 3243 2552 ct
3273 2499 3514 2553 similitu-

1932 2588 2099 2641 dinem
2144 2597 2369 2641 nostram
2416 2588 2568 2659 (Gen.
2601 2604 2655 2655 ι,
2684 2587 2776 2657 36)
2803 2606 2817 2643 :
2840 2596 2893 2643 et
2933 2588 3108 2643 denuo
3137 2588 3204 2643 de
3249 2589 3472 2644 muliere
3494 2630 3512 2655 ,

1931 2679 2095 2745 Dixit,
2128 2680 2316 2750 inquit,
2346 2680 2481 2734 Deus
2502 2722 2516 2745 ,
2548 2678 2669 2733 Non
2697 2689 2769 2733 est
2794 2679 2983 2734 bonum
3014 2695 3118 2734 esse
3161 2680 3324 2734 solum
3350 2680 3515 2733 Itami-

1932 2790 2082 2838 nem;
2117 2775 2365 2845 faciamus
2408 2774 2453 2827 ci
2480 2773 2790 2844 adjutorium
2820 2772 2983 2827 simile
3022 2774 3103 2827 sui
3129 2772 3253 2843 (Id.
3283 2789 3353 2840 ιι,
3382 2774 3447 2827 18
3466 2772 3511 2843 ).

1930 2863 2120 2919 Postea
2152 2880 2278 2919 vero
2321 2879 2477 2935 quam
2509 2865 2628 2918 facti
2671 2874 2795 2919 sunt
2819 2905 2833 2927 ,
2860 2864 3124 2918 Bcnedixit
3152 2866 3225 2919 eis
3252 2906 3265 2930 ,
3298 2865 3511 2937 inquit,

1930 2955 2135 3019 dicens,
2163 2954 2382 3010 Crescite
2403 2997 2416 3019 .
2446 2964 2492 3010 et
2530 2955 2969 3025 multiplicamini,
3003 2965 3048 3009 et
3077 2956 3280 3026 implete
3320 2967 3507 3011 terram

1931 3047 2040 3119 (Id.
2074 3064 2109 3112 ι,
2137 3047 2249 3121 28).
2288 3049 2586 3119 Antequam
2629 3048 2966 3113 conderetur,
2999 3064 3101 3102 non
3147 3057 3228 3103 est
3269 3048 3467 3103 dictum
3492 3090 3511 3115 ,

1928 3138 2379 3208 Multiplicentur;
2423 3140 2538 3206 sed,
2570 3138 2685 3193 Fiat
2711 3138 2869 3193 homo
2893 3158 2905 3192 :
2932 3147 3271 3209 posteaquam
3312 3139 3513 3194 exstitit

1929 3230 2020 3300 qui
2062 3232 2327 3301 acciperet
2382 3233 2746 3296 incrementa,
2794 3240 3180 3301 consequenter
3233 3231 3508 3301 adjungit,

1931 3321 2180 3386 Crescite,
2226 3332 2272 3375 et
2321 3322 2763 3392 multiplicamini,
2812 3331 2857 3375 et
2900 3322 3100 3392 implete
3144 3330 3347 3376 terram.
3401 3323 3513 3376 Hoc

1930 3412 2107 3483 itaque
2132 3412 2317 3467 ordine
2356 3414 2583 3483 gemitus
2609 3414 3018 3483 parturitionum
3038 3456 3050 3477 ,
3080 3415 3168 3485 qui
3216 3414 3511 3470 secundum

1929 3514 2169 3559 naturam
2197 3504 2392 3572 fuerat,
2423 3505 2493 3558 ita
2524 3520 2576 3559 tu
2610 3506 2881 3559 hominum
2912 3506 3224 3576 corporibus
3248 3548 3261 3572 ,
3292 3507 3430 3560 sicut
3459 3507 3512 3561 in

1930 3596 2209 3665 pecoribus
2240 3596 2542 3661 institutus,
2575 3611 2681 3651 non
2711 3596 2959 3651 conditur
3003 3598 3053 3651 in
3084 3596 3194 3651 Eva
3218 3638 3231 3660 ,
3264 3594 3360 3651 sed
3389 3612 3513 3651 cre-

1930 3688 2062 3753 scit,
2095 3697 2150 3741 ut
2178 3687 2432 3759 peculiari
2461 3688 2759 3758 granditate
2787 3688 3135 3743 excitatorum
3182 3687 3510 3758 afﬁigeretur

1930 3793 2208 3848 angorem.
2234 3778 2343 3833 Nec
2369 3788 2543 3833 tamen
2570 3779 2636 3834 ad
2682 3789 2905 3849 postem:
2933 3781 3104 3834 anatis
3133 3778 3377 3846 feminas,
3409 3780 3511 3833 nisi

1931 3872 2155 3926 naturali
2184 3871 2552 3927 mediocritate
2577 3880 2628 3927 et
2655 3887 2936 3941 corporum
2964 3873 3220 3928 varietate
3246 3874 3511 3944 pertingc~

1931 3973 2069 4019 rent.
2101 3964 2175 4020 lbi
2204 3980 2353 4036 ergo,
2384 3981 2489 4021 non
2520 3973 2579 4020 ut
2615 3965 2821 4020 doleret
2850 3965 2901 4020 in
2927 3966 3180 4036 pariendo
3210 3966 3422 4030 mulier,
3441 3967 3511 4022 de

1931 4066 2150 4125 peccato
2180 4056 2306 4123 fuit;
2338 4057 2432 4112 sed
2472 4066 2527 4112 ut
2555 4056 2712 4111 nimis
2738 4056 2980 4111 doleret:
3005 4057 3143 4112 sicut
3181 4057 3340 4112 etiam
3373 4066 3512 4110 tem-

1932 4146 2150 4217 poribus
2192 4147 2422 4203 diversis
2463 4148 2763 4203 debilitates
2791 4162 3072 4218 eorporum
3116 4162 3216 4219 pro
3246 4149 3512 4218 peccatis,

1932 4238 2247 4308 quibusdam
2279 4239 2503 4309 legimus
2530 4238 2787 4295 accidisse
2812 4256 2825 4294 :
2849 4239 2943 4294 sed
2974 4255 3078 4293 non
3123 4240 3213 4293 illa
3242 4239 3514 4308 ampliatio

1937 4329 2273 4384 miseriarum
2307 4330 2686 4400 pareimoniam
2717 4328 2861 4384 modi
2886 4330 3142 4384 naturalis
3170 4330 3378 4384 evertit.
3406 4327 3514 4383 Nec

1933 4430 2110 4476 tamen
2156 4422 2332 4476 omnia
2379 4438 2497 4493 quae
2543 4422 2595 4475 in
2625 4420 2812 4477 eadem
2845 4421 3107 4476 sententia
3152 4419 3510 4486 continentur,
3558 4422 3571 4475 ι’

1932 4513 2404 4568 animadvertentis
2425 4514 2605 4582 vigore
2624 4512 2957 4567 clauduntur.
2978 4509 3242 4565 Caeterum
3268 4508 3512 4579 quaedam
3558 4498 3563 4503 ’

1933 4606 2002 4660 ibi
2038 4622 2159 4675 pars
2188 4606 2385 4660 indicat
2410 4606 2676 4671 meritum,
2705 4602 2945 4674 quaedam
2973 4603 3217 4673 designat
3254 4600 3511 4657 ofﬁcium.

1933 4698 2304 4767 Multiplicans,
2335 4697 2538 4768 inquit,
2568 4696 2916 4768 multiplicabo
2940 4695 3167 4750 tristitias
3196 4704 3311 4749 tua:
3336 4703 3381 4749 et
3427 4711 3515 4766 ge-

1932 4792 2106 4845 mitum
2136 4800 2316 4856 tuum;
2346 4791 2397 4844 in
2419 4790 2620 4846 tristitia
2649 4792 2815 4860 paries
2840 4790 2995 4859 ﬁlios.
3021 4788 3137 4845 Hoc
3162 4805 3331 4859 usque
3360 4789 3511 4856 ultio,

1931 4898 2087 4953 quam
2120 4899 2225 4937 non
2268 4892 2475 4950 natura,
2519 4881 2614 4937 sed
2641 4896 2866 4953 persona
2898 4882 3212 4952 promeruit.
3243 4881 3360 4937 Jam
3394 4881 3515 4935 hinc

1930 4973 2243 5045 simpliciter
2285 4975 2593 5045 posterioris
2640 4989 2801 5029 sexus
2842 4988 3036 5027 munus
3074 4972 3513 5028 ostenditurzAd

1933 5070 2113 5137 virum,
2143 5069 2333 5139 inquit,
2365 5078 2506 5122 tuum
2532 5068 2787 5122 conversio
2824 5076 2928 5133 tua,
2958 5074 3007 5121 et
3042 5067 3152 5137 ipse
3176 5066 3249 5120 tui
3274 5066 3509 5119 domina-

1932 5160 2080 5215 bitur.
2114 5160 2226 5215 Hoc
2254 5159 2501 5214 nimirum
2531 5174 2635 5213 non
2663 5168 2866 5229 spectat
2889 5158 2954 5215 ad
2986 5173 3219 5230 pcenam,
3242 5155 3382 5228 quod
3412 5157 3510 5210 nisi
3558 5164 3564 5236 λ

1929 5263 2110 5320 esset,
2141 5260 2407 5322 spectaret
2451 5251 2517 5306 ad
2557 5251 2767 5321 culpam
2792 5268 2805 5304 :
2830 5259 2887 5305 ut
2930 5253 3045 5305 viro
3087 5251 3281 5320 quippe
3320 5246 3513 5301 mulier
3560 5271 3568 5327 ε

1930 5344 2170 5398 modesto
2197 5343 2451 5399 subdatur
2476 5342 2665 5398 allecto
2695 5385 2710 5410 ,
2738 5342 2871 5397 ordo
2898 5350 2981 5398 est
3007 5384 3022 5409 ,
3052 5340 3366 5411 supplicium
3397 5354 3504 5393 non
3562 5345 3571 5405 ἶ

1928 5444 2030 5492 est.
2061 5434 2226 5506 Caput
2251 5436 2417 5503 enim,
2450 5435 2741 5491 secundum
2774 5434 3085 5508 Apostolum
3104 5475 3118 5500 ,
3147 5430 3371 5487 mulieris
3390 5473 3405 5499 ,
3434 5430 3511 5484 vir

1931 5526 2146 5599 (Ep/tes.
2182 5543 2237 5596 ν,
2277 5528 2559 5600 23):quia
2608 5545 2709 5582 non
2753 5537 2825 5583 est
2869 5535 3065 5581 creatus
3111 5525 3260 5580 homo
3305 5534 3513 5595 propter

1930 5621 2207 5685 mulierem,
2238 5622 2327 5675 sed
2366 5622 2547 5676 mulier
2576 5630 2780 5692 prapter
2803 5620 2963 5673 virum
2991 5617 3047 5691 (1
3075 5616 3193 5672 Cor.
3222 5632 3297 5683 χι,
3323 5615 3418 5688 9).
3454 5616 3509 5672 Si

1929 5729 2055 5783 ergo
2082 5720 2240 5783 caput
2279 5728 2432 5767 suum
2461 5725 2696 5782 congruo
2725 5710 2926 5781 pudore
2968 5718 3272 5771 veneretur,
3306 5716 3509 5763 natura:

1930 5806 2167 5863 instituta
2195 5807 2462 5875 custodit,
2496 5823 2597 5861 non
2645 5806 2843 5873 peccati
2885 5814 3145 5862 tormenta
3175 5802 3503 5876 perpetitur,
