3994 6490
494 395 634 455 1563

491 514 577 570 cui
602 510 780 568 ordini
825 509 871 565 si
912 507 1269 570 resultaverit,
1316 521 1409 562 rea
1451 514 1553 561 est.
1583 503 1700 560 Non
1743 512 1827 559 est
1854 516 1983 573 ergo
2015 501 2069 556 in

495 604 709 661 miseria
738 602 938 659 functio
960 600 1074 668 rei,
1104 599 1255 670 cujus
1281 599 1552 668 neglectus
1577 598 1629 651 in
1657 611 1791 650 noxa
1817 602 1916 649 est.

564 696 706 752 Aac.
746 693 997 748 Dolorem
1020 690 1258 762 pariendi
1291 703 1501 758 poenam
1529 687 1757 742 dicimus
1784 700 1903 740 esse
1946 700 2072 754 pec-

481 786 616 844 cati.
645 783 856 841 Scimus
882 784 1025 839 enim
1067 782 1168 838 hoc
1210 782 1379 836 Deum
1420 780 1536 835 sine
1579 779 1683 833 ulla
1727 777 2076 848 ambiguitate

491 878 712 942 dixisse,
742 890 841 931 nec
881 874 1080 931 dixisse
1107 874 1206 929 nisi
1248 870 1656 942 prtevaricatriei
1684 869 1765 924 sui
1803 868 2075 935 mandati,

493 985 594 1025 nec
621 969 693 1025 ob
716 967 860 1024 aliud
883 967 1102 1033 dixisse,
1128 966 1227 1021 nisi
1252 964 1375 1036 quia
1405 965 1732 1018 irascebatur
1755 976 1909 1017 suum
1936 976 2077 1031 prte-

492 1059 790 1116 varicatum
816 1072 936 1114 esse
974 1057 1301 1111 mandatum.
1339 1054 1444 1111 Sed
1485 1054 1622 1109 hanc
1658 1054 1792 1109 iram
1821 1053 1913 1108 Dei
1939 1060 1997 1108 ut
2021 1061 2078 1109 tu

491 1151 792 1207 exinanires
836 1158 889 1204 et
925 1149 1205 1204 frustrares
1229 1189 1243 1210 ,
1274 1147 1453 1211 dixisti
1498 1162 1665 1217 usque
1694 1146 1828 1202 adeo
1861 1161 2076 1219 pinnam

492 1241 650 1295 istam
695 1256 800 1296 non
847 1254 966 1296 esse
1010 1239 1246 1310 peccati,
1280 1246 1337 1293 ut
1379 1238 1625 1293 animalia
1667 1255 1892 1310 quorum
1936 1240 2078 1295 nulla

499 1338 719 1400 peccata
750 1338 892 1397 sunt,
924 1329 1152 1400 gemitus
1177 1327 1477 1397 bujusmodi
1505 1329 1555 1383 in
1582 1341 1731 1399 partu
1758 1318 2080 1400 doleresque

496 1420 791 1488 patiantur.
820 1419 935 1475 Non
964 1418 1176 1489 quidem
1203 1419 1297 1473 tibi
1319 1419 1566 1474 dixerunt
1589 1421 1834 1475 animalia
1857 1464 1871 1487 ,
1900 1430 2078 1477 utrum

492 1511 586 1565 ille
623 1512 855 1582 gemitus
894 1512 965 1566 sit
1005 1512 1307 1566 canentium
1333 1510 1417 1567 vel
1447 1512 1740 1567 dolentium
1765 1514 1804 1567 ¹.
1845 1512 2079 1570 Gallinas

491 1614 622 1655 sane
654 1603 936 1671 parituras,
968 1600 1251 1658 similiores
1278 1618 1398 1660 esse
1426 1604 1759 1659 cantantibus
1788 1620 1946 1675 quam
1974 1605 2075 1660 do-

396 1716 405 1725 -
493 1693 724 1749 lentibus
779 1695 1083 1759 cernimus;
1138 1704 1259 1765 post
1306 1704 1515 1766 partum
1568 1712 1695 1752 vero
1741 1697 1872 1752 tales
1920 1712 2080 1753 voces

492 1783 679 1851 edere,
700 1784 882 1854 quales
911 1786 962 1839 in
982 1785 1263 1842 formidine
1286 1797 1612 1843 consuerunt
1635 1805 1648 1841 :
1675 1804 1833 1858 porro
1848 1803 1969 1843 cum
1988 1803 2081 1858 pa-

491 1874 638 1928 riunt
666 1874 718 1928 in
746 1889 958 1929 summo
985 1890 1104 1931 esse
1124 1877 1354 1946 silentio,
1386 1879 1523 1932 sicut
1541 1878 1835 1945 columbas,
1864 1888 1916 1934 et
1946 1878 2079 1934 alias

491 1978 637 2029 aves,
670 1979 788 2034 qum
812 1964 1211 2021 advertentibus
1233 1968 1590 2024 innotescunt.
1626 1968 1757 2037 Quis
1782 1984 1909 2040 ergo
1936 1970 2082 2024 novit

492 2063 635 2108 muta
662 2054 974 2123 animantia,
1001 2072 1121 2127 quae
1144 2058 1271 2127 quid
1300 2058 1355 2113 in
1385 2073 1443 2113 se
1470 2067 1655 2129 agatur
1684 2059 1923 2115 indicare
1967 2076 2073 2115 non

492 2154 733 2214 possunt,
780 2155 955 2201 utrum
998 2155 1239 2217 tempore
1290 2150 1533 2219 pariendi
1576 2165 1761 2204 eorum
1811 2159 1985 2205 motus
2026 2159 2081 2205 et

489 2248 655 2291 sonus
697 2251 801 2290 non
845 2237 1014 2292 solum
1062 2238 1192 2293 nihil
1236 2238 1473 2305 doloris,
1518 2239 1611 2295 sed
1646 2240 1837 2294 habeat
1881 2240 2079 2310 aliquid

489 2326 651 2381 etiam
675 2326 996 2396 voluptatis?
1024 2327 1128 2384 Sed
1156 2329 1285 2399 quid
1322 2330 1449 2384 mihi
1480 2340 1562 2385 est
1602 2331 1654 2385 in
1706 2330 1805 2386 hac
1836 2347 1895 2387 re
1923 2347 2080 2387 scru-

491 2416 589 2492 tari
621 2415 845 2472 obscura
874 2426 1100 2484 naturae,
1130 2432 1251 2473 cum
1282 2419 1405 2475 inde
1427 2429 1604 2475 nostra
1626 2435 1784 2476 causa
1814 2438 1918 2476 non
1943 2438 2079 2494 peu-

489 2508 655 2563 deat?
686 2508 912 2563 Prorsus
945 2509 990 2563 si
1022 2516 1171 2563 muta
1196 2510 1443 2564 animalia
1474 2511 1605 2567 nihil
1634 2512 1835 2568 doloris
1866 2515 2079 2583 patiun-

489 2608 578 2655 tur
604 2600 655 2654 in
678 2608 853 2670 partu,
886 2609 1253 2669 argumentum
1282 2609 1429 2655 tuum
1459 2603 1659 2657 nullum
1685 2603 1804 2659 est?
1832 2605 1874 2659 si
1902 2615 2078 2660 autem

491 2690 783 2759 patiuntur,
814 2704 877 2744 ea
910 2691 1023 2760 ipsa
1055 2704 1210 2760 ptena
1242 2701 1325 2746 est
1355 2692 1602 2763 imaginis
1628 2693 1760 2759 Dei,
1788 2695 2079 2751 conditioni

495 2793 749 2849 pecorum
789 2780 1088 2849 comparari
1119 2798 1131 2834 :
1158 2795 1312 2850 poena
1343 2796 1504 2851 porro
1538 2783 1782 2853 imaginis
1811 2785 1940 2852 Dei,
1974 2787 2075 2841 nisi

491 2870 647 2940 culpa
677 2870 1036 2939 praecederet,
1060 2872 1203 2941 justa
1234 2886 1353 2927 esse
1378 2888 1484 2928 non
1512 2883 1709 2942 posset.
1742 2876 1874 2930 Illud
1900 2885 2078 2932 autem

492 2960 633 3015 absit
662 2968 721 3015 ut
746 2960 917 3015 dicam
943 3001 960 3029 ,
1002 2961 1144 3031 quod
1190 2971 1435 3032 tanquam
1479 2963 1648 3018 dicam
1670 3006 1684 3029 ,
1725 2966 2078 3021 refellendum

493 3051 727 3120 putasti,
750 3066 856 3107 non
888 3066 1006 3120 suo,
1038 3052 1130 3107 sed
1151 3054 1414 3108 nascentis
1434 3055 1625 3109 merito
1649 3065 1875 3111 matrem
1898 3057 2081 3113 dolere

492 3156 613 3196 cum
642 3142 904 3211 parturit,
931 3154 983 3197 et
1015 3141 1134 3197 ideo
1166 3143 1326 3197 etiam
1367 3142 1603 3198 dimissis
1630 3146 1864 3214 peccatis
1894 3146 2079 3204 ﬁdeles

492 3230 675 3287 dolere
719 3241 943 3302 urgente
984 3233 1305 3288 necessitate
1333 3233 1592 3305 pariendi.
1625 3235 1808 3300 Absit,
1838 3235 2076 3307 inquam,

493 3332 553 3379 ut
581 3324 683 3380 hoc
708 3324 904 3379 dicam.
931 3323 1199 3395 Numquid
1239 3325 1380 3379 enim
1429 3326 1550 3395 quia
1593 3334 1819 3381 mortem
1850 3327 2077 3383 dicimus

494 3414 698 3485 peccati
724 3430 845 3470 esse
871 3414 1207 3485 supplicium,
1242 3414 1361 3470 ideo
1383 3415 1667 3471 dicendum
1698 3425 1781 3471 est
1809 3432 1925 3471 eam
1954 3426 2078 3487 post

496 3506 871 3562 remissionem
916 3515 1255 3575 peccatorum
1301 3521 1405 3561 non
1452 3506 1702 3561 debuisse
1730 3508 2077 3577 contingere?

494 3594 590 3650 Ha:
617 3596 831 3666 quippe,
862 3610 994 3665 quas
1023 3594 1078 3649 in
1106 3603 1293 3650 natura
1324 3595 1758 3664 praevaricatione
1786 3597 1967 3651 vitiata
1994 3597 2079 3652 di-

495 3689 666 3746 cimus
691 3702 877 3759 ptenas
902 3702 1025 3743 esse
1049 3687 1251 3757 peccati
1271 3727 1286 3753 ,
1319 3686 1442 3742 ideo
1469 3688 1628 3743 etiam
1661 3696 1779 3757 post
1808 3689 2082 3743 remissio-

495 3795 618 3835 nem
646 3787 981 3849 peccatorum
1010 3787 1248 3844 manent,
1276 3788 1336 3833 ut
1364 3778 1617 3849 probetur
1646 3778 1799 3844 ﬁdes,
1831 3794 1989 3849 quam
2012 3778 2081 3835 de

497 3880 725 3925 venturo
754 3869 1029 3925 credimus
1057 3868 1276 3933 swculo,
1310 3868 1398 3923 ubi
1429 3868 1529 3922 ista
1558 3883 1661 3923 non
1694 3878 1868 3923 erunt.
1897 3868 2081 3939 Neque

496 3963 640 4018 enim
672 3963 803 4017 lides
834 3970 998 4027 esset,
1032 3962 1076 4015 si
1104 3971 1382 4031 prepterea
1411 3961 1775 4027 crederemus,
1806 3961 1929 4031 quia
1955 3976 2082 4016 con-

496 4056 647 4108 tinuo
673 4054 827 4109 nobis
862 4053 993 4109 nihil
1036 4052 1250 4107 dolendi
1275 4061 1330 4107 et
1366 4066 1470 4106 non
1511 4051 1774 4106 moriendi
1805 4053 2080 4121 praemium

497 4145 827 4201 redderetur.
857 4144 971 4212 Qua
1014 4144 1221 4198 ratione
1262 4142 1467 4199 reddita
1491 4182 1507 4209 ,
1539 4143 1591 4196 id
1615 4152 1697 4197 est
1716 4184 1731 4208 ,
1761 4143 1828 4198 ad
1855 4158 2080 4213 agonem

497 4235 621 4290 fidei
647 4234 801 4289 nobis
830 4234 1053 4304 relinqui
1083 4234 1218 4287 mala
1257 4240 1526 4287 contracta
1559 4240 1775 4302 peccato
1798 4274 1812 4298 ,
1841 4233 2082 4303 quamvis

497 4335 651 4383 reatu
680 4336 1013 4396 peccatorum
1032 4340 1124 4394 per
1141 4324 1466 4391 Baptismum
1482 4326 1593 4393 jam
1616 4324 1810 4390 soluto,
1839 4324 1962 4393 quid
1982 4324 2080 4379 ha-

496 4421 586 4476 bet
611 4420 801 4475 virium
830 4418 972 4489 quod
992 4417 1130 4484 aisti,
1152 4416 1211 4472 Si
1227 4417 1279 4470 in
1299 4417 1546 4487 mysteriis
1561 4415 1810 4470 sublatum
1837 4424 1909 4470 est
1937 4432 2084 4472 omne

497 4522 777 4583 peccatum,
808 4521 857 4568 et
880 4520 1102 4566 remanet
1132 4520 1300 4564 tamen
1323 4508 1471 4564 dolor
1486 4509 1571 4579 qui
1596 4518 1767 4577 partus
1788 4508 2081 4578 di/ﬁcultate

495 4614 784 4678 generatur,
813 4605 1134 4675 manifestum
1176 4610 1247 4656 est
1273 4602 1419 4655 illum
1444 4601 1682 4673 gemitum
1712 4608 1910 4653 natura:
1940 4598 2080 4652 indi-

496 4715 603 4753 cem
632 4714 756 4762 esse,
779 4714 877 4751 non
899 4695 1102 4766 culpaz?
1133 4694 1243 4750 Hoc
1264 4694 1429 4759 enim,
1458 4692 1595 4763 quod
1625 4692 1795 4747 nullas
1825 4691 2081 4747 adversus

496 4806 597 4847 nos
628 4786 787 4843 habet
814 4788 955 4843 vires
980 4829 995 4854 ,
1040 4801 1144 4841 non
1175 4787 1355 4855 utique
1397 4784 1603 4839 diceres
1628 4826 1641 4849 ,
1672 4783 1715 4837 si
1745 4782 1868 4838 fidei
1911 4792 1965 4837 tu
1992 4782 2081 4838 vel

497 4881 725 4937 haberes
749 4878 831 4933 vel
858 4877 1159 4933 attenderes
1185 4876 1360 4943 vires,
1401 4890 1519 4945 qum
1569 4884 1716 4928 tanto
1745 4880 1869 4927 sunt
1893 4873 2081 4927 fortio-

496 4986 606 5038 res,
639 4978 837 5039 quanto
867 4968 1033 5038 magis
1062 4983 1123 5022 ea
1154 4980 1429 5035 speramus
1456 4981 1573 5036 quze
1605 4980 1707 5019 non
1738 4963 1997 5027 videmus,
2028 4971 2084 5019 et

497 5077 599 5133 per
626 5060 931 5132 patientiam
956 5058 1307 5123 miseriarum,
1332 5056 1711 5127 plemtudinem
1742 5054 2083 5110 beatitudinis

499 5159 894 5222 exspectamus.
924 5148 1029 5205 Sed
1058 5149 1198 5218 ipsa,
1227 5148 1421 5219 inquis,
1453 5146 1549 5201 Dei
1570 5145 1717 5199 verba
1736 5186 1750 5207 ,
1778 5145 1958 5215 quibus
1983 5162 2083 5201 non

499 5246 594 5311 ait,
629 5244 869 5300 Orientur
896 5242 948 5296 in
974 5249 1023 5294 te
1047 5240 1264 5305 dolores,
1293 5250 1380 5293 aut
1399 5282 1413 5305 ,
1446 5238 1691 5308 generabo
1734 5238 1821 5291 tibi
1847 5238 2078 5309 gemitus,

505 5346 560 5390 ut
575 5344 687 5406 post
702 5334 907 5404 culpam
936 5349 1107 5388 sensus
1130 5348 1297 5386 eorum
1317 5330 1599 5385 viderentur
1627 5330 1820 5385 institui
1843 5346 1861 5393 ,'
1882 5329 1969 5384 sed
1988 5330 2080 5394 ait,

508 5445 527 5478 ι
564 5426 913 5496 Multiplicans
949 5424 1293 5493 multiplicabo
1318 5424 1546 5477 tristitias
1574 5433 1725 5487 tuas;
1759 5441 1778 5474 ι
1812 5421 2081 5476 ostendunt

504 5520 623 5592 quia
643 5521 757 5593 jam
783 5528 892 5573 erat
917 5519 967 5572 in
992 5516 1217 5571 naturali
1241 5516 1455 5581 ratione,
1488 5515 1622 5579 quod
1650 5530 1705 5569 se
1728 5514 1779 5567 in
1805 5513 2084 5585 peccatrice

504 5625 717 5684 persona
758 5627 859 5665 non
901 5608 1146 5674 condere,
1197 5606 1285 5662 sed
1328 5606 1666 5675 multiplicare
1712 5604 1955 5674 promittit
1979 5617 1997 5657 :
2022 5609 2080 5658 et

569 5771 586 5802 ⁸
624 5776 770 5820 Vetus
790 5768 942 5820 codex
964 5776 1095 5827 \Iar.,
1114 5765 1174 5819 sit
1193 5765 1479 5825 canentium,
1506 5777 1597 5814 non
1616 5761 1887 5816 dolentium.
1925 5760 2084 5811 Codex

507 5834 651 5892 Port.,
681 5842 768 5882 non
786 5830 845 5881 sit
870 5826 1137 5881 conantium
1158 5828 1227 5880 vel
1250 5826 1527 5879 dolentium.

1150 387 1396 448 OPERIS
1432 382 1847 445 IMPERFECTI
1881 380 2155 439 CONTRA
2191 379 2551 455 JULIANUM,
2590 384 2649 443 S.
2688 383 3060 444 AUGUSTINI

3629 385 3766 443 i564

2187 500 2338 559 addis
2358 545 2374 571 ,
2404 504 2553 575 quasi
2582 504 2905 560 delinitivam
2946 506 3356 577 generalemque
3400 507 3720 561 sententiam
3751 548 3767 573 ,

2183 591 2386 658 dicens,
2420 593 2696 665 Nunquam
2723 596 2909 668 quippe
2933 597 3335 668 multiplicantur
3363 599 3461 652 nisi
3484 600 3768 661 exstantia;

2182 696 2413 742 ueterum
2448 698 2717 761 antequam
2745 690 2879 754 sint,
2924 690 3034 759 ﬁeri
3075 690 3276 760 quidem
3308 692 3547 760 praprie,
3594 692 3770 762 augeri

2181 792 2349 832 autem
2403 794 2722 849 praepropere
2758 790 3131 851 nuncupantur.
3192 779 3292 835 Ubi
3355 781 3585 851 primum
3639 796 3669 833 a
3720 789 3771 835 te

2182 883 2383 937 quaaro,
2425 868 2692 939 quomodo
2730 869 2876 925 dicas
2918 869 3132 925 dolores
3178 870 3306 924 Eva:
3347 872 3455 940 jam
3496 878 3771 925 exstantes

2184 959 2366 1027 fuisse,
2397 974 2529 1030 quos
2555 975 2802 1030 perpessa
2834 975 2937 1015 non
2968 961 3140 1016 fuerat
3164 978 3178 1014 :
3200 961 3493 1031 quomodo,
3525 963 3767 1032 inquam.

2179 1050 2289 1120 jam
2316 1050 2528 1107 dolores
2552 1050 2800 1116 habebat,
2831 1067 2951 1122 qua:
2973 1051 3106 1108 nihil
3132 1052 3386 1108 dolebat?
3412 1053 3565 1120 Quod
3594 1054 3642 1109 si
3666 1068 3771 1107 non

2171 1136 2454 1194 exstabant
2497 1141 2551 1195 in
2579 1156 2641 1195 ea
2668 1141 2878 1197 dolores
2900 1182 2914 1209 ,
2946 1143 3067 1213 quia
3094 1158 3189 1199 eos
3229 1158 3336 1197 non
3379 1142 3611 1198 habebat
3657 1158 3773 1213 qua:

2184 1245 2288 1284 non
2331 1230 2847 1303 dolebat:poterant
2888 1248 3016 1304 ergo
3069 1234 3412 1305 multiplicari
3444 1244 3499 1290 et
3527 1234 3620 1304 qui
3667 1250 3771 1288 non

2182 1332 2368 1389 erant;
2395 1332 2449 1379 et
2470 1334 2614 1380 recte
2638 1325 2898 1396 accipitur
2915 1326 3135 1393 dictum,
3163 1327 3521 1398 Muttiplicabo
3546 1326 3773 1381 tristitia:

2183 1424 2317 1483 tuas,
2341 1415 2391 1470 id
2420 1425 2522 1484 est,
2542 1417 2734 1472 multas
2757 1433 2847 1473 eas
2868 1432 2988 1474 esse
3013 1418 3202 1475 faciam
3224 1437 3238 1485 ;
3267 1419 3409 1490 quod
3429 1419 3544 1473 fieri
3566 1426 3770 1488 potest,

2182 1507 2295 1561 sive
2322 1507 2520 1577 aliquid
2548 1524 2665 1563 esse
2688 1510 2799 1578 jam
2819 1511 3065 1579 cmperit,
3092 1510 3205 1567 sive
3231 1525 3329 1565 nec
3356 1510 3605 1579 coeperit.
3638 1508 3772 1562 Fru-

2182 1607 2293 1652 stra
2324 1598 2482 1668 igitur
2508 1599 2720 1665 dixisti,
2754 1601 3032 1673 Nunquam
3074 1604 3207 1658 enim
3237 1603 3653 1674 multiplicantur
3680 1602 3775 1655 nisi

2182 1690 2617 1759 cxstantia:quia
2648 1705 2773 1746 ecce
2818 1691 2871 1745 in
2914 1692 3023 1746 Eva
3064 1701 3186 1762 post
3234 1701 3512 1761 peccatum
3559 1692 3774 1746 dolores

2182 1787 2306 1833 sunt
2326 1780 2678 1850 multiplicati,
2706 1781 2797 1850 qui
2822 1781 3129 1853 priusquam
3157 1792 3454 1852 peccasset,
3488 1797 3596 1836 non
3621 1789 3774 1837 erant

2182 1869 2296 1924 ulli.
2326 1872 2403 1925 Ac
2440 1887 2536 1940 per
2564 1870 2666 1926 hoc
2687 1913 2703 1940 ,
2731 1888 2836 1927 non
2882 1873 3003 1928 ideo
3043 1874 3175 1928 dixit
3207 1875 3345 1928 Deus
3369 1915 3384 1939 ,
3415 1874 3772 1944 Multiplicabo

2183 1962 2412 2016 tristitias
2442 1971 2577 2030 tuas,
2606 1964 2728 2033 quia
2757 1964 2986 2018 tristitiae
3017 1965 3068 2018 in
3100 1965 3189 2019 illa
3213 1980 3334 2020 esse
3360 1965 3471 2035 jam
3494 1972 3773 2035 eteperant

2184 2051 2410 2121 aliqum;
2438 2052 2531 2108 sed
2561 2053 2683 2122 quia
2725 2054 3044 2123 multiplices
3086 2064 3241 2109 erant
3276 2055 3507 2120 futurae,
3559 2071 3628 2110 ex
3669 2069 3773 2124 quo

2183 2140 2477 2212 inciperent
2504 2157 2644 2198 esse.
2674 2142 2781 2198 Sed
2804 2154 2966 2210 erant,
2998 2145 3274 2215 inquis,-in
3300 2145 3526 2199 naturali
3551 2145 3769 2198 ratione.

2181 2232 2237 2289 Si
2262 2248 2390 2304 ergo
2419 2234 2472 2288 in
2497 2235 2721 2290 naturali
2745 2236 2949 2290 ratione
2970 2236 3081 2305 jam
3108 2246 3233 2291 sunt
3274 2235 3436 2292 etiam
3465 2252 3591 2306 qua:
3634 2252 3771 2289 non-

2182 2326 2307 2382 dum
2334 2337 2451 2383 orta
2476 2336 2619 2393 sunt,
2647 2327 2773 2399 quid
2801 2336 2853 2384 te
2878 2328 3092 2398 adjuvat
3119 2327 3263 2399 quod
3291 2327 3411 2383 aisti
3433 2370 3448 2394 ,
3492 2327 3771 2398 Pmpterea

2182 2416 2346 2473 Deum
2373 2435 2471 2473 non
2496 2418 2698 2485 dixisse,
2734 2418 2971 2473 Orientur
2993 2420 3047 2472 in
3078 2429 3126 2472 te
3152 2418 3390 2484 dolores;
3416 2419 3507 2472 sed
3537 2437 3557 2469 ι
3590 2416 3768 2470 Multi-

2182 2509 2378 2581 plicabo
2421 2508 2622 2563 dolores
2664 2518 2797 2577 tuos,
2832 2528 2852 2562 s
2883 2510 3001 2580 quia
3020 2511 3135 2580 jam
3160 2519 3303 2564 erant
3342 2511 3395 2563 in
3426 2510 3652 2563 naturali
3688 2526 3769 2563 ra.

2182 2602 2355 2656 tione?
2381 2600 2755 2671 Respondetur
2793 2601 2934 2656 enim
2966 2601 3058 2655 tibi
3086 2619 3098 2654 :
3122 2601 3303 2656 Potuit
3343 2600 3543 2665 dicere,
3576 2601 3766 2655 Orien-

2183 2701 2267 2747 tur
2288 2692 2341 2746 in
2373 2700 2455 2757 te;
2478 2692 2601 2762 quia
2622 2707 2715 2747 eos
2734 2700 2849 2747 erat
2870 2691 3335 2762 multiplicaturus,
3364 2692 3453 2761 qui
3482 2695 3534 2745 in
3565 2691 3768 2745 ratione

2183 2783 2408 2838 naturali
2431 2783 2542 2855 jam
2580 2793 2764 2851 erant,
2794 2799 2898 2837 non
2928 2784 3019 2855 qui
3049 2784 3159 2854 jam
3190 2785 3293 2839 orti
3319 2793 3492 2839 erant.
3525 2787 3609 2838 An
3638 2784 3767 2839 forte

2182 2875 2419 2931 dictums
2449 2889 2527 2941 es,
2559 2875 2675 2931 Jam
2703 2890 2924 2945 prorsus
2951 2876 3053 2930 orti
3101 2886 3255 2931 erant
3299 2876 3353 2931 in
3380 2877 3495 2945 ipsa
3542 2876 3769 2929 naturali

2181 2967 2425 3021 ratione?
2452 2966 2662 3032 Quanto
2698 2966 2856 3035 igitur
2884 2965 3219 3021 manifestius
3248 2974 3302 3020 et
3345 2965 3662 3035 acceptione
3690 2966 3769 3018 di-

2180 3058 2334 3127 gnius
2361 3057 2452 3111 tibi
2478 3056 2688 3119 dicitur,
2716 3056 2833 3111 Jam
2864 3063 3018 3110 erant
3052 3054 3146 3110 lilii
3176 3054 3346 3110 Adam
3378 3055 3429 3109 in
3456 3055 3629 3109 Adam
3672 3070 3768 3115 na-

2184 3146 2340 3201 turali
2367 3147 2571 3202 ratione
2591 3188 2605 3212 ,
2632 3145 2844 3217 quando
2868 3187 2883 3213 ,
2915 3147 3052 3201 sicut
3081 3147 3155 3200 ait
3193 3146 3379 3202 beatus
3402 3146 3639 3201 Joannes
3663 3147 3771 3216 epi-

2183 3253 2395 3308 scopus,
2423 3237 2553 3291 illud
2573 3246 2832 3307 peccatum
2859 3237 3051 3308 grande
3070 3239 3337 3304 commisit,
3367 3248 3414 3292 et
3438 3222 3585 3291 omne
3606 3238 3768 3291 homi-

2183 3344 2304 3383 num
2334 3344 2491 3399 genus
2517 3328 2569 3380 in
2599 3343 2861 3381 commune
2886 3327 3141 3380 damnavit
3175 3325 3456 3398 (Chrysost.
3486 3328 3542 3380 in
3570 3326 3766 3381 Homil.

2183 3420 2247 3473 de
2268 3418 2467 3473 Lazaro
2490 3418 2804 3490 resuscitato)
2830 3435 2845 3485 ;
2873 3418 2980 3482 vel,
3009 3418 3145 3473 sicut
3164 3420 3239 3472 ait
3264 3418 3467 3488 collega
3498 3416 3617 3488 ejus
3646 3419 3769 3471 Am-

2182 3512 2392 3567 brosius
2415 3551 2430 3577 ,
2464 3509 2587 3564 Fuit
2616 3510 2779 3563 Adam
2807 3553 2819 3576 ,
2849 3518 2898 3563 et
2941 3510 2993 3563 in
3021 3510 3111 3562 illo
3156 3510 3348 3578 fuimus
3382 3525 3557 3563 omnes
3574 3524 3597 3573 ;
3627 3510 3770 3579 periit

2183 3604 2367 3671 Adam,
2398 3613 2444 3657 et
2469 3605 2521 3657 in
2556 3602 2648 3657 illo
2688 3618 2857 3656 omnes
2886 3603 3138 3673 perierunt
3164 3601 3301 3672 (Lib.
3330 3603 3361 3656 7
3387 3604 3441 3656 in
3470 3601 3602 3656 Luc.
3636 3601 3726 3671 xv)
3754 3620 3766 3656 :

2184 3696 2231 3750 si
2259 3704 2314 3751 tu
2356 3696 2521 3751 audes
2549 3696 2766 3760 dicere,
2811 3709 2917 3750 non
2952 3695 3122 3749 solum
3148 3736 3162 3759 ,
3206 3695 3324 3750 Jam
3368 3704 3557 3763 erant;
3585 3711 3767 3751 verum

2185 3789 2365 3854 etiam,
2393 3788 2604 3859 quando
2633 3802 2731 3842 nos
2759 3787 2827 3843 de
2857 3787 2979 3842 liliis
3008 3787 3177 3843 Adam
3197 3829 3211 3853 ,
3241 3787 3456 3858 quando
3495 3797 3767 3857 peccatum

2184 3880 2312 3935 illud
2326 3879 2616 3934 admissum
2633 3887 2734 3945 est,
2748 3877 2930 3933 dicere
2946 3892 3050 3933 non
3072 3877 3350 3945 audemus,
3364 3877 3481 3933 Jam
3500 3880 3607 3933 orti
3623 3889 3769 3934 erant

2185 3974 2398 4029 dolores
2420 3973 2562 4038 Evae,
2588 3971 2798 4041 quando
2827 3986 2922 4026 eos
2943 3971 3083 4026 Deus
3111 3970 3588 4040 multiplicaturum
3611 3984 3670 4025 se
3687 3985 3769 4026 es-

2185 4080 2244 4121 se
2261 4067 2490 4120 minatus
2514 4064 2633 4120 est?
2658 4064 3036 4119 Verumtamen
3065 4079 3170 4117 non
3194 4064 3243 4117 in
3268 4062 3495 4117 naturali
3518 4063 3725 4118 ratione
3751 4065 3765 4095 ⁸

2180 4160 2290 4227 jam
2332 4164 2484 4211 erant
2516 4156 2638 4210 Eva;
2679 4155 2890 4209 dolores
2913 4195 2929 4220 ,
2960 4168 3094 4224 quos
3120 4155 3479 4225 parturientes
3502 4195 3517 4219 ,
3552 4168 3769 4210 necesse

2186 4256 2270 4302 est
2296 4247 2530 4318 perpeti;
2553 4246 2675 4316 quia
2705 4260 2809 4299 non
2837 4258 2931 4300 eos
2956 4244 3097 4298 illam
3129 4257 3349 4299 necesse
3375 4253 3491 4299 erat
3522 4244 3765 4313 perpeti,

2185 4355 2304 4394 cum
2333 4337 2594 4409 parturire
2619 4336 2869 4405 cmpisset
2891 4353 2904 4389 :
2927 4342 3187 4391 venerunt
3220 4334 3416 4404 quippe
3442 4333 3517 4388 illi
3546 4334 3767 4388 damna-

2187 4434 2330 4487 tione
2370 4431 2538 4500 culpm
2562 4470 2576 4494 ,
2609 4445 2715 4483 non
2743 4426 3047 4484 conditione
3090 4433 3314 4479 naturae.
3348 4423 3502 4490 Quod
3532 4439 3633 4479 vos
3677 4442 3766 4481 ne-

2185 4523 2358 4595 gando
2387 4521 2511 4593 quid
2538 4521 2691 4592 agitis
2723 4562 2737 4586 ,
2770 4519 2871 4573 nisi
2896 4526 2954 4572 ut
2978 4518 3030 4571 in
3059 4517 3178 4571 loco
3216 4516 3361 4570 illius
3386 4516 3763 4583 beatitudinis,

2186 4616 2273 4672 ubi
2305 4630 2421 4670 esse
2452 4612 2693 4667 homines
2733 4608 2976 4681 permissi
3019 4623 3122 4662 non
3152 4616 3309 4673 sunt,
3335 4621 3474 4677 quos
3498 4607 3612 4677 jam
3651 4622 3769 4661 eruo

2186 4710 2313 4764 ciari
2344 4706 2659 4777 oportebat,
2687 4704 2954 4759 cruciatus
2998 4700 3275 4755 hominum
3322 4700 3485 4754 etiam
3519 4709 3769 4769 peccante

2187 4801 2401 4857 nemine
2429 4796 2743 4854 eollocctis?
2769 4794 2920 4862 Quod
2967 4794 3153 4863 ignoro
3179 4807 3280 4863 qua
3308 4791 3485 4845 fronte
3531 4792 3765 4857 faciatis;

2187 4893 2287 4949 nisi
2318 4891 2440 4962 quia
2468 4904 2565 4944 vos
2590 4886 2834 4957 paradiso
2868 4884 3167 4939 contrariis
3190 4923 3205 4948 ,
3234 4890 3419 4936 contra
3466 4880 3763 4950 paradisum

2186 4981 2577 5055 quodammodo
2604 4979 2839 5033 habitare
2863 4976 3123 5041 delectat;
3155 4975 3275 5045 quia
3306 4982 3362 5028 et
3386 4973 3558 5028 Adam
3587 4973 3656 5027 de
3683 4987 3766 5042 pa-

2188 5076 2432 5147 paradiso
2475 5073 2675 5143 ejectus
2700 5114 2713 5137 ,
2762 5077 2947 5125 contra
2990 5068 3291 5139 paradisum
3336 5075 3420 5122 est
3478 5067 3763 5122 collocatus

2189 5168 2352 5239 (Gen.
2386 5182 2464 5233 lli,
2490 5164 2581 5228 24,
2612 5179 2709 5216 sec.
2742 5158 2942 5233 LXX).
2974 5161 3090 5215 Jam
3138 5161 3314 5231 itaque
3357 5158 3613 5235 paradiso
3643 5172 3767 5213 con-

2189 5261 2405 5326 trarius,
2433 5264 2626 5328 quanta
2656 5256 2887 5310 vanitate
2929 5263 3112 5326 contra
3144 5252 3448 5323 paradisum
3482 5268 3765 5323 argumen-

2190 5352 2318 5407 teris
2345 5349 2579 5405 attende.
2609 5345 2940 5415 Multiplieari
2979 5360 3085 5400 non
3132 5344 3224 5398 tibi
3255 5343 3526 5409 videntur,
3559 5344 3660 5397 nisi
3707 5355 3763 5395 ea

2189 5462 2309 5517 qua:
2333 5460 2399 5500 cx
2426 5442 2600 5513 aliqua
2645 5452 2795 5511 parte
2829 5440 2939 5509 jam
2981 5439 3249 5504 existunt;
3293 5446 3586 5503 czeterum,
3628 5445 3768 5490 antc-

2189 5552 2348 5610 quam
2377 5536 2501 5603 sint,
2534 5549 2641 5590 non
2676 5532 3016 5604 multiplicari
3054 5539 3210 5604 putas
3243 5529 3469 5589 dicenda
3498 5546 3654 5596 esse,
3679 5527 3769 5584 sed

2256 5719 2270 5747 ι
2298 5713 2434 5773 Editl,
2459 5720 2630 5762 Verum
2652 5708 2796 5773 etiam
2816 5708 2865 5760 in
2884 5707 3097 5759 naturali
3118 5706 3317 5773 ratione.
3334 5712 3516 5757 manes
3530 5711 3656 5760 Mss,
3680 5710 3764 5752 Ve-

2194 5770 2460 5827 rumtamen
2488 5786 2505 5823 :
2528 5773 2660 5823 solus
2682 5772 2836 5822 culex
2878 5779 3001 5820 I’ort.
3028 5770 3307 5833 particulam
3352 5775 3635 5833 negantem,
3659 5776 3763 5829 qua

2192 5839 2557 5890 desiderabatur
2578 5848 2637 5886 eo
2658 5834 2777 5892 loco,
2805 5834 3039 5884 restituit.
