4006 6474
263 463 391 518 ﬁeri.
419 459 578 516 Nulla
611 473 742 530 ergo
767 455 1080 527 multiplicia
1120 464 1431 523 nascuntur,
1475 453 1519 508 si
1547 468 1653 507 non
1682 450 1836 506 addi-

264 553 503 609 lamentis
545 549 985 620 multiplicantur,
1015 546 1066 601 id
1092 556 1193 612 est,
1226 547 1358 600 fiunt
1398 543 1729 614 multiplicia.
1759 543 1836 596 Ac

260 658 351 714 per
372 641 496 707 hoc,
531 641 621 695 ille
666 641 751 709 qui
779 639 951 694 dictus
992 647 1073 692 est
1101 651 1220 692 esse
1247 637 1300 690 in
1325 635 1592 704 Sapientia
1618 633 1836 702 spiritus

255 732 523 802 multiplex
566 730 722 804 (Sap.
754 745 845 791 vn,
871 728 967 798 29.)
988 771 1001 793 ,
1029 728 1118 798 qui
1144 742 1262 783 esse
1295 741 1398 781 non
1429 727 1610 793 cmpit,
1641 723 1733 777 sed
1765 738 1834 777 ex

255 836 452 881 mter-no
498 825 570 878 ita
615 833 732 888 est,
763 837 868 876 non
899 829 1043 875 recte
1086 819 1380 889 appellatus
1417 826 1498 872 est
1538 815 1835 885 multiplex,

253 920 368 989 quia
381 933 502 974 eum
515 916 860 986 multiplicem
878 913 1017 966 nulla
1045 912 1399 966 additamenta
1429 908 1685 963 fecerunt.
1701 905 1836 973 Quid

252 1012 408 1067 etiam
432 1009 674 1065 dicturus
699 1023 756 1062 es
798 1006 866 1061 de
906 1019 1164 1074 responso
1195 1004 1284 1058 Dei
1313 1002 1376 1056 ad
1407 1000 1672 1055 Abraham
1699 1041 1713 1066 ,
1744 998 1832 1052 ubi

253 1103 344 1163 ait,
373 1098 732 1170 Multiplicans
757 1095 1103 1167 multiplicabo
1131 1111 1298 1151 semen
1325 1104 1464 1148 tuum
1507 1093 1637 1146 sicut
1666 1090 1838 1146 stellas

249 1195 357 1248 caeli
378 1190 532 1265 (Gen.
561 1207 693 1257 xx",
720 1191 849 1262 l7)?
874 1188 973 1244 Ubi
1002 1188 1239 1243 videmus
1267 1187 1430 1241 Deum
1458 1184 1837 1254 multiplicasse

249 1284 405 1340 etiam
436 1281 764 1337 stellascaah
785 1323 800 1349 ,
825 1280 962 1334 sicut
1001 1294 1059 1334 se
1088 1277 1330 1348 promisit
1362 1276 1832 1345 multiplicaturum

248 1390 427 1430 semen
455 1372 724 1428 Abrahce?
753 1370 1018 1441 Numquid
1046 1385 1172 1439 ergo
1195 1369 1364 1424 stella:
1390 1368 1510 1423 caeli
1535 1410 1548 1432 ,
1577 1374 1635 1422 ut
1659 1366 1836 1420 multi-

249 1466 593 1536 plicarentnr,
626 1465 903 1535 pauciores
928 1463 1075 1532 prius
1096 1477 1213 1517 esse
1240 1469 1538 1531 coeperunt,
1567 1470 1620 1516 et
1651 1476 1753 1515 non
1779 1461 1831 1515 in

193 1551 208 1566 ⁸
249 1573 470 1612 numero
500 1574 599 1611 suo
642 1557 960 1627 multiplices
1003 1564 1125 1610 sunt
1153 1555 1426 1621 ἰιιειίιυιεε,
1457 1570 1519 1610 ex
1564 1571 1670 1624 quo
1713 1561 1837 1607 sunt

248 1648 504 1702 instituta:
528 1648 589 1703 ‘?
612 1647 719 1704 Cur
742 1664 870 1718 ergo
894 1663 998 1702 non
1025 1647 1101 1701 sic
1122 1647 1318 1716 accipis
1340 1647 1480 1717 quod
1509 1645 1706 1700 dictum
1730 1654 1832 1708 est,

250 1739 602 1814 Multiplicans
647 1739 991 1812 multiplicabo
1021 1740 1250 1795 tristitias
1278 1748 1391 1792 tuas
1416 1753 1435 1791 :
1463 1747 1706 1807 tanquam
1748 1735 1832 1789 di-

247 1830 411 1885 xisset
434 1873 452 1896 ,
487 1829 708 1890 Faciam,
736 1831 978 1884 trisﬁtias
1015 1838 1130 1883 tuas
1173 1828 1530 1897 multiplices,
1566 1827 1664 1880 nisi
1709 1826 1830 1895 quia

245 1921 321 1976 sic
343 1921 479 1991 agis,
514 1930 571 1974 ut
603 1921 654 1974 in
687 1921 1006 1990 paradisum,
1041 1931 1221 1975 contra
1251 1936 1408 1990 quam
1438 1919 1728 1974 Collocutus
1754 1932 1831 1983 es,

245 2013 288 2065 si
316 2011 492 2082 possis
515 2010 823 2066 introducas
847 2011 1076 2077 dolores,
1108 2021 1162 2066 et
1193 2012 1244 2064 in
1272 2011 1390 2065 loco
1419 2018 1577 2063 tanta:
1609 2007 1835 2061 beatitu-

246 2103 383 2158 diuis
429 2111 555 2158 ante
603 2111 878 2172 peccatum
925 2102 1183 2172 prtedices
1236 2101 1478 2156 miserias
1525 2096 1834 2153 institutas?

245 2192 396 2260 Quod
425 2194 571 2248 enim
605 2193 736 2258 Eva,
772 2202 832 2248 ut
859 2193 1117 2259 afﬁrmas,
1154 2208 1274 2248 cum
1304 2190 1578 2246 doloribus
1605 2187 1832 2259 parturi-

247 2285 443 2340 tionem
462 2286 793 2353 naturaliter,
821 2295 1104 2356 antequam
1134 2296 1400 2355 peccaret,
1423 2285 1647 2352 accepit,
1676 2284 1829 2337 istam

247 2391 406 2431 vocas
431 2377 817 2446 parcimoniam
860 2377 1190 2442 naturalem;
1221 2392 1379 2447 quam
1406 2376 1574 2430 videri
1615 2391 1721 2429 non
1753 2373 1834 2428 vis

245 2483 489 2522 eversam
517 2484 582 2524 ex
624 2484 691 2524 eo
735 2469 873 2540 quod
914 2471 1139 2540 amplius
1168 2469 1234 2524 de
1271 2485 1424 2540 poena
1472 2467 1680 2523 mulieri
1725 2469 1834 2523 Deo

246 2559 573 2628 vindicante,
614 2577 734 2616 cum
766 2572 1057 2632 peccasset,
1089 2563 1332 2618 accessit.
1364 2562 1452 2617 Sic
1478 2563 1620 2616 enim
1646 2561 1835 2631 loque-

244 2653 338 2722 ris,
370 2661 428 2706 ut
455 2653 624 2718 dicas,
656 2654 762 2707 Sed
787 2671 888 2708 non
914 2655 1004 2708 illa
1028 2655 1292 2726 ampliatio
1321 2655 1638 2709 miseriarum
1659 2653 1832 2724 parci-

245 2746 467 2799 moniam
498 2745 638 2799 modi
663 2747 912 2800 naturalis
937 2730 1128 2800 evertit:
1163 2746 1393 2801 Proinde
1421 2755 1473 2800 te
1498 2745 1747 2812 docente,
1778 2751 1834 2798 ut

247 2835 457 2890 femiuze
490 2836 540 2889 iu
575 2847 729 2906 partu
756 2837 1094 2893 mediocriter
1121 2837 1354 2902 doleant,
1382 2836 1705 2907 parcimonia
1734 2850 1830 2889 na-

246 2926 430 2981 turalis
477 2935 561 2981 est
595 2943 610 2981 :
649 2926 790 2998 quod
834 2942 964 2984 vero
1006 2929 1206 2998 peccati
1247 2928 1438 2982 merito
1475 2925 1710 2982 additum
1755 2935 1838 2982 est

245 3019 390 3087 Erae,
419 3019 698 3090 ampliatio
737 3020 1072 3074 miseriarum
1101 3028 1200 3075 est.
1233 3019 1341 3074 Nec
1367 3019 1514 3074 vides
1537 3062 1551 3086 ,
1583 3034 1704 3073 cum
1737 3019 1835 3074 ista

243 3111 408 3178 dicis,
437 3114 560 3183 quia
603 3114 647 3167 si
690 3113 955 3183 ampliata:
982 3121 1106 3168 sunt
1134 3113 1362 3168 miseria:
1391 3127 1488 3183 per
1517 3120 1790 3182 peccatum
1816 3126 1834 3177 ;

243 3205 348 3276 jam
378 3205 592 3260 fuerant
620 3206 871 3261 instituta:
890 3221 985 3277 per
1011 3215 1276 3272 naturam,
1301 3215 1352 3260 et
1379 3204 1592 3270 mulier,
1619 3203 1700 3258 cui
1724 3219 1838 3257 am-

243 3296 421 3364 pliatae
466 3307 593 3351 sunt
621 3297 850 3351 miseria:
885 3296 1078 3351 merito
1107 3296 1344 3365 peccati,
1383 3295 1494 3365 jam
1525 3295 1837 3349 naturaliter

243 3389 440 3444 misera
469 3397 586 3443 erat
621 3396 745 3443 ante
775 3400 1074 3458 peccatum.
1107 3388 1187 3443 Tu
1226 3387 1348 3442 licet
1387 3403 1503 3442 eam
1534 3386 1680 3441 dicas
1709 3401 1836 3457 par-

243 3481 474 3537 cimonia
506 3481 735 3536 naturali
786 3481 1127 3536 mediocriter
1153 3480 1439 3546 miseram;
1473 3487 1671 3545 tamen,
1704 3477 1836 3533 velis

244 3572 406 3640 nolis,
436 3572 521 3627 cui
545 3571 679 3627 dicis
717 3573 1005 3628 accessisse
1035 3571 1432 3641 ampliationem
1460 3570 1794 3625 miseriarum
1817 3611 1833 3635 ,

245 3662 488 3733 profecto
512 3672 564 3719 et
585 3674 710 3720 ante
734 3664 870 3720 hanc
890 3666 1247 3720 accessionem
1271 3665 1519 3718 miseram
1541 3663 1833 3719 conﬁteris.

246 3755 390 3811 Ecce
416 3756 558 3826 quod
591 3756 657 3811 de
689 3765 740 3812 te
782 3765 1018 3812 meretur
1042 3765 1227 3812 natura
1260 3755 1490 3810 hominis
1517 3771 1547 3810 a
1589 3755 1698 3810 Deo
1727 3755 1836 3825 pri-

248 3849 411 3902 mitus
438 3849 660 3902 instituti
687 3866 700 3902 :
728 3861 852 3903 ecce
893 3847 1037 3918 quod
1075 3847 1142 3902 de
1181 3855 1234 3903 te
1279 3857 1514 3902 meretur
1557 3847 1836 3916 paradisus

248 3940 365 3996 Dei.
401 3939 612 4010 Ejectus
641 3941 837 4010 quippe
860 3981 874 4003 ,
921 3946 977 3994 et
1003 3949 1186 3993 contra
1231 3955 1352 3993 cum
1381 3939 1668 3993 collocatus
1716 3939 1838 3993 talia

247 4033 552 4088 contrarius
599 4032 912 4099 reddidisti,
941 4042 998 4085 ut
1029 4032 1081 4086 in
1112 4033 1228 4086 loco
1259 4030 1601 4086 beatitudinis
1628 4031 1838 4088 diceres

249 4124 493 4180 miserias
519 4123 774 4178 divinitus
799 4123 1087 4190 institutas,
1121 4139 1226 4178 non
1254 4133 1431 4178 autem
1458 4123 1711 4193 cmpisse,
1738 4122 1834 4178 sed

249 4215 482 4269 crevisse
511 4213 764 4284 peccatis.
797 4213 932 4281 Quid
962 4221 1067 4267 tam
1093 4215 1420 4269 contrarium
1443 4257 1456 4282 ,
1484 4230 1642 4285 quam
1670 4215 1835 4270 mise-

251 4306 329 4360 ria
358 4303 674 4361 beatitudini
695 4347 711 4372 ,
738 4314 789 4360 et
814 4305 1087 4359 beatitudo
1109 4305 1378 4360 miserite?
1400 4307 1504 4361 Aut
1528 4306 1652 4377 quid
1684 4307 1842 4378 signi-

253 4397 397 4464 licet,
427 4395 570 4467 quod
595 4396 662 4450 de
688 4395 932 4466 paradiso
960 4406 1204 4466 peccator
1231 4399 1504 4466 exclusus,
1533 4408 1718 4454 contra
1750 4414 1840 4468 pa-

252 4490 488 4544 radisum
507 4499 590 4544 est
611 4489 934 4551 concentus;
963 4490 1063 4544 nisi
1085 4490 1206 4560 quia
1231 4489 1281 4543 in
1309 4489 1523 4544 miseria
1552 4491 1840 4545 collocatus

251 4588 356 4643 est,
389 4595 508 4648 quae
553 4577 863 4634 beatitudini
908 4579 1022 4633 sine
1066 4579 1378 4648 cujusquam
1422 4578 1841 4634 contradictione

253 4669 339 4724 vel
360 4670 382 4701 ¹
409 4669 740 4724 dubitatione
767 4680 850 4725 est
872 4670 1175 4724 contraria?
1206 4669 1269 4724 Et
1309 4670 1433 4741 quid
1462 4671 1540 4725 sic
1568 4670 1699 4740 fugit
1742 4686 1841 4725 na—

255 4769 396 4826 tura,
428 4769 487 4815 ut
515 4761 783 4815 miseriam
807 4761 829 4815 ?
857 4762 981 4832 quid
1009 4762 1084 4815 sic
1104 4763 1323 4831 appetit,
1349 4771 1404 4815 ut
1434 4761 1842 4818 beatitudinem?

256 4851 496 4921 Denique
526 4851 751 4908 liberum
781 4853 1057 4908 arbitrium
1085 4854 1224 4924 quod
1251 4854 1318 4910 de
1351 4855 1447 4910 hac
1475 4871 1533 4911 re
1562 4855 1841 4924 habemus,

257 4946 328 4999 ita
380 4947 533 5002 nobis
578 4949 889 5003 naturaliter
921 4949 1135 5004 insitum
1184 4939 1302 5018 cst,
1351 4961 1408 5006 ιιι
1438 4953 1577 5007 nulla
1630 4954 1845 5010 miseria

257 5037 413 5092 nobis
441 5039 611 5109 possit
633 5040 828 5095 auferri
861 5041 1001 5112 quod
1034 5043 1213 5098 miseri
1241 5059 1360 5099 csse
1385 5045 1645 5111 nolumus,
1675 5055 1730 5101 et
1754 5063 1848 5103 vo-

256 5131 436 5186 lumus
466 5147 584 5186 esse
621 5131 781 5187 beati.
822 5132 1000 5206 Usque
1043 5135 1176 5190 adeo
1208 5145 1263 5192 ut
1300 5138 1409 5206 jam
1451 5138 1546 5209 ipsi
1573 5140 1661 5210 qui
1705 5140 1848 5197 male

257 5222 486 5276 vivendo
513 5232 640 5278 sunt.
666 5223 879 5292 miseri,
909 5227 1046 5282 male
1078 5229 1255 5285 vivere
1279 5230 1493 5300 quidem
1527 5233 1710 5298 velint,
1741 5249 1842 5288 no-

257 5313 366 5366 lEnt
389 5322 562 5368 tamen
592 5329 714 5370 esse
761 5316 939 5371 miseri
964 5361 978 5381 ,
1007 5318 1098 5372 sed
1146 5319 1306 5374 beati.
1343 5321 1452 5378 lloc
1490 5332 1573 5379 est
1617 5324 1844 5380 liberum

256 5404 535 5461 arbitrium
577 5407 775 5462 nostris
819 5411 1084 5466 mentibus
1117 5412 1462 5486 innmobiliter
1492 5417 1652 5472 fixum
1675 5459 1690 5485 ,
1739 5434 1846 5476 non

257 5512 373 5562 quo
401 5495 534 5555 bene
559 5514 722 5570 agere
748 5502 995 5557 volumus
1019 5544 1034 5570 ,
1062 5519 1184 5560 nam
1213 5504 1264 5560 id
1292 5504 1521 5562 humana
1567 5508 1845 5580 iniquitate

250 5621 258 5626 ’
331 5633 350 5699 ξ
374 5637 436 5699 es
452 5640 556 5685 MS.
573 5633 810 5699 addbnus,
833 5647 898 5699 ea;
919 5649 1014 5699 quo
1035 5638 1399 5694 mitissimus.

263 5756 276 5768 ο
329 5697 363 5766 Io
379 5697 532 5758 vign.,
555 5696 841 5768 cujusquam
861 5696 1151 5768 dubitatione
1172 5710 1241 5754 est
1261 5704 1521 5759 contraria.
1545 5711 1610 5758 Ex
1635 5713 1742 5759 Mss.
1760 5708 1843 5759 ad-

259 5761 485 5818 jectum,
511 5761 886 5820 contradictione
905 5761 994 5812 vel.

1621 330 1827 389 LIBER
1865 329 2148 386 SEXTUS.

3392 335 3534 399 ιδεθ

1950 449 2216 519 potuimus
2244 450 2490 506 amittere
2514 494 2527 518 ,
2561 460 2610 506 ct
2651 451 2817 522 gratia
2845 451 3022 509 divina
3065 469 3347 526 possumus
3392 458 3534 512 reci-

1948 555 2106 610 perc;
2139 541 2232 598 sed
2260 543 2484 598 liberum
2511 543 2787 598 arbitrium
2819 560 2923 615 quo
2944 546 3082 602 beati
3108 562 3229 604 esse
3258 548 3528 614 volumus,

1947 643 2000 688 et
2025 636 2202 690 miseri
2232 638 2495 704 nolumus,
2528 654 2626 694 nec
2654 639 2833 694 miseri
2861 649 3081 709 possunt
3109 643 3356 699 amittere
3379 687 3394 711 ,
3426 660 3528 700 nec

1947 725 2106 780 beati.
2135 727 2284 783 Beati
2326 731 2519 801 quippe
2559 745 2748 786 omnes
2793 746 2914 787 esse
2950 733 3230 802 volumus,
3261 735 3401 806 quod
3435 737 3534 806 ipsi

1947 833 2157 888 quoque
2189 820 2486 891 pltiloSophi
2515 821 2672 892 huius
2699 823 2876 879 smculi
2899 865 2914 890 ,
2949 832 3002 878 et
3026 825 3326 882 Academici
3355 827 3423 882 de
3450 842 3533 883 re-

1949 908 2047 962 bus
2075 911 2322 966 omnibus
2364 912 2708 979 dubitantes,
2743 922 2878 969 teste
2919 922 3143 984 patrono
3178 931 3276 971 suo
3315 917 3490 972 Tullio
3512 959 3527 982 ,

1947 1000 2114 1055 coacti
2139 1011 2260 1056 sunt
2286 1003 2528 1059 conﬁteri
2555 1023 2568 1060 :
2594 1004 2749 1075 idque
2771 1021 2933 1059 unum
2955 1020 3074 1060 esse
3103 1006 3367 1074 dixerunt,
3391 1009 3532 1078 quod

1945 1089 2300 1161 disputatione
2330 1109 2433 1149 non
2460 1103 2634 1165 egeat,
2664 1095 2803 1164 quod
2833 1111 2989 1150 nemo
3014 1095 3205 1165 estqui
3239 1110 3343 1148 non
3372 1110 3534 1164 expe-

1949 1188 2038 1233 tat.
2073 1181 2182 1236 Hoc
2203 1183 2476 1239 arbitrium
2498 1184 2722 1240 liberum
2753 1185 3032 1256 adjuvatur
3053 1201 3146 1254 per
3173 1185 3264 1240 Dei
3290 1185 3530 1256 gratiam.

1948 1279 2004 1324 nt
2050 1272 2191 1342 quod
2225 1276 2535 1330 naturaliter
2564 1276 2806 1330 volumus
2831 1318 2845 1342 ,
2879 1277 2981 1331 hoc
3006 1285 3088 1331 est
3132 1276 3286 1330 beate
3315 1276 3493 1330 vivere

1948 1361 2082 1416 bene
2111 1363 2340 1417 vivendo
2369 1364 2568 1420 habere
2605 1367 2892 1436 possimus.
2924 1367 2989 1421 Et
3021 1375 3072 1420 tu
3103 1365 3267 1432 dicis,
3297 1365 3536 1434 quamvis
3587 1419 3590 1422 .

1947 1453 2242 1507 mediocres
2264 1455 2529 1521 miserias,
2558 1464 2732 1512 tamen
2760 1457 3024 1523 miserias,
3052 1455 3362 1510 beatitudini
3392 1455 3537 1509 nullo

1947 1557 2191 1616 negante,
2220 1547 2366 1624 nullo
2394 1549 2695 1619 ambigente
2715 1549 3028 1615 contrarias,
3055 1548 3105 1602 in
3134 1548 3317 1618 primis
3347 1545 3527 1617 operi-

1946 1637 2043 1691 bus
2074 1638 2163 1691 Dei
2189 1680 2203 1704 ,
2233 1638 2376 1693 nullo
2401 1638 2712 1709 cujusquam
2745 1639 3079 1710 praecedente
3110 1645 3351 1708 peccato,
3379 1647 3532 1690 natu-

1945 1731 2127 1785 raliter
2151 1731 2439 1798 institutas,
2461 1741 2514 1786 ut
2532 1731 2735 1787 scilicet
2760 1731 3073 1803 peecatricis
3093 1732 3332 1786 mulieris
3350 1745 3532 1801 poena,

1947 1831 2164 1891 propter
2207 1839 2364 1894 quam
2410 1823 2608 1878 dictum
2654 1832 2768 1892 est,
2800 1824 3146 1895 Multiplicans
3191 1823 3536 1893 multiplicabo

1945 1914 2172 1967 tristitias
2202 1923 2335 1978 tuas,
2367 1929 2472 1968 non
2505 1914 2574 1968 sit
2603 1915 2863 1968 institutio
2894 1915 3224 1969 miseriarum
3251 1955 3266 1981 ,
3294 1927 3412 1982 qua:
3432 1953 3446 1978 ,
3479 1921 3536 1966 ιιι

1943 2004 2098 2067 dicis,
2125 2003 2232 2074 jam
2262 2003 2432 2060 fuerat
2462 2006 2513 2060 in
2543 2015 2727 2060 natura
2754 2024 2767 2070 ;
2791 2006 2884 2059 sed
2911 2005 3180 2075 ampliatio
3205 2020 3323 2075 qua:
3347 2017 3529 2058 acces-

1944 2101 2010 2151 sit
2036 2115 2100 2153 ex
2132 2113 2305 2167 pmna.
2338 2096 2475 2166 Quid
2507 2113 2604 2169 ego
2625 2098 2733 2170 jam
2765 2107 2936 2153 tecum
2965 2112 3116 2168 agam
3157 2096 3224 2150 de
3254 2095 3531 2166 sequenti-

1947 2189 2043 2241 bus
2070 2189 2159 2244 Dei
2187 2190 2382 2255 verbis,
2409 2189 2496 2244 ubi
2526 2199 2866 2260 posteaquam
2893 2189 3026 2243 dixit
3049 2187 3191 2259 quod
3221 2186 3287 2242 ad
3319 2201 3531 2256 ptenam

1945 2279 2304 2348 pertinebat‘,
2334 2278 2399 2334 In
2429 2280 2634 2333 tristitia
2671 2280 2834 2350 paries
2862 2281 2996 2348 ﬁlios
3013 2298 3034 2347 ;
3070 2294 3191 2333 mox
3218 2277 3438 2343 addidit,
3464 2275 3533 2330 Et

1944 2371 2013 2423 ad
2037 2372 2198 2425 virum
2237 2382 2379 2426 tuum
2423 2373 2679 2427 conversio
2705 2382 2789 2426 tua
2812 2412 2827 2436 ,
2859 2381 2904 2426 et
2949 2373 3057 2441 ipse
3086 2372 3160 2424 tui
3189 2368 3533 2424 dominabitur

1950 2461 2097 2531 (Gen.
2129 2479 2206 2530 ιιι,
2241 2462 2369 2536 l6)?
2393 2463 2530 2534 Quid
2574 2480 2707 2532 Opus
2735 2473 2818 2518 est
2863 2474 2918 2518 nt
2967 2472 3139 2518 tecum
3181 2461 3304 2518 inde
3342 2459 3532 2515 conﬂi-

1944 2571 2088 2624 gam,
2115 2565 2295 2610 utrum
2325 2557 2423 2611 ista
2459 2556 2756 2611 dominatio
2801 2556 2895 2610 viri
2927 2572 3079 2625 pmna
3115 2557 3182 2610 sit
3226 2555 3436 2610 femina:
3462 2570 3532 2610 an

1946 2645 2078 2700 ordo
2102 2647 2349 2702 naturte?
2375 2663 2533 2717 quem
2579 2657 2752 2702 tamen
2782 2647 3024 2701 ordinem
3073 2661 3180 2701 non
3205 2660 3533 2701 commemo—

1946 2737 2087 2790 ravit
2130 2735 2291 2803 Deus,
2339 2737 2553 2806 quando
2600 2736 2855 2800 condidit,
2904 2736 2998 2791 scd
3045 2735 3258 2806 quando
3310 2736 3532 2806 punivit.

1947 2825 2166 2893 Verum,
2197 2835 2254 2881 ut
2283 2826 2425 2893 dixi,
2458 2827 2582 2898 quid
2611 2841 2745 2896 Opus
2771 2837 2852 2882 est
2879 2827 2930 2880 in
2961 2843 3026 2882 eo
3065 2827 3321 2882 remorari
3347 2867 3362 2895 ,
3391 2825 3533 2898 quod

1947 2917 2255 2972 utrumlibet
2281 2916 2372 2983 sit,
2403 2927 2639 2972 nostram
2691 2934 2792 2972 non
2839 2917 3058 2986 impedit
3082 2917 3344 2972 causam?
3373 2917 3534 2972 Pror-

1945 3019 2037 3060 sus
2079 3007 2254 3074 Deus,
2296 3022 2325 3061 a
2367 3008 2627 3076 supplicio
2681 3007 2820 3078 quod
2867 3006 3137 3078 inﬁigebat
3175 3007 3421 3072 mulieri,
3467 3006 3533 3061 ad

1947 3099 2364 3169 praecipiendum
2409 3098 2571 3159 fuerit
2597 3110 2818 3169 repente
2859 3113 3182 3165 conversus,
3212 3105 3266 3153 et
3295 3097 3535 3166 jubendo

1948 3205 2053 3243 non
2082 3187 2385 3243 damnando
2412 3189 2625 3255 dixerit,
2658 3188 2739 3240 Ad
2768 3189 2923 3241 virum
2952 3198 3089 3240 tuum
3117 3187 3371 3242 conversio
3399 3197 3486 3240 tua
3505 3229 3521 3254 ,

1946 3291 1992 3335 et
2032 3282 2141 3353 ipse
2180 3282 2255 3334 tui
2284 3281 2665 3334 dominabitur:
2691 3278 2815 3348 quid
2865 3281 2964 3333 hoc
3013 3278 3077 3333 ad
3122 3279 3470 3348 quaestionem
3496 3321 3512 3346 ,

1945 3387 2102 3441 quam
2128 3371 2194 3426 de
2217 3370 2477 3440 supplicio
2512 3369 2822 3440 peccatricis
2863 3369 2960 3423 ista
2994 3368 3353 3439 disputatione
3392 3384 3518 3423 vcr-

1945 3462 2164 3516 samus?
2192 3461 2267 3516 De
2298 3460 2530 3515 miseriis
2553 3470 2725 3515 tecum
2755 3475 2874 3530 ago,
2903 3475 3034 3531 quas
3057 3459 3123 3516 de
3156 3458 3400 3530 paradiso
3428 3459 3538 3530 eje-

1946 3564 2062 3610 ctus
2107 3553 2261 3625 eique
2306 3555 2645 3619 contrarius,
2693 3553 2745 3608 in
2789 3552 3035 3624 paradiso
3078 3552 3254 3606 locare
3285 3552 3533 3617 conaris;

1947 3662 2144 3718 easque
2184 3662 2286 3701 non
2318 3646 2653 3718 peccantium
2685 3646 2924 3710 meritis,
2953 3645 3046 3700 scd
3089 3645 3197 3699 Deo
3224 3654 3534 3698 naturarum

1948 3737 2242 3792 institutori
2267 3778 2281 3801 ,
2315 3748 2564 3807 tanquam
2595 3748 2649 3792 et
2697 3736 2839 3807 ipsas
2869 3734 3183 3789 naturaliter
3209 3734 3534 3800 instituerit,

1947 3838 2040 3882 tuo
2072 3828 2274 3900 pudore
2316 3837 2588 3897 pereunte,
2621 3837 2674 3882 et
2713 3844 2808 3880 ore
2847 3825 3250 3897 blasphemante
3277 3825 3533 3881 tribuere.

1951 3919 2043 3975 Dic
2068 3920 2176 3988 jam
2203 3919 2330 3990 quid
2361 3920 2518 3973 etiam
2558 3919 2624 3973 de
2649 3919 2747 3972 viri
2777 3933 2929 3988 pcena
2955 3915 3276 3988 persuadere
3303 3917 3494 3971 nitaris
3521 3935 3533 3970 :

1948 4008 2375 4081 quandoquidem
2404 4009 2514 4080 jam
2564 4009 2694 4063 satis
2732 4017 2835 4072 est,
2878 4007 3002 4078 quid
3047 4008 3144 4063 ista
3190 4009 3381 4062 mulier
3421 4023 3540 4077 qua:

1949 4112 2072 4158 ante
2112 4111 2389 4174 peccatum
2434 4101 2577 4156 nuda
2617 4110 2731 4156 erat
2772 4109 2827 4156 et
2869 4116 2976 4156 non
3016 4099 3460 4166 confundebatur,
3491 4107 3542 4153 te

1951 4192 2170 4248 nudavit
2199 4200 2356 4262 atque
2385 4190 2643 4246 confudit.

2019 4283 2232 4339 XXVII.
2261 4284 2382 4339 JUL.
2427 4283 2624 4339 Verum
2683 4283 2944 4338 sufﬁciant
2989 4282 3086 4337 ista
3131 4281 3197 4336 de
3255 4279 3481 4334 muliere
3513 4321 3528 4344 ,

1953 4388 2284 4433 transeamus
2329 4377 2393 4431 ad
2426 4375 2525 4431 viri
2549 4378 2745 4430 munia.
2791 4376 2952 4441 Adw,
2993 4375 3191 4444 inquit,
3221 4371 3390 4425 dixit:
3425 4369 3543 4423 Mu-

1951 4472 2135 4526 lediaa
2177 4482 2310 4526 terra
2358 4472 2409 4524 in
2441 4471 2676 4542 operibus
2717 4471 2853 4533 tuis;
2883 4469 2934 4522 in
2973 4468 3174 4521 tristitia
3215 4463 3543 4518 manducabis

1951 4579 2060 4616 eam
2085 4563 2312 4616 omnibus
2333 4561 2505 4614 diebus
2523 4561 2634 4614 vitro
2659 4569 2778 4622 tum;
2795 4558 2967 4628 spinas
2994 4566 3041 4610 et
3061 4555 3269 4609 tribulos
3295 4553 3406 4607 edet
3429 4554 3538 4620 tibi,

1951 4664 1997 4706 et
2024 4653 2138 4706 edes
2167 4657 2339 4723 fenum
2365 4653 2475 4723 agri
2501 4653 2572 4705 tui
2596 4667 2614 4705 :
2635 4653 2685 4705 in
2714 4651 2896 4705 sudore
2917 4648 3068 4719 faciei
3096 4658 3196 4702 tum
3221 4647 3338 4702 edes
3360 4663 3542 4717 panem

1953 4752 2112 4806 tuum,
2142 4743 2300 4796 donec
2327 4743 2632 4796 convertaris
2675 4743 2727 4796 in
2767 4753 2949 4796 terram
2981 4741 3043 4794 de
3069 4756 3169 4810 qua
3208 4750 3434 4810 sumptus
3457 4755 3542 4805 es;

1950 4835 2188 4903 quoniam
2217 4842 2347 4887 terra
2375 4850 2427 4888 es
2451 4875 2466 4900 ,
2495 4843 2540 4888 et
2569 4833 2622 4886 in
2667 4842 2850 4886 terram
2880 4832 2973 4886 ibis
3001 4831 3019 4902 (
3040 4829 3167 4886 Gen.
3193 4847 3249 4885 ιιι
3275 4875 3288 4897 ,
3317 4831 3478 4886 17-19
3498 4829 3539 4903 ).

1953 4925 2050 4980 llic
2077 4939 2181 4980 non
2209 4933 2291 4980 est
2316 4925 2541 4992 dictum,
2572 4924 2928 4995 Multiplicabo
2959 4924 3138 4994 spinas
3169 4932 3306 4987 tuas,
3334 4932 3424 4976 aut
3454 4937 3544 4976 su-

1954 5017 2110 5074 dores
2142 5027 2260 5073 tuos
2292 5037 2304 5071 :
2338 5018 2431 5073 sed
2461 5018 2612 5090 quasi
2641 5029 2766 5073 tunc
2797 5019 3022 5088 primum
3064 5027 3237 5074 creata
3270 5016 3538 5071 dicuntur.

1955 5113 2023 5166 At
2050 5111 2208 5166 etiam
2242 5111 2399 5182 hujus
2425 5111 2646 5178 invidia,
2669 5127 2772 5166 non
2806 5111 3006 5180 majore
3032 5127 3186 5181 quam
3215 5109 3400 5164 uxoris
3426 5107 3540 5176 ejus

1954 5203 2137 5258 labore
2175 5203 2524 5259 dissolvitur:
2556 5203 2706 5257 initio
2747 5204 2942 5274 quippe
2987 5218 3089 5257 non
3130 5201 3318 5257 semini
3363 5199 3538 5253 homi-

1955 5295 2070 5357 nis,
2104 5294 2196 5348 sed
2243 5294 2405 5349 humo
2434 5294 2786 5349 maledicitur.
2818 5293 2881 5348 In
2910 5295 3008 5348 tuis
3043 5292 3292 5362 aperibus,
3328 5290 3538 5360 inquit,

1953 5385 2221 5441 maledicta
2269 5397 2402 5441 terra
2446 5388 2560 5442 erit.
2607 5387 2743 5456 Quid
2796 5387 3106 5443 commerita
3157 5383 3367 5438 fuerant
3411 5397 3537 5437 arva

1957 5478 2097 5550 (qua:
2129 5489 2274 5536 certe
2318 5480 2384 5536 de
2429 5481 2646 5538 traduce
2678 5480 2805 5536 Ade
2838 5479 3032 5535 habere
3062 5476 3189 5532 nihil
3221 5474 3530 5547 poterant),

2023 5692 2036 5722 ι
2066 5693 2223 5755 vign.,
2247 5695 2374 5759 quod
2397 5695 2462 5745 ad
2497 5693 2760 5760 pertinebat
2777 5706 2796 5756 ;
2818 5703 2994 5744 omisso
3009 5725 3024 5755 ,
3048 5703 3238 5757 pomum
3253 5729 3268 5754 ,
3293 5702 3424 5753 quon
3446 5695 3541 5744 huc

1955 5769 2239 5808 τεγοειιιιιιιδ
2263 5771 2324 5808 CX
2353 5766 2441 5805 \ZSS
