4006 6476
481 391 616 449 156⁸1

479 513 537 559 ut
577 516 674 572 pro
716 506 934 570 peccato
958 499 1245 558 voluntatis
1284 503 1472 558 alienze
1498 500 1796 557 convicium
1842 496 2062 552 maledi-

477 592 670 648 ctionis
720 591 1065 662 exciperent?
1095 592 1179 648 An
1217 601 1279 648 ut
1306 593 1467 650 etiam
1513 592 1752 662 ipsorum
1799 589 2062 658 cespitum

477 682 758 738 doceretur
784 682 1052 754 exemplo,
1077 697 1236 754 posse
1260 697 1383 740 esse
1408 681 1772 749 maledictum,
1790 679 1879 735 ubi
1907 678 2060 749 culpa

475 791 582 830 non
631 776 816 831 esset?
840 775 973 831 Nam
1002 775 1049 831 si
1092 778 1146 832 in
1177 775 1395 832 homine
1433 784 1708 846 peccatum
1735 816 1750 840 ,
1783 773 1834 828 in
1879 783 2060 844 segete

473 867 840 934 maledictum;
868 865 1211 924 manifestum
1249 876 1332 923 est
1355 866 1580 922 crimina
1605 880 1708 920 non
1734 880 1946 935 semper
1965 863 2058 918 ad~

472 959 680 1015 hzerere
717 959 1028 1030 dispendiis.
1075 960 1134 1016 Si
1167 974 1294 1030 ergo
1340 968 1555 1030 propter
1591 958 1690 1012 hoc
1727 956 2060 1012 maledicitur

472 1061 655 1117 terrae,
681 1059 738 1105 ut
759 1050 847 1106 ille
876 1052 967 1121 qui
1002 1058 1313 1121 peccaverat
1339 1049 1636 1120 afﬂigatur,
1662 1063 1760 1104 nec
1787 1058 1964 1102 tamen
1985 1045 2058 1102 ibi

471 1142 742 1212 iniquitas,
767 1141 857 1198 ubi
887 1143 1187 1198 maledictio
1207 1143 1510 1198 continetur
1534 1159 1547 1196 :
1579 1157 1674 1197 cur
1701 1157 1806 1196 non
1838 1157 1900 1196 ea
1929 1155 2058 1196 con-

469 1226 692 1302 ditione,
721 1234 926 1288 etiamsi
947 1233 1074 1305 quid
1097 1249 1454 1288 aerumnarum
1481 1241 1682 1287 naturzn
1710 1241 1906 1286 nostra:
1936 1238 2057 1300 post

468 1331 748 1392 peccatum
801 1323 954 1392 primi
1005 1323 1235 1378 hominis
1276 1322 1558 1378 doceretur
1607 1321 1848 1387 illatum,
1876 1329 2052 1375 tamen

467 1422 785 1484 sequeretur
827 1429 934 1468 non
973 1412 1094 1468 ideo
1137 1413 1361 1468 miseros
1390 1427 1510 1467 esse
1538 1420 1818 1468 nascentes
1842 1453 1857 1476 ,
1890 1419 1947 1464 ut
1976 1410 2054 1465 rei

467 1504 929 1570 convincerentur;
948 1503 1044 1559 sed
1062 1502 1633 1559 utcommemoratione
1650 1501 1849 1570 peccati
1871 1500 2049 1570 primi,

467 1592 687 1648 afﬂictio
729 1592 1057 1649 succedanea
1085 1593 1168 1647 his
1211 1607 1346 1663 quos
1377 1606 1497 1649 reos
1528 1606 1632 1646 non
1675 1589 1906 1655 fecerat,
1935 1591 2052 1644 imi-

472 1687 688 1742 tationis
712 1686 863 1741 mala:
892 1685 1142 1741 indiceret
1171 1684 1506 1740 cautionem?
1532 1682 1971 1752 Quandoquidem
1997 1691 2051 1737 ct

467 1784 611 1830 terra
631 1777 702 1832 ob
730 1777 833 1831 hoc
851 1776 1223 1832 ostenderetur
1251 1775 1519 1831 maledicti
1546 1774 1842 1830 convicium
1865 1783 2048 1843 pertu-

464 1866 613 1934 lisse,
634 1874 690 1921 ut
703 1866 897 1921 malum
915 1867 1102 1922 aliena:
1129 1866 1413 1922 voluntatis
1432 1872 1698 1936 argueret,
1719 1879 1823 1919 non
1841 1873 1900 1920 ut
1924 1879 2050 1934 par-

464 1958 828 2029 ticipationem
855 1960 937 2013 sui
981 1959 1221 2015 criminis
1252 1959 1493 2030 gigneret
1522 1975 1534 2012 :
1565 1957 1664 2032 nisi
1693 1956 1832 2026 forte
1857 1957 2046 2012 creda-

462 2065 583 2105 mus
612 2050 908 2106 chariorem
946 2052 1057 2108 Deo
1085 2061 1279 2107 terram
1307 2066 1446 2118 esse,
1478 2066 1636 2122 quam
1665 2052 2042 2118 innocentiam,

462 2149 521 2193 ut
563 2140 767 2196 scelere
812 2142 986 2196 alieno
1027 2156 1147 2197 cum
1197 2141 1408 2214 glebam
1453 2158 1559 2196 non
1592 2143 1819 2212 patiatur
1842 2142 2042 2212 pollui,

461 2230 634 2286 addici
653 2241 826 2287 tamen
842 2233 1109 2302 permittat
1120 2233 1414 2288 infantiam.
1433 2233 1767 2289 Maledictum
1781 2248 1908 2302 ergo
1922 2233 2046 2288 diri-

465 2322 671 2393 giturin
697 2332 910 2388 terram,
925 2339 1025 2379 nec
1042 2332 1218 2379 tamen
1239 2323 1340 2378 hoc
1361 2325 1533 2394 ipsum
1561 2323 1875 2393 relinquitur
1896 2323 2048 2380 invo-

459 2415 651 2470 lutum.
680 2416 970 2471 Disseritur
997 2417 1190 2488 quippe
1227 2433 1332 2486 quo
1363 2415 1466 2471 fine
1494 2414 1756 2485 ejusmodi
1782 2417 2043 2470 sententia

457 2506 787 2573 tenderetur,
809 2508 895 2562 vel
937 2506 1206 2576 quomodo
1252 2505 1446 2560 humus
1493 2504 1775 2560 maledicta
1822 2519 2044 2562 vocare-

457 2608 564 2652 tur.
599 2596 662 2650 In
690 2597 923 2662 tristitia,
958 2596 1158 2666 inquit,
1186 2595 1512 2650 manducabis
1547 2612 1656 2650 eam
1685 2595 1911 2651 omnibus
1931 2598 2043 2652 die-

457 2687 548 2739 bus
571 2688 683 2740 vita:
702 2695 819 2739 ttae.
841 2686 957 2754 Quo
981 2686 1138 2756 igitur
1155 2701 1353 2755 genere
1372 2701 1432 2741 se
1451 2695 1683 2756 exponat
1702 2727 1716 2751 ,
1740 2687 1941 2742 adverti
1951 2695 2002 2743 to
2024 2707 2039 2743 :

457 2776 739 2831 maledicta
770 2776 968 2832 dicitur
998 2785 1134 2831 terra
1153 2818 1168 2844 ,
1199 2791 1304 2831 non
1335 2791 1441 2847 quo
1469 2777 1521 2831 in
1548 2791 1665 2831 eam
1689 2777 2041 2832 animadverti

455 2868 712 2936 quiverit,
765 2867 858 2921 sed
909 2867 1011 2922 hoc
1057 2867 1274 2922 nomine
1320 2867 1502 2937 Opinio
1553 2866 1716 2921 animi
1766 2868 2042 2923 mmrentis

454 2959 788 3024 ostenditur;
818 2960 1140 3030 utquoniam
1179 2959 1418 3015 sterilem
1463 2957 1664 3014 sciebat
1690 2974 1788 3029 pro
1825 2959 2042 3016 cultoris

455 3051 538 3105 sui
586 3050 823 3116 meritis,
855 3048 1113 3120 aegritudo
1157 3049 1444 3106 esurientis
1487 3048 1718 3120 operarii
1751 3050 2043 3120 imputaret

455 3151 612 3196 terra:
638 3140 778 3212 quod
797 3141 909 3210 ipse
936 3148 1322 3211 promeruerat,
1341 3149 1397 3195 et
1424 3139 1761 3195 maledictam
1777 3139 2043 3196 eamallli-

452 3240 574 3286 ctus
594 3239 825 3296 vocaret,
844 3231 996 3300 cujus
1017 3230 1137 3286 ideo
1156 3230 1505 3287 claudebatur
1528 3231 1797 3302 Opimitas,
1822 3241 1878 3287 ut
1904 3248 2040 3303 prae-

452 3320 816 3376 varicatorille
836 3335 934 3374 nec
950 3328 1212 3384 naturam,
1233 3334 1334 3375 nec
1353 3330 1573 3386 terram,
1592 3320 1686 3376 sed
1713 3322 2038 3378 voluntatem

453 3419 616 3481 atque
650 3425 928 3480 personam
965 3425 1114 3465 suam
1139 3411 1422 3468 maledicto
1453 3412 1704 3468 fateretur
1729 3413 2036 3470 obnoxiam.

454 3502 668 3572 Spinas,
698 3502 887 3573 inquit,
917 3511 962 3558 et
987 3501 1198 3558 tribulos
1224 3502 1334 3558 edet
1355 3504 1462 3557 tibi.
1499 3503 1613 3559 Non
1636 3503 1734 3560 fuit
1757 3515 2065 3564 contentus‘

453 3594 636 3650 dicere
659 3635 676 3661 ,
705 3593 897 3666 Spinas
939 3611 998 3648 ac
1023 3594 1233 3649 tributos
1284 3593 1393 3648 edet
1425 3594 1474 3662 ';
1520 3593 1615 3650 sed
1659 3594 1897 3664 addidit,
1927 3596 2036 3651 tibi.

452 3685 598 3741 lntcr
623 3686 844 3757 virgulta
887 3686 1080 3757 quippe
1121 3685 1223 3740 alia
1247 3726 1263 3753 ,
1295 3694 1351 3742 et
1394 3688 1636 3756 veprium
1671 3685 1888 3742 frutices
1912 3687 2040 3743 olim

450 3777 600 3848 jussa
631 3778 926 3849 protulerat
951 3795 963 3832 :
990 3786 1116 3832 tunc
1130 3793 1279 3846 vero,
1303 3785 1361 3832 ut
1384 3786 1828 3848 compungeretur
1855 3779 2037 3847 homo,

452 3869 611 3924 solito
649 3870 963 3925 senticosior
1003 3868 1176 3924 futura
1205 3869 1548 3938 promittitur.
1575 3870 1727 3938 Quod
1754 3870 1922 3926 Adam
1949 3887 2040 3927 ve-

452 3961 730 4016 hementer
752 3962 1010 4033 castigare
1030 3971 1256 4032 poterat,
1280 3978 1438 4034 quem
1458 3972 1578 4034 post
1605 3964 1834 4034 paradisi
1866 3964 2040 4021 fontes

453 4059 508 4105 et
555 4058 735 4120 prata,
763 4051 923 4105 etiam
954 4066 1088 4105 unus
1116 4052 1283 4106 rubus
1314 4061 1495 4122 posset
1531 4052 1828 4110 offendere.
1861 4053 1928 4108 In
1960 4071 2039 4109 sn-

455 4142 580 4195 dore
606 4151 781 4195 autem
806 4142 954 4212 faciei
985 4151 1087 4194 tua:
1109 4142 1226 4195 edes
1255 4159 1437 4212 panem
1480 4154 1656 4210 tuum;
1684 4159 1789 4199 non
1817 4145 1947 4199 satis
1972 4145 2038 4200 ad

460 4247 754 4286 aerumnam
784 4231 936 4287 video
980 4232 1285 4301 pertinere:
1318 4233 1579 4302 siquidem
1610 4235 1771 4289 etiam
1798 4235 2040 4290 naturale

458 4324 824 4395 adiumentum
849 4333 950 4388 est,
982 4332 1037 4378 ut
1056 4324 1388 4394 cperantium
1405 4334 1552 4379 artus
1571 4325 1764 4383 sudore
1794 4343 2039 4382 recreen-

460 4430 567 4475 tur.
627 4418 709 4474 llli
746 4428 920 4474 autem
959 4427 1086 4474 ante
1127 4427 1404 4490 peccatum
1447 4419 1690 4474 laborem
1737 4421 2040 4478 incubuisse

464 4509 687 4566 cultum
719 4509 874 4564 lectio
901 4509 1012 4579 ipsa
1042 4517 1281 4564 testatur.
1317 4510 1404 4565 Sic
1429 4510 1570 4565 enim
1597 4511 1707 4565 ait:
1736 4511 1804 4564 Et
1827 4515 2041 4583 sumpsit

457 4603 715 4658 Dominus
746 4601 878 4656 Deus
901 4603 1154 4657 hominem
1185 4618 1332 4667 quem
1353 4603 1497 4673 fecit,
1527 4612 1574 4658 et
1613 4605 1777 4674 posuit
1815 4605 1959 4658 illum
1984 4606 2038 4660 in

454 4695 716 4767 paradiso,
740 4695 938 4766 operari
959 4713 1070 4750 eum
1094 4705 1140 4750 et
1153 4697 1404 4751 custodire
1428 4696 1574 4769 (Gen.
1602 4713 1660 4765 tt,
1694 4697 1801 4770 l5).
1828 4697 1882 4754 Si
1911 4714 2039 4770 ergo

455 4786 614 4841 etiam
659 4785 710 4840 in
759 4785 1000 4854 paradiso
1035 4787 1202 4842 noluit
1239 4803 1361 4844 eum
1407 4788 1547 4844 Deus
1579 4789 1765 4858 pabula
1795 4807 2040 4846 examns-

456 4878 556 4933 sim
603 4877 876 4933 illaborata
919 4879 1226 4949 suscipere,
1278 4880 1372 4935 sed
1426 4880 1623 4935 indicto
1666 4883 2036 4952 operatioais,

453 4983 613 5038 quam
661 4967 922 5023 indiderat
947 4970 1194 5025 excitavit
1229 4970 1568 5036 industriam;
1594 4972 1719 5042 quid
1746 4974 1795 5027 ci
1838 4989 2037 5030 novum

453 5058 711 5113 accidisse
752 5058 1016 5113 credimus
1040 5100 1055 5128 ,
1083 5061 1127 5115 si
1156 5061 1379 5117 sentiret
1419 5061 1667 5116 sudorem
1691 5104 1708 5130 ,
1737 5063 1826 5132 qui
1871 5079 2044 5136 expc:

453 5151 692 5208 ricbatur
721 5151 980 5207 laborem?
1003 5152 1252 5224 Sequitur
1277 5163 1455 5210 autem
1487 5173 1499 5208 :
1524 5153 1697 5208 Donec
1732 5159 2038 5213 convertat-is

451 5243 506 5296 in
532 5254 718 5298 terram
746 5259 809 5298 ea:
847 5259 944 5314 qua
970 5254 1197 5316 sumptus
1223 5262 1313 5312 es;
1337 5245 1574 5317 quoniam
1613 5255 1748 5300 terra
1788 5263 1840 5300 es
1865 5269 1892 5313 ,λ
1911 5255 1957 5302 et
1979 5249 2034 5302 in

455 5346 641 5391 terram
677 5338 788 5393 ibis.
819 5338 940 5394 llaec
969 5353 1098 5396 sane
1131 5355 1253 5411 pars
1281 5351 1519 5397 extrema
1545 5343 1822 5398 sententia:
1845 5385 1862 5411 ,
1897 5346 2037 5401 sicut

455 5429 542 5486 illa
573 5431 808 5486 mulieris
832 5473 846 5498 ,
889 5431 956 5487 ad
984 5431 1236 5510 indicium
1261 5435 1282 5465 '
1305 5475 1320 5498 ,
1348 5448 1455 5489 non
1498 5433 1565 5490 ad
1593 5435 1914 5506 supplicium
1944 5451 2034 5492 re-

453 5524 646 5592 spicit:
674 5524 800 5595 quin
839 5523 944 5579 imo
965 5565 979 5592 ,
1005 5533 1063 5580 ut
1086 5539 1172 5582 res
1197 5525 1396 5582 indicat
1415 5567 1429 5593 ,
1461 5526 1728 5599 promisso
1759 5525 1864 5582 fine
1891 5543 2026 5584 con-

521 5697 537 5728 ί
564 5703 626 5746 Ex
647 5703 752 5766 Mss.
776 5698 882 5766 fide
913 5701 1200 5766 addidimus,
1228 5710 1325 5754 Non
1350 5701 1439 5766 fuit
1461 5707 1701 5753 contentus
1725 5701 1905 5764 dicere,
1930 5702 2027 5759 ςιιὶ-

462 5770 549 5807 nas
567 5773 624 5807 ac
643 5759 838 5811 tributos
861 5762 987 5812 edet.

521 5821 541 5850 ⁸
567 5819 699 5881 mliti,
722 5825 782 5871 ad
810 5823 1058 5883 iudicium.
1081 5827 1411 5876 Emendautur
1437 5841 1496 5876 cx
1517 5827 1770 5875 manuscrit
1790 5827 1852 5874 tis

1123 388 1370 448 OPERIS
1409 385 1822 446 IMPERFECTI
1861 384 2132 441 CONTRA
2171 381 2531 453 JULIANUM,
2569 385 2627 444 S.
2669 387 3032 447 AUGUSTINI

3616 394 3756 453 1568

2171 495 2372 552 solatur
2395 497 2688 556 hominem.
2718 501 2852 569 Quia
2883 503 3026 559 enim
3051 518 3210 575 supra
3235 517 3757 565 commemoraverat

2169 586 2380 643 dolores
2400 629 2416 655 ,
2443 589 2688 660 labores,
2713 592 2967 662 sudores,
2999 610 3227 665 quorum
3263 611 3479 653 sensum
3527 605 3753 662 natura,

2167 681 2496 740 nimietatem
2534 700 2759 756 persona
2800 699 3141 758 susceperat;
3170 705 3238 746 ne
3262 689 3367 745 hoc
3395 690 3449 748 in
3489 699 3752 746 aeternum

2167 773 2436 830 videretur
2467 777 2722 845 extendi,
2752 779 2996 836 mitificat
3023 781 3040 812 ¹
3067 781 3439 853 aegritudinem
3486 783 3750 839 terminus

2168 863 2427 921 indicatus
2455 881 2470 920 :
2494 880 2558 922 ae
2583 867 2628 921 si
2655 867 2895 935 diceret,
2926 869 3122 925 Verum
3149 885 3259 926 non
3298 885 3512 942 semper
3536 872 3636 926 ista
3661 887 3755 942 pa-

2167 954 2346 1024 tieris;
2374 957 2466 1012 sed
2487 958 2645 1013 donec
2676 961 2978 1015 converteris
2997 961 3053 1016 in
3091 971 3277 1015 terram
3301 961 3365 1017 de
3389 979 3492 1034 qua
3517 972 3754 1033 sumptus

2163 1048 2392 1117 es;quia
2416 1057 2550 1104 terra
2588 1066 2674 1118 es,
2701 1050 2893 1122 inquit,
2918 1061 2965 1107 et
3007 1053 3062 1107 in
3091 1061 3274 1106 terram
3313 1053 3426 1109 ibis.
3453 1052 3562 1110 Cur
3599 1069 3708 1108 non
3728 1093 3748 1120 ,

2163 1148 2442 1208 postquam
2484 1140 2646 1208 dixit,
2689 1141 2848 1196 donec
2889 1143 3198 1198 convertat-is
3233 1144 3288 1198 in
3307 1152 3493 1198 terram
3543 1144 3609 1198 de
3648 1160 3753 1215 qua

2160 1239 2390 1302 sumptus
2411 1247 2497 1297 es;
2520 1231 2786 1298 subdidit,
2819 1233 2951 1302 Quia
2979 1234 3207 1304 peccasti
3248 1244 3305 1292 et
3332 1251 3448 1291 mea
3476 1245 3752 1306 prmcepta

2161 1329 2522 1392 transgressus
2566 1324 2668 1378 es?
2695 1323 2808 1379 lloc
2829 1324 2974 1380 cnint
3008 1323 3296 1381 dicendum
3340 1335 3455 1382 erat
3475 1367 3491 1394 ,
3520 1326 3567 1381 si
3593 1340 3747 1381 reso-

2160 1412 2290 1468 lutio
2318 1428 2604 1484 corporum
2639 1415 2706 1470 ad
2749 1418 2972 1472 erimina
3016 1419 3329 1488 pertineret.
3372 1417 3566 1474 Verum
3615 1419 3747 1488 quid

2157 1502 2328 1559 dixit?
2357 1504 2490 1572 Quia
2514 1515 2647 1560 terra
2667 1523 2739 1574 es,
2765 1507 2968 1579 inquit,
2996 1519 3042 1562 et
3078 1509 3132 1563 in
3161 1518 3347 1565 terram
3377 1508 3490 1564 ibis.
3515 1509 3749 1566 Causam

2157 1610 2254 1650 cur
2281 1595 2333 1650 in
2362 1603 2558 1650 terram
2603 1597 2874 1654 rediturus
2913 1609 3090 1668 esset,
3131 1599 3405 1655 ostendit:
3433 1599 3566 1668 Quia
3609 1609 3750 1655 terra

2157 1701 2246 1750 es,
2290 1683 2480 1755 inquit.
2533 1685 2812 1752 Quomodo
2863 1699 3040 1743 autem
3083 1700 3225 1745 esset
3278 1697 3448 1757 terra,
3495 1689 3748 1760 superior

2156 1788 2334 1830 sermo
2374 1775 2699 1846 patefacerat
2727 1796 2740 1833 :
2775 1779 2907 1846 Quia
2927 1778 2990 1834 de
3013 1790 3165 1845 terra,
3199 1781 3388 1851 inquit,
3413 1790 3644 1847 sumptus
3668 1799 3745 1836 es.

2155 1865 2210 1920 Si
2242 1882 2370 1936 ergo
2399 1867 2654 1923 redeundi
2685 1869 2736 1923 in
2761 1878 2977 1938 terram,
3006 1870 3144 1926 hanc
3167 1886 3287 1927 esse
3315 1869 3577 1926 rationem
3607 1871 3749 1926 dixit

2155 1958 2296 2013 Deus
2316 1999 2330 2022 ,
2362 1960 2615 2029 quoniam
2667 1958 2840 2015 fuerat
2865 1973 3170 2032 assumptus
3218 1977 3249 2018 e
3281 1971 3421 2018 terra
3447 2003 3462 2028 ,
3492 1977 3656 2033 porro
3688 1973 3748 2017 ut

2152 2057 2535 2119 assumeretur,
2580 2049 2647 2104 ad
2693 2051 3026 2122 iniquitatem
3084 2062 3325 2124 spectare
3371 2068 3477 2108 non
3531 2055 3741 2125 potuit;

2153 2141 2530 2211 proculdubio
2561 2157 2667 2197 non
2721 2143 3052 2213 iniquitatis,
3098 2145 3195 2200 sed
3241 2154 3444 2201 natura:
3493 2147 3744 2203 mortalis

2152 2231 2281 2299 fuit,
2310 2241 2369 2286 ut
2405 2234 2493 2303 qui
2525 2243 2760 2288 aeternus
2787 2248 2892 2288 non
2916 2244 3060 2300 erat,
3096 2234 3150 2289 in
3176 2237 3419 2306 corporis
3445 2247 3594 2307 parte
3628 2238 3744 2293 sol-

2149 2332 2383 2379 verctur.
2439 2324 2530 2378 Illa
2585 2340 2714 2395 ergo
2753 2324 3006 2382 sterilitas
3047 2326 3296 2382 arborum
3319 2368 3333 2391 ,
3360 2328 3449 2382 illa
3486 2329 3740 2398 veprium

2151 2415 2364 2470 ubertas
2385 2457 2400 2481 ,
2433 2415 2521 2472 illa
2550 2416 2676 2486 tegri
2718 2426 2902 2486 partus
2954 2425 3107 2472 aucta
3155 2418 3468 2486 calamitas,
3489 2420 3740 2489 personis

2152 2507 2423 2563 hominum
2453 2517 2575 2562 sunt
2600 2508 2746 2563 illata
2771 2551 2784 2574 ,
2812 2523 2915 2564 non
2939 2509 3142 2580 generi.
3172 2509 3412 2580 Denique
3433 2511 3544 2580 jam
3595 2512 3741 2566 natis

2149 2599 2275 2655 Cain
2304 2607 2359 2655 et
2388 2599 2520 2655 Abel
2543 2601 2697 2655 unius
2729 2610 2931 2655 natura:
2961 2600 3242 2667 ambobus,
3272 2603 3365 2658 sed
3386 2602 3732 2659 diversarum

2148 2692 2483 2747 voluntatum
2509 2733 2525 2759 ,
2554 2707 2653 2748 nec
2687 2692 2817 2747 Cain
2842 2703 3034 2763 sponte
3078 2694 3319 2764 peecanti
3367 2694 3564 2763 profuit
3590 2695 3740 2766 quod

2147 2796 2270 2837 eum
2303 2790 2518 2851 peccata
2544 2782 2710 2852 patris
2737 2799 2840 2837 non
2884 2795 3221 2853 presserant,
3257 2785 3526 2842 necAbeli
3548 2788 3739 2842 nocuit

2147 2871 2290 2942 quod
2313 2882 2560 2942 parentes
2584 2872 2700 2942 ejus
2735 2873 3068 2944 deliquerant
3097 2892 3110 2928 :
3141 2874 3237 2930 sed
3277 2885 3467 2946 suopte
3507 2885 3738 2947 uterque

2143 2961 2343 3032 judicio
2391 2977 2491 3017 nec
2515 2963 2725 3017 virtutis
2769 2963 2900 3031 sibi,
2931 2979 3030 3020 nec
3066 2965 3178 3018 vitii
3228 2965 3470 3021 naturale
3509 2965 3739 3022 infuisse

2148 3054 2513 3124 prtejudicium
2547 3056 2695 3109 vario
2730 3057 3004 3126 praposito
3025 3099 3040 3123 ,
3070 3056 3175 3114 fine
3203 3059 3349 3112 vario
3377 3059 3736 3129 publicarunt.

2147 3143 2337 3201 Functi
2364 3147 2560 3217 quippe
2586 3145 2764 3202 officio
2797 3148 3134 3203 sacerdotum
3161 3189 3179 3215 ,
3207 3148 3474 3206 conditori
3494 3164 3592 3205 suo
3619 3151 3745 3206 Deo

2145 3239 2349 3294 hostias
2375 3238 2697 3294 obtulerunt.
2743 3239 3006 3295 Czctcrum
3045 3256 3138 3310 per
3164 3231 3476 3312 obsequium
3499 3282 3516 3309 ,
3560 3242 3740 3313 impar

2145 3347 2272 3389 cura
2302 3332 2576 3388 discrevit.
2621 3331 2879 3388 Patefecit
2919 3333 3019 3388 hoc
3062 3332 3240 3387 divina
3282 3333 3582 3399 sententia,
3609 3350 3737 3404 qua:

2145 3425 2522 3496 complacitum
2577 3425 2678 3481 sibi
2744 3440 2937 3480 munus
2983 3425 3166 3481 Abelis
3219 3425 3493 3481 ostendit:
3525 3425 3738 3483 offensu

2145 3525 2325 3571 autem
2369 3515 2500 3572 Cain
2529 3530 2743 3571 causam
2790 3530 2902 3570 sute
2944 3514 3324 3586 indignationis
3371 3517 3616 3586 aperuit,
3651 3518 3739 3573 di-

2145 3619 2273 3661 cens
2318 3617 2439 3662 eum
2485 3604 2621 3662 bene
2667 3605 2955 3672 obtulisse,
2985 3606 3078 3662 sed
3120 3607 3258 3662 male
3309 3607 3577 3665 divisisse.
3621 3608 3738 3664 Nec

2145 3711 2295 3753 mora
2319 3697 2517 3753 exarsit
2544 3695 2797 3768 profanus
2827 3698 3037 3752 animus
3061 3697 3114 3752 in
3139 3698 3380 3763 livorem,
3407 3709 3462 3755 et
3490 3701 3742 3770 germani

2147 3788 2429 3844 sanctitate
2452 3799 2701 3859 gravatus
2726 3830 2741 3854 ,
2772 3787 3112 3858 parricidium
3139 3789 3467 3860 gratificatur
3493 3790 3736 3846 invidire.

2145 3878 2221 3934 Ita
2245 3877 2412 3948 prima
2441 3877 2722 3932 occasione
2746 3875 2937 3932 claruit
2953 3877 3160 3931 malum
3188 3893 3292 3931 non
3325 3893 3444 3935 esse
3466 3887 3698 3934 mortem
3716 3921 3740 3948 ,

2145 3969 2284 4040 quod
2308 3985 2424 4023 eam
2447 3969 2623 4039 justus
2653 3968 2854 4038 primus
2900 3968 3134 4022 omnium
3181 3968 3466 4023 dedicavit.
3506 3969 3617 4024 Nec
3647 3979 3735 4025 ta-

2144 4076 2267 4115 men
2301 4061 2431 4114 iram
2478 4059 2570 4114 Dei
2599 4058 2764 4113 animi
2805 4059 2972 4114 sontis
2999 4059 3217 4114 audacia
3267 4059 3467 4132 cffugit.
3499 4060 3738 4118 Interro-

2145 4159 2298 4222 gatur
2342 4150 2410 4206 de
2454 4151 2650 4218 fratre,
2677 4151 3011 4205 convincitur
3064 4150 3133 4207 de
3181 4151 3414 4220 scelere,
3464 4153 3736 4214 addicitur

2146 4241 2372 4309 ultioni,
2402 4248 2456 4295 et
2483 4251 2633 4296 extra
2678 4257 2799 4296 cum
2846 4249 3150 4308 terrorem,
3189 4243 3275 4313 qui
3316 4245 3363 4298 ci
3394 4259 3491 4314 pro
3535 4245 3740 4317 insigni

2145 4331 2471 4387 crudelitatis
2501 4332 2521 4362 '
2567 4330 2836 4396 incubuit,
2890 4341 3047 4386 terrae
3091 4349 3302 4404 quoque
3354 4335 3737 4394 maledictione

2147 4422 2361 4492 punitur
2384 4439 2397 4475 :
2419 4419 2757 4489 'Maledictus,
2782 4423 2970 4494 inquit,
2991 4433 3044 4476 tu
3069 4440 3100 4476 a
3128 4433 3282 4489 terra,
3314 4442 3425 4494 qtae
3449 4428 3648 4497 aperuit
3677 4445 3738 4484 os

2145 4531 2290 4569 suum
2317 4514 2540 4582 accipere
2566 4514 2862 4585 sanguinem
2883 4515 3058 4586 fratris
3089 4516 3162 4569 tui
3187 4515 3250 4568 de
3275 4527 3359 4570 tua
3389 4534 3542 4572 manu
3559 4534 3581 4583 ,°
3601 4536 3736 4592 quo-

2145 4605 2282 4658 niam
2312 4603 2597 4674 operaberis
2625 4615 2809 4658 terram
2827 4646 2842 4670 ,
2872 4615 2920 4660 et
2947 4622 3045 4659 non
3087 4606 3293 4676 adjiciet
3319 4607 3553 4662 virtutem
3583 4625 3738 4665 suam

2146 4700 2268 4751 dare
2287 4697 2374 4750 tibi
2396 4695 2547 4766 (Gen.
2595 4713 2669 4763 tv,
2695 4694 2871 4765 5-12).
2919 4696 3058 4751 Ecce
3087 4696 3263 4752 denuo
3291 4699 3544 4755 sterilitas
3575 4709 3739 4760 terra:

2146 4792 2200 4847 in
2241 4808 2394 4862 poena
2443 4791 2669 4846 cultoris
2721 4788 2988 4844 indicitur.
3022 4787 3305 4844 innumera
3343 4799 3520 4847 autem
3564 4807 3738 4863 gene-

2146 4883 2220 4938 ris
2246 4882 2266 4914 ³
2295 4890 2553 4937 tormenta
2595 4881 2646 4935 in
2686 4874 3101 4934 Deuteronomio
3145 4880 3543 4949 promittuntur.
3593 4882 3738 4949 Quid

2145 4973 2316 5043 ergo?
2345 4979 2648 5026 nostrarum
2676 4969 2890 5024 dumeta
2917 4978 3202 5035 terrarum,
3234 4969 3423 5040 quibus
3451 4981 3740 5043 amputan-

2145 5063 2228 5119 dis
2248 5078 2485 5119 rnncone
2513 5071 2750 5117 armatus
2774 5062 2948 5116 cultor
2983 5061 3258 5132 invigilat,
3287 5078 3381 5132 per
3404 5059 3530 5117 Cain
3557 5066 3738 5134 parri-

2145 5154 2343 5210 cidium
2388 5152 2789 5226 germinarunt?
2836 5151 2909 5207 Et
2952 5152 3076 5222 quia
3125 5153 3300 5207 omnis
3346 5153 3549 5223 spinosi
3593 5157 3739 5210 ruris

2144 5246 2391 5302 dominus
2414 5289 2429 5310 .
2461 5255 2681 5317 peccato
2727 5243 2869 5315 quod
2914 5245 3186 5314 spinarum
3217 5243 3460 5300 ubertate
3485 5245 3735 5316 punitum

2144 5348 2259 5406 est,
2293 5354 2325 5394 a
2353 5337 2503 5394 vobis
2548 5344 2764 5409 putatur
2802 5335 3110 5400 obnoxius;
3145 5350 3333 5390 omnes
3360 5335 3469 5406 jam
3525 5339 3736 5408 parvuli

2145 5449 2250 5488 non
2279 5431 2449 5487 solum
2475 5429 2774 5486 comedisse
2801 5443 2959 5499 poma
2979 5467 2996 5496 ,
3027 5427 3271 5498 quamvis
3302 5437 3593 5484 nascantur
3613 5429 3737 5485 sine

2144 5524 2397 5580 dentibus
2419 5563 2434 5588 ,
2463 5521 2557 5578 sed
2588 5521 2750 5576 etiam
2790 5519 2972 5575 Abelis
3011 5519 3322 5591 sanguinem
3367 5518 3621 5576 effudisse
3646 5519 3736 5575 di-

2211 5640 2225 5669 ι
2251 5638 2323 5687 Sic
2345 5644 2450 5687 Mss.
2477 5642 2526 5685 ln
2549 5637 2706 5698 \'ign.,
2729 5631 2953 5697 rivi/ient.

2208 5703 2226 5731 ³
2251 5700 2410 5765 (mox
2436 5705 2582 5757 t‘ort.,
2607 5697 2651 5747 et
2668 5705 2808 5747 extra
2839 5709 2947 5747 eum
2971 5703 3241 5763 tremorem,
3273 5698 3358 5762 qui
3379 5697 3424 5751 ei
3443 5709 3532 5764 pro
3553 5697 3736 5765 insigni

2146 5761 2444 5811 crmlrlitate.

2213 5826 2230 5855 ³
2251 5832 2406 5879 l-‘orte,
2430 5819 2571 5872 huius
2597 5820 2782 5869 ueneris
