3994 6472
242 398 384 457 i569

237 512 459 569 centur’
508 512 741 584 Apparet
794 515 975 570 certe,
1028 503 1094 557 ad
1139 515 1298 571 quem
1355 499 1588 551 furorem
1638 508 1827 563 perve-

240 604 354 658 niat
382 605 395 634 ³
431 582 843 657 Manichaeorum
874 594 1060 650 tradux
1090 608 1105 644 :
1135 606 1252 661 qua:
1294 588 1543 658 quoniam
1574 582 1704 637 nihil
1733 582 1830 635 ha—

237 695 331 750 bet
358 702 555 765 praeter
595 691 879 745 amentiam
904 728 920 753 ,
963 686 1101 740 ridet
1138 683 1205 738 de
1256 677 1586 749 argumentis
1627 673 1824 730 vestris

234 785 639 842 Catholicorum
696 781 928 852 gravitas
953 779 975 809 ’
1002 793 1018 843 ;
1046 776 1140 831 sed
1185 772 1254 828 de
1300 770 1468 827 ruinis
1503 765 1693 823 vestris
1731 778 1826 819 co-

239 878 488 934 rumdem
520 876 693 944 plorat
714 871 944 929 alfectio.

311 970 451 1025 Ave.
482 969 681 1037 Nempe
702 966 829 1020 nihil
848 963 955 1033 agit
976 971 1061 1016 tua
1085 968 1192 1015 tam
1222 957 1471 1012 diuturna
1496 962 1551 1009 et
1569 951 1829 1023 operosis-

232 1064 377 1117 sima
406 1062 691 1131 disputatio
719 1058 786 1114 de
825 1072 979 1128 poena
1025 1053 1182 1124 primi
1213 1049 1442 1104 hominis
1465 1087 1480 1113 ,
1513 1047 1613 1101 nisi
1645 1056 1701 1099 ut
1730 1043 1832 1098 bac

240 1164 531 1211 extenuata
555 1194 571 1219 ,
598 1154 756 1208 etiam
801 1151 913 1220 ipsa
935 1148 1091 1217 culpa
1118 1152 1439 1200 extenuetur
1463 1182 1478 1206 ,
1511 1155 1630 1209 quae
1660 1152 1831 1207 prona:

242 1248 405 1318 hujus
444 1245 742 1316 ingestione
766 1242 1013 1298 damnata
1062 1247 1164 1295 est.
1217 1237 1282 1291 Et
1326 1235 1427 1287 hoc
1456 1231 1585 1285 facis
1617 1236 1833 1298 propter

242 1340 407 1395 verba
451 1335 575 1393 libri
623 1335 767 1401 mei,
799 1333 884 1389 cui
935 1328 1227 1401 respondes
1253 1368 1268 1393 ,
1295 1341 1413 1396 qua:
1458 1322 1551 1378 tibi
1583 1330 1830 1390 tanquam

241 1428 612 1499 redarguenda
639 1425 913 1497 proponis,
947 1423 1034 1478 ubi
1067 1421 1195 1485 dixi,
1233 1416 1373 1471 Illud
1398 1431 1516 1484 ergo
1544 1423 1829 1483 peceatum,

243 1520 383 1591 quod
411 1521 578 1589 ipsum
604 1518 855 1571 hominem
881 1515 931 1567 in
962 1512 1198 1584 paradiso
1222 1507 1425 1562 mutavit
1447 1506 1499 1559 in
1522 1505 1686 1576 pejus,
1715 1502 1834 1573 quia

244 1610 409 1664 multo
424 1620 503 1663 est
524 1607 767 1678 grandius
784 1622 935 1676 quam
944 1604 1182 1675 judicare
1203 1617 1290 1654 nos
1313 1612 1597 1669 possumus,
1616 1595 1678 1648 ab
1699 1593 1835 1647 omni

246 1709 482 1755 nascente
508 1699 741 1753 trahitur.
772 1692 844 1753 Ut
866 1712 991 1765 ergo
1015 1710 1119 1748 non
1158 1692 1398 1746 videatur
1422 1686 1622 1759 grande
1650 1701 1836 1755 pecca-

208 1832 215 1838 .
247 1799 385 1854 tum,
408 1804 514 1861 quo
543 1787 775 1858 potuerit
816 1786 865 1840 in
894 1786 1129 1840 deterius
1160 1791 1343 1836 natura
1372 1778 1561 1833 mutari
1587 1820 1601 1843 ,
1636 1777 1749 1831 leve
1773 1789 1837 1830 ac

250 1896 417 1950 prope
469 1879 671 1933 nullum
711 1877 1021 1948 supplicium
1070 1889 1189 1929 esse
1218 1870 1493 1927 contendis
1538 1868 1677 1939 quod
1726 1882 1837 1920 mc-

248 1972 377 2025 ruit.
413 1970 544 2024 llinc
589 1978 671 2023 est
700 1966 841 2038 quod
892 1965 1227 2019 maledictum
1260 1970 1455 2016 terram
1506 1959 1556 2012 in
1584 1955 1838 2026 operibus

250 2059 676 2131 praevaricatoris
704 2066 979 2128 retorqnes
1005 2055 1070 2109 ad
1099 2053 1171 2108 tui
1196 2051 1458 2122 dogmatis
1480 2048 1790 2120 pravitatem
1820 2064 1833 2099 :

251 2156 377 2209 hinc
406 2150 652 2223 estquod
699 2150 879 2221 Spinas
907 2160 959 2204 et
992 2146 1212 2203 tribulos
1236 2186 1252 2212 ,
1282 2155 1337 2199 et
1366 2152 1650 2211 antequam
1678 2139 1840 2193 homo

249 2254 522 2315 peccaret,
548 2240 717 2296 fuisse
742 2239 938 2294 asseris
963 2237 1273 2300 institutos;
1305 2226 1425 2288 cum
1455 2232 1596 2287 Deus
1618 2230 1731 2284 haec
1761 2228 1841 2282 in-

248 2343 332 2389 ter
348 2348 454 2387 sua
488 2332 731 2402 primitus
757 2330 995 2384 instituta
1025 2342 1127 2381 non
1156 2324 1412 2390 nominet,
1444 2319 1537 2376 sed
1565 2320 1615 2374 in
1649 2333 1841 2391 pecea-

249 2425 384 2478 toris
412 2420 676 2493 supplicio
712 2421 1067 2493 comminetnr
1095 2434 1107 2469 :
1144 2415 1267 2470 hinc
1296 2422 1377 2468 est
1406 2411 1548 2482 quod
1591 2408 1841 2464 sudorem

248 2514 565 2575 laborantis,
599 2520 656 2566 ut
686 2525 791 2565 non
823 2510 951 2564 satis
982 2508 1047 2561 ad
1076 2520 1369 2561 utrumnam
1396 2503 1662 2573 pertinere
1687 2500 1842 2555 vidc-

246 2614 434 2669 retur,
468 2605 629 2660 etiam
670 2602 910 2657 naturale
950 2600 1312 2668 adjumentum
1352 2609 1474 2651 esse
1520 2591 1735 2655 dixisti,
1785 2597 1845 2643 ut

247 2697 460 2750 scilicet
479 2694 810 2766 operantium
834 2700 981 2745 artus
1008 2689 1202 2745 sudore
1228 2692 1566 2750 recreentur;
1592 2691 1842 2752 tanquam

251 2788 398 2842 Deus
440 2786 542 2841 ista
584 2783 767 2839 dicens
804 2799 907 2837 non
948 2781 1209 2850 irrogaret
1234 2776 1550 2848 supplicium
1580 2789 1676 2843 pro
1714 2785 1839 2841 pec-

248 2887 374 2933 cato
399 2919 414 2944 ,
444 2875 539 2931 sed
577 2874 729 2930 daret
766 2874 982 2942 insuper
1024 2870 1324 2939 praemium.
1377 2866 1688 2934 Quanquam
1745 2860 1847 2915 hoc

249 2982 491 3038 congrue
516 2966 815 3021 diceremus
839 3006 852 3029 ,
884 2963 926 3016 si
960 2961 1205 3016 sudorem
1246 2954 1444 3011 laboris
1474 2955 1544 3008 ita
1570 2953 1841 3017 laudares,

252 3071 309 3115 ut
344 3068 473 3113 tunc
498 3056 702 3112 diceres
733 3054 1026 3108 institutum
1046 3066 1063 3104 ξ
1085 3065 1221 3103 nunc
1239 3059 1414 3103 autent
1434 3054 1625 3100 ctante
1656 3057 1846 3112 pecca-

253 3162 370 3205 tum
399 3150 479 3204 sic
504 3147 738 3203 afﬁrmas
765 3147 816 3199 in
845 3143 1091 3214 paradiso
1123 3140 1391 3194 hominem
1419 3136 1759 3199 collocatum,
1790 3141 1847 3187 ut

252 3245 534 3311 operando
579 3248 773 3293 terram
818 3235 933 3289 sine
974 3233 1155 3287 labore
1201 3245 1305 3284 non
1348 3235 1529 3289 esset;
1559 3225 1707 3296 quasi
1740 3239 1846 3278 non

252 3342 443 3403 posset
471 3330 559 3385 illa
590 3329 845 3390 ﬁrmitas,
872 3335 928 3380 et
958 3324 1098 3378 nulla
1141 3320 1422 3376 inlirmitas
1447 3317 1709 3388 corporis,
1741 3330 1846 3369 non

252 3427 432 3481 solum
474 3425 587 3480 sine
606 3424 809 3488 labore,
835 3434 1017 3476 verum
1044 3418 1202 3473 etiam
1230 3430 1351 3470 cum
1373 3412 1535 3467 animi
1556 3411 1844 3479 voluptate,

253 3518 403 3589 quod
433 3518 698 3573 delectare
719 3522 948 3586 poterat,
981 3509 1209 3581 operari.
1238 3507 1343 3563 Sed
1373 3521 1468 3560 cur
1494 3504 1596 3559 hoc
1627 3502 1846 3565 dixeris,

255 3610 511 3665 occulere
529 3606 811 3678 nequivisti
841 3623 853 3659 :
876 3603 1209 3678 apertissime
1230 3599 1425 3670 quippe
1448 3595 1705 3666 loqueris,
1727 3609 1850 3648 cum

256 3702 419 3757 addis
443 3742 459 3767 ,
487 3699 624 3765 Quid
648 3713 830 3753 novum
858 3695 1099 3749 accidisse
1133 3691 1367 3753 dicimus,
1395 3688 1439 3743 si
1466 3687 1668 3741 sentiret
1700 3687 1853 3740 sudo~

258 3811 403 3859 rem,
450 3796 533 3862 qui
570 3788 913 3860 experiebatur
954 3781 1220 3839 laborem?
1264 3781 1563 3835 Tantumne
1608 3787 1659 3833 te
1702 3775 1855 3830 libuit

260 3887 600 3958 quietissimo
630 3885 902 3939 beatorum
937 3880 1053 3934 loco
1078 3919 1091 3943 ,
1122 3892 1228 3932 non
1257 3876 1429 3929 solum
1458 3871 1697 3927 tristitias
1734 3884 1856 3939 par-

265 3979 536 4035 turitionis
583 3970 635 4031 in
676 3974 886 4030 feminis
907 4014 921 4038 ,
955 3985 1138 4026 verum
1167 3969 1326 4023 etiam
1368 3965 1421 4020 in
1448 3964 1577 4019 viris
1604 3961 1854 4016 sudorem

264 4072 471 4128 laboris
497 4069 802 4133 immittere,
832 4074 886 4120 ut
918 4065 1025 4118 Deo
1056 4062 1341 4117 damnante
1367 4098 1383 4123 ,
1445 4054 1577 4111 nihil
1611 4051 1739 4109 novi
1767 4052 1857 4105 da-

266 4173 458 4219 mnato
477 4162 682 4217 diceres
700 4156 988 4213 accidisse?
1014 4154 1312 4210 Tantumne
1342 4149 1519 4203 illudis
1543 4162 1603 4201 ac
1630 4145 1859 4216 despicis

267 4258 613 4312 severitatem
634 4253 656 4285 ²
685 4251 800 4318 Dei,
824 4258 881 4304 ut
909 4248 1049 4320 quod
1082 4245 1335 4315 irrogavit
1361 4244 1448 4297 ille
1475 4241 1771 4313 poenaliter,
1802 4246 1859 4292 tu

268 4356 529 4405 donatum
563 4346 869 4401 naturaliter
906 4339 1217 4397 asscvcres?
1248 4338 1301 4391 Si
1333 4337 1461 4391 nihil
1506 4334 1629 4390 novi
1659 4331 1861 4387 homini

270 4441 535 4497 accidisse
563 4439 695 4493 dicis
718 4479 733 4503 ,
766 4436 849 4490 cui
880 4436 1018 4489 licus
1046 4432 1216 4496 dixit,
1248 4429 1311 4483 In
1356 4428 1539 4484 sudore
1563 4425 1715 4496 {aciei
1762 4433 1863 4477 tua:

272 4534 392 4588 edes
418 4546 598 4602 panem
624 4539 795 4592 tuum;
826 4532 1017 4597 negato
1048 4524 1149 4577 hoc
1180 4523 1346 4576 Deum
1375 4519 1574 4575 dixisse
1599 4518 1861 4573 damnan—

275 4636 408 4680 tem.
440 4626 520 4677 An
544 4622 783 4677 dicturus
806 4635 866 4674 es
886 4661 898 4683 ,
928 4618 1017 4673 Ille
1046 4617 1256 4687 quidem
1300 4614 1568 4668 hominem
1596 4609 1865 4666 damnavit

278 4718 365 4771 his
392 4715 588 4780 verbis,
619 4712 710 4768 sed
741 4711 869 4766 nihil
894 4708 1094 4764 homini
1123 4722 1187 4761 ex
1206 4706 1306 4759 hoc
1325 4703 1516 4759 accidit
1539 4701 1660 4756 novi
1678 4702 1701 4755 ?
1722 4701 1863 4769 Ergo

278 4808 370 4860 ille
397 4804 686 4864 damnavit.
718 4801 811 4856 sed
840 4816 944 4855 non
973 4808 1053 4853 est
1080 4797 1179 4851 iste
1217 4791 1534 4849 damnatus?
1558 4791 1866 4847 Frustratns

279 4910 358 4954 est
385 4898 617 4967 impetus
643 4894 858 4949 ultionis
878 4935 893 4959 ,
926 4902 1173 4961 tanquam
1202 4889 1339 4943 Deus
1372 4886 1534 4940 telum
1570 4881 1787 4953 ejecerit
1812 4888 1868 4936 et

282 5010 386 5047 non
419 4990 649 5061 potuerit
673 4988 829 5043 ferire
853 5001 1009 5056 quem
1042 4981 1244 5037 voluit?
1291 4979 1421 5042 Imo,
1455 4977 1660 5047 inquis,
1702 4981 1755 5029 et
1776 4974 1868 5029 da-

282 5094 497 5138 mnatus
524 5091 624 5147 est,
658 5090 712 5135 et
741 5080 872 5134 nihil
900 5078 947 5132 ei
977 5075 1168 5131 accidit
1196 5073 1336 5128 novi.
1364 5072 1462 5128 llic
1488 5070 1652 5126 risum
1687 5077 1869 5122 tenere

281 5176 500 5232 diflicile
544 5173 731 5229 est.'Si
775 5170 918 5226 enim
965 5167 1249 5222 damnatus
1286 5171 1400 5229 est,
1429 5171 1481 5218 et
1504 5161 1635 5216 nihil
1672 5158 1719 5215 ci
1746 5156 1868 5213 novi

283 5266 512 5331 accidit;
545 5263 750 5318 solebat
778 5276 905 5331 ergo
942 5255 1182 5313 damnari
1206 5299 1220 5322 ,
1247 5268 1311 5308 ae
1337 5270 1432 5325 per
1458 5253 1559 5308 hoc
1587 5250 1790 5308 solebat
1814 5256 1871 5304 et

287 5372 509 5430 peccare
539 5374 553 5410 :
582 5369 687 5409 non
718 5352 858 5407 enim
884 5340 1225 5405 damnaretur
1249 5346 1462 5417 injuste.
1493 5345 1575 5399 An
1604 5343 1727 5414 quia
1748 5356 1870 5397 eum

288 5461 413 5506 tunc
439 5449 668 5521 primum
700 5458 949 5515 peccasse
974 5458 1133 5498 nemo
1169 5440 1410 5511 ambigit,
1442 5438 1638 5508 injuste
1667 5435 1873 5492 solebat

285 5552 413 5599 ante
454 5538 731 5596 damnari?
760 5536 877 5591 Non
920 5534 1060 5591 enim
1087 5524 1111 5601 ,³
1133 5532 1271 5589 sicut
1298 5532 1366 5588 de
1396 5530 1635 5602 pariente
1661 5526 1869 5593 dixisti,

353 5653 370 5685 ι
392 5652 469 5701 Sic
489 5657 596 5699 Mss.
620 5648 740 5699 Editi
780 5659 917 5708 vero,
942 5645 1007 5696 ad
1050 5658 1191 5708 quem
1228 5642 1490 5709 pertineat;
1513 5640 1709 5703 omisso,
1748 5639 1875 5703 furo-

290 5726 540 5843 π’ἷιὶτᾼιιι,
560 5771 753 5843 vel???
775 5776 979 5843 “MSS”
995 5768 1221 5843 arm.

358 5838 380 5870 ³
400 5838 473 5887 sic
496 5831 600 5886 ttss.
627 5834 741 5884 Editi
768 5839 949 5894 autem,
976 5831 1221 5883 veritatem

1624 380 1823 436 Lilllﬂli
1860 379 2154 442 SEXTUS.

3376 377 3514 437 1570

1933 510 2034 564 hoc
2060 510 2247 563 saltem
2279 506 2399 561 novi
2425 506 2682 560 accidisse
2702 504 2902 561 homini
2932 507 3104 564 fassus
3132 521 3213 573 es,
3234 507 3373 578 quod
3404 511 3517 563 sic-
3583 570 3588 577 ι

1933 612 1987 655 ιιι
2018 600 2222 656 mulieri
2255 599 2408 655 dolor
2443 599 2825 669 parturitionis,
2859 599 2928 653 ita
2969 599 3088 655 viro
3123 600 3285 658 sudor
3316 600 3515 656 laboris

1932 699 2013 745 est
2036 690 2245 745 additus
2277 708 2289 745 :
2322 688 2423 744 hoc
2462 689 2622 744 modo
2647 688 2789 745 enim
2814 730 2830 755 ,
2858 689 2959 743 hac
2986 690 3256 746 additione
3280 705 3400 761 quin
3425 706 3518 745 an—

1934 790 2019 836 tea
2065 796 2169 835 non
2202 781 2340 846 fuit,
2369 780 2491 835 novi
2525 780 2598 834 illi
2642 778 2842 849 aliquid
2879 780 3137 835 accidisse
3166 779 3514 836 concederes.

1932 873 2037 928 Sed
2066 887 2185 928 cum
2211 872 2365 937 dicis,
2399 871 2534 937 Quid
2553 871 2599 924 ei
2625 870 2805 924 accidit
2826 870 2939 924 novi
2954 870 2978 923 ?
3006 884 3162 940 quem
3186 880 3362 926 tamen
3387 886 3518 926 con-

1936 963 2103 1019 ﬁteris
2128 978 2246 1018 esse
2272 964 2613 1023 damnatum;
2644 962 2772 1032 quid
2799 962 2943 1016 aliud
2967 960 3224 1029 afﬁrmas,
3250 977 3407 1032 quam
3438 962 3517 1017 sic

1934 1072 2056 1111 eum
2083 1056 2254 1111 solere
2280 1055 2556 1110 damnari?
2578 1054 2684 1108 Aut
2704 1053 2748 1107 si
2774 1052 2951 1107 solare
2982 1051 3096 1105 ﬁeri
3120 1067 3223 1105 non
3251 1052 3477 1106 dicimus
3497 1092 3514 1118 ,

1938 1147 2038 1202 nisi
2081 1146 2221 1217 quod
2250 1146 2463 1201 assidue
2500 1145 2696 1201 factum
2739 1145 3018 1209 novimus;
3047 1152 3193 1198 certe
3214 1144 3291 1199 sic
3314 1144 3397 1199 vel
3427 1159 3519 1199 se-

1937 1239 2040 1294 mel
2071 1253 2288 1293 necesse
2329 1247 2411 1294 est
2447 1246 2571 1292 ante
2612 1236 2916 1291 damnatum
2948 1248 3068 1289 esse
3101 1232 3365 1288 concedas
3388 1273 3403 1298 ,
3433 1234 3521 1288 cui

1937 1330 2066 1384 nihil
2089 1330 2209 1384 novi
2234 1329 2509 1393 accidisse,
2531 1327 2672 1397 quod
2693 1327 2770 1383 sic
2795 1326 3074 1381 damnatus
3095 1333 3196 1391 est,
3220 1338 3519 1379 asseveras.

1939 1421 2037 1477 Ubi
2086 1420 2269 1485 vides,
2299 1420 2349 1473 in
2381 1434 2499 1489 qua:
2540 1418 2702 1473 fueris
2742 1417 2963 1486 abrupta
3005 1428 3335 1485 progressus.
3386 1412 3522 1469 Redi

1937 1529 2065 1583 ergo
2095 1528 2123 1567 a
2152 1512 2442 1582 praecipitio
2465 1510 2741 1565 laboriosa:
2765 1508 3141 1578 disputationis
3168 1516 3272 1562 tua:
3296 1546 3312 1573 ,
3340 1515 3395 1562 et
3414 1506 3522 1562 noli

1939 1605 2149 1660 labores
2186 1612 2241 1659 et
2279 1603 2493 1657 dolores
2532 1603 2584 1655 in
2620 1601 2775 1656 sedes
2805 1600 3031 1656 felicium
3059 1599 3370 1670 gaudiorum
3394 1638 3410 1663 ,
3438 1607 3524 1653 at-

1938 1712 2042 1766 que
2070 1696 2121 1751 in
2171 1696 2346 1750 locum
2390 1692 2669 1748 ineffabilia
2712 1692 2905 1762 quietis
2936 1689 3152 1746 inferre.
3182 1688 3319 1757 Quid
3339 1729 3356 1756 ,
3381 1689 3524 1758 quod

1938 1789 2097 1843 etiam
2121 1786 2359 1856 corporis
2378 1794 2600 1841 mortem
2628 1786 2705 1839 sic
2727 1782 2969 1852 paradiso
2988 1780 3198 1837 conaris
3214 1781 3521 1846 immittere,

1941 1889 1998 1933 ut
2024 1894 2141 1933 eam
2183 1878 2329 1934 dicas
2360 1874 2749 1947 praevaricatori
2782 1888 2880 1943 pro
2919 1873 3176 1928 beneﬁcio
3203 1871 3367 1927 fuisse
3402 1887 3527 1941 pro-

1940 1970 2157 2025 missam
2177 2009 2195 2037 ,
2219 1970 2299 2024 vel
2323 1968 2497 2039 potius
2534 1965 2817 2021 indicatam
2839 2004 2854 2028 ,
2893 1963 2980 2018 ubi
3008 1963 3145 2018 Deus
3169 1962 3337 2028 dixit,
3365 1959 3528 2016 Terra

1942 2080 1993 2117 es
2015 2104 2029 2129 ,
2054 2072 2101 2117 et
2143 2064 2197 2116 in
2239 2072 2423 2117 terram
2442 2060 2535 2113 ibis
2559 2074 2578 2113 :
2608 2068 2854 2126 tanquam
2894 2054 3123 2111 nesciret
3152 2054 3311 2109 homo
3356 2054 3433 2107 sic
3468 2067 3529 2108 se

1944 2153 2105 2208 fuisse
2130 2153 2446 2217 institutum,
2477 2160 2532 2205 ut
2550 2150 2662 2204 sive
2686 2154 2950 2219 peccaret,
2974 2144 3088 2201 sive
3114 2159 3221 2200 non
3254 2152 3525 2214 peccaret,

1944 2246 2230 2300 moriturus
2258 2253 2431 2307 esset;
2461 2252 2513 2296 et
2538 2241 2675 2295 hanc
2702 2238 2780 2294 illi
2800 2238 3078 2293 scientiam
3111 2245 3237 2291 tunc
3270 2234 3409 2290 Deus
3429 2233 3528 2289 do-

1945 2336 2169 2400 naverit,
2200 2335 2413 2405 quando
2430 2348 2550 2387 eum
2578 2346 2672 2401 pro
2696 2330 2980 2386 commissa
3006 2328 3282 2399 iniquitate
3306 2326 3531 2382 damna-

1945 2427 2061 2482 vit?
2089 2428 2371 2496 Disputans
2398 2425 2591 2493 quippe
2632 2422 2701 2477 de
2740 2422 2821 2475 his
2840 2420 2933 2475 Dei
2957 2419 3152 2484 verbis,
3183 2418 3270 2474 ubi
3291 2417 3395 2483 ait,
3432 2415 3532 2470 «In

1945 2518 2129 2572 sudore
2148 2516 2297 2586 faciei
2320 2524 2421 2569 tua:
2440 2512 2556 2567 edes
2582 2527 2761 2581 panem
2790 2518 2933 2563 tuum
2950 2548 2967 2575 ,
2999 2508 3159 2562 donec
3184 2509 3453 2563 revertaris
3479 2507 3533 2559 in

1948 2622 2131 2665 terram
2164 2611 2227 2663 de
2242 2626 2345 2680 qua
2364 2615 2591 2678 sumptus
2632 2592 2861 2674 estquia
2882 2614 3016 2657 terra
3048 2618 3098 2656 es
3119 2643 3134 2667 ,
3166 2611 3213 2656 et
3253 2602 3308 2655 in
3348 2609 3533 2655 terram

1947 2704 2039 2756 ibis
2062 2720 2111 2755 ε»
2142 2700 2266 2754 Ilwe
2289 2714 2429 2763 sane,
2463 2696 2656 2765 inquis,
2686 2712 2805 2765 pars
2833 2703 3057 2749 extrema
3086 2691 3346 2747 sententia:
3365 2732 3379 2757 ,
3402 2692 3535 2745 sicut

1945 2791 2037 2845 illa
2065 2789 2307 2855 mulieris,
2331 2788 2398 2841 ad
2425 2786 2687 2853 iudicium,
2712 2802 2812 2839 non
2841 2784 2910 2838 ad
2937 2782 3248 2855 supplicium
3274 2782 3487 2853 pertinet
3513 2797 3533 2835 :

1946 2882 2191 2952 quinimo,
2216 2888 2267 2932 ut
2288 2894 2369 2933 res
2392 2877 2603 2943 indicat,
2625 2876 2915 2931 consolatur
2943 2874 3217 2928 hominem.
3250 2870 3382 2938 Quia
3403 2872 3535 2925 enim

1948 2988 2124 3043 supra,
2151 2970 2345 3042 inquis,
2377 2976 2850 3024 commemoraverat
2870 2966 3101 3031 dolores,
3135 2964 3359 3027 labores,
3378 2961 3537 3016 sudo-

1948 3083 2047 3131 res,
2072 3081 2287 3137 quorum
2322 3079 2520 3118 sensum
2545 3071 2755 3124 natura,
2784 3060 3086 3113 nimietatem
3116 3072 3329 3127 persona
3365 3072 3537 3109 susce-

1951 3168 2128 3229 perat;
2153 3174 2215 3211 ne
2236 3156 2329 3209 hoc
2371 3157 2424 3208 in
2462 3164 2705 3208 aeternum
2747 3151 2997 3205 videretur
3034 3148 3271 3214 extendi,
3306 3146 3538 3214 miti/ica!

1950 3248 2300 3318 aegritudinem
2335 3245 2577 3299 terminus
2617 3242 2867 3295 indicatus
2888 3257 2907 3295 :
2931 3256 2992 3293 ac
3013 3239 3058 3294 si
3085 3238 3310 3303 diceret,
3354 3237 3539 3291 Verum

1952 3354 2053 3391 non
2078 3352 2272 3407 semper
2304 3336 2402 3389 ista
2445 3332 2682 3403 patieris,
2704 3330 2793 3384 sed
2821 3329 2980 3383 donec
3018 3327 3324 3383 converteris
3352 3326 3406 3380 in
3432 3335 3535 3380 ter-

1901 3426 2063 3482 .rant
2082 3428 2145 3480 de
2166 3442 2265 3497 qua
2293 3432 2525 3493 sumptus
2545 3437 2635 3486 es;
2661 3420 2783 3492 quia
2804 3429 2939 3474 terra
2964 3435 3037 3485 es,
3065 3427 3111 3472 et
3140 3418 3192 3471 in
3215 3426 3402 3471 terram
3421 3415 3537 3469 ibis.

1956 3522 2082 3576 llmc
2118 3519 2304 3574 dicens
2333 3514 2653 3586 persuadere
2686 3512 2918 3577 conaris,
2950 3512 3023 3565 ita
3057 3508 3268 3580 quidem
3296 3514 3541 3565 creatum

1959 3611 2251 3673 hominem,
2280 3615 2339 3661 ιιι
2357 3605 2564 3662 etiamsi
2593 3604 2646 3658 in
2676 3601 2994 3658 rectitudine
3018 3601 3162 3665 vitae,
3187 3598 3364 3668 inqua
3391 3611 3543 3651 crea-
3632 3640 3645 3647 -

1959 3712 2044 3759 tus
2073 3708 2188 3765 est,
2217 3704 2588 3769 permaneret,
2614 3702 2788 3749 tamen
2828 3691 3073 3747 mortalis
3098 3690 3415 3745 necessitate
3443 3703 3542 3743 na-

1958 3802 2092 3850 tura:
2121 3789 2440 3861 quandoque
2485 3792 2811 3848 moreretur;
2841 3782 2933 3837 sed
2961 3782 3062 3836 hoc
3086 3781 3134 3837 ei
3166 3794 3272 3835 non
3311 3793 3432 3835 esse
3458 3778 3543 3833 in-

1959 3885 2189 3941 dicatum
2215 3922 2231 3948 ,
2265 3880 2367 3935 nisi
2399 3887 2637 3947 tempore
2662 3873 3018 3931 damnationis
3056 3886 3166 3926 sua:
3186 3911 3203 3938 ,
3229 3879 3285 3925 ut
3307 3884 3545 3925 :erumna

1960 3975 2097 4044 ejus,
2126 3989 2191 4027 ne
2213 3978 2486 4042 putaretur
2509 3976 2728 4031 mtcrna,
2758 3963 2826 4019 de
2856 3962 3119 4033 promisso
3144 3960 3409 4030 acciperet
3440 3958 3547 4013 ﬁne

1961 4066 2228 4121 solatium.
2273 4063 2490 4118 Putaret
2521 4073 2649 4128 ergo
2682 4056 2851 4110 Adam
2891 4070 2995 4108 non
3036 4067 3094 4108 se
3122 4052 3433 4106 moriturum
3455 4090 3470 4115 ,
3502 4049 3549 4103 si

1964 4156 2066 4211 hoc
2110 4155 2183 4210 illi
2236 4168 2340 4208 non
2385 4150 2675 4205 indicasset
2726 4146 2911 4200 Deus:
2945 4143 3046 4198 hoc
3096 4152 3273 4197 autem
3320 4154 3426 4195 non
3473 4139 3550 4193 illi

1964 4247 2250 4302 indicasset
2315 4243 2487 4306 Deus,
2550 4240 2649 4293 nisi
2711 4244 3044 4307 peccatorem
3110 4231 3350 4288 damnari
3386 4244 3551 4301 apor-

1968 4344 2101 4393 teret
2151 4353 2164 4389 :
2220 4341 2522 4390 remaneret
2556 4343 2684 4399 ergo
2723 4328 2774 4382 in
2832 4326 2931 4381 hoc
2984 4337 3199 4387 errore,
3227 4335 3336 4392 quo
3384 4328 3549 4375 aeter-

1967 4443 2093 4484 num
2120 4440 2200 4493 se,
2230 4432 2322 4479 aut
2347 4436 2615 4492 nunquam
2644 4417 2957 4473 moriturum
2982 4428 3102 4469 esse
3138 4410 3423 4477 credebat,
3449 4408 3553 4464 nisi

1966 4520 2033 4574 ad
2058 4516 2369 4588 sapientiam
2396 4555 2411 4579 ,
2442 4529 2545 4583 qua
2574 4526 2636 4565 se
2662 4509 2822 4562 homo
2860 4502 3137 4575 cognoscit
3158 4542 3174 4567 ,
3205 4500 3405 4572 peccati
3437 4514 3554 4555 me-

1968 4611 2071 4665 rito
2105 4605 2425 4678 perveniret.
2460 4601 2709 4658 Sentisne
2749 4596 2875 4668 quid
2918 4593 3109 4650 dicas?
3153 4592 3351 4662 Accipe
3388 4591 3552 4646 aliud.

1969 4702 2161 4760 Procul
2191 4698 2349 4755 dubio
2369 4695 2614 4752 nesciens
2634 4691 2801 4746 Adam
2830 4704 2887 4744 se
2909 4702 3028 4743 esse
3053 4686 3391 4749 moriturum,
3415 4683 3556 4753 quod

1970 4797 2073 4853 nisi
2100 4800 2375 4867 peccasset
2401 4790 2584 4860 utique
2614 4785 2874 4843 nesciret,
2901 4790 3077 4836 tamen
3105 4779 3151 4835 si
3191 4792 3413 4850 peccare
3455 4791 3557 4832 uo-

1954 4888 2160 4944 'luisset
2194 4886 2354 4940 etiam
2388 4881 2491 4937 hoc
2528 4878 2774 4934 nesciens
2811 4875 2996 4930 beatus
3033 4880 3212 4937 esset,
3243 4878 3299 4925 et
3334 4867 3561 4924 credens

1971 4980 2238 5038 contraria
2278 4975 2487 5033 veritati
2530 4973 2694 5029 miser
2723 4984 2827 5024 non
2867 4974 3029 5023 esset.
3058 4963 3299 5020 Audisne
3324 4961 3450 5033 quid
3480 4960 3563 5014 ιιι-

1973 5072 2103 5130 cas?
2127 5071 2323 5140 Accipe
2340 5076 2397 5125 et
2424 5066 2656 5123 tertium.
2678 5062 2732 5119 Si
2749 5059 2967 5132 justitiac
2988 5072 3098 5114 suae
3118 5064 3361 5126 tempore
3384 5051 3557 5109 Adam

1974 5165 2227 5222 credebat
2257 5177 2317 5219 se
2358 5173 2458 5216 nec
2495 5170 2722 5226 corpore
2763 5151 3079 5208 moriturum
3101 5190 3118 5215 ,
3150 5148 3195 5203 si
3226 5147 3321 5202 Dei
3364 5158 3565 5215 prame-

1975 5265 2123 5327 plum
2154 5251 2373 5309 minime
2398 5247 2688 5311 violasset,
2718 5242 3033 5299 moriturum
3059 5246 3239 5301 autem
3270 5244 3396 5291 tunc
3422 5232 3563 5288 didi-

1975 5322 2067 5413 cit,
2096 5343 2307 5417 quando
2348 5339 2602 5397 violavit:
2631 5338 2734 5392 hoc
2776 5348 2875 5390 nos
2918 5329 3227 5393 credimus,
3257 5322 3400 5396 quod
3439 5337 3565 5377 cum

1976 5413 2128 5497 esset
2148 5437 2357 5508 justus,
2384 5433 2473 5489 ille
2508 5428 2795 5494 credebat;
2822 5425 3139 5482 hoc‘autem
3176 5431 3273 5472 vos
3311 5413 3527 5471 creditis
3548 5454 3563 5479 ,

1976 5531 2117 5605 quod
2162 5528 2263 5584 nisi
2289 5527 2516 5597 injustns
2542 5538 2701 5580 nosse
2726 5536 2830 5575 non
2857 5515 3074 5572 meruit.
3102 5511 3296 5567 Noster
3320 5522 3448 5578 ergo
3475 5520 3566 5560 er-

1978 5601 2068 5685 ror
2095 5634 2199 5681 stat
2223 5624 2275 5678 in
2302 5629 2453 5693 parte
2473 5618 2708 5691 justitiaa,
2744 5622 2796 5670 et
2818 5613 2868 5666 in
2900 5616 3052 5681 parte
3071 5601 3361 5675 iniquitatis
3388 5607 3569 5653 vestra

1978 5718 2256 5791 sapientia.
2284 5712 2609 5783 lntelligisne
2636 5705 2758 5779 quid
2782 5701 2967 5759 dicas?
2998 5697 3192 5791 Accipe
3214 5698 3565 5791 ctnquartmn.

1982 5783 2228 5870 Si'bcato
2263 5816 2312 5863 et
2343 5804 2488 5877 justo
2528 5800 2599 5857 illi
2630 5795 2829 5880 homini
2869 5806 2975 5849 non
3003 5783 3252 5847 indicavit
3282 5784 3418 5840 Deus
3443 5792 3565 5837 cor-
