4006 6478
481 401 617 464 αὕτη

485 517 632 589 poris
660 514 775 586 ejus
803 523 1030 570 mortem
1078 513 1308 569 futuram
1333 555 1349 581 ,
1381 511 1638 568 indicavit
1661 519 1839 564 autem
1869 509 2067 562 misero

475 617 532 662 et
554 606 858 677 peccatori;
891 605 1272 675 congruentius
1305 604 1541 659 creditur
1563 644 1578 669 ,
1611 604 1803 656 timore
1849 613 2066 669 quoque

474 699 665 754 mortis
703 712 823 752 eum
855 697 1100 752 cruciare
1131 696 1364 751 voluisse
1387 737 1402 760 ,
1431 696 1590 750 etiam
1623 694 1723 747 isto
1757 691 1959 746 scilicet
1982 690 2068 744 di-

473 804 638 858 gnum
677 787 920 858 judicans
951 801 1070 842 esse
1115 795 1401 841 tormento.
1435 784 1503 841 Ut
1546 785 1686 838 enim
1717 783 1914 836 clamat
1956 782 2067 850 ipsa

477 889 691 946 natura,
719 880 838 949 plus
874 893 1021 934 mors
1044 877 1327 944 metuitur,
1351 892 1511 946 quam
1543 876 1751 930 labores
1777 895 1789 931 :
1823 875 2068 928 laborant

470 973 671 1042 quippe
695 985 880 1026 omnes
908 970 1150 1025 homines
1173 985 1239 1024 ne
1265 972 1576 1034 moriantur,
1606 966 1652 1022 si
1677 967 1754 1021 eis
1777 966 1896 1020 talis
1922 965 2068 1033 optio

473 1071 824 1132 proponatur,
857 1071 916 1116 ut
938 1061 1190 1116 continuo
1219 1061 1549 1125 moriantur,
1579 1059 1624 1113 si
1648 1073 1750 1111 non
1788 1056 2069 1111 laborave-

473 1152 585 1206 rint
613 1167 628 1205 :
656 1152 1077 1222 quotusquisque
1119 1160 1296 1205 autem
1333 1150 1631 1219 reperitur,
1663 1148 1752 1218 qui
1779 1148 1914 1202 mori
1957 1161 2066 1200 tua-

473 1239 554 1308 lit,
585 1256 744 1311 quam
774 1241 1048 1296 laborare?
1077 1240 1317 1310 Denique
1343 1240 1454 1309 ipse
1475 1239 1645 1294 Adam
1676 1253 1771 1308 per
1801 1246 1874 1291 tot
1895 1251 2083 1290 annos!

472 1330 660 1384 maluit
702 1331 978 1396 laborare,
1019 1345 1176 1400 quam
1214 1345 1317 1384 non
1364 1328 1652 1384 laborando
1688 1336 1744 1382 et
1781 1327 2068 1382 lamento-

472 1420 663 1475 riendo
701 1420 861 1474 vitam
892 1421 1048 1474 simul
1089 1428 1143 1474 et
1172 1419 1405 1474 laborem
1447 1420 1617 1473 linire.
1644 1417 1777 1472 Nam
1816 1433 1920 1486 quo
1961 1416 2066 1470 alio

473 1524 632 1564 sensu
661 1509 885 1563 naturali
913 1511 1072 1563 etiam
1101 1508 1234 1564 Cain
1264 1509 1380 1578 plus
1409 1517 1634 1562 mortem
1667 1507 1840 1561 timuit
1859 1547 1874 1572 ,
1903 1521 2062 1576 quam

472 1599 750 1653 laborem?
779 1599 894 1665 Quo
921 1599 1027 1652 alio
1071 1613 1232 1653 sensu
1264 1614 1360 1668 per
1402 1613 1508 1652 non
1549 1597 1726 1667 iniqua
1763 1611 1864 1652 nec
1905 1595 2069 1649 inltu.

472 1705 628 1744 mana
649 1689 846 1759 judicia
867 1731 882 1755 ,
907 1689 1113 1744 minora
1152 1689 1374 1742 crimina
1405 1690 1586 1744 labore
1607 1688 1872 1743 metallico
1895 1728 1911 1755 ,
1946 1703 2063 1740 tua-

466 1779 585 1848 jora
632 1788 802 1834 morte
834 1779 1042 1849 judices
1077 1779 1362 1833 damnant?
1383 1778 1535 1834 Unde
1585 1788 1763 1834 autem
1801 1786 2064 1849 martyres

469 1879 616 1925 tanta
655 1870 821 1940 gloria
863 1869 1255 1940 praedicantur,
1287 1869 1427 1939 quod
1477 1884 1574 1939 pro
1615 1869 1820 1940 justitia
1863 1869 2064 1924 mortui

467 1970 627 2028 sunt,
659 1961 763 2016 nisi
804 1962 928 2032 quia
965 1962 1138 2031 major
1177 1962 1344 2015 virtus
1370 1970 1456 2016 est
1499 1973 1727 2017 mortem
1748 1978 2020 2033 spernere
2043 2003 2058 2028 ,

466 2066 625 2120 quam
658 2052 930 2106 laborem?
959 2052 1186 2120 Pwptcr
1213 2051 1352 2118 quod
1386 2067 1492 2105 non
1517 2053 1592 2106 ait
1618 2053 1875 2108 Dominus
1901 2094 1917 2121 ,
1947 2070 2061 2106 mu-

457 2141 628 2209 jorem
656 2142 948 2194 cltaritatem
973 2156 1119 2195 nemo
1146 2140 1310 2206 habet,
1334 2156 1491 2212 quam
1517 2151 1574 2196 ut
1590 2142 1828 2210 laboret;
1863 2143 1978 2210 sed,
2007 2154 2062 2197 ut

467 2233 692 2287 animam
717 2250 862 2286 suam
901 2242 1057 2302 ponat
1085 2249 1177 2304 pro
1197 2233 1372 2287 amicis
1404 2235 1508 2288 suis
1531 2232 1708 2307 (Joan.
1739 2250 1835 2300 xv,
1865 2235 1976 2307 l5).
2003 2234 2059 2290 Si

463 2337 596 2395 ergo
640 2324 812 2394 major
847 2323 1192 2388 estcharitas
1245 2323 1416 2388 mori,
1462 2339 1621 2392 quam
1663 2325 1908 2380 laborare
1963 2341 2060 2396 pro

463 2413 652 2468 amicis
676 2430 690 2479 ;
722 2415 841 2483 quis
869 2425 975 2467 tam
1005 2427 1184 2468 caecus
1208 2422 1290 2466 est
1314 2455 1329 2480 ,
1359 2422 1416 2466 ut
1442 2429 1550 2467 non
1593 2415 1767 2469 videat
1795 2417 2057 2472 minorem

466 2517 679 2570 pceuam
715 2503 908 2557 laboris
952 2517 1075 2557 esse
1108 2517 1266 2572 quam
1311 2503 1741 2557 tnortis?Autsi
1790 2505 1910 2574 plus
1959 2505 2060 2560 ho-

469 2607 559 2647 tno
607 2592 768 2648 debet
811 2593 1046 2647 laborem
1094 2602 1555 2664 metuere,quam
1606 2603 1875 2662 mortem;
1928 2612 2058 2668 quo-

465 2685 626 2741 modo
709 2702 815 2741 non
877 2696 962 2741 cst
1022 2686 1220 2741 misera
1282 2687 1395 2756 ipsa
1463 2699 1696 2752 natura,
1757 2705 1878 2759 qua:
1939 2691 2058 2760 plus

461 2785 689 2830 mortem
735 2779 943 2842 metuit,
996 2793 1155 2847 quam
1204 2777 1484 2831 laborem?
1529 2778 1594 2832 Et
1631 2787 1686 2832 tu
1734 2780 1834 2833 ista
1890 2796 1995 2834 non
2035 2782 2056 2814 ³

458 2867 742 2936 cogitans,
800 2867 935 2922 dicis
985 2869 1213 2923 indicata
1264 2868 1364 2922 sibi
1417 2883 1512 2922 sua
1568 2879 1743 2923 morte
1786 2869 2056 2925 hominem

459 2949 793 3013 consolatum
821 3000 838 3027 ,
877 2974 944 3014 ne
986 2975 1139 3014 suum
1183 2961 1420 3016 laborem
1474 2971 1686 3031 putaret
1723 2971 1982 3018 aternum
2039 2983 2052 3018 :

461 3063 605 3116 cum,
660 3050 707 3105 si
757 3059 992 3106 vestrum
1061 3049 1253 3120 dogma
1289 3067 1472 3106 verum
1529 3061 1692 3119 esset,
1739 3069 1846 3124 quo
1899 3055 2053 3109 aftir-

459 3143 622 3195 matis
673 3140 865 3208 Adam,
925 3142 1132 3196 etiamsi
1181 3158 1290 3196 non
1336 3153 1630 3212 peccasset,
1687 3145 1852 3200 fuisse
1891 3147 2056 3201 mori-

464 3240 678 3299 turum,
708 3241 986 3302 propterea
1036 3231 1139 3287 hoc
1186 3233 1260 3286 illi
1303 3233 1643 3289 indicandum
1691 3249 1798 3289 non
1843 3236 2050 3306 fuisset,

463 3331 752 3392 antequam
797 3323 1058 3393 inciperet
1098 3338 1256 3394 poena
1294 3323 1655 3380 damnationis
1683 3327 1868 3398 allligi,
1891 3345 1959 3384 ne
1985 3330 2052 3384 il-

459 3414 570 3467 lum
616 3414 762 3468 Deus
809 3415 1114 3485 priusquam
1167 3427 1461 3485 peccasset,
1488 3419 1675 3473 mortis
1712 3419 1905 3476 timore
1944 3413 2082 3476 tor’

455 3513 678 3573 queret;
708 3514 834 3560 tunc
857 3515 1056 3570 autem,
1085 3522 1206 3562 cum
1233 3508 1366 3578 jam,
1400 3519 1746 3582 posteaquam
1785 3515 2045 3582 peccavit,

459 3609 619 3664 Mena
665 3595 1035 3667 dignissimum
1072 3599 1370 3668 judicaret,
1410 3601 1672 3658 indicaret
1721 3605 1881 3659 etiam
1929 3619 2050 3661 esse

461 3691 814 3754 moriturum,
846 3697 905 3743 ut
940 3691 1186 3746 eamdem
1231 3708 1441 3761 pinnam
1488 3694 1629 3750 Deus
1669 3695 1874 3766 justus,
1923 3697 2048 3753 mali

460 3777 606 3833 ultor
645 3779 887 3845 admissi,
916 3781 1081 3837 etiam
1110 3783 1299 3837 timore
1325 3786 1511 3841 mortis
1537 3795 1777 3857 augeret.
1797 3787 2048 3860 Quisquis

443 3869 619 3939 igitur
638 3869 755 3926 hzec
785 3871 878 3926 Dei
904 3873 1085 3939 verba,
1115 3875 1309 3944 quibus
1335 3883 1414 3930 cst
1436 3877 1650 3946 punitus
1671 3876 1860 3944 Adam,
1883 3895 2045 3950 quan-

454 3963 526 4013 do
566 3961 768 4016 dictum
815 3972 920 4029 est,
955 3965 1111 4020 Terra
1138 3981 1210 4032 es,
1245 3977 1288 4020 et
1316 3969 1367 4020 in
1395 3977 1580 4022 terram
1600 3969 1720 4034 ibis,
1749 3970 2042 4026 secundum

456 4051 617 4105 iidem
646 4053 961 4108 catholicam
1009 4057 1275 4127 intelligit,
1306 4073 1404 4115 nec
1450 4060 1563 4114 vult
1610 4061 1945 4117 introducere
1991 4063 2044 4117 itt

457 4141 763 4210 paradisum
792 4146 1034 4214 corporis
1055 4156 1280 4201 mortem
1311 4151 1611 4220 prmeipue;
1645 4167 1712 4207 ne
1742 4153 2044 4210 introducat

457 4239 514 4285 et
553 4232 792 4298 morbos,
841 4250 1070 4304 quorum
1120 4237 1410 4294 miserabili
1456 4241 1711 4296 varietate
1753 4244 2044 4299 morientes

453 4322 699 4380 videmus
725 4324 910 4396 afﬂigi,
951 4335 1008 4382 et
1049 4329 1352 4397 paradisum
1402 4342 1598 4386 sant-ta:
1643 4335 1947 4404 voluptatis,
1979 4351 2042 4392 ac

455 4417 750 4487 spiritualis
777 4427 832 4474 et
857 4421 1152 4490 corporalis
1182 4421 1467 4491 felicitatis,
1499 4425 1582 4478 cui
1613 4441 1710 4479 vos
1739 4443 1845 4480 non
1879 4428 2043 4498 pudet

452 4527 576 4567 esse
597 4514 921 4579 contrarios,
955 4514 1250 4583 doloribus,
1283 4516 1572 4584 laboribus,
1603 4520 2041 4575 mmroribusitn-

435 4604 602 4672 'plere
630 4614 881 4673 cogatur;
913 4606 1054 4660 sicut
1077 4621 1176 4661 vos
1201 4607 1475 4679 eogimini,
1507 4623 1606 4664 nec
1649 4609 1899 4666 invenitis
1937 4627 2039 4681 qua

452 4694 605 4750 exire
634 4696 864 4764 possitis,
899 4698 1150 4768 quamdiu
1189 4708 1295 4754 tam
1340 4699 1562 4772 impium
1599 4702 1793 4774 dogma
1835 4714 2041 4762 mutare

433 4797 565 4840 ‘non
597 4787 759 4842 vultis
782 4805 796 4841 :
819 4788 908 4858 qui
933 4805 1082 4861 ergo,
1110 4801 1168 4846 ut
1193 4791 1322 4859 dixi,
1352 4792 1468 4846 lucc
1514 4794 1606 4848 Dei
1651 4795 1814 4851 verba
1843 4811 2038 4852 secun-

451 4876 580 4931 dum
609 4878 924 4934 catholicam
947 4883 1166 4952 suscipit
1195 4891 1248 4937 et
1275 4883 1522 4954 intelligit
1550 4883 1739 4952 (idem;
1768 4890 2038 4942 sicutcer-

451 4969 533 5023 nit
559 4984 772 5039 poenam
804 4971 1003 5026 laboris
1042 4973 1094 5027 in
1141 4988 1208 5028 eo
1247 4973 1391 5042 quod
1418 4975 1620 5028 dictum
1643 4985 1744 5041 est,
1771 4974 1833 5029 In
1855 4977 2039 5031 sudore

451 5061 606 5134 faciei
623 5070 726 5115 tute
742 5062 858 5115 cdes
884 5080 1061 5133 panem
1078 5073 1256 5130 tuum;
1286 5064 1357 5120 ita
1383 5079 1594 5136 poenam
1619 5067 1792 5122 cernit
1815 5076 1870 5124 et
1889 5084 2034 5123 mor.

455 5153 524 5208 tis
551 5154 602 5208 in
630 5168 696 5208 eo
721 5153 860 5224 quod
892 5154 1152 5224 sequitur,
1182 5155 1359 5212 Donec
1383 5157 1650 5213 revertaris
1675 5158 1726 5213 in
1769 5168 1956 5214 terram
1975 5161 2038 5215 de

449 5261 551 5314 qua
569 5255 798 5316 sumptus
819 5260 902 5308 es;
927 5246 1050 5302 auia
1073 5255 1204 5302 terra
1250 5265 1323 5314 ea,
1355 5259 1402 5305 et
1421 5250 1474 5304 in
1502 5259 1687 5306 terram
1712 5251 1807 5308 ibi:
1833 5268 1852 5307 :
1872 5268 1938 5310 ac
1961 5256 2037 5309 sic

451 5335 643 5402 accipit
667 5333 890 5399 dictum,
925 5345 1174 5407 tanquam
1201 5338 1490 5409 diceretur,
1521 5342 1635 5413 Ego
1657 5344 1870 5414 quidem
1899 5354 1949 5400 te
1969 5346 2036 5400 de

421 5435 590 5480 'lct'ra
621 5428 846 5499 sumpsi,
875 5438 930 5484 et
958 5427 1230 5486 hominem
1259 5431 1358 5488 feci
1382 5448 1397 5499 ;
1424 5442 1482 5488 et
1508 5435 1687 5504 utique
1717 5438 1862 5507 potui
1890 5436 2034 5492 face-

449 5533 530 5582 re,
556 5529 616 5574 ut
661 5521 846 5576 eadem
897 5530 1036 5577 terra
1085 5539 1243 5595 quam
1286 5527 1552 5582 viventem
1597 5528 1720 5596 feci,
1762 5545 2033 5599 nunquam

449 5619 730 5680 cogeretur
757 5612 864 5668 vita
911 5630 1095 5672 carere
1123 5632 1284 5688 quam
1308 5618 1467 5684 dedi;
1498 5619 1592 5674 sed
1619 5622 1740 5692 quia
1781 5632 1920 5678 terra
1950 5639 2030 5691 cs,

452 5699 504 5755 id
532 5711 633 5768 cst,
660 5704 950 5760 secundum
989 5722 1206 5764 carnem
1247 5724 1368 5781 quae
1397 5710 1463 5765 de
1503 5720 1644 5767 terra
1687 5727 1896 5788 sumpta
1929 5728 2029 5785 est,

517 5834 531 5862 ⁸
559 5834 789 5884 Purticula
813 5835 915 5888 haec
938 5851 1122 5902 negans
1143 5841 1394 5893 exciderat
1420 5845 1468 5892 in
1493 5844 1626 5895 libris
1653 5847 1813 5898 editis.

1137 399 1383 459 OPERIS
1419 396 1830 455 IMPERFECTI
1867 395 2142 451 CU‘N't‘RA
2181 397 2538 467 JULIANUM,
2579 401 2636 458 S.
2680 403 3046 462 AUGUSTlNl

3609 415 3746 471 iis?!

2177 525 2283 564 non
2305 513 2593 568 secundum
2623 530 2728 581 me,
2748 518 2834 586 qui
2865 527 2916 574 te
2936 519 3004 574 de
3026 528 3166 576 terra
3194 522 3421 592 sumpsi,
3449 524 3633 582 vivere
3661 544 3754 583 vo-

2175 602 2347 670 luisti;
2383 605 2647 661 laborabis
2685 608 2738 662 in
2773 621 2931 677 terra,
2963 610 3136 667 donec
3181 615 3464 672 revertaris
3499 616 3553 672 in
3597 634 3754 689 eam;

2174 703 2227 748 ct
2253 696 2369 750 ideo
2400 699 2684 754 reverteris
2710 701 2762 754 in
2793 709 3010 769 terram,
3053 704 3175 774 quia
3221 715 3362 762 terra
3408 723 3500 774 es;
3534 719 3590 765 et
3611 711 3754 782 justa

2175 800 2329 854 pmna
2371 788 2471 842 ibis
2511 791 2562 845 iu
2608 797 2803 846 terram
2835 792 2901 848 de
2939 810 3039 865 qua
3086 795 3255 851 factus
3283 813 3362 865 es,
3394 799 3514 870 quia
3539 801 3753 872 spiritui

2174 896 2280 934 non
2313 882 2537 937 obedisti
2565 898 2595 937 a
2623 901 2728 954 quo
2777 885 2946 940 factus
2996 902 3074 942 es.
3115 887 3220 945 Istc
3269 891 3567 948 intellectus
3593 909 3756 953 sanus

2173 983 2331 1044 atque
2362 975 2653 1030 catholicus
2682 979 2944 1048 praecipue
2975 980 3098 1036 inde
3119 984 3478 1052 cognoscitur,
3500 986 3624 1055 quia
3648 1003 3753 1043 non

2173 1064 2317 1134 cogit
2344 1069 2608 1122 mortibus
2634 1069 2857 1138 implere
2880 1081 3077 1126 terram
3108 1073 3419 1138 viventium,
3448 1085 3756 1149 terramque

2173 1157 2403 1213 felicium
2429 1163 2582 1216 malis
2599 1164 2845 1218 omnibus
2863 1165 3295 1223 lahoriosissimis
3320 1177 3377 1224 et
3401 1171 3752 1241 gravissimis,

2172 1266 2290 1320 qua:
2320 1251 2561 1308 homines
2592 1254 2642 1308 in
2692 1257 2792 1310 hoc
2831 1271 3056 1327 corpore
3099 1261 3428 1330 corruptibili
3459 1265 3750 1332 patiuntur,

2172 1350 2227 1396 et
2273 1358 2334 1397 ea
2373 1359 2477 1397 non
2507 1343 2729 1400 ferendo
2759 1356 2814 1400 ut
2844 1349 3138 1404 moriantur
3167 1359 3442 1422 urgentur.
3465 1354 3582 1409 Non
3611 1357 3756 1411 enim

2171 1435 2390 1504 potestis
2437 1435 2636 1504 dicere,
2686 1437 2878 1494 leniter
2924 1439 3167 1496 homines
3211 1442 3262 1496 in
3304 1445 3553 1513 paradiso
3593 1447 3756 1502 fuisse

2170 1526 2479 1594 morituros,
2509 1528 2553 1581 si
2581 1545 2740 1584 nemo
2763 1543 3034 1600 peccasset
3058 1549 3072 1586 :
3096 1534 3217 1602 quia
3245 1545 3297 1588 et
3325 1537 3426 1591 hoc
3450 1549 3638 1615 contra
3661 1555 3756 1595 vos

2169 1624 2268 1670 est.
2313 1618 2367 1672 Si
2395 1620 2536 1675 enim
2583 1627 2709 1676 tunc
2755 1621 2946 1678 leniter
3001 1637 3359 1691 morerentur,
3395 1637 3449 1684 et
3479 1646 3620 1686 nunc
3649 1641 3755 1686 tam

2168 1724 2356 1780 aspere
2382 1713 2700 1780 moriuntur,
2739 1730 2833 1784 per
2877 1727 3152 1786 peccatum
3182 1720 3409 1776 hominis
3433 1732 3634 1779 mutata
3669 1735 3757 1780 est

2168 1803 2397 1858 humana
2412 1816 2598 1860 natura
2625 1823 2637 1859 :
2659 1809 2800 1877 quod
2822 1825 2916 1864 vos
2946 1821 3221 1881 negantes,
3245 1825 3639 1886 consequenter
3659 1832 3754 1872 eo.

2166 1895 2348 1966 gimini
2382 1898 2511 1952 tales
2537 1899 2756 1953 omnino
2784 1911 3002 1969 mortes,
3037 1905 3220 1974 quales
3266 1923 3405 1962 nunc
3455 1917 3599 1973 sunt,
3630 1908 3754 1963 loco

2167 1987 2306 2042 illius
2358 1999 2513 2044 tanta:
2560 1990 2822 2047 felicitatis
2863 2003 2916 2048 ct
2955 1995 3308 2065 jucunditatis
3346 2000 3664 2067 immittere;
3692 2017 3755 2057 ac

2165 2093 2262 2148 per
2307 2078 2408 2134 hoc
2453 2090 2506 2135 et
2554 2082 2959 2142 innumerabilia
3017 2105 3211 2161 genera
3257 2091 3587 2160 morborum,
3643 2102 3753 2148 tam

2165 2177 2371 2242 gravia,
2407 2186 2621 2248 tamque
2649 2180 3022 2251 intolerabilia,
3043 2192 3112 2238 .ut
3141 2184 3218 2238 eis
3244 2184 3489 2240 homines
3513 2186 3758 2256 compci~

2165 2263 2343 2321 lantur
2371 2269 2422 2322 in
2449 2282 2697 2328 mortem.
2727 2273 2856 2341 Quae
2884 2276 3113 2345 paradisi
3153 2275 3320 2332 facies
3364 2277 3408 2332 si
3437 2287 3643 2334 vestras
3673 2278 3755 2332 l'a-

2163 2355 2272 2409 cies
2314 2357 2492 2428 aliquo
2534 2362 2736 2431 pudore
2779 2365 3042 2434 perfundit
3093 2376 3250 2437 atque
3296 2368 3607 2434 confundit;
3657 2369 3753 2440 qui

2165 2463 2270 2502 non
2298 2452 2456 2506 vultis
2481 2457 2723 2510 conliteri
2753 2466 2985 2512 nostram
3016 2475 3109 2528 per
3137 2469 3408 2530 peccatum
3439 2461 3632 2515 mutari
3655 2480 3755 2531 po-

2166 2540 2328 2596 tuisse
2354 2552 2620 2613 naturam,
2652 2557 2880 2602 vestram
2926 2550 3099 2618 potius
3143 2560 3342 2606 mutate
3384 2552 3744 2617 sententiam;

2163 2639 2216 2684 ct
2245 2646 2440 2702 corpus
2485 2647 2751 2692 mortuum
2786 2650 3003 2708 propter
3035 2653 3306 2710 peccatum
3337 2658 3456 2698 cum
3487 2646 3754 2713 Apostolo

2162 2725 2491 2780 conﬁtemini
2520 2727 2694 2795 (Rom.
2728 2747 2836 2795 \‘lil,
2870 2732 2956 2802 iO)
2983 2751 2995 2785 :
3019 2733 3179 2788 dicite
3208 2750 3329 2788 cum
3362 2735 3599 2791 Ecclesia
3629 2737 3750 2805 Dei,

2161 2812 2205 2864 Α
2231 2815 2437 2870 muliere
2477 2819 2677 2872 initium
2721 2824 2910 2891 factum
2951 2834 3022 2877 est
3065 2835 3284 2894 peccati,
3309 2836 3352 2880 et
3375 2837 3579 2898 propter
3600 2828 3752 2881 illaut

2161 2905 2406 2959 morimur
2447 2924 2616 2962 omnes
2660 2909 2854 2982 (Eccli.
2881 2930 3004 2979 xxv,
3034 2916 3144 2985 55).
3178 2919 3463 2987 Agnoscite
3492 2933 3611 2974 cum
3649 2921 3754 2974 lic-

2159 2992 2320 3048 clesia
2373 2997 2485 3063 Dei,
2517 3001 2638 3068 quia
2689 3017 2872 3072 corpus
2919 3007 3247 3076 corruptibile
3313 3019 3556 3079 aggravat
3625 3012 3752 3065 arti-

2161 3100 2292 3136 main
2323 3086 2475 3158 (δίη).
2501 3103 2577 3153 tx,
2614 3088 2724 3162 15).
2747 3091 2862 3147 Non
2899 3097 3039 3148 enim
3072 3107 3195 3152 ante
3224 3110 3498 3168 peceatum
3541 3100 3594 3155 in
3641 3117 3749 3172 pa-

2158 3176 2337 3231 radiso
2384 3179 2486 3233 tale
2537 3191 2651 3235 erat
2688 3197 2918 3254 Corpus,
2952 3197 3008 3241 ut
3056 3189 3146 3243 illo
3184 3191 3360 3245 anima
3408 3201 3749 3262 gravaretur.

2161 3267 2383 3324 Cantate
2403 3286 2523 3326 cum
2545 3273 2781 3331 Ecclesia
2801 3278 2893 3333 Dei
2919 3295 2931 3331 :
2963 3279 3128 3336 Homo
3148 3285 3357 3340 vanitati
3375 3285 3555 3341 similis
3575 3287 3752 3357 factus

2157 3369 2250 3424 est,
2283 3361 2390 3416 dies
2415 3363 2525 3434 ejus
2554 3367 2689 3420 velut
2718 3370 2896 3423 umbra
2928 3383 3229 3442 prietereunt
3249 3375 3418 3448 (Psal.
3443 3393 3628 3444 cxutt,
3667 3379 3750 3447 4).

2156 3449 2338 3522 Neque
2364 3455 2506 3509 enim
2530 3458 2620 3527 qui
2657 3467 2741 3513 est
2766 3459 2834 3515 ad
2872 3462 3274 3521 similitudinem
3307 3467 3401 3522 Dei
3441 3467 3628 3537 factus,
3658 3475 3755 3530 ﬁe-

2156 3549 2239 3595 rct
2286 3543 2388 3598 nisi
2437 3560 2534 3614 per
2581 3559 2856 3618 peccatum
2907 3552 3098 3611 similis
3142 3559 3382 3627 vanitati,
3413 3570 3470 3616 ut
3520 3575 3752 3622 (elatum

2154 3649 2315 3690 cmsu
2335 3645 2389 3690 et
2417 3639 2604 3694 mortis
2634 3641 2872 3711 incursu,
2899 3646 3043 3702 velut
3069 3649 3257 3706 umbra
3287 3651 3403 3708 dies
3434 3655 3576 3712 illius
3600 3675 3751 3727 prte-

2157 3727 2398 3782 tcrirent.
2423 3729 2596 3788 Nolite
2621 3733 2723 3790 luci
2763 3739 3119 3795 serenissima:
3147 3743 3390 3800 veritatis
3429 3748 3606 3803 nubila
3649 3767 3749 3807 ve-

2153 3823 2249 3876 stri
2275 3825 2478 3880 erroris
2498 3825 2774 3884 oll‘uudere
2797 3847 2810 3882 :
2835 3831 3143 3900 paradisum
3163 3835 3254 3892 Dei
3279 3838 3442 3893 corda
3475 3839 3744 3910 fidelium,

2151 3929 2311 3982 quem
2366 3915 2563 3972 debent
2609 3934 2812 3988 amare,
2856 3938 2961 3977 non
3001 3924 3196 3980 debent
3237 3930 3548 3986 amarieare.
3598 3931 3748 3999 Quid

2152 4004 2295 4059 enim
2321 4021 2417 4060 vos
2445 4008 2685 4075 oli‘endit,
2709 4011 2955 4080 obsecro,
2987 4015 3112 4085 quid
3139 4033 3234 4072 vos
3259 4019 3476 4075 offendit
3505 4022 3594 4078 ille
3620 4040 3748 4080 nte-

2151 4097 2425 4153 morabilis
2452 4100 2726 4156 beatorum
2767 4113 2820 4158 ct
2844 4107 3142 4175 quietorutn
3165 4109 3331 4178 locus,
3365 4121 3422 4166 ut
3451 4129 3571 4168 cum
3593 4131 3750 4174 mor-

2153 4187 2293 4243 tibus
2337 4189 2634 4259 hominum,
2668 4202 2722 4248 et
2767 4210 2861 4264 per
2909 4195 3004 4252 has
3053 4201 3206 4254 malis
3251 4203 3500 4259 omnibus
3541 4206 3749 4276 quibus

2151 4277 2425 4334 abundare
2442 4283 2709 4338 cernimus
2728 4289 2999 4356 angustias
3022 4291 3473 4364 necessitatcsque
3502 4297 3750 4353 morien-

2153 4369 2303 4437 tium,
2336 4371 2503 4426 oculis
2546 4373 2776 4441 clausis,
2823 4377 2996 4434 fronte
3036 4379 3520 4454 impudentissima,
3552 4400 3747 4445 mente

2151 4464 2596 4533 pertinacissima,
2630 4467 2809 4539 lingua
2850 4470 3246 4542 loquacissima,
3273 4476 3447 4533 velitis
3472 4478 3742 4550 implere;

2149 4571 2216 4609 ne
2261 4557 2521 4626 cogamini
2547 4559 2787 4616 conﬁteri
2818 4561 2870 4616 in
2900 4564 2996 4620 has
3023 4565 3297 4633 miserias,
3321 4567 3512 4638 quibus
3537 4568 3746 4627 videtis

2149 4644 2399 4702 refertum
2445 4663 2614 4719 genus
2669 4650 2958 4709 humanum
3001 4671 3031 4709 a
3077 4658 3339 4728 vagitibus
3386 4661 3744 4730 parvulorum

2149 4754 2316 4810 usque
2342 4739 2409 4796 ad
2437 4740 2704 4798 anhelitus
2730 4743 3148 4815 decrepitorum,
3177 4764 3273 4818 per
3302 4759 3580 4819 peccatum
3615 4768 3744 4807 ma-

2149 4830 2347 4884 ximum
2367 4831 2382 4862 ¹
2399 4831 2552 4900 primi
2583 4831 2816 4888 hominis
2842 4834 3128 4890 humanam
3157 4839 3427 4894 corruisse
3457 4843 3744 4896 naturam?

2148 4921 2212 4976 Et
2240 4923 2362 4992 quia
2405 4924 2655 4994 injustum
2703 4941 2822 4981 esse
2865 4929 3132 4997 respicitis
3159 4941 3439 5001 parentum
3467 4932 3519 4986 in
3551 4944 3743 5003 poste-

2146 5027 2235 5067 ros
2259 5015 2375 5070 sine
2417 5017 2570 5086 culpa
2615 5019 2838 5074 transire
2867 5035 3098 5089 paruam,
3131 5025 3391 5080 transisse
3415 5025 3741 5083 concedatis

2143 5114 2198 5160 et
2223 5107 2452 5176 culpam.
2482 5107 2763 5163 Maximam
2803 5112 2999 5182 quippe
3041 5113 3252 5184 culpam
3292 5115 3452 5184 primi
3489 5115 3734 5172 hominis

2143 5197 2428 5265 eXstitisse,
2454 5215 2610 5270 quam
2636 5209 2694 5255 tu
2715 5211 3015 5271 propterea,
3038 5214 3292 5275 quantum
3317 5207 3555 5277 potuisti,
3580 5219 3742 5265 cxte-

2143 5305 2311 5345 nuare
2356 5301 2580 5346 conatus
2616 5308 2694 5359 es,
2726 5309 2793 5348 ne
2821 5304 3038 5365 propter
3067 5296 3208 5350 illam
3236 5297 3545 5354 crederetur
3567 5311 3738 5356 natu-

2143 5398 2199 5437 ra
2223 5383 2449 5438 humana
2496 5387 2731 5455 potuisse
2773 5389 2967 5443 mutari
2993 5405 3155 5462 :ergo
3184 5391 3330 5446 illam
3358 5391 3570 5464 culpam
3613 5411 3737 5450 ma-

2143 5475 2336 5530 ximam
2378 5475 2572 5542 fuisse,
2607 5493 2712 5531 non
2742 5479 2914 5532 solum
2949 5495 3044 5548 per
3075 5481 3216 5550 ipsas
3242 5483 3486 5538 miserias
3511 5486 3740 5554 generis

2143 5565 2379 5636 humani,
2408 5584 2529 5640 quze
2575 5569 2642 5624 ab
2681 5567 2958 5624 infantium
3009 5572 3286 5627 cunabulis
3323 5573 3605 5644 incipiunt,
3637 5592 3739 5632 ve-

2139 5672 2257 5712 rum
2277 5658 2434 5713 etiam
2457 5675 2552 5730 per
2582 5668 2634 5714 te
2659 5659 2831 5731 ipsum
2856 5662 3045 5730 probo.
3075 5662 3138 5716 Et
3161 5671 3215 5716 tu
3242 5663 3385 5717 enim
3408 5663 3462 5718 in
3487 5665 3738 5722 secundo

2204 5801 2220 5824 ι
2247 5799 2344 5863 me,
2370 5793 2654 5854 maximum,
2692 5795 2737 5842 ia
2763 5792 2905 5844 editis
2938 5795 3167 5846 omissum
3205 5796 3504 5848 restituimus
3538 5810 3600 5849 ex
3627 5811 3732 5851 uta-

2144 5866 2320 5906 ttllsct‘t;
2339 5864 2415 5904 its.
