3994 6478
223 381 244 436 Ι
255 379 360 438 573

219 494 294 548 tui
341 488 500 562 hujus
537 489 716 564 operis
754 488 893 545 libro
939 486 1221 543 maximam
1258 486 1481 542 formam
1510 488 1711 558 peccati
1743 487 1798 541 in

220 584 395 655 primo
426 581 641 637 homine
666 579 908 651 posuisti,
938 590 993 633 ut
1017 595 1047 633 e
1074 579 1343 635 contrario
1372 580 1601 635 maxima
1624 579 1798 636 forma

215 675 434 745 justitiae
480 673 946 729 commendaretur
996 672 1049 727 in
1094 672 1309 728 Christo
1336 671 1558 744 (Supra,
1611 673 1699 727 lib.
1741 671 1799 738 2,

215 776 377 837 capp.
404 765 526 831 189,
558 765 715 834 190);
747 764 886 835 quod
911 773 959 818 te
979 764 1180 819 dixisse
1204 763 1331 817 mihi
1363 764 1558 819 videris
1582 763 1797 817 oblitus:

214 871 337 910 nam
364 856 409 911 si
440 871 649 911 memor
683 854 895 920 fuisses,
920 870 1189 924 nunquam
1236 853 1474 923 profecto
1523 862 1797 923 peccatum

212 948 344 1003 Adae
393 955 501 1002 tam
552 945 842 1014 loquaciter
878 946 1118 1000 minuere
1156 944 1419 999 nitereris.
1465 945 1576 1014 Ego
1622 954 1799 998 autem

211 1039 507 1093 maximum
552 1037 681 1094 illud
710 1048 983 1107 peccatum
1013 1036 1197 1104 fuisse,
1230 1051 1401 1106 poenm
1442 1036 1607 1105 ipsius
1637 1051 1796 1106 grau-

210 1128 382 1184 ditate
424 1128 772 1184 demonstro:
797 1143 902 1184 non
941 1128 1084 1183 enim
1120 1136 1203 1183 est
1241 1128 1431 1197 major,
1466 1141 1624 1197 quam
1654 1137 1710 1181 ut
1732 1127 1799 1181 de

211 1219 466 1289 paradiso
499 1220 869 1291 projiceretur,
897 1226 954 1275 et
979 1233 1007 1272 a
1040 1219 1184 1290 ligno
1217 1220 1338 1273 vita:
1363 1226 1701 1287 separaretur
1732 1233 1798 1273 ne

208 1311 421 1365 viveret
460 1311 512 1365 in
549 1320 806 1366 :eternum
832 1328 845 1364 :
869 1310 1064 1366 additis
1107 1308 1267 1365 etiam
1311 1308 1468 1379 hujus
1509 1310 1798 1379 angoribus

207 1400 352 1465 vitm,
382 1409 444 1456 ut
467 1401 584 1456 dies
611 1401 728 1471 ejus
757 1410 811 1456 et
840 1401 893 1456 in
933 1400 1205 1456 laboribus
1247 1408 1545 1471 gemerent,
1577 1408 1632 1455 et
1659 1399 1797 1453 sicut

206 1491 401 1546 umbra
429 1492 732 1547 transirent.
758 1491 1045 1546 Enimvero
1074 1491 1412 1547 haereditaria
1445 1492 1559 1560 ipsa
1584 1491 1796 1561 generis

206 1581 453 1649 humani,
486 1582 553 1636 ab
596 1582 881 1638 infantibus
911 1592 1079 1653 USQIle
1120 1582 1186 1636 ad
1216 1596 1396 1646 senes,
1425 1581 1699 1637 calamitas
1728 1590 1797 1635 tc-

205 1672 306 1726 stis
332 1682 451 1733 est;
478 1687 595 1741 qum
620 1672 849 1726 miseria:
874 1686 981 1726 non
1007 1671 1265 1727 haberent
1285 1671 1643 1725 conditionem
1665 1685 1792 1739 sup-

205 1764 377 1833 plicii,
425 1765 525 1819 nisi
576 1764 915 1819 traherentur
955 1763 1540 1833 eontagione.peccati.
1570 1762 1646 1817 De
1691 1777 1794 1831 qua

203 1859 524 1927 contagione
554 1857 829 1912 nobiscum
861 1856 1205 1926 pertinaciter
1230 1869 1463 1925 pugnas,
1494 1864 1549 1909 ct
1577 1867 1646 1909 ne
1693 1853 1793 1907 ista

203 1950 479 2017 credatur,
511 1960 564 2004 et
602 1952 772 2021 ipsum
805 1957 1081 2019 peccatum
1115 1949 1268 2019 primi
1299 1948 1547 2013 hominis,
1578 1956 1633 2001 et
1660 1961 1792 2016 snp-

203 2041 427 2111 plicium
456 2042 574 2110 ejus
597 2051 876 2106 extenuas,
906 2048 961 2095 et
986 2040 1219 2106 dolores,
1247 2038 1479 2104 labores,
1512 2046 1565 2094 et
1594 2049 1794 2093 mortes

203 2132 256 2185 in
298 2132 606 2203 paradisum
656 2132 995 2187 introducere
1030 2130 1490 2200 impudentiSsima
1513 2139 1566 2184 et
1592 2129 1795 2199 impiis-

201 2222 344 2277 sima
375 2224 719 2278 «intentione
750 2222 982 2276 conaris.
1016 2222 1156 2276 Dicis
1197 2222 1392 2276 etiam:
1423 2239 1440 2271 ι
1479 2220 1535 2275 Si
1575 2231 1795 2290 promer

203 2313 311 2369 hoc
340 2313 678 2370 maledicitur
704 2324 882 2380 terrae,
915 2324 972 2368 ut
1007 2314 1095 2369 ille
1124 2313 1215 2383 qui
1246 2321 1557 2383 peccaverat
1586 2312 1793 2382 affliga-

202 2417 314 2473 tur,
347 2423 450 2462 nec
478 2415 655 2462 tamen
694 2407 763 2462 ibi
796 2407 1066 2477 iniquitas,
1098 2406 1185 2461 ubi
1216 2405 1521 2460 maledictio
1551 2407 1793 2461 contine-

201 2508 326 2565 tur;
358 2513 454 2553 cur
473 2513 581 2553 non
600 2513 664 2552 ea
684 2498 988 2553 conditione
1008 2498 1191 2564 etiam,
1213 2497 1256 2553 si
1278 2497 1403 2567 quid
1434 2512 1789 2551 aerumnarum

199 2601 413 2645 natura:
449 2600 647 2645 nostrae
679 2599 797 2660 post
826 2596 1100 2659 peccatum
1128 2588 1282 2658 primi
1314 2588 1542 2641 hominis
1564 2587 1788 2643 docere-

200 2690 294 2734 tur
324 2680 548 2745 illatum,
584 2689 896 2750 sequeretur
928 2690 1103 2734 tamen
1136 2694 1241 2733 non
1275 2677 1393 2733 ideo
1424 2679 1648 2732 miseros
1673 2693 1792 2733 esse

198 2772 529 2838 nascendos,
553 2780 611 2827 ut
639 2772 716 2827 rei
746 2772 1226 2838 convincerentur;
1254 2770 1347 2825 sed
1377 2779 1432 2824 ut
1460 2785 1791 2825 commemo-

196 2866 415 2921 ratione
454 2866 660 2936 peccati
702 2866 857 2935 primi
903 2864 1122 2919 afflictio
1164 2865 1514 2931 succedauea,
1544 2863 1629 2918 his
1657 2880 1790 2934 quos

196 2972 327 3012 reos
372 2972 479 3013 non
523 2957 737 3023 fecerat,
769 2957 1080 3012 imitationis
1113 2958 1267 3011 mala:
1308 2956 1570 3011 indiceret
1596 2956 1794 3012 cautio-

197 3047 365 3101 nem?
386 3066 405 3099 ι
439 3046 607 3103 Video
634 3048 823 3117 quibus
849 3047 1108 3117 premaris
1129 3049 1404 3117 angustiis.
1428 3048 1669 3103 Miserias
1694 3064 1792 3103 na-

196 3139 471 3194 scentium
520 3140 727 3210 cogeris
774 3140 1053 3208 conﬁteri,
1094 3140 1343 3210 quoniam
1374 3140 1480 3193 vim
1530 3139 1623 3195 tibi
1667 3139 1794 3195 facit

196 3244 387 3285 rerum
417 3230 703 3295 evidentia,
734 3246 891 3300 quam
936 3246 1042 3300 pra:
1068 3230 1239 3286 oeulis
1262 3230 1501 3285 onmium
1529 3230 1792 3286 constitu-

196 3332 312 3376 tam
344 3337 543 3391 negare
582 3338 685 3375 unu
718 3321 949 3377 sineris:
978 3321 1073 3375 has
1098 3329 1276 3376 autem
1307 3321 1550 3375 miserias
1574 3335 1793 3375 nascen-

194 3414 361 3480 tium,
388 3413 552 3467 etiam
591 3413 640 3465 in
670 3410 920 3483 paradiso
953 3409 1159 3466 futuras
1186 3409 1373 3478 fuisse,
1410 3410 1453 3464 si
1486 3425 1644 3465 nemo
1669 3425 1794 3480 pec-

194 3511 404 3569 casset,
434 3503 514 3558 vis
536 3503 752 3573 quidem
779 3518 1055 3568 asserere;
1087 3501 1181 3558 sed
1209 3503 1385 3557 cernis
1411 3512 1461 3556 te
1489 3502 1794 3557 hominibus

195 3594 593 3665 qualecumque
610 3610 702 3649 cor
720 3594 1054 3661 habentibus,
1076 3594 1125 3648 id
1146 3595 1467 3664 persuadere
1488 3609 1593 3649 non
1613 3609 1790 3664 p0sse.

196 3686 472 3742 Remanct
500 3686 676 3757 igitur,
708 3694 763 3740 ut
804 3695 1021 3754 propter
1057 3674 1330 3754 peccatum
1378 3685 1533 3754 primi
1560 3683 1794 3740 hominis

194 3793 377 3849 genus
404 3778 693 3834 humanum
724 3777 939 3833 fatearis
966 3778 1219 3833 miserum
1250 3778 1498 3833 effectum
1524 3796 1537 3833 :
1569 3778 1665 3835 sed
1693 3780 1795 3835 hoc

194 3870 454 3928 absoluto
490 3870 668 3927 dieere
692 3869 1017 3935 formidans,
1056 3888 1074 3922 ‹
1102 3868 1158 3927 Si
1194 3870 1319 3941 quid
1344 3885 1697 3925 atrumnarum
1718 3912 1732 3935 ,
1766 3888 1788 3924 ι

194 3961 418 4032 inquis,
463 3979 484 4015 ι
511 3970 714 4017 natura:
753 3968 950 4016 nostra:
978 3969 1097 4033 post
1131 3971 1401 4032 peccatum
1436 3962 1591 4032 primi
1617 3962 1793 4018 homi-

196 4054 283 4108 nis
311 4053 600 4109 doceretur
637 4052 861 4109 illatum.
892 4072 913 4106 ι
945 4053 1082 4123 Quid
1117 4064 1228 4121 est,
1267 4073 1285 4107 ‹
1312 4054 1368 4110 Si
1402 4054 1530 4125 quid
1565 4054 1792 4111 docere—

195 4151 325 4199 tur?
356 4162 376 4197 ι
415 4144 560 4199 Itane
589 4160 716 4199 vero
746 4160 833 4199 res
871 4143 1299 4199 manifestissima
1319 4186 1334 4211 ,
1377 4160 1535 4215 quam
1574 4152 1630 4200 tu
1661 4160 1793 4215 quo-

195 4252 307 4307 que
346 4236 461 4305 jam
505 4237 704 4291 sentire
741 4236 1111 4306 compelleris,
1159 4251 1265 4290 non
1304 4235 1563 4291 docetur?
1605 4236 1687 4291 An
1726 4250 1793 4291 eo

195 4329 539 4386 redeundum
568 4339 680 4397 est,
722 4330 863 4385 unde
900 4344 998 4399 per
1040 4328 1155 4385 haec
1189 4329 1349 4385 verba
1375 4330 1573 4385 sensim
1611 4330 1793 4400 fugere

193 4421 520 4488 meditaris;
562 4421 860 4491 intelligens
903 4436 1059 4491 quam
1104 4419 1423 4475 intolerabili
1466 4419 1793 4476 absurditate

194 4512 480 4578 credatur,
508 4514 839 4567 nascentium
880 4512 1123 4567 miserias
1159 4513 1319 4567 etiam
1350 4512 1403 4565 in
1434 4511 1679 4582 paradiso
1707 4511 1791 4566 fu-

192 4612 353 4658 turas
381 4601 545 4658 fuisse
563 4643 579 4670 ,
607 4600 655 4658 si
681 4617 841 4659 nemo
866 4602 1176 4673 peccasset?
1204 4602 1357 4668 Quod
1383 4602 1427 4656 si
1456 4602 1633 4659 dicere
1663 4602 1791 4657 hor-

193 4694 397 4758 rescis,
429 4693 678 4764 quoniam
702 4709 888 4749 revera
911 4693 1260 4749 vehementer
1281 4693 1604 4748 horrendum
1628 4696 1746 4749 est'
1775 4711 1789 4750 :

190 4801 298 4839 cur
323 4784 464 4840 dicis
482 4824 498 4852 ,
537 4802 557 4838 ς
583 4785 790 4841 etiamsi
815 4784 1131 4851 doceretur;
1163 4802 1184 4837 ι
1217 4800 1338 4840 cum
1367 4784 1482 4840 sine
1507 4785 1613 4840 ulla
1637 4785 1793 4841 dubi-

190 4877 408 4932 tatione
429 4875 704 4945 doceatur,
728 4893 833 4932 non
859 4876 1058 4948 aliquid
1086 4891 1464 4945 :erumnarum,
1489 4876 1583 4932 sed
1603 4892 1793 4933 omnes

190 4985 477 5025 aerumnas
504 4971 837 5025 nascentium
867 4980 987 5042 post
1027 4981 1299 5042 peccatum
1328 4969 1485 5042 primi
1524 4970 1753 5026 hominis
1774 5013 1791 5039 ,

190 5060 311 5115 imo
335 5069 558 5131 propter
585 5072 862 5133 peccatum
888 5061 1043 5132 primi
1084 5062 1315 5117 hominis
1334 5103 1349 5128 ,
1384 5069 1581 5117 nostra:
1617 5062 1794 5118 illatas

188 5170 325 5211 esse
355 5156 593 5210 naturze?
618 5155 746 5222 Sed,
780 5173 799 5207 ι
828 5171 957 5221 non,
986 5173 1006 5207 ι
1040 5154 1236 5226 inquis,
1269 5172 1288 5207 ι
1318 5154 1437 5210 ideo
1457 5162 1583 5210 sunt
1608 5154 1795 5211 miseri

188 5254 491 5300 nascentes
509 5285 527 5312 ,
560 5253 618 5300 ut
647 5260 767 5301 esse
794 5245 870 5301 rei
900 5245 1305 5300 convincantur.
1333 5263 1353 5298 ι
1387 5244 1496 5300 Nec
1519 5260 1621 5317 ego
1639 5244 1790 5313 dico,

189 5336 331 5392 Ideo
362 5334 545 5391 miseri
572 5348 699 5392 sunt
726 5346 1026 5405 nascentes,
1059 5343 1118 5392 ut
1141 5336 1525 5407 convincantur
1549 5337 1627 5391 rei
1654 5353 1668 5391 :
1698 5336 1795 5393 sed

183 5427 324 5483 dico
349 5427 550 5497 potius,
576 5428 701 5484 Ideo
723 5427 1111 5486 convincuntur
1135 5428 1213 5484 rei
1238 5443 1375 5493 esse,
1399 5428 1647 5501 quoniam
1670 5437 1797 5485 sunt

184 5518 411 5574 miseri.
440 5516 624 5575 Justus
646 5527 731 5576 est
754 5520 897 5575 enim
925 5519 1096 5587 Deus,
1129 5518 1269 5591 quod
1297 5518 1510 5575 assidue
1533 5528 1719 5575 contra
1739 5528 1794 5577 te

183 5607 371 5675 dicis,
401 5618 458 5667 et
487 5610 663 5667 nescis
690 5628 704 5667 :
728 5610 905 5682 justus
939 5619 1056 5679 est,
1088 5611 1336 5682 inquam,
1384 5611 1558 5676 Deus;
1590 5622 1646 5665 et
1671 5611 1792 5668 ideo

183 5746 285 5860 ea:
312 5745 386 5796 sic
425 5750 535 5798 Mss.
568 5751 621 5797 tu
645 5746 799 5810 vign.,
848 5743 1072 5810 quoniam
1102 5758 1269 5799 revera
1306 5746 1469 5799 dicere
1497 5745 1797 5800 horrendum

1579 373 1777 431 LIBER
1815 372 2100 431 SEXTUS.

3352 390 3490 451 15η

1910 494 2191 543 nascentes
2231 503 2331 545 nec
2356 488 2531 548 facere
2569 507 2671 550 nec
2705 494 2820 552 fieri
2858 498 3057 556 sineret
3096 515 3354 570 miseros,
3386 507 3489 561 nisi

1910 588 2092 634 nosset
2118 594 2261 636 reos.
2291 579 2443 638 Unde
2468 598 2576 639 non
2602 585 2759 643 aliter
2786 586 2919 645 fides
2942 592 3204 649 catholica
3238 594 3490 665 intelligit

1909 668 2049 739 quod
2085 670 2161 725 ait
2183 672 2501 742 Apostolus,
2534 674 2637 729 Per
2664 693 2820 732 unum
2849 679 3099 736 hominem
3127 694 3384 753 peccatum
3407 686 3489 741 in-

1910 763 2055 815 travit
2080 763 2132 817 in
2156 766 2419 833 mundum,
2446 777 2492 821 et
2514 784 2604 839 per
2618 781 2879 841 peccatum
2899 789 3066 839 mors;
3088 785 3133 830 et
3154 776 3224 831 ita
3244 777 3294 830 in
3314 794 3488 834 omnes

1908 851 2136 909 homines
2168 858 2483 924 pertransiit,
2513 860 2567 913 in
2595 877 2695 929 quo
2723 878 2894 917 omnes
2933 876 3258 934 peccaverunt
3302 868 3483 937 (Rom.

1908 956 1961 1007 v,
1998 943 2107 1014 19.).
2138 946 2290 1013 Quod
2332 956 2386 1002 tu
2418 951 2605 1006 nolens
2632 952 2835 1009 referre
2868 955 2936 1010 ad
2965 957 3184 1027 originis
3219 975 3412 1015 nexum
3441 963 3483 1027 ⁸,

1906 1033 2225 1107 detorquere
2239 1042 2448 1095 conaris
2462 1042 2529 1097 ad
2546 1044 2853 1101 imitationis
2868 1049 3258 1120 exemplumzex
3281 1066 3387 1121 quo
3402 1053 3483 1118 fit,

1909 1134 1967 1180 ut
1989 1140 2108 1181 cum
2138 1128 2230 1183 tibi
2254 1131 2464 1197 dicitur,
2486 1133 2591 1189 Cur
2617 1152 2744 1206 ergo
2763 1138 3001 1195 miserias
3029 1141 3243 1209 generis
3269 1142 3485 1199 humani

1906 1216 1959 1270 in
1988 1218 2104 1287 ipso
2125 1218 2428 1290 incipientis
2452 1226 2625 1281 artatis
2645 1228 2887 1295 exordio,
2915 1230 3209 1287 innumeris
3232 1241 3288 1287 et
3310 1232 3486 1289 diver-

1904 1309 1980 1364 sis
2007 1311 2162 1366 malis
2186 1314 2298 1368 suis
2326 1325 2687 1384 protestantur
2714 1319 2941 1377 infantes
2959 1364 2974 1388 ,
3007 1323 3097 1393 qui
3135 1324 3279 1379 nulla
3308 1325 3485 1380 imita-

1907 1395 2051 1450 tione
2094 1401 2413 1466 peccarunt?
2458 1408 2705 1472 tanquam
2742 1406 3054 1476 gravissima
3095 1416 3152 1463 et
3192 1409 3486 1465 inevitabili

1904 1500 2151 1554 pressura
2184 1482 2466 1558 stomachi,
2491 1492 2543 1546 in
2573 1494 2670 1549 hos
2695 1497 2920 1551 vomitus
2943 1513 3213 1568 erumpas,
3237 1508 3293 1554 et
3313 1499 3482 1566 dicas,

1903 1576 2020 1631 Non
2050 1579 2171 1647 quia
2200 1580 2274 1634 rei
2306 1592 2462 1648 sunt,
2512 1583 2633 1638 ideo
2661 1594 2786 1639 sunt
2823 1587 3004 1642 miseri
3044 1588 3134 1657 qui
3162 1600 3481 1654 nascuntur;

1904 1666 2001 1721 sed
2045 1677 2101 1721 ut
2146 1667 2245 1724 hac
2290 1672 2504 1727 miseria
2552 1676 2894 1743 commoniti,
2938 1686 3163 1733 caveant
3207 1690 3485 1749 peccatum

1904 1758 2061 1826 primi
2087 1757 2318 1815 hominis
2346 1760 2562 1816 imitari.
2588 1762 2677 1819 Sic
2704 1766 2846 1819 enim
2877 1769 3053 1836 putavi
3085 1768 3289 1837 planius
3312 1778 3366 1824 et
3391 1783 3485 1824 ex-

1904 1848 2149 1916 plicatius
2191 1864 2313 1905 esse
2359 1850 2683 1920 dicendum,
2734 1855 2877 1924 quod
2930 1865 2983 1910 tu
3027 1857 3306 1913 obscurius
3358 1874 3483 1928 per-

1903 1938 2220 2010 plexiusque
2242 1942 2445 1996 dixisti.
2475 1943 2581 1998 Sed
2606 1945 3007 2015 quomodolibet
3032 1948 3132 2003 hoc
3152 1948 3297 2003 dicas
3317 1990 3332 2017 ,
3364 1951 3485 2019 quis

1902 2044 2007 2084 non
2038 2031 2213 2087 videat
2236 2033 2413 2088 studio
2449 2034 2799 2092 defendendae
2829 2039 3094 2108 opinionis
3125 2050 3227 2095 tua:
3264 2045 3484 2097 omnino

1903 2129 1957 2176 te
1988 2123 2264 2179 attendere
2293 2125 2434 2180 nolle
2457 2127 2584 2197 quid
2608 2128 2793 2184 dicas?
2818 2128 3012 2186 ldeone
3035 2130 3275 2199 fuerant,
3303 2148 3485 2203 quaeso

1905 2224 1976 2282 te,
2007 2215 2251 2272 homines
2278 2218 2589 2276 innocentes
2621 2221 2887 2292 plectendi
2916 2224 3163 2288 miseria,
3204 2239 3309 2279 non
3342 2225 3487 2294 quod

1901 2307 2067 2361 ullum
2093 2318 2368 2378 peccatum
2401 2310 2679 2380 haberent,
2706 2314 2803 2369 sed
2841 2326 2896 2370 ut
2923 2331 3027 2370 non
3055 2317 3346 2372 haberent?
3379 2317 3485 2373 De-

1899 2397 2014 2453 buit
2040 2415 2168 2470 ergo
2195 2409 2249 2455 et
2288 2401 2394 2455 Eva
2422 2404 2570 2472 prius
2594 2403 2711 2459 fieri
2741 2406 2932 2461 misera
2958 2421 3117 2476 quam
3145 2421 3266 2473 rea,
3297 2417 3353 2462 ut
3381 2408 3485 2463 mi-

1903 2490 2044 2545 seria
2069 2506 2164 2546 sua
2185 2504 2622 2551 commoneretur
2641 2511 2746 2551 non
2772 2499 3074 2554 consentire
3099 2500 3356 2569 serpenti.
3381 2502 3488 2557 De-

1899 2580 2016 2637 buit
2039 2590 2094 2637 et
2119 2583 2287 2638 Adam
2318 2586 2468 2655 prius
2497 2588 2674 2656 puniri
2701 2589 2842 2643 malo
2874 2590 3104 2644 miseria:
3123 2630 3140 2658 ,
3172 2607 3241 2646 ne
3265 2592 3332 2647 ad
3374 2608 3487 2647 ma-

1900 2670 2010 2727 lum
2040 2674 2241 2743 peccati
2270 2675 2504 2731 seducta:
2540 2680 2870 2735 consentiret
2911 2681 3084 2735 uxori.
3126 2681 3310 2737 Placet
3341 2684 3487 2737 enim

1903 2764 2029 2833 tibi,
2061 2774 2117 2820 ut
2142 2767 2315 2836 poenis
2343 2768 2766 2837 praecedentibus
2792 2769 3016 2826 crimina
3043 2782 3352 2838 caveantur,
3379 2788 3488 2828 non

1906 2864 1965 2909 ut
1988 2857 2334 2926 sequentibus
2358 2840 2720 2925 vindicentur;
2752 2875 2814 2915 ac
2842 2861 2920 2916 sic
2956 2862 3197 2929 inverse,
3228 2877 3335 2918 non
3366 2864 3488 2933 quia

1901 2956 2176 3016 peccatum
2208 2956 2310 3013 est,
2338 2948 2433 3004 sed
2457 2965 2526 3004 ue
2554 2959 2821 3019 peccetur,
2850 2967 2958 3007 non
2986 2962 3185 3019 reatus,
3214 2954 3310 3009 sed
3335 2954 3491 3009 inno-

1901 3038 2075 3093 centia
2106 3039 2375 3108 puniatur.
2404 3040 2651 3112 Corrige,
2697 3042 2946 3109 obsecro,
2975 3060 3313 3114 perversam,
3346 3060 3487 3115 pra:-

1902 3137 2281 3200 posteramque
2306 3134 2626 3188 sententiam
2653 3152 2665 3187 :
2698 3136 2823 3204 quia
2850 3136 3034 3206 utique
3060 3137 3290 3192 tunicam
3315 3138 3486 3192 corri-

1899 3233 2076 3289 geres,
2102 3220 2150 3274 si
2179 3229 2231 3277 te
2250 3221 2435 3276 dextra
2462 3224 2513 3276 in
2546 3223 2761 3279 sinistra
2789 3224 2926 3281 forte
2951 3226 3196 3282 vestires.
3222 3228 3334 3283 Hoc
3353 3228 3485 3297 dixi,

1899 3311 2153 3380 quoniam
2186 3321 2421 3381 peccata,
2447 3328 2514 3368 ne
2543 3325 2855 3384 sequantur,
2882 3318 3155 3388 suppliciis
3180 3319 3489 3388 praeceden-

1902 3399 2045 3454 tibus
2070 3400 2150 3455 vis
2190 3401 2403 3468 caveri;
2435 3418 2557 3458 cum
2602 3404 2809 3460 soleant
2850 3415 2906 3461 et
2948 3407 3177 3463 debeant
3213 3410 3488 3479 suppliciis

1900 3494 2245 3562 sequentibus
2288 3505 2506 3564 peccata
2555 3497 2910 3566 prmcedcntia
2953 3499 3235 3557 vindicari.
3284 3503 3490 3558 Deinde

1901 3582 1987 3637 dic
2027 3584 2214 3651 nobis,
2246 3586 2512 3655 quomodo
2555 3588 2893 3646 calamitOsos
2921 3606 3361 3649 commoneatnus
3409 3596 3490 3649 in-

1899 3672 2106 3741 fantes,
2139 3687 2195 3730 ut
2227 3676 2533 3732 intueantur
2570 3680 2840 3735 miseriam
2880 3698 3068 3749 suam,
3102 3700 3170 3739 ne
3213 3698 3490 3753 peccatum

1902 3766 2059 3837 primi
2082 3768 2311 3823 hominis
2336 3769 2639 3838 imitentur;
2669 3771 2757 3842 qui
2787 3788 2886 3828 nec
2913 3774 3108 3829 imitari
3134 3789 3484 3845 quemquam,

1900 3873 2001 3915 nec
2023 3858 2351 3916 commoneri
2373 3860 2548 3917 adhuc
2575 3872 2818 3932 possunt.
2839 3864 3116 3921 Maledicta
3164 3866 3306 3923 enim
3350 3878 3491 3923 terra

1904 3949 2068 4024 (unde
2108 3950 2175 4006 ad
2206 3951 2309 4007 hoc
2332 3959 2478 4008 tuum
2503 3952 2915 4010 deliramentum
2944 3957 3112 4013 sumis
3141 3958 3443 4029 exemplum
3468 4000 3485 4026 ,

1900 4042 2022 4111 quia
2048 4042 2124 4096 sic
2150 4051 2441 4112 potuerunt
2461 4055 2744 4102 nascentes
2768 4047 2909 4104 effici
2931 4050 3133 4117 miseri,
3158 4059 3216 4105 ut
3241 4061 3492 4107 caverent

1900 4142 2118 4202 peccata
2146 4135 2494 4205 gignentium,
2527 4140 2771 4209 quamvis
2800 4155 2905 4196 non
2931 4157 2997 4197 ex
3026 4143 3108 4199 eis
3138 4143 3352 4199 trahant
3376 4146 3491 4201 ori-

1898 4223 2074 4295 ginale
2104 4238 2379 4295 peccatum
2402 4269 2416 4294 ,
2447 4230 2896 4299 quemadmodum
2929 4241 3072 4288 terra
3096 4226 3380 4291 maledicta
3408 4244 3493 4291 est

1900 4325 2119 4387 propter
2144 4317 2376 4375 hominis
2406 4335 2651 4390 poenam,
2700 4324 2947 4393 quamvis
2982 4325 3095 4395 ipsa
3137 4340 3245 4381 non
3286 4327 3490 4382 habens

1899 4408 2133 4482 culpam)
2164 4428 2261 4466 cur
2299 4428 2406 4469 non
2442 4414 2672 4470 attendis
2702 4416 2826 4485 quia
2869 4417 3005 4471 sicut
3049 4432 3157 4470 non
3188 4416 3349 4471 habet
3375 4420 3491 4472 cul-

1901 4517 2041 4571 pam,
2073 4502 2150 4558 sic
2176 4518 2241 4558 ex
2269 4504 2355 4559 illa
2386 4504 2760 4562 maledictione
2789 4523 2895 4563 non
2926 4508 3083 4563 habet
3110 4523 3354 4578 ptenam;
3388 4511 3485 4565 sed

1900 4595 2174 4663 peccantis
2213 4595 2474 4661 hominis,
2515 4612 2639 4651 eum
2680 4598 3016 4653 maledicitur
3056 4609 3232 4668 terra,
3271 4600 3386 4671 ipsa
3431 4601 3491 4658 fit

1902 4688 2092 4758 poena?
2112 4687 2401 4743 Nascentes
2416 4696 2593 4743 autem
2614 4704 2737 4744 cum
2761 4689 2943 4745 miseri
2962 4702 3105 4756 sunt,
3129 4692 3231 4762 ipsi
3250 4695 3491 4750 sentiunt

1901 4776 2147 4834 miserias
2184 4792 2343 4844 suas;
2374 4779 2473 4848 ipsi
2501 4779 2738 4847 nullum,
2782 4780 2921 4837 sicut
2948 4784 3178 4853 putatis,
3214 4785 3490 4842 trahentes

1902 4878 2206 4939 peccatum;
2249 4870 2574 4937 immeritas,
2616 4870 2662 4926 si
2700 4870 2804 4927 hoc
2845 4871 2917 4927 ita
2945 4882 3063 4940 est,
3112 4875 3301 4945 procul
3324 4875 3502 4943 dubio,

1899 4963 2166 5019 sustinent
2196 4978 2413 5034 poenas;
2445 4964 2538 5036 qui
2578 4978 2677 5019 nec
2700 4963 2979 5021 admoneri
3009 4966 3217 5033 adhuc,
3250 4976 3309 5023 ut
3342 4968 3449 5024 dixi
3469 5011 3484 5034 ,

1899 5054 2099 5125 aliquid
2120 5062 2360 5126 possunt,
2384 5071 2483 5111 nec
2499 5065 2775 5128 peccatum
2798 5056 2955 5127 primi
2976 5057 3208 5114 hominis
3224 5058 3419 5115 imitari
3442 5062 3485 5126 ‘,

1901 5158 2121 5219 propter
2146 5149 2289 5220 quod
2325 5148 2556 5206 debeant
2597 5149 2897 5208 admoneri.
2936 5152 3023 5208 An
3068 5153 3487 5224 exspectandum

1901 5248 1986 5295 est
2030 5246 2090 5294 ut
2116 5240 2406 5297 crescendo
2445 5243 2756 5311 perveniant
2796 5242 2866 5298 ad
2908 5242 3135 5299 liberum
3177 5244 3487 5311 arbitrium,

1903 5333 2115 5404 quando
2140 5334 2372 5389 sentiant
2398 5334 2809 5403 admonentem,
2846 5344 3008 5407 atque
3048 5335 3302 5391 intuendo
3328 5335 3491 5390 mise-

1903 5425 2037 5480 riam
2062 5439 2211 5480 suam
2232 5465 2246 5492 ,
2290 5424 2501 5496 culpam
2533 5440 2637 5481 non
2675 5426 2945 5484 imitentur
2973 5426 3239 5482 alienam?
3265 5425 3373 5482 Sed
3400 5424 3489 5480 ubi

1903 5517 2149 5588 ponimus
2178 5525 2286 5572 tam
2326 5517 2523 5573 multos
2561 5521 2649 5589 qui
2682 5534 2852 5590 usque
2875 5517 2942 5573 ad
2968 5517 3109 5574 diem
3153 5519 3339 5573 mortis
3378 5532 3491 5572 sua:

1901 5607 2021 5679 quis
2042 5607 2223 5674 fuerit,
2250 5606 2337 5665 vel
2358 5616 2532 5663 utrum
2559 5608 2846 5676 fuerit,~vel
2869 5607 2996 5680 quid
3021 5607 3297 5665 admiserit
3315 5607 3488 5665 Adam

1967 5745 1985 5778 ι
2011 5736 2146 5796 altu,
2173 5751 2360 5792 sexum.
2381 5748 2436 5790 At
2463 5748 2586 5797 uss,
2608 5752 2789 5790 nexum
2816 5748 2837 5789 :
2860 5737 2987 5787 forte
3008 5750 3109 5798 rm,
3138 5750 3333 5788 noxam.

1971 5805 1991 5840 '
2011 5805 2236 5869 \‘ctbum,
2260 5801 2462 5866 imitari,
2485 5803 2788 5854 restituimus
2801 5813 2867 5852 ex
2890 5802 3243 5865 manuscriptis.
