3994 6478
515 386 543 446 ί
553 382 657 444 5⁸15

518 494 796 558 nesciunt?
807 492 910 553 Ubi
926 490 1170 564 ponimus
1182 496 1289 542 tam
1298 485 1496 541 multos
1511 482 1598 553 qui
1612 479 1759 551 prius
1778 460 2097 538 moriuntur,

428 577 436 584 I
517 608 678 666 quam
691 588 1002 662 perveniant
1015 583 1083 639 ad
1097 590 1328 644 (etatem,
1344 580 1395 633 in
1409 592 1512 647 qua
1522 590 1616 629 seu
1624 572 1756 666 tiant
1765 579 2102 623 commonen-

519 661 629 743 tem
646 686 671 739 ?
686 661 786 741 Ubi
800 680 1047 752 ponimus
1060 691 1153 733 eos
1169 673 1259 744 qui
1277 682 1383 727 tam
1414 667 1616 724 insulso
1632 677 1693 717 ac
1710 661 1854 752 fatuo
1871 669 2098 752 nascun-

519 786 609 832 tur
634 748 868 844 ingenio,
887 778 946 825 ut
973 783 1072 824 nec
1096 765 1324 837 grandes
1349 759 1554 831 possint
1577 769 1698 811 cum
1716 751 1897 818 aliquo
1926 748 2103 844 fructu

520 867 626 920 tale
646 835 843 933 aliquid
855 835 1169 915 admoneri?
1190 853 1391 923 Nempe
1408 849 1660 902 hiomnes
1683 845 1699 875 ¹
1718 850 1861 897 tanta
1887 835 2101 893 miseria

521 959 639 1012 sine
663 929 770 1010 uno
798 952 1008 1015 merito,
1030 950 1146 1003 sine
1170 946 1274 1000 ulla
1296 941 1524 997 utilitate
1548 938 1866 1007 plectuntur.
1896 929 1994 985 Ubi
2021 934 2104 981 est

516 1046 723 1118 justitia
752 1044 885 1100 Dei?
915 1056 1071 1112 quam
1115 1038 1159 1093 si
1200 1035 1495 1104 cogitares,
1541 1039 1811 1096 nunquam
1852 1019 2102 1076 crederes

517 1116 639 1195 sine
668 1138 774 1193 ullo
799 1136 990 1192 merito
1018 1129 1216 1202 peccati
1260 1124 1533 1196 originalis
1562 1130 1667 1175 tam
1714 1116 1939 1172 miseros
1983 1125 2103 1165 esse

520 1237 822 1286 nascentes.
863 1225 970 1282 Sed
996 1222 1246 1294 quoniam
1276 1233 1398 1273 cum
1432 1212 1739 1269 cuiiditione
1771 1208 1976 1263 locutus
2002 1217 2099 1257 es:

522 1338 629 1377 non
654 1320 801 1376 enim
818 1318 965 1381 aisti,
984 1291 1246 1383 Quoniam
1272 1310 1523 1370 docetur;
1554 1302 1650 1358 sed
1676 1301 1816 1363 aisti,
1853 1316 1870 1348 ‹
1898 1296 1951 1350 Si
1974 1291 2102 1365 quid

519 1414 803 1469 doceretur
840 1422 1196 1464 mrumuarum
1235 1412 1351 1473 post
1381 1406 1658 1471 peccatum
1685 1392 1843 1463 primi
1872 1386 2103 1444 hominis

524 1514 721 1559 uostm
767 1501 969 1556 illatum
1004 1512 1126 1552 esse
1155 1504 1361 1549 natura
1388 1508 1405 1546 ‘:
1438 1512 1458 1543 ι
1493 1496 1706 1559 paratus
1744 1499 1833 1549 es,
1867 1490 1924 1535 ut
1964 1477 2105 1533 arbi-

523 1603 658 1659 tror,
680 1592 879 1653 dicere.
911 1588 1025 1643 Non
1053 1586 1290 1641 docetur.
1327 1584 1401 1636 Ac
1425 1596 1520 1651 per
1542 1580 1641 1632 hoc
1663 1583 1828 1630 restat
1852 1580 1910 1627 ut
1928 1569 2101 1636 dicas,

523 1683 661 1737 mala
687 1696 806 1752 qua:
822 1678 1062 1734 videmus
1088 1674 1336 1745 parvulos
1361 1663 1835 1741 perpeti,etiamin
1857 1659 2103 1731 paradiso

520 1773 695 1828 futura
724 1772 902 1831 fuisse.
923 1769 967 1822 si
990 1780 1148 1821 nemo
1184 1769 1478 1834 peccasset,
1504 1775 1570 1813 ne
1587 1764 1803 1828 propter
1829 1760 2102 1823 peccatum

522 1864 679 1934 primi
710 1860 942 1917 hominis
964 1873 1026 1914 ea
1054 1856 1268 1911 fatearis
1295 1860 1499 1908 exorta.
1531 1850 1605 1904 Ita
1644 1861 1764 1903 cum
1809 1844 1907 1897 hos
1936 1839 2106 1895 nodos

522 1930 718 2025 ξιιιιιξνίε
754 1949 1019 2013 evadere,
1059 1955 1113 2001 et
1151 1944 1265 1999 ﬁeri
1296 1958 1360 1997 ea
1386 1939 1585 1996 nostris
1624 1934 1868 1991 manibus
1899 1930 2102 1996 labilis,

520 2056 706 2101 cutura
738 2041 1041 2114 paradisum
1066 2037 1233 2093 stabis
1258 2032 1575 2094 immobilis;
1602 2028 1687 2083 cui
1710 2027 1787 2082 sic
1812 2040 1869 2079 es
1894 2031 2106 2077 contra-

520 2140 654 2205 rius,
683 2147 745 2192 ut
763 2135 883 2206 ejus
909 2131 1147 2189 felicitati
1170 2139 1225 2184 et
1259 2127 1421 2199 quieti
1462 2122 1769 2188 turbandae,
1800 2129 1854 2175 et
1892 2117 2105 2172 dolores

522 2226 959 2300 parturientium,
988 2232 1046 2279 et
1078 2222 1291 2278 labores
1316 2216 1649 2289 operantium
1669 2254 1685 2281 ,
1713 2220 1767 2266 et
1790 2208 2106 2280 jactatioues

522 2320 935 2393 aegrotandum,
971 2315 1295 2384 morbosque
1336 2308 1704 2370 morientium,
1752 2301 2106 2357 audacissimo

521 2391 618 2469 ore
661 2421 716 2469 et
757 2412 933 2466 fronte
976 2405 1332 2479 perditissima
1380 2400 1657 2455 immittas.
1706 2394 1813 2451 Sed
1856 2395 1909 2448 in
1953 2391 2107 2447 laude

523 2502 714 2559 mortis
742 2514 993 2570 magnum
1024 2508 1076 2552 te
1102 2505 1255 2566 putas
1278 2491 1476 2562 aliquid
1509 2489 1775 2544 invenisse
1802 2485 1941 2556 quod
1964 2484 2109 2539 dice-

522 2609 632 2660 res,
669 2611 689 2647 ι
714 2593 887 2663 prima
914 2608 934 2643 ι
970 2589 1203 2654 scilicet,
1241 2604 1261 2639 r
1289 2583 1569 2640 occasione
1598 2580 1879 2644 claruisse,
1907 2577 2106 2631 malum

525 2699 633 2738 non
659 2696 778 2738 esse
805 2688 1066 2745 mortem,
1113 2675 1254 2749 quod
1284 2690 1401 2730 eam
1426 2674 1602 2743 justus
1639 2671 1841 2741 primus
1868 2666 2107 2723 omnium

523 2773 807 2830 dedicavit.
840 2791 860 2826 ι
896 2772 1037 2841 Ergo
1061 2768 1228 2825 redde
1255 2767 1538 2828 rationem,
1566 2762 1833 2833 quomodo
1862 2776 1967 2815 non
2012 2759 2108 2814 ha-

525 2865 678 2921 beret
702 2879 864 2935 quam
891 2862 1165 2918 dedicaret
1184 2859 1389 2930 justus,
1422 2856 1523 2912 nisi
1552 2856 1688 2909 hanc
1714 2854 2001 2908 aediﬁcaret
2030 2853 2110 2907 in-

523 2954 719 3024 justas.
764 2953 964 3007 Auctor
1002 2950 1197 3021 quippe
1238 2956 1296 3004 et
1323 2947 1541 3002 eﬁ'ector
1585 2944 1772 2999 mortis
1810 2943 1948 2997 illius
1977 2943 2109 2997 Cain

527 3044 751 3110 exstitit,
774 3058 879 3099 non
904 3042 1055 3097 Abel.
1078 3041 1171 3096 Ille
1195 3038 1375 3109 itaque
1393 3036 1676 3100 dedicarit,
1702 3034 1792 3105 qui
1814 3033 2108 3089 fabricavit.

529 3136 673 3192 Mors
700 3136 842 3191 enim
882 3135 1113 3190 hominis
1156 3133 1311 3197 boni,
1345 3131 1542 3186 malum
1581 3144 1715 3199 Opus
1755 3129 1850 3184 fuit
1881 3126 2111 3183 hominis

527 3226 675 3281 mali.
703 3226 806 3282 lste
844 3234 1018 3281 autem
1057 3225 1147 3295 qui
1185 3238 1284 3294 pro
1318 3222 1459 3276 bono
1497 3221 1691 3275 malum
1722 3219 1974 3290 pertulit,
2004 3232 2111 3272 non

528 3325 777 3383 mortem,
808 3316 905 3373 sed
936 3317 1249 3387 martyrium
1272 3314 1571 3380 dedicavit,
1601 3327 1797 3384 gerens
1832 3312 1949 3381 ejus
1979 3309 2113 3380 ﬁgu-

528 3422 643 3462 ram
663 3449 678 3473 ,
707 3422 864 3479 quem
892 3407 1120 3477 populus
1142 3406 1448 3462 Judaeorum
1472 3414 1723 3474 tauquam
1750 3403 1921 3458 malus
1952 3402 2114 3458 frater

524 3488 755 3553 carnalis
776 3499 988 3553 occidit.
1016 3498 1303 3567 Propterea
1328 3497 1505 3567 itaque
1526 3495 1789 3566 gloriosus
1817 3494 1969 3559 Abel,
2005 3508 2110 3548 non

526 3591 651 3659 quia
674 3589 874 3659 aliquid
903 3588 1025 3644 boni
1050 3589 1278 3658 sumpsit
1303 3604 1332 3642 a
1359 3587 1545 3654 fratre,
1574 3586 1666 3641 sed
1690 3586 1812 3656 quia
1852 3585 2115 3654 patienter

527 3696 627 3750 pro
646 3680 850 3750 justitia
882 3680 1180 3745 moriendo,
1222 3679 1363 3733 malo
1391 3678 1508 3748 ejus
1534 3692 1662 3732 usus
1685 3684 1769 3732 est
1794 3676 1949 3731 bene.
1980 3674 2113 3729 Nam

525 3774 667 3828 sicut
697 3772 837 3828 bono
867 3772 1000 3843 legis
1033 3773 1170 3827 male
1198 3772 1395 3826 utendo
1424 3771 1858 3841 prmvaricatorcs
1888 3768 2115 3838 puniun-

527 3874 650 3931 tur;
682 3864 753 3919 ita
778 3882 810 3921 e
838 3865 1107 3920 contrario
1135 3865 1275 3918 malo
1302 3863 1488 3918 mortis
1520 3862 1654 3917 bene
1679 3859 1877 3915 utendo
1906 3867 2111 3930 marty-

524 3971 615 4011 res
655 3966 997 4011 coronantur.
1043 3955 1269 4009 Proinde
1311 3955 1355 4009 si
1402 3970 1508 4008 non
1548 3953 1851 4022 dedignaris
1894 3951 2113 4018 dicere,

526 4045 673 4116 quod
701 4054 754 4100 te
780 4060 945 4101 cerno
975 4046 1202 4110 nescire,
1233 4061 1377 4099 mors
1408 4045 1459 4099 in
1490 4044 1841 4098 morientibus
1867 4042 2116 4096 oumibus

526 4137 669 4191 mala
711 4145 829 4206 est;
858 4137 909 4191 iu
953 4137 1182 4191 mortuis
1225 4146 1400 4190 autem
1434 4136 1746 4206 quibusdam
1787 4135 1959 4199 mala,
2001 4135 2117 4203 qui-

528 4227 753 4283 busdam
782 4215 943 4284 horia.
978 4229 1090 4284 lloc
1116 4229 1283 4283 secuti
1315 4237 1472 4293 sunt,
1518 4228 1607 4297 qui
1649 4228 1717 4282 de
1761 4227 1903 4281 bene
1930 4227 2116 4280 mortis

530 4320 825 4376 laudabiles
848 4320 1241 4391 disputationes
1271 4320 1435 4374 etiam
1473 4318 1667 4374 litteris
1707 4318 2113 4371 mandaverunt.

529 4413 672 4469 Mors
695 4427 822 4485 ergo
841 4412 973 4484 justi
1002 4413 1187 4469 Abelis
1218 4412 1503 4467 habitantis
1543 4411 1597 4465 in
1625 4412 1838 4481 requie,
1883 4426 1987 4464 non
2029 4424 2119 4465 so-

529 4506 642 4563 lum
686 4508 825 4563 mala
866 4523 972 4563 non
997 4515 1102 4572 est,
1133 4522 1314 4561 verum
1345 4506 1505 4560 etiam
1532 4503 1670 4559 bona
1700 4513 1801 4558 est.
1835 4503 1911 4557 Tu
1938 4510 2115 4558 autem

528 4598 585 4655 in
618 4599 922 4670 paradisum
951 4614 1056 4654 non
1083 4597 1343 4654 bonorum
1369 4605 1701 4651 mortuorum
1732 4596 1990 4667 requiem,
2022 4593 2115 4649 sed

527 4695 798 4750 cruciatus
817 4693 1182 4759 morientium,
1216 4707 1283 4746 ne
1312 4692 1571 4746 bonorum
1609 4689 1679 4743 ibi
1706 4689 1917 4759 requies
1940 4696 2114 4753 esset,

532 4787 775 4841 intulisti.
806 4786 913 4841 Aut
936 4786 980 4839 si
1006 4785 1160 4848 dicis,
1189 4782 1246 4838 Si
1280 4797 1437 4837 nemo
1460 4789 1753 4851 peccasset,
1784 4780 1841 4835 in
1870 4779 2117 4849 paradiso

530 4877 652 4931 sine
677 4876 915 4931 cruciatu
935 4875 1181 4929 homines
1203 4884 1539 4928 morerentur
1562 4890 1575 4925 :
1609 4872 1797 4925 saltem
1824 4872 1945 4941 quia
1967 4880 2118 4925 extra

532 4967 839 5037 paradisum
854 4980 960 5021 non
976 4964 1088 5021 fere
1099 4965 1373 5035 quisquam
1386 4964 1501 5019 sine
1512 4963 1749 5018 cruciatu
1762 4961 2122 5026 moritur,tan-

530 5059 657 5115 dem
674 5059 948 5115 convictus
962 5066 1121 5128 atque
1129 5056 1483 5123 contortus,in
1498 5054 1733 5109 deterius
1742 5061 2117 5109 commutatam

530 5160 753 5222 peccato
791 5150 947 5220 primi
986 5149 1218 5205 hominis
1248 5148 1531 5203 humanam
1568 5146 1824 5202 conﬁtere
1852 5155 2115 5200 naturam.

604 5242 842 5299 XXVIII.
881 5241 999 5298 Jun.
1029 5239 1167 5310 Quid
1195 5249 1461 5310 postremo
1479 5238 1550 5294 de
1573 5239 1689 5309 ipso
1708 5246 1956 5308 serpente
1972 5238 2121 5293 dice-

531 5334 661 5390 tur?
700 5333 977 5391 Diabolum
1015 5331 1389 5387 maledictione
1441 5330 1530 5385 illa
1573 5329 1837 5400 punitum,
1896 5345 1962 5383 an
2020 5330 2120 5386 hoc

527 5440 817 5481 commune
842 5424 1030 5494 reptile
1057 5423 1252 5479 animal
1280 5421 1555 5490 opinaris?
1581 5420 1632 5475 id
1664 5429 1768 5484 est,
1814 5421 1956 5477 illam
1993 5436 2121 5476 sen-

532 5518 751 5571 tentiam
778 5531 897 5587 qu:e
921 5517 994 5570 ait
1017 5514 1085 5569 ad
1106 5520 1430 5583 serpentem,
1462 5510 1760 5564 Malcdictus
1786 5519 1836 5563 tu
1864 5512 1926 5564 ab
1954 5509 2121 5564 omni-

532 5609 629 5662 bus
667 5606 1029 5677 peccatoribus.
1058 5616 1109 5661 et
1136 5605 1197 5659 ab
1227 5601 1458 5659 erunibus
1487 5602 1654 5656 bestiis
1689 5617 1802 5671 qua:
1828 5611 1941 5655 sunt
1972 5617 2123 5671 super

602 5803 620 5835 ι
643 5804 726 5852 llic
750 5810 891 5853 vetus
925 5800 1078 5853 codex
1131 5808 1252 5851 Port.
1293 5799 1453 5861 addit,
1496 5799 1537 5850 si
1584 5812 1600 5850 :
1644 5812 1737 5848 non
1766 5798 1911 5848 male.

1200 368 1445 427 OPERIS
1481 360 1893 425 IMPEREECTI
1927 353 2198 415 CONTRA
2238 352 2592 421 JULIANUM,
2635 352 2693 412 S.
2735 350 3098 413 AUGUSTINI

2205 476 2434 533 tenam;
2472 485 2624 539 super
2662 477 2833 537 pectus
2882 476 2930 521 et
2966 474 3181 521 ventrem
3217 469 3361 518 tuum
3392 461 3702 527 ambulabis,
3746 472 3788 515 is

2206 568 2392 613 terram
2421 558 2747 613 manducabis
2773 558 3001 612 oumibus
3026 554 3201 610 diebus
3246 555 3360 609 rita:
3382 562 3483 609 huc
3515 552 3535 625 (
3558 552 3689 609 Gen.
3714 569 3786 619 ut,

2210 649 2277 705 Μ
2306 647 2348 721 ),
2380 650 2431 705 iu
2461 649 2658 704 diaboli
2684 648 2963 719 supplicio,
2991 663 3060 702 an
3091 646 3276 703 bestia:
3291 645 3448 715 hujus
3466 660 3587 715 qua:
3612 643 3790 697 vernis

2206 742 2475 797 caloribus
2501 740 2746 798 educitur
2774 741 2843 796 de
2871 739 3131 805 cavernis,
3161 736 3438 794 arbitraris
3464 736 3742 808 impletam
3769 736 3792 789 ἲ

2207 833 2261 888 Si
2289 832 2340 887 in
2370 832 2531 903 hujus
2552 832 2813 903 serpentis
2835 873 2850 897 ,
2893 831 3046 901 cujus
3071 830 3278 901 species
3303 833 3357 885 in
3395 845 3592 901 corpus
3623 827 3793 883 enode

2208 923 2493 993 porrigitur
2520 932 2679 993 atque
2704 922 2773 977 ob
2814 922 2953 976 illius
2977 921 3146 991 culpae
3190 921 3440 995 meritum
3485 918 3635 975 dicas
3678 933 3791 973 eam

2208 1013 2399 1069 factam
2425 1029 2544 1069 esse
2567 1013 2903 1084 terrifagam;
2935 1027 3064 1083 ergo
3090 1020 3142 1067 et
3169 1011 3416 1067 onmibus
3455 1010 3645 1066 bestiis
3687 1018 3793 1063 tra-

2180 1130 2183 1132 ·
2208 1104 2314 1159 dux
2332 1104 2620 1175 iniquitatis
2639 1102 2916 1169 incumbit,
2939 1118 3097 1173 quam
3116 1111 3271 1172 putas
3292 1100 3390 1156 nisi
3407 1116 3501 1171 per
3522 1099 3791 1154 libidinem

2208 1199 2508 1253 coeuntium
2539 1212 2645 1251 non
2674 1211 2833 1266 posse
2864 1194 3053 1250 deduci
3085 1211 3100 1248 :
3134 1194 3296 1263 ﬁtque
3321 1203 3378 1247 ut
3400 1192 3561 1248 etiam
3584 1204 3796 1258 serpen-

2210 1300 2321 1347 tum
2360 1291 2654 1357 libidinem,
2678 1291 2896 1361 jamque
2919 1289 3044 1345 inde
3085 1287 3526 1344 irrationabilium
3558 1285 3797 1339 animan-

2209 1384 2360 1449 tium,
2390 1398 2601 1440 asseras
2631 1398 2661 1437 a
2685 1382 2899 1438 diabolo
2930 1380 3095 1436 fuisse
3134 1381 3444 1450 plantatam,
3486 1386 3795 1445 reteclaque

2208 1475 2469 1529 sententia
2517 1472 2794 1528 Manichazi
2847 1471 3001 1527 nobis
3060 1472 3318 1527 carmen‘
3348 1471 3643 1537 inclangas.
3704 1467 3793 1523 Sin

2209 1575 2385 1620 autem
2408 1564 2661 1635 quidquid
2687 1564 2753 1619 ad
2797 1572 3096 1633 serpentem
3138 1562 3352 1627 dicitur,
3390 1558 3796 1630 iutelligibiliter

2211 1655 2262 1707 in
2276 1654 2485 1708 diabolo
2501 1654 2798 1723 profitearis
2815 1653 3089 1725 impletum
3105 1670 3119 1715 ;
3139 1668 3342 1708 aunues
3359 1654 3473 1708 sine
3490 1652 3679 1715 dubio,
3699 1666 3795 1704 nec

2211 1744 2316 1801 hoc
2335 1745 2474 1815 quod
2499 1746 2567 1801 ibi
2592 1761 2687 1815 pro
2706 1745 2907 1806 ultione
2929 1743 3215 1814 profertur,
3236 1744 3487 1798 indicium
3512 1757 3660 1797 nunc
3681 1756 3797 1797 reo-

2209 1852 2326 1890 rum
2353 1851 2473 1891 esse
2496 1846 2824 1906 serpentum,
2850 1852 2949 1891 nec
2965 1836 3233 1891 diabolum
3264 1844 3457 1890 terram
3490 1835 3659 1890 edere
3672 1849 3795 1890 eor-

2209 1927 2461 1996 poraliter
2488 1944 2501 1981 :
2521 1927 2611 1982 sed
2634 1928 2733 1981 etsi
2764 1936 2887 1981 tunc
2905 1926 3256 1981 ministerium
3273 1925 3521 1980 draconis
3543 1926 3792 1993 arripuit,

2208 2026 2367 2087 atque
2397 2016 2497 2072 hoc
2516 2018 2663 2088 quasi
2690 2017 2876 2084 telum,
2899 2032 3005 2087 quo
3024 2016 3091 2071 ad
3111 2016 3494 2072 vulnerandum
3524 2016 3796 2073 hominem

2209 2122 2339 2163 usus
2364 2107 2553 2175 fuerat,
2584 2109 2841 2165 severitas
2862 2117 3043 2177 postea
3068 2117 3284 2177 paterna
3300 2107 3557 2176 confregit
3580 2123 3597 2170 ;
3622 2116 3795 2161 tamen

2209 2207 2483 2269 peccatum
2508 2200 2560 2254 iu
2582 2200 2751 2255 solius
2777 2199 2989 2269 agentis
3008 2199 3283 2253 voluntate
3324 2198 3613 2253 resedisse.
3637 2197 3797 2251 Cibus

2210 2297 2387 2343 autem
2415 2297 2469 2343 et
2497 2290 2678 2360 spinas
2716 2297 2771 2345 et
2805 2288 3029 2344 sudores
3063 2288 3236 2358 primo
3272 2286 3435 2342 fuisse
3474 2286 3796 2341 naturaliter

2211 2379 2469 2446 instituta,
2498 2389 2613 2449 post
2645 2380 2699 2436 in
2725 2380 2986 2451 aliquibus
3011 2388 3164 2435 aucta
3195 2378 3520 2448 judicialiter
3546 2419 3560 2443 ,
3592 2377 3661 2432 ad
3704 2394 3797 2430 no-

2211 2483 2376 2529 stram
2403 2489 2533 2529 vero
2554 2482 2764 2529 :etatem
2788 2473 2904 2529 sine
2926 2472 3125 2542 peccati
3143 2472 3281 2527 illius
3301 2471 3656 2527 admiratione
3676 2473 3696 2501 ²
3712 2486 3797 2525 ve-

2210 2565 2383 2630 nisse;
2423 2580 2509 2620 res
2541 2574 2645 2619 tam
2675 2575 2872 2635 aperta‘.
2898 2573 3054 2633 sunt,
3080 2573 3139 2619 ut
3179 2564 3420 2635 longiore
3460 2563 3677 2633 penitus
3713 2577 3795 2615 as-

2211 2656 2444 2710 sertione
2466 2670 2571 2710 non
2591 2663 2807 2726 egeant.

2282 2746 2419 2801 Anc.
2464 2745 2598 2814 Quid
2625 2754 2708 2802 est
2728 2746 2868 2817 quod
2897 2746 3136 2816 vipereas
3155 2745 3377 2801 astutias
3403 2755 3521 2801 tuas
3543 2744 3704 2801 etiam
3730 2742 3795 2799 de

2214 2846 2464 2906 serpente
2489 2837 2843 2907 contorques?
2868 2838 2997 2904 Quis
3017 2837 3159 2892 enim
3189 2837 3352 2892 divini
3392 2837 3511 2891 libri
3533 2837 3651 2891 hare
3675 2850 3794 2890 ver-

2215 2927 2300 2989 ba,
2324 2940 2443 2997 qua:
2471 2928 2924 2993 eommemorasti,
2947 2936 3303 2997 congruenter
3330 2927 3630 2997 intelligens
3646 2967 3661 2991 ,
3692 2943 3797 2982 non

2214 3015 2393 3071 videat
2431 3016 2481 3070 iu
2526 3016 2797 3071 diabolum
2840 3018 3042 3087 potius,
3074 3016 3166 3087 qui
3208 3027 3455 3087 serpente
3484 3016 3551 3071 ad
3579 3016 3633 3072 id
3659 3016 3797 3086 quod

2214 3106 2401 3174 voluit,
2429 3116 2485 3159 ut
2512 3107 2683 3175 potuit
2707 3106 2752 3172 ³,
2783 3121 2911 3161 usus
2950 3115 3049 3171 est,
3077 3122 3237 3178 quam
3273 3107 3326 3162 in
3371 3107 3542 3176 ipsum
3580 3105 3795 3171 animal,

2215 3197 2597 3268 qualecumque
2621 3205 2911 3264 terrenum,
2946 3199 3089 3252 illam
3120 3198 3376 3268 prolatam
3408 3197 3570 3254 fuisse
3593 3208 3799 3253 senteno

2218 3287 2380 3342 tiam?
2417 3288 2520 3343 Sed
2550 3289 2669 3359 quia
2700 3304 2804 3344 non
2837 3305 2931 3360 per
2966 3290 3222 3359 seipsum,
3250 3305 3347 3361 per
3372 3300 3679 3363 serpentem
3701 3305 3799 3344 au-

2217 3388 2323 3436 tem
2352 3380 2680 3436 seductorias
2708 3380 2947 3452 loquelas
2982 3380 3226 3436 diabolus
3262 3390 3511 3451 operatus
3543 3389 3647 3446 est,
3683 3381 3798 3435 ideo

2216 3470 2281 3524 ad
2321 3480 2622 3539 serpentem
2662 3471 2867 3526 locutus
2913 3480 2997 3526 est
3039 3471 3212 3537 Deus,
3256 3471 3397 3542 quod
3443 3470 3799 3542 signiﬁcanda

2217 3560 2436 3614 malitize
2464 3560 2659 3615 diaboli
2684 3562 3015 3624 conveniret,
3043 3570 3097 3617 et
3122 3569 3309 3615 natura
3338 3560 3495 3630 hujus
3528 3562 3691 3630 ﬁgura
3712 3574 3798 3615 es-

2216 3660 2299 3706 set
2327 3652 2483 3706 illius.
2524 3651 2754 3707 Proinde
2788 3652 2931 3722 quod
2971 3652 3104 3707 dixit
3133 3653 3273 3707 Deus
3302 3653 3557 3721 serpenti,
3584 3650 3801 3705 Maledi-

2217 3752 2326 3797 ctus
2370 3754 2427 3797 tu
2461 3742 2523 3797 ab
2565 3744 2793 3799 omnibus
2835 3744 3114 3814 pecoribus,
3139 3754 3185 3799 et
3212 3745 3443 3799 omnibus
3488 3744 3655 3799 bestiis
3693 3757 3801 3813 qua

2218 3844 2335 3890 tum
2359 3851 2513 3907 super
2536 3845 2752 3901 terram;
2779 3853 2932 3907 super
2957 3847 3127 3907 pectus
3155 3846 3201 3891 et
3221 3846 3437 3891 ventrem
3459 3846 3603 3890 tuum
3629 3836 3803 3889 ambu-

2220 3927 2366 3994 labis,
2397 3936 2444 3981 ει
2460 3936 2645 3981 terram
2673 3928 2997 3982 manducabis
3017 3928 3245 3983 omnibus
3267 3927 3437 3981 diebus
3466 3929 3581 3982 vita:
3604 3937 3724 3993 tum,
3746 3934 3800 3982 et

2218 4030 2443 4087 caetera;
2492 4029 2639 4075 tanto
2689 4020 3069 4090 intelliguntur,
3110 4028 3165 4075 et
3205 4028 3543 4091 exponuntur
3587 4019 3795 4084 melius,

2220 4122 2418 4181 quanto
2440 4111 2818 4181 congruentius
2843 4111 2910 4166 de
2933 4111 3145 4166 diabolo
3165 4112 3515 4181 accipiuntur.
3542 4109 3648 4165 Sed
3671 4124 3801 4180 quo-

2219 4203 2362 4257 niam
2411 4203 2700 4258 secundum
2741 4203 2902 4258 etiam
2942 4212 3141 4258 rectam
3182 4201 3362 4268 ﬁdem,
3407 4200 3587 4256 multis
3630 4210 3801 4255 tamen

2219 4294 2395 4349 modis
2423 4293 2492 4349 de
2511 4293 2594 4348 his
2614 4294 2871 4365 disputari
2892 4294 3050 4361 solet,
3077 4308 3178 4349 nec
3198 4293 3265 4347 ad
3286 4308 3501 4347 causam
3524 4307 3664 4347 nunc
3684 4306 3803 4362 per-

2221 4384 2355 4439 tinet
2378 4383 2502 4454 quid
2530 4398 2714 4439 eorum
2741 4384 2907 4454 magis
2935 4384 3123 4453 eligam
3156 4398 3435 4453 promere;
3482 4383 3613 4437 satis
3638 4391 3722 4437 est
3746 4390 3805 4436 ut

2221 4476 2316 4530 tibi
2340 4475 2713 4547 reSpondeam,
2736 4476 2929 4532 diaboli
2958 4486 3199 4531 naturam
3223 4490 3557 4546 nequaquam
3582 4474 3650 4529 ad
3671 4490 3802 4529 con-

2222 4569 2504 4624 nexionem
2536 4570 3036 4638 successionemque
3065 4567 3369 4638 propaginis
3394 4568 3685 4639 pertinere,
3714 4564 3804 4620 ubi

2221 4660 2423 4730 peccati
2449 4660 2718 4730 originalis
2754 4661 2977 4730 qumstio
3015 4660 3257 4713 vertitur.
3302 4659 3375 4713 De
3404 4658 3573 4728 spinis
3600 4672 3728 4712 vero
3752 4664 3806 4711 et

2222 4750 2417 4805 sudore
2460 4750 2769 4817 laborantis,
2805 4746 2962 4820 quam
3003 4749 3335 4819 impudenter
3374 4749 3633 4813 afﬁrmes,
3662 4746 3806 4818 quod

2224 4840 2527 4911 priusquam
2575 4851 2902 4911 peccaretur,
2934 4840 3131 4895 fuerint
3168 4840 3439 4903 instituta,
3467 4840 3633 4895 credo
3665 4837 3807 4910 quod

2225 4930 2540 4999 persuadeat
2560 4930 2852 5000 legentibus
2873 4932 3117 4998 superior
3144 4940 3324 4984 nostra
3351 4929 3651 4999 responsio.
3676 4928 3808 4982 Vul-

2226 5022 2293 5076 tis
2328 5022 2525 5092 quippe
2566 5021 2741 5077 facere
2783 5023 2937 5076 talem
2978 5021 3301 5092 paradisum,
3331 5029 3391 5075 ut
3428 5022 3575 5075 nulla
3607 5022 3811 5075 ratione

2224 5112 2431 5168 dicatur
2483 5114 2575 5168 Dei
2624 5128 2762 5175 esse,
2807 5112 2899 5167 sed
2944 5126 3199 5168 chtrum.
3240 5113 3643 5176 Verumtamen.
3685 5126 3811 5166 cum

2226 5212 2350 5259 ante
2371 5212 2643 5273 peccatum
2673 5203 2853 5272 Spiuas
2876 5202 3075 5257 dixeris
3102 5203 3391 5265 institutas,
3421 5202 3473 5256 in
3507 5200 3811 5272 paradisum

2226 5309 2318 5348 eas
2342 5309 2446 5348 non
2474 5309 2635 5347 ausus
2664 5309 2743 5361 cs,
2767 5293 3135 5358 introducere;
3168 5293 3276 5349 imo
3293 5292 3603 5362 expressisti
3629 5307 3724 5347 eas
3742 5291 3811 5345 ibi

2228 5400 2333 5440 non
2356 5384 2517 5440 fuisse
2550 5403 2563 5438 :
2591 5385 2682 5438 ubi
2709 5392 2882 5439 tamen
2908 5383 3144 5439 laborem
3175 5398 3373 5454 ponere
3393 5382 3629 5447 voluisti,
3658 5382 3816 5451 cujus

2226 5492 2329 5599 matr
2345 5490 2481 5549 Editi,
2500 5501 2713 5598 clamem.
2742 5497 2890 5539 vetus
2910 5488 3067 5539 codex
3088 5496 3224 5549 ttae,
3242 5486 3444 5539 crisnen.
3472 5489 3636 5551 Aptius
3652 5485 3817 5535 codex

2335 5586 2367 5599 ..
2392 5565 2511 5599 cam
2530 5564 2605 5599 cn.

2290 5563 2930 5682 :T.ﬁ$etzf:d:ii{nrtione.—
2946 5612 3091 5662 Morel
3108 5649 3122 5675 ,
3150 5609 3301 5663 Elem.
3325 5612 3484 5662 Critie.
3504 5645 3520 5673 ,
3544 5620 3653 5673 pag.
3692 5605 3816 5665 5I6,

2229 5674 2367 5735 legit,
2392 5674 2758 5738 admigrqtionc.
2789 5734 2797 5738 _
2828 5683 2880 5723 Μ.

2515 5731 2578 5787 (id
2600 5736 2650 5787 id
2670 5734 2797 5799 quod
2822 5733 2964 5787 voluit
2989 5749 3102 5789 usus
3123 5740 3211 5787 est.
3234 5739 3302 5787 Ex
3329 5743 3434 5786 Mss.
3458 5731 3746 5797 adjecimlls,
3764 5734 3819 5781 ut
