3994 6470
205 345 347 406 1377

206 477 347 519 onus
371 462 474 519 etsi
499 477 602 521 non
637 464 840 537 pungit,
870 465 1085 537 premit.
1118 464 1522 533 Verumtamen,
1549 468 1594 523 si
1619 477 1673 523 et
1699 466 1791 522 tibi

205 554 384 626 placet
409 556 590 626 spinas
614 574 720 611 non
751 573 1046 628 congruere
1070 559 1348 629 paradiso;
1378 560 1520 616 itane
1544 575 1673 616 vero
1694 574 1791 616 na-

207 657 341 703 tum
369 648 641 717 humanae,
669 660 726 706 ut
755 650 828 706 ibi
850 652 996 721 prius
1019 661 1162 708 esset
1184 653 1274 708 ubi
1299 653 1466 724 spina:
1493 669 1598 709 non
1629 663 1788 723 sunt,

203 751 258 797 et
282 759 427 800 nunc
446 743 516 799 ibi
539 745 609 800 sit
634 744 721 800 ubi
741 754 884 812 sum,
910 747 1053 803 nulla
1076 746 1418 804 boatitudinis
1441 749 1493 805 in
1521 749 1790 807 miseriam

202 836 499 892 mutatione
523 837 877 909 contingeret,
908 846 1001 894 aut
1041 839 1160 895 sine
1202 839 1310 895 ullo
1348 841 1551 911 peccati
1596 842 1791 899 merito

199 928 548 998 contigisset?
593 928 761 1001 Cogat
787 946 918 1003 ergo
938 944 1033 986 vos
1059 946 1353 1002 agnoscere
1379 933 1637 1004 originale
1662 949 1789 1005 pec-

198 1026 402 1087 catum,
430 1020 534 1075 tale
562 1021 772 1087 saltem,
802 1022 963 1095 quale
981 1038 1086 1078 non
1110 1023 1354 1093 potuistis
1375 1040 1570 1097 negare
1588 1026 1789 1097 suppli-

196 1109 362 1178 cium,
391 1110 436 1166 si
465 1127 570 1167 non
601 1113 853 1183 iniustum
880 1130 1001 1172 esse
1028 1116 1245 1172 creditis
1272 1116 1463 1173 Deum.

268 1200 469 1258 XXIX.
498 1203 617 1260 Jun.
648 1204 848 1261 Tamen
876 1222 947 1264 ne
965 1207 1091 1279 quid
1118 1209 1447 1280 negligenter
1464 1209 1789 1279 praeteriisse

193 1294 702 1370 videamur,accipe
729 1299 893 1355 aliud.
926 1301 1079 1356 llunc
1109 1301 1517 1371 parturitionum
1546 1302 1787 1363 dolorem

192 1399 534 1461 compertum
558 1401 643 1449 est
670 1407 768 1465 pro
794 1395 1114 1465 parientium
1139 1395 1456 1467 corporibus
1480 1396 1787 1467 viribusque

190 1482 416 1540 variari.
457 1485 814 1543 Barbarorum
837 1496 987 1544 certe
1010 1487 1242 1555 feminae,
1272 1498 1329 1546 et
1347 1498 1641 1561 pastorum,
1667 1504 1787 1560 qum

190 1579 581 1637 exercitatione
618 1581 987 1647 indurescunt,
1026 1583 1079 1638 in
1109 1583 1298 1640 mediis
1329 1583 1611 1640 itineribus
1639 1590 1785 1639 tanta

188 1670 451 1730 facilitate
478 1674 711 1744 pariunt,
742 1686 799 1730 ut
823 1691 931 1731 non
960 1677 1266 1733 intermisso
1290 1677 1467 1733 viandi
1492 1677 1674 1733 labore
1701 1676 1787 1734 fec

188 1772 279 1819 tus
315 1778 445 1821 suos
473 1775 781 1837 procurent,
807 1776 862 1823 et
902 1769 1082 1824 statim
1110 1768 1326 1838 vehant,
1367 1785 1486 1841 qua!
1526 1768 1659 1826 nihil
1694 1784 1786 1841 pa-

186 1856 364 1912 riendi
388 1856 701 1916 difﬁcultate
725 1869 1048 1928 marcentes,
1077 1877 1243 1918 onera
1274 1862 1474 1919 ventris
1494 1862 1563 1919 ad
1591 1863 1781 1919 hume-

185 1962 280 2003 ros
303 1962 435 2004 suos
460 1948 822 2018 transferunt;
854 1959 909 2008 et
931 1952 1256 2024 generaliter
1284 1954 1461 2025 inopia
1487 1954 1673 2010 vilium
1696 1952 1778 2009 fe-

185 2040 458 2097 minarum
483 2083 499 2109 ,
549 2057 765 2113 operam
814 2043 1158 2101 obstetricum
1203 2060 1309 2100 non
1355 2046 1624 2117 requirit:
1657 2056 1712 2102 at
1751 2061 1784 2102 e

184 2131 409 2203 regione
446 2133 737 2205 locupletes
777 2134 982 2192 deliciis
1014 2137 1345 2205 molliuntur,
1372 2147 1427 2194 et
1463 2152 1571 2210 quo
1603 2138 1783 2210 plures

185 2222 436 2280 habuerit
456 2241 681 2298 quaeque
702 2226 982 2294 sollicitos,
1005 2243 1071 2283 eo
1097 2229 1326 2301 amplius
1344 2238 1398 2286 et
1422 2230 1581 2287 discit
1605 2239 1659 2287 et
1685 2246 1781 2303 ge-

184 2317 280 2372 stit
320 2332 656 2389 mgrescere,
703 2330 959 2393 putatque
1006 2338 1067 2379 se
1118 2324 1277 2380 tantis
1325 2339 1517 2397 egere,
1568 2326 1781 2397 quantis

182 2409 428 2465 abundat
469 2413 757 2484 obsequiis.
803 2413 1109 2471 Maritorum
1156 2432 1285 2472 sane
1321 2416 1547 2473 divitum
1593 2432 1782 2473 manus

183 2517 460 2575 nunquam
490 2504 543 2559 in
581 2506 823 2562 sentibus
851 2523 1144 2564 aerumnam
1176 2510 1331 2581 primi
1362 2508 1593 2567 hominis
1617 2527 1782 2582 expe-

183 2595 352 2662 ritur;
385 2597 625 2668 quinimo
643 2598 868 2656 fidentes
883 2602 1071 2673 copiis,
1091 2602 1361 2675 indignum
1384 2620 1443 2661 se
1461 2614 1651 2677 putant
1669 2620 1783 2661 mo-

181 2701 428 2748 mentum
471 2692 685 2763 aliquod
731 2696 870 2750 votis
912 2695 1201 2754 fertilitatis
1248 2698 1581 2770 impendere,
1629 2708 1781 2756 extra

181 2781 527 2840 formidinem
566 2787 728 2842 etiam
766 2788 921 2844 famis
950 2791 1348 2860 possessionum
1372 2792 1683 2850 dilatatione
1708 2793 1782 2850 si-

182 2884 416 2942 steutes,
448 2876 706 2932 mandant
731 2878 1013 2951 aliquoties
1035 2922 1051 2948 ,
1095 2890 1157 2937 ut
1202 2883 1279 2938 ait
1316 2892 1505 2955 poeta,
1548 2884 1781 2959 Deiunge

178 2966 332 3022 boues
350 2969 394 3035 ⁸,
424 2968 546 3023 dum
574 2970 747 3025 (ubera
770 2973 941 3029 mittas
972 2972 1234 3042 (Juvenal.
1259 2985 1358 3032 sat.
1386 2977 1440 3044 5,
1463 2993 1596 3033 vers.
1625 2978 1774 3049 H9).

180 3060 238 3118 Si
270 3078 404 3133 ergo
431 3072 487 3119 et
511 3065 828 3136 parientium
858 3066 1013 3123 dolor
1036 3079 1242 3139 spectat
1265 3070 1332 3126 ad
1358 3070 1597 3127 instituta
1629 3080 1783 3128 natu-

178 3173 283 3225 rae,
303 3158 450 3230 quod
478 3167 535 3216 et
558 3160 835 3217 brutorum
859 3163 1107 3235 exemplo
1130 3164 1457 3233 animalium,
1482 3174 1538 3223 et
1555 3175 1777 3222 senten-

180 3248 274 3304 tia:
312 3249 511 3307 divina:
548 3255 875 3324 proprietate
899 3253 1209 3326 perductum
1235 3266 1347 3325 est;
1389 3256 1435 3312 si
1462 3257 1781 3329 interceptio

176 3340 479 3410 fructuum,
508 3352 563 3400 et
599 3354 820 3402 exortus
849 3346 1122 3418 spinarum
1161 3350 1301 3405 inter
1334 3360 1529 3408 cretera
1561 3352 1779 3423 quidem

174 3445 398 3491 creatus
419 3446 523 3504 est,
543 3439 788 3510 personis
808 3448 987 3497 tamen
1006 3442 1326 3513 quibusdam
1351 3443 1520 3500 factus
1545 3454 1629 3501 est
1645 3445 1780 3503 den-

175 3532 296 3585 sior
323 3540 379 3586 et
404 3531 711 3600 molestior;
741 3534 788 3590 si
812 3543 1107 3606 postremo,
1138 3544 1197 3591 ut
1220 3535 1509 3593 difficultas
1538 3539 1652 3609 ipsa
1679 3554 1779 3612 pa-

175 3623 395 3689 rientis,
429 3624 500 3680 ita
526 3625 689 3682 etiam
715 3627 990 3699 glebarum
1019 3629 1310 3700 spinositas
1335 3646 1433 3701 pro
1466 3633 1780 3704 corporibus

177 3719 602 3791 regionibusque
616 3721 878 3788 variatur;
910 3730 1206 3794 postremo,
1225 3724 1271 3780 si
1296 3725 1547 3796 perdurat
1570 3726 1661 3783 ille
1684 3742 1782 3782 an-

175 3825 276 3881 gor
308 3820 435 3882 post
464 3813 689 3884 gratiam
717 3814 773 3870 in
798 3814 1093 3873 visceribus
1116 3815 1461 3884 feminarum,
1484 3817 1627 3875 hunc
1651 3834 1781 3876 vero

176 3904 561 3973 opulentorum
583 3907 605 3939 ²
644 3907 879 3965 luxuries
922 3909 1136 3980 penitus
1171 3909 1409 3982 ignorat;
1437 3911 1483 3968 si
1520 3912 1779 3969 resolutio

175 3997 429 4068 corporis
451 4008 669 4070 propter
696 4000 823 4073 quid
848 4010 1099 4057 secutura
1128 4012 1293 4069 esset,
1326 4019 1641 4075 expressum
1668 4014 1771 4075 est,

174 4096 231 4143 et
257 4089 476 4145 artibus
515 4091 684 4163 magis
711 4107 870 4163 quam
899 4093 1171 4149 erroribus
1205 4095 1468 4166 applicata
1509 4115 1524 4152 :
1560 4106 1781 4169 apparet

171 4179 265 4236 hic
307 4196 529 4253 quoque
570 4182 969 4241 Catholicon
998 4186 1210 4241 veritati
1238 4187 1415 4241 omnia
1442 4202 1775 4256 consonare,

172 4286 278 4328 nec
300 4273 600 4344 quidquam
624 4274 777 4332 vobis
797 4276 885 4332 vel
906 4275 1132 4333 feminas
1158 4277 1438 4349 prodesse,
1461 4280 1544 4336 vel
1573 4281 1776 4351 spinas.

245 4358 396 4415 Anc.
423 4363 558 4419 Cum
583 4364 650 4422 de
671 4380 850 4437 paena,
876 4383 1035 4439 quam
1055 4369 1198 4425 Deus
1226 4369 1418 4427 inﬂixit
1439 4371 1628 4443 primis
1651 4388 1779 4445 pec-

167 4450 476 4517 catoribus,
504 4452 825 4524 disputares,
857 4458 935 4513 sic
954 4459 1270 4529 jamdudum
1297 4477 1329 4517 a
1355 4463 1581 4521 muliere
1604 4474 1779 4522 trans-

168 4543 358 4610 ieras,
400 4544 709 4614 utdiceres,
738 4566 758 4601 ι
791 4547 1072 4608 Sufflciant
1104 4552 1206 4610 ista
1247 4554 1317 4611 de
1343 4556 1589 4614 muliere.
1622 4576 1642 4611 ι
1667 4558 1779 4616 Cur

168 4649 312 4706 ergo
358 4650 467 4693 non
492 4640 719 4696 servasti
742 4639 901 4698 fidem
922 4644 1295 4713 promissionis
1322 4649 1465 4703 tuae?
1494 4648 1634 4707 Ecce
1655 4660 1777 4721 post

165 4733 284 4781 tam
311 4730 484 4785 multa
510 4732 654 4790 redis
677 4733 743 4789 ad
768 4750 907 4803 eam,
933 4752 1058 4794 ecce
1084 4738 1391 4811 loquacitati
1414 4751 1516 4799 tua:
1539 4758 1647 4799 non
1669 4745 1779 4801 suf-

164 4818 403 4890 ﬁciunt,
434 4836 555 4893 quae
596 4826 809 4882 dixeras
851 4828 914 4883 de
957 4830 1168 4886 muliere
1214 4832 1482 4903 "iniciant.
1514 4832 1622 4892 Sed
1672 4822 1779 4894 nisi

162 4913 295 4969 talis
315 4914 588 4973 verbosus
614 4932 787 4983 esses,
817 4919 963 4977 unde
1002 4932 1126 4978 octo
1148 4922 1335 4993 libros,
1375 4941 1511 4997 quos
1539 4928 1630 4984 uni
1650 4944 1775 4986 meo

157 5006 381 5073 reddis,
410 5006 701 5079 impleres?
726 5009 836 5068 Sed
866 5012 954 5069 dic
983 5014 1124 5085 quod
1151 5016 1243 5072 tibi
1277 5019 1485 5088 placet:
1506 5036 1632 5077 ecce
1652 5033 1774 5093 post

159 5100 501 5170 promissam
528 5101 909 5161 sufficientiam
931 5147 948 5173 ,
976 5106 1356 5167 abundantiam
1385 5128 1597 5185 quoque
1626 5123 1772 5172 tuam

156 5192 447 5255 patienter
472 5192 795 5253 audivimus.
830 5195 938 5254 Cur
962 5198 1105 5255 enim
1151 5201 1346 5271 perdas
1372 5221 1460 5262 res
1496 5215 1603 5262 tam
1652 5208 1771 5265 bel-

160 5272 251 5327 las
274 5315 293 5340 ,
318 5299 442 5369 qum
469 5295 651 5356 postea
692 5288 786 5344 tibi
818 5289 871 5344 in
912 5301 1148 5348 mentem
1179 5298 1485 5353 venerunt?
1512 5299 1771 5369 Quamvis

159 5377 219 5465 et
246 5363 390 5465 ἰηιιξξ
415 5377 599 5465 Val-iro
621 5378 840 5465 debuit,
884 5391 943 5438 ut
971 5384 1038 5440 de
1065 5386 1201 5442 libro
1229 5398 1340 5455 tuo,
1370 5391 1460 5461 qui
1487 5363 1770 5465 complen-

159 5458 273 5513 dus
302 5456 481 5512 adhuc
506 5457 561 5512 in
611 5462 860 5558 manibus
887 5486 1037 5535 erat.
1071 5456 1471 5552 tolleres'qlfod
1520 5456 1766 5558 dixeras,

157 5549 449 5621 sufﬁciant
472 5550 570 5605 ista
590 5549 654 5606 de
673 5550 921 5609 muliere:
947 5568 1016 5609 ne
1041 5563 1144 5610 tua:
1181 5549 1543 5627 ροιιιιιιαιεηηί
1572 5588 1678 5634 tam
1698 5549 1771 5636 in.

231 5704 254 5737 ³
309 5704 585 5789 Vignlerius
622 5705 742 5770 legit
783 5715 839 5758 ut
888 5715 970 5761 BB.
1026 5721 1083 5764 At
1131 5721 1303 5766 Juven.
1338 5751 1357 5779 ,
1414 5719 1636 5789 disiunge
1688 5727 1770 5779 bo-

156 5778 269 5861 w“;
287 5773 426 5889 Ed‘iiti,
452 5827 817 5882 luculentorum.
833 5837 998 5898 Aptius
1018 5844 1145 5903 Mss.,
1170 5840 1517 5904 opulentorum

347 5912 575 5978 Sacr.
604 5917 884 5981 Aususr.
930 5921 1011 5983 Χ.

1515 386 1525 395 ι
1583 348 1784 407 LIBER
1820 347 2112 415 SEXTUS.

3351 370 3493 432 1578

1902 465 2164 528 decenter
2192 470 2493 527 contrarius
2532 471 2806 545 legereris.
2836 476 2944 535 Sed
2985 495 3149 555 perge
3170 523 3186 551 ,
3219 482 3400 554 profer
3428 488 3484 544 in

1900 559 2159 626 medium,
2183 571 2368 618 contra
2401 579 2562 634 quam
2591 568 2913 636 promisisti,
2943 586 3062 642 qua:
3107 586 3295 645 postea
3333 580 3487 652 cogi-

1900 651 2043 715 tasti.
2073 652 2168 709 Dic
2200 655 2606 724 parturitionum
2637 658 2873 717 laborem
2902 679 2999 736 pro
3028 669 3348 737 parientium
3363 651 3487 730 cur-

1897 744 2119 815 poribus
2145 748 2453 821 viribusque
2481 752 2706 821 variari;
2725 766 2886 826 atque
2905 757 2979 813 ita
3007 758 3253 820 describe
3287 764 3482 824 barba-

1895 852 1991 894 ras
2006 841 2340 914 rusticasque
2372 843 2600 903 feminas
2629 847 2681 903 in
2709 848 2963 910 facilitate
2984 856 3246 926 pariendi,
3284 870 3343 916 ut
3381 877 3485 921 nec

1895 932 2161 1000 parturire
2189 935 2508 1006 videantur;
2551 954 2617 996 ac
2653 956 2751 1012 per
2797 942 2903 1000 hoc
2938 962 3046 1001 non
3075 963 3295 1018 parvum
3324 953 3485 1011 dolo-

1892 1036 2008 1088 rem
2031 1021 2086 1091 in
2116 1025 2370 1095 pariendo
2391 1030 2627 1099 sentire,
2655 1033 2751 1090 sed
2767 1036 2991 1093 nullum.
3026 1039 3178 1109 Quod
3204 1043 3247 1097 si
3278 1044 3350 1100 ita
3370 1055 3477 1115 est,

1891 1114 2095 1184 quidte
2118 1117 2374 1189 adjuvat?
2404 1137 2585 1179 nonne
2621 1136 2809 1184 contra
2837 1138 2889 1185 te
2915 1131 3088 1201 ipsum
3116 1134 3369 1207 loqueris,
3392 1141 3488 1211 qui

1890 1206 2109 1279 dolores
2159 1212 2291 1269 istos
2318 1214 2392 1271 ita
2418 1220 2696 1275 naturales
2726 1236 2847 1278 esse
2873 1223 3054 1281 dixisti
3084 1268 3099 1294 ,
3140 1206 3199 1283 ut
3229 1229 3345 1286 sine
3373 1206 3480 1288 illis

1890 1299 2001 1375 Eva
2020 1317 2207 1372 parere
2232 1321 2339 1364 non
2371 1319 2572 1380 posset,
2606 1312 2819 1371 etiamsi
2846 1316 2902 1371 in
2929 1320 3176 1389 paradiso
3208 1324 3350 1382 nulla
3380 1325 3487 1383 ini-

1891 1395 2093 1465 quitate
2140 1411 2443 1471 perpetrata
2473 1406 2824 1475 persisteret?
2851 1409 3117 1485 Numquid
3145 1415 3398 1474 barbaras
3422 1435 3488 1476 ac

1889 1487 2116 1561 rusticas
2152 1499 2269 1546 tuas
2290 1493 2380 1549 illa
2412 1497 2582 1566 prima
2620 1500 2847 1559 muliere
2889 1502 2945 1559 in
2990 1505 3091 1563 hac
3121 1523 3183 1564 re
3209 1508 3481 1570 feliciores

1889 1590 2011 1644 esse
2035 1579 2280 1639 dicturus
2300 1600 2389 1654 es,
2428 1595 2485 1643 ut
2504 1588 2561 1644 in
2604 1589 2689 1647 his
2714 1597 3032 1654 aerumnosis
3064 1601 3220 1657 terris
3247 1603 3363 1660 sine
3386 1605 3487 1661 do-

1890 1667 2005 1742 lore
2050 1674 2303 1745 pariant,
2346 1678 2490 1750 quod
2529 1680 2583 1737 in
2611 1684 2878 1755 paradiso,
2912 1689 2957 1743 si
2987 1703 3201 1761 pareret
3229 1694 3481 1763 illa,non

1886 1764 2117 1833 posset?
2143 1774 2394 1839 tanquam
2435 1770 2490 1826 in
2522 1772 2639 1829 istis
2668 1784 2857 1833 natura
2895 1780 2965 1836 sit
3000 1790 3203 1839 mutata
3242 1787 3475 1847 feminea

1888 1854 1944 1931 in
1974 1856 2164 1937 melius
2192 1875 2353 1930 quam
2383 1861 2557 1921 fuerat
2587 1865 2827 1925 instituta
2848 1911 2862 1936 ,
2913 1873 3136 1946 plusque
3161 1880 3387 1937 valuerit
3420 1882 3478 1939 in
3554 1898 3557 1905 ’

1891 1962 1955 2003 ea
2002 1951 2255 2013 mutanda
2282 1954 2515 2012 humana
2551 1961 2569 1989 ⁸
2593 1963 2927 2033 exercitatio,
2956 1982 3117 2038 quam
3142 1970 3195 2025 in
3245 1975 3476 2031 creanda

1888 2040 2065 2099 divina
2094 2048 2353 2115 operatio.
2374 2050 2432 2106 Si
2450 2068 2577 2110 vero
2600 2056 2652 2110 in
2674 2058 2777 2113 tuis
2803 2060 2980 2116 verbis
2999 2077 3106 2118 non
3136 2064 3217 2122 vis
3246 2065 3475 2142 intelligi

1886 2135 2009 2204 sine,
2030 2134 2308 2195 doloribus
2333 2156 2523 2211 parere
2571 2144 2781 2204 feroces
2803 2161 3150 2226 agrestesque
3181 2134 3477 2231 mulieres,

1882 2236 2046 2312 atque
2067 2228 2147 2284 eis
2172 2230 2244 2286 ita
2269 2241 2476 2302 partum
2502 2237 2835 2321 tolerabilem
2856 2242 3174 2318 facilemque
3201 2228 3477 2321 concedis,

1887 2326 1945 2389 ut
1970 2325 2147 2376 tamen
2183 2336 2274 2378 eas
2313 2339 2436 2380 cum
2463 2317 2696 2398 pariunt,
2726 2332 2911 2390 dolere
2932 2317 3182 2405 fatearis;
3215 2317 3476 2415 numquid

1885 2408 2008 2492 ideo
2028 2423 2117 2468 est
2143 2415 2290 2470 nulla
2317 2432 2498 2487 paena,
2528 2422 2650 2491 quia
2675 2424 2851 2481 minor
2875 2428 2992 2482 est?
3015 2429 3139 2486 Sive
3158 2447 3286 2505 ergo
3303 2408 3479 2493 minus

1885 2505 2135 2576 doleant,
2161 2524 2281 2565 cum
2304 2512 2519 2581 pariunt
2540 2516 2653 2571 ista:
2683 2516 2901 2575 femina:
2924 2562 2940 2587 ,
2967 2524 3081 2579 sive
3124 2525 3241 2583 aliis
3264 2527 3479 2587 feminis

1885 2601 2141 2677 aequales,
2177 2604 2259 2659 vel
2293 2620 2479 2665 earum
2525 2609 2685 2666 etiam
2721 2612 3036 2684 quibusdam
3062 2619 3294 2689 majores
3322 2621 3479 2679 dolo-

1876 2709 1999 2771 res,
2033 2708 2338 2773 comparata
2362 2716 2460 2773 per
2478 2705 2919 2765 exercitationem
2951 2711 3282 2781 fortitudine,
3312 2717 3480 2774 mira-

1876 2785 2063 2863 biliter
2088 2788 2299 2857 ferant,
2327 2809 2427 2849 nec
2459 2795 2553 2851 illo
2581 2799 2823 2855 cruciatu
2856 2801 3146 2874 fatigentur
3174 2816 3333 2879 atque
3363 2810 3480 2867 lan-

1871 2891 2178 2951 guescant;
2222 2884 2408 2942 dolent
2453 2896 2631 2944 tamen
2652 2931 2667 2956 ,
2696 2900 2751 2946 et
2780 2894 2960 2966 utique
2981 2912 3171 2954 omnes
3191 2900 3436 2958 dolentes
3458 2943 3476 2969 ,

1876 2985 1981 3047 seu
2014 2975 2182 3046 magis
2220 2992 2316 3032 seu
2356 2979 2532 3035 minus
2573 2981 2837 3054 doleant,
2897 2989 3129 3059 majores
3174 2993 3481 3051 minoresve

1882 3081 2092 3143 pinnas,
2121 3070 2216 3125 sed
2255 3080 2431 3128 tamen
2460 3089 2667 3145 poenas,
2692 3079 2713 3109 ³
2748 3079 2865 3135 sine
2889 3081 2995 3136 ulla
3024 3084 3353 3143 dubitatione
3383 3105 3483 3159 pa-

1883 3162 2109 3233 tiuntur.
2138 3164 2222 3219 'l‘u
2268 3176 2448 3223 autem
2495 3169 2541 3223 si
2573 3178 2623 3224 te
2651 3173 2919 3241 cogitares
2939 3216 2955 3243 ,
3010 3192 3116 3232 non
3158 3178 3301 3244 dico,
3332 3180 3481 3236 chri-

1883 3252 2114 3331 stianum
2134 3297 2149 3322 ,
2208 3256 2305 3311 sed
2326 3258 2770 3331 qualemcumque
2796 3263 3091 3333 hominem,
3123 3268 3328 3326 facilius
3359 3272 3480 3328 nul-

1884 3342 1999 3417 lum
2029 3360 2150 3402 esse
2186 3348 2539 3406 contenderes
2566 3352 2870 3421 paradisum
2895 3357 3013 3425 Dei,
3056 3375 3212 3430 quam
3241 3378 3363 3417 cum
3393 3362 3479 3419 fa-

1882 3450 2037 3505 ceres
2064 3446 2148 3494 tua
2179 3440 2438 3512 sacrilega
2465 3441 2829 3515 disputatione
2860 3451 3149 3519 poenalem.
3188 3452 3481 3524 Eleganter

1878 3541 2012 3606 sane
2049 3527 2242 3585 divites
2289 3530 2435 3588 viros
2484 3534 2552 3588 ab
2622 3537 2964 3594 hmreditario
3030 3541 3191 3611 primi
3242 3543 3479 3602 hominis

1883 3620 2065 3693 labore
2094 3622 2357 3693 defendis,
2386 3625 2639 3697 ignorans
2662 3670 2678 3698 ,
2712 3640 2804 3687 aut
2835 3641 2887 3688 te
2915 3634 3055 3692 scire
3082 3635 3426 3695 dissimulans
3449 3680 3468 3707 ,

1884 3717 2121 3795 amarius
2152 3718 2395 3776 laborare
2441 3723 2857 3794 cogitationibus
2882 3727 3079 3785 divites
3104 3769 3121 3797 ,
3157 3748 3318 3803 quam
3350 3750 3482 3806 ope-

1885 3808 2182 3893 rationibus
2205 3826 2487 3883 pauperes.
2512 3813 2743 3872 Nomine
2766 3818 2963 3890 quippe
2992 3820 3206 3878 sudoris
3245 3840 3481 3895 genera—

1880 3899 1991 3974 lem
2019 3886 2171 3957 sacra
2193 3901 2467 3975 Scriptura
2493 3906 2813 3978 significavit
2839 3911 3079 3969 laborem
3100 3956 3116 3980 ,
3159 3930 3190 3969 a
3218 3933 3325 3988 quo
3354 3919 3481 3974 nul-

1885 3991 1971 4049 lus
2003 3993 2281 4051 hominum
2312 4004 2394 4052 est
2436 3998 2709 4068 immunis,
2741 4015 2861 4057 cum
2888 4004 2977 4059 alii
3011 4006 3260 4063 laborant
3298 4012 3480 4082 operi-

1882 4083 1985 4140 bus
2010 4085 2159 4163 duris
2184 4128 2199 4151 ,
2226 4088 2315 4143 alii
2341 4090 2751 4150 sollicitantibus
2770 4098 2933 4153 curis.
2962 4099 3046 4155 Ad
3076 4101 3293 4158 eosdem
3323 4103 3480 4162 labo-

1866 4192 1971 4242 -res
1990 4180 2262 4253 pertinent
2290 4182 2453 4239 etiam
2481 4186 2658 4243 studia
2684 4204 3023 4265 quorumque
3039 4194 3382 4252 discentium.
3409 4199 3478 4255 Et

1881 4284 2001 4341 qua:
2022 4272 2160 4342 parit
2186 4272 2300 4329 haec
2321 4316 2337 4337 ,
2366 4276 2468 4332 nisi
2500 4287 2641 4335 terra
2668 4280 2804 4348 lucc,
2833 4298 2995 4354 quam
3040 4285 3301 4344 formator
3325 4289 3468 4362 ejus,

1881 4361 2095 4445 quando
2124 4364 2355 4434 primum
2384 4365 2656 4426 hominem
2683 4373 2954 4444 condidit,
2977 4392 3083 4432 non
3113 4377 3316 4435 fecerat
3338 4397 3475 4439 one-

1881 4458 2096 4512 rosam?
2124 4458 2275 4514 Nunc
2301 4475 2445 4527 vero,
2484 4463 2623 4519 sicut
2651 4467 2911 4536 scriptum
2939 4477 3044 4535 est,
3070 4470 3268 4541 Corpus
3288 4489 3474 4530 corru-

1882 4548 2056 4627 ptibin
2072 4561 2315 4621 aggravet
2342 4553 2586 4622 animum,
2609 4564 2657 4610 et
2677 4559 2916 4628 deprimit
2943 4569 3143 4615 terrena
3161 4563 3467 4623 inhabitalio

1879 4653 2079 4719 sensum
2098 4642 2260 4696 multa
2280 4644 2615 4715 cogitantem;
2658 4657 2705 4701 et
2731 4648 3002 4720 diﬂiculter
3023 4654 3332 4711 instituamus
3354 4675 3472 4732 qua!

1872 4729 2088 4809 interra
2114 4742 2265 4801 sunt,
2295 4745 2341 4790 et
2369 4752 2482 4807 qua,
2503 4736 2556 4791 in
2586 4750 2856 4809 prospectu
2883 4752 3022 4811 sunt,
3045 4745 3329 4803 invenimus
3356 4729 3472 4807 cum

1879 4821 2050 4907 fabore
2073 4824 2228 4899 (Sap.
2261 4843 2342 4896 ix,
2374 4830 2464 4894 15,
2500 4831 2613 4903 16).
2651 4831 2776 4889 Sive
2798 4848 2928 4907 ergo
2950 4836 3132 4904 utiles,
3164 4838 3281 4896 sive
3307 4840 3472 4897 inuti-

1879 4902 1959 4976 les
1978 4933 2339 5001 quascumque
2368 4920 2640 4978 doctrinas
2665 4902 2883 4981 studeat
2906 4927 3071 4985 homo
3099 4902 3331 5001 discere,
3373 4949 3475 5007 ag-

1877 4992 2136 5081 gravante
2170 5013 2403 5069 animam
2454 5018 2791 5087 corruptibili
2845 5034 3094 5093 corpore,
3132 5040 3354 5081 necesse
3391 5034 3480 5084 est

1862 5102 2105 5186 laboret.
2134 5105 2394 5175 Quocirca
2421 5109 2583 5165 etiam
2625 5111 2704 5167 sic
2730 5112 2781 5167 ei
2805 5122 2946 5169 terra
2977 5116 3077 5171 ista
3103 5118 3287 5189 spinas
3310 5120 3474 5190 parit.

1854 5180 1986 5267 "Nec
2022 5197 2089 5252 ab
2125 5197 2209 5253 his
2234 5200 2403 5270 spinis
2442 5200 2634 5258 divites
2663 5203 2913 5263 dicantur
2942 5208 3102 5264 alieni
3126 5180 3150 5265 ε’
3165 5180 3466 5281 praesertim

1876 5291 1998 5369 quia
2029 5294 2215 5363 Spinas
2269 5295 2385 5350 illas
2416 5294 2469 5351 in
2504 5297 2820 5370 Evangelio,
2852 5302 3048 5372 quibus
3088 5304 3231 5373 jacta
3261 5305 3468 5361 semina

1877 5400 1944 5440 ne
1989 5385 2056 5441 ad
2086 5385 2466 5444 fecunditatem
2503 5393 2819 5461 perveniant
2845 5437 2861 5462 ,
2889 5397 3282 5467 Opprimuntur,
3310 5414 3471 5456 curas

1875 5494 1996 5545 csse
2027 5479 2180 5550 hujus
2196 5482 2319 5536 vita:
2348 5493 2403 5538 et
2429 5484 2815 5542 sollicitudines
2844 5488 3150 5543 divitiarum
3176 5490 3317 5545 Deus
3344 5509 3460 5549 ma-

1874 5574 2039 5644 gister
2064 5575 2282 5646 exponit
2304 5576 2520 5647 (Matth.
2568 5596 2681 5644 xui,
2711 5581 2806 5649 2’2)
2833 5598 2848 5645 ;
2884 5581 2973 5651 qui
3003 5590 3147 5635 certe
3178 5598 3282 5636 non
3324 5584 3471 5639 solos

1985 5675 2271 5757 vignierius,
2292 5689 2523 5757 mutanda
2545 5692 3053 5751 exercitatiommisso,
3067 5691 3301 5757 humana;
3319 5699 3470 5749 resti-

1876 5742 2024 5807 tuitur
2050 5752 2112 5786 ex
2136 5748 2485 5807 manuscriptis.

1874 5800 2055 5907 Mli-1x
2107 5800 2536 5869 nianuscrip'torum
2578 5810 2671 5861 fide
2720 5812 2973 5875 addimus,
3023 5819 3110 5866 sed
3164 5827 3322 5871 tamen
3365 5835 3472 5884 por-

2832 5960 2917 6039 {C
2925 5963 3029 6045 ing
3040 5969 3282 6048 acute.)
