3994 6480
97 387 312 452 ⁸1381

169 516 277 580 gno
299 508 444 582 quod
489 509 816 581 appellatum
841 514 924 564 est
961 507 1345 580 dignoscentice
1371 507 1498 563 boni
1524 517 1574 563 et
1608 509 1756 575 muli,

171 613 278 658 non
303 604 631 660 manducare
668 587 990 676 prmceptum
1022 612 1103 658 est
1130 603 1197 657 ei.
1249 605 1356 659 Cur
1393 617 1519 674 ergo
1547 609 1765 673 putetur

172 713 277 754 non
309 701 660 756 manducasse
687 699 754 754 de
773 699 921 769 ligno
945 700 1086 765 vitre,
1117 695 1548 769 quandoquidem
1577 701 1629 750 et
1660 707 1766 750 eae-

173 794 303 849 teris
341 793 499 863 longe
529 792 886 863 praestabilius
926 797 1076 857 erat,
1109 798 1163 845 et
1191 789 1285 844 illo
1312 789 1435 844 solo
1465 794 1688 858 excepto
1708 787 1763 841 in

175 897 284 956 quo
309 883 572 956 peccavit,
598 899 662 939 ex
692 879 938 938 omnibus
961 880 1317 936 manducaudi
1352 885 1637 950 acceperat
1665 893 1763 948 po-

171 978 460 1033 testatem?
487 977 582 1032 Dei
609 981 836 1047 namque
869 974 1230 1045 praecipientis
1251 972 1366 1026 haec
1395 971 1556 1026 verba
1595 979 1721 1026 sunt
1747 989 1760 1026 :

171 1071 247 1126 Ab
267 1072 404 1126 omni
430 1072 588 1143 ligno,
646 1071 832 1141 inquit.
875 1070 1008 1140 quod
1038 1077 1109 1122 est
1136 1069 1189 1122 in
1218 1065 1474 1140 paradiso,
1507 1065 1622 1120 edes
1653 1081 1671 1118 :
1701 1065 1763 1120 de

171 1163 312 1235 ﬁgite
342 1173 512 1218 autem
541 1162 874 1236 cognoscendi
901 1162 1084 1217 bonum
1113 1169 1158 1214 et
1189 1159 1377 1213 malum
1401 1199 1416 1224 ,
1473 1175 1572 1211 non
1611 1173 1760 1210 man-

171 1257 382 1310 ἀνί-(ὠὴ
433 1257 494 1310 de
519 1255 610 1310 illo
648 1254 800 1329 (Gen.
825 1267 883 1321 ir,
913 1254 1039 1309 ilict
1065 1252 1168 1327 l7).
1205 1252 1441 1321 Itemque
1494 1252 1591 1305 ista
1639 1258 1764 1304 sunt

171 1351 334 1403 verba
361 1349 664 1403 damnantis
689 1365 700 1400 :
737 1348 867 1414 Quia
888 1348 1096 1412 audisti,
1121 1345 1307 1416 inquit,
1340 1360 1504 1398 vocem
1530 1343 1759 1398 mulieris

171 1449 292 1502 true.
319 1449 366 1493 et
395 1441 540 1493 edisti
578 1443 642 1493 de
675 1441 830 1511 ligno,
856 1439 918 1493 de
961 1455 1057 1509 quo
1099 1453 1434 1508 prwceperam
1462 1436 1580 1502 tibi,
1612 1435 1674 1488 de
1703 1451 1760 1489 eo

168 1534 278 1586 solo
304 1549 405 1586 non
436 1533 580 1586 edere
621 1530 639 1603 (
669 1532 780 1598 Id.,
813 1549 887 1599 lit,
948 1532 1075 1603 i7).
1122 1535 1252 1599 Qua:
1280 1531 1439 1602 igitur
1464 1530 1561 1585 fuit
1600 1544 1761 1585 causa

169 1632 226 1677 ut
254 1639 362 1677 non
391 1624 660 1694 praecipue
685 1625 750 1679 de
797 1626 939 1694 ligno
965 1625 1086 1679 vita:
1141 1623 1468 1679 manducare
1510 1629 1756 1686 curaret,

168 1729 290 1770 cum
345 1717 639 1786 prohibitus
696 1732 801 1772 non
836 1716 995 1773 fuerit
1038 1717 1139 1772 nisi
1186 1716 1253 1773 ab
1303 1717 1392 1771 illo
1421 1717 1534 1771 solo
1560 1757 1575 1782 ,
1607 1713 1760 1784 cujus

167 1810 520 1880 usurpatione
547 1810 824 1880 peccavit?
850 1809 962 1866 lino
989 1810 1034 1866 si
1062 1810 1342 1880 vigilanter
1372 1809 1756 1878 intelligamus,

169 1905 310 1958 sicut
339 1904 406 1958 de
438 1901 580 1974 ligno
621 1904 907 1960 interdicto
959 1905 1332 1961 manducando
1361 1906 1640 1975 peccavit,
1687 1905 1757 1957 ita

167 1994 236 2050 de
291 1995 438 2065 ligno
469 1997 590 2051 vita:
641 2011 746 2050 non
783 1997 1155 2052 manducando
1187 2005 1474 2075 peccaret;
1506 1994 1756 2066 quoniam

165 2089 282 2159 ipse
311 2087 412 2144 sibi
437 2089 625 2158 vitam,
667 2106 788 2162 quae
838 2107 902 2146 ex
934 2089 1026 2146 illo
1057 2093 1199 2162 ligno
1229 2092 1433 2156 aderat,
1469 2089 1754 2145 invideret.

168 2182 258 2237 illa
288 2198 420 2238 vero
451 2183 820 2238 immortalitas
846 2183 897 2238 in
929 2197 1030 2254 qua
1062 2183 1229 2239 sancti
1258 2182 1442 2254 Angeli
1472 2183 1675 2250 vivunt,
1705 2191 1760 2238 et

165 2278 220 2332 in
251 2292 357 2347 qua
388 2291 486 2333 nos
529 2293 740 2349 quoque
769 2279 958 2333 victuri
983 2293 1185 2343 sumus,
1212 2277 1396 2348 procul
1429 2273 1591 2331 dubio
1641 2289 1757 2328 ma-

163 2370 253 2440 jor
282 2379 386 2424 est.
423 2369 540 2425 Non
575 2371 718 2425 enim
744 2371 880 2437 talis,
908 2369 961 2425 in
990 2387 1091 2440 qua
1117 2369 1278 2424 homo
1316 2370 1507 2424 habeat
1541 2365 1756 2438 quidem

163 2463 216 2516 in
247 2473 650 2532 potestate‘non
681 2464 841 2528 mori,
870 2463 1007 2518 sicut
1039 2475 1143 2517 non
1170 2477 1418 2533 peccare,
1445 2461 1537 2516 sed
1577 2467 1757 2514 tamen

168 2557 346 2646 νυξρι
365 2563 420 2611 et
440 2557 598 2624 mori,
638 2557 762 2628 quia
799 2567 976 2627 potest
1000 2549 1221 2627 peccare
1246 2571 1258 2610 :
1289 2557 1384 2612 sed
1414 2556 1534 2610 talis
1564 2563 1646 2609 est
1671 2553 1757 2608 illa

162 2648 558 2715 immortalitas,
592 2649 644 2703 in
691 2664 794 2717 qua
825 2650 998 2704 omnis
1025 2651 1108 2719 qui
1138 2649 1208 2703 ibi
1231 2658 1342 2715 est,
1369 2647 1596 2713 velerit,
1620 2646 1758 2701 mori

161 2751 269 2793 non
300 2724 516 2808 ‘potcrit
542 2781 558 2806 ,
601 2740 722 2810 quia
761 2755 862 2796 nec
903 2749 1129 2812 peccare
1181 2738 1291 2810 jam
1333 2739 1547 2809 poterit.
1581 2737 1756 2792 Tanta

159 2832 360 2902 quippe
391 2834 497 2887 erit
525 2831 596 2886 ibi
631 2833 875 2888 voluntas
895 2835 1032 2889 bene
1063 2832 1274 2887 vivendi
1305 2875 1317 2894 ,
1351 2839 1545 2903 quanta
1595 2830 1756 2885 etiam

160 2935 306 2979 nunc
351 2934 437 2980 est
475 2925 724 2980 voluntas
766 2926 921 2981 beate
952 2925 1206 2991 vivendi,
1251 2940 1408 2994 quam
1453 2923 1607 2977 nobis
1659 2936 1758 2977 uec

163 3015 385 3072 miseria
412 3017 651 3088 potuisse
678 3017 919 3074 videmus
944 3016 1164 3072 auferri.
1198 3017 1253 3071 lu
1283 3019 1419 3072 hanc
1444 3014 1763 3070 immortali-

157 3118 325 3166 tatem
353 3152 370 3178 ,
419 3112 563 3166 nullo
590 3110 890 3182 ambigente
922 3111 1200 3181 majorem,
1231 3110 1274 3164 si
1326 3125 1392 3165 ex
1437 3108 1522 3163 illa
1550 3107 1757 3162 minore

157 3201 306 3256 dicas
343 3202 515 3256 Adam
558 3203 992 3257 remuneratione
1022 3201 1336 3255 obedientitc
1364 3242 1378 3266 ,
1410 3199 1553 3254 nulla
1584 3199 1756 3254 inter-

157 3295 334 3364 posita
358 3305 532 3350 morte
560 3296 792 3366 potuisse
812 3294 1032 3360 mutari;
1057 3295 1203 3350 dices
1229 3292 1427 3363 aliquid
1450 3289 1591 3363 quod
1611 3300 1755 3346 recta

159 3388 293 3444 ﬁdes
342 3404 448 3444 non
498 3389 689 3445 debeat
733 3389 1080 3458 improbare:
1114 3388 1157 3442 si
1213 3395 1390 3441 autem
1445 3386 1521 3440 sic
1570 3383 1756 3438 laudas

159 3481 340 3548 istam,
371 3487 432 3535 ut
483 3497 644 3551 neges
676 3481 858 3546 illam;
892 3480 1128 3551 profecto
1157 3488 1212 3534 et
1238 3478 1516 3540 mortibus,
1548 3486 1601 3531 et
1642 3492 1755 3535 mo.-

159 3573 414 3627 rientium
473 3573 744 3641 cladibus,
791 3589 924 3644 quas
973 3588 1075 3626 non
1128 3571 1350 3627 ferendo
1401 3582 1656 3641 urgentur
1701 3567 1753 3622 in

158 3674 410 3727 mortem,
443 3667 647 3736 cogeris
679 3666 903 3736 'tniplcre
933 3667 1163 3737 paradisi
1216 3663 1436 3726 faciem;
1476 3675 1633 3735 atque
1683 3665 1754 3720 ita

159 3765 306 3813 tuam
336 3758 667 3826 decolorare,
701 3770 756 3814 ut
787 3770 836 3814 te
865 3762 996 3815 velis
1027 3761 1228 3830 fugere,
1281 3761 1325 3814 si
1358 3760 1500 3812 illam
1529 3760 1579 3812 iu
1634 3773 1756 3828 spe-

158 3851 281 3905 culo
316 3851 494 3921 possis
546 3853 804 3924 aspicere.
861 3853 966 3906 Cur
996 3855 1139 3908 enim
1162 3865 1214 3907 et
1247 3853 1444 3922 posteri
1472 3850 1624 3920 primi
1658 3850 1754 3904 ho-

157 3943 324 3998 minis
370 3943 429 3998 in
459 3944 711 4015 paradiso
748 3945 856 3999 nati
881 3986 894 4008 ,
942 3953 995 3999 ct
1031 3960 1136 3998 non
1182 3945 1352 3998 solum
1383 3941 1528 4009 boni,
1563 3957 1753 3997 verum

156 4039 320 4092 etiam
352 4039 527 4104 beati,
557 4048 876 4108 cogerentur
911 4038 1078 4101 mori,
1109 4037 1151 4092 si
1195 4050 1289 4092 eos
1314 4036 1458 4092 nulla
1500 4037 1656 4106 culpa
1687 4035 1755 4091 de

156 4130 414 4200 paradiso
440 4131 586 4186 exire
615 4131 982 4201 compelleret,
1008 4131 1093 4184 ubi
1132 4141 1247 4185 erat
1275 4129 1476 4202 lignum
1506 4130 1629 4185 vita:
1654 4170 1668 4194 ,
1701 4139 1756 4184 et

155 4237 368 4277 summa
400 4238 469 4278 ex
500 4223 591 4277 illo
617 4223 827 4278 vivendi
847 4232 1102 4293 potestas,
1133 4221 1397 4278 moriendi
1429 4230 1607 4276 autern
1635 4220 1755 4276 nul-

155 4311 205 4369 la
233 4313 575 4371 nacssitas?
606 4315 768 4387 Aqua
799 4316 1117 4370 necessitate
1149 4314 1391 4369 translati
1417 4326 1542 4369 sunt
1561 4313 1753 4370 Enoch

153 4416 207 4463 et
231 4407 387 4463 Elias
420 4425 433 4461 :
468 4409 519 4463 in
551 4408 634 4464 his
663 4410 806 4464 enim
859 4410 1012 4464 terris
1049 4417 1203 4465 erant
1225 4452 1238 4474 ,
1271 4409 1361 4463 tibi
1392 4409 1600 4479 lignum
1631 4409 1754 4462 vita:

154 4514 260 4555 non
283 4510 406 4555 erat
427 4542 442 4566 ,
470 4509 523 4555 et
550 4499 671 4556 ideo
699 4515 792 4555 eos
822 4500 886 4555 ad
916 4500 1072 4571 hujus
1100 4503 1221 4555 vitre
1246 4499 1426 4566 ﬁnem,
1455 4503 1756 4557 communis

154 4591 414 4648 Omnibus
469 4594 766 4649 necessitas
823 4594 1011 4648 mortis
1040 4595 1281 4664 urgebat.
1329 4594 1462 4648 Nam
1517 4610 1622 4664 quo
1661 4610 1756 4651 eos

153 4681 490 4739 credendum
542 4692 625 4739 est
671 4683 836 4739 fuisse
865 4685 1174 4750 translatos,
1223 4685 1326 4739 nisi
1358 4685 1442 4739 ubi
1472 4695 1554 4741 est
1580 4686 1753 4756 ipsum

155 4786 277 4830 ma:
310 4777 539 4846 lignum,
573 4777 715 4832 unde
745 4777 850 4832 illis
879 4777 947 4833 sit
979 4785 1214 4848 potestas
1236 4778 1483 4842 vivendi,
1518 4791 1617 4834 nec
1646 4777 1754 4834 ulla

151 4869 426 4924 moriendi
473 4870 806 4935 necessitas;
841 4871 978 4926 sicut
1020 4881 1162 4927 esset
1192 4871 1243 4924 in
1285 4871 1540 4941 paradiso
1570 4871 1747 4926 homi-

151 4963 338 5027 nibus,
389 4963 448 5019 in
500 4964 694 5036 quibus
741 4965 880 5019 nulla
914 4965 1166 5035 peccandi
1202 4966 1435 5020 oriretur
1464 4965 1752 5032 voluntas,

149 5069 271 5124 quae
303 5055 436 5110 illos
464 5051 538 5111 ibi
565 5069 683 5112 esse
709 5073 814 5112 non
843 5058 1062 5123 sineret,
1093 5057 1183 5113 ubi
1217 5060 1360 5114 nulla
1389 5061 1613 5131 aequitas
1641 5076 1754 5114 mo-

147 5147 194 5202 ri
225 5150 504 5219 cogeret?
527 5149 866 5222 Quapropter
918 5153 1160 5222 exempla
1196 5153 1380 5208 Enoch
1414 5164 1464 5210 et
1499 5154 1629 5210 Elize
1659 5172 1760 5212 nos

148 5243 336 5304 [latins
366 5257 528 5312 quam
555 5259 649 5299 vos
702 5246 976 5317 adjuvant.
1011 5246 1150 5300 [imus
1182 5250 1376 5320 quippe
1416 5249 1469 5305 in
1498 5249 1580 5305 his
1617 5251 1758 5306 duo-

151 5325 254 5380 bus
307 5334 542 5390 ostendit
566 5378 579 5401 ,
610 5337 739 5408 quid
767 5340 928 5393 etiam
976 5339 1080 5396 illis
1109 5355 1243 5411 quos
1269 5341 1469 5397 dimisit
1501 5343 1567 5398 de
1599 5360 1758 5416 para-

151 5420 312 5488 ἀῖόο,
349 5429 698 5490 Ρτίηδίίιῐιιιιιε
744 5442 906 5501 esset,
937 5435 980 5489 si
1011 5451 1236 5505 peccare
1261 5437 1560 5493 noluissent
1589 5456 1601 5491 :
1637 5437 1761 5494 inde

149 5527 398 5583 namque
440 5512 596 5580 ejecti
639 5520 763 5566 sunt
798 5513 906 5579 isti,
959 5540 1062 5584 quo
1113 5526 1318 5591 trajccli
1367 5535 1491 5582 sunt
1518 5527 1614 5582 illi.
1655 5527 1759 5584 Ubi

151 5605 322 5662 etiam
357 5605 461 5659 hoc
490 5604 568 5658 eis
592 5605 683 5660 Dei
711 5607 882 5675 gratia
915 5607 1181 5662 credimus
1207 5625 1326 5664 esse
1355 5620 1604 5666 conatum
1633 5660 1648 5679 ,
1691 5637 1760 5678 ne

150 5694 441 5752 haberent
492 5695 633 5752 unde
662 5697 920 5765 dicerent,
962 5696 1174 5752 Dimitte
1217 5701 1357 5754 nobis
1395 5701 1560 5755 debita
1588 5714 1762 5760 nostra

152 5786 390 5863 (Matth.
418 5801 490 5856 vt,
524 5787 634 5862 12).
663 5787 720 5843 in
752 5788 836 5844 bis
862 5789 1003 5844 enim
1033 5792 1212 5858 terris,
1245 5792 1332 5847 ubi
1361 5809 1555 5864 corpus
1575 5810 1762 5852 corru-

157 5881 358 5952 ptibile
416 5893 603 5937 eorum
655 5881 862 5938 animas
889 5886 1207 5953 aggravabat
1232 5888 1251 5952 (
1271 5889 1398 5956 Sap.
1429 5907 1507 5956 ix.
1538 5891 1654 5961 15),
1689 5895 1756 5950 ita

1572 387 1778 452 LIBER
1810 374 2114 450 SEXTUS.

1881 506 2238 578 conﬂigebant
2261 519 2455 582 magno
2475 521 2644 583 agone
2665 528 2785 570 cum
2807 515 2972 585 vitiis,
3001 515 3060 574 ut
3084 527 3264 576 tamen
3304 513 3352 578 si
3378 522 3461 579 di-

1875 605 2060 654 cerent
2086 614 2145 655 se
2175 616 2281 656 non
2313 599 2510 658 habere
2534 613 2830 675 peccatum,
2864 623 2921 662 se
2953 607 3094 680 ipsos
3123 609 3456 681 deciperent,

1874 700 1928 746 et
1958 693 2153 747 veritas
2200 703 2307 748 non
2337 704 2480 751 esset
2533 697 2583 751 in
2616 697 2694 752 eis
2725 699 2743 769 (
2775 697 2792 754 ι
2820 697 2975 754 Joan.
3007 713 3042 767 ι,
3071 702 3105 758 8
3131 703 3172 773 γ.
3199 704 3300 770 Qui
3329 717 3464 762 sane

1876 784 2166 840 creduntur
2191 785 2258 842 ad
2285 789 2533 858 exiguum
2566 791 2822 862 temporis
2866 791 3087 848 redituri
3120 796 3171 850 in
3203 795 3298 851 has
3349 805 3463 853 ter-

1873 893 1961 935 ras
1986 923 2001 947 ,
2048 885 2107 934 ut
2143 879 2303 935 etiam
2333 879 2432 952 ipsi
2465 897 2584 937 cum
2630 891 2803 939 morte
2849 884 3138 958 coiiﬁigant
3163 929 3179 954 ,
3211 897 3266 944 et
3317 890 3462 960 quod

1871 971 2033 1043 primi
2083 971 2314 1029 hominis
2361 977 2638 1046 prapagini
2686 977 2913 1033 debetur
2964 979 3266 1038 exsolvant.
3308 977 3462 1038 Unde

1869 1057 2272 1137 intelligendum
2300 1076 2415 1138 est,
2463 1069 2603 1141 quod
2634 1069 2666 1124 ii
2699 1072 2786 1141 qui
2819 1079 3095 1141 peccatum
3129 1073 3328 1128 nullum
3360 1067 3457 1129 ba-

1870 1153 2082 1224 berent,
2103 1167 2158 1214 et
2175 1156 2266 1214 ﬁlii
2293 1175 2500 1229 eorum,
2529 1163 2571 1216 si
2599 1161 2831 1232 paradisi
2846 1163 3172 1218 habitatores
3195 1162 3246 1218 in
3269 1164 3459 1221 eadem

1870 1249 2185 1306 rectitudine
2237 1263 2630 1322 permanerent,
2660 1255 2829 1324 magis
2858 1255 2910 1309 in
2935 1255 3022 1309 illa
3055 1256 3461 1314 immortalitate

1871 1339 2222 1410 persisterent
2243 1385 2257 1409 ,
2285 1342 2456 1399 donec
2505 1343 2559 1398 in
2589 1345 2925 1415 ampliorem,
2958 1347 3101 1400 nulla
3143 1345 3461 1418 interposita

1867 1441 2060 1503 morte,
2095 1436 2413 1502 transirent,
2467 1437 2510 1491 si
2555 1439 2633 1493 eis
2673 1439 2761 1509 qui
2803 1439 2881 1494 sic
2909 1449 3061 1496 erant
3099 1441 3150 1494 in
3185 1440 3268 1496 his
3305 1444 3462 1498 terris

1867 1533 2014 1582 extra
2043 1527 2347 1598 paradisum
2371 1529 2522 1600 justi,
2557 1537 2614 1585 ut
2656 1545 2764 1586 non
2792 1541 3009 1603 possent
3037 1533 3218 1590 dicere
3263 1547 3321 1590 se
3348 1549 3457 1590 non

1866 1618 2065 1676 habere
2105 1631 2402 1692 peccatum,
2432 1619 2487 1679 id
2512 1634 2593 1678 est
2612 1666 2626 1690 ,
2657 1623 2840 1681 Enoch
2869 1635 2924 1681 ct
2951 1627 3080 1682 Elize
3105 1637 3301 1683 tantam
3330 1627 3456 1683 diti-

1867 1714 2174 1771 turnitatcm
2222 1717 2345 1772 vitae
2377 1715 2639 1772 fateamur
2666 1733 2786 1774 esse
2824 1721 3094 1774 collatam.
3145 1720 3254 1777 Sed
3279 1719 3459 1776 Domi-

1865 1821 1982 1873 nus,
2020 1806 2216 1877 inquis,
2240 1809 2577 1880 interrogatus
2607 1809 2670 1862 de
2691 1810 2954 1880 septinuba
2980 1812 3070 1865 illa
3093 1811 3320 1880 muliere,
3363 1829 3458 1868 sua

1863 1902 2193 1972 responsione
2231 1903 2467 1972 firmavit
2494 1945 2509 1968 ,
2538 1913 2802 1975 propterea
2847 1903 3052 1974 nuptias
3083 1907 3360 1972 institutas,
3403 1918 3458 1962 ut

1864 1990 2053 2046 danma
2082 1994 2259 2048 mortis
2303 1995 2470 2064 fetura
2497 1991 2756 2064 suppleret
2778 2009 2798 2058 ,'
2822 2001 3128 2050 cessaturum
3148 2013 3261 2051 vero
3283 1999 3455 2050 mani-

1864 2081 2016 2151 ﬁcam
2043 2084 2422 2154 fecunditatem,
2455 2099 2568 2139 cum
2593 2099 2730 2140 mors
2755 2095 2911 2141 avara
2939 2089 3220 2144 cessaverit.
3266 2087 3453 2144 Omni-

1864 2187 1934 2230 no
1960 2189 2130 2243 erras,
2157 2179 2244 2248 qui
2277 2185 2556 2248 propterea
2589 2186 2743 2247 putas
2765 2179 3008 2233 instituta
3039 2194 3158 2235 esse
3185 2181 3454 2252 conjugia,

1863 2275 1922 2322 ut
1949 2268 2195 2323 decessio
2223 2279 2556 2325 mortuorum
2598 2271 2936 2340 suppleretur
2965 2275 3309 2329 successione
3356 2283 3456 2328 na.

1862 2361 2147 2416 scentium.
2179 2362 2424 2418 lnstituta
2474 2373 2600 2418 sunt
2642 2375 2874 2434 namque
2927 2366 3193 2438 Coniugia,
3225 2375 3282 2422 ut
3312 2365 3450 2424 Mitis

1862 2455 2123 2524 patribus,
2155 2463 2208 2510 et
2239 2464 2417 2524 patres
2450 2455 2594 2522 ﬁliis,
2636 2463 2813 2510 certos
2842 2454 3043 2512 faceret
3071 2455 3338 2527 pudicitia
3367 2457 3451 2514 fe-

1865 2547 2154 2601 minarum.
2203 2545 2337 2603 Nam
2403 2557 2458 2604 et
2503 2549 2774 2619 permixto
2813 2563 2912 2603 usu
2949 2561 3110 2620 atque
3164 2551 3457 2609 indiscreto

1867 2651 2202 2710 quarumque
2253 2637 2536 2696 mulierm
2557 2682 2572 2709 ,
2606 2639 2855 2696 homines
2884 2643 3031 2696 nasci
3069 2646 3290 2713 possent
3319 2662 3332 2697 :
3361 2644 3457 2701 sed

1863 2741 2007 2788 certa
2036 2734 2373 2790 necessitudo
2402 2735 2542 2789 inter
2568 2744 2752 2804 patres
2782 2739 2836 2788 et
2876 2729 3013 2789 ﬁlios
3053 2749 3173 2792 esse
3200 2751 3306 2793 non
3334 2751 3460 2808 pos-

1862 2835 1963 2883 set.
1997 2826 2053 2881 Si
2087 2838 2267 2882 autem
2305 2839 2462 2882 nemo
2495 2831 2774 2899 peccaret,
2807 2835 2861 2881 et
2888 2827 2957 2882 ob
2987 2827 3088 2884 hoc
3114 2831 3273 2885 etiam
3297 2845 3456 2888 nemo

1861 2929 2160 2976 moreretur
2179 2937 2202 2986 ς
2225 2930 2530 2977 sanctorum
2547 2935 2774 2978 numero
2797 2923 3102 2987 terminato,
3119 2935 3348 2995 quantus
3371 2923 3424 2981 lit
3438 2957 3455 2968 -

1861 3015 1987 3067 turo
2016 3012 2289 3068 sufﬁceret
2312 3014 2529 3081 saeculo,
2563 3015 2665 3070 hoc
2694 3016 2950 3072 saeculum
2989 3015 3248 3083 ﬁniretur,
3283 3017 3372 3072 ubi
3400 3027 3457 3073 et

1861 3115 1966 3161 non
2000 3105 2254 3177 peccandi
2293 3116 2348 3162 et
2378 3107 2632 3178 peccandi
2663 3106 2888 3164 facultas
2919 3118 3082 3172 esset,
3113 3116 3273 3179 atque
3313 3109 3447 3166 illud

1860 3199 2213 3266 succederet,
2267 3201 2354 3255 ubi
2403 3203 2684 3274 quisquam
2740 3219 2963 3274 peccare
2994 3219 3098 3258 non
3140 3213 3342 3276 posset.
3389 3204 3449 3262 Si

1833 3357 1836 3362 _
1861 3293 2003 3346 enim
2031 3293 2224 3348 anima:
2249 3296 2567 3364 corporibus
2591 3304 2768 3351 exutze
2787 3337 2802 3362 ,
2837 3305 3062 3366 possunt
3090 3311 3210 3352 esse
3239 3297 3320 3352 vel
3347 3299 3455 3354 mi-

1860 3396 1994 3439 Serm
2039 3383 2122 3440 vel
2151 3384 2342 3452 beatae,
2373 3391 2427 3441 et
2460 3396 2632 3442 tamen
2657 3403 2883 3458 peccare
2911 3403 3016 3444 non
3045 3397 3306 3460 possunt:
3333 3393 3454 3462 quis

1861 3475 2096 3534 ﬁdelium
2129 3490 2326 3551 neget,
2360 3481 2410 3534 in
2443 3497 2607 3552 regno
2640 3483 2756 3549 Dei,
2788 3484 2876 3538 ubi
2909 3483 3010 3540 erit
3039 3499 3234 3553 corpus
3264 3485 3453 3540 incor-

1859 3571 2142 3640 ruptibile,
2174 3571 2315 3642 quod
2348 3587 2454 3627 non
2499 3575 2737 3644 gravabit
2765 3577 2997 3630 animam
3021 3617 3038 3643 ,
3083 3576 3178 3632 sed
3219 3577 3452 3646 ornabit,

1861 3677 1960 3719 nec
1992 3666 2258 3722 alimentis
2285 3667 2518 3737 amplius
2548 3668 2828 3738 indigebit,
2861 3669 3005 3725 hunc
3029 3669 3277 3725 allectum
3306 3670 3454 3727 futu-

1863 3771 2003 3823 rum,
2032 3765 2087 3811 ut
2117 3757 2316 3812 nullius
2358 3758 2430 3812 ibi
2463 3759 2626 3813 ullum
2657 3761 2824 3830 possit
2861 3776 2980 3817 esse
3013 3771 3312 3831 peccatum,
3345 3777 3456 3820 non

1864 3849 1915 3903 id
1958 3861 2148 3920 agente
2180 3849 2327 3906 nulla
2367 3851 2660 3921 voluntate,
2689 3854 2783 3909 sed
2806 3854 2987 3910 bona?
3015 3840 3288 3912 Dominus.
3323 3871 3454 3930 ergo

1860 3941 1948 3998 ubi
1977 3943 2148 4009 dixit,
2191 3960 2315 4001 cum
2359 3945 2426 4001 de
2456 3947 2850 4004 resurrectione
2897 3949 3232 4020 loqueretur,
3269 3948 3456 4022 Neque

1861 4038 2089 4104 nubent,
2131 4053 2290 4108 neque
2316 4053 2500 4093 uxores
2527 4039 2818 4110 accipient;
2868 4057 3028 4112 neque
3064 4043 3198 4096 enim
3233 4045 3460 4099 morien-

1861 4137 1987 4196 tur;
2016 4145 2124 4186 non
2148 4131 2269 4187 ideo
2293 4132 2448 4200 dixit,
2479 4141 2538 4189 ut
2579 4144 2798 4205 propter
2821 4135 3114 4192 morientes
3138 4137 3455 4196 ostenderet

1861 4227 2074 4296 nuptias
2103 4225 2415 4292 institutas;
2466 4227 2559 4284 sed
2587 4229 2711 4299 quia
2760 4239 3067 4286 sanctorum
3101 4246 3326 4287 numero
3353 4232 3458 4288 im-

1860 4319 2024 4389 pleto,
2056 4334 2162 4374 non
2200 4335 2335 4392 opus
2364 4330 2506 4376 esset
2530 4322 2762 4393 aliquem
2795 4325 2962 4389 nasci,
2995 4323 3084 4378 ubi
3113 4339 3336 4380 necesse
3359 4341 3450 4382 es-

1860 4420 1942 4467 set
1973 4411 2241 4468 neminem
2272 4413 2431 4468 mori.
2461 4412 2586 4481 Sed,
2630 4411 2808 4485 inquis
2833 4456 2848 4479 ,
2881 4414 3045 4469 Adam
3075 4425 3251 4470 secuta
3279 4431 3449 4469 emen-

1860 4505 2068 4561 datione
2095 4523 2127 4560 a
2162 4505 2347 4562 delicto
2387 4522 2478 4560 suo
2521 4507 2768 4562 asseritur
2803 4508 3060 4578 expiatus,
3100 4517 3148 4562 et
3186 4507 3315 4563 libro
3355 4506 3458 4564 Sa-

1862 4599 2068 4669 pientia:
2092 4641 2107 4662 ,
2148 4607 2195 4652 et
2242 4598 2481 4669 Opinione
2519 4597 2795 4652 multorum
2836 4613 2855 4652 :
2885 4607 2930 4653 et
2986 4606 3154 4653 tamen
3179 4641 3194 4667 ,
3237 4599 3456 4671 inquis,

1862 4702 2093 4746 mortuus
2120 4699 2214 4757 est,
2237 4700 2292 4745 ut
2317 4691 2561 4746 sciremus
2581 4692 2810 4762 corporis
2833 4701 3042 4746 mortem
3061 4709 3164 4747 non
3204 4693 3456 4763 pertinere

1861 4783 1930 4837 ad
1970 4783 2279 4855 supplicium
2330 4782 2469 4838 illius
2508 4783 2721 4854 peccati,
2750 4783 2839 4837 sed
2877 4783 2945 4837 ad
2981 4784 3212 4839 instituta
3235 4796 3456 4842 natura.

1867 4876 2028 4946 Quasi
2048 4891 2177 4932 vero
2206 4875 2373 4931 David
2400 4875 2509 4930 duo
2530 4875 2617 4930 illa
2640 4875 2842 4931 scelera
2861 4875 3064 4946 gravia,
3093 4875 3146 4932 id
3169 4886 3272 4945 est,
3300 4876 3458 4933 adul-

1872 4971 2060 5026 terium
2081 4980 2136 5027 et
2164 4968 2535 5036 homicidium,
2569 4985 2677 5024 non
2705 4967 2782 5024 sic
2803 4969 3099 5040 expiavcrit
3118 4968 3456 5040 paenitendo,

1865 5074 1924 5118 ut
1949 5065 1996 5118 ei
2030 5063 2210 5118 datam
2233 5063 2442 5118 veniam
2471 5061 2731 5132 propheta
2763 5059 2876 5130 ipse
2906 5061 2995 5131 qui
3024 5077 3145 5116 eum
3173 5070 3457 5131 terruerat,

1865 5163 2157 5211 testaretur
2188 5171 2202 5208 :
2232 5163 2288 5210 et
2318 5165 2498 5210 tamen
2528 5153 2597 5206 ita
2621 5167 2682 5207 ea
2711 5168 2831 5223 quae
2870 5152 3010 5207 Deus
3039 5149 3210 5208 fuerat
3231 5153 3464 5208 commi-

1866 5257 2019 5302 natus
2050 5289 2067 5314 ,
2117 5245 2346 5315 legimus
2376 5244 2684 5309 subsecuta,
2733 5254 2788 5298 ut
2842 5243 3206 5316 intelligamus
3253 5244 3322 5298 ad
3355 5243 3462 5300 hoc

1865 5341 2129 5412 profuisse
2169 5339 2316 5393 illam
2365 5336 2612 5405 veniam,
2656 5353 2723 5392 ne
2765 5335 2928 5392 homo
2973 5339 3063 5408 qui
3119 5346 3264 5392 tanta
3317 5337 3459 5394 mall

1864 5432 2241 5497 commiserat,
2273 5430 2604 5499 sempiterno
2630 5444 2730 5501 pro
2763 5429 2842 5484 eis
2869 5428 3132 5499 supplicio
3183 5430 3451 5499 plectere-

1868 5534 1973 5580 tur.
2005 5525 2132 5579 Erat
2170 5538 2296 5594 ergo
2317 5533 2371 5578 et
2398 5524 2570 5593 primo
2604 5520 2808 5575 homini
2834 5562 2850 5586 ,
2879 5520 2944 5575 ad
2991 5537 3150 5590 quam
3191 5537 3303 5576 rem
3335 5537 3454 5590 pro-

1870 5619 2052 5676 ﬁceret
2072 5619 2384 5688 pmnitentia
2413 5659 2428 5683 ,
2459 5616 2511 5670 id
2548 5625 2652 5682 est,
2684 5624 2746 5669 ut
2768 5629 2889 5670 eum
2918 5613 3200 5682 diuturna,
3230 5630 3335 5669 non
3367 5623 3449 5669 ta-

1868 5723 1990 5762 men
2031 5721 2231 5764 azterna
2273 5725 2428 5779 poena
2481 5709 2718 5781 puniret.
2753 5705 2904 5761 Unde
2941 5709 3136 5761 laetum
3164 5715 3246 5761 est
3273 5748 3288 5773 ,
3313 5705 3463 5777 quod

1867 5801 2162 5858 rectissime
2189 5802 2426 5857 creditur
2447 5845 2461 5871 ,
2497 5810 2551 5855 ut
2575 5815 2696 5855 eum
2731 5799 2866 5852 ﬁlius
2887 5797 3022 5868 ejus,
3051 5799 3103 5852 id
3133 5809 3237 5866 est,
3263 5814 3459 5854 secun-

1867 5894 1990 5949 dum
2050 5895 2318 5951 hominem
2374 5896 2629 5950 Dominus
2676 5890 2832 5947 Jesus
2857 5931 2871 5958 ,
2909 5893 3120 5962 quando
3159 5895 3223 5948 ad
3253 5890 3458 5949 inferna
