3994 6478
609 477 924 545 descendit,
949 477 1017 532 ab
1040 475 1232 532 inferni
1259 475 1484 533 vinculis
1513 474 1530 505 ¹
1554 474 1803 528 solveret.
1837 471 1988 525 Tunc
2029 468 2194 534 enim,

610 571 764 644 juxta
805 570 998 649 librpm
1041 567 1326 639 Sapientia:
1349 607 1364 632 ,
1398 563 1773 635 intelligendus
1798 571 1882 617 est
1917 559 2139 615 eductus
2166 573 2198 611 a

614 664 810 720 delicto
834 676 952 729 suo,
985 671 1044 716 ut
1071 661 1174 714 hoc
1200 659 1286 713 ille
1309 657 1442 713 liber
1463 673 1568 712 non
1596 655 1794 710 factum
1839 652 2038 709 dixisse
2059 690 2076 718 ,
2104 649 2200 706 sed

616 758 857 813 futurum
903 754 1208 825 prmdixisse
1248 759 1606 815 monstretur,
1651 747 1895 820 quamvis
1943 762 2040 816 per
2075 761 2200 801 ver-

614 849 741 908 bum
770 847 1024 919 praeteriti
1053 847 1311 916 temporis
1341 862 1354 898 :
1383 843 1462 898 sic
1484 842 1626 899 enim
1652 826 1976 907 aithduxit
2000 837 2146 891 illum
2168 853 2201 890 a

615 942 792 1002 Jelicto
814 958 905 995 suo
932 939 1086 1012 (Sap.
1130 955 1164 994 x
1187 981 1202 1006 ,
1256 937 1338 1010 2),
1370 934 1819 1008 quemadmodum
1849 932 2046 988 dictum
2083 938 2198 997 est,

627 1032 668 1072 Ρ
670 1033 881 1088 oderunt
907 1049 1088 1085 manus
1110 1047 1246 1084 meas
1264 1028 1434 1102 (Psal.
1465 1042 1578 1093 xm,
1611 1026 1726 1097 l7),
1759 1034 1813 1080 et
1840 1033 2059 1089 czetera,
2078 1037 2200 1093 quae

611 1128 684 1182 ibi
723 1143 815 1196 per
840 1126 999 1180 verba
1029 1123 1281 1194 prmteriti
1314 1120 1570 1191 temporis
1597 1121 1618 1151 ¹
1648 1119 1826 1174 futura
1865 1132 1986 1173 esse
2013 1115 2226 1170 ιὶίειιιι-Δ

613 1227 718 1274 tur.
750 1221 826 1274 Ac
850 1234 948 1290 per
974 1219 1076 1272 hoc
1105 1225 1160 1272 et
1186 1224 1357 1270 morte
1381 1216 1622 1284 corporis
1661 1211 1860 1267 factum
1889 1219 1994 1274 εει,
2023 1216 2082 1262 ιιι
2101 1223 2200 1278 pro

612 1320 836 1383 peccato
895 1324 1106 1378 poenam
1147 1308 1318 1362 lueret
1362 1304 1746 1376 temporalem;
1778 1311 1832 1358 et
1879 1299 2197 1372 poenitentia

610 1418 720 1459 non
761 1402 888 1456 nihil
916 1411 1090 1456 actum
1121 1409 1202 1454 est
1227 1440 1240 1463 ,
1274 1406 1332 1453 ut
1371 1398 1624 1453 evaderet
1647 1394 2025 1466 sempiternam
2059 1407 2074 1444 :
2104 1391 2200 1446 ubi

610 1495 733 1566 plus
761 1493 925 1548 valuit
953 1491 1121 1563 gratia
1165 1489 1439 1546 liberantis
1465 1529 1480 1552 ,
1520 1503 1678 1559 quam
1724 1485 1969 1540 meritum
2023 1480 2202 1554 paeni-

611 1587 794 1642 tentis.
833 1585 946 1639 Non
987 1592 1071 1639 est
1100 1583 1241 1639 unde
1290 1593 1342 1638 te
1389 1581 1599 1636 munias
1640 1579 1899 1634 adversus
1942 1578 2200 1648 impetum

611 1676 874 1742 veritatis,
901 1691 1006 1744 quo
1051 1690 1171 1728 cum
1225 1674 1328 1728 tuis
1370 1672 1634 1728 machinis
1671 1671 1723 1724 in
1752 1669 2050 1725 clarissima
2081 1667 2201 1722 luce

609 1768 986 1841 prosterneris,
1021 1782 1120 1821 nec
1137 1767 1198 1840 _in
1228 1765 1324 1820 Dei
1359 1764 1660 1834 paradisum
1704 1772 1757 1818 et
1804 1770 2007 1816 mortes
2036 1768 2091 1816 et
2117 1761 2200 1814 in-

615 1859 979 1915 numerabiles
1009 1858 1246 1924 morbos,
1276 1856 1567 1912 mortiferis
1618 1854 1943 1910 cruciatibus
1975 1853 2194 1924 plenos,

611 1953 902 2007 immittere
921 1952 1027 2005 ulla
1051 1951 1260 2021 penitus
1290 1951 1496 2005 ratione
1520 1948 1863 2019 permitteris.
1891 1946 2065 2003 Crtde
2088 1947 2198 2001 Deo

614 2051 834 2117 dicenti,
885 2051 1211 2118 Quocumque
1235 2048 1316 2102 die
1338 2047 1540 2102 edet-itis
1561 2063 1624 2101 ea:
1644 2062 1724 2111 eo,
1756 2053 1915 2099 morte
1944 2042 2199 2097 moriemi-

613 2145 668 2199 ni
693 2143 844 2215 (Gen.
877 2159 935 2206 ιι,
963 2141 1072 2212 17).
1106 2141 1186 2198 Εο
1227 2142 1422 2211 quippe
1451 2139 1538 2195 die
1579 2147 1862 2208 coeperunt
1883 2135 2018 2190 mori
2043 2176 2058 2200 ,
2091 2149 2198 2206 quo

608 2235 842 2306 separati
884 2251 916 2290 a
971 2235 1114 2305 ligno
1159 2235 1312 2300 vitae,
1343 2232 1483 2300 quod
1511 2232 1693 2301 utique
1723 2231 1775 2285 in
1819 2229 1937 2285 loco
1969 2227 2197 2298 pesitum

603 2329 892 2399 corporali,
915 2329 1124 2399 corpori
1147 2327 1308 2382 vitam
1336 2325 1792 2389 subministrabat.
1823 2324 2198 2380 necessitatem

604 2422 796 2477 mortis
837 2420 1308 2488 conditionemque
1346 2427 1710 2488 sumpserunt.
1759 2415 1919 2472 Certe
1949 2415 1970 2447 ³
2011 2415 2200 2468 damna

603 2511 783 2566 mortis
829 2520 884 2566 et
908 2527 1046 2565 mors
1072 2527 1248 2576 avara,
1278 2509 1437 2564 verba
1462 2518 1589 2564 sunt
1622 2517 1706 2561 tua
1734 2524 1746 2558 :
1779 2507 1972 2562 saltem
2011 2516 2061 2560 te
2094 2506 2196 2561 ista

602 2603 764 2659 verba
793 2613 900 2656 tam
920 2601 1051 2656 dura
1070 2609 1125 2657 et
1152 2599 1436 2663 horrenda,
1466 2599 1792 2673 maradiso
1813 2598 1904 2655 Dei
1929 2612 2195 2668 parceres,

601 2695 972 2752 admonerent.
1003 2693 1305 2748 Tantumne
1326 2700 1377 2746 te
1406 2692 1628 2746 olfendit
1652 2690 1801 2746 locus
1829 2688 2202 2758 praedicatissi-

604 2806 726 2847 mus
752 2791 1052 2853 beatorum,
1083 2795 1140 2841 ut
1171 2801 1200 2839 a
1239 2796 1291 2841 te
1315 2786 1367 2840 in
1397 2801 1520 2840 eum
1549 2792 1605 2839 et
1650 2798 1799 2838 mors
1829 2791 1884 2837 et
1912 2781 2196 2837 damnifica

609 2892 667 2940 et
685 2898 846 2938 avara
871 2879 1156 2937 mittatur?
1178 2879 1224 2935 0
1254 2879 1452 2934 inimici
1493 2879 1586 2934 Dei
1617 2877 1824 2948 gratia},
1860 2877 2060 2931 inimici
2103 2892 2197 2947 pa-

605 2979 790 3034 radiso
821 2975 945 3040 Dei,
975 2989 1082 3044 quo
1101 2974 1330 3045 amplius
1361 2973 1608 3042 progredi
1635 2971 1880 3042 poteritis
1901 3011 1916 3035 ,
1945 2985 2104 3040 quam
2141 2977 2200 3024 ut

601 3078 913 3124 sanctarum
945 3065 1256 3120 deliciarum
1284 3062 1622 3118 dulcedinem
1645 3061 1999 3116 amarissimis
2021 3061 2198 3131 panis

602 3161 904 3232 impleatis,
943 3157 1180 3228 nihilque
1229 3156 1406 3210 velitis
1453 3170 1574 3211 esse
1627 3153 1930 3226 paradisum
1971 3153 2070 3208 nisi
2099 3167 2196 3224 ge-

602 3255 834 3310 hennam
867 3250 1170 3306 minorem?

671 3342 862 3399 XXXI.
913 3341 1032 3396 Jun.
1093 3341 1260 3395 Porro
1308 3339 1419 3410 jam
1467 3339 1598 3394 satis
1639 3337 1810 3394 multa
1853 3336 1923 3393 de
1968 3335 2188 3393 Genesi.

598 3436 960 3493 Transeamus
988 3432 1053 3488 ad
1096 3432 1397 3502 apo-to|um
1444 3431 1691 3495 Paulum,
1721 3445 1879 3500 quem
1925 3428 2196 3498 opinionis

599 3546 710 3586 suae
741 3527 1060 3582 Maniehazus
1088 3537 1142 3581 et
1169 3524 1530 3580 Traducianus
1555 3525 1860 3593 Opinantur.
1904 3521 2038 3577 Cum
2066 3535 2195 3590 ergo

603 3621 672 3678 de
699 3630 1029 3675 mortuorum
1059 3617 1450 3670 resurrectione
1490 3613 1799 3676 dissereret,
1829 3612 1901 3667 ait
1927 3630 1942 3666 ;
1969 3611 2116 3666 Sicut
2141 3611 2195 3664 in

603 3714 769 3768 Adam
798 3728 968 3765 onmes
995 3710 1300 3771 moriuntur,
1329 3708 1399 3761 ita
1441 3715 1484 3761 et
1527 3707 1578 3760 in
1609 3705 1810 3760 Christo
1835 3721 2010 3758 omnes
2035 3703 2196 3772 viviﬁ-

609 3806 858 3860 cabuntur
883 3801 926 3873 (l
970 3800 1087 3857 Cor.
1120 3818 1208 3868 xv,
1238 3799 1354 3873 22).
1394 3799 1503 3854 Iloc
1532 3798 1892 3852 testimonium
1932 3795 2193 3866 usurpasti

599 3909 682 3967 tu,
716 3915 836 3954 cum
868 3913 974 3966 quo
1003 3895 1157 3949 nobis
1181 3910 1340 3950 causa
1369 3903 1452 3948 est
1476 3911 1488 3946 :
1513 3891 1606 3947 sed
1635 3891 1760 3962 quid
1785 3905 1852 3947 eo
1875 3889 2063 3945 confici
2095 3881 2211 3959 pu-'

595 4003 763 4060 tares,
780 3994 901 4064 quia
921 4002 972 4047 tu
992 3991 1232 4056 tacuisti,
1258 3991 1360 4046 etsi
1384 3990 1643 4061 suspicer,
1669 3998 1845 4044 tamen
1874 3987 2193 4042 confirmare

595 4087 684 4140 vix
709 4100 947 4156 possum.
975 4082 1110 4150 Quid
1132 4082 1275 4137 enim
1298 4091 1502 4152 Spectat
1524 4081 1591 4136 ad
1615 4081 1911 4145 traducem,
1936 4083 1980 4134 si
2002 4093 2191 4134 omnes

597 4178 652 4233 in
685 4176 852 4232 Adam
887 4177 1018 4229 mori
1059 4174 1338 4239 dicantur;
1371 4190 1490 4229 cum
1524 4173 1691 4228 Adam
1733 4189 1926 4228 nomen
1955 4170 2190 4226 hominis

598 4269 688 4336 sit,
739 4267 927 4322 tradux
976 4275 1152 4320 autem
1195 4265 1396 4335 peceati
1426 4251 1480 4321 et
1519 4265 1653 4319 labis
1696 4263 2004 4320 Manichteaa
2047 4263 2190 4319 indi-

597 4358 777 4414 cium?
807 4357 914 4411 Nisi
947 4355 1083 4410 l'ortc
1111 4354 1244 4410 nihil
1273 4353 1416 4409 aliud
1445 4355 1617 4424 ipsum
1649 4352 1816 4409 Adam
1836 4397 1851 4421 ,
1880 4369 2038 4426 quam
2066 4369 2191 4424 pec-

598 4461 779 4505 catum
811 4458 864 4502 et
909 4463 1064 4513 csse,
1097 4455 1152 4502 et
1195 4461 1387 4501 sonare
1432 4445 1682 4511 fatearis;
1712 4454 1769 4499 ut
1812 4444 1916 4501 hac
1953 4445 2192 4516 appella-

599 4544 743 4596 tione
772 4539 1060 4610 Apostolus
1103 4553 1292 4592 omnes
1322 4537 1456 4591 mori
1499 4537 1552 4591 in
1580 4545 1798 4607 peccato
1823 4536 2195 4607 pronuntiasse

599 4630 878 4687 videatur?
900 4629 1004 4683 Sed
1035 4629 1135 4683 hoc
1163 4629 1434 4698 propalam
1463 4627 1708 4682 insanum
1741 4636 1842 4682 est.
1872 4625 2009 4695 Quid
2038 4626 2194 4696 igitur

600 4737 820 4788 novum,
852 4722 897 4774 si
927 4719 1048 4791 quia
1079 4717 1249 4773 Adam
1277 4734 1455 4774 sermo
1482 4717 1729 4773 ltehraius
1768 4716 1901 4773 nihil
1934 4717 2076 4773 aliud
2108 4718 2192 4772 in-

593 4812 741 4872 dicat
769 4828 924 4882 quam
967 4810 1236 4865 hominem
1269 4810 1393 4881 (hoc
1423 4810 1564 4866 enim
1612 4810 1979 4881 interpretatio
2025 4809 2194 4880 ipsius

601 4903 876 4976 exprimit)
897 4943 910 4967 ,
934 4902 1134 4959 dixerit
1160 4902 1467 4973 Apostolus,
1493 4900 1559 4955 In
1578 4899 1745 4955 Adam
1772 4919 1942 4956 omnes
1964 4903 2193 4956 moriun-

603 5006 707 5063 tur,
736 5004 783 5050 et
810 4995 865 5048 in
891 4991 1093 5050 Christo
1118 5009 1290 5050 omnes
1319 4992 1719 5062 viviﬁcabuntur
1743 5007 1759 5046 :
1781 4991 1831 5047 id
1861 5001 1942 5046 est
1959 5034 1975 5060 ,
2001 5008 2195 5049 secun-

602 5089 731 5147 dum
770 5086 1000 5144 hominis
1037 5085 1128 5157 qui
1156 5085 1458 5140 moriuntur
1497 5093 1742 5139 naturam
1765 5127 1780 5152 ,
1822 5100 1916 5156 per
1945 5086 2192 5142 virtutem

603 5180 804 5239 Christi
831 5195 862 5234 a
888 5178 1112 5233 mortuis
1142 5177 1479 5232 excitantur?
1508 5175 1642 5231 Huic
1680 5176 1957 5231 sententia:
1987 5178 2075 5248 qui
2108 5179 2192 5232 in-

602 5275 838 5340 ﬂciatur,
863 5270 1060 5326 insanit
1085 5288 1101 5324 :
1121 5269 1360 5340 ejusdem
1391 5268 1587 5341 quippe
1609 5268 1841 5323 auctoris
1862 5267 2077 5337 virtute,
2100 5270 2191 5341 qui

602 5368 658 5426 in
705 5368 805 5423 hac
843 5365 949 5421 vita
991 5362 1367 5420 fecunditatem
1410 5371 1465 5418 et
1504 5362 1878 5418 mortalitatem
1925 5362 2190 5431 instituit,

541 5443 578 5492 λ’
605 5457 841 5516 universi
884 5454 1258 5513 excitabuntur
1285 5471 1315 5509 e
1344 5454 1600 5524 sepulcris
1624 5495 1638 5520 ,
1670 5465 1729 5509 ut
1766 5455 1987 5525 recipiat
2025 5471 2192 5510 unus-

610 5555 836 5624 quisque
867 5551 1076 5623 propria
1105 5547 1349 5621 corporis
1385 5547 1467 5604 sui
1491 5590 1506 5613 ,
1550 5558 1704 5619 prout
1731 5549 1928 5620 gessit,
1962 5548 2071 5604 sive
2097 5550 2190 5607 bo-

669 5746 685 5778 ¹
722 5752 830 5796 Mss.
883 5753 994 5795 Mar.
1031 5755 1084 5798 et
1128 5746 1281 5809 Clar.,
1327 5745 1388 5797 ab
1437 5743 1630 5797 (sternis
1683 5744 1902 5797 vinculis.

666 5809 690 5873 ξ
715 5810 849 5866 Editi,
876 5809 1030 5873 futuri
1050 5809 1291 5872 temporis.
1333 5809 1631 5873 Castigantur
1676 5824 1741 5861 ex
1764 5809 2118 5872 manuscriptis.

672 5870 695 5910 ³
718 5872 1011 5933 vigmerius,
1033 5870 1161 5924 ecce.
1189 5881 1243 5923 At
1268 5881 1394 5932 Mss,
1417 5870 1563 5929 certe

1243 358 1491 418 Ol’ERIS
1527 356 1942 416 IMPERFECTI
1979 353 2256 412 CONTRA
2291 353 2652 421 JULIANUM,
2698 355 2756 410 S.
2801 354 3170 415 AUGUSTINI

2309 483 2462 534 num,
2479 467 2590 524 sive
2609 468 2806 524 malum
2825 469 2890 540 (ll
2906 468 3024 525 Cor.
3045 487 3101 537 ν,
3123 469 3237 544 10).
3264 471 3377 528 Hoc
3393 473 3570 545 itaque
3594 473 3740 531 dicto
3760 477 3890 549 Apo-

2308 561 2430 615 stoli
2452 604 2467 628 ,
2498 577 2603 632 quo
2632 562 2735 628 ait,
2767 561 2912 618 Sicut
2948 564 3002 617 in
3031 565 3199 619 Adam
3223 582 3394 622 omnes
3421 569 3734 637 moriuntur,
3760 571 3832 625 ita
3850 584 3888 630 et

2307 653 2358 706 in
2383 651 2582 708 Christo
2625 670 2798 710 omnes
2835 656 3252 726 viviﬁcabuntur;
3293 671 3518 717 mortem
3565 665 3888 735 corporalem

2308 760 2430 817 quae
2474 747 2634 818 justis
2664 748 2983 820 injustisque
3028 751 3329 807 communis
3355 763 3478 822 est,
3516 770 3584 809 an
3634 757 3889 826 pinnalem

2307 839 2456 895 illam
2483 839 2696 896 diabolo
2716 851 2770 896 et
2800 841 2976 912 impiis
3003 841 3309 914 deputatam
3338 844 3594 902 insinuari
3625 847 3819 918 putas?
3839 846 3888 904 St

2309 935 2606 990 naturalem
2653 936 2809 991 istam
2853 937 3150 1009 simplicem
3175 981 3192 1008 ,
3220 955 3343 1011 quae
3389 941 3442 996 in
3491 944 3695 998 sanctis
3742 944 3888 1001 etiam

2310 1027 2540 1097 pretiosa
2569 1037 2653 1084 est
2680 1026 2854 1099 (Psal.
2883 1045 3008 1095 cxv,
3039 1030 3096 1099 5)
3115 1072 3132 1098 ,
3163 1046 3284 1102 qtae
3321 1047 3430 1088 non
3457 1034 3632 1089 solum
3662 1033 3819 1090 bonis
3841 1045 3885 1092 et

2309 1119 2484 1186 malis,
2513 1135 2698 1176 verum
2720 1121 2881 1176 etiam
2909 1120 3213 1179 hominibus
3235 1123 3636 1196 pecudibusque
3661 1141 3728 1180 ex
3751 1141 3891 1197 sequo

2307 1211 2533 1276 accidit;
2569 1211 2724 1275 hanc.
2754 1215 2991 1285 inquam,
3023 1223 3248 1271 mortem
3279 1217 3365 1272 hic
3390 1217 3681 1288 Apostolus
3706 1217 3891 1274 indica-

2306 1303 2783 1359 vit:manifestum
2809 1314 2893 1360 est
2920 1306 3167 1376 quoniam
3215 1307 3432 1362 nomine
3479 1307 3610 1362 Δότε
3658 1317 3886 1364 naturam

2312 1394 2658 1452 humanitatis
2678 1439 2694 1463 ,
2729 1397 2946 1452 nomine
2988 1407 3168 1453 autem
3194 1398 3395 1454 Christi
3426 1400 3725 1470 potentiam
3753 1415 3891 1457 crea~

2307 1489 2440 1542 toris
2466 1497 2522 1544 et
2546 1490 2856 1545 excitatoris
2881 1492 3136 1548 ostendit.
3169 1492 3263 1548 Sin
3294 1502 3479 1548 autem
3515 1493 3663 1565 quod
3700 1495 3807 1558 ait,
3835 1494 3892 1550 1η

2304 1580 2471 1635 Adam
2500 1588 2671 1636 omnes
2710 1583 3033 1649 moriuntur;
3072 1585 3274 1640 crimen
3324 1585 3413 1641 hic
3455 1586 3590 1642 velis
3633 1585 3889 1658 intelligi,

2307 1689 2412 1728 non
2460 1684 2736 1741 naturam;
2770 1678 3005 1748 suppetit
3051 1679 3312 1749 expositio
3355 1687 3464 1733 tam
3508 1689 3698 1750 aperta
3747 1695 3890 1750 quam

2304 1776 2472 1831 certa,
2504 1767 2751 1824 videlicet
2777 1778 2834 1824 ut
2862 1769 3079 1838 dixerit,
3109 1771 3257 1826 Sicut
3287 1788 3460 1827 omnes
3480 1814 3496 1840 ,
3523 1772 3577 1826 id
3605 1780 3716 1838 est,
3751 1773 3891 1828 multi

2304 1858 2435 1914 Adae
2457 1851 2756 1916 imitatione
2782 1863 3122 1930 moriuntur;
3163 1865 3235 1918 ita
3276 1881 3448 1920 omnes
3471 1905 3487 1930 ,
3519 1865 3574 1920 id
3603 1874 3711 1933 est,
3757 1867 3893 1922 multi

2303 1948 2501 2004 Christi
2534 1950 2830 2008 imitatione
2875 1955 3176 2009 salvantur.
3209 1957 3316 2010 Aut
3362 1971 3491 2027 ergo
3533 1957 3602 2012 de
3632 1958 3893 2014 communi

2304 2050 2479 2096 morte
2509 2035 2716 2098 locutu’s
2743 2053 2845 2109 est,
2873 2055 2928 2100 et
2968 2058 3216 2101 naturam
3245 2046 3497 2102 indicavit
3522 2067 3535 2103 :
3561 2058 3655 2103 aut
3683 2049 3754 2104 de
3781 2065 3892 2120 pec~

2308 2143 2449 2196 calo,
2477 2141 2532 2188 et
2578 2135 2926 2191 imitationem
2977 2139 3245 2194 accusavit
3270 2141 3310 2193 ⁸.
3357 2139 3447 2195 Sic
3490 2141 3634 2196 enim
3686 2151 3744 2196 et
3789 2153 3895 2212 post

2304 2238 2470 2294 pauca
2499 2225 2773 2295 subjunxit
2798 2245 2812 2282 :
2843 2228 2991 2283 Sicut
3021 2231 3354 2301 portavimus,
3384 2232 3553 2302 inquit
3581 2275 3596 2292 .
3627 2234 3893 2304 imaginem

2303 2319 2555 2374 terrestris
2581 2361 2596 2383 ,
2651 2331 2907 2392 portemus
2961 2324 3115 2378 etiam
3168 2326 3440 2398 imaginem
3491 2327 3636 2384 illius
3695 2329 3893 2385 celestis

2303 2411 2350 2484 (l
2379 2412 2496 2466 Cor.
2528 2430 2620 2480 xv,
2652 2415 2770 2486 49).
2803 2415 2961 2472 Certe
2989 2419 3258 2490 susceptio
3287 2420 3530 2492 imaginis
3560 2437 3667 2475 non
3701 2432 3895 2492 poterat

2303 2501 2592 2574 imperari,
2623 2506 2668 2562 si
2718 2509 2976 2565 naturalis
3030 2509 3082 2566 in
3111 2511 3368 2582 qualitate
3407 2513 3665 2568 alterutra
3718 2514 3893 2582 crede-

2304 2604 2476 2651 retur.
2933 2587 2938 2592 ’
3129 2579 3147 2582 —
3710 2579 3768 2628 ν

2375 2689 2512 2745 Anc.
2537 2689 2667 2758 Quis
2685 2700 2768 2747 est
2789 2700 2896 2748 tam
2911 2693 3196 2770 pegligens
3219 2695 3632 2765 apostolicorum
3662 2697 3892 2767 eloquio-

2303 2795 2452 2844 rum,
2485 2790 2543 2835 ut
2570 2796 2675 2836 non
2706 2781 2882 2838 videat
2905 2783 3047 2854 quod
3078 2785 3365 2854 Apostolus
3399 2786 3468 2841 de
3506 2787 3893 2844 resurrectione

2302 2874 2542 2942 corporis
2565 2874 2884 2942 disserebat,
2913 2877 3003 2932 ubi
3027 2878 3121 2946 ait,
3151 2878 3299 2934 Sicut
3326 2880 3380 2933 in
3405 2880 3571 2934 Adam
3595 2897 3775 2935 omnes
3798 2899 3893 2936 nso-

2301 2967 2532 3034 riuntur,
2561 2968 2631 3022 ita
2662 2979 2706 3023 et
2736 2970 2789 3023 in
2816 2968 3019 3026 Christo
3047 2988 3218 3026 omnes
3253 2972 3634 3042 viviﬁcabuntur
3652 2973 3681 3028 .’
3718 2974 3821 3030 Sed
3845 2986 3891 3029 tu

2301 3059 2369 3114 ad
2390 3061 2678 3126 dilatanda,
2698 3078 2802 3117 non
2823 3064 3055 3134 eloquia,
3078 3065 3172 3120 sed
3195 3065 3492 3137 vaniloquia
3516 3075 3625 3132 tua,
3649 3066 3740 3121 ubi
3763 3067 3891 3122 nulla

2302 3154 2527 3223 quaestio
2553 3164 2654 3221 est,
2685 3155 2883 3226 ingeris
2908 3157 3282 3226 qumstionem,
3304 3166 3360 3212 ct
3383 3159 3579 3226 qumris
3605 3173 3634 3211 τι
3662 3175 3751 3214 me
3777 3158 3892 3212 illud

2301 3244 2443 3313 quod
2473 3244 2676 3299 dictum
2706 3256 2820 3310 est,
2853 3244 2918 3300 In
2947 3246 3111 3301 Adam
3147 3265 3320 3302 omnes
3356 3250 3675 3315 moriuntur;
3705 3250 3773 3305 de
3800 3265 3893 3320 qua

2301 3345 2475 3390 morte
2512 3336 2581 3390 sit
2616 3336 2835 3392 dictum.
2871 3338 3095 3394 Prorsus
3120 3338 3187 3394 de
3223 3349 3394 3396 morte
3423 3342 3670 3410 corporis
3700 3342 3890 3397 dictum

2301 3435 2412 3490 est,
2447 3427 2544 3480 iSIa
2586 3428 2790 3484 scilicet
2821 3445 2922 3500 qua
2964 3445 3184 3486 necesse
3223 3441 3307 3487 est
3348 3433 3647 3487 moriantur
3686 3433 3810 3488 boni
3845 3443 3895 3486 et

2301 3517 2461 3584 mali,
2496 3534 2598 3572 non
2632 3519 2720 3574 illa
2748 3536 2849 3590 qua
2883 3522 3078 3577 mortui
3103 3522 3352 3578 dicuntur
3380 3525 3470 3594 qui
3499 3525 3690 3581 eadem
3728 3536 3894 3582 morte

2300 3619 2425 3665 sunt
2448 3612 2569 3665 mali
2595 3629 2607 3664 :
2631 3629 2762 3683 quas
2780 3613 2912 3668 duas
2935 3625 3154 3681 mortes,
3181 3633 3284 3671 una
3308 3618 3458 3673 brevi
3483 3618 3744 3674 Dominus
3762 3634 3894 3674 com-

2300 3704 2551 3775 plectitur
2573 3708 2858 3774 sententia,
2885 3708 3070 3766 diccns
3093 3729 3106 3765 :
3131 3710 3258 3766 Sine
3281 3721 3502 3766 mortuos
3527 3710 3743 3783 sepelire
3763 3729 3891 3766 mor-

2301 3808 2414 3852 tuos
2443 3817 2559 3854 suos
2594 3801 2815 3873 (Matth.
2847 3819 2967 3870 vnt,
3001 3804 3128 3879 2‘2).
3168 3805 3262 3860 Est
3297 3807 3458 3862 etiam
3487 3822 3669 3874 mors,
3698 3824 3818 3878 quae
3844 3808 3892 3862 in

2298 3891 2620 3964 Apocalypsi
2649 3909 2794 3950 mors
2820 3895 3052 3950 secunda
3077 3895 3272 3953 dicitur
3295 3898 3480 3969 (Apoc.
3507 3915 3566 3965 ιι,
3595 3900 3654 3954 Η
3682 3915 3699 3964 ;
3726 3915 3821 3965 xx,
3841 3898 3890 3964 6,

2301 3982 2405 4050 μς
2437 3999 2557 4047 xxi,
2589 3983 2670 4056 8),
2701 4001 2803 4054 qua
2832 3995 2888 4040 et
2913 4001 3108 4060 corpus
3136 3997 3191 4044 et
3218 3991 3394 4044 anima
3427 3991 3548 4062 igne
3576 3989 3891 4045 cruciabun-

2302 4081 2387 4127 tur
2415 4084 2648 4140 aeterno;
2688 4092 2847 4147 quam
2886 4078 3122 4134 minatur
3149 4081 3406 4136 Dominus
3436 4083 3524 4138 ubi
3554 4081 3688 4138 dicit
3718 4101 3732 4136 :
3766 4082 3894 4137 Eunt

2300 4167 2494 4235 timete,
2527 4169 2614 4240 qui
2639 4169 2785 4225 habet
2812 4181 3102 4241 potestatem
3121 4215 3137 4238 ,
3168 4183 3216 4228 et
3244 4192 3428 4247 corpus
3454 4185 3501 4230 et
3526 4177 3754 4231 animum
3781 4193 3894 4246 per-

2299 4262 2416 4316 dere
2443 4263 2494 4316 in
2520 4265 2798 4335 gehennam
2824 4265 3036 4340 (Matth.
3065 4285 3124 4335 x,
3145 4268 3260 4342 28).
3283 4271 3539 4340 Quamvis
3559 4273 3893 4344 ergocnulta'.

2299 4365 2498 4411 mortes
2516 4357 2854 4414 inveniantur
2875 4361 2925 4414 in
2948 4361 3266 4432 Scripturis;
3285 4363 3405 4418 duae
3426 4373 3605 4420 tamen
3626 4373 3756 4419 sunt
3773 4379 3898 4436 prae-

2297 4447 2488 4518 cipitaa,
2519 4449 2687 4519 prima
2713 4460 2768 4506 et
2795 4452 3028 4508 secunda
3058 4471 3072 4508 :
3108 4454 3276 4522 prima
3305 4467 3409 4523 est,
3437 4472 3598 4527 quam
3630 4455 3896 4527 peccando

2300 4537 2478 4595 intulit
2517 4541 2720 4610 primus
2763 4543 2961 4610 homo;
2993 4546 3223 4601 secunda
3261 4555 3378 4613 est,
3410 4563 3571 4619 quam
3609 4546 3894 4619 iudicando

2299 4632 2546 4691 illaturus
2572 4646 2654 4692 est
2687 4639 2954 4694 secundus
2992 4639 3174 4696 homo.
3206 4639 3356 4697 Sicut
3393 4642 3448 4697 in
3486 4642 3694 4698 sanctis
3729 4641 3894 4698 Libris

2297 4727 2467 4784 multa
2495 4727 2587 4783 Dei
2613 4737 2927 4785 testamenta
2953 4741 3477 4800 commemorantur;
3503 4733 3652 4806 quod
3678 4741 3895 4805 possunt

2299 4820 2600 4887 advertere,
2621 4820 2712 4892 qui
2732 4821 3014 4894 diligenter
3031 4824 3217 4897 legunt
3238 4843 3252 4880 :
3275 4836 3401 4883 sunt
3425 4837 3606 4884 tamen
3633 4827 3743 4884 duo
3769 4844 3895 4899 prae-

2298 4911 2476 4982 cipua,
2509 4921 2662 4966 vetus
2691 4921 2746 4968 et
2775 4929 2992 4970 novum.
3025 4915 3207 4971 Prima
3233 4933 3361 4989 ergo
3390 4934 3539 4975 mors
3566 4921 3733 4990 carpit
3759 4936 3893 4984 esse,

2299 5003 2512 5074 quando
2540 5005 2708 5060 Adam
2739 5004 2807 5062 de
2835 5007 3085 5079 paradiso
3108 5008 3312 5080 ejectus
3341 5021 3444 5076 est,
3473 5020 3531 5069 et
3565 5022 3839 5084 separatus
3868 5027 3896 5064 a

2301 5094 2447 5165 ligno
2477 5097 2600 5151 vitae
2631 5114 2643 5151 :
2672 5113 2819 5153 mors
2847 5099 3082 5156 secunda
3109 5116 3231 5158 esse
3256 5103 3493 5174 incipiet,
3520 5106 3740 5176 quando
3763 5105 3898 5161 diee—

2300 5194 2406 5250 tur,
2440 5185 2691 5242 Discedite
2719 5204 2750 5241 a
2777 5205 2856 5243 me
2873 5231 2889 5256 ,
2918 5190 3206 5260 maledicti,
3235 5194 3287 5248 in
3315 5193 3485 5266 ignem
3509 5205 3758 5251 internum
3781 5197 3801 5265 (
3817 5192 3894 5249 ιι.

2299 5293 2427 5346 xxv,
2455 5279 2568 5351 41).
2597 5280 2728 5336 Cum
2757 5281 2918 5354 igitur
2934 5283 3004 5339 de
3029 5287 3422 5342 resurrectione
3443 5288 3691 5358 corporis
3718 5289 3896 5352 loque-

2296 5381 2447 5426 retur
2473 5371 2780 5442 Apostolus,
2810 5374 2886 5429 ait
2903 5393 2922 5435 Δε
2952 5373 3057 5430 Per
3081 5377 3332 5432 hominem
3362 5394 3514 5434 mou.
3545 5381 3593 5425 et
3619 5388 3712 5441 per
3735 5372 3894 5426 homi-

2299 5480 2412 5518 nem
2439 5467 2735 5520 resurrectio
2764 5477 3080 5524 mortuarum
3111 5486 3124 5499 ’
3144 5471 3272 5515 σίδαι
3295 5462 3427 5516 enim
3452 5465 3504 5518 t'n
3530 5463 3702 5519 Adam
3726 5482 3897 5521 cum“

2297 5557 2604 5619 ῃιυνῑιιηων;
2633 5557 2706 5609 ,ξε
2731 5567 2778 5600 οι
2801 5559 2852 5601 tu
2875 5550 3075 5605 Christo
3100 5567 3273 5607 omnes
3299 5554 3689 5624 viviﬁcabuntur
3713 5556 3755 5630 (l
3779 5555 3895 5613 Car.

2299 5656 2392 5705 xv,
2419 5640 2482 5692 '21
2506 5648 2552 5692 et
2567 5637 2694 5710 22).
2729 5638 2844 5694 Non
2875 5641 3052 5712 itaque
3071 5642 3330 5700 debemus
3370 5645 3669 5718 inquirere,
3701 5651 3770 5706 de
3795 5665 3898 5721 qua

2295 5741 2469 5788 morte
2489 5741 2676 5801 agatur
2701 5732 2802 5786 hoc
2824 5733 2942 5788 loco
2963 5752 2976 5801 ;
3005 5736 3345 5795 manifestum
3371 5749 3455 5797 est
3472 5743 3618 5801 enim
3639 5743 3709 5803 de
3726 5749 3900 5802 mone

2301 5905 2307 5910 .
2368 5870 2385 5902 ί
2409 5868 2571 5921 codex
2595 5875 2739 5933 Port.,
2756 5869 3090 5931 aemulam.
