3994 6472
109 455 253 515 1585

103 573 348 643 corporis
366 572 450 645 agi
478 590 492 627 :
514 570 608 628 sed
631 569 810 643 potius
827 569 1084 626 debemus
1104 567 1402 636 attendere,
1427 547 1521 638 per
1538 581 1696 638 quem

106 667 177 724 sit
202 680 350 724 mors
380 667 492 737 ipsa
517 665 585 721 de
613 679 715 736 qua
745 664 938 736 agitur,
965 671 1143 720 utrum
1173 677 1270 734 per
1293 662 1461 718 Deum
1488 661 1576 732 qui
1603 660 1699 716 ho-

109 758 310 815 minem
335 757 596 826 condidit,
625 773 692 812 an
720 772 814 828 per
840 756 1110 812 hominem
1131 755 1220 827 qui
1249 753 1518 827 peccando
1538 767 1698 810 causa

107 849 265 920 hujus
293 851 482 906 mortis
510 849 733 906 exstitit.
763 847 870 905 Sed
899 847 1022 913 hoc,
1053 855 1113 902 ut
1138 847 1268 914 dixi,
1297 844 1572 901 attendere
1600 843 1698 900 de-

108 942 301 999 bemus
325 943 379 998 in
404 952 653 1014 promptu
682 942 910 1011 positum
929 982 944 1006 ,
974 955 1082 996 non
1112 940 1264 1012 quasi
1292 938 1526 995 abditum
1554 951 1700 1009 quae-

108 1049 244 1091 rere.
287 1033 422 1090 Nam
461 1043 516 1089 et
555 1034 692 1088 hanc
732 1032 952 1088 abstulit
990 1031 1274 1102 Apostolus
1313 1030 1696 1102 quaestionem,

106 1127 442 1199 apertissime
460 1125 665 1190 dicens,
687 1123 789 1180 Per
808 1125 1060 1179 hominem
1080 1141 1234 1179 mors.
1255 1124 1319 1178 Et
1338 1124 1455 1194 quis
1474 1133 1556 1178 est
1575 1122 1694 1188 iste,

106 1217 204 1272 nisi
234 1218 442 1288 primus
467 1217 675 1272 Adam?
701 1215 818 1288 Ipse
838 1226 920 1272 est
938 1215 1135 1288 quippe
1156 1215 1266 1282 ille,
1289 1215 1356 1270 de
1373 1230 1479 1285 quo
1499 1213 1699 1268 dictum

105 1319 206 1377 est,
239 1309 350 1366 Per
373 1327 528 1366 unum
554 1311 808 1365 hominem
838 1319 1098 1381 peccatum
1125 1309 1326 1363 intrauit
1350 1309 1403 1362 in
1431 1306 1696 1373 mundum,

105 1413 149 1458 et
172 1421 266 1475 per
297 1415 556 1475 peccatum
583 1421 718 1460 mors
740 1405 758 1437 ⁸
790 1421 806 1460 :
837 1404 921 1460 cui
951 1419 982 1459 e
1008 1402 1278 1458 contrario
1306 1401 1471 1456 Adam
1503 1415 1699 1455 secun-

105 1495 203 1552 dus
229 1497 540 1568 Opponitur,
567 1497 657 1568 qui
686 1505 769 1552 est
795 1495 963 1551 forma
988 1494 1148 1551 futuri
1174 1494 1352 1565 (Rom.
1375 1509 1432 1560 v,
1458 1491 1544 1559 i2,
1576 1492 1696 1563 M);

106 1586 246 1643 unde
273 1596 332 1643 et
360 1588 445 1644 hic
468 1588 668 1644 dictum
696 1598 800 1656 est,
834 1587 935 1642 Per
961 1587 1213 1642 hominem
1239 1602 1396 1652 mors,
1426 1595 1472 1639 et
1497 1601 1586 1652 per
1609 1585 1702 1639 ho-

106 1681 291 1734 minem
315 1683 612 1737 resurrectio
633 1691 964 1736 mortuorum.
984 1680 1074 1737 Sic
1093 1694 1221 1752 ergo
1237 1688 1317 1735 est
1333 1678 1698 1748 accipiendum

104 1774 242 1844 quod
269 1776 368 1841 ait,
397 1775 464 1830 In
490 1775 654 1830 Adam
676 1791 848 1831 omnes
870 1775 1191 1840 moriuntur;
1212 1783 1268 1829 ut
1291 1789 1394 1828 non
1421 1772 1701 1826 oblivisca-

104 1882 223 1922 mur
239 1868 388 1938 quod
407 1869 501 1932 ait,
527 1866 630 1923 Per
649 1869 900 1924 hominem
921 1884 1076 1923 mors.
1099 1866 1224 1922 Ideo
1241 1866 1436 1938 quippe
1458 1867 1510 1920 in
1532 1865 1701 1920 Adam

107 1973 295 2015 omnes
317 1959 639 2028 moriuntur,
662 1959 782 2032 quia
803 1975 900 2032 per
920 1959 1189 2016 hominem
1215 1972 1359 2013 mors
1383 1975 1395 2012 :
1419 1957 1558 2012 sicut
1581 1957 1702 2012 ideo

106 2049 156 2104 in
180 2049 405 2106 Christo
429 2051 782 2120 viviticantur,
810 2051 933 2123 quia
963 2066 1060 2122 per
1084 2050 1353 2105 hominem
1381 2048 1702 2109 resurrectio

106 2152 463 2200 mortuorum.
493 2145 668 2200 Homo
698 2145 884 2216 igitur,
915 2153 970 2201 et
1006 2144 1170 2200 homo
1195 2159 1211 2198 :
1237 2143 1378 2198 sicut
1409 2157 1536 2212 ergo
1566 2155 1703 2197 unus

108 2235 226 2303 iste,
255 2235 338 2292 sic
364 2251 502 2293 unus
526 2245 612 2293 est
637 2236 758 2304 ille;
786 2252 851 2292 ac
878 2253 972 2308 per
997 2236 1127 2302 hoc,
1159 2234 1281 2301 quia
1317 2234 1479 2289 homo
1507 2248 1702 2290 secuno

107 2329 204 2385 dus
228 2339 319 2386 est
346 2331 469 2396 iste,
503 2329 666 2386 homo
691 2330 894 2402 primus
919 2337 1002 2385 est
1030 2329 1137 2384 ille.
1155 2327 1365 2385 Scimus
1379 2327 1570 2392 Adam,
1589 2327 1700 2382 sic-

108 2432 163 2478 ut
187 2437 584 2479 commemoras
602 2465 618 2490 ,
649 2423 858 2479 hebraea
889 2423 1065 2494 lingua
1099 2421 1370 2477 hominem
1429 2420 1532 2476 dici
1562 2437 1575 2473 :
1605 2419 1702 2475 sed

109 2531 211 2571 non
231 2515 361 2571 hinc
380 2517 608 2572 eﬂicitur
625 2517 766 2588 quod
791 2513 1250 2587 impudentissime
1273 2512 1592 2585 persuadere
1613 2527 1703 2568 co-

110 2610 286 2676 uaris;
307 2621 367 2664 ut
395 2610 446 2665 in
475 2625 542 2666 eo
572 2609 713 2680 quod
740 2609 875 2665 dixit
903 2609 1212 2680 Apostolus,
1244 2605 1312 2662 In
1340 2607 1506 2661 Adam
1532 2622 1704 2662 omnes

110 2702 434 2770 moriuntur,
479 2717 692 2758 omnem
737 2701 1015 2756 mortalem
1062 2701 1334 2758 hominem
1377 2699 1705 2770 signiﬁcasse

111 2794 389 2859 credatur;
418 2804 474 2849 ut
503 2795 707 2850 scilicet
735 2810 840 2849 non
868 2795 920 2848 in
948 2793 1038 2848 illo
1069 2793 1240 2863 primo
1265 2791 1500 2860 homine,
1530 2791 1624 2846 sed
1651 2791 1704 2846 in

113 2902 174 2941 eo
194 2886 342 2958 quod
369 2887 621 2942 mortales
645 2895 788 2953 sunt,
813 2885 1178 2942 existimemus
1197 2900 1384 2941 omnes
1408 2885 1564 2940 mori.
1589 2884 1706 2940 Noli

112 2979 403 3033 obscurare
429 2978 606 3044 clara,
636 2989 779 3036 recta
815 2987 1155 3048 pervertere,
1189 2976 1465 3048 implicare
1498 2977 1706 3046 simpli-

114 3070 189 3124 cia
221 3087 234 3124 :
265 3071 322 3124 in
353 3071 443 3125 illo
470 3069 770 3126 moriuntur
794 3084 1011 3135 omnes,
1049 3083 1150 3142 per
1175 3085 1332 3140 quem
1363 3083 1540 3134 mors;
1572 3069 1710 3124 sicut

117 3165 166 3218 in
193 3164 288 3218 illo
319 3164 667 3232 viviﬁcantur,
694 3180 794 3236 per
817 3180 974 3234 quem
1005 3163 1326 3219 resurrectio
1351 3171 1706 3218 mortuorum.

117 3256 181 3312 Et
216 3259 340 3329 quis
376 3269 460 3314 est
497 3259 625 3325 iste,
662 3258 764 3313 nisi
797 3257 1065 3314 secundus
1096 3255 1296 3310 homo?
1323 3255 1441 3326 quis
1472 3270 1602 3326 ergo
1629 3263 1713 3311 est

120 3350 232 3419 ille,
263 3353 368 3406 nisi
399 3352 600 3422 primus
626 3350 828 3406 homo?
863 3350 1092 3407 Proinde
1120 3351 1238 3420 quis
1269 3348 1370 3404 iSte
1390 3391 1404 3415 ,
1444 3349 1545 3404 nisi
1575 3364 1712 3405 unus

120 3454 197 3499 est
228 3442 518 3500 Christus?
550 3445 668 3515 quis
704 3445 796 3500 ille
831 3443 931 3500 nisi
965 3459 1102 3500 unus
1139 3443 1348 3498 Adam?
1377 3441 1560 3511 Itaque
1586 3444 1714 3497 sicut

122 3538 429 3605 portavimus
467 3537 738 3608 imaginem
773 3535 1020 3590 terrestris
1063 3536 1308 3600 hominis,
1347 3535 1419 3588 ita
1459 3545 1712 3604 portemus

121 3630 264 3684 etiam
305 3631 540 3684 celestis.
576 3629 839 3685 Iudicatur
875 3628 1042 3696 illud,
1079 3629 1180 3682 hoc
1219 3629 1510 3698 imperatur
1542 3645 1554 3682 :
1584 3627 1714 3682 illud

121 3721 312 3790 quippe
337 3720 448 3789 jam
480 3735 715 3790 praesens
742 3729 859 3784 est,
891 3719 994 3774 hoc
1025 3719 1280 3773 futurum.
1311 3717 1380 3773 Et
1414 3718 1534 3774 ideo
1571 3719 1714 3773 illam

121 3814 448 3884 portavimus
475 3813 758 3883 imaginem
788 3810 1093 3867 conditione
1121 3811 1397 3875 nascendi,
1429 3821 1480 3866 et
1512 3811 1717 3881 peccati

121 3907 440 3976 contagione
469 3925 482 3960 :
514 3906 650 3960 hanc
671 3914 846 3960 autem
871 3912 1146 3975 portamus
1161 3905 1330 3975 gratia
1362 3903 1714 3971 renascendi;

122 4006 396 4066 portamus
409 4005 586 4053 autem
613 3996 825 4053 interim
849 4011 966 4068 spe,
986 4012 1046 4053 re
1067 4011 1198 4052 vero
1212 3998 1234 4029 ³
1253 3997 1582 4068 portabimus
1599 4012 1717 4052 eam

125 4087 342 4156 praemio
370 4087 684 4159 resurgendi
705 4131 719 4154 ,
749 4098 804 4143 et
832 4088 985 4144 beate
1007 4087 1255 4160 justeque
1285 4088 1559 4159 regnandi.
1589 4089 1720 4156 ρυω

126 4194 240 4234 cum
271 4181 347 4234 ita
373 4181 502 4247 sint,
532 4194 677 4234 mors
699 4179 916 4251 quidem
946 4179 1178 4234 hominis
1203 4180 1273 4234 ita
1303 4180 1549 4245 instituti,
1583 4189 1638 4236 et
1665 4180 1720 4236 in

125 4286 182 4325 eo
209 4273 488 4328 constituti
518 4271 671 4339 loco,
705 4279 763 4327 ut
795 4287 901 4328 non
931 4280 1250 4339 moreretur,
1281 4271 1382 4326 nisi
1410 4281 1718 4344 peccasset,

127 4362 234 4418 sine
272 4363 607 4417 dubitatione
645 4363 869 4432 ptenalis
905 4372 988 4418 est
1021 4379 1034 4416 :
1066 4362 1161 4417 sed
1205 4363 1314 4418 Deo
1359 4377 1454 4432 per
1497 4363 1720 4432 gratiam

126 4468 269 4510 suam
300 4455 356 4510 in
383 4471 537 4510 usum
567 4455 718 4511 nobis
743 4456 939 4511 bonum
971 4456 1201 4526 ptenalia
1231 4455 1369 4510 mala
1396 4466 1576 4511 nostra
1606 4473 1725 4511 ver-

128 4557 290 4616 tente,
324 4549 378 4603 in
408 4560 696 4620 conspectu
730 4549 935 4604 Domini
966 4549 1195 4618 pretiosa
1222 4557 1305 4603 est
1333 4563 1477 4603 mors
1505 4559 1714 4603 sancto-

127 4655 241 4696 rum
279 4640 422 4710 ejus.
464 4640 567 4696 Per
597 4641 744 4697 illam
781 4649 1020 4708 certant,
1051 4640 1189 4695 sicut
1217 4655 1312 4710 per
1339 4639 1670 4711 disciplinam
1704 4657 1719 4695 :

127 4731 412 4804 Disciplina
443 4733 584 4788 enim
603 4773 620 4799 ,
651 4733 789 4788 sicut
825 4732 1078 4802 scriptum
1107 4740 1224 4798 est,
1255 4731 1323 4785 ad
1362 4747 1582 4802 prtesens
1622 4748 1724 4786 non

127 4825 298 4894 gaudii
327 4825 524 4878 videtur
548 4841 672 4891 esse,
700 4825 790 4879 sed
815 4825 1031 4879 tristitia
1046 4841 1066 4890 ;
1093 4833 1266 4892 postea
1289 4839 1420 4887 vero,
1445 4823 1724 4877 uberiorem

128 4920 366 4988 fructum,
391 4918 470 4972 his
490 4919 576 4991 qui
597 4935 686 4988 per
707 4935 816 4973 eam
838 4928 1111 4986 certarunt,
1129 4919 1293 4973 reddit
1303 4918 1522 4990 justitite
1537 4917 1720 4988 (Hebr.

137 5024 222 5075 tu,
254 5013 373 5082 H).
401 5010 484 5066 Tu
511 5018 708 5075 autem,
731 5011 822 5080 qui
849 5020 1077 5066 mortem
1102 5010 1344 5080 corporis
1367 5010 1527 5066 etiam
1553 5009 1605 5063 in
1631 5024 1728 5080 pa-

129 5104 339 5171 radiso,
370 5103 533 5158 etiam
563 5113 817 5174 peccante
845 5102 1022 5168 nullo,
1053 5103 1281 5158 futuram
1311 5101 1474 5158 fuisse
1501 5111 1726 5158 conten-

128 5197 209 5253 dis
226 5239 245 5264 ,
275 5197 449 5253 hostis
475 5212 535 5252 es
562 5183 741 5267 gratia:
771 5196 899 5262 Dei,
928 5195 1202 5267 hostisque
1227 5205 1564 5262 sanctorum,
1590 5212 1724 5267 quu-

131 5300 249 5341 rum
278 5304 430 5344 mors
458 5289 689 5359 pretiosa
717 5296 827 5351 est,
861 5302 958 5358 per
992 5287 1135 5342 illam
1172 5287 1487 5342 certantium
1530 5287 1732 5344 intrare

133 5388 294 5450 atque
325 5378 564 5437 habitare
595 5381 919 5451 paradisum.
945 5379 1063 5436 Non
1095 5380 1238 5436 enim
1269 5390 1497 5437 mortem
1525 5381 1692 5438 solam
1711 5421 1730 5450 ,

134 5470 184 5526 id
212 5480 320 5537 est,
345 5468 729 5524 resolutionem
752 5473 943 5528 ultima:
969 5489 999 5528 a
1023 5488 1271 5544 corpore,
1299 5473 1528 5530 uolentis
1553 5482 1731 5530 tamen

133 5563 389 5636 spoliari,
429 5561 525 5617 sed
552 5558 933 5630 supervestiri,
975 5570 1031 5614 ut
1065 5565 1416 5620 absorbeatur
1447 5566 1676 5620 mortale
1703 5580 1734 5621 a

130 5659 239 5714 vita
262 5657 332 5732 (Il
357 5655 476 5712 Cor.
503 5670 557 5720 v,
583 5653 668 5728 5);
696 5653 789 5711 sed
817 5653 977 5709 etiam
1005 5668 1192 5710 omnes
1218 5641 1455 5724 morbos,
1479 5664 1532 5712 et
1557 5658 1736 5712 omnia

197 5837 217 5868 ί
247 5834 390 5892 Editt,
413 5839 461 5882 et
508 5843 594 5895 per
615 5829 855 5881 hominem
877 5841 1008 5880 mors
1031 5841 1056 5881 ξ
1073 5830 1310 5880 mendose
1329 5843 1386 5881 ac
1407 5830 1740 5883 dissentienti-

129 5898 233 5948 bus
256 5895 614 5958 manusctiptis.
1581 5924 1588 5928 .

165 5959 337 6076 "is:
347 5954 674 6010 retus'oodcx
697 5962 962 6008 Portarum.
993 5954 1081 6006 Alii
1102 5958 1412 6021 mauuscripti
1448 5969 1559 6008 cum
1578 5957 1738 6024 editis,

128 6036 166 6076 τ
526 6063 560 6076 ,Α
683 6071 690 6076 ,

1508 449 1706 506 LIBER
1744 448 2032 506 SEXTUS.

3246 450 3389 510 1586

1797 580 1994 637 genera
2016 567 2298 634 malorum,
2324 581 2442 638 qua:
2469 565 2710 625 homines
2735 583 2843 628 non
2865 567 3092 626 valendo
3112 567 3254 625 ferre
3273 583 3390 624 mo-

1799 662 2030 729 riuntur,
2061 670 2315 732 quantum
2344 662 2407 716 ad
2436 672 2484 716 te
2509 661 2717 730 attinet,
2741 661 2793 717 in
2823 661 3001 719 locum
3025 668 3190 719 tantae
3216 659 3388 718 felici-

1799 756 1922 810 tatis
1958 764 2011 810 et
2048 755 2241 826 quietis
2275 755 2515 809 immittis
2545 774 2558 810 :
2589 754 2732 826 quod
2768 769 2951 812 errore
2985 764 3183 826 quanto
3225 752 3392 810 iacias

1799 847 1984 908 video,
2016 847 2111 902 sed
2142 863 2243 918 qua
2275 845 2449 902 fronte
2477 846 2680 902 nescio.

1870 938 2090 994 XXXII.
2128 939 2244 995 JUL.
2287 939 2485 995 Verum
2528 949 2694 994 totum
2735 947 3041 996 contextum
3079 937 3185 993 loci
3224 937 3392 1008 ipsius

1801 1035 2137 1090 ventilemus.
2180 1034 2272 1101 Si,
2320 1035 2526 1106 inquit,
2564 1033 2794 1090 Christus
2831 1033 3137 1106 praedicatur
3174 1031 3292 1103 quia
3329 1045 3394 1084 ea:

1801 1130 2010 1186 mortuis
2033 1130 2322 1196 resurrexit,
2348 1127 2595 1200 quomodo
2620 1128 2824 1198 quidam
2849 1127 3022 1180 dicunt
3046 1127 3097 1178 in
3119 1123 3254 1178 vobis
3273 1123 3392 1192 quia

1799 1223 2096 1277 resurrectio
2140 1231 2450 1276 mortuorum
2490 1238 2588 1275 non
2628 1221 2744 1274 est?
2781 1218 2842 1274 Si
2885 1227 3054 1272 autem
3094 1215 3394 1272 resurrectio

1799 1326 2113 1369 mortuorum
2151 1332 2248 1369 non
2279 1325 2384 1380 est,
2417 1332 2505 1369 nec
2540 1314 2768 1368 Christus
2806 1313 3079 1366 resurrexit
3109 1326 3129 1366 :
3156 1311 3200 1365 si
3226 1319 3396 1364 autem

1800 1403 2030 1462 Christus
2060 1423 2158 1460 non
2187 1407 2480 1471 resurrexit,
2511 1405 2676 1460 inanis
2700 1414 2771 1458 est
2805 1403 3101 1476 praedicatio
3129 1412 3322 1463 nostra,
3349 1405 3397 1454 et

1801 1516 1958 1554 vacua
1983 1507 2054 1554 est
2074 1500 2200 1568 ﬁdes
2228 1510 2393 1554 vestra
2415 1501 2431 1530 ¹
2456 1517 2471 1565 ;
2499 1497 2954 1553 ἱηυεηὶηιιινσειίαιη
2973 1497 3089 1567 falsi
3107 1504 3253 1549 testes
3276 1492 3393 1562 Dei,

1798 1595 1919 1666 quia
1954 1595 2291 1648 testimonium
2319 1595 2536 1648 diximus
2563 1595 2803 1647 adversus
2816 1591 3006 1676 \Deum
3025 1634 3040 1656 ,
3069 1591 3204 1662 quod
3231 1589 3396 1644 susci-

1802 1685 1979 1740 taverit
2007 1684 2289 1751 Christum,
2320 1702 2465 1756 quem
2501 1701 2602 1738 non
2639 1683 2913 1738 suscitavit.
2954 1681 3015 1738 Si
3048 1681 3180 1735 enim
3211 1679 3399 1735 mortui

1802 1797 1903 1834 non
1935 1788 2236 1851 resurgunt,
2267 1796 2355 1833 nec
2380 1776 2612 1834 Christus
2639 1776 2909 1831 resurrexit
2940 1776 3024 1830 :si
3049 1784 3216 1829 autent
3245 1772 3399 1828 Citri-

1801 1881 1908 1926 stus
1938 1889 2039 1926 non
2069 1873 2375 1935 resurrexit,
2412 1888 2542 1925 uana
2581 1879 2651 1924 est
2687 1869 2815 1938 ﬁdes
2852 1877 3046 1932 vestra,
3084 1867 3201 1938 quia
3229 1866 3400 1918 adhuc

1801 1963 1917 2018 estis
1941 1964 1996 2017 in
2027 1963 2244 2034 peccatis
2273 1961 2484 2029 uestris;
2515 1971 2560 2015 et
2587 1961 2671 2032 qui
2697 1961 3006 2014 dormierunt
3030 1977 3146 2029 ergo
3175 1959 3227 2010 in
3252 1957 3402 2011 Chri-

1801 2065 1899 2124 sto,
1929 2056 2203 2128 perierunt.
2237 2055 2299 2111 Si
2323 2056 2374 2110 in
2401 2057 2495 2110 hac
2520 2056 2621 2109 vita
2646 2055 2697 2108 in
2719 2053 2918 2110 Christo
2940 2054 2960 2084 ’
2990 2069 3250 2122 speramus
3281 2062 3399 2106 tan-

1803 2159 1942 2216 tum,
1985 2149 2370 2204 miserabiliores
2411 2165 2584 2204 sumus
2631 2147 2860 2202 omnibus
2903 2144 3202 2201 hominibus.
3249 2142 3403 2198 Nunc

1802 2253 1969 2296 autem
1993 2243 2223 2298 Christus
2247 2259 2310 2297 ea:
2338 2243 2550 2297 mortuis
2577 2241 2850 2296 resurrexit
2884 2240 3120 2311 primitia:
3151 2239 3402 2292 dormien-

1805 2334 1951 2402 tium,
1979 2336 2217 2406 quoniam
2243 2334 2444 2405 quidem
2475 2351 2564 2404 per
2592 2334 2843 2388 hominem
2869 2349 3025 2399 mors,
3055 2341 3100 2385 et
3131 2347 3216 2400 per
3243 2330 3405 2383 Itami-

1805 2445 1918 2483 nent
1948 2428 2244 2483 resurrectio
2271 2437 2601 2481 mortuorum.
2635 2426 2779 2481 Sicut
2804 2425 2934 2480 enim
2961 2425 3016 2478 in
3044 2423 3207 2477 Adam
3233 2439 3405 2476 omnes

1805 2523 2109 2588 moriuntur,
2138 2523 2209 2575 ita
2235 2531 2280 2575 et
2306 2521 2357 2574 in
2379 2519 2578 2576 Christo
2605 2535 2774 2573 omnes
2799 2517 3206 2586 viviﬁcabuntur.
3234 2514 3408 2570 Unus-

1805 2615 2013 2685 quisque
2045 2624 2214 2670 autent
2243 2614 2294 2666 in
2326 2629 2416 2666 suo
2446 2611 2660 2676 .dine;
2689 2610 2925 2682 primitiae
2948 2607 3197 2675 Christus,
3227 2605 3409 2660 deinde

1807 2707 1860 2759 hi
1895 2706 1982 2776 qui
2019 2715 2135 2760 sunt
2175 2704 2396 2771 Christi,
2427 2704 2514 2774 qui
2550 2704 2602 2758 in
2643 2703 2860 2756 adventu
2899 2703 3039 2774 ejus;
3078 2699 3259 2754 deinde
3291 2698 3410 2769 finis

1809 2795 1862 2868 (1
1887 2796 2002 2852 Cor.
2037 2813 2129 2861 xv,
2163 2797 2374 2867 12-24).
3313 2847 3316 2850 .

1881 2892 2016 2946 Avo.
2051 2889 2426 2946 Ventilandnm
2459 2898 2628 2946 totum
2662 2889 2823 2945 istum
2861 2889 2914 2943 in
2953 2887 3260 2960 apostolicis
3291 2885 3408 2940 Lit-

1813 2983 1941 3038 teris
1968 2982 2034 3037 de
2061 2983 2304 3052 corporis
2343 2981 2736 3038 resurrectione
2775 2981 2950 3035 locum
2994 2980 3114 3035 ideo
3145 2990 3195 3034 te
3224 2991 3408 3033 susce-

1813 3079 1976 3146 pisse,
2007 3085 2064 3129 ut
2092 3075 2318 3130 haberes
2347 3075 2684 3130 occasionem
2710 3089 2811 3144 qua
2841 3083 2986 3128 tnmn
3016 3072 3410 3142 multiloquium

1811 3167 2044 3236 c0piosa,
2079 3166 2120 3220 si
2153 3165 2253 3220 dici
2285 3174 2479 3236 potest,
2510 3176 2746 3235 egestate
2775 3163 3123 3229 dill‘underes,
3154 3173 3207 3218 et
3235 3161 3299 3216 ad
3330 3172 3413 3218 tot

1811 3258 1977 3313 libros
2016 3257 2312 3326 implendus
2351 3257 2443 3313 tibi
2476 3257 2732 3328 evagandi
2773 3257 2943 3324 Spatia
2979 3269 3325 3326 procurares,
3355 3253 3414 3309 in

1815 3352 1926 3424 ipsa
1952 3362 2036 3405 tua
2061 3351 2261 3420 prolixa
2284 3361 2336 3406 et
2361 3365 2758 3421 supervacanea
2780 3350 3138 3420 diSputatione
3164 3347 3410 3403 clarebit.

1885 3442 2124 3500 XXXIII.
2148 3441 2266 3498 Jun.
2297 3441 2548 3497 Instruxit
2574 3442 2832 3497 acerrime
2859 3440 3272 3512 diSputatiuncm
3300 3453 3415 3492 ma-

1811 3538 1980 3608 ‘gister
2003 3535 2264 3605 egregius,
2290 3543 2344 3588 et
2369 3549 2517 3602 Spem
2547 3533 2704 3588 nobis
2724 3531 2791 3588 de
2813 3531 3084 3587 consortio
3107 3528 3414 3603 blediatoris

1817 3629 2071 3700 ingessit,
2103 3642 2352 3682 asserens
2391 3628 2536 3681 illum
2580 3625 2885 3693 hominem,
2918 3635 3170 3696 quantum
3211 3631 3418 3694 spectat

1816 3723 1884 3778 ad
1911 3722 2260 3778 substantiam
2285 3735 2387 3790 qua
2411 3720 2562 3775 nobis
2580 3720 2840 3790 jungitur,
2864 3717 2994 3773 nihil
3020 3725 3298 3787 exceptum
3321 3716 3416 3770 ha-

1818 3817 2020 3881 buisse,
2052 3815 2464 3887 opinionemque
2493 3829 2652 3884 quam
2685 3811 2968 3868 inﬁdelitas
2999 3810 3276 3874 sciscebat,
3310 3823 3415 3863 non

1820 3910 1999 3966 minus
2019 3908 2232 3964 Christo
2253 3907 2602 3978 prmjudicare
2624 3921 2781 3978 posse
2801 3922 2960 3978 quam
2983 3905 3156 3960 nobis.
3179 3903 3268 3960 Sic
3287 3918 3417 3974 ergo

1819 4003 2011 4058 miscet
2034 4001 2306 4072 negotium
2327 3997 2524 4055 Christi
2547 4008 2600 4054 et
2626 3999 2922 4065 hominum,
2946 4006 3005 4052 ut
3029 4011 3249 4052 necesse
3271 3996 3341 4050 sit
3363 3996 3418 4050 in

1821 4105 2047 4167 utraque
2069 4105 2218 4166 parte
2242 4093 2407 4160 credi,
2437 4093 2579 4164 quod
2605 4093 2657 4148 in
2688 4093 2852 4147 altera
2880 4101 3180 4147 censeatur.
3205 4087 3419 4161 Opinati

1822 4191 2018 4261 quippe
2049 4190 2256 4244 fuerant
2281 4203 2376 4258 per
2403 4187 2544 4243 idem
2574 4196 2785 4257 tempus
2807 4184 3069 4250 homines,
3095 4184 3215 4256 quia
3242 4199 3412 4239 resur.

1823 4283 1990 4338 rectio
2034 4290 2366 4336 mortuorum
2402 4279 2576 4334 futura
2609 4295 2714 4334 non
2750 4288 2892 4334 esset
2924 4297 2936 4331 :
2970 4294 3077 4332 non
3115 4287 3290 4331 tamen
3330 4289 3424 4330 re-

1823 4373 2123 4430 surrexisse
2161 4371 2434 4428 Christum
2476 4372 2758 4442 negabant.
2795 4369 2996 4439 Arripit
3032 4368 3134 4422 hoc
3172 4365 3423 4436 Magister

1824 4465 2098 4532 Gentium,
2125 4475 2179 4520 et
2204 4464 2508 4536 pronuntiat
2537 4478 2756 4519 necesse
2776 4477 2897 4517 esse
2917 4470 2974 4516 ut
2995 4460 3083 4514 uni
3113 4457 3422 4528 praejudicio

1826 4573 1949 4628 pars
1977 4551 2200 4628 utraque
2225 4557 2293 4611 sit
2323 4556 2525 4625 pervia,
2557 4565 2608 4610 et
2637 4565 2727 4610 aut
2753 4551 2940 4607 omnes
2967 4551 3209 4605 homines
3240 4564 3418 4604 resur-

1824 4652 2042 4717 recturi,
2075 4661 2164 4705 aut
2193 4667 2291 4705 nec
2317 4650 2560 4704 Christus
2588 4647 2946 4702 resurrexisse
2970 4646 3236 4702 credatur.
3263 4643 3425 4702 Certe

1825 4742 1964 4798 hanc
1988 4743 2093 4796 vim
2119 4743 2172 4796 in
2199 4741 2524 4813 disputando
2550 4739 2834 4810 Apostolus
2861 4755 2964 4793 non
2993 4737 3234 4802 haberet,
3264 4738 3309 4792 si
3340 4753 3426 4793 se-

1826 4835 2059 4892 cundum
2087 4834 2405 4890 Manichzeos
2434 4845 2486 4889 et
2511 4849 2696 4890 eorum
2728 4833 3014 4903 discipulos
3039 4831 3420 4897 Tradueianos,

1827 4943 2044 4984 carnem
2071 4926 2269 4984 Christi
2297 4943 2326 4982 a
2354 4938 2557 4983 natura:
2593 4937 2789 4983 nostra:
2828 4926 3202 4981 communione
3231 4925 3426 4980 distin-

1828 5029 2036 5093 gueret.

1905 5115 2035 5171 Anc.
2063 5112 2338 5170 Maniehmi
2366 5128 2473 5168 non
2503 5121 2646 5168 sunt.
2682 5111 2768 5180 qui
2800 5126 3014 5166 carnem
3044 5110 3243 5166 Christi
3271 5125 3298 5164 a
3330 5125 3428 5162 na-

1833 5217 1966 5262 tura:
1996 5217 2193 5261 nostrm
2219 5206 2597 5262 communione
2619 5205 2638 5237 ³
2665 5206 3027 5274 distinguunt;
3062 5203 3154 5259 sed
3186 5203 3272 5274 qui
3305 5201 3427 5256 nul:-

1835 5299 1938 5354 lam
1961 5314 2176 5354 carnem
2199 5296 2466 5352 Christum
2497 5297 2744 5351 habuisse
2770 5296 3115 5353 contendunt.
3140 5293 3302 5349 Nobis
3331 5293 3430 5346 ita-

1835 5409 1939 5466 que
1963 5391 2235 5465 jungendo
2273 5391 2596 5446 Manichacus
2617 5435 2630 5456 ,
2659 5382 3078 5446 anatltem‘andos
3113 5387 3385 5443 vobiscum
3408 5380 3429 5420 ’³

1837 5495 1995 5555 atque
2038 5481 2404 5549 damnandos,
2449 5482 2608 5538 etiam
2659 5499 2840 5538 eorum
2891 5482 3136 5539 sublevas
3178 5493 3430 5544 causam,
3491 5551 3494 5554 ῃ

1838 5577 2023 5634 dicens
2057 5592 2150 5634 eos
2186 5591 2401 5633 carnem
2429 5574 2625 5633 Christi
2657 5591 2686 5632 a
2717 5587 2916 5632 natura:
2951 5585 3149 5633 nostra:
3186 5587 3430 5630 commu-

1906 5773 1924 5806 ι
1953 5773 2027 5822 Sic
2046 5778 2155 5821 Mss.
2179 5777 2230 5820 In
2267 5773 2428 5836 vign.,
2451 5778 2632 5836 nostra.

1907 5837 1931 5898 ε
1957 5829 2422 5898 vignierins,st"in'
2453 5835 2548 5884 hac
2569 5833 2664 5885 vita
2685 5844 2936 5897 speramus
2958 5837 3139 5882 tantum
3169 5844 3185 5884 :
3210 5843 3274 5882 ex
3321 5838 3434 5882 Mss.
3495 5829 3500 5834 ’

1844 5895 2054 5957 additur,
2078 5895 2131 5947 in
2152 5895 2359 5947 Christo.
2712 5895 2718 5897 ’
3208 5955 3214 5957 Α
3495 5899 3506 5936 .'

1911 5960 1932 5992 ³
1960 5955 2148 6008 δίδως.
2191 5965 2313 6009 Port.
2364 5963 2418 6008 Al.
2473 5957 2620 6019 editi,
2669 5973 2702 6009 a
2754 5962 2927 6010 natura
2979 5955 3339 6012 conrnum‘ouis.

1911 6020 2032 6087 istc
2050 6027 2157 6072 uss.
2184 6027 2236 6071 tu
2251 6023 2410 6088 Vigu.,
2428 6019 2693 6076 nobiscum.
