4006 6474
564 410 706 481 1587

563 530 723 586 nione
765 521 1090 602 distinguere
1129 546 1142 584 :
1183 529 1335 600 quasi
1377 544 1592 585 carnem
1632 525 1905 582 Christum
1952 521 2152 578 habere

564 611 849 691 fateantur,
881 637 1040 700 quam
1069 635 1283 692 quoquo
1311 621 1470 676 modo
1498 636 1528 675 a
1560 627 1738 674 nostra
1767 632 1927 672 carne
1959 615 2151 672 distin-

557 723 744 785 guant.
775 713 990 770 Dimitte
1019 715 1136 770 illos
1163 715 1388 770 multum
1417 731 1447 769 a
1476 713 1649 783 nobis,
1678 712 2011 783 multumque
2039 718 2092 768 et
2119 723 2151 772 a

557 795 712 864 vobis
731 851 744 874 ,
775 807 830 862 in
863 809 962 864 ista
997 809 1065 865 de
1093 825 1254 865 carne
1283 809 1477 864 Christi
1513 806 1807 882 qumstione
1836 803 2099 863 distantes
2129 819 2146 864 z

556 901 834 962 nobiscum
857 918 957 976 age
981 901 1122 976 quod
1148 902 1293 978 agis;
1315 902 1437 974 quia
1461 901 1738 956 nobiscum
1759 912 1971 962 carnem
1991 894 2151 962 Chri-

554 993 654 1056 sti,
685 995 784 1054 etsi
823 994 1170 1064 dissimiliter,
1201 995 1490 1049 conliteris.
1525 992 1632 1047 Nec
1663 1006 1760 1050 nos
1792 991 1933 1046 enim
1969 1004 2086 1046 eam
2113 1003 2146 1052 ἢ

554 1096 759 1142 naturae
796 1071 956 1162 atque
995 1088 1303 1144 substantiae
1341 1089 1519 1144 carnis
1560 1097 1788 1151 nostra},
1831 1083 1925 1150 sed
1960 1098 1992 1137 a
2033 1080 2147 1150 vitii

553 1179 929 1233 conununione
954 1178 1348 1252 distinguimus.
1377 1177 1512 1232 Caro
1537 1186 1619 1232 est
1647 1176 1788 1232 enim
1818 1185 1996 1229 nostra
2022 1188 2148 1246 pec-

552 1269 655 1322 cati
685 1286 697 1322 :
735 1280 949 1339 propter
977 1270 1116 1341 quod
1147 1270 1230 1324 illa
1260 1269 1400 1325 dicta
1429 1279 1538 1338 cst,
1571 1286 1676 1324 non
1706 1267 1996 1323 similitudo
2022 1283 2143 1321 car-

551 1359 656 1427 nis,
685 1361 806 1432 quia
835 1377 959 1416 vera
987 1377 1114 1421 caro
1140 1371 1252 1430 est;
1281 1363 1373 1416 sed
1405 1361 1694 1418 similitudo
1720 1359 1893 1415 carnis
1918 1358 2140 1429 peccati,

549 1452 672 1520 quia
703 1453 901 1522 peccati
931 1471 1056 1510 caro
1084 1470 1191 1514 non
1222 1465 1321 1511 est.
1355 1454 1409 1510 Si
1440 1470 1566 1525 ergo
1604 1455 1802 1527 peccati
1832 1468 1988 1520 caro,
2018 1467 2142 1506 caro

548 1555 728 1598 nostra
757 1561 860 1600 non
887 1556 1059 1612 esset;
1082 1547 1368 1618 quomodo,
1400 1563 1528 1621 rogo
1555 1555 1624 1610 te,
1654 1545 1942 1601 similitudo
1966 1544 2141 1600 carnis

547 1637 751 1704 peccati
776 1652 900 1691 caro
926 1637 1123 1692 Christi
1152 1639 1334 1695 esset?
1360 1639 1440 1692 An
1470 1653 1638 1709 usque
1663 1637 1798 1691 adeo
1822 1636 2020 1708 desipis
2039 1677 2052 1703 ,
2087 1644 2142 1691 ut

546 1723 692 1782 dicas
718 1728 917 1799 aliquid
946 1730 1118 1786 simile
1143 1746 1285 1798 esse,
1317 1729 1412 1786 sed
1441 1730 1525 1784 cui
1553 1731 1727 1789 simile
1758 1729 1827 1783 sit
1856 1745 1959 1782 non
1988 1728 2140 1782 esse?

544 1817 801 1874 Hilarium
825 1822 947 1876 audi
968 1822 1287 1880 catholicum
1311 1825 1618 1889 antistitem,
1639 1838 1796 1895 quem
1817 1832 1964 1877 certe
1985 1821 2139 1894 quid-

543 1913 668 1982 quid
690 1913 758 1970 de
778 1916 869 1970 illo
895 1917 1115 1983 sentias,
1140 1917 1483 1972 Manichmum
1509 1932 1612 1972 non
1639 1925 1790 1988 potes
1810 1915 1990 1971 dicere
2015 1931 2027 1967 :
2048 1915 2137 1984 qui

541 2022 663 2063 cum
691 2009 757 2063 de
785 2007 982 2064 Christi
1012 2025 1171 2066 carne
1205 2011 1526 2082 loqueretur,
1559 2029 1577 2060 ι
1615 2008 1758 2086 Ergo
1786 2024 1906 2062 cum
1941 2007 2136 2068 missus

540 2111 641 2169 est,
673 2121 693 2155 ι
729 2103 914 2174 inquit,
944 2122 963 2155 ‹
1000 2104 1051 2157 in
1079 2103 1426 2158 similitudine
1450 2103 1628 2157 carnis
1653 2101 1876 2174 peccati,
1901 2116 2005 2154 non
2034 2099 2138 2154 sic-

540 2204 597 2250 ut
631 2211 846 2252 carnem
878 2195 1089 2265 habuit,
1140 2197 1211 2256 ita
1243 2196 1428 2252 habuit
1458 2203 1512 2250 ct
1552 2204 1861 2270 peccatum;
1891 2192 1985 2248 sed
2011 2193 2134 2264 quia

539 2303 607 2352 ex
646 2297 868 2360 peceato
895 2291 1070 2345 omnis
1103 2304 1227 2345 caro
1258 2298 1373 2357 est,
1403 2304 1432 2342 a
1471 2296 1688 2360 peccato
1724 2286 1926 2342 scilicet
1965 2285 2132 2340 Adam

537 2393 758 2452 parente
774 2382 1020 2445 deducta,
1046 2383 1099 2438 in
1119 2380 1463 2438 similitudine
1486 2379 1686 2452 peccati
1707 2377 1882 2433 carnis
1903 2384 1984 2432 est
2006 2377 2134 2431 mis-

536 2486 663 2540 sus,
691 2473 956 2531 existente
983 2475 1034 2528 in
1062 2488 1128 2530 eo
1147 2514 1163 2540 ,
1193 2489 1296 2526 non
1329 2481 1577 2544 peccato,
1604 2469 1698 2526 sed
1728 2469 1927 2540 peccati
1955 2469 2132 2526 carnis

535 2564 900 2621 similitudine.
935 2584 954 2619 ι
980 2565 1116 2633 Quid
1142 2564 1208 2619 ad
1234 2565 1335 2619 ista
1356 2565 1592 2660 dictrqus
1612 2579 1688 2628 es,
1715 2563 2126 2636 improbissime,

536 2655 942 2726 loquacissime,
987 2654 1563 2721 contumeliosissime,
1611 2654 2130 2710 calumniosissime?

532 2745 799 2819 Numquid
821 2758 876 2804 et
896 2747 1127 2805 Hilarius
1153 2748 1478 2804 Manichazus
1498 2747 1618 2804 est?
1637 2747 1743 2804 Sed
1764 2747 1906 2803 ahsit
1931 2756 1988 2803 ut
2012 2758 2129 2808 tuas

451 2881 456 2886 .
531 2839 776 2909 accipere
804 2839 1060 2911 dedigner
1092 2839 1345 2911 injurias,
1384 2855 1489 2895 non
1530 2839 1702 2896 solum
1731 2855 1852 2895 cum
1891 2840 2124 2906 Hilario,

529 2934 841 3004 ueterisque
864 2934 1121 2990 ministris
1141 2933 1370 3000 Christi;
1394 2933 1486 2989 sed
1509 2933 1669 2989 etiam
1687 2949 1806 2990 cum
1831 2933 1943 3004 ipsa
1966 2949 2127 2990 carne

530 3025 748 3094 Christi,
773 3028 856 3083 cui
883 3036 1083 3082 tantam
1111 3027 1285 3082 facere
1312 3043 1418 3082 non
1440 3025 1750 3098 expavescis
1778 3025 2044 3098 injuriam,
2069 3034 2128 3082 ιιι

529 3117 727 3174 audeas
755 3134 872 3174 eam
902 3133 1180 3190 coaequare
1208 3129 1417 3174 caetera:
1446 3105 1718 3173 hominum
1749 3117 1895 3172 carni
1917 3159 1932 3184 ,
1964 3133 2124 3188 quam

527 3227 743 3268 carnem
787 3221 996 3268 constat
1031 3229 1150 3270 esse
1186 3214 1425 3287 peccati;
1457 3214 1501 3269 si
1540 3228 1648 3269 non
1682 3212 2010 3269 mendaciter
2038 3212 2124 3268 di-

530 3301 672 3360 ctum
718 3314 831 3374 est,
877 3305 1148 3362 Christum
1198 3307 1252 3362 in
1302 3303 1650 3363 similitudine
1691 3307 1870 3368 carnis
1912 3306 2124 3366 venisse

527 3401 729 3470 peccati
755 3400 932 3471 (Rom.
963 3419 1078 3470 VIII,
1107 3403 1186 3474 5).

598 3489 842 3554 XXXIV.
880 3492 1002 3550 JUL.
1033 3493 1316 3572 Nunquam
1341 3496 1538 3574 quippe
1570 3497 1808 3565 diceret,
1842 3497 1909 3554 Si
1934 3500 2125 3556 mortui

525 3601 630 3642 non
665 3598 975 3660 resurgunt,
1023 3605 1114 3643 nec
1141 3586 1372 3646 Christus
1415 3593 1691 3651 resurrexit
1738 3608 1756 3647 :
1799 3593 1884 3648 cui
1916 3603 2126 3664 poterat

526 3678 712 3736 referri
737 3723 753 3749 ,
776 3680 882 3738 Sed
906 3680 1153 3742 Christus
1177 3723 1192 3753 ,
1223 3684 1479 3771 quoniam
1502 3684 1573 3744 de
1606 3684 1806 3761 virgine
1827 3695 1985 3744 natus
2015 3696 2119 3754 est.

526 3775 870 3846 peculiariter
912 3777 1206 3834 resurrexit
1247 3794 1264 3846 ;
1317 3778 1560 3844 homines
1597 3789 1812 3846 autem,
1855 3781 1979 3852 quia
2013 3781 2123 3842 nati

526 3875 653 3922 sunt
694 3868 760 3924 de
788 3869 1170 3926 commixtione
1196 3871 1491 3939 diabolica,
1529 3888 1638 3930 non
1681 3883 1985 3945 resurgunt.
2024 3874 2126 3930 Ve.-

524 3971 645 4015 rum
664 3959 755 4017 ille
779 3961 1022 4033 protinus
1049 3961 1302 4032 referret,
1327 3963 1394 4020 Et
1418 3980 1538 4040 quae
1565 3965 1666 4026 fuit
1691 3967 2005 4038 rcsurgendi
2031 3983 2124 4030 Ita,-

526 4051 700 4122 nitas,
741 4052 786 4108 si
823 4069 923 4109 nec
960 4057 1074 4126 spci
1101 4065 1297 4114 nostra:
1327 4071 1427 4112 nec
1452 4058 1758 4130 magisterio
1788 4058 2072 4130 parabatur
2098 4061 2122 4115 ?

527 4142 658 4211 Quae
702 4145 845 4204 enim
875 4157 1019 4203 esset
1047 4139 1183 4203 ratiii
1213 4148 1469 4217 docendi,
1515 4165 1636 4222 quae
1667 4151 1900 4224 gravitas
1939 4167 2124 4210 exem-

527 4237 602 4308 pli
621 4279 638 4318 ,
679 4238 725 4293 si
753 4248 938 4294 natura
976 4239 1030 4295 in
1057 4239 1212 4296 nobis
1237 4240 1546 4309 dissimilis,
1577 4255 1632 4299 et
1655 4258 1752 4314 spe
1787 4259 2124 4315 conregnan-

527 4333 622 4402 di,
657 4342 712 4390 et
747 4333 800 4390 vi
839 4344 1048 4395 careret
1074 4335 1366 4394 imitandi?
1401 4336 1591 4394 Procul
1628 4337 1822 4412 igitur,
1874 4346 1929 4394 et
1960 4338 2122 4400 nimis

525 4426 710 4497 procul
749 4425 881 4494 ﬁdes
911 4427 1155 4506 Apostoli
1183 4428 1254 4486 ab
1298 4428 1399 4486 hac
1435 4429 1688 4500 opinione
1715 4429 1979 4488 consistit.
2012 4430 2122 4486 Eo-

529 4519 650 4575 dem
679 4519 866 4592 plenus
895 4521 1103 4592 spiritu,
1141 4536 1250 4594 quo
1275 4522 1436 4580 etiam
1465 4523 1656 4600 Petrus
1675 4565 1694 4593 ,
1722 4523 1824 4581 scit
1851 4521 2122 4590 Christum

529 4626 629 4694 pro
658 4600 812 4672 nobis
843 4613 914 4669 ob
954 4612 1058 4669 hoc
1087 4622 1392 4682 mortuum,
1429 4625 1487 4674 ut
1517 4616 1672 4674 nobis
1695 4617 1922 4679 donaret
1948 4633 2124 4680 exeat.

527 4703 673 4772 plum
697 4744 713 4770 ,
755 4714 813 4758 ut
858 4719 1205 4784 sequeremur
1238 4706 1460 4779 vestigia
1487 4708 1603 4780 ejus
1627 4707 1686 4785 (1
1715 4708 1858 4772 Patr,
1885 4725 1923 4766 II
1941 4751 1958 4778 ,
1985 4708 2120 4784 21).

529 4792 598 4848 Ει
625 4794 748 4866 quia
789 4810 1006 4854 causam
1043 4799 1175 4855 tanti
1207 4801 1489 4873 mysterii,
1528 4802 1848 4869 sacrificium
1891 4804 2041 4861 novit
2069 4813 2125 4870 et

526 4884 833 4964 exemplum
872 4885 1069 4958 fuisse,
1115 4893 1464 4960 pronuntiare
1497 4909 1602 4949 non
1640 4895 1877 4964 dubitat,
1905 4895 2012 4950 imo
2042 4897 2123 4952 di-

528 4975 757 5046 ligenter
785 4977 1045 5044 inculcat,
1077 4981 1200 5052 quia
1227 4999 1334 5038 non
1369 4985 1660 5040 accesserit
1695 4986 1855 5041 homo
1877 4983 2120 5045 Christus

525 5068 729 5139 aliquo,
765 5085 793 5123 a
819 5085 925 5142 quo
953 5073 1231 5150 quisquam
1263 5086 1507 5134 nostrum
1535 5086 1737 5138 naturae
1775 5094 1890 5135 sua:
1927 5080 2124 5152 prmju—

527 5159 684 5236 diciis
709 5172 971 5217 arceatur.
1001 5163 1081 5230 Si,
1114 5166 1322 5238 inquit,
1346 5171 1644 5232 resurrectio
1665 5188 1765 5227 non
1796 5181 1866 5226 est
1896 5181 2124 5228 mortuo-

532 5269 675 5322 rum,
721 5270 880 5325 neque
916 5252 1148 5312 Christus
1188 5261 1477 5316 resurrexit.
1521 5260 1585 5316 Si
1608 5271 1776 5316 autem
1803 5262 2036 5324 Christus
2061 5279 2124 5320 ea:

529 5343 741 5399 mortuis
783 5347 1092 5415 resurrexit,
1143 5351 1392 5419 quomodo
1439 5352 1611 5408 dicunt
1657 5352 1860 5424 quidam
1905 5355 1958 5410 in
1987 5356 2124 5418 vobis

527 5427 648 5499 quid
675 5448 972 5492 resurrectio
1000 5451 1312 5495 mortuorum
1343 5460 1444 5496 non
1476 5455 1550 5498 est
1580 5445 1604 5498 ἴ)
1633 5444 1687 5500 Id
1716 5457 1799 5502 cst
1823 5487 1840 5513 ,
1877 5447 1922 5508 si
1951 5447 2123 5502 conii-

527 5531 710 5584 temiui
738 5531 976 5600 ejusdem
1006 5531 1149 5588 illum
1177 5534 1468 5590 secundum
1497 5536 1791 5607 hominem,
1820 5541 1970 5612 .cujus
2000 5555 2121 5609 nos,

525 5619 692 5677 fuisse
721 5633 923 5680 naturae
947 5667 963 5694 ,
991 5627 1091 5699 qua
1137 5629 1340 5683 ratione
1369 5631 1451 5688 vel
1496 5631 1548 5685 in
1589 5633 1679 5687 illo
1710 5613 1899 5688 faetam
1942 5650 2122 5689 resur-

526 5715 843 5783 rectionem,
873 5719 955 5774 vel
983 5721 1032 5773 in
1068 5720 1287 5792 reliquis
1312 5723 1682 5781 non‘futuram
1717 5728 1948 5802 putatis?
1973 5728 2122 5790 Praee

527 5806 706 5864 missis
749 5809 1140 5870 conditionibus
1159 5855 1175 5882 ,
1220 5814 1406 5884 implet
1431 5831 1499 5871 ex
1540 5820 1686 5876 omni
1718 5831 1868 5889 parte
1905 5834 2122 5877 senten-

524 5897 655 5956 tiam
683 5917 697 5956 :
728 5901 883 5959 Nunc
900 5914 1091 6006 autem,
1120 5906 1316 5982 inquit,
1344 5907 1575 5980 Christus
1600 5915 1874 5978 resurrexit
1899 5932 1963 5975 ea:
1981 5933 2148 5996 mor-V

1233 410 1480 468 OPERIS
1519 405 1928 466 IMPERFECTI
1965 402 2240 497 CONTRA
2279 400 2640 470 JULIANUM,
2680 405 2735 462 S.
2783 404 3146 463 AUGUSTINI

2261 521 2360 577 tuis
2385 539 2405 589 ;
2439 522 2542 578 erit
2567 537 2694 594 ergo
2722 525 3044 582 resurrectio
3072 532 3422 588 mortuorum.

2327 615 2463 673 Anc.
2502 615 2969 680 Resurrectionem
3011 628 3345 674 mortuorum
3372 633 3478 674 non
3499 632 3625 676 esse
3653 629 3824 688 putat:

2258 709 2394 766 tibus
2416 751 2432 778 ,
2473 720 2528 774 et
2554 720 2732 772 tamen
2761 712 3027 770 Christum
3067 713 3430 776 resurresisse
3466 712 3844 780 credentibus,

2253 814 2536 874 proptema
2572 807 2766 862 dicitur
2791 848 2804 872 ,
2837 805 2900 871 Si
2927 807 3226 870 resurrectio
3257 816 3573 862 mortuorum
3599 822 3701 860 nou
3723 816 3800 860 est
3823 845 3842 873 ,

2251 913 2410 968 neque
2439 897 2665 956 Christus
2703 899 2976 964 resurrexit
3000 915 3021 970 ,°
3053 899 3180 967 quia
3203 896 3450 956 Christus
3499 896 3619 954 ideo
3647 912 3846 954 resin

2253 987 2408 1056 rexit,
2427 998 2484 1050 ut
2509 990 2914 1050 resurrectionis
2938 990 2955 1022 ί
2980 999 3308 1054 mortuorum
3329 989 3619 1048 aediﬁcaret
3643 988 3806 1045 [idem
3823 1029 3842 1056 ,

2251 1063 2305 1144 in
2335 1096 2496 1142 carne
2520 1094 2914 1148 resurrecturus
2930 1081 3176 1146 homines
3197 1081 3487 1140 ostendens
3509 1123 3525 1148 ,
3559 1081 3698 1138 sicut
3725 1081 3846 1150 ipse

2251 1171 2411 1234 homo
2441 1174 2617 1238 factus
2663 1177 2952 1238 resurrexit
2981 1175 3035 1238 in
3058 1190 3240 1236 carne.
3275 1174 3354 1230 Ae
3388 1189 3483 1244 per
3511 1173 3614 1228 hoc
3641 1187 3844 1230 cense:

2250 1281 2418 1338 quens
2454 1276 2605 1336 erat,
2649 1277 2709 1326 ut
2737 1276 2994 1338 negarent,
3015 1267 3380 1328 resurrexissc
3406 1266 3678 1323 Christum
3702 1309 3718 1332 ,
3749 1266 3844 1336 qui

2249 1360 2697 1422 [eaurrectiouem
2715 1379 2823 1426 non
2847 1361 3132 1422 crederent
3151 1377 3276 1422 esse
3301 1372 3654 1419 mortuorum.
3684 1359 3845 1417 Unde

2247 1451 2367 1532 quia
2395 1453 2518 1518 isti,
2546 1468 2669 1510 cum
2685 1455 2878 1524 quibus
2900 1454 3159 1523 agebatur
3177 1495 3192 1520 ,
3223 1453 3356 1513 illud
3379 1469 3574 1531 negare
3601 1468 3708 1509 non
3739 1467 3844 1521 μορ

2247 1553 2464 1612 terant;
2499 1546 2599 1604 hoc
2639 1563 2854 1617 quoque
2881 1547 3146 1608 debebant
3187 1547 3370 1602 ablata
3398 1547 3626 1616 caligine
3664 1544 3844 1601 contio

2248 1640 2365 1694 teri.
2386 1639 2514 1694 Nam
2535 1639 2580 1694 si
2599 1649 2817 1712 propter
2835 1641 3064 1710 aliquant
3081 1639 3273 1699 Christi
3291 1639 3668 1704 diﬂereutiam,
3690 1647 3846 1694 recte

2245 1731 2346 1788 sibi
2372 1731 2616 1787 homines
2637 1732 2882 1798 videnlur
2897 1734 3348 1797 resurrectionem
3371 1748 3568 1802 negare
3593 1739 3846 1788 mortuo-

2245 1841 2394 1893 rum,
2425 1835 2479 1882 et
2518 1835 2695 1882 tamen
2725 1827 3169 1890 resurrectionem
3213 1825 3427 1887 Domini
3452 1839 3556 1879 non
3575 1839 3790 1894 negare
3822 1839 3840 1889 ;

2244 1927 2466 1988 possunt
2491 1928 2544 1975 et
2569 1919 2672 1978 alia
2711 1920 2889 1976 dicere
2911 1961 2928 1985 ,
2956 1935 3076 1990 qua)
3113 1919 3280 1992 multa
3306 1917 3612 1987 reperiunt.
3635 1915 3846 1986 quibus

2243 2025 2479 2072 errorem
2506 2026 2658 2072 suum
2680 2011 2966 2073 defendere
2984 2011 3088 2072 sibi
3109 2011 3408 2072 vidcantur.
3431 2008 3570 2079 Quid
3591 2009 3636 2063 si
3663 2009 3838 2075 enim,

2241 2116 2360 2163 cum
2390 2102 2660 2166 audierint
2683 2145 2696 2165 ,
2728 2102 2789 2166 Si
2814 2103 3000 2160 mortui
3020 2120 3124 2164 non
3145 2111 3418 2172 resurgant
3434 2143 3451 2168 ,
3478 2117 3636 2171 neque
3663 2117 3841 2154 resur-

2238 2196 2367 2257 rexit
2407 2196 2676 2262 Christus;
2715 2196 3072 2266 respondeant
3100 2206 3156 2251 et
3201 2195 3418 2256 dicant.
3449 2193 3554 2250 Sed
3589 2191 3684 2249 ille
3723 2208 3839 2250 non

2241 2296 2443 2350 tantum
2473 2287 2664 2356 homo,
2706 2303 2893 2346 verum
2927 2289 3087 2351 etiam
3118 2287 3259 2348 Deus
3287 2295 3405 2352 est;
3433 2284 3573 2356 quod
3597 2285 3840 2340 aliorum

2238 2380 2518 2440 hominum
2558 2382 2763 2440 nemo?
2800 2381 2892 2438 Ille
2929 2379 3228 2441 secundum
3257 2380 3429 2450 ipsum
3464 2377 3739 2436 hominem
3766 2378 3840 2433 de

2236 2470 2435 2543 Spiritu
2462 2483 2647 2530 sancto
2672 2483 2828 2534 natus
2851 2483 2906 2532 et
2927 2476 2946 2506 ¹¹
2973 2490 3039 2530 es
3064 2473 3266 2544 virgine
3296 2473 3457 2532 Maria
3487 2487 3502 2537 ;
3525 2471 3670 2541 quod
3691 2471 3840 2526 aiio-

2235 2582 2354 2626 rum
2379 2566 2654 2624 hominum
2686 2582 2845 2622 nemo
2869 2567 2958 2623 ille
2983 2584 2996 2620 :
3014 2576 3334 2638 potestatem
3370 2566 3556 2622 habuit
3593 2565 3836 2636 ponendi

2235 2659 2467 2718 animam
2492 2675 2662 2728 suam,
2685 2669 2740 2714 et
2759 2660 2951 2715 iterum
2979 2660 3224 2719 sumendi
3251 2675 3368 2714 eam
3397 2656 3577 2730 (Joan.
3609 2674 3665 2724 κ,
3695 2658 3833 2728 18);

2233 2750 2376 2820 quod
2401 2751 2624 2810 aliorum
2651 2750 2926 2808 hominum
2955 2766 3113 2808 nemo
3145 2768 3159 2806 :
3193 2751 3316 2821 quid
3347 2765 3474 2821 ergo
3511 2749 3704 2806 mirum
3733 2791 3752 2814 ,
3785 2749 3837 2804 si

2231 2857 2263 2894 a
2293 2842 2517 2896 mortuis
2565 2856 2847 2912 resurgere
2871 2843 3045 2912 potuit
3075 2859 3090 2907 ;
3121 2841 3265 2913 quod
3294 2842 3522 2898 aliorum
3543 2841 3835 2897 hominum

2233 2935 2429 3004 poterit
2479 2936 2689 2992 nemo?
2732 2935 2787 2990 Si
2819 2951 2946 3006 ergo
2988 2936 3086 2992 ista
3125 2936 3308 2994 dicant
3331 2977 3348 3001 ,
3382 2936 3506 3006 quia
3554 2935 3835 2990 Christum

2231 3026 2405 3082 solum
2432 3029 2788 3084 resurrexisse
2816 3028 3145 3095 concedunt,
3176 3027 3605 3086 caeterosmiunt
3631 3044 3646 3091 ;
3669 3043 3839 3081 num-

2230 3119 2356 3191 quid
2385 3120 2506 3176 ideo
2534 3120 2655 3176 illas
2677 3121 2877 3178 Christi
2909 3131 3014 3178 tam
3044 3136 3264 3192 magnas
3287 3137 3318 3176 a
3343 3120 3553 3178 caeteris
3572 3118 3837 3174 diﬁ‘eren-

2233 3213 2334 3268 tias
2361 3214 2603 3284 negaturi
2642 3229 2830 3272 sumus
2855 3257 2871 3282 ,
2900 3223 2958 3270 ut
2981 3215 3210 3276 aliorum
3247 3229 3459 3286 quoque
3485 3221 3835 3270 mortuorum

2231 3310 2680 3364 resurrectionem
2722 3308 2790 3364 de
2827 3309 3022 3370 Christi
3047 3324 3168 3364 cum
3197 3309 3277 3365 eis
3301 3308 3605 3379 aequalitate
3637 3307 3658 3338 ³
3697 3323 3835 3378 per-

2229 3402 2456 3459 suadere
2499 3404 2764 3474 possimus
2789 3403 2812 3458 ?
2837 3403 2927 3458 Sic
2955 3418 3083 3473 ergo
3127 3419 3228 3460 nec
3265 3403 3421 3462 istam
3468 3401 3836 3457 ditl‘erentiam

2227 3494 2556 3566 denegantes
2575 3537 2590 3562 ,
2620 3512 2722 3565 qua
2751 3495 2980 3556 fatemur
3001 3497 3170 3552 solam
3197 3510 3415 3551 carnem
3441 3494 3644 3550 Christi
3669 3537 3682 3556 ,
3711 3508 3832 3550 non

2229 3596 2289 3643 ut
2311 3589 2537 3647 aliorum
2573 3587 2735 3644 fuisse
2771 3602 2990 3650 carnem
3022 3589 3222 3658 peccati
3248 3629 3265 3654 ,
3294 3587 3388 3643 sed
3416 3586 3593 3641 carnis
3617 3585 3836 3655 peccati

2228 3680 2628 3737 similitudinem
2661 3697 2676 3748 ;
2706 3697 2812 3738 non
2847 3681 2970 3738 ideo
3007 3690 3187 3736 tamen
3226 3681 3396 3736 solam
3427 3678 3832 3745 resurrexisse,

2228 3773 2323 3842 sed
2353 3774 2577 3828 aliorum
2607 3791 2818 3845 quoque
2843 3783 3265 3832 resurrecturum
3290 3789 3408 3830 esse
3442 3772 3790 3828 defendimus
3811 3812 3833 3839 ,

2228 3877 2283 3922 et
2308 3866 2387 3922 sic
2413 3865 2750 3926 defendimus
2773 3908 2788 3932 ,
2817 3877 2875 3930 ut
2900 3867 3139 3925 dicamus
3167 3867 3310 3938 quod
3339 3867 3626 3937 Apostolus
3650 3865 3796 3920 dixit
3813 3907 3833 3933 ,

2229 3958 2292 4015 Si
2325 3961 2513 4020 mortui
2555 3978 2656 4014 non
2693 3972 2994 4032 resurgunt,
3025 3979 3185 4032 neque
3219 3961 3452 4015 Christus
3499 3960 3784 4015 resurrexit
3811 3974 3837 4014 :

2229 4054 2532 4110 resurrexit
2558 4064 2736 4113 autem
2766 4055 3006 4110 Christus
3037 4072 3052 4120 ;
3081 4064 3365 4125 resurgunt
3407 4053 3569 4125 igitur
3599 4052 3833 4108 mortui.

2228 4147 2414 4218 Neque
2458 4148 2602 4203 enim
2649 4149 2773 4219 quia
2799 4164 2906 4203 non
2937 4148 3122 4204 eadem
3154 4157 3280 4204 sunt
3308 4149 3361 4202 in
3406 4157 3634 4217 utraque
3660 4161 3837 4201 carne

2227 4242 2446 4312 originis
2481 4243 2698 4308 merita,
2745 4242 2865 4298 ideo
2895 4258 3000 4298 non
3029 4252 3113 4298 est
3151 4243 3338 4298 eadem
3371 4252 3583 4298 terrena
3617 4249 3836 4295 morta-

2228 4334 2400 4404 lisque
2446 4334 2758 4390 substantia.
2806 4335 2978 4391 Habet
3013 4335 3225 4406 quidem
3280 4334 3634 4390 dil‘crentiam
3667 4347 3836 4387 suam

2227 4427 2518 4482 similitudo
2533 4429 2712 4485 carnis
2733 4427 2954 4496 peccati,
2973 4443 3078 4498 qua
3105 4426 3428 4481 discernitur
3447 4443 3476 4480 a
3497 4439 3663 4480 carne
3693 4437 3834 4494 pec-

2227 4520 2333 4573 cati
2367 4537 2379 4573 :
2409 4519 2503 4575 sed
2541 4519 2680 4576 absit
2707 4527 2768 4574 ut
2801 4519 3041 4576 Christus
3066 4519 3142 4574 eis
3172 4535 3231 4574 se
3256 4519 3521 4589 disparem
3550 4518 3706 4572 faciat
3740 4532 3838 4572 re-

2228 4612 2494 4681 surgendo
2519 4654 2534 4679 ,
2585 4612 2776 4682 quibus
2825 4628 2883 4668 se
2922 4613 3087 4667 voluit
3127 4627 3341 4682 aequare
3371 4612 3672 4666 moriendo.
3705 4609 3833 4665 Non

2227 4704 2406 4776 itaque
2426 4715 2704 4776 propterea
2723 4704 2979 4760 debemus
2997 4704 3396 4766 simiiitudiuem
3418 4704 3595 4758 carnis
3621 4702 3836 4772 peccati

2229 4797 2377 4854 carni
2422 4812 2637 4867 requare
2675 4797 2912 4867 peccati,
2943 4805 3196 4867 quantum
3233 4798 3421 4850 attinet
3457 4793 3524 4850 ad
3571 4793 3842 4849 (Πίγρητι-

2230 4891 2358 4948 tiam
2385 4889 2682 4960 pertinendi
2719 4888 2785 4944 ad
2813 4898 3086 4959 peccatum
3115 4900 3171 4945 et
3202 4904 3305 4943 non
3333 4886 3631 4959 pertinendi
3656 4927 3672 4952 ,
3701 4888 3838 4956 quia

2215 4983 2401 5040 'noluit
2430 4982 2451 5018 ι
2475 4999 2595 5040 esse
2621 4984 2761 5038 inter
2800 4993 3080 5054 utramque
3106 4999 3322 5039 carnem
3348 4980 3704 5038 diﬂ'erentiam
3747 4997 3841 5036 re-

2229 5076 2481 5147 surgendi
2510 5085 2565 5132 et
2595 5092 2702 5131 non
2731 5077 3041 5147 resurgendi
3061 5118 3075 5141 ,
3105 5077 3193 5146 qui
3223 5077 3392 5130 noluit
3417 5089 3540 5130 (me
3568 5091 3676 5128 non
3708 5088 3838 5128 Ino-

2230 5168 2406 5224 riendi
2421 5179 2579 5239 atque
2595 5169 2876 5225 moriendi.
2904 5169 3134 5224 lmitatio
3154 5177 3331 5225 autem
3353 5185 3535 5240 quam,
3559 5168 3834 5233 suffulcis,

2232 5263 2320 5318 ubi
2351 5279 2456 5319 non
2483 5279 2618 5333 opus
2644 5271 2728 5319 est
2747 5305 2760 5327 ,
2787 5263 2913 5334 quid
2949 5263 3015 5318 ad
3047 5264 3201 5320 istam
3236 5278 3451 5318 causam
3487 5262 3626 5316 valet
3651 5262 3678 5313 ν
3704 5261 3841 5311 Imi-

2232 5357 2362 5413 tatio
2387 5359 2578 5427 quippe
2600 5359 2652 5412 in
2679 5358 2950 5413 voluntate
2967 5367 3053 5413 est
3084 5376 3097 5424 ;
3123 5357 3215 5412 sed
3245 5373 3366 5411 cum
3393 5358 3528 5411 bona
3549 5359 3663 5416 cst,
3692 5366 3839 5419 m-

2234 5461 2464 5521 puratur,
2497 5452 2635 5507 sicut
2655 5452 2909 5521 scriptum
2931 5460 3014 5506 est
3033 5493 3046 5514 ,
3079 5452 3306 5503 voluntas
3327 5459 3357 5496 α
3381 5442 3601 5498 Domino
3629 5442 3833 5514 (Prov.

2235 5556 2349 5608 vnI,
2377 5559 2477 5598 sea.
2511 5542 2708 5612 LXX).
2731 5542 2899 5597 Nemo
2919 5549 3050 5605 ergo
3081 5534 3337 5602 imitatur,
3369 5535 3472 5590 nisi
3505 5535 3632 5590 velit
3666 5553 3680 5590 :
3705 5549 3838 5589 nro-

2297 5677 2314 5708 ι
2338 5675 2475 5734 Editi,
2495 5674 2798 5726 resurrectio.
2820 5675 2979 5724 Codex
2999 5682 3265 5734 Portarum,
3284 5674 3665 5726 resurrectionis.

2297 5740 2318 5810 ξ
2343 5740 2799 5810 V_ignierius_,.uatus
2823 5751 2886 5787 ex
2905 5736 3106 5810 virgine.
3133 5745 3261 5798 Mss,
3285 5746 3424 5790 natus
3445 5746 3490 5789 et
3529 5751 3592 5788 ea:
3622 5737 3836 5805 virgine.

2297 5803 2317 5834 ³
2341 5803 2413 5850 sic
2438 5809 2541 5850 Mss.
2569 5803 2686 5850 Editi
2713 5813 2857 5864 vero,
2875 5803 3117 5864 mutate.

2297 5864 2461 5914 ‘Editi
2489 5898 2505 5927 ,
2557 5865 2674 5929 quia
2735 5863 2897 5917 voluit.
2934 5863 3261 5929 'Castigautur
3315 5876 3381 5916 ex
3433 5863 3606 5916 carice
3661 5869 3840 5920 m-
