3994 6476
172 404 312 462 1589

168 520 308 573 ritur
345 528 522 576 autem
551 520 713 579 homo
737 532 790 580 et
827 525 1086 596 resurgit,
1131 527 1258 585 velit
1283 529 1433 587 nolit.
1461 529 1662 588 Verum
1703 542 1758 591 et

168 611 284 682 ipsa
310 613 537 670 imitatio
561 629 664 669 non
687 629 902 688 semper
923 627 1052 675 tunc
1082 617 1144 676 ﬁt
1162 662 1178 688 ,
1209 623 1422 693 quando
1445 624 1632 680 eadem
1660 641 1760 681 na-

168 711 289 759 tura
332 714 415 761 est
460 707 735 775 imitandi,
759 725 882 779 qute
917 710 1176 768 imltautis
1207 704 1230 767 ’τ
1263 715 1495 785 alioquin
1527 718 1760 788 Angelo-

166 813 286 851 rmn
307 837 324 863 ,
347 814 574 868 quorum
600 800 811 856 diversa
843 811 1030 859 natura
1063 813 1147 860 est
1173 846 1187 871 ,
1223 806 1485 876 justitiam
1511 817 1564 863 et
1592 811 1762 880 pieta-

168 899 276 944 tem
328 907 433 946 non
473 905 756 962 possemus
784 895 981 951 imitari
1012 914 1029 962 ;
1059 898 1200 968 quod
1233 909 1410 955 tamen
1455 916 1552 956 nos
1580 917 1610 956 a
1653 902 1761 956 Do—

165 983 314 1038 mino
350 999 571 1054 poscere
600 987 652 1042 in
677 989 922 1046 oratione
943 1032 957 1056 ,
987 993 1371 1049 cumdicimus
1398 1037 1412 1062 ,
1446 993 1568 1050 Fiat
1591 997 1760 1050 volun-

165 1084 242 1129 tas
261 1086 356 1128 tua
377 1077 508 1131 sicut
529 1079 587 1132 in
601 1079 728 1134 σωιο
755 1088 801 1135 et
827 1082 882 1136 in
911 1084 1088 1155 terra(
1111 1084 1299 1140 Matth.
1327 1101 1404 1152 vr,
1437 1087 1504 1142 l0
1520 1085 1561 1160 ),
1593 1089 1756 1142 etiam

164 1169 280 1236 ipse
299 1171 582 1227 coniessus
598 1174 925 1247 es-(Supra,
952 1177 1038 1232 tib.
1063 1179 1121 1244 2,
1155 1195 1268 1250 cep.
1300 1179 1422 1253 52).
1451 1180 1560 1237 Nec
1587 1183 1756 1237 Deum

162 1262 382 1318 Patrem
421 1266 752 1324 imitaremur
775 1311 788 1335 ,
822 1271 973 1340 cujus
1000 1287 1028 1326 a
1057 1275 1206 1328 nobis
1235 1275 1392 1346 longe
1417 1275 1624 1330 diversa
1660 1293 1756 1330 na-

161 1364 280 1409 tura
309 1367 395 1412 est
425 1377 438 1413 :
478 1369 655 1417 tanton
685 1363 940 1418 Dominus
963 1366 1035 1420 ait
1060 1409 1074 1432 ,
1107 1367 1278 1422 Estote
1309 1370 1436 1423 sicut
1486 1368 1642 1425 Pater
1669 1383 1756 1423 ue-

159 1456 263 1499 ster
283 1451 371 1518 qui
396 1451 448 1504 in
465 1451 604 1508 saetis
627 1465 700 1508 est
722 1457 739 1524 (
761 1454 952 1512 Matth.
972 1473 1028 1525 v,
1051 1458 1158 1530 48)
1181 1477 1196 1526 ;
1235 1469 1291 1516 et
1318 1476 1416 1530 per
1439 1462 1754 1533 prophetam

157 1537 377 1603 dicitur.
403 1541 582 1598 Sancti
604 1555 759 1600 estote
780 1589 792 1612 ,
821 1549 946 1615 quia
973 1566 1062 1621 ego
1095 1562 1298 1605 sanctus
1320 1569 1429 1607 sum
1453 1552 1471 1622 (
1493 1552 1647 1608 Leuit.
1675 1570 1752 1621 χι,

156 1630 286 1703 44).
317 1633 437 1689 Non
467 1652 593 1706 ergo
619 1639 740 1694 ideo
764 1639 1032 1698 Christum
1069 1658 1176 1698 non
1207 1659 1489 1714 possumus
1516 1645 1709 1700 imitari
1735 1688 1749 1711 ,

155 1726 278 1792 quis
304 1728 399 1783 itte
419 1729 475 1784 in
510 1732 855 1788 similitudine
883 1737 1061 1791 carnis
1087 1739 1286 1806 peccati
1315 1739 1367 1793 in
1404 1738 1510 1794 hoc
1547 1739 1748 1795 smculo

156 1816 288 1882 fuit,
323 1835 424 1875 nos
448 1831 623 1878 autem
645 1824 699 1879 in
727 1839 890 1883 carne
917 1829 1143 1897 peccati.

225 1909 448 1967 XXXV.
488 1914 610 1970 ιιυι.
657 1917 760 1972 tias
804 1920 950 1975 vires
983 1935 1298 1977 exseramus
1343 1923 1395 1979 in
1436 1923 1706 1981 traducem
1733 1968 1748 1994 ,

153 2002 502 2077 diuinusque
533 2027 547 2063 :
573 2009 630 2066 Si
652 2010 930 2080 Christus,
971 2016 1064 2084 qui
1095 2016 1258 2072 homo
1284 2016 1458 2073 factus
1497 2027 1612 2087 est,
1641 2037 1750 2077 non

153 2093 340 2150 habuit
371 2100 612 2156 naturale
653 2114 928 2172 peccatum
959 2122 978 2171 ;
1010 2109 1279 2178 quomodo
1303 2110 1492 2167 dicunt
1529 2112 1744 2182 quidam

151 2185 204 2240 in
244 2188 404 2244 vobis
435 2192 562 2261 quia
602 2194 820 2266 imagini
864 2197 962 2254 Dei
1007 2201 1242 2269 pravitas
1267 2201 1574 2258 dominetur
1601 2205 1751 2275 inge-

149 2277 260 2332 nita
283 2279 306 2331 ?
333 2279 392 2336 Si
413 2287 590 2338 autem
609 2284 664 2340 in
695 2295 882 2342 natura
907 2291 1107 2345 malum
1134 2300 1216 2347 est
1243 2308 1258 2358 ;
1283 2301 1342 2348 et
1361 2294 1626 2363 Christus,
1655 2298 1747 2367 qui

149 2367 200 2422 in
243 2369 439 2427 eadem
481 2385 665 2430 natura
703 2378 1158 2448 deprehenditur,
1209 2385 1308 2440 sub
1345 2402 1508 2456 regno
1546 2387 1745 2445 diaboli

148 2470 230 2514 est
254 2464 602 2521 constitutis.
630 2467 686 2525 Si
717 2478 894 2526 autem
925 2472 1017 2530 ille
1041 2475 1276 2532 creditur
1300 2493 1444 2544 reus,
1469 2479 1640 2535 inanis
1662 2491 1746 2538 est

143 2828 290 2884 mine
321 2831 490 2888 David
528 2837 822 2894 secundum
849 2855 1067 2898 carnem
1094 2883 1108 2908 ,
1142 2843 1430 2900 innocuum
1469 2857 1742 2904 sanctum-

141 2937 244 2992 que
261 2924 596 2997 formaverit,
616 2931 662 2985 si
683 2947 806 2987 eum
843 2935 1111 2992 maledicti
1134 2939 1354 2994 seminis
1371 2942 1572 2996 crimen
1599 2943 1738 2998 infe-

141 3015 231 3071 cit.
253 3017 484 3076 Prorsus
501 3024 625 3078 siin
654 3025 743 3080 tali
763 3025 978 3084 Christo
997 3043 1294 3099 speramus,
1320 3033 1734 3091 miserabiliores

140 3125 328 3169 sumus
355 3117 604 3174 omnibus
631 3118 953 3176 hominibus.
978 3121 1129 3177 Nunc
1153 3133 1330 3180 autem
1355 3124 1603 3184 Christus
1630 3141 1734 3184 non

139 3207 320 3262 minus
360 3224 519 3266 verus
559 3213 760 3279 homo,
809 3229 966 3285 quam
1016 3231 1176 3272 verus
1220 3218 1414 3286 Deus,
1451 3219 1520 3275 de
1562 3220 1732 3276 Adam

139 3300 307 3371 stirpe
333 3313 661 3372 generatus,
695 3306 864 3363 factus
908 3325 975 3363 ex
1014 3311 1272 3381 muliere,
1317 3313 1594 3384 factusque
1631 3317 1733 3372 sub

138 3391 288 3463 lege,
320 3395 530 3454 nullum
557 3398 714 3466 fecit,
746 3410 802 3457 et
829 3401 949 3458 ideo
987 3405 1190 3460 nullum
1218 3405 1400 3462 habuit
1430 3418 1729 3479 peccatum.

138 3485 378 3555 Apparet
415 3490 580 3560 igitur
618 3493 823 3549 crimen
867 3494 1159 3551 voluntatis
1199 3512 1357 3567 esse,
1409 3513 1514 3555 non
1566 3503 1730 3556 semio

203 3673 349 3729 Anc.
390 3673 468 3729 El
495 3673 598 3732 hoe
616 3685 771 3733 certe
801 3681 954 3749 quasi
985 3680 1290 3739 fundamine
1315 3691 1419 3739 tota
1446 3686 1732 3743 ratiocina-

133 3763 298 3819 tionis
323 3776 430 3822 tute
447 3777 715 3825 struem
727 3773 1031 3843 consurgit,
1053 3775 1194 3845 quod
1221 3776 1451 3847 prinmm
1477 3781 1722 3848 posuisti,

133 3854 320 3914 dicens
351 3875 369 3913 :
397 3858 466 3916 Si
489 3858 724 3918 Christus
743 3903 759 3930 ,
785 3863 876 3936 qui
911 3866 1062 3919 Immo
1089 3869 1252 3938 {actus
1289 3878 1395 3936 est,
1430 3885 1530 3924 non
1557 3871 1731 3926 habuit

131 3951 377 4006 mnia
412 3963 728 4022 percutiunt;
752 3957 1006 4026 quorum
1049 3959 1226 4014 dicunt
1260 3961 1466 4032 quidm):
1495 3964 1547 4017 in
1592 3966 1729 4021 vobis

131 4045 251 4114 quia
293 4045 507 4118 imagini
533 4046 629 4102 Dei
661 4051 884 4114 pravitas
905 4051 1196 4107 dominetur
1218 4055 1439 4125 ingenita
1465 4058 1490 4111 ἔ)
1522 4058 1728 4130 istaque

131 4138 499 4207 propositione
537 4141 792 4196 convulsa
841 4151 897 4197 et
941 4142 1133 4200 effossa
1158 4185 1173 4209 ,
1227 4146 1480 4217 quidquid
1533 4149 1728 4206 deinde

132 4236 384 4299 tanquam
401 4232 736 4303 subsequens
762 4233 1033 4302 addidisti,
1053 4235 1304 4292 facillima
1335 4239 1453 4294 labe
1468 4241 1728 4297 subverti-

130 4327 236 4380 tur.
264 4321 386 4377 Non
404 4323 547 4378 enim
557 4326 801 4395 sequ
813 4336 874 4382 ut
901 4328 946 4382 si
967 4328 1228 4398 (ﬁrmus,
1249 4331 1341 4402 qui
1369 4331 1531 4389 homo
1560 4336 1727 4393 tactus

128 4423 230 4479 est,
264 4429 372 4470 non
396 4415 582 4472 habuit
607 4419 868 4486 naturale,
893 4419 997 4476 hoe
1015 4431 1119 4488 est,
1141 4423 1404 4494 originale
1425 4437 1722 4496 peccatum,

127 4505 272 4559 nulla
301 4506 520 4578 imagini
546 4508 642 4564 Dei
667 4511 900 4580 pravitas
937 4512 1242 4569 dominetur
1277 4517 1512 4586 ingenita
1547 4536 1559 4572 :
1588 4534 1724 4591 quo-

128 4598 276 4653 niam
301 4614 408 4655 non
437 4603 678 4673 sequitur
705 4613 762 4659 ut
783 4606 828 4659 si
851 4606 988 4662 nihil
1015 4605 1202 4663 habuit
1227 4611 1504 4678 pravitatis
1535 4614 1724 4669 simili-

125 4692 258 4748 tudo
295 4695 478 4749 carnis
523 4699 761 4766 peccati,
813 4699 948 4754 nihii
979 4699 1170 4756 habeat
1210 4703 1488 4772 pravitatis
1523 4707 1611 4761 cui
1637 4716 1721 4763 est

123 4784 228 4841 ista
271 4788 464 4843 similis
486 4830 502 4856 ,
531 4789 584 4845 id
621 4801 708 4846 est
730 4834 745 4859 ,
785 4806 912 4848 eam
939 4793 1051 4863 ipsa
1080 4797 1278 4864 peccati
1313 4813 1328 4862 ;
1376 4797 1486 4851 imo
1513 4813 1640 4854 vero
1668 4800 1720 4856 id

122 4879 390 4950 sequitur,
417 4888 477 4934 ut
498 4881 544 4936 si
569 4891 653 4937 est
677 4884 972 4946 similitudo
999 4888 1179 4942 carnis
1205 4889 1429 4956 peccati,
1459 4889 1526 4945 sit
1556 4893 1718 4948 etiam

119 4986 250 5026 caro
287 4974 512 5042 peccati.
540 4974 674 5042 Quia
697 4990 858 5032 omne
885 4977 1064 5033 simile
1083 5021 1096 5044 ,
1124 4981 1283 5035 alicui
1317 4983 1494 5039 simile
1532 4988 1600 5038 sit
1625 4999 1720 5040 ne-

117 5079 276 5122 cesse
311 5075 395 5120 est
425 5083 442 5119 :
467 5075 522 5122 et
545 5067 592 5122 si
617 5069 765 5122 solus
804 5068 989 5126 habuit
1016 5070 1262 5128 Christus
1287 5075 1471 5130 veram
1501 5076 1716 5146 quidem

48 5199 58 5220 ,
114 5170 364 5222 caro,
393 5158 532 5213 sicut
553 5161 744 5215 ceteri
765 5159 1032 5228 homines,
1064 5164 1158 5218 sed
1184 5174 1366 5221 uinea
1397 5169 1574 5223 carnis
1601 5183 1718 5239 pec-

51 5231 58 5251 ’
111 5251 222 5305 cati
247 5266 356 5306 non
377 5253 776 5322 proprietatem,
801 5255 898 5309 sed
923 5256 1326 5312 similitudinem
1357 5277 1373 5325 ;
1403 5275 1509 5316 non
1537 5265 1733 5319 solum.

47 5347 60 5422 ξ
111 5358 341 5400 necesse
359 5354 446 5400 est
469 5355 530 5402 ut
550 5347 622 5402 sit
642 5349 745 5402 alia
771 5349 860 5403 cui
886 5349 1003 5412 huc
1021 5349 1215 5406 similis
1241 5353 1310 5407 sit
1331 5369 1461 5410 caro
1483 5359 1709 5427 peccati,

984 5403 996 5412 ν
1056 5403 1067 5404 ί
1096 5403 1210 5406 Vri—vv
1246 5403 1308 5407 τα
1338 5403 1456 5410 -ν--ν
1487 5403 1709 5427 γννν-’νη

43 5403 57 5440 θ
108 5437 210 5498 sed
255 5437 500 5492 omnium
535 5448 854 5502 emtorem
885 5442 1163 5498 hominum
1192 5459 1297 5500 non
1342 5449 1413 5502 sit
1446 5450 1548 5504 nisi
1585 5466 1712 5508 caro

105 5531 341 5601 peccati.
381 5528 716 5600 Quapropter
741 5533 844 5585 etsi
880 5534 1076 5589 malum
1098 5545 1183 5590 est
1207 5537 1260 5591 in
1289 5553 1452 5595 carne
1481 5546 1708 5613 peccati,

104 5637 220 5678 non
264 5631 350 5677 est
395 5632 569 5680 tamen
601 5623 654 5678 in
695 5623 929 5692 Christo,
963 5627 1051 5696 qui
1092 5629 1240 5685 venit
1272 5633 1323 5686 in
1367 5649 1528 5691 carne
1554 5652 1701 5706 vera,

103 5730 219 5772 non
254 5724 430 5770 tamen
463 5713 517 5770 in
544 5730 706 5772 carne
733 5718 970 5787 peccati,
1003 5719 1096 5774 sed
1128 5721 1180 5775 in
1213 5722 1560 5798 similitudine
1588 5744 1706 5787 car-

100 5807 195 5866 nis
220 5806 450 5879 peccati,
478 5822 696 5864 carnem
722 5823 912 5866 sanare
938 5812 1158 5881 peccati.
1190 5813 1306 5870 Non
1332 5832 1459 5888 ergo
1487 5819 1576 5876 ille
1597 5837 1710 5879 cre-

99 5900 254 5966 ditur
273 5916 425 5967 reus.
444 5901 544 5964 θαι
561 5903 630 5961 ab
656 5904 748 5962 illo
773 5914 956 5990 noster
981 5907 1206 5964 solvitur
1233 5920 1430 5980 reatus,
1461 5924 1516 5971 et
1542 5917 1704 5992 origig

1535 413 1737 473 LIBER
1772 419 2058 509 ssxrus.

3328 457 3461 513 1590

1878 541 2040 606 nalis,
2085 549 2138 595 ct
2165 540 2396 600 additus.
2430 545 2584 603 Unde
2611 564 2708 606 nec
2736 551 2909 612 inanis
2946 570 3025 620 est
3051 565 3294 638 Apostoli
3325 541 3461 642 prie
3503 545 3508 554 ἢ

1870 631 2094 702 dicatio,
2121 636 2211 706 qui
2241 649 2349 694 non
2377 641 2691 710 praedicaret
2714 647 2771 704 in
2811 649 3025 713 Christo
3053 631 3458 723 similitudinem

1867 913 1943 967 sis
1969 923 2166 970 vestra.
2193 916 2302 974 Nec
2339 919 2459 978 falsi
2487 934 2652 983 testes
2677 929 3020 991 inveniuntur
3062 941 3306 1012 Apostoli
3327 989 3341 1015 ,
3369 951 3459 1020 qui

1867 1010 2269 1070 similitudinem
2302 1020 2479 1075 carnis
2517 1026 2723 1092 peccati
2752 1027 3059 1090 discernunt
3086 1049 3114 1091 a
3143 1051 3303 1097 carne
3334 1057 3460 1113 pec-

1866 1104 1991 1172 cati,
2024 1106 2167 1179 quod
2195 1125 2300 1166 non
2329 1111 2452 1169 facit
2477 1116 2697 1176 haeresis
2723 1135 2899 1179 vestra
2931 1141 2945 1192 ;
2977 1136 3030 1183 et
3055 1127 3132 1186 sic
3157 1148 3219 1188 ex
3253 1135 3458 1194 semine

1869 1196 2032 1251 David
2073 1203 2438 1274 evangelizant
2467 1208 2768 1280 Christum,
2825 1225 2881 1271 ut
2927 1227 3109 1277 tamen
3153 1220 3457 1296 deSpiritu

1867 1301 2051 1343 sancto
2083 1301 2260 1348 natum
2289 1309 2533 1356 asserant
2559 1312 2611 1358 et
2637 1305 2840 1378 virgine
2868 1311 3052 1384 Maria,
3093 1331 3196 1372 non
3225 1317 3294 1375 de
3333 1337 3454 1377 car-

1865 1381 1948 1436 nis
1992 1387 2453 1460 concupiscentia,
2499 1403 2559 1450 ut
2588 1398 2987 1460 similitudinem
3036 1412 3212 1467 carnis
3252 1416 3455 1482 peccati

1865 1472 2104 1542 haberet,
2137 1493 2351 1536 carnem
2380 1500 2507 1542 vero
2530 1492 2731 1557 peccati
2753 1493 2951 1554 habere
2977 1515 3085 1556 non
3113 1513 3312 1572 posset.
3342 1507 3452 1564 Nec

1863 1567 2278 1634 miserabiliores
2322 1597 2506 1640 sumus
2549 1592 2795 1649 omnibus
2838 1593 3142 1656 hominibus
3192 1603 3288 1658 ista
3329 1622 3450 1662 cre-

1861 1657 2050 1716 dentes
2083 1681 2096 1730 ;
2129 1668 2222 1723 sed
2247 1686 2462 1730 carnem
2491 1677 2688 1736 Christi
2718 1701 2746 1738 a
2774 1693 2937 1742 'carne
2965 1694 3165 1761 peccati
3200 1711 3303 1749 non
3332 1713 3451 1754 esse

1859 1749 2142 1811 discretam
2169 1802 2182 1823 ,
2215 1776 2406 1834 magna
2442 1770 2653 1826 miseria
2685 1776 2970 1833 credimus.
3020 1781 3251 1841 Proinde
3289 1803 3447 1858 argu-

1859 1850 2240 1910 meulationem
2274 1866 2418 1915 tuam
2450 1855 2956 1928 vanaconclusionc
2985 1874 3327 1946 determinas,
3362 1881 3446 1936 di—

1857 1953 1984 1995 cens
2012 1957 2025 1995 :
2057 1944 2283 2016 Apparet
2309 1951 2480 2022 igitur,
2510 1958 2697 2014 crimen
2729 1964 3000 2022 voluntatis
3021 1985 3144 2036 esse,
3175 1989 3272 2026 non
3299 1976 3449 2050 senti-

1857 2033 1954 2086 m‘s.
2005 2034 2116 2091 lloc
2163 2043 2382 2099 omnino
2423 2047 2651 2106 inaniter
2678 2053 2897 2110 intulisti
2934 2077 2946 2112 :
2989 2061 3237 2130 quoniam
3283 2048 3444 2135 supe-

1854 2122 1994 2179 riora
2015 2169 2028 2191 ,
2056 2143 2120 2182 ex
2161 2133 2351 2200 quibus
2379 2152 2497 2193 eam
2523 2141 2819 2200 confectam
2847 2157 3000 2219 putas
3021 2193 3036 2218 ,
3065 2159 3443 2226 consequentia

1853 2229 1958 2269 non
1989 2233 2111 2276 csse
2135 2229 2431 2284 monstravi
2459 2247 2475 2296 ;
2521 2243 2568 2287 cl
2614 2237 2798 2304 procul
2824 2239 2984 2297 dubio
3005 2285 3018 2309 ,
3050 2245 3171 2315 quia
3200 2247 3250 2300 in
3284 2263 3440 2318 para-

1853 2306 1968 2362 diso
2011 2326 2130 2368 esse
2174 2329 2426 2388 possent,
2460 2324 2601 2379 nulla
2648 2344 2766 2384 esse
2809 2343 2929 2401 post
2972 2338 3272 2404 paradisum
3319 2342 3443 2398 vilia

1851 2403 2180 2460 nasccntium
2204 2449 2221 2472 ,
2267 2409 2368 2465 nisi
2404 2414 2542 2468 mala
2584 2418 2856 2478 voluntate
2887 2425 3186 2493 primorum
3215 2433 3438 2503 gignen-

1851 2491 1980 2546 tium
2012 2496 2326 2557 vitiarentur
2353 2513 2407 2560 et
2437 2508 2662 2565 semina.
2692 2512 2798 2569 Cur
2828 2532 2932 2572 non
2963 2535 3089 2592 ergo
3129 2524 3304 2593 potius
3345 2528 3439 2586 tibi

1849 2581 2042 2642 dicitur
2069 2587 2088 2660 (
2113 2600 2168 2646 ut
2192 2608 2293 2649 nos
2321 2601 2586 2662 veraciter
2609 2645 2622 2669 ,
2675 2621 2777 2675 qua
2819 2617 2872 2662 tu
2898 2581 3158 2669 fallaciter
3188 2632 3314 2673 usus
3339 2635 3398 2676 cs
3421 2663 3437 2690 ,

1848 2676 2035 2733 eadem
2090 2680 2259 2739 forma
2304 2691 2727 2751 ratiocinationis
2768 2703 3052 2773 utamur),
3092 2705 3149 2762 Si
3193 2706 3442 2768 Christus

1846 2766 2007 2827 homo
2028 2774 2077 2827 in
2101 2775 2441 2836 similitudine
2462 2788 2638 2842 carnis
2666 2793 2866 2860 peccati
2890 2795 2954 2850 ad
2978 2796 3221 2855 homines
3243 2802 3440 2876 missus

1844 2868 1926 2914 est
1947 2902 1963 2927 ,
1994 2867 2262 2934 quomodo
2303 2886 2407 2926 non
2439 2875 2652 2946 quidam
2698 2883 2750 2936 in
2793 2885 2976 2955 vobis,
3007 2889 3099 2945 sed
3126 2907 3313 2950 omnes
3345 2912 3438 2952 vos

1843 2951 2018 3010 dicitis
2042 2998 2056 3023 ,
2098 2959 2256 3016 aliam
2287 2965 2370 3019 cui
2414 2967 2484 3023 sit
2521 2970 2620 3026 ista
2654 2974 2878 3046 similis,
2923 2996 3136 3038 carnem
3181 3002 3285 3041 non
3317 3004 3436 3046 esse

1842 3050 2077 3116 peccati,
2111 3053 2153 3106 si
2185 3070 2288 3110 non
2317 3065 2399 3114 est
2423 3061 2525 3117 aiia
2554 3077 2680 3120 caro
2707 3067 2952 3137 peccati?
2978 3073 3033 3129 Si
3057 3075 3295 3133 Christus
3326 3096 3433 3136 non

1841 3136 2024 3196 habuit
2064 3144 2465 3207 similitudinem
2511 3158 2686 3212 carnis
2719 3164 2952 3230 peccati,
2988 3165 3157 3224 inanis
3188 3179 3268 3225 est
3294 3189 3432 3244 prae-

1839 3228 2034 3286 dicatio
2054 3235 2169 3303 ejus
2195 3239 2284 3307 qui
2314 3240 2416 3296 hoc
2440 3242 2593 3311 dixit,
2631 3228 2802 3305 inanis
2832 3262 2912 3308 cst
2939 3228 2991 3310 et
3019 3256 3147 3313 fides
3173 3228 3430 3322 Ecclesiae

1837 3322 2111 3380 catholica:
2133 3343 2250 3397 quae
2271 3331 2372 3387 hoc
2398 3336 2622 3392 credidit
2653 3356 2667 3406 ;
2698 3340 2965 3400 invenitur
2985 3354 3162 3404 autem
3188 3361 3240 3407 et
3266 3353 3430 3412 falsus

1839 3417 1987 3471 testis
2042 3420 2368 3491 Apostolus,
2425 3430 2516 3498 qui
2569 3434 2934 3496 testimonium
2993 3442 3126 3500 dixit
3173 3447 3428 3510 adversus

1834 3505 2105 3565 Christum
2127 3557 2140 3580 ,
2173 3515 2296 3585 quia
2325 3518 2726 3582 similitudinem
2767 3533 2944 3588 carnis
2985 3540 3183 3606 peccati
3211 3540 3427 3615 habuit,

1835 3615 1994 3670 quam
2023 3619 2129 3660 non
2162 3607 2362 3666 habuit.
2387 3613 2494 3670 Sed
2526 3617 2568 3671 si
2603 3623 2703 3676 hoc
2728 3623 3017 3696 credimus,
3052 3630 3294 3692 fidelibus
3321 3607 3428 3696 non

1833 3694 2099 3754 sociamur
2138 3698 2466 3761 hominibus.
2497 3705 2648 3767 Nunc
2690 3723 2866 3772 autem
2911 3720 3156 3781 Christus
3189 3728 3381 3786 missus
3407 3733 3424 3763 ί

1833 3793 1914 3840 cst
1956 3787 2009 3842 in
2037 3790 2388 3852 similitudine
2415 3801 2594 3858 carnis
2627 3809 2836 3874 peccati
2867 3827 2882 3878 ;
2917 3813 3037 3882 quia
3067 3816 3213 3872 solus
3245 3837 3423 3877 veram

1833 3893 2046 3937 carnem
2078 3885 2154 3941 sic
2183 3886 2386 3957 habuit,
2417 3901 2474 3948 ut
2501 3909 2604 3950 non
2637 3909 2779 3955 esset
2797 3917 2920 3958 caro
2939 3911 3160 3976 peccati,
3189 3911 3283 3967 sed
3309 3913 3424 3986 ejus

1831 3975 2120 4033 similitudo
2154 3998 2167 4034 :
2200 3995 2261 4037 ac
2287 3999 2382 4055 per
2413 3983 2514 4042 hoc
2544 4006 2764 4048 necesse
2790 4005 2872 4050 est
2909 3975 2964 4052 ut
2985 3997 3245 4057 fateamur
3269 4048 3283 4070 ,
3309 4020 3426 4062 car-

1831 4078 1952 4122 nem
2001 4080 2315 4130 caeterorum
2361 4077 2634 4137 hominum
2666 4100 2787 4142 esse
2819 4091 3054 4158 peccati,
3107 4095 3191 4149 cui
3235 4095 3424 4155 similis

1829 4157 1967 4215 facta
1995 4173 2077 4218 est
2103 4180 2226 4221 vera
2258 4182 2383 4225 caro
2411 4169 2640 4242 Christi,
2667 4178 2761 4235 sed
2793 4157 2895 4236 non
2921 4197 3046 4240 caro
3070 4191 3290 4256 peccati.

1901 4251 2145 4311 XXXVI.
2195 4259 2313 4315 JUL.
2361 4260 2749 4326 Confodiuntur
2791 4290 2984 4346 ncnipe
3022 4251 3334 4352 Maniclmi,
3369 4294 3427 4341 et

1831 4355 2110 4414 peccatmn
2138 4353 2385 4408 naturale
2415 4358 2714 4427 credentes,
2744 4376 2796 4417 et
2827 4369 3273 4427 resurrectionem
3298 4389 3422 4429 car-

1829 4437 1913 4492 nis
1942 4451 2214 4511 negantes.
2247 4443 2400 4499 Ntmc
2430 4461 2616 4516 autem,
2656 4455 2842 4526 inquit,
2878 4458 3110 4516 Christus
3144 4468 3418 4522 resurrexit

1827 4547 1860 4585 a
1886 4536 2097 4588 mortuis
2138 4537 2377 4606 primitur
2401 4540 2754 4599 dormientium
2777 4565 2795 4612 ;
2822 4551 3058 4619 quoniam
3089 4553 3290 4624 quidem
3329 4577 3418 4629 per

1829 4626 2080 4682 hominem
2107 4646 2262 4696 mors,
2293 4642 2337 4686 et
2365 4652 2453 4704 per
2478 4636 2729 4692 hominem
2759 4646 3057 4699 resurrectio
3080 4660 3417 4708 mortuorum.

1827 4719 1904 4774 De
1925 4726 2316 4779 resurrectione
2339 4724 2428 4780 hic
2445 4727 2735 4797 Apostolus
2768 4750 2870 4788 non
2900 4740 3135 4806 generali
3161 4742 3408 4814 loquitur,

1825 4828 1982 4884 quam
2013 4817 2284 4885 cxperturi
2333 4825 2456 4874 Sunt
2503 4824 2661 4878 etiam
2713 4817 2956 4897 scelesti,
2997 4833 3157 4888 ctiam
3212 4839 3418 4908 profani

1825 4903 2100 4974 homines;
2130 4911 2222 4965 sed
2248 4909 2315 4968 de
2341 4927 2525 4969 eorum
2550 4921 2934 4988 t:mtuuunodo,
2966 4924 3056 4997 qui
3089 4927 3415 4990 transferen-

1825 5005 1913 5052 tur
1933 4997 1985 5053 in
2007 4999 2251 5071 gloriam.
2288 5005 2503 5062 Beatam
2530 5024 2656 5081 ergo
2679 5019 3127 5076 resurrectionem
3151 5040 3285 5095 puro
3316 5043 3414 5083 no-

1822 5087 1967 5148 mine
2018 5099 2425 5157 resurrectionis
2471 5104 2737 5173 ostendit,
2787 5110 2940 5180 cujus
2986 5120 3410 5188 comparatione,

1821 5185 1915 5242 illa
1937 5186 2222 5258 impiorum
2251 5194 2405 5263 quasi
2435 5212 2540 5251 non
2572 5198 2640 5253 sit
2669 5205 3013 5274 resurrectio,
3045 5214 3410 5278 praeteritur’.

1821 5278 1918 5334 llic
1953 5296 2082 5352 ergo
2121 5286 2410 5356 Apostolus
2439 5301 2545 5342 non
2591 5291 2765 5346 solum
2817 5301 3296 5374 resurrectionem,
3356 5317 3414 5362 ut

1819 5369 1956 5435 dixi,
1991 5389 2108 5440 quae
2150 5374 2304 5431 bonis
2344 5378 2608 5451 malisque
2651 5389 2950 5444 Communis
2975 5399 3075 5457 est,
3111 5393 3203 5447 sed
3233 5413 3412 5452 resur-
3459 5387 3462 5392 ’

1819 5464 2112 5520 rectionem
2136 5465 2366 5524 inculcat
2395 5470 2644 5548 beatam“:
2674 5483 2726 5530 ct
2753 5477 2875 5533 licet
2901 5495 3005 5536 non
3035 5483 3103 5537 sit
3131 5500 3292 5540 unum
3325 5506 3410 5544 re-

1818 5557 2080 5612 surrectio
2110 5566 2166 5612 ct
2183 5559 2458 5618 beatitudo
2485 5570 2912 5639 resurrectionis,
2946 5573 3083 5630 sicut
3107 5593 3205 5632 nec
3231 5595 3412 5634 resur-

1817 5649 1987 5705 rectio
2041 5659 2097 5706 et
2139 5657 2548 5714 resurrectionis
2595 5661 2812 5717 miseria
2867 5681 3030 5722 unum
3078 5678 3196 5738 est;
3232 5683 3407 5731 tamen

1880 5805 1898 5837 '
1923 5807 2217 5893 t'tgnieritts,
2241 5809 2460 5866 Christus
2477 5815 2615 5893 estin
2639 5816 2968 5875 similitudine.
2997 5825 3271 5885 addidimus
3289 5833 3408 5888 mio-

1815 5881 1915 5930 sus,
1943 5885 2056 5932 quta
2089 5881 2238 5923 estin
2271 5883 2621 5945 tnauuscriptis.

1887 5931 2049 5965 deiri
2095 5933 2306 5965 gannitu.-
2348 5945 2648 5965 n.....:....._..._.
2680 5958 2737 5965 Α--
2765 5959 2926 5965 ,ΛΜΗ
2993 5953 3003 5963 .
3043 5955 3075 5965 ..

1887 5931 1910 5965 ²
1932 5931 2068 5995 Editi,
2095 5933 2323 5997 partitur.
2348 5931 2649 6015 Castigantur
2677 5958 2737 5996 ex
2765 5953 3117 6012 Μῆδοι-ἰωὴ.
