3994 6472
502 505 642 565 1591

502 622 626 681 uula
653 612 927 677 beatitudo
952 619 1153 668 aeterna
1179 608 1380 678 absque
1404 600 1803 660 resurrectione
1830 609 1936 653 non
1973 600 2093 659 est,

503 685 722 771 nomine
750 708 866 779 eius
910 705 997 761 illa
1024 716 1235 775 quoque
1272 698 1526 761 felicitas,
1553 709 1674 765 qua;
1713 688 2097 747 excitationem,

505 803 648 861 haud
678 798 1039 873 pmnitendam
1080 794 1207 849 facit
1236 807 1377 855 esse,
1409 790 1675 859 signatur.
1723 783 1790 840 Ut
1831 783 1876 837 si
1906 779 2100 851 aliquis

505 894 845 956 industriam,
877 892 1038 955 vires,
1069 897 1124 943 et
1147 885 1320 941 studia
1346 882 1555 938 diversa
1590 876 1920 940 collaudans,
1945 889 2099 929 cuiue

508 985 706 1059 pendio
730 999 793 1040 ea
819 982 942 1038 vita:
970 980 1099 1037 velit
1122 976 1421 1039 ostendere,
1452 972 1600 1029 verbi
1619 970 1807 1041 gratia,
1835 965 2100 1023 eruditam

509 1078 654 1134 illius
682 1078 866 1143 vitam,
887 1076 1183 1145 elegantem
1208 1069 1384 1140 hujus,
1412 1066 1691 1136 impigram
1714 1060 1952 1134 appellet
1967 1059 2105 1113 alte-2.

508 1171 661 1237 rius;
691 1187 798 1225 non
840 1169 1022 1239 utique
1066 1164 1361 1221 admoverit
1403 1158 1838 1221 distinctionem,
1872 1163 1931 1208 ut
1958 1151 2100 1221 idem

514 1263 621 1317 vita
676 1260 816 1332 quod
849 1256 1129 1319 industria,
1157 1254 1301 1326 quod
1330 1249 1612 1322 elegantia,
1657 1245 1800 1317 quod
1846 1240 2102 1305 fortitudo

514 1354 762 1408 videatur
792 1370 806 1407 :
835 1349 977 1406 aliud
1004 1359 1085 1404 est
1106 1348 1302 1418 quippe
1331 1344 1530 1406 vivere,
1559 1338 1702 1394 aliud
1728 1336 1975 1401 studere;
2011 1349 2106 1391 vc-

519 1456 824 1501 rumtamen
850 1444 948 1498 nisi
975 1441 1193 1507 vixeris,
1225 1438 1400 1494 nullus
1421 1434 1679 1491 studebis.
1710 1432 1785 1487 lta
1806 1430 1968 1485 etiam
1998 1441 2109 1488 non

516 1549 601 1596 est
628 1539 768 1594 idem
798 1535 1121 1594 resurrectio
1162 1531 1305 1603 quod
1331 1527 1642 1592 beatitudo;
1672 1534 1756 1581 est
1784 1520 2109 1594 quippemie

516 1647 639 1688 sera
679 1630 927 1686 excitatio
958 1631 1199 1683 cinerum
1235 1643 1249 1680 :
1284 1634 1461 1679 tamen
1500 1620 1677 1676 nullus
1704 1615 1975 1688 regnabis,
2004 1610 2109 1667 nisi

520 1734 646 1781 ante
681 1722 1065 1780 resurrexeris.
1098 1720 1241 1775 Mors
1271 1734 1399 1789 ergo
1426 1715 1671 1786 corporis
1700 1721 1757 1767 et
1784 1707 2112 1775 resurrectio

525 1818 764 1887 corporis
792 1832 822 1870 e
852 1816 1069 1886 regione
1090 1812 1390 1868 consistunt
1412 1828 1426 1865 :
1450 1808 1496 1863 si
1524 1821 1668 1862 mors
1696 1812 1840 1859 esset
1861 1801 2113 1856 universa

521 1909 774 1980 paenulis,
820 1916 966 1963 esset
995 1919 1206 1977 quoque
1234 1904 1478 1958 universa
1503 1896 1827 1954 resurrectio
1864 1891 2113 1964 praemia,-

520 2002 588 2057 lis
631 2019 644 2056 :
683 2014 826 2054 nunc
873 2009 1052 2053 autem
1103 2005 1186 2053 est
1232 1992 1555 2051 resurrectio
1588 1988 1811 2059 paenulis
1829 1984 2069 2040 omnium
2092 2021 2113 2051 ,

521 2094 610 2166 qui
643 2094 853 2164 ignibus
895 2092 1217 2162 deputantur
1258 2087 1479 2143 aeternis
1512 2103 1526 2138 :
1558 2099 1687 2154 ergo
1717 2090 1773 2138 et
1812 2095 1959 2135 mors
2007 2091 2115 2133 non

521 2188 851 2259 supplicialis
876 2196 977 2251 est,
998 2184 1091 2240 sed
1112 2182 1394 2238 naturalis.
1415 2180 1565 2237 Sicut
1589 2178 1731 2234 enim
1756 2191 1859 2231 non
1889 2172 2010 2247 facit
2025 2186 2119 2241 ge,-

524 2282 780 2336 neraliter
825 2296 971 2334 mors
1009 2277 1274 2349 corporis,
1316 2284 1373 2330 ut
1426 2273 1682 2343 poeniteat
1712 2267 2015 2335 interiisse;
2041 2263 2120 2321 sic

524 2390 630 2428 non
654 2371 777 2428 facit
805 2372 1131 2443 generaliter
1151 2368 1497 2433 resurrectio,
1524 2376 1583 2420 ut
1600 2364 1809 2434 placeat
1833 2360 2113 2419 revixisse.

525 2463 723 2519 Verum
745 2472 801 2518 et
829 2463 980 2517 istius
1003 2462 1200 2516 bonum
1230 2461 1282 2514 in
1300 2456 1735 2514 remuneratione
1760 2451 2114 2524 surgentium,

526 2562 580 2611 et
606 2554 749 2609 illius
775 2553 1077 2609 amaritudo
1109 2552 1164 2608 in
1204 2550 1485 2606 adustione
1524 2549 1831 2620 punitorum
1855 2553 1969 2601 est:
2000 2557 2119 2614 qua:

526 2656 748 2718 utraque
800 2662 899 2717 pro
951 2644 1156 2701 meritis
1200 2650 1619 2714 consequuntur.
1662 2642 1899 2710 Apparet
1962 2635 2122 2708 igitur

526 2738 843 2810 Apostolum
870 2753 977 2793 non
999 2736 1067 2792 de
1095 2746 1269 2792 morte
1291 2735 1549 2800 naturali,
1594 2733 1687 2789 sed
1713 2731 1781 2787 de
1807 2731 2123 2787 criminoso-

528 2846 668 2896 rum,
702 2845 860 2901 quam
888 2828 1148 2884 infelicem
1174 2826 1303 2883 facit
1326 2841 1484 2898 poena
1510 2833 1797 2895 perpetua;
1822 2837 1922 2879 nec
1945 2821 2017 2877 de
2036 2836 2122 2891 rev

526 2921 860 2978 surrectione
909 2920 1198 2988 communi,
1244 2918 1337 2976 sed
1366 2933 1523 2989 quam
1550 2916 1761 2972 beatam
1803 2914 1929 2970 facit
1953 2913 2122 2986 gloria

526 3013 852 3084 sempiterna
875 3055 890 3077 ,
929 3012 1199 3068 disserere
1226 3029 1239 3065 :
1274 3026 1373 3066 nec
1416 3009 1504 3065 ubi
1530 3009 1599 3065 de
1617 3007 1864 3081 personis
1888 3006 2123 3077 disputat

528 3103 895 3178 praeiudicium
924 3105 942 3136 ยน
971 3103 1166 3159 inferre
1214 3102 1512 3168 creaturis,
1562 3099 1659 3156 sed
1702 3100 1865 3155 salvis
1908 3112 2121 3169 semper

530 3198 959 3255 distinctionibus
990 3196 1215 3268 latisque
1243 3195 1500 3251 limitibus
1522 3201 1830 3249 naturarum
1853 3200 1908 3248 et
1935 3191 2125 3247 volun.-

531 3300 719 3358 tatum,
752 3291 829 3347 sic
851 3290 1079 3346 miscere
1098 3302 1482 3360 nonnunquam
1511 3285 1793 3352 vocabula,
1816 3300 1885 3341 ne
1910 3284 2125 3355 specia-

529 3384 651 3440 litas
676 3386 863 3440 rerum
908 3383 1218 3440 confusione
1252 3382 1525 3453 depereat.
1563 3380 1671 3436 Per
1701 3379 1959 3435 hominem
1994 3392 2124 3450 ergo

530 3493 685 3545 more,
714 3485 759 3531 et
790 3492 880 3547 per
898 3475 1151 3530 hominem
1177 3474 1476 3529 resurrectio
1501 3482 1815 3528 mortuorum
1841 3487 1861 3526 :
1887 3486 1993 3527 non
2024 3468 2125 3533 .hic

528 3567 597 3624 ab
621 3566 839 3622 homine
868 3576 1096 3622 mortem
1131 3565 1434 3631 conditam;
1482 3563 1577 3620 sed
1617 3563 1671 3619 in
1702 3562 1922 3618 homine
1941 3576 2123 3632 appa-

530 3660 705 3716 ruisse
723 3658 1001 3715 denuntiat
1035 3676 1049 3713 :
1079 3661 1218 3715 sicut
1241 3666 1296 3714 et
1318 3656 1765 3714 resurrectionem
1790 3664 2123 3721 mortuorum

530 3768 637 3808 non
664 3750 794 3808 dicit
819 3751 888 3809 ab
917 3751 1135 3808 homine
1163 3750 1356 3807 factam
1377 3791 1393 3817 ,
1430 3750 1533 3805 hoc
1558 3757 1662 3817 est,
1698 3764 1729 3804 a
1754 3747 2001 3813 Christo;
2022 3746 2125 3804 sed

530 3842 585 3898 in
608 3843 841 3909 homine,
868 3842 1006 3898 sicut
1033 3841 1100 3897 ad
1121 3840 1491 3913 Philippenses
1511 3840 1653 3897 idem
1669 3839 1923 3912 magister
1946 3856 1961 3893 :
1995 3837 2126 3901 Obe-

531 3933 699 4000 diens,
727 3932 919 4005 inquit,
947 3935 1114 4004 factus
1140 3940 1211 3989 est
1245 3949 1401 4004 usque
1427 3932 1496 3985 ad
1521 3938 1759 3998 mortem,
1793 3939 2013 4003 mortem
2031 3946 2127 3985 au-

531 4033 629 4079 tem
651 4024 851 4090 crucis;
881 4035 1089 4095 propter
1112 4024 1255 4095 quod.
1269 4034 1315 4079 et
1342 4023 1483 4079 Deus
1511 4024 1657 4079 illum
1677 4024 1942 4092 exultavit,
1962 4033 2008 4085 et
2027 4023 2125 4078 do-

531 4115 669 4169 navit
698 4113 775 4168 illi
804 4132 987 4170 nomen
1002 4132 1156 4185 super
1185 4132 1333 4169 omne
1353 4132 1535 4170 nomen
1554 4117 1575 4147 ยฒ
1600 4114 1859 4187 (Philipp.
1879 4130 1938 4183 tt,
1967 4115 2022 4184 8,
2042 4113 2123 4187 9).

531 4206 678 4263 Petri
705 4201 918 4277 qudโque
955 4207 1181 4277 apostoli
1206 4206 1261 4262 in
1289 4207 1392 4262 hoc
1417 4206 1692 4263 concurrit
1714 4207 1977 4261 assertio:
2014 4202 2125 4277 Viri

531 4297 815 4365 Israelitw,
846 4299 1017 4353 audite
1054 4314 1073 4353 :
1101 4299 1279 4354 Jesum
1308 4299 1471 4353 virum
1510 4297 1837 4353 Nazarenam
1864 4297 2125 4369 approbas

531 4401 641 4447 tum
668 4408 702 4446 a
726 4390 836 4447 Deo
874 4392 927 4446 in
956 4391 1092 4447 vobis
1117 4408 1206 4463 per
1239 4408 1418 4447 manus
1445 4391 1734 4461 iniquorum
1771 4390 2117 4459 interemistis,

531 4501 680 4557 quem
706 4483 843 4540 Deus
868 4486 1123 4541 suscitavit
1146 4485 1324 4541 solutis
1358 4484 1619 4540 doloribus
1640 4484 1847 4557 inferni.
1865 4484 1935 4539 Et
1954 4484 2120 4541 item:

534 4577 689 4633 Hunc
710 4577 886 4635 Jesum
907 4578 1047 4633 Deus
1070 4578 1404 4645 resuscitavit,
1433 4577 1516 4632 cui
1541 4593 1714 4632 omnes
1751 4592 1842 4631 nos
1868 4585 2015 4631 testes
2033 4593 2128 4635 stt-

530 4688 643 4726 mus
675 4671 810 4742 (Act.
840 4687 900 4737 ฮนฮน,
926 4670 1122 4735 22-24,
1146 4669 1261 4744 32).
1294 4670 1371 4727 lbi
1391 4685 1520 4741 ergo
1545 4668 1683 4725 sicut
1709 4669 1984 4742 proprium
2011 4675 2128 4725 erat

531 4766 767 4821 hominis
796 4767 912 4821 sine
950 4765 1165 4821 deitatis
1191 4764 1382 4836 injuria
1428 4763 1579 4819 obire
1618 4771 1873 4830 mortem,
1903 4762 2129 4831 itaproโ

535 4858 711 4927 prium
751 4856 1044 4913 divinitatis
1070 4857 1342 4914 hominem
1386 4857 1537 4913 illum
1557 4871 1589 4911 a
1616 4856 1842 4912 mortuis
1870 4855 2124 4925 excitare,

532 4949 685 5018 Quod
715 4961 894 5007 autem
938 4952 1083 5008 Deus
1131 4952 1507 5024 pronuntiatur
1532 4950 1746 5021 operari
1790 4964 1857 5005 ex
1901 4963 2130 5021 persona

533 5042 721 5112 Verbi,
747 5044 862 5115 ipse
885 5061 1096 5117 quoque
1115 5044 1362 5102 Christus
1399 5043 1547 5099 facit.
1575 5043 1664 5099 Sic
1691 5042 1835 5098 enim
1872 5041 2083 5098 dixerat
2110 5060 2125 5099 :

532 5136 603 5193 In
640 5148 887 5210 potestate
912 5139 1071 5194 habeo
1112 5155 1297 5212 ponere
1332 5138 1556 5191 animant
1594 5152 1775 5202 meam,
1808 5144 1855 5190 et
1896 5135 1953 5199 in,
1983 5143 2129 5207 pote-

532 5238 664 5285 state
710 5230 868 5286 habeo
905 5248 1103 5286 sumere
1129 5231 1277 5285 illam
1306 5228 1487 5301 (Joan.
1520 5244 1576 5295 ฯ,
1605 5225 1715 5300 l8).
1747 5228 1879 5282 Cum
1906 5243 2033 5298 ergo
2059 5226 2130 5297 sit

531 5321 652 5381 Filii
682 5342 785 5381 una
831 5342 1083 5397 persona.
1117 5334 1294 5380 tamen
1342 5324 1686 5379 distinctione
1716 5323 1953 5395 legitima
1980 5323 2127 5396 aliud

532 5416 829 5487 applicatur
843 5418 1011 5484 carni,
1032 5415 1175 5472 aliud
1192 5414 1398 5471 deitati.
1425 5413 1528 5469 Per
1553 5414 1806 5470 hominem
1821 5430 1949 5487 ergo
1969 5433 2125 5487 more,

534 5519 584 5565 et
610 5526 699 5581 per
726 5511 980 5567 hominem
1023 5510 1325 5565 resurrectio
1367 5518 1683 5563 mortuorum
1701 5549 1718 5577 ,
1762 5509 2125 5581 manifestata,

530 5749 1221 5876 nu:clfnglโi๏ฌii;prtejtuticialibus
1244 5763 1263 5803 :
1278 5751 1516 5805 mendose
1541 5758 1594 5805 et
1609 5752 2017 5808 dissentientibus
2032 5768 2132 5808 ma-

596 5875 1129 5948 {vignieriumnomen
1162 5877 1290 5948 quod
1311 5882 1383 5930 est
1405 5892 1550 5945 super
1583 5891 1720 5932 omne
1755 5892 1943 5934 nomen.
1970 5886 2131 5937 Manu-

529 5938 702 6000 scripti
718 5938 966 5999 omittunt,
990 5938 1118 6001 quod
1136 5938 1225 5989 est.
1463 5938 1473 5945 '
1516 5980 1519 5985 ,
2018 5948 2023 5955 -
2064 5948 2071 5954 -

1106 524 1113 529 ฮน
1176 488 1420 549 OPERIS
1454 479 1865 544 IMPERFECTI
1901 430 2181 535 coimus
2216 465 2578 537 JULiANUtt,
2616 466 2674 525 s.
2715 462 3084 524 annosum

3648 460 3791 521 159i

2202 601 2311 642 non
2333 593 2513 643 creata
2543 603 2557 641 :
2589 594 2841 641 caeterum
2868 591 3154 655 utrumque
3181 581 3481 638 institutum
3501 596 3602 654 per
3619 581 3789 638 Deum

2201 687 2320 745 est;
2351 677 2448 735 sed
2492 678 2545 733 in
2574 677 2747 734 Adam
2772 678 2963 733 mortis
3007 675 3267 743 conditio,
3307 676 3360 731 in
3404 690 3638 746 persona
3662 690 3791 731 vero

2203 769 2402 826 Christi
2446 769 2695 842 primitiae
2724 768 3136 825 resurrectionis
3177 768 3507 825 claruerunt.
3538 767 3641 822 Hic
3665 781 3793 838 ergo

2204 864 2296 919 ubi
2311 863 2441 919 dicit
2463 863 2775 935 Apostolus,
2804 862 2907 918 Per
2926 863 3180 919 hominem
3207 880 3341 919 mors
3363 878 3385 919 :
3409 862 3458 919 si
3482 878 3583 934 per
3606 861 3795 917 volun-

2208 965 2373 1013 tatem
2402 956 2520 1028 ejus
2549 958 2731 1026 dicas,
2759 957 2896 1013 nihil
2922 959 3156 1029 pertinet
3198 957 3267 1013 ad
3296 966 3575 1024 naturam;
3617 956 3666 1012 si
3706 967 3796 1026 per

2208 1060 2475 1122 naturam,
2508 1051 2641 1107 nihil
2669 1060 2877 1123 spectat
2913 1051 2982 1107 ad
3022 1052 3258 1123 culpam.
3289 1052 3544 1107 Homines
3582 1065 3794 1121 nempe,
3830 1076 3840 1108 ฮน

2208 1145 2436 1201 alterum
2482 1148 2674 1202 mortis
2697 1188 2714 1216 ,
2753 1148 2983 1203 alterum
3013 1147 3426 1203 resurrectionis
3461 1162 3530 1202 ex
3571 1144 3785 1200 adverse

2211 1238 2423 1308 locavit,
2456 1240 2614 1297 istum
2666 1240 2958 1297 secundum
3004 1241 3196 1297 nolens
3223 1240 3299 1296 illi
3337 1240 3590 1297 subdere.
3621 1239 3691 1295 Et
3715 1255 3793 1295 se-

2211 1334 2412 1405 quitur,
2436 1333 2582 1390 Sicut
2606 1335 2657 1389 in
2687 1335 2852 1389 Adam
2876 1352 3050 1391 omnes
3077 1335 3385 1403 moriuntur,
3416 1335 3493 1390 ita
3515 1336 3635 1390 etin
3661 1333 3798 1389 Chri-

2213 1434 2288 1480 sto
2314 1441 2486 1481 omnes
2508 1426 2914 1496 vivificabuntur.
2940 1427 3054 1483 Hoc
3079 1443 3207 1499 ergo
3226 1427 3370 1499 quod
3394 1428 3491 1492 ait,
3531 1426 3726 1481 Omnes
3756 1426 3805 1480 in

2215 1519 2415 1575 Christo
2436 1521 2842 1591 vivi๏ฌcabuntur,
2872 1522 3033 1577 etiam
3058 1521 3126 1577 de
3166 1521 3364 1593 impiis,
3398 1537 3468 1575 an
3497 1527 3708 1575 tantum
3741 1519 3806 1576 de

2216 1610 2465 1667 ๏ฌdelibus
2488 1611 2654 1667 dicit?
2681 1612 2738 1668 Si
2766 1612 2835 1669 de
2863 1613 3063 1683 impiis,
3089 1612 3234 1684 quod
3264 1626 3455 1668 omnes
3472 1611 3808 1667 vivificentur

2218 1703 2272 1759 in
2292 1702 2536 1772 Christo;
2565 1720 2699 1776 ergo
2728 1705 2907 1761 nullus
2936 1706 2989 1760 in
3015 1720 3172 1776 pmna
3197 1717 3281 1762 est
3313 1728 3325 1756 :
3354 1706 3401 1761 si
3425 1704 3495 1761 de
3519 1704 3804 1771 fidelibus;

2218 1811 2325 1851 non
2356 1811 2483 1867 ergo
2509 1796 2745 1852 universi
2768 1797 3107 1853 viviticantur
3126 1798 3179 1853 in
3206 1797 3310 1854 fide
3333 1795 3553 1863 Christi,
3576 1796 3674 1853 sed
3697 1808 3810 1853 tan-

2220 1901 2330 1947 tum
2359 1890 2569 1958 tideles,
2601 1892 2846 1963 quamvis
2892 1907 3083 1947 omnes
3107 1892 3331 1948 omnino
3368 1893 3566 1948 virtute
3608 1892 3809 1963 ipsius,

2220 1999 2322 2054 qua
2366 1985 2568 2040 conditi
2620 1986 2866 2052 fuerant,
2909 1987 3235 2042 excitentur.
3266 1984 3326 2041 Si
3353 2000 3483 2057 ergo
3522 1985 3596 2041 de
3641 1994 3815 2041 morte

2222 2076 2466 2147 corporis
2516 2078 2770 2149 loquitur,
2796 2076 2866 2133 In
2894 2078 3063 2133 Adam
3091 2094 3263 2134 comes
3290 2079 3579 2134 moriuntur
3597 2094 3619 2132 :
3640 2077 3815 2133 nullus

2224 2168 2329 2225 hoc
2350 2169 2567 2227 nomine
2596 2170 2863 2227 indicatur
2881 2180 3084 2238 reatus,
3108 2169 3325 2241 quando
3350 2170 3407 2226 in
3433 2169 3625 2226 eodem
3642 2169 3814 2225 Adam

2223 2270 2279 2319 et
2320 2263 2561 2319 Christus
2603 2272 2848 2319 mortuus
2890 2264 3189 2329 invenitur;
3233 2278 3410 2334 neque
3435 2263 3584 2319 enim
3630 2271 3816 2318 secuta

2224 2362 2370 2409 esset
2410 2354 2608 2409 veritas
2632 2356 3067 2423 resurrectionis,
3094 2355 3197 2411 uisi
3227 2355 3597 2425 princessisset
3615 2353 3815 2410 veritas

2226 2445 2434 2500 mortis.
2468 2444 2635 2516 Igitur
2679 2446 2734 2501 in
2767 2446 2939 2502 Adam
2972 2447 3284 2518 pronuntiat
3307 2447 3598 2518 Apostolus
3626 2460 3818 2503 omnes

2224 2538 2383 2593 mori.
2414 2537 2471 2594 Si
2512 2538 2627 2595 haec
2673 2554 2820 2596 mors
2851 2555 2958 2596 non
2988 2539 3191 2596 indicat
3217 2538 3359 2595 aliud
3384 2555 3548 2611 quam
3576 2540 3819 2611 corporis

2225 2628 2610 2686 resolutionem
2634 2630 2673 2697 ยนอพ
2698 2629 2829 2686 nihil
2850 2639 3058 2702 spectat
3074 2630 3314 2702 profecto
3337 2630 3408 2687 ad
3427 2629 3677 2687 naturale
3698 2645 3821 2701 pec-

2235 2733 2451 2792 catum,
2501 2740 2602 2781 nec
2645 2724 2939 2795 quidquam
2987 2724 3305 2796 pratjudicat
3346 2724 3747 2790 innocentibus,
3776 2724 3820 2780 si

2227 2816 2282 2872 in
2307 2817 2478 2873 Adam
2509 2817 2646 2873 mori
2674 2816 2943 2884 dicantur,
2975 2817 3031 2873 in
3065 2832 3173 2888 quo
3210 2828 3266 2874 et
3290 2816 3535 2874 Christus
3560 2826 3645 2873 est
3676 2832 3821 2872 mor-

2227 2917 2370 2965 tuus.
2402 2910 2495 2967 Sin
2526 2918 2706 2967 autem
2744 2910 2848 2966 hoc
2882 2909 3026 2985 quod
3054 2911 3151 2976 ait,
3183 2910 3254 2965 In
3275 2909 3443 2965 Adam
3461 2926 3638 2965 omnes
3663 2909 3819 2965 mori-

2227 3012 2402 3070 untur,
2430 3002 2499 3057 ad
2531 3010 2809 3074 peccatum
2836 3002 2915 3058 vis
2935 3002 3123 3069 animi,
3157 3010 3214 3058 et
3254 3015 3363 3058 non
3387 3000 3456 3058 ad
3483 3010 3719 3057 mortem
3741 3014 3824 3057 so-

2226 3095 2359 3163 lum,
2404 3094 2501 3152 sed
2544 3095 2612 3150 ad
2641 3104 2871 3151 mortem
2897 3111 3045 3153 reatu
3075 3105 3130 3152 et
3154 3097 3406 3153 miseram
3437 3096 3738 3167 pertinere,
3774 3093 3821 3149 id

2227 3195 2331 3255 est,
2360 3204 2521 3260 quam
2564 3188 2817 3260 deputata
2844 3189 3162 3246 criminibus
3185 3190 3207 3221 ยนยน
3240 3203 3398 3261 pinna
3423 3187 3820 3259 consequitur:

2228 3281 2283 3337 in
2329 3296 2394 3338 ea
2419 3290 2597 3338 autem
2623 3281 2874 3338 videlicet
2915 3282 3164 3353 gehenna
3209 3296 3311 3340 nec
3351 3278 3605 3337 Christus
3652 3279 3824 3353 potuit

2228 3387 2371 3441 esse,
2401 3389 2501 3430 nec
2526 3374 2737 3429 sancti:
2763 3374 2925 3446 igitur
2950 3390 3053 3430 nec
3078 3374 3459 3431 innocentibus
3486 3372 3822 3445 prajudicat,

2228 3465 2320 3536 qui
2347 3474 2406 3521 ut
2432 3464 2564 3520 nihil
2589 3465 2738 3532 boni,
2761 3466 2833 3521 ita
2854 3466 2985 3521 nihil
3009 3466 3136 3522 mali
3160 3448 3449 3523 voluntarii
3468 3465 3709 3533 habent;
3734 3464 3825 3522 sed

2231 3557 2335 3614 hoc
2358 3558 2534 3613 solum
2564 3559 2818 3627 retinent,
2850 3558 3037 3630 quoda
3062 3559 3176 3616 Deo
3205 3557 3333 3616 facti
3353 3567 3513 3625 sunt;
3546 3574 3689 3630 quos
3708 3559 3826 3630 jure

2230 3648 2574 3720 Baptismatis
2600 3664 2981 3707 consecremus
2998 3692 3016 3719 ,
3046 3660 3106 3708 ut
3145 3652 3237 3725 qui
3264 3666 3363 3709 eos
3385 3652 3516 3708 fecit
3542 3651 3826 3709 condendo

2233 3739 2409 3798 bonos
2432 3784 2449 3810 ,
2507 3741 2669 3799 faciat
2715 3743 3019 3801 innovando
3076 3754 3133 3801 et
3183 3744 3493 3817 adoptando
3545 3746 3825 3803 meliores.

2230 3834 2385 3903 Quod
2406 3836 2584 3908 itaque
2605 3836 2731 3893 dicit
2758 3838 3069 3909 Apostolus,
3093 3838 3238 3895 Sicut
3263 3840 3318 3896 in
3337 3839 3506 3894 Adam
3524 3856 3706 3896 anates
3722 3856 3829 3894 itte-

2230 3927 2453 3997 riuntur,
2485 3930 2557 3984 ita
2600 3940 2647 3985 et
2688 3931 2745 3985 in
2780 3930 2982 3987 Christo
3017 3948 3191 3988 omnes
3212 3933 3604 4004 vivi๏ฌcabuntur
3628 3949 3653 3989 :
3674 3933 3827 3990 abest

2232 4029 2437 4077 tantum
2462 4022 2533 4078 ab
2558 4022 2659 4079 ista
2698 4025 3008 4095 suspicione
3039 4025 3275 4083 traducis
3301 4025 3637 4095 Manichaee,
3656 4042 3827 4099 quan-

2233 4123 2345 4169 tum
2372 4113 2615 4172 Christus
2638 4131 2669 4170 a
2696 4126 2938 4187 peccato,
2982 4117 3074 4189 qui
3118 4126 3175 4174 et
3218 4119 3556 4191 iniquitatem
3588 4136 3703 4177 non
3735 4120 3828 4175 ha.

2230 4208 2365 4277 huit,
2392 4217 2449 4265 et
2471 4209 2650 4266 minus
2675 4210 2743 4265 de
2768 4209 3004 4267 hominis
3033 4221 3224 4268 natura
3253 4212 3387 4268 nihil
3415 4212 3625 4271 habuit.

2300 4302 2439 4359 Atio.
2471 4301 2608 4370 Quid
2635 4311 2739 4371 est,
2768 4302 2915 4371 quod
2943 4302 3202 4360 adversus
3228 4318 3329 4360 nos
3355 4304 3644 4376 disputans
3671 4305 3825 4374 dicis,

2242 4412 2261 4447 t
2294 4391 2686 4450 Confodiuntur
2715 4411 2909 4467 nempe
2936 4395 3235 4463 Manichiei,
3277 4406 3332 4453 et
3356 4406 3641 4467 peccatum
3686 4406 3830 4454 natu-

2178 4552 2179 4555 ฮท
2232 4485 2344 4542 rale
2371 4484 2677 4554 credentes,
2707 4496 2763 4544 et
2787 4489 3240 4545 resurrectionem
3264 4490 3442 4545 carnis
3466 4491 3771 4562 negantes?
3803 4509 3823 4543 ฮน

2232 4577 2498 4651 Numquid
2523 4595 2642 4648 nos,
2674 4581 2814 4637 sicut
2838 4581 2939 4648 illi,
2968 4590 3063 4637 aut
3081 4590 3361 4654 peccatum
3388 4582 3680 4640 tribuimus
3700 4583 3831 4640 alie-

2232 4687 2317 4728 nat
2364 4681 2604 4739 naturae,
2653 4682 2747 4729 aut
2798 4673 2979 4731 carnis
3025 4675 3482 4733 resurrectionem
3531 4674 3831 4747 negamus?

2232 4762 2461 4820 Prorsus
2485 4763 2763 4820 Manichati
2809 4763 3188 4822 confodiantur
3226 4782 3259 4821 a
3308 4767 3486 4836 vobis,
3512 4769 3608 4839 qui
3648 4768 3832 4824 vobis-

2233 4872 2356 4914 cum
2403 4857 2785 4916 confodiuntur
2825 4875 2857 4915 a
2898 4860 3077 4930 nobis,
3108 4871 3164 4916 et
3203 4861 3420 4932 quando
3447 4861 3773 4933 adjuvantur
3799 4876 3831 4917 a

2235 4952 2385 5007 vobis
2410 4950 2454 5005 ยณ.
2485 4952 2542 5007 In
2586 4968 2774 5008 eorum
2796 4954 2993 5024 quippe
3019 4953 3346 5025 adiutorium
3370 4954 3701 5011 discordiam
3721 4969 3839 5011 car-

2234 5045 2320 5101 nis
2337 5054 2394 5101 et
2420 5045 2641 5116 spiritus
2667 5058 2886 5117 peccato
2913 5048 3043 5103 Adic
3068 5049 3277 5118 negatis
3298 5064 3422 5105 esse
3451 5049 3833 5115 tribuendam;

2234 5146 2295 5193 ut
2321 5138 2398 5194 illi
2428 5137 2586 5209 hujus
2616 5140 2740 5195 mali
2769 5154 2985 5195 causam
3006 5140 3342 5211 requirentes
3371 5140 3488 5196 sive
3513 5141 3832 5210 reddentes,

2232 5232 2462 5288 alienam
2475 5232 2601 5288 mali
2612 5240 2858 5289 naturam
2872 5233 2981 5289 Deo
2996 5233 3137 5289 bono
3147 5243 3469 5291 coaeternam
3481 5234 3834 5291 commixtam

2237 5324 2394 5381 nobis
2414 5339 2536 5381 esse
2563 5325 2905 5381 concludant.
2926 5325 3166 5400 Exponis
3191 5325 3387 5384 deinde
3406 5328 3710 5399 sequentia,
3741 5325 3837 5382 ubi

2234 5416 2305 5474 de
2328 5417 2507 5473 carnis
2550 5420 2946 5475 resurrectione
2974 5419 3266 5490 Apostolus
3287 5419 3529 5489 disputat
3546 5459 3564 5485 ,
3596 5427 3654 5475 et
3672 5420 3833 5487 dicis,

2240 5528 2261 5565 โน
2293 5525 2401 5569 non
2428 5526 2558 5569 eum
2600 5512 2747 5584 loqui
2776 5511 2845 5568 de
2890 5512 3286 5569 resurrectione
3324 5512 3620 5581 communi,
3655 5512 3836 5570 bono-

2298 5756 2315 5788 แฝท
2342 5753 2632 5818 vignierius,
2669 5753 3088 5818 resurrectionem.
3111 5763 3256 5818 _Mss.,
3282 5752 3636 5808 resolutionem.

2238 5879 2267 5931 แฝ
2296 5818 2318 5850 ยน
2339 5816 2417 5867 sic
2431 5823 2538 5867 Mss.
2564 5818 2682 5868 Editi
2708 5830 2826 5868 vero
2850 5831 2956 5881 pro,
2979 5816 3263 5870 criminibus
3278 5858 3292 5881 ,
3316 5820 3636 5883 substituunt,
3675 5816 3842 5874 ฮฟฮนฮทฮทแฝทฮฟ
3896 5836 3905 5841 ฮ

2269 5894 2340 5931 us.
3900 5930 3905 5931 ,

2269 5894 2533 6005 ฮทฮพแผฮนแฝทแฟณฮนฮฟฮน
2553 5942 2701 5993 verba
2723 5940 2818 5993 huc
2849 5956 3138 5998 revocamus
3163 5957 3225 5997 ex
3252 5953 3359 5996 Mss.
3720 5932 3725 5935 โ
