  <div class='ocr_page' id='page_1' title='image "/cluster/home/n/w/nwhite01/storage/ocr_20150623/45/hvd.32044015471501/310.png"; bbox 0 0 3994 6474; ppageno 0'>
   <div class='ocr_carea' id='block_1_1' title="bbox 210 502 352 565">
    <p class='ocr_par' dir='ltr' id='par_1_1' title="bbox 210 502 352 565">
     <span class='ocr_line' id='line_1_1' title="bbox 210 502 352 565; baseline -0.014 0"><span class='ocrx_word' id='word_1_1' title='bbox 210 502 352 565; x_wconf 66' lang='grc'><strong>1595</strong></span> 
     </span>
    </p>
   </div>
   <div class='ocr_carea' id='block_1_2' title="bbox 209 596 1789 682">
    <p class='ocr_par' dir='ltr' id='par_1_2' title="bbox 209 596 1789 682">
     <span class='ocr_line' id='line_1_2' title="bbox 209 596 1789 682; baseline -0.019 1"><span class='ocrx_word' id='word_1_2' title='bbox 209 637 331 682; x_wconf 90' lang='lat' dir='ltr'><strong>rum</strong></span> <span class='ocrx_word' id='word_1_3' title='bbox 374 617 581 677; x_wconf 74' lang='lat' dir='ltr'><strong>scilicet</strong></span> <span class='ocrx_word' id='word_1_4' title='bbox 626 622 683 673; x_wconf 93' lang='lat' dir='ltr'><strong>et</strong></span> <span class='ocrx_word' id='word_1_5' title='bbox 726 611 1029 678; x_wconf 85' lang='lat' dir='ltr'><strong>malorum;</strong></span> <span class='ocrx_word' id='word_1_6' title='bbox 1078 606 1175 667; x_wconf 86' lang='lat' dir='ltr'><strong>sed</strong></span> <span class='ocrx_word' id='word_1_7' title='bbox 1219 619 1406 665; x_wconf 89' lang='lat' dir='ltr'><strong>eorum</strong></span> <span class='ocrx_word' id='word_1_8' title='bbox 1436 608 1664 667; x_wconf 83' lang='lat' dir='ltr'><strong>tantum,</strong></span> <span class='ocrx_word' id='word_1_9' title='bbox 1694 596 1789 669; x_wconf 86' lang='lat' dir='ltr'><strong>qui</strong></span> 
     </span>
    </p>
   </div>
   <div class='ocr_carea' id='block_1_3' title="bbox 211 694 1791 778">
    <p class='ocr_par' dir='ltr' id='par_1_3' title="bbox 211 694 1791 778">
     <span class='ocr_line' id='line_1_3' title="bbox 211 694 1791 778; baseline -0.019 -4"><span class='ocrx_word' id='word_1_10' title='bbox 211 710 604 773; x_wconf 78' lang='lat' dir='ltr'><strong>transferentur</strong></span> <span class='ocrx_word' id='word_1_11' title='bbox 654 707 708 763; x_wconf 94' lang='lat' dir='ltr'><strong>in</strong></span> <span class='ocrx_word' id='word_1_12' title='bbox 738 704 982 778; x_wconf 87' lang='lat' dir='ltr'><strong>gloriam.</strong></span> <span class='ocrx_word' id='word_1_13' title='bbox 1034 721 1055 757; x_wconf 75' lang='grc' dir='ltr'><strong>ι</strong></span> <span class='ocrx_word' id='word_1_14' title='bbox 1088 699 1163 756; x_wconf 86' lang='lat' dir='ltr'><strong>Ita</strong></span> <span class='ocrx_word' id='word_1_15' title='bbox 1188 706 1273 757; x_wconf 91' lang='lat' dir='ltr'><strong>est</strong></span> <span class='ocrx_word' id='word_1_16' title='bbox 1319 694 1536 768; x_wconf 85' lang='lat' dir='ltr'><strong>quidem</strong></span> <span class='ocrx_word' id='word_1_17' title='bbox 1566 709 1582 747; x_wconf 88' lang='lat'><strong>:</strong></span> <span class='ocrx_word' id='word_1_18' title='bbox 1611 700 1791 747; x_wconf 90' lang='lat' dir='ltr'><strong>tamen</strong></span> 
     </span>
    </p>
   </div>
   <div class='ocr_carea' id='block_1_4' title="bbox 208 792 1789 871">
    <p class='ocr_par' dir='ltr' id='par_1_4' title="bbox 208 792 1789 871">
     <span class='ocr_line' id='line_1_4' title="bbox 208 792 1789 871; baseline -0.018 -2"><span class='ocrx_word' id='word_1_19' title='bbox 208 807 279 868; x_wconf 85' lang='lat' dir='ltr'><strong>de</strong></span> <span class='ocrx_word' id='word_1_20' title='bbox 304 803 697 863; x_wconf 77' lang='lat' dir='ltr'><strong>resurrectione</strong></span> <span class='ocrx_word' id='word_1_21' title='bbox 724 798 967 871; x_wconf 91' lang='lat' dir='ltr'><strong>corporis</strong></span> <span class='ocrx_word' id='word_1_22' title='bbox 992 796 1245 867; x_wconf 91' lang='lat' dir='ltr'><strong>loquitur.</strong></span> <span class='ocrx_word' id='word_1_23' title='bbox 1274 792 1409 848; x_wconf 87' lang='lat' dir='ltr'><strong>Huic</strong></span> <span class='ocrx_word' id='word_1_24' title='bbox 1440 804 1569 861; x_wconf 86' lang='lat' dir='ltr'><strong>ergo</strong></span> <span class='ocrx_word' id='word_1_25' title='bbox 1598 802 1629 844; x_wconf 90' lang='lat' dir='ltr'><strong>e</strong></span> <span class='ocrx_word' id='word_1_26' title='bbox 1656 801 1789 843; x_wconf 86' lang='lat' dir='ltr'><strong>con-</strong></span> 
     </span>
    </p>
   </div>
   <div class='ocr_carea' id='block_1_5' title="bbox 206 878 1799 968">
    <p class='ocr_par' dir='ltr' id='par_1_5' title="bbox 206 878 1799 968">
     <span class='ocr_line' id='line_1_5' title="bbox 206 878 1799 968; baseline -0.015 -10"><span class='ocrx_word' id='word_1_27' title='bbox 206 902 377 961; x_wconf 78' lang='lat' dir='ltr'><strong>trario</strong></span> <span class='ocrx_word' id='word_1_28' title='bbox 405 913 550 955; x_wconf 89' lang='lat' dir='ltr'><strong>mors</strong></span> <span class='ocrx_word' id='word_1_29' title='bbox 574 895 861 968; x_wconf 89' lang='lat' dir='ltr'><strong>opponitur</strong></span> <span class='ocrx_word' id='word_1_30' title='bbox 897 890 1139 963; x_wconf 88' lang='lat' dir='ltr'><strong>corporis</strong></span> <span class='ocrx_word' id='word_1_31' title='bbox 1158 933 1173 959; x_wconf 94' lang='lat'><strong>,</strong></span> <span class='ocrx_word' id='word_1_32' title='bbox 1201 889 1410 958; x_wconf 86' lang='lat' dir='ltr'><strong>eisque,</strong></span> <span class='ocrx_word' id='word_1_33' title='bbox 1450 884 1503 939; x_wconf 90' lang='lat' dir='ltr'><strong>id</strong></span> <span class='ocrx_word' id='word_1_34' title='bbox 1531 891 1613 938; x_wconf 88' lang='lat' dir='ltr'><strong>est</strong></span> <span class='ocrx_word' id='word_1_35' title='bbox 1640 878 1799 936; x_wconf 91' lang='lat' dir='ltr'><strong>morti</strong></span> 
     </span>
    </p>
   </div>
   <div class='ocr_carea' id='block_1_6' title="bbox 208 978 1797 1064">
    <p class='ocr_par' dir='ltr' id='par_1_6' title="bbox 208 978 1797 1064">
     <span class='ocr_line' id='line_1_6' title="bbox 208 978 1797 1064; baseline -0.013 -14"><span class='ocrx_word' id='word_1_36' title='bbox 208 991 454 1064; x_wconf 81' lang='lat' dir='ltr'><strong>corporis</strong></span> <span class='ocrx_word' id='word_1_37' title='bbox 480 999 534 1046; x_wconf 90' lang='lat' dir='ltr'><strong>et</strong></span> <span class='ocrx_word' id='word_1_38' title='bbox 553 986 956 1051; x_wconf 89' lang='lat' dir='ltr'><strong>resurrectioni,</strong></span> <span class='ocrx_word' id='word_1_39' title='bbox 985 982 1177 1054; x_wconf 76' lang='lat' dir='ltr'><strong>singuli</strong></span> <span class='ocrx_word' id='word_1_40' title='bbox 1204 978 1595 1036; x_wconf 90' lang='lat' dir='ltr'><strong>distribuuntur</strong></span> <span class='ocrx_word' id='word_1_41' title='bbox 1609 984 1797 1030; x_wconf 86' lang='lat' dir='ltr'><strong>aucto-</strong></span> 
     </span>
    </p>
   </div>
   <div class='ocr_carea' id='block_1_7' title="bbox 209 1071 1798 1148">
    <p class='ocr_par' dir='ltr' id='par_1_7' title="bbox 209 1071 1798 1148">
     <span class='ocr_line' id='line_1_7' title="bbox 209 1071 1798 1148; baseline -0.014 -8"><span class='ocrx_word' id='word_1_42' title='bbox 209 1096 320 1148; x_wconf 58' lang='grc' dir='ltr'><strong>τω,</strong></span> <span class='ocrx_word' id='word_1_43' title='bbox 352 1081 598 1137; x_wconf 80' lang='lat' dir='ltr'><strong>homines</strong></span> <span class='ocrx_word' id='word_1_44' title='bbox 622 1079 731 1136; x_wconf 89' lang='lat' dir='ltr'><strong>duo</strong></span> <span class='ocrx_word' id='word_1_45' title='bbox 754 1097 768 1132; x_wconf 89' lang='lat'><strong>:</strong></span> <span class='ocrx_word' id='word_1_46' title='bbox 796 1076 1051 1146; x_wconf 78' lang='lat' dir='ltr'><strong>Quoniam</strong></span> <span class='ocrx_word' id='word_1_47' title='bbox 1073 1091 1161 1144; x_wconf 83' lang='lat' dir='ltr'><strong>per</strong></span> <span class='ocrx_word' id='word_1_48' title='bbox 1181 1071 1433 1127; x_wconf 82' lang='lat' dir='ltr'><strong>hominem</strong></span> <span class='ocrx_word' id='word_1_49' title='bbox 1455 1083 1609 1132; x_wconf 85' lang='lat' dir='ltr'><strong>mors,</strong></span> <span class='ocrx_word' id='word_1_50' title='bbox 1641 1075 1687 1120; x_wconf 87' lang='lat' dir='ltr'><strong>et</strong></span> <span class='ocrx_word' id='word_1_51' title='bbox 1708 1080 1798 1136; x_wconf 85' lang='lat' dir='ltr'><strong>per</strong></span> 
     </span>
    </p>
   </div>
   <div class='ocr_carea' id='block_1_8' title="bbox 209 1155 1798 1234">
    <p class='ocr_par' dir='ltr' id='par_1_8' title="bbox 209 1155 1798 1234">
     <span class='ocr_line' id='line_1_8' title="bbox 209 1155 1798 1234; baseline -0.013 -3"><span class='ocrx_word' id='word_1_52' title='bbox 209 1176 468 1231; x_wconf 80' lang='lat' dir='ltr'><strong>hominem</strong></span> <span class='ocrx_word' id='word_1_53' title='bbox 499 1173 795 1230; x_wconf 71' lang='lat' dir='ltr'><strong>resurrectio</strong></span> <span class='ocrx_word' id='word_1_54' title='bbox 823 1179 1155 1226; x_wconf 83' lang='lat' dir='ltr'><strong>mortuorum.</strong></span> <span class='ocrx_word' id='word_1_55' title='bbox 1184 1164 1252 1219; x_wconf 88' lang='lat' dir='ltr'><strong>Et</strong></span> <span class='ocrx_word' id='word_1_56' title='bbox 1280 1161 1383 1234; x_wconf 85' lang='lat' dir='ltr'><strong>ipsi</strong></span> <span class='ocrx_word' id='word_1_57' title='bbox 1420 1160 1664 1216; x_wconf 83' lang='lat' dir='ltr'><strong>homines</strong></span> <span class='ocrx_word' id='word_1_58' title='bbox 1689 1155 1798 1211; x_wconf 87' lang='lat' dir='ltr'><strong>duo</strong></span> 
     </span>
    </p>
   </div>
   <div class='ocr_carea' id='block_1_9' title="bbox 210 1249 1797 1340">
    <p class='ocr_par' dir='ltr' id='par_1_9' title="bbox 210 1249 1797 1340">
     <span class='ocr_line' id='line_1_9' title="bbox 210 1249 1797 1340; baseline -0.013 -15"><span class='ocrx_word' id='word_1_59' title='bbox 210 1267 449 1340; x_wconf 88' lang='lat' dir='ltr'><strong>propriis</strong></span> <span class='ocrx_word' id='word_1_60' title='bbox 474 1268 633 1323; x_wconf 91' lang='lat' dir='ltr'><strong>etiam</strong></span> <span class='ocrx_word' id='word_1_61' title='bbox 662 1264 969 1321; x_wconf 84' lang='lat' dir='ltr'><strong>nominibus</strong></span> <span class='ocrx_word' id='word_1_62' title='bbox 992 1259 1387 1331; x_wconf 84' lang='lat' dir='ltr'><strong>exprimuntur,</strong></span> <span class='ocrx_word' id='word_1_63' title='bbox 1420 1266 1479 1310; x_wconf 91' lang='lat' dir='ltr'><strong>ut</strong></span> <span class='ocrx_word' id='word_1_64' title='bbox 1509 1252 1575 1308; x_wconf 92' lang='lat' dir='ltr'><strong>de</strong></span> <span class='ocrx_word' id='word_1_65' title='bbox 1602 1249 1797 1322; x_wconf 83' lang='lat' dir='ltr'><strong>quibus</strong></span> 
     </span>
    </p>
   </div>
   <div class='ocr_carea' id='block_1_10' title="bbox 209 1342 1793 1425">
    <p class='ocr_par' dir='ltr' id='par_1_10' title="bbox 209 1342 1793 1425">
     <span class='ocr_line' id='line_1_10' title="bbox 209 1342 1793 1425; baseline -0.012 -11"><span class='ocrx_word' id='word_1_66' title='bbox 209 1359 315 1415; x_wconf 89' lang='lat' dir='ltr'><strong>hoc</strong></span> <span class='ocrx_word' id='word_1_67' title='bbox 341 1359 542 1416; x_wconf 90' lang='lat' dir='ltr'><strong>dictum</strong></span> <span class='ocrx_word' id='word_1_68' title='bbox 571 1358 675 1425; x_wconf 90' lang='lat' dir='ltr'><strong>sit,</strong></span> <span class='ocrx_word' id='word_1_69' title='bbox 703 1355 978 1411; x_wconf 73' lang='lat' dir='ltr'><strong>evidenter</strong></span> <span class='ocrx_word' id='word_1_70' title='bbox 1016 1342 1290 1425; x_wconf 75' lang='lat' dir='ltr'><strong>appareat,</strong></span> <span class='ocrx_word' id='word_1_71' title='bbox 1328 1356 1486 1417; x_wconf 89' lang='lat' dir='ltr'><strong>atque</strong></span> <span class='ocrx_word' id='word_1_72' title='bbox 1530 1342 1743 1399; x_wconf 89' lang='lat' dir='ltr'><strong>additur</strong></span> <span class='ocrx_word' id='word_1_73' title='bbox 1778 1358 1793 1395; x_wconf 90' lang='lat'><strong>:</strong></span> 
     </span>
    </p>
   </div>
   <div class='ocr_carea' id='block_1_11' title="bbox 210 1435 1797 1523">
    <p class='ocr_par' dir='ltr' id='par_1_11' title="bbox 210 1435 1797 1523">
     <span class='ocr_line' id='line_1_11' title="bbox 210 1435 1797 1523; baseline -0.012 -16"><span class='ocrx_word' id='word_1_74' title='bbox 210 1451 363 1508; x_wconf 87' lang='lat' dir='ltr'><strong>Sicut</strong></span> <span class='ocrx_word' id='word_1_75' title='bbox 395 1452 527 1507; x_wconf 86' lang='lat' dir='ltr'><strong>enim</strong></span> <span class='ocrx_word' id='word_1_76' title='bbox 551 1451 605 1505; x_wconf 88' lang='lat' dir='ltr'><strong>in</strong></span> <span class='ocrx_word' id='word_1_77' title='bbox 635 1450 799 1504; x_wconf 81' lang='lat' dir='ltr'><strong>Adam</strong></span> <span class='ocrx_word' id='word_1_78' title='bbox 814 1463 996 1523; x_wconf 78' lang='lat' dir='ltr'><strong>omnes</strong></span> <span class='ocrx_word' id='word_1_79' title='bbox 1020 1446 1323 1507; x_wconf 88' lang='lat' dir='ltr'><strong>moriuntur,</strong></span> <span class='ocrx_word' id='word_1_80' title='bbox 1354 1440 1428 1494; x_wconf 87' lang='lat' dir='ltr'><strong>sic</strong></span> <span class='ocrx_word' id='word_1_81' title='bbox 1454 1447 1501 1493; x_wconf 89' lang='lat' dir='ltr'><strong>et</strong></span> <span class='ocrx_word' id='word_1_82' title='bbox 1520 1437 1573 1491; x_wconf 85' lang='lat' dir='ltr'><strong>in</strong></span> <span class='ocrx_word' id='word_1_83' title='bbox 1597 1435 1797 1491; x_wconf 78' lang='lat' dir='ltr'><strong>Christo</strong></span> 
     </span>
    </p>
   </div>
   <div class='ocr_carea' id='block_1_12' title="bbox 208 1527 1798 1614">
    <p class='ocr_par' dir='ltr' id='par_1_12' title="bbox 208 1527 1798 1614">
     <span class='ocr_line' id='line_1_12' title="bbox 208 1527 1798 1614; baseline -0.011 -15"><span class='ocrx_word' id='word_1_84' title='bbox 208 1560 384 1599; x_wconf 84' lang='lat' dir='ltr'><strong>omnes</strong></span> <span class='ocrx_word' id='word_1_85' title='bbox 414 1542 817 1614; x_wconf 83' lang='lat' dir='ltr'><strong>viviﬁcabuntur.</strong></span> <span class='ocrx_word' id='word_1_86' title='bbox 850 1540 1162 1603; x_wconf 78' lang='lat' dir='ltr'><strong>Moriuntur,</strong></span> <span class='ocrx_word' id='word_1_87' title='bbox 1188 1536 1294 1599; x_wconf 90' lang='lat' dir='ltr'><strong>ait;</strong></span> <span class='ocrx_word' id='word_1_88' title='bbox 1316 1547 1421 1589; x_wconf 92' lang='lat' dir='ltr'><strong>non</strong></span> <span class='ocrx_word' id='word_1_89' title='bbox 1442 1531 1536 1599; x_wconf 88' lang='lat' dir='ltr'><strong>ait,</strong></span> <span class='ocrx_word' id='word_1_90' title='bbox 1567 1527 1798 1585; x_wconf 83' lang='lat' dir='ltr'><strong>Morien-</strong></span> 
     </span>
    </p>
   </div>
   <div class='ocr_carea' id='block_1_13' title="bbox 209 1618 1797 1706">
    <p class='ocr_par' dir='ltr' id='par_1_13' title="bbox 209 1618 1797 1706">
     <span class='ocr_line' id='line_1_13' title="bbox 209 1618 1797 1706; baseline -0.011 -13"><span class='ocrx_word' id='word_1_91' title='bbox 209 1647 335 1693; x_wconf 89' lang='lat' dir='ltr'><strong>tur:</strong></span> <span class='ocrx_word' id='word_1_92' title='bbox 363 1652 431 1693; x_wconf 89' lang='lat' dir='ltr'><strong>ex</strong></span> <span class='ocrx_word' id='word_1_93' title='bbox 457 1637 625 1692; x_wconf 88' lang='lat' dir='ltr'><strong>altera</strong></span> <span class='ocrx_word' id='word_1_94' title='bbox 651 1650 779 1691; x_wconf 90' lang='lat' dir='ltr'><strong>vero</strong></span> <span class='ocrx_word' id='word_1_95' title='bbox 804 1642 954 1706; x_wconf 85' lang='lat' dir='ltr'><strong>parte</strong></span> <span class='ocrx_word' id='word_1_96' title='bbox 978 1648 1086 1688; x_wconf 90' lang='lat' dir='ltr'><strong>non</strong></span> <span class='ocrx_word' id='word_1_97' title='bbox 1110 1630 1221 1695; x_wconf 88' lang='lat' dir='ltr'><strong>ait,</strong></span> <span class='ocrx_word' id='word_1_98' title='bbox 1251 1626 1637 1690; x_wconf 78' lang='lat' dir='ltr'><strong>Viviﬁcantur;</strong></span> <span class='ocrx_word' id='word_1_99' title='bbox 1677 1618 1797 1686; x_wconf 86' lang='lat' dir='ltr'><strong>sed,</strong></span> 
     </span>
    </p>
   </div>
   <div class='ocr_carea' id='block_1_14' title="bbox 206 1724 1798 1801">
    <p class='ocr_par' dir='ltr' id='par_1_14' title="bbox 206 1724 1798 1801">
     <span class='ocr_line' id='line_1_14' title="bbox 206 1724 1798 1801; baseline -0.011 -13"><span class='ocrx_word' id='word_1_100' title='bbox 206 1732 596 1801; x_wconf 77' lang='lat' dir='ltr'><strong>viviﬁcabuntur</strong></span> <span class='ocrx_word' id='word_1_101' title='bbox 618 1731 657 1787; x_wconf 79' lang='grc'><strong>⁸.</strong></span> <span class='ocrx_word' id='word_1_102' title='bbox 687 1729 839 1785; x_wconf 84' lang='lat' dir='ltr'><strong>Nunc</strong></span> <span class='ocrx_word' id='word_1_103' title='bbox 866 1729 1010 1784; x_wconf 90' lang='lat' dir='ltr'><strong>enim</strong></span> <span class='ocrx_word' id='word_1_104' title='bbox 1035 1725 1335 1781; x_wconf 89' lang='lat' dir='ltr'><strong>moriuntur</strong></span> <span class='ocrx_word' id='word_1_105' title='bbox 1359 1738 1424 1778; x_wconf 88' lang='lat' dir='ltr'><strong>ex</strong></span> <span class='ocrx_word' id='word_1_106' title='bbox 1451 1733 1609 1791; x_wconf 73' lang='lat' dir='ltr'><strong>poena</strong></span> <span class='ocrx_word' id='word_1_107' title='bbox 1630 1757 1647 1787; x_wconf 92' lang='lat'><strong>,</strong></span> <span class='ocrx_word' id='word_1_108' title='bbox 1671 1724 1798 1771; x_wconf 91' lang='lat' dir='ltr'><strong>tunc</strong></span> 
     </span>
    </p>
   </div>
   <div class='ocr_carea' id='block_1_15' title="bbox 206 1812 1796 1894">
    <p class='ocr_par' dir='ltr' id='par_1_15' title="bbox 206 1812 1796 1894">
     <span class='ocr_line' id='line_1_15' title="bbox 206 1812 1796 1894; baseline -0.011 -14"><span class='ocrx_word' id='word_1_109' title='bbox 206 1824 619 1880; x_wconf 89' lang='lat' dir='ltr'><strong>viviﬁcabuntur</strong></span> <span class='ocrx_word' id='word_1_110' title='bbox 642 1838 710 1879; x_wconf 88' lang='lat' dir='ltr'><strong>ex</strong></span> <span class='ocrx_word' id='word_1_111' title='bbox 747 1821 987 1894; x_wconf 83' lang='lat' dir='ltr'><strong>praemio.</strong></span> <span class='ocrx_word' id='word_1_112' title='bbox 1015 1818 1134 1875; x_wconf 85' lang='lat' dir='ltr'><strong>Non</strong></span> <span class='ocrx_word' id='word_1_113' title='bbox 1170 1817 1349 1887; x_wconf 89' lang='lat' dir='ltr'><strong>itaque</strong></span> <span class='ocrx_word' id='word_1_114' title='bbox 1386 1813 1456 1869; x_wconf 93' lang='lat' dir='ltr'><strong>de</strong></span> <span class='ocrx_word' id='word_1_115' title='bbox 1503 1812 1594 1869; x_wconf 90' lang='lat' dir='ltr'><strong>illa</strong></span> <span class='ocrx_word' id='word_1_116' title='bbox 1624 1817 1796 1865; x_wconf 90' lang='lat' dir='ltr'><strong>morte</strong></span> 
     </span>
    </p>
   </div>
   <div class='ocr_carea' id='block_1_16' title="bbox 205 1904 1799 1987">
    <p class='ocr_par' dir='ltr' id='par_1_16' title="bbox 205 1904 1799 1987">
     <span class='ocr_line' id='line_1_16' title="bbox 205 1904 1799 1987; baseline -0.009 -15"><span class='ocrx_word' id='word_1_117' title='bbox 205 1931 355 1972; x_wconf 87' lang='lat' dir='ltr'><strong>nunc</strong></span> <span class='ocrx_word' id='word_1_118' title='bbox 402 1915 653 1987; x_wconf 87' lang='lat' dir='ltr'><strong>loquitur,</strong></span> <span class='ocrx_word' id='word_1_119' title='bbox 694 1931 813 1986; x_wconf 72' lang='lat' dir='ltr'><strong>qua:</strong></span> <span class='ocrx_word' id='word_1_120' title='bbox 840 1915 1014 1968; x_wconf 80' lang='lat' dir='ltr'><strong>futura</strong></span> <span class='ocrx_word' id='word_1_121' title='bbox 1055 1917 1139 1967; x_wconf 83' lang='lat' dir='ltr'><strong>est</strong></span> <span class='ocrx_word' id='word_1_122' title='bbox 1162 1909 1241 1966; x_wconf 91' lang='lat' dir='ltr'><strong>eis</strong></span> <span class='ocrx_word' id='word_1_123' title='bbox 1269 1908 1502 1980; x_wconf 87' lang='lat' dir='ltr'><strong>quicum</strong></span> <span class='ocrx_word' id='word_1_124' title='bbox 1539 1904 1713 1958; x_wconf 83' lang='lat' dir='ltr'><strong>anima</strong></span> <span class='ocrx_word' id='word_1_125' title='bbox 1744 1909 1799 1957; x_wconf 88' lang='lat' dir='ltr'><strong>et</strong></span> 
     </span>
    </p>
   </div>
   <div class='ocr_carea' id='block_1_17' title="bbox 205 2003 1798 2082">
    <p class='ocr_par' dir='ltr' id='par_1_17' title="bbox 205 2003 1798 2082">
     <span class='ocr_line' id='line_1_17' title="bbox 205 2003 1798 2082; baseline -0.009 -16"><span class='ocrx_word' id='word_1_126' title='bbox 205 2025 437 2082; x_wconf 88' lang='lat' dir='ltr'><strong>corpore</strong></span> <span class='ocrx_word' id='word_1_127' title='bbox 459 2011 579 2081; x_wconf 89' lang='lat' dir='ltr'><strong>igne</strong></span> <span class='ocrx_word' id='word_1_128' title='bbox 605 2008 985 2065; x_wconf 87' lang='lat' dir='ltr'><strong>cruciabuntur</strong></span> <span class='ocrx_word' id='word_1_129' title='bbox 1019 2015 1255 2071; x_wconf 56' lang='lat' dir='ltr'><strong>artemo;</strong></span> <span class='ocrx_word' id='word_1_130' title='bbox 1284 2003 1520 2073; x_wconf 85' lang='lat' dir='ltr'><strong>alioquin</strong></span> <span class='ocrx_word' id='word_1_131' title='bbox 1553 2017 1618 2056; x_wconf 86' lang='lat' dir='ltr'><strong>ex</strong></span> <span class='ocrx_word' id='word_1_132' title='bbox 1652 2009 1798 2054; x_wconf 87' lang='lat' dir='ltr'><strong>utra-</strong></span> 
     </span>
    </p>
   </div>
   <div class='ocr_carea' id='block_1_18' title="bbox 205 2091 1799 2176">
    <p class='ocr_par' dir='ltr' id='par_1_18' title="bbox 205 2091 1799 2176">
     <span class='ocr_line' id='line_1_18' title="bbox 205 2091 1799 2176; baseline -0.008 -17"><span class='ocrx_word' id='word_1_133' title='bbox 205 2120 313 2176; x_wconf 87' lang='lat' dir='ltr'><strong>que</strong></span> <span class='ocrx_word' id='word_1_134' title='bbox 355 2114 505 2175; x_wconf 85' lang='lat' dir='ltr'><strong>parte</strong></span> <span class='ocrx_word' id='word_1_135' title='bbox 549 2104 774 2160; x_wconf 85' lang='lat' dir='ltr'><strong>verbum</strong></span> <span class='ocrx_word' id='word_1_136' title='bbox 801 2102 961 2158; x_wconf 85' lang='lat' dir='ltr'><strong>futuri</strong></span> <span class='ocrx_word' id='word_1_137' title='bbox 995 2099 1251 2171; x_wconf 89' lang='lat' dir='ltr'><strong>temporis</strong></span> <span class='ocrx_word' id='word_1_138' title='bbox 1288 2103 1539 2169; x_wconf 86' lang='lat' dir='ltr'><strong>poneret,</strong></span> <span class='ocrx_word' id='word_1_139' title='bbox 1570 2100 1624 2150; x_wconf 91' lang='lat' dir='ltr'><strong>et</strong></span> <span class='ocrx_word' id='word_1_140' title='bbox 1658 2091 1799 2148; x_wconf 89' lang='lat' dir='ltr'><strong>sicut</strong></span> 
     </span>
    </p>
   </div>
   <div class='ocr_carea' id='block_1_19' title="bbox 205 2185 1798 2266">
    <p class='ocr_par' dir='ltr' id='par_1_19' title="bbox 205 2185 1798 2266">
     <span class='ocr_line' id='line_1_19' title="bbox 205 2185 1798 2266; baseline -0.008 -15"><span class='ocrx_word' id='word_1_141' title='bbox 205 2195 364 2265; x_wconf 82' lang='lat' dir='ltr'><strong>dixit,</strong></span> <span class='ocrx_word' id='word_1_142' title='bbox 398 2195 803 2266; x_wconf 79' lang='lat' dir='ltr'><strong>viviﬁcabuntur,</strong></span> <span class='ocrx_word' id='word_1_143' title='bbox 837 2195 908 2249; x_wconf 88' lang='lat' dir='ltr'><strong>ita</strong></span> <span class='ocrx_word' id='word_1_144' title='bbox 927 2193 1151 2260; x_wconf 87' lang='lat' dir='ltr'><strong>diceret,</strong></span> <span class='ocrx_word' id='word_1_145' title='bbox 1176 2189 1489 2245; x_wconf 86' lang='lat' dir='ltr'><strong>Morientur.</strong></span> <span class='ocrx_word' id='word_1_146' title='bbox 1516 2185 1653 2242; x_wconf 90' lang='lat' dir='ltr'><strong>Cum</strong></span> <span class='ocrx_word' id='word_1_147' title='bbox 1670 2198 1798 2239; x_wconf 89' lang='lat' dir='ltr'><strong>vero</strong></span> 
     </span>
    </p>
   </div>
   <div class='ocr_carea' id='block_1_20' title="bbox 205 2278 1798 2358">
    <p class='ocr_par' dir='ltr' id='par_1_20' title="bbox 205 2278 1798 2358">
     <span class='ocr_line' id='line_1_20' title="bbox 205 2278 1798 2358; baseline -0.009 -14"><span class='ocrx_word' id='word_1_148' title='bbox 205 2289 360 2355; x_wconf 90' lang='lat' dir='ltr'><strong>dixit,</strong></span> <span class='ocrx_word' id='word_1_149' title='bbox 394 2290 699 2355; x_wconf 88' lang='lat' dir='ltr'><strong>moriuntur,</strong></span> <span class='ocrx_word' id='word_1_150' title='bbox 731 2287 873 2358; x_wconf 85' lang='lat' dir='ltr'><strong>quod</strong></span> <span class='ocrx_word' id='word_1_151' title='bbox 901 2286 1084 2357; x_wconf 88' lang='lat' dir='ltr'><strong>utique</strong></span> <span class='ocrx_word' id='word_1_152' title='bbox 1110 2297 1253 2339; x_wconf 90' lang='lat' dir='ltr'><strong>nunc</strong></span> <span class='ocrx_word' id='word_1_153' title='bbox 1294 2283 1386 2349; x_wconf 90' lang='lat' dir='ltr'><strong>ﬁt;</strong></span> <span class='ocrx_word' id='word_1_154' title='bbox 1416 2278 1798 2350; x_wconf 75' lang='lat' dir='ltr'><strong>viviﬁcabuntur</strong></span> 
     </span>
    </p>
   </div>
   <div class='ocr_carea' id='block_1_21' title="bbox 207 2371 1798 2451">
    <p class='ocr_par' dir='ltr' id='par_1_21' title="bbox 207 2371 1798 2451">
     <span class='ocr_line' id='line_1_21' title="bbox 207 2371 1798 2451; baseline -0.006 -17"><span class='ocrx_word' id='word_1_155' title='bbox 207 2390 409 2448; x_wconf 88' lang='lat' dir='ltr'><strong>autem,</strong></span> <span class='ocrx_word' id='word_1_156' title='bbox 437 2380 580 2451; x_wconf 92' lang='lat' dir='ltr'><strong>quod</strong></span> <span class='ocrx_word' id='word_1_157' title='bbox 609 2389 735 2434; x_wconf 91' lang='lat' dir='ltr'><strong>tunc</strong></span> <span class='ocrx_word' id='word_1_158' title='bbox 755 2380 846 2434; x_wconf 87' lang='lat' dir='ltr'><strong>tiet</strong></span> <span class='ocrx_word' id='word_1_159' title='bbox 875 2396 889 2432; x_wconf 91' lang='lat'><strong>:</strong></span> <span class='ocrx_word' id='word_1_160' title='bbox 915 2378 1045 2434; x_wconf 88' lang='lat' dir='ltr'><strong>satis</strong></span> <span class='ocrx_word' id='word_1_161' title='bbox 1067 2374 1303 2431; x_wconf 86' lang='lat' dir='ltr'><strong>ostendit</strong></span> <span class='ocrx_word' id='word_1_162' title='bbox 1329 2389 1387 2430; x_wconf 90' lang='lat' dir='ltr'><strong>se</strong></span> <span class='ocrx_word' id='word_1_163' title='bbox 1415 2372 1483 2429; x_wconf 89' lang='lat' dir='ltr'><strong>de</strong></span> <span class='ocrx_word' id='word_1_164' title='bbox 1509 2371 1597 2426; x_wconf 87' lang='lat' dir='ltr'><strong>illa</strong></span> <span class='ocrx_word' id='word_1_165' title='bbox 1624 2378 1798 2425; x_wconf 89' lang='lat' dir='ltr'><strong>morte</strong></span> 
     </span>
    </p>
   </div>
   <div class='ocr_carea' id='block_1_22' title="bbox 206 2461 1792 2542">
    <p class='ocr_par' dir='ltr' id='par_1_22' title="bbox 206 2461 1792 2542">
     <span class='ocr_line' id='line_1_22' title="bbox 206 2461 1792 2542; baseline -0.006 -18"><span class='ocrx_word' id='word_1_166' title='bbox 206 2485 387 2541; x_wconf 88' lang='lat' dir='ltr'><strong>agere,</strong></span> <span class='ocrx_word' id='word_1_167' title='bbox 422 2472 473 2526; x_wconf 90' lang='lat' dir='ltr'><strong>in</strong></span> <span class='ocrx_word' id='word_1_168' title='bbox 500 2486 566 2525; x_wconf 90' lang='lat' dir='ltr'><strong>eo</strong></span> <span class='ocrx_word' id='word_1_169' title='bbox 585 2470 727 2542; x_wconf 90' lang='lat' dir='ltr'><strong>quod</strong></span> <span class='ocrx_word' id='word_1_170' title='bbox 747 2470 897 2537; x_wconf 90' lang='lat' dir='ltr'><strong>dicit,</strong></span> <span class='ocrx_word' id='word_1_171' title='bbox 923 2467 1028 2523; x_wconf 87' lang='lat' dir='ltr'><strong>Per</strong></span> <span class='ocrx_word' id='word_1_172' title='bbox 1054 2467 1308 2523; x_wconf 80' lang='lat' dir='ltr'><strong>hominem</strong></span> <span class='ocrx_word' id='word_1_173' title='bbox 1336 2481 1491 2532; x_wconf 85' lang='lat' dir='ltr'><strong>mors,</strong></span> <span class='ocrx_word' id='word_1_174' title='bbox 1522 2478 1639 2535; x_wconf 63' lang='lat' dir='ltr'><strong>qua;</strong></span> <span class='ocrx_word' id='word_1_175' title='bbox 1676 2461 1792 2516; x_wconf 56' lang='lat' dir='ltr'><strong>ani.</strong></span> 
     </span>
    </p>
   </div>
   <div class='ocr_carea' id='block_1_23' title="bbox 207 2558 1797 2633">
    <p class='ocr_par' dir='ltr' id='par_1_23' title="bbox 207 2558 1797 2633">
     <span class='ocr_line' id='line_1_23' title="bbox 207 2558 1797 2633; baseline -0.007 -15"><span class='ocrx_word' id='word_1_176' title='bbox 207 2578 351 2618; x_wconf 89' lang='lat' dir='ltr'><strong>mam</strong></span> <span class='ocrx_word' id='word_1_177' title='bbox 379 2564 626 2619; x_wconf 82' lang='lat' dir='ltr'><strong>dissolvit</strong></span> <span class='ocrx_word' id='word_1_178' title='bbox 654 2580 683 2616; x_wconf 88' lang='lat' dir='ltr'><strong>a</strong></span> <span class='ocrx_word' id='word_1_179' title='bbox 712 2578 875 2619; x_wconf 88' lang='lat' dir='ltr'><strong>carne</strong></span> <span class='ocrx_word' id='word_1_180' title='bbox 904 2560 1183 2633; x_wconf 90' lang='lat' dir='ltr'><strong>:quamvis</strong></span> <span class='ocrx_word' id='word_1_181' title='bbox 1212 2568 1264 2615; x_wconf 91' lang='lat' dir='ltr'><strong>et</strong></span> <span class='ocrx_word' id='word_1_182' title='bbox 1290 2558 1356 2613; x_wconf 89' lang='lat' dir='ltr'><strong>ad</strong></span> <span class='ocrx_word' id='word_1_183' title='bbox 1383 2558 1527 2613; x_wconf 84' lang='lat' dir='ltr'><strong>illam</strong></span> <span class='ocrx_word' id='word_1_184' title='bbox 1568 2563 1797 2609; x_wconf 87' lang='lat' dir='ltr'><strong>mortem</strong></span> 
     </span>
    </p>
   </div>
   <div class='ocr_carea' id='block_1_24' title="bbox 208 2645 1798 2726">
    <p class='ocr_par' dir='ltr' id='par_1_24' title="bbox 208 2645 1798 2726">
     <span class='ocr_line' id='line_1_24' title="bbox 208 2645 1798 2726; baseline -0.005 -17"><span class='ocrx_word' id='word_1_185' title='bbox 208 2653 444 2709; x_wconf 87' lang='lat' dir='ltr'><strong>futuram</strong></span> <span class='ocrx_word' id='word_1_186' title='bbox 471 2656 491 2686; x_wconf 80' lang='grc'>³</span> <span class='ocrx_word' id='word_1_187' title='bbox 521 2656 844 2726; x_wconf 87' lang='lat' dir='ltr'><strong>pertineant,</strong></span> <span class='ocrx_word' id='word_1_188' title='bbox 875 2670 995 2725; x_wconf 72' lang='lat' dir='ltr'><strong>qua:</strong></span> <span class='ocrx_word' id='word_1_189' title='bbox 1023 2651 1259 2710; x_wconf 89' lang='lat' dir='ltr'><strong>secunda</strong></span> <span class='ocrx_word' id='word_1_190' title='bbox 1287 2664 1434 2705; x_wconf 87' lang='lat' dir='ltr'><strong>mors</strong></span> <span class='ocrx_word' id='word_1_191' title='bbox 1463 2647 1678 2714; x_wconf 88' lang='lat' dir='ltr'><strong>dicitur,</strong></span> <span class='ocrx_word' id='word_1_192' title='bbox 1707 2645 1798 2717; x_wconf 90' lang='lat' dir='ltr'><strong>qui</strong></span> 
     </span>
    </p>
   </div>
   <div class='ocr_carea' id='block_1_25' title="bbox 209 2730 1795 2819">
    <p class='ocr_par' dir='ltr' id='par_1_25' title="bbox 209 2730 1795 2819">
     <span class='ocr_line' id='line_1_25' title="bbox 209 2730 1795 2819; baseline -0.007 -16"><span class='ocrx_word' id='word_1_193' title='bbox 209 2756 416 2803; x_wconf 82' lang='lat' dir='ltr'><strong>reatum</strong></span> <span class='ocrx_word' id='word_1_194' title='bbox 466 2730 627 2819; x_wconf 89' lang='lat' dir='ltr'><strong>quem</strong></span> <span class='ocrx_word' id='word_1_195' title='bbox 677 2763 773 2819; x_wconf 92' lang='lat' dir='ltr'><strong>per</strong></span> <span class='ocrx_word' id='word_1_196' title='bbox 848 2746 1017 2802; x_wconf 86' lang='lat' dir='ltr'><strong>Adam</strong></span> <span class='ocrx_word' id='word_1_197' title='bbox 1072 2743 1418 2816; x_wconf 84' lang='lat' dir='ltr'><strong>generatione</strong></span> <span class='ocrx_word' id='word_1_198' title='bbox 1484 2747 1795 2807; x_wconf 89' lang='lat' dir='ltr'><strong>traxerunt,</strong></span> 
     </span>
    </p>
   </div>
   <div class='ocr_carea' id='block_1_26' title="bbox 209 2832 1798 2911">
    <p class='ocr_par' dir='ltr' id='par_1_26' title="bbox 209 2832 1798 2911">
     <span class='ocr_line' id='line_1_26' title="bbox 209 2832 1798 2911; baseline -0.005 -17"><span class='ocrx_word' id='word_1_199' title='bbox 209 2854 304 2909; x_wconf 88' lang='lat' dir='ltr'><strong>per</strong></span> <span class='ocrx_word' id='word_1_200' title='bbox 362 2838 638 2895; x_wconf 87' lang='lat' dir='ltr'><strong>Christum</strong></span> <span class='ocrx_word' id='word_1_201' title='bbox 699 2839 1106 2911; x_wconf 86' lang='lat' dir='ltr'><strong>regeneratione</strong></span> <span class='ocrx_word' id='word_1_202' title='bbox 1171 2852 1279 2892; x_wconf 91' lang='lat' dir='ltr'><strong>non</strong></span> <span class='ocrx_word' id='word_1_203' title='bbox 1348 2835 1584 2892; x_wconf 90' lang='lat' dir='ltr'><strong>solvunt.</strong></span> <span class='ocrx_word' id='word_1_204' title='bbox 1645 2832 1798 2888; x_wconf 85' lang='lat' dir='ltr'><strong>Nunc</strong></span> 
     </span>
    </p>
   </div>
   <div class='ocr_carea' id='block_1_27' title="bbox 210 2928 1798 3004">
    <p class='ocr_par' dir='ltr' id='par_1_27' title="bbox 210 2928 1798 3004">
     <span class='ocr_line' id='line_1_27' title="bbox 210 2928 1798 3004; baseline -0.003 -18"><span class='ocrx_word' id='word_1_205' title='bbox 210 2932 435 3001; x_wconf 88' lang='lat' dir='ltr'><strong>proinde</strong></span> <span class='ocrx_word' id='word_1_206' title='bbox 467 2933 591 3004; x_wconf 87' lang='lat' dir='ltr'><strong>quia</strong></span> <span class='ocrx_word' id='word_1_207' title='bbox 622 2932 690 2989; x_wconf 92' lang='lat' dir='ltr'><strong>de</strong></span> <span class='ocrx_word' id='word_1_208' title='bbox 714 2932 1105 2989; x_wconf 85' lang='lat' dir='ltr'><strong>resurrectione</strong></span> <span class='ocrx_word' id='word_1_209' title='bbox 1130 2929 1373 3001; x_wconf 89' lang='lat' dir='ltr'><strong>corporis</strong></span> <span class='ocrx_word' id='word_1_210' title='bbox 1402 2928 1654 3000; x_wconf 91' lang='lat' dir='ltr'><strong>loquitur,</strong></span> <span class='ocrx_word' id='word_1_211' title='bbox 1677 2941 1798 2998; x_wconf 79' lang='lat' dir='ltr'><strong>quae</strong></span> 
     </span>
    </p>
   </div>
   <div class='ocr_carea' id='block_1_28' title="bbox 211 3018 1794 3096">
    <p class='ocr_par' dir='ltr' id='par_1_28' title="bbox 211 3018 1794 3096">
     <span class='ocr_line' id='line_1_28' title="bbox 211 3018 1794 3096; baseline -0.001 -19"><span class='ocrx_word' id='word_1_212' title='bbox 211 3022 392 3079; x_wconf 90' lang='lat' dir='ltr'><strong>futura</strong></span> <span class='ocrx_word' id='word_1_213' title='bbox 416 3033 517 3092; x_wconf 90' lang='lat' dir='ltr'><strong>est,</strong></span> <span class='ocrx_word' id='word_1_214' title='bbox 544 3026 632 3080; x_wconf 88' lang='lat' dir='ltr'><strong>cui</strong></span> <span class='ocrx_word' id='word_1_215' title='bbox 660 3025 882 3096; x_wconf 91' lang='lat' dir='ltr'><strong>opponit</strong></span> <span class='ocrx_word' id='word_1_216' title='bbox 910 3040 942 3081; x_wconf 92' lang='lat' dir='ltr'><strong>e</strong></span> <span class='ocrx_word' id='word_1_217' title='bbox 969 3023 1239 3081; x_wconf 88' lang='lat' dir='ltr'><strong>contrario</strong></span> <span class='ocrx_word' id='word_1_218' title='bbox 1265 3035 1497 3079; x_wconf 89' lang='lat' dir='ltr'><strong>mortem</strong></span> <span class='ocrx_word' id='word_1_219' title='bbox 1532 3018 1794 3091; x_wconf 75' lang='lat' dir='ltr'><strong>corporis,</strong></span> 
     </span>
    </p>
   </div>
   <div class='ocr_carea' id='block_1_29' title="bbox 211 3116 1798 3188">
    <p class='ocr_par' dir='ltr' id='par_1_29' title="bbox 211 3116 1798 3188">
     <span class='ocr_line' id='line_1_29' title="bbox 211 3116 1798 3188; baseline -0.001 -17"><span class='ocrx_word' id='word_1_220' title='bbox 211 3131 328 3186; x_wconf 71' lang='lat' dir='ltr'><strong>quae</strong></span> <span class='ocrx_word' id='word_1_221' title='bbox 363 3132 508 3173; x_wconf 93' lang='lat' dir='ltr'><strong>nunc</strong></span> <span class='ocrx_word' id='word_1_222' title='bbox 539 3120 629 3185; x_wconf 84' lang='lat' dir='ltr'><strong>Iit;</strong></span> <span class='ocrx_word' id='word_1_223' title='bbox 655 3129 710 3174; x_wconf 92' lang='lat' dir='ltr'><strong>et</strong></span> <span class='ocrx_word' id='word_1_224' title='bbox 734 3118 841 3175; x_wconf 92' lang='lat' dir='ltr'><strong>duo</strong></span> <span class='ocrx_word' id='word_1_225' title='bbox 867 3118 968 3175; x_wconf 89' lang='lat' dir='ltr'><strong>ista</strong></span> <span class='ocrx_word' id='word_1_226' title='bbox 994 3117 1260 3174; x_wconf 87' lang='lat' dir='ltr'><strong>contraria</strong></span> <span class='ocrx_word' id='word_1_227' title='bbox 1286 3116 1526 3188; x_wconf 87' lang='lat' dir='ltr'><strong>singulos</strong></span> <span class='ocrx_word' id='word_1_228' title='bbox 1550 3126 1798 3171; x_wconf 87' lang='lat' dir='ltr'><strong>auctores</strong></span> 
     </span>
    </p>
   </div>
   <div class='ocr_carea' id='block_1_30' title="bbox 212 3207 1799 3278">
    <p class='ocr_par' dir='ltr' id='par_1_30' title="bbox 212 3207 1799 3278">
     <span class='ocr_line' id='line_1_30' title="bbox 212 3207 1799 3278; baseline 0.001 -17"><span class='ocrx_word' id='word_1_229' title='bbox 212 3207 431 3275; x_wconf 87' lang='lat' dir='ltr'><strong>habent,</strong></span> <span class='ocrx_word' id='word_1_230' title='bbox 460 3210 630 3265; x_wconf 84' lang='lat' dir='ltr'><strong>Adam</strong></span> <span class='ocrx_word' id='word_1_231' title='bbox 658 3224 805 3266; x_wconf 86' lang='lat' dir='ltr'><strong>mors</strong></span> <span class='ocrx_word' id='word_1_232' title='bbox 830 3251 846 3278; x_wconf 93' lang='lat'><strong>,</strong></span> <span class='ocrx_word' id='word_1_233' title='bbox 893 3208 1166 3266; x_wconf 86' lang='lat' dir='ltr'><strong>Christum</strong></span> <span class='ocrx_word' id='word_1_234' title='bbox 1194 3208 1517 3265; x_wconf 86' lang='lat' dir='ltr'><strong>resurrectio</strong></span> <span class='ocrx_word' id='word_1_235' title='bbox 1555 3217 1799 3263; x_wconf 85' lang='lat' dir='ltr'><strong>mortuo-</strong></span> 
     </span>
    </p>
   </div>
   <div class='ocr_carea' id='block_1_31' title="bbox 211 3298 1798 3372">
    <p class='ocr_par' dir='ltr' id='par_1_31' title="bbox 211 3298 1798 3372">
     <span class='ocr_line' id='line_1_31' title="bbox 211 3298 1798 3372; baseline 0.001 -18"><span class='ocrx_word' id='word_1_236' title='bbox 211 3313 327 3354; x_wconf 89' lang='lat' dir='ltr'><strong>rum</strong></span> <span class='ocrx_word' id='word_1_237' title='bbox 358 3318 373 3355; x_wconf 89' lang='lat'><strong>:</strong></span> <span class='ocrx_word' id='word_1_238' title='bbox 398 3301 537 3355; x_wconf 86' lang='lat' dir='ltr'><strong>sicut</strong></span> <span class='ocrx_word' id='word_1_239' title='bbox 562 3300 873 3372; x_wconf 80' lang='lat' dir='ltr'><strong>intelligitur</strong></span> <span class='ocrx_word' id='word_1_240' title='bbox 901 3301 1227 3358; x_wconf 87' lang='lat' dir='ltr'><strong>resurrectio</strong></span> <span class='ocrx_word' id='word_1_241' title='bbox 1260 3300 1348 3355; x_wconf 83' lang='lat' dir='ltr'><strong>illa</strong></span> <span class='ocrx_word' id='word_1_242' title='bbox 1374 3298 1692 3371; x_wconf 70' lang='lat' dir='ltr'><strong>prmmialas,</strong></span> <span class='ocrx_word' id='word_1_243' title='bbox 1727 3301 1798 3356; x_wconf 88' lang='lat' dir='ltr'><strong>ita</strong></span> 
     </span>
    </p>
   </div>
   <div class='ocr_carea' id='block_1_32' title="bbox 209 3392 1801 3467">
    <p class='ocr_par' dir='ltr' id='par_1_32' title="bbox 209 3392 1801 3467">
     <span class='ocr_line' id='line_1_32' title="bbox 209 3392 1801 3467; baseline 0 -19"><span class='ocrx_word' id='word_1_244' title='bbox 209 3405 332 3448; x_wconf 84' lang='lat' dir='ltr'><strong>esse</strong></span> <span class='ocrx_word' id='word_1_245' title='bbox 351 3392 696 3465; x_wconf 83' lang='lat' dir='ltr'><strong>intelligenda</strong></span> <span class='ocrx_word' id='word_1_246' title='bbox 715 3403 799 3450; x_wconf 86' lang='lat' dir='ltr'><strong>est</strong></span> <span class='ocrx_word' id='word_1_247' title='bbox 812 3409 960 3450; x_wconf 91' lang='lat' dir='ltr'><strong>mors</strong></span> <span class='ocrx_word' id='word_1_248' title='bbox 980 3394 1082 3450; x_wconf 89' lang='lat' dir='ltr'><strong>ista</strong></span> <span class='ocrx_word' id='word_1_249' title='bbox 1100 3394 1345 3465; x_wconf 65' lang='lat' dir='ltr'><strong>poenalis.</strong></span> <span class='ocrx_word' id='word_1_250' title='bbox 1362 3394 1588 3450; x_wconf 64' lang='lat' dir='ltr'><strong>Prtemio</strong></span> <span class='ocrx_word' id='word_1_251' title='bbox 1602 3393 1801 3467; x_wconf 85' lang='lat' dir='ltr'><strong>quippe</strong></span> 
     </span>
    </p>
   </div>
   <div class='ocr_carea' id='block_1_33' title="bbox 206 3486 1798 3559">
    <p class='ocr_par' dir='ltr' id='par_1_33' title="bbox 206 3486 1798 3559">
     <span class='ocr_line' id='line_1_33' title="bbox 206 3486 1798 3559; baseline 0.003 -18"><span class='ocrx_word' id='word_1_252' title='bbox 206 3500 237 3541; x_wconf 85' lang='lat' dir='ltr'><strong>a</strong></span> <span class='ocrx_word' id='word_1_253' title='bbox 261 3488 537 3542; x_wconf 80' lang='lat' dir='ltr'><strong>contrario</strong></span> <span class='ocrx_word' id='word_1_254' title='bbox 566 3503 676 3544; x_wconf 90' lang='lat' dir='ltr'><strong>non</strong></span> <span class='ocrx_word' id='word_1_255' title='bbox 695 3488 983 3559; x_wconf 88' lang='lat' dir='ltr'><strong>opponitur</strong></span> <span class='ocrx_word' id='word_1_256' title='bbox 1011 3497 1220 3555; x_wconf 89' lang='lat' dir='ltr'><strong>natura,</strong></span> <span class='ocrx_word' id='word_1_257' title='bbox 1254 3486 1348 3545; x_wconf 88' lang='lat' dir='ltr'><strong>sed</strong></span> <span class='ocrx_word' id='word_1_258' title='bbox 1376 3503 1554 3559; x_wconf 64' lang='lat' dir='ltr'><strong>paena.</strong></span> <span class='ocrx_word' id='word_1_259' title='bbox 1586 3488 1654 3544; x_wconf 88' lang='lat' dir='ltr'><strong>Et</strong></span> <span class='ocrx_word' id='word_1_260' title='bbox 1676 3487 1798 3545; x_wconf 89' lang='lat' dir='ltr'><strong>ideo</strong></span> 
     </span>
    </p>
   </div>
   <div class='ocr_carea' id='block_1_34' title="bbox 206 3580 1797 3653">
    <p class='ocr_par' dir='ltr' id='par_1_34' title="bbox 206 3580 1797 3653">
     <span class='ocr_line' id='line_1_34' title="bbox 206 3580 1797 3653; baseline 0.001 -18"><span class='ocrx_word' id='word_1_261' title='bbox 206 3580 315 3636; x_wconf 88' lang='lat' dir='ltr'><strong>isto</strong></span> <span class='ocrx_word' id='word_1_262' title='bbox 343 3581 487 3646; x_wconf 90' lang='lat' dir='ltr'><strong>loco,</strong></span> <span class='ocrx_word' id='word_1_263' title='bbox 533 3581 621 3637; x_wconf 90' lang='lat' dir='ltr'><strong>ubi</strong></span> <span class='ocrx_word' id='word_1_264' title='bbox 661 3582 982 3638; x_wconf 87' lang='lat' dir='ltr'><strong>resurrectio</strong></span> <span class='ocrx_word' id='word_1_265' title='bbox 1026 3582 1270 3653; x_wconf 91' lang='lat' dir='ltr'><strong>corporis</strong></span> <span class='ocrx_word' id='word_1_266' title='bbox 1313 3580 1603 3651; x_wconf 87' lang='lat' dir='ltr'><strong>opponitur</strong></span> <span class='ocrx_word' id='word_1_267' title='bbox 1638 3581 1797 3636; x_wconf 90' lang='lat' dir='ltr'><strong>morti</strong></span> 
     </span>
    </p>
   </div>
   <div class='ocr_carea' id='block_1_35' title="bbox 204 3674 1793 3746">
    <p class='ocr_par' dir='ltr' id='par_1_35' title="bbox 204 3674 1793 3746">
     <span class='ocr_line' id='line_1_35' title="bbox 204 3674 1793 3746; baseline -0.002 -15"><span class='ocrx_word' id='word_1_268' title='bbox 204 3677 477 3746; x_wconf 87' lang='lat' dir='ltr'><strong>corporis,</strong></span> <span class='ocrx_word' id='word_1_269' title='bbox 514 3691 624 3731; x_wconf 86' lang='lat' dir='ltr'><strong>non</strong></span> <span class='ocrx_word' id='word_1_270' title='bbox 650 3675 718 3731; x_wconf 91' lang='lat' dir='ltr'><strong>de</strong></span> <span class='ocrx_word' id='word_1_271' title='bbox 746 3676 1016 3732; x_wconf 91' lang='lat' dir='ltr'><strong>communi</strong></span> <span class='ocrx_word' id='word_1_272' title='bbox 1047 3675 1441 3732; x_wconf 89' lang='lat' dir='ltr'><strong>resurrectione</strong></span> <span class='ocrx_word' id='word_1_273' title='bbox 1483 3674 1590 3746; x_wconf 86' lang='lat' dir='ltr'><strong>agit</strong></span> <span class='ocrx_word' id='word_1_274' title='bbox 1644 3676 1793 3743; x_wconf 81' lang='lat' dir='ltr'><strong>Apo-</strong></span> 
     </span>
    </p>
   </div>
   <div class='ocr_carea' id='block_1_36' title="bbox 206 3766 1796 3839">
    <p class='ocr_par' dir='ltr' id='par_1_36' title="bbox 206 3766 1796 3839">
     <span class='ocr_line' id='line_1_36' title="bbox 206 3766 1796 3839; baseline 0.001 -18"><span class='ocrx_word' id='word_1_275' title='bbox 206 3767 410 3835; x_wconf 88' lang='lat' dir='ltr'><strong>stolus,</strong></span> <span class='ocrx_word' id='word_1_276' title='bbox 436 3783 557 3839; x_wconf 78' lang='lat' dir='ltr'><strong>qua:</strong></span> <span class='ocrx_word' id='word_1_277' title='bbox 588 3767 654 3824; x_wconf 89' lang='lat' dir='ltr'><strong>ad</strong></span> <span class='ocrx_word' id='word_1_278' title='bbox 671 3768 846 3839; x_wconf 88' lang='lat' dir='ltr'><strong>justos</strong></span> <span class='ocrx_word' id='word_1_279' title='bbox 870 3776 927 3824; x_wconf 88' lang='lat' dir='ltr'><strong>et</strong></span> <span class='ocrx_word' id='word_1_280' title='bbox 952 3768 1180 3839; x_wconf 90' lang='lat' dir='ltr'><strong>injustos</strong></span> <span class='ocrx_word' id='word_1_281' title='bbox 1195 3767 1459 3839; x_wconf 84' lang='lat' dir='ltr'><strong>pertinet;</strong></span> <span class='ocrx_word' id='word_1_282' title='bbox 1492 3766 1586 3823; x_wconf 89' lang='lat' dir='ltr'><strong>sed</strong></span> <span class='ocrx_word' id='word_1_283' title='bbox 1611 3766 1681 3823; x_wconf 91' lang='lat' dir='ltr'><strong>de</strong></span> <span class='ocrx_word' id='word_1_284' title='bbox 1708 3767 1796 3822; x_wconf 87' lang='lat' dir='ltr'><strong>illa</strong></span> 
     </span>
    </p>
   </div>
   <div class='ocr_carea' id='block_1_37' title="bbox 206 3858 1796 3932">
    <p class='ocr_par' dir='ltr' id='par_1_37' title="bbox 206 3858 1796 3932">
     <span class='ocr_line' id='line_1_37' title="bbox 206 3858 1796 3932; baseline -0.002 -16"><span class='ocrx_word' id='word_1_285' title='bbox 206 3860 421 3931; x_wconf 86' lang='lat' dir='ltr'><strong>potius,</strong></span> <span class='ocrx_word' id='word_1_286' title='bbox 460 3860 517 3916; x_wconf 90' lang='lat' dir='ltr'><strong>in</strong></span> <span class='ocrx_word' id='word_1_287' title='bbox 554 3876 662 3932; x_wconf 89' lang='lat' dir='ltr'><strong>qua</strong></span> <span class='ocrx_word' id='word_1_288' title='bbox 701 3869 859 3917; x_wconf 87' lang='lat' dir='ltr'><strong>erunt</strong></span> <span class='ocrx_word' id='word_1_289' title='bbox 897 3861 988 3932; x_wconf 91' lang='lat' dir='ltr'><strong>qui</strong></span> <span class='ocrx_word' id='word_1_290' title='bbox 1015 3860 1423 3916; x_wconf 87' lang='lat' dir='ltr'><strong>viviﬁcabuntur</strong></span> <span class='ocrx_word' id='word_1_291' title='bbox 1462 3860 1518 3915; x_wconf 91' lang='lat' dir='ltr'><strong>in</strong></span> <span class='ocrx_word' id='word_1_292' title='bbox 1560 3858 1796 3927; x_wconf 88' lang='lat' dir='ltr'><strong>Christo,</strong></span> 
     </span>
    </p>
   </div>
   <div class='ocr_carea' id='block_1_38' title="bbox 206 3952 1800 4025">
    <p class='ocr_par' dir='ltr' id='par_1_38' title="bbox 206 3952 1800 4025">
     <span class='ocr_line' id='line_1_38' title="bbox 206 3952 1800 4025; baseline 0 -17"><span class='ocrx_word' id='word_1_293' title='bbox 206 3967 317 4008; x_wconf 91' lang='lat' dir='ltr'><strong>non</strong></span> <span class='ocrx_word' id='word_1_294' title='bbox 357 3953 452 4025; x_wconf 92' lang='lat' dir='ltr'><strong>qui</strong></span> <span class='ocrx_word' id='word_1_295' title='bbox 493 3953 886 4009; x_wconf 87' lang='lat' dir='ltr'><strong>damnabuntur</strong></span> <span class='ocrx_word' id='word_1_296' title='bbox 908 3969 941 4009; x_wconf 87' lang='lat' dir='ltr'><strong>a</strong></span> <span class='ocrx_word' id='word_1_297' title='bbox 964 3952 1177 4009; x_wconf 85' lang='lat' dir='ltr'><strong>Christo</strong></span> <span class='ocrx_word' id='word_1_298' title='bbox 1210 3970 1224 4008; x_wconf 92' lang='lat'><strong>:</strong></span> <span class='ocrx_word' id='word_1_299' title='bbox 1254 3952 1497 4024; x_wconf 84' lang='lat' dir='ltr'><strong>quamvis</strong></span> <span class='ocrx_word' id='word_1_300' title='bbox 1540 3962 1800 4023; x_wconf 83' lang='lat' dir='ltr'><strong>utrosque</strong></span> 
     </span>
    </p>
   </div>
   <div class='ocr_carea' id='block_1_39' title="bbox 208 4044 1802 4118">
    <p class='ocr_par' dir='ltr' id='par_1_39' title="bbox 208 4044 1802 4118">
     <span class='ocr_line' id='line_1_39' title="bbox 208 4044 1802 4118; baseline -0.001 -17"><span class='ocrx_word' id='word_1_301' title='bbox 208 4046 325 4116; x_wconf 81' lang='lat' dir='ltr'><strong>ipse</strong></span> <span class='ocrx_word' id='word_1_302' title='bbox 347 4061 633 4118; x_wconf 84' lang='lat' dir='ltr'><strong>resurgere</strong></span> <span class='ocrx_word' id='word_1_303' title='bbox 661 4047 839 4116; x_wconf 81' lang='lat' dir='ltr'><strong>faciat,</strong></span> <span class='ocrx_word' id='word_1_304' title='bbox 861 4045 1014 4117; x_wconf 89' lang='lat' dir='ltr'><strong>cujus</strong></span> <span class='ocrx_word' id='word_1_305' title='bbox 1040 4061 1227 4101; x_wconf 91' lang='lat' dir='ltr'><strong>vocem</strong></span> <span class='ocrx_word' id='word_1_306' title='bbox 1256 4045 1475 4101; x_wconf 87' lang='lat' dir='ltr'><strong>audient</strong></span> <span class='ocrx_word' id='word_1_307' title='bbox 1501 4059 1689 4100; x_wconf 87' lang='lat' dir='ltr'><strong>omnes</strong></span> <span class='ocrx_word' id='word_1_308' title='bbox 1710 4044 1802 4115; x_wconf 90' lang='lat' dir='ltr'><strong>qui</strong></span> 
     </span>
    </p>
   </div>
   <div class='ocr_carea' id='block_1_40' title="bbox 208 4136 1799 4209">
    <p class='ocr_par' dir='ltr' id='par_1_40' title="bbox 208 4136 1799 4209">
     <span class='ocr_line' id='line_1_40' title="bbox 208 4136 1799 4209; baseline -0.002 -17"><span class='ocrx_word' id='word_1_309' title='bbox 208 4136 264 4192; x_wconf 91' lang='lat' dir='ltr'><strong>in</strong></span> <span class='ocrx_word' id='word_1_310' title='bbox 285 4138 655 4193; x_wconf 86' lang='lat' dir='ltr'><strong>monumentis</strong></span> <span class='ocrx_word' id='word_1_311' title='bbox 677 4147 832 4204; x_wconf 90' lang='lat' dir='ltr'><strong>sunt;</strong></span> <span class='ocrx_word' id='word_1_312' title='bbox 855 4148 909 4193; x_wconf 92' lang='lat' dir='ltr'><strong>et</strong></span> <span class='ocrx_word' id='word_1_313' title='bbox 936 4137 1336 4209; x_wconf 90' lang='lat' dir='ltr'><strong>procedentqui</strong></span> <span class='ocrx_word' id='word_1_314' title='bbox 1374 4137 1512 4192; x_wconf 89' lang='lat' dir='ltr'><strong>bene</strong></span> <span class='ocrx_word' id='word_1_315' title='bbox 1532 4137 1770 4192; x_wconf 86' lang='lat' dir='ltr'><strong>fecerunt</strong></span> <span class='ocrx_word' id='word_1_316' title='bbox 1784 4178 1799 4202; x_wconf 93' lang='lat'><strong>,</strong></span> 
     </span>
    </p>
   </div>
   <div class='ocr_carea' id='block_1_41' title="bbox 208 4229 1800 4301">
    <p class='ocr_par' dir='ltr' id='par_1_41' title="bbox 208 4229 1800 4301">
     <span class='ocr_line' id='line_1_41' title="bbox 208 4229 1800 4301; baseline -0.001 -16"><span class='ocrx_word' id='word_1_317' title='bbox 208 4229 267 4285; x_wconf 86' lang='lat' dir='ltr'><strong>in</strong></span> <span class='ocrx_word' id='word_1_318' title='bbox 292 4230 745 4286; x_wconf 88' lang='lat' dir='ltr'><strong>resurrectionem</strong></span> <span class='ocrx_word' id='word_1_319' title='bbox 769 4230 926 4296; x_wconf 78' lang='lat' dir='ltr'><strong>vitae;</strong></span> <span class='ocrx_word' id='word_1_320' title='bbox 955 4230 1045 4301; x_wconf 92' lang='lat' dir='ltr'><strong>qui</strong></span> <span class='ocrx_word' id='word_1_321' title='bbox 1076 4240 1256 4285; x_wconf 88' lang='lat' dir='ltr'><strong>autem</strong></span> <span class='ocrx_word' id='word_1_322' title='bbox 1299 4229 1436 4283; x_wconf 87' lang='lat' dir='ltr'><strong>mala</strong></span> <span class='ocrx_word' id='word_1_323' title='bbox 1460 4237 1706 4300; x_wconf 90' lang='lat' dir='ltr'><strong>egerunt,</strong></span> <span class='ocrx_word' id='word_1_324' title='bbox 1747 4230 1800 4284; x_wconf 89' lang='lat' dir='ltr'><strong>in</strong></span> 
     </span>
    </p>
   </div>
   <div class='ocr_carea' id='block_1_42' title="bbox 208 4322 1802 4396">
    <p class='ocr_par' dir='ltr' id='par_1_42' title="bbox 208 4322 1802 4396">
     <span class='ocr_line' id='line_1_42' title="bbox 208 4322 1802 4396; baseline 0 -17"><span class='ocrx_word' id='word_1_325' title='bbox 208 4324 667 4381; x_wconf 85' lang='lat' dir='ltr'><strong>resurrectionem</strong></span> <span class='ocrx_word' id='word_1_326' title='bbox 688 4324 872 4395; x_wconf 88' lang='lat' dir='ltr'><strong>judieii</strong></span> <span class='ocrx_word' id='word_1_327' title='bbox 898 4324 1075 4396; x_wconf 77' lang='lat' dir='ltr'><strong>(Joau.</strong></span> <span class='ocrx_word' id='word_1_328' title='bbox 1098 4339 1152 4391; x_wconf 89' lang='lat' dir='ltr'><strong>v,</strong></span> <span class='ocrx_word' id='word_1_329' title='bbox 1190 4323 1262 4380; x_wconf 69' lang='lat'><strong>28</strong></span> <span class='ocrx_word' id='word_1_330' title='bbox 1281 4365 1297 4391; x_wconf 97' lang='lat'><strong>,</strong></span> <span class='ocrx_word' id='word_1_331' title='bbox 1326 4322 1445 4391; x_wconf 73' lang='lat'><strong>29.)</strong></span> <span class='ocrx_word' id='word_1_332' title='bbox 1496 4324 1620 4379; x_wconf 83' lang='lat' dir='ltr'><strong>Ideo</strong></span> <span class='ocrx_word' id='word_1_333' title='bbox 1652 4338 1802 4395; x_wconf 87' lang='lat' dir='ltr'><strong>ergo,</strong></span> 
     </span>
    </p>
   </div>
   <div class='ocr_carea' id='block_1_43' title="bbox 209 4415 1801 4487">
    <p class='ocr_par' dir='ltr' id='par_1_43' title="bbox 209 4415 1801 4487">
     <span class='ocr_line' id='line_1_43' title="bbox 209 4415 1801 4487; baseline -0.001 -16"><span class='ocrx_word' id='word_1_334' title='bbox 209 4424 272 4471; x_wconf 90' lang='lat' dir='ltr'><strong>ut</strong></span> <span class='ocrx_word' id='word_1_335' title='bbox 298 4416 434 4484; x_wconf 88' lang='lat' dir='ltr'><strong>dixi,</strong></span> <span class='ocrx_word' id='word_1_336' title='bbox 465 4432 583 4472; x_wconf 85' lang='lat' dir='ltr'><strong>eam</strong></span> <span class='ocrx_word' id='word_1_337' title='bbox 614 4416 755 4472; x_wconf 84' lang='lat' dir='ltr'><strong>volui</strong></span> <span class='ocrx_word' id='word_1_338' title='bbox 779 4416 800 4447; x_wconf 87' lang='grc'>³</span> <span class='ocrx_word' id='word_1_339' title='bbox 826 4416 1226 4483; x_wconf 88' lang='lat' dir='ltr'><strong>commendare,</strong></span> <span class='ocrx_word' id='word_1_340' title='bbox 1255 4432 1374 4487; x_wconf 65' lang='lat' dir='ltr'><strong>quae</strong></span> <span class='ocrx_word' id='word_1_341' title='bbox 1399 4415 1466 4471; x_wconf 89' lang='lat' dir='ltr'><strong>ad</strong></span> <span class='ocrx_word' id='word_1_342' title='bbox 1489 4415 1801 4471; x_wconf 88' lang='lat' dir='ltr'><strong>beneﬁcium</strong></span> 
     </span>
    </p>
   </div>
   <div class='ocr_carea' id='block_1_44' title="bbox 209 4507 1805 4581">
    <p class='ocr_par' dir='ltr' id='par_1_44' title="bbox 209 4507 1805 4581">
     <span class='ocr_line' id='line_1_44' title="bbox 209 4507 1805 4581; baseline -0.003 -15"><span class='ocrx_word' id='word_1_343' title='bbox 209 4508 418 4566; x_wconf 83' lang='lat' dir='ltr'><strong>Christi</strong></span> <span class='ocrx_word' id='word_1_344' title='bbox 453 4510 704 4581; x_wconf 87' lang='lat' dir='ltr'><strong>pertinet,</strong></span> <span class='ocrx_word' id='word_1_345' title='bbox 731 4524 838 4565; x_wconf 90' lang='lat' dir='ltr'><strong>non</strong></span> <span class='ocrx_word' id='word_1_346' title='bbox 863 4510 1023 4565; x_wconf 90' lang='lat' dir='ltr'><strong>etiam</strong></span> <span class='ocrx_word' id='word_1_347' title='bbox 1057 4509 1224 4574; x_wconf 85' lang='lat' dir='ltr'><strong>illam,</strong></span> <span class='ocrx_word' id='word_1_348' title='bbox 1253 4525 1372 4580; x_wconf 77' lang='lat' dir='ltr'><strong>qua:</strong></span> <span class='ocrx_word' id='word_1_349' title='bbox 1398 4517 1601 4563; x_wconf 88' lang='lat' dir='ltr'><strong>tantum</strong></span> <span class='ocrx_word' id='word_1_350' title='bbox 1627 4507 1693 4562; x_wconf 87' lang='lat' dir='ltr'><strong>ad</strong></span> <span class='ocrx_word' id='word_1_351' title='bbox 1719 4508 1805 4577; x_wconf 90' lang='lat' dir='ltr'><strong>ju-</strong></span> 
     </span>
    </p>
   </div>
   <div class='ocr_carea' id='block_1_45' title="bbox 207 4601 1803 4674">
    <p class='ocr_par' dir='ltr' id='par_1_45' title="bbox 207 4601 1803 4674">
     <span class='ocr_line' id='line_1_45' title="bbox 207 4601 1803 4674; baseline -0.003 -15"><span class='ocrx_word' id='word_1_352' title='bbox 207 4603 417 4659; x_wconf 86' lang='lat' dir='ltr'><strong>dicium</strong></span> <span class='ocrx_word' id='word_1_353' title='bbox 442 4618 459 4669; x_wconf 91' lang='lat'><strong>;</strong></span> <span class='ocrx_word' id='word_1_354' title='bbox 492 4611 550 4659; x_wconf 93' lang='lat' dir='ltr'><strong>ut</strong></span> <span class='ocrx_word' id='word_1_355' title='bbox 577 4603 825 4674; x_wconf 89' lang='lat' dir='ltr'><strong>quoniam</strong></span> <span class='ocrx_word' id='word_1_356' title='bbox 846 4602 946 4659; x_wconf 88' lang='lat' dir='ltr'><strong>ista</strong></span> <span class='ocrx_word' id='word_1_357' title='bbox 973 4601 1259 4672; x_wconf 62' lang='lat' dir='ltr'><strong>priemialis</strong></span> <span class='ocrx_word' id='word_1_358' title='bbox 1288 4610 1393 4668; x_wconf 90' lang='lat' dir='ltr'><strong>est,</strong></span> <span class='ocrx_word' id='word_1_359' title='bbox 1424 4614 1570 4655; x_wconf 88' lang='lat' dir='ltr'><strong>mors</strong></span> <span class='ocrx_word' id='word_1_360' title='bbox 1589 4614 1803 4671; x_wconf 90' lang='lat' dir='ltr'><strong>quoque</strong></span> 
     </span>
    </p>
   </div>
   <div class='ocr_carea' id='block_1_46' title="bbox 208 4692 1807 4766">
    <p class='ocr_par' dir='ltr' id='par_1_46' title="bbox 208 4692 1807 4766">
     <span class='ocr_line' id='line_1_46' title="bbox 208 4692 1807 4766; baseline -0.003 -15"><span class='ocrx_word' id='word_1_361' title='bbox 208 4694 483 4766; x_wconf 88' lang='lat' dir='ltr'><strong>corporis,</strong></span> <span class='ocrx_word' id='word_1_362' title='bbox 509 4711 627 4766; x_wconf 67' lang='lat' dir='ltr'><strong>quae</strong></span> <span class='ocrx_word' id='word_1_363' title='bbox 651 4710 681 4749; x_wconf 89' lang='lat' dir='ltr'><strong>a</strong></span> <span class='ocrx_word' id='word_1_364' title='bbox 704 4695 973 4752; x_wconf 89' lang='lat' dir='ltr'><strong>contrario</strong></span> <span class='ocrx_word' id='word_1_365' title='bbox 1001 4693 1126 4749; x_wconf 86' lang='lat' dir='ltr'><strong>huic</strong></span> <span class='ocrx_word' id='word_1_366' title='bbox 1158 4693 1464 4764; x_wconf 91' lang='lat' dir='ltr'><strong>opponitur,</strong></span> <span class='ocrx_word' id='word_1_367' title='bbox 1492 4692 1807 4747; x_wconf 88' lang='lat' dir='ltr'><strong>ostendatur</strong></span> 
     </span>
    </p>
   </div>
   <div class='ocr_carea' id='block_1_47' title="bbox 208 4785 1806 4858">
    <p class='ocr_par' dir='ltr' id='par_1_47' title="bbox 208 4785 1806 4858">
     <span class='ocr_line' id='line_1_47' title="bbox 208 4785 1806 4858; baseline -0.003 -14"><span class='ocrx_word' id='word_1_368' title='bbox 208 4802 338 4844; x_wconf 83' lang='lat' dir='ltr'><strong>esse</strong></span> <span class='ocrx_word' id='word_1_369' title='bbox 368 4788 614 4858; x_wconf 71' lang='lat' dir='ltr'><strong>ptenalis.</strong></span> <span class='ocrx_word' id='word_1_370' title='bbox 638 4788 784 4844; x_wconf 90' lang='lat' dir='ltr'><strong>Sicut</strong></span> <span class='ocrx_word' id='word_1_371' title='bbox 814 4787 958 4843; x_wconf 91' lang='lat' dir='ltr'><strong>enim</strong></span> <span class='ocrx_word' id='word_1_372' title='bbox 979 4788 1099 4843; x_wconf 66' lang='lat' dir='ltr'><strong>vitae</strong></span> <span class='ocrx_word' id='word_1_373' title='bbox 1124 4800 1288 4853; x_wconf 88' lang='lat' dir='ltr'><strong>mors,</strong></span> <span class='ocrx_word' id='word_1_374' title='bbox 1312 4785 1384 4840; x_wconf 87' lang='lat' dir='ltr'><strong>ita</strong></span> <span class='ocrx_word' id='word_1_375' title='bbox 1406 4786 1624 4858; x_wconf 56' lang='lat' dir='ltr'><strong>praemio</strong></span> <span class='ocrx_word' id='word_1_376' title='bbox 1649 4799 1806 4855; x_wconf 73' lang='lat' dir='ltr'><strong>pmna</strong></span> 
     </span>
    </p>
   </div>
   <div class='ocr_carea' id='block_1_48' title="bbox 207 4877 1810 4952">
    <p class='ocr_par' dir='ltr' id='par_1_48' title="bbox 207 4877 1810 4952">
     <span class='ocr_line' id='line_1_48' title="bbox 207 4877 1810 4952; baseline -0.003 -15"><span class='ocrx_word' id='word_1_377' title='bbox 207 4880 489 4937; x_wconf 86' lang='lat' dir='ltr'><strong>contraria</strong></span> <span class='ocrx_word' id='word_1_378' title='bbox 511 4890 594 4936; x_wconf 91' lang='lat' dir='ltr'><strong>est</strong></span> <span class='ocrx_word' id='word_1_379' title='bbox 617 4897 630 4934; x_wconf 91' lang='lat'>:</span> <span class='ocrx_word' id='word_1_380' title='bbox 656 4895 751 4951; x_wconf 89' lang='lat' dir='ltr'><strong>per</strong></span> <span class='ocrx_word' id='word_1_381' title='bbox 771 4895 930 4952; x_wconf 88' lang='lat' dir='ltr'><strong>quam</strong></span> <span class='ocrx_word' id='word_1_382' title='bbox 954 4894 1187 4951; x_wconf 74' lang='lat' dir='ltr'><strong>pmnam,</strong></span> <span class='ocrx_word' id='word_1_383' title='bbox 1211 4878 1263 4933; x_wconf 90' lang='lat' dir='ltr'><strong>id</strong></span> <span class='ocrx_word' id='word_1_384' title='bbox 1282 4887 1385 4945; x_wconf 90' lang='lat' dir='ltr'><strong>est,</strong></span> <span class='ocrx_word' id='word_1_385' title='bbox 1403 4877 1645 4948; x_wconf 88' lang='lat' dir='ltr'><strong>corporis</strong></span> <span class='ocrx_word' id='word_1_386' title='bbox 1664 4892 1810 4933; x_wconf 85' lang='lat' dir='ltr'><strong>mor-</strong></span> 
     </span>
    </p>
   </div>
   <div class='ocr_carea' id='block_1_49' title="bbox 209 4971 1807 5045">
    <p class='ocr_par' dir='ltr' id='par_1_49' title="bbox 209 4971 1807 5045">
     <span class='ocr_line' id='line_1_49' title="bbox 209 4971 1807 5045; baseline -0.004 -15"><span class='ocrx_word' id='word_1_387' title='bbox 209 4983 348 5040; x_wconf 89' lang='lat' dir='ltr'><strong>tem,</strong></span> <span class='ocrx_word' id='word_1_388' title='bbox 380 4974 632 5044; x_wconf 90' lang='lat' dir='ltr'><strong>quoniam</strong></span> <span class='ocrx_word' id='word_1_389' title='bbox 669 4973 837 5029; x_wconf 88' lang='lat' dir='ltr'><strong>sancti</strong></span> <span class='ocrx_word' id='word_1_390' title='bbox 868 4983 1133 5045; x_wconf 87' lang='lat' dir='ltr'><strong>martyres</strong></span> <span class='ocrx_word' id='word_1_391' title='bbox 1173 4980 1512 5027; x_wconf 85' lang='lat' dir='ltr'><strong>certaverunt</strong></span> <span class='ocrx_word' id='word_1_392' title='bbox 1534 4978 1691 5041; x_wconf 87' lang='lat' dir='ltr'><strong>atque</strong></span> <span class='ocrx_word' id='word_1_393' title='bbox 1724 4971 1807 5025; x_wconf 84' lang='lat' dir='ltr'><strong>vi-</strong></span> 
     </span>
    </p>
   </div>
   <div class='ocr_carea' id='block_1_50' title="bbox 206 5062 1810 5137">
    <p class='ocr_par' dir='ltr' id='par_1_50' title="bbox 206 5062 1810 5137">
     <span class='ocr_line' id='line_1_50' title="bbox 206 5062 1810 5137; baseline -0.002 -16"><span class='ocrx_word' id='word_1_394' title='bbox 206 5074 425 5131; x_wconf 86' lang='lat' dir='ltr'><strong>cerunt,</strong></span> <span class='ocrx_word' id='word_1_395' title='bbox 460 5081 608 5122; x_wconf 89' lang='lat' dir='ltr'><strong>mors</strong></span> <span class='ocrx_word' id='word_1_396' title='bbox 643 5081 830 5123; x_wconf 89' lang='lat' dir='ltr'><strong>eorum</strong></span> <span class='ocrx_word' id='word_1_397' title='bbox 871 5066 922 5121; x_wconf 92' lang='lat' dir='ltr'><strong>in</strong></span> <span class='ocrx_word' id='word_1_398' title='bbox 951 5081 1055 5137; x_wconf 90' lang='lat' dir='ltr'><strong>qua</strong></span> <span class='ocrx_word' id='word_1_399' title='bbox 1091 5080 1233 5120; x_wconf 91' lang='lat' dir='ltr'><strong>nunc</strong></span> <span class='ocrx_word' id='word_1_400' title='bbox 1267 5062 1540 5120; x_wconf 89' lang='lat' dir='ltr'><strong>dormiunt</strong></span> <span class='ocrx_word' id='word_1_401' title='bbox 1584 5065 1636 5118; x_wconf 90' lang='lat' dir='ltr'><strong>in</strong></span> <span class='ocrx_word' id='word_1_402' title='bbox 1682 5079 1810 5119; x_wconf 91' lang='lat' dir='ltr'><strong>con-</strong></span> 
     </span>
    </p>
   </div>
   <div class='ocr_carea' id='block_1_51' title="bbox 205 5157 1809 5230">
    <p class='ocr_par' dir='ltr' id='par_1_51' title="bbox 205 5157 1809 5230">
     <span class='ocr_line' id='line_1_51' title="bbox 205 5157 1809 5230; baseline -0.001 -16"><span class='ocrx_word' id='word_1_403' title='bbox 205 5168 405 5230; x_wconf 88' lang='lat' dir='ltr'><strong>spectu</strong></span> <span class='ocrx_word' id='word_1_404' title='bbox 448 5158 677 5224; x_wconf 90' lang='lat' dir='ltr'><strong>Domini,</strong></span> <span class='ocrx_word' id='word_1_405' title='bbox 728 5173 835 5214; x_wconf 90' lang='lat' dir='ltr'><strong>non</strong></span> <span class='ocrx_word' id='word_1_406' title='bbox 864 5175 962 5215; x_wconf 90' lang='lat' dir='ltr'><strong>suo</strong></span> <span class='ocrx_word' id='word_1_407' title='bbox 1003 5173 1223 5230; x_wconf 86' lang='lat' dir='ltr'><strong>genere,</strong></span> <span class='ocrx_word' id='word_1_408' title='bbox 1268 5158 1363 5213; x_wconf 89' lang='lat' dir='ltr'><strong>sed</strong></span> <span class='ocrx_word' id='word_1_409' title='bbox 1413 5157 1556 5213; x_wconf 89' lang='lat' dir='ltr'><strong>illius</strong></span> <span class='ocrx_word' id='word_1_410' title='bbox 1584 5172 1809 5213; x_wconf 89' lang='lat' dir='ltr'><strong>munere</strong></span> 
     </span>
    </p>
   </div>
   <div class='ocr_carea' id='block_1_52' title="bbox 208 5249 1811 5323">
    <p class='ocr_par' dir='ltr' id='par_1_52' title="bbox 208 5249 1811 5323">
     <span class='ocr_line' id='line_1_52' title="bbox 208 5249 1811 5323; baseline -0.001 -18"><span class='ocrx_word' id='word_1_411' title='bbox 208 5250 456 5321; x_wconf 86' lang='lat' dir='ltr'><strong>pretiosa</strong></span> <span class='ocrx_word' id='word_1_412' title='bbox 509 5259 594 5306; x_wconf 86' lang='lat' dir='ltr'><strong>est</strong></span> <span class='ocrx_word' id='word_1_413' title='bbox 623 5249 794 5323; x_wconf 86' lang='lat' dir='ltr'><strong>(Psal.</strong></span> <span class='ocrx_word' id='word_1_414' title='bbox 837 5266 961 5316; x_wconf 85' lang='lat' dir='ltr'><strong>cxv,</strong></span> <span class='ocrx_word' id='word_1_415' title='bbox 1010 5250 1122 5322; x_wconf 83' lang='grc'><strong>15).</strong></span> <span class='ocrx_word' id='word_1_416' title='bbox 1174 5250 1347 5306; x_wconf 79' lang='lat' dir='ltr'><strong>Etiam</strong></span> <span class='ocrx_word' id='word_1_417' title='bbox 1395 5265 1566 5320; x_wconf 72' lang='lat' dir='ltr'><strong>ptenm</strong></span> <span class='ocrx_word' id='word_1_418' title='bbox 1616 5250 1811 5320; x_wconf 88' lang='lat' dir='ltr'><strong>quippe</strong></span> 
     </span>
    </p>
   </div>
   <div class='ocr_carea' id='block_1_53' title="bbox 204 5342 1809 5413">
    <p class='ocr_par' dir='ltr' id='par_1_53' title="bbox 204 5342 1809 5413">
     <span class='ocr_line' id='line_1_53' title="bbox 204 5342 1809 5413; baseline 0.001 -16"><span class='ocrx_word' id='word_1_419' title='bbox 204 5350 562 5408; x_wconf 85' lang='lat' dir='ltr'><strong>sanctorum,</strong></span> <span class='ocrx_word' id='word_1_420' title='bbox 594 5342 713 5399; x_wconf 89' lang='lat' dir='ltr'><strong>sine</strong></span> <span class='ocrx_word' id='word_1_421' title='bbox 737 5342 1071 5399; x_wconf 87' lang='lat' dir='ltr'><strong>dubitatione</strong></span> <span class='ocrx_word' id='word_1_422' title='bbox 1107 5342 1353 5413; x_wconf 72' lang='lat' dir='ltr'><strong>pretiosa:</strong></span> <span class='ocrx_word' id='word_1_423' title='bbox 1382 5350 1509 5397; x_wconf 89' lang='lat' dir='ltr'><strong>sunt</strong></span> <span class='ocrx_word' id='word_1_424' title='bbox 1537 5358 1551 5396; x_wconf 88' lang='lat'><strong>:</strong></span> <span class='ocrx_word' id='word_1_425' title='bbox 1580 5342 1675 5398; x_wconf 89' lang='lat' dir='ltr'><strong>sed</strong></span> <span class='ocrx_word' id='word_1_426' title='bbox 1703 5357 1809 5398; x_wconf 91' lang='lat' dir='ltr'><strong>non</strong></span> 
     </span>
    </p>
   </div>
   <div class='ocr_carea' id='block_1_54' title="bbox 143 5434 1810 5508">
    <p class='ocr_par' dir='ltr' id='par_1_54' title="bbox 143 5434 1810 5508">
     <span class='ocr_line' id='line_1_54' title="bbox 143 5434 1810 5508; baseline 0.002 -18"><span class='ocrx_word' id='word_1_427' title='bbox 143 5490 152 5508; x_wconf 62' lang='lat'><strong>_.</strong></span> <span class='ocrx_word' id='word_1_428' title='bbox 206 5435 343 5506; x_wconf 85' lang='lat' dir='ltr'><strong>quia</strong></span> <span class='ocrx_word' id='word_1_429' title='bbox 384 5434 635 5508; x_wconf 65' lang='lat' dir='ltr'><strong>pretiosae</strong></span> <span class='ocrx_word' id='word_1_430' title='bbox 680 5443 840 5503; x_wconf 89' lang='lat' dir='ltr'><strong>sunt,</strong></span> <span class='ocrx_word' id='word_1_431' title='bbox 871 5434 994 5492; x_wconf 87' lang='lat' dir='ltr'><strong>ideo</strong></span> <span class='ocrx_word' id='word_1_432' title='bbox 1022 5449 1197 5507; x_wconf 69' lang='lat' dir='ltr'><strong>ptume</strong></span> <span class='ocrx_word' id='word_1_433' title='bbox 1223 5450 1333 5492; x_wconf 90' lang='lat' dir='ltr'><strong>non</strong></span> <span class='ocrx_word' id='word_1_434' title='bbox 1360 5444 1515 5504; x_wconf 87' lang='lat' dir='ltr'><strong>sunt;</strong></span> <span class='ocrx_word' id='word_1_435' title='bbox 1544 5435 1681 5492; x_wconf 90' lang='lat' dir='ltr'><strong>sicut</strong></span> <span class='ocrx_word' id='word_1_436' title='bbox 1703 5451 1810 5493; x_wconf 93' lang='lat' dir='ltr'><strong>non</strong></span> 
     </span>
    </p>
   </div>
   <div class='ocr_carea' id='block_1_55' title="bbox 287 5660 1816 5725">
    <p class='ocr_par' dir='ltr' id='par_1_55' title="bbox 287 5660 1816 5725">
     <span class='ocr_line' id='line_1_55' title="bbox 287 5660 1816 5725; baseline 0.006 -14"><span class='ocrx_word' id='word_1_437' title='bbox 287 5664 306 5695; x_wconf 79' lang='grc' dir='ltr'><strong>ι</strong></span> <span class='ocrx_word' id='word_1_438' title='bbox 331 5668 432 5711; x_wconf 75' lang='lat' dir='ltr'><strong>Hoc</strong></span> <span class='ocrx_word' id='word_1_439' title='bbox 474 5661 593 5711; x_wconf 87' lang='lat' dir='ltr'><strong>item</strong></span> <span class='ocrx_word' id='word_1_440' title='bbox 636 5660 743 5713; x_wconf 86' lang='lat' dir='ltr'><strong>loco</strong></span> <span class='ocrx_word' id='word_1_441' title='bbox 772 5672 925 5713; x_wconf 87' lang='lat' dir='ltr'><strong>unum</strong></span> <span class='ocrx_word' id='word_1_442' title='bbox 958 5673 1012 5714; x_wconf 88' lang='lat' dir='ltr'><strong>et</strong></span> <span class='ocrx_word' id='word_1_443' title='bbox 1050 5662 1258 5716; x_wconf 84' lang='lat' dir='ltr'><strong>alterum</strong></span> <span class='ocrx_word' id='word_1_444' title='bbox 1298 5678 1524 5725; x_wconf 89' lang='lat' dir='ltr'><strong>versum,</strong></span> <span class='ocrx_word' id='word_1_445' title='bbox 1570 5666 1757 5717; x_wconf 87' lang='lat' dir='ltr'><strong>scilicet</strong></span> <span class='ocrx_word' id='word_1_446' title='bbox 1786 5682 1816 5720; x_wconf 88' lang='lat' dir='ltr'><strong>a</strong></span> 
     </span>
    </p>
   </div>
   <div class='ocr_carea' id='block_1_56' title="bbox 207 5724 1815 5800">
    <p class='ocr_par' dir='ltr' id='par_1_56' title="bbox 207 5724 1815 5800">
     <span class='ocr_line' id='line_1_56' title="bbox 207 5724 1815 5800; baseline 0.003 -23"><span class='ocrx_word' id='word_1_447' title='bbox 207 5724 740 5800; x_wconf 32' lang='lat' dir='ltr'><strong>verbis,‘_1ttorit_auur,</strong></span> <span class='ocrx_word' id='word_1_448' title='bbox 763 5727 851 5800; x_wconf 73' lang='lat' dir='ltr'><strong>ait,</strong></span> <span class='ocrx_word' id='word_1_449' title='bbox 872 5740 1033 5800; x_wconf 72' lang='lat' dir='ltr'><strong>usque</strong></span> <span class='ocrx_word' id='word_1_450' title='bbox 1066 5738 1123 5779; x_wconf 81' lang='lat' dir='ltr'><strong>au</strong></span> <span class='ocrx_word' id='word_1_451' title='bbox 1168 5728 1394 5790; x_wconf 81' lang='lat' dir='ltr'><strong>verbum,</strong></span> <span class='ocrx_word' id='word_1_452' title='bbox 1433 5724 1815 5795; x_wconf 77' lang='lat' dir='ltr'><strong>viviﬁcabuntur,</strong></span> 
     </span>
    </p>
   </div>
   <div class='ocr_carea' id='block_1_57' title="bbox 207 5791 1009 5840">
    <p class='ocr_par' dir='ltr' id='par_1_57' title="bbox 207 5791 1009 5840">
     <span class='ocr_line' id='line_1_57' title="bbox 207 5791 1009 5840; baseline -0.001 -2"><span class='ocrx_word' id='word_1_453' title='bbox 207 5791 515 5838; x_wconf 82' lang='lat' dir='ltr'><strong>auctoritate</strong></span> <span class='ocrx_word' id='word_1_454' title='bbox 562 5794 665 5839; x_wconf 79' lang='lat' dir='ltr'><strong>Mss.</strong></span> <span class='ocrx_word' id='word_1_455' title='bbox 691 5791 1009 5840; x_wconf 90' lang='lat' dir='ltr'><strong>restituimus.</strong></span> 
     </span>
    </p>
   </div>
   <div class='ocr_carea' id='block_1_58' title="bbox 292 5850 1817 5921">
    <p class='ocr_par' dir='ltr' id='par_1_58' title="bbox 292 5850 1817 5921">
     <span class='ocr_line' id='line_1_58' title="bbox 292 5850 1817 5921; baseline 0.01 -26"><span class='ocrx_word' id='word_1_456' title='bbox 292 5852 314 5882; x_wconf 69' lang='grc' dir='ltr'><strong>ι</strong></span> <span class='ocrx_word' id='word_1_457' title='bbox 338 5850 637 5914; x_wconf 76' lang='lat' dir='ltr'><strong>\‘ignierius,</strong></span> <span class='ocrx_word' id='word_1_458' title='bbox 663 5851 728 5901; x_wconf 86' lang='lat' dir='ltr'><strong>ad</strong></span> <span class='ocrx_word' id='word_1_459' title='bbox 744 5851 881 5921; x_wconf 78' lang='lat' dir='ltr'><strong>illam</strong></span> <span class='ocrx_word' id='word_1_460' title='bbox 900 5860 1099 5906; x_wconf 81' lang='lat' dir='ltr'><strong>mortem</strong></span> <span class='ocrx_word' id='word_1_461' title='bbox 1116 5855 1399 5920; x_wconf 79' lang='lat' dir='ltr'><strong>pertineant.</strong></span> <span class='ocrx_word' id='word_1_462' title='bbox 1425 5864 1460 5906; x_wconf 79' lang='grc' dir='ltr'>Α</span> <span class='ocrx_word' id='word_1_463' title='bbox 1478 5856 1714 5920; x_wconf 52' lang='lat' dir='ltr'><strong>Mittimus,</strong></span> <span class='ocrx_word' id='word_1_464' title='bbox 1739 5857 1817 5921; x_wconf 61' lang='grc' dir='ltr'>[ιιι</span> 
     </span>
    </p>
   </div>
   <div class='ocr_carea' id='block_1_59' title="bbox 205 5916 890 5980">
    <p class='ocr_par' dir='ltr' id='par_1_59' title="bbox 205 5916 890 5980">
     <span class='ocr_line' id='line_1_59' title="bbox 205 5916 890 5980; baseline 0.004 -18"><span class='ocrx_word' id='word_1_465' title='bbox 205 5918 405 5980; x_wconf 66' lang='lat' dir='ltr'><strong>atrurn,</strong></span> <span class='ocrx_word' id='word_1_466' title='bbox 432 5927 497 5963; x_wconf 86' lang='lat' dir='ltr'><strong>ex</strong></span> <span class='ocrx_word' id='word_1_467' title='bbox 538 5916 890 5980; x_wconf 75' lang='lat' dir='ltr'><strong>manuscriptis.</strong></span> 
     </span>
    </p>
   </div>
   <div class='ocr_carea' id='block_1_60' title="bbox 294 5974 682 6039">
    <p class='ocr_par' dir='ltr' id='par_1_60' title="bbox 294 5974 682 6039">
     <span class='ocr_line' id='line_1_60' title="bbox 294 5974 682 6039; baseline 0.005 -13"><span class='ocrx_word' id='word_1_468' title='bbox 294 5976 318 6012; x_wconf 79' lang='grc'><strong><em>³</em></strong></span> <span class='ocrx_word' id='word_1_469' title='bbox 339 5981 499 6039; x_wconf 74' lang='lat' dir='ltr'><strong>Forte,</strong></span> <span class='ocrx_word' id='word_1_470' title='bbox 520 5974 682 6029; x_wconf 74' lang='lat' dir='ltr'><strong>voluit.</strong></span> 
     </span>
    </p>
   </div>
   <div class='ocr_carea' id='block_1_61' title="bbox 1571 475 2099 539">
    <p class='ocr_par' dir='ltr' id='par_1_61' title="bbox 1571 475 2099 539">
     <span class='ocr_line' id='line_1_61' title="bbox 1571 475 2099 539; baseline 0.002 -1"><span class='ocrx_word' id='word_1_471' title='bbox 1571 478 1773 539; x_wconf 77' lang='lat' dir='ltr'><strong>LIBER</strong></span> <span class='ocrx_word' id='word_1_472' title='bbox 1805 475 2099 539; x_wconf 68' lang='lat' dir='ltr'><strong>SEXTUS.</strong></span> 
     </span>
    </p>
   </div>
   <div class='ocr_carea' id='block_1_62' title="bbox 3342 481 3489 544">
    <p class='ocr_par' dir='ltr' id='par_1_62' title="bbox 3342 481 3489 544">
     <span class='ocr_line' id='line_1_62' title="bbox 3342 481 3489 544; baseline 0.02 -3"><span class='ocrx_word' id='word_1_473' title='bbox 3342 481 3489 544; x_wconf 69' lang='grc'>1594</span> 
     </span>
    </p>
   </div>
   <div class='ocr_carea' id='block_1_63' title="bbox 1905 599 3490 675">
    <p class='ocr_par' dir='ltr' id='par_1_63' title="bbox 1905 599 3490 675">
     <span class='ocr_line' id='line_1_63' title="bbox 1905 599 3490 675; baseline 0.004 -21"><span class='ocrx_word' id='word_1_474' title='bbox 1905 599 2025 670; x_wconf 88' lang='lat' dir='ltr'><strong>quia</strong></span> <span class='ocrx_word' id='word_1_475' title='bbox 2069 615 2241 671; x_wconf 69' lang='lat' dir='ltr'><strong>prauae</strong></span> <span class='ocrx_word' id='word_1_476' title='bbox 2282 608 2436 672; x_wconf 89' lang='lat' dir='ltr'><strong>sunt,</strong></span> <span class='ocrx_word' id='word_1_477' title='bbox 2472 599 2594 658; x_wconf 90' lang='lat' dir='ltr'><strong>ideo</strong></span> <span class='ocrx_word' id='word_1_478' title='bbox 2621 600 2870 673; x_wconf 69' lang='lat' dir='ltr'><strong>pretiosa:</strong></span> <span class='ocrx_word' id='word_1_479' title='bbox 2914 610 3068 671; x_wconf 89' lang='lat' dir='ltr'><strong>sunt;</strong></span> <span class='ocrx_word' id='word_1_480' title='bbox 3100 602 3193 660; x_wconf 90' lang='lat' dir='ltr'><strong>sed</strong></span> <span class='ocrx_word' id='word_1_481' title='bbox 3236 603 3358 675; x_wconf 82' lang='lat' dir='ltr'><strong>quia</strong></span> <span class='ocrx_word' id='word_1_482' title='bbox 3390 617 3490 675; x_wconf 89' lang='lat' dir='ltr'><strong>pro</strong></span> 
     </span>
    </p>
   </div>
   <div class='ocr_carea' id='block_1_64' title="bbox 1902 692 3488 766">
    <p class='ocr_par' dir='ltr' id='par_1_64' title="bbox 1902 692 3488 766">
     <span class='ocr_line' id='line_1_64' title="bbox 1902 692 3488 766; baseline 0.004 -19"><span class='ocrx_word' id='word_1_483' title='bbox 1902 692 2128 749; x_wconf 88' lang='lat' dir='ltr'><strong>veritate</strong></span> <span class='ocrx_word' id='word_1_484' title='bbox 2149 703 2432 766; x_wconf 69' lang='lat' dir='ltr'><strong>susceptae,</strong></span> <span class='ocrx_word' id='word_1_485' title='bbox 2447 693 2532 750; x_wconf 90' lang='lat' dir='ltr'><strong>vel</strong></span> <span class='ocrx_word' id='word_1_486' title='bbox 2548 708 2669 750; x_wconf 91' lang='lat' dir='ltr'><strong>cum</strong></span> <span class='ocrx_word' id='word_1_487' title='bbox 2693 693 2888 764; x_wconf 84' lang='lat' dir='ltr'><strong>pietate</strong></span> <span class='ocrx_word' id='word_1_488' title='bbox 2913 696 3150 751; x_wconf 77' lang='lat' dir='ltr'><strong>toleratae</strong></span> <span class='ocrx_word' id='word_1_489' title='bbox 3169 704 3314 752; x_wconf 92' lang='lat' dir='ltr'><strong>sunt.</strong></span> <span class='ocrx_word' id='word_1_490' title='bbox 3333 695 3488 753; x_wconf 81' lang='lat' dir='ltr'><strong>Hunc</strong></span> 
     </span>
    </p>
   </div>
   <div class='ocr_carea' id='block_1_65' title="bbox 1904 787 3488 858">
    <p class='ocr_par' dir='ltr' id='par_1_65' title="bbox 1904 787 3488 858">
     <span class='ocr_line' id='line_1_65' title="bbox 1904 787 3488 858; baseline 0.003 -18"><span class='ocrx_word' id='word_1_491' title='bbox 1904 799 2120 842; x_wconf 86' lang='lat' dir='ltr'><strong>sensum</strong></span> <span class='ocrx_word' id='word_1_492' title='bbox 2146 802 2331 842; x_wconf 90' lang='lat' dir='ltr'><strong>sanum</strong></span> <span class='ocrx_word' id='word_1_493' title='bbox 2354 797 2408 843; x_wconf 93' lang='lat' dir='ltr'><strong>et</strong></span> <span class='ocrx_word' id='word_1_494' title='bbox 2433 787 2753 843; x_wconf 90' lang='lat' dir='ltr'><strong>catholicum</strong></span> <span class='ocrx_word' id='word_1_495' title='bbox 2778 787 2824 843; x_wconf 90' lang='lat' dir='ltr'><strong>si</strong></span> <span class='ocrx_word' id='word_1_496' title='bbox 2863 796 3094 853; x_wconf 88' lang='lat' dir='ltr'><strong>teneres,</strong></span> <span class='ocrx_word' id='word_1_497' title='bbox 3124 805 3227 844; x_wconf 87' lang='lat' dir='ltr'><strong>non</strong></span> <span class='ocrx_word' id='word_1_498' title='bbox 3254 789 3305 843; x_wconf 90' lang='lat' dir='ltr'><strong>in</strong></span> <span class='ocrx_word' id='word_1_499' title='bbox 3333 803 3488 858; x_wconf 83' lang='lat' dir='ltr'><strong>para-</strong></span> 
     </span>
    </p>
   </div>
   <div class='ocr_carea' id='block_1_66' title="bbox 1903 878 3487 951">
    <p class='ocr_par' dir='ltr' id='par_1_66' title="bbox 1903 878 3487 951">
     <span class='ocr_line' id='line_1_66' title="bbox 1903 878 3487 951; baseline 0.004 -18"><span class='ocrx_word' id='word_1_500' title='bbox 1903 878 2076 935; x_wconf 89' lang='lat' dir='ltr'><strong>disum</strong></span> <span class='ocrx_word' id='word_1_501' title='bbox 2110 880 2232 947; x_wconf 88' lang='lat' dir='ltr'><strong>Dei,</strong></span> <span class='ocrx_word' id='word_1_502' title='bbox 2266 884 2367 936; x_wconf 92' lang='lat' dir='ltr'><strong>hoc</strong></span> <span class='ocrx_word' id='word_1_503' title='bbox 2402 892 2504 943; x_wconf 85' lang='lat' dir='ltr'><strong>est,</strong></span> <span class='ocrx_word' id='word_1_504' title='bbox 2530 881 2581 936; x_wconf 89' lang='lat' dir='ltr'><strong>in</strong></span> <span class='ocrx_word' id='word_1_505' title='bbox 2610 880 2785 936; x_wconf 88' lang='lat' dir='ltr'><strong>locum</strong></span> <span class='ocrx_word' id='word_1_506' title='bbox 2813 891 3118 937; x_wconf 89' lang='lat' dir='ltr'><strong>sanctarum</strong></span> <span class='ocrx_word' id='word_1_507' title='bbox 3142 882 3487 951; x_wconf 87' lang='lat' dir='ltr'><strong>deliciarum,</strong></span> 
     </span>
    </p>
   </div>
   <div class='ocr_carea' id='block_1_67' title="bbox 1904 973 3489 1045">
    <p class='ocr_par' dir='ltr' id='par_1_67' title="bbox 1904 973 3489 1045">
     <span class='ocr_line' id='line_1_67' title="bbox 1904 973 3489 1045; baseline 0.003 -18"><span class='ocrx_word' id='word_1_508' title='bbox 1904 986 2010 1027; x_wconf 90' lang='lat' dir='ltr'><strong>non</strong></span> <span class='ocrx_word' id='word_1_509' title='bbox 2030 973 2203 1030; x_wconf 89' lang='lat' dir='ltr'><strong>solum</strong></span> <span class='ocrx_word' id='word_1_510' title='bbox 2233 974 2480 1029; x_wconf 90' lang='lat' dir='ltr'><strong>mortium</strong></span> <span class='ocrx_word' id='word_1_511' title='bbox 2526 989 2732 1045; x_wconf 73' lang='lat' dir='ltr'><strong>premis,</strong></span> <span class='ocrx_word' id='word_1_512' title='bbox 2762 989 2945 1028; x_wconf 87' lang='lat' dir='ltr'><strong>verum</strong></span> <span class='ocrx_word' id='word_1_513' title='bbox 2984 974 3144 1029; x_wconf 88' lang='lat' dir='ltr'><strong>etiam</strong></span> <span class='ocrx_word' id='word_1_514' title='bbox 3185 973 3489 1031; x_wconf 84' lang='lat' dir='ltr'><strong>mortifera-</strong></span> 
     </span>
    </p>
   </div>
   <div class='ocr_carea' id='block_1_68' title="bbox 1904 1064 3595 1148">
    <p class='ocr_par' dir='ltr' id='par_1_68' title="bbox 1904 1064 3595 1148">
     <span class='ocr_line' id='line_1_68' title="bbox 1904 1064 3595 1148; baseline 0.003 -30"><span class='ocrx_word' id='word_1_515' title='bbox 1904 1079 2021 1120; x_wconf 92' lang='lat' dir='ltr'><strong>rum</strong></span> <span class='ocrx_word' id='word_1_516' title='bbox 2054 1064 2413 1121; x_wconf 88' lang='lat' dir='ltr'><strong>valetudinum</strong></span> <span class='ocrx_word' id='word_1_517' title='bbox 2436 1066 2692 1122; x_wconf 88' lang='lat' dir='ltr'><strong>mitteres.</strong></span> <span class='ocrx_word' id='word_1_518' title='bbox 2718 1067 2906 1122; x_wconf 88' lang='lat' dir='ltr'><strong>Omnis</strong></span> <span class='ocrx_word' id='word_1_519' title='bbox 2932 1076 3110 1121; x_wconf 89' lang='lat' dir='ltr'><strong>autem</strong></span> <span class='ocrx_word' id='word_1_520' title='bbox 3135 1081 3288 1135; x_wconf 70' lang='lat' dir='ltr'><strong>poena</strong></span> <span class='ocrx_word' id='word_1_521' title='bbox 3312 1067 3487 1123; x_wconf 84' lang='lat' dir='ltr'><strong>homi-</strong></span> <span class='ocrx_word' id='word_1_522' title='bbox 3567 1129 3595 1148; x_wconf 30' lang='grc' dir='ltr'>κ</span> 
     </span>
    </p>
   </div>
   <div class='ocr_carea' id='block_1_69' title="bbox 1903 1155 3491 1230">
    <p class='ocr_par' dir='ltr' id='par_1_69' title="bbox 1903 1155 3491 1230">
     <span class='ocr_line' id='line_1_69' title="bbox 1903 1155 3491 1230; baseline 0.003 -20"><span class='ocrx_word' id='word_1_523' title='bbox 1903 1156 1988 1211; x_wconf 89' lang='lat' dir='ltr'><strong>nis</strong></span> <span class='ocrx_word' id='word_1_524' title='bbox 2017 1155 2143 1227; x_wconf 91' lang='lat' dir='ltr'><strong>quid</strong></span> <span class='ocrx_word' id='word_1_525' title='bbox 2184 1166 2284 1223; x_wconf 90' lang='lat' dir='ltr'><strong>est,</strong></span> <span class='ocrx_word' id='word_1_526' title='bbox 2316 1158 2417 1213; x_wconf 92' lang='lat' dir='ltr'><strong>nisi</strong></span> <span class='ocrx_word' id='word_1_527' title='bbox 2446 1174 2605 1230; x_wconf 74' lang='lat' dir='ltr'><strong>pmna</strong></span> <span class='ocrx_word' id='word_1_528' title='bbox 2634 1159 2875 1229; x_wconf 89' lang='lat' dir='ltr'><strong>imaginis</strong></span> <span class='ocrx_word' id='word_1_529' title='bbox 2905 1159 3024 1214; x_wconf 75' lang='lat' dir='ltr'><strong>Dei?</strong></span> <span class='ocrx_word' id='word_1_530' title='bbox 3049 1174 3165 1230; x_wconf 75' lang='lat' dir='ltr'><strong>qua:</strong></span> <span class='ocrx_word' id='word_1_531' title='bbox 3192 1158 3237 1213; x_wconf 90' lang='lat' dir='ltr'><strong>si</strong></span> <span class='ocrx_word' id='word_1_532' title='bbox 3265 1158 3491 1215; x_wconf 77' lang='lat' dir='ltr'><strong>infertur</strong></span> 
     </span>
    </p>
   </div>
   <div class='ocr_carea' id='block_1_70' title="bbox 1904 1247 3491 1322">
    <p class='ocr_par' dir='ltr' id='par_1_70' title="bbox 1904 1247 3491 1322">
     <span class='ocr_line' id='line_1_70' title="bbox 1904 1247 3491 1322; baseline 0.004 -20"><span class='ocrx_word' id='word_1_533' title='bbox 1904 1247 2137 1318; x_wconf 90' lang='lat' dir='ltr'><strong>injuste,</strong></span> <span class='ocrx_word' id='word_1_534' title='bbox 2194 1247 2435 1319; x_wconf 84' lang='lat' dir='ltr'><strong>profecto</strong></span> <span class='ocrx_word' id='word_1_535' title='bbox 2477 1266 2506 1304; x_wconf 89' lang='lat' dir='ltr'><strong>a</strong></span> <span class='ocrx_word' id='word_1_536' title='bbox 2550 1266 2657 1322; x_wconf 91' lang='lat' dir='ltr'><strong>quo</strong></span> <span class='ocrx_word' id='word_1_537' title='bbox 2696 1250 2934 1317; x_wconf 85' lang='lat' dir='ltr'><strong>infertur,</strong></span> <span class='ocrx_word' id='word_1_538' title='bbox 2971 1250 3200 1319; x_wconf 91' lang='lat' dir='ltr'><strong>injustus</strong></span> <span class='ocrx_word' id='word_1_539' title='bbox 3227 1259 3329 1306; x_wconf 91' lang='lat' dir='ltr'><strong>est.</strong></span> <span class='ocrx_word' id='word_1_540' title='bbox 3361 1250 3491 1318; x_wconf 83' lang='lat' dir='ltr'><strong>Quis</strong></span> 
     </span>
    </p>
   </div>
   <div class='ocr_carea' id='block_1_71' title="bbox 1904 1341 3491 1416">
    <p class='ocr_par' dir='ltr' id='par_1_71' title="bbox 1904 1341 3491 1416">
     <span class='ocr_line' id='line_1_71' title="bbox 1904 1341 3491 1416; baseline 0.003 -19"><span class='ocrx_word' id='word_1_541' title='bbox 1904 1357 2065 1412; x_wconf 90' lang='lat' dir='ltr'><strong>porro</strong></span> <span class='ocrx_word' id='word_1_542' title='bbox 2106 1341 2311 1399; x_wconf 90' lang='lat' dir='ltr'><strong>dubitet</strong></span> <span class='ocrx_word' id='word_1_543' title='bbox 2364 1345 2505 1415; x_wconf 83' lang='lat' dir='ltr'><strong>quod</strong></span> <span class='ocrx_word' id='word_1_544' title='bbox 2548 1345 2744 1415; x_wconf 89' lang='lat' dir='ltr'><strong>injuste</strong></span> <span class='ocrx_word' id='word_1_545' title='bbox 2774 1345 3029 1401; x_wconf 67' lang='lat' dir='ltr'><strong>inferatur</strong></span> <span class='ocrx_word' id='word_1_546' title='bbox 3074 1360 3229 1416; x_wconf 74' lang='lat' dir='ltr'><strong>poena</strong></span> <span class='ocrx_word' id='word_1_547' title='bbox 3275 1344 3491 1415; x_wconf 88' lang='lat' dir='ltr'><strong>imagini</strong></span> 
     </span>
    </p>
   </div>
   <div class='ocr_carea' id='block_1_72' title="bbox 1903 1434 3493 1508">
    <p class='ocr_par' dir='ltr' id='par_1_72' title="bbox 1903 1434 3493 1508">
     <span class='ocr_line' id='line_1_72' title="bbox 1903 1434 3493 1508; baseline 0.002 -18"><span class='ocrx_word' id='word_1_548' title='bbox 1903 1434 2019 1502; x_wconf 89' lang='lat' dir='ltr'><strong>Dei,</strong></span> <span class='ocrx_word' id='word_1_549' title='bbox 2049 1435 2153 1491; x_wconf 90' lang='lat' dir='ltr'><strong>nisi</strong></span> <span class='ocrx_word' id='word_1_550' title='bbox 2196 1435 2299 1493; x_wconf 89' lang='lat' dir='ltr'><strong>hoc</strong></span> <span class='ocrx_word' id='word_1_551' title='bbox 2345 1436 2500 1508; x_wconf 82' lang='lat' dir='ltr'><strong>culpa</strong></span> <span class='ocrx_word' id='word_1_552' title='bbox 2533 1438 2831 1493; x_wconf 86' lang='lat' dir='ltr'><strong>meruerit?</strong></span> <span class='ocrx_word' id='word_1_553' title='bbox 2874 1434 3032 1494; x_wconf 82' lang='lat' dir='ltr'><strong>Solu’s</strong></span> <span class='ocrx_word' id='word_1_554' title='bbox 3055 1438 3199 1493; x_wconf 89' lang='lat' dir='ltr'><strong>enim</strong></span> <span class='ocrx_word' id='word_1_555' title='bbox 3231 1438 3493 1493; x_wconf 89' lang='lat' dir='ltr'><strong>mediator</strong></span> 
     </span>
    </p>
   </div>
   <div class='ocr_carea' id='block_1_73' title="bbox 1904 1526 3493 1602">
    <p class='ocr_par' dir='ltr' id='par_1_73' title="bbox 1904 1526 3493 1602">
     <span class='ocr_line' id='line_1_73' title="bbox 1904 1526 3493 1602; baseline 0.002 -19"><span class='ocrx_word' id='word_1_556' title='bbox 1904 1526 2001 1583; x_wconf 91' lang='lat' dir='ltr'><strong>Dei</strong></span> <span class='ocrx_word' id='word_1_557' title='bbox 2027 1537 2081 1583; x_wconf 90' lang='lat' dir='ltr'><strong>et</strong></span> <span class='ocrx_word' id='word_1_558' title='bbox 2103 1529 2400 1596; x_wconf 88' lang='lat' dir='ltr'><strong>hominum,</strong></span> <span class='ocrx_word' id='word_1_559' title='bbox 2433 1532 2593 1585; x_wconf 78' lang='lat' dir='ltr'><strong>homo</strong></span> <span class='ocrx_word' id='word_1_560' title='bbox 2612 1530 2857 1587; x_wconf 84' lang='lat' dir='ltr'><strong>Christus</strong></span> <span class='ocrx_word' id='word_1_561' title='bbox 2877 1530 3034 1587; x_wconf 83' lang='lat' dir='ltr'><strong>Jesus</strong></span> <span class='ocrx_word' id='word_1_562' title='bbox 3053 1531 3169 1586; x_wconf 88' lang='lat' dir='ltr'><strong>sine</strong></span> <span class='ocrx_word' id='word_1_563' title='bbox 3193 1531 3346 1601; x_wconf 87' lang='lat' dir='ltr'><strong>culpa</strong></span> <span class='ocrx_word' id='word_1_564' title='bbox 3371 1545 3493 1602; x_wconf 83' lang='lat' dir='ltr'><strong>per-</strong></span> 
     </span>
    </p>
   </div>
   <div class='ocr_carea' id='block_1_74' title="bbox 1904 1620 3492 1696">
    <p class='ocr_par' dir='ltr' id='par_1_74' title="bbox 1904 1620 3492 1696">
     <span class='ocr_line' id='line_1_74' title="bbox 1904 1620 3492 1696; baseline 0.001 -21"><span class='ocrx_word' id='word_1_565' title='bbox 1904 1620 2022 1675; x_wconf 90' lang='lat' dir='ltr'><strong>tulit</strong></span> <span class='ocrx_word' id='word_1_566' title='bbox 2042 1622 2058 1653; x_wconf 76' lang='grc' dir='ltr'>ί</span> <span class='ocrx_word' id='word_1_567' title='bbox 2091 1637 2327 1693; x_wconf 74' lang='lat' dir='ltr'><strong>pmuam,</strong></span> <span class='ocrx_word' id='word_1_568' title='bbox 2360 1632 2416 1678; x_wconf 93' lang='lat' dir='ltr'><strong>ut</strong></span> <span class='ocrx_word' id='word_1_569' title='bbox 2458 1635 2694 1679; x_wconf 90' lang='lat' dir='ltr'><strong>nostram</strong></span> <span class='ocrx_word' id='word_1_570' title='bbox 2724 1624 2929 1680; x_wconf 89' lang='lat' dir='ltr'><strong>scilicet</strong></span> <span class='ocrx_word' id='word_1_571' title='bbox 2973 1632 3028 1679; x_wconf 91' lang='lat' dir='ltr'><strong>et</strong></span> <span class='ocrx_word' id='word_1_572' title='bbox 3054 1623 3267 1696; x_wconf 90' lang='lat' dir='ltr'><strong>culpam</strong></span> <span class='ocrx_word' id='word_1_573' title='bbox 3294 1639 3492 1679; x_wconf 81' lang='lat' dir='ltr'><strong>vacua-</strong></span> 
     </span>
    </p>
   </div>
   <div class='ocr_carea' id='block_1_75' title="bbox 1904 1718 3493 1789">
    <p class='ocr_par' dir='ltr' id='par_1_75' title="bbox 1904 1718 3493 1789">
     <span class='ocr_line' id='line_1_75' title="bbox 1904 1718 3493 1789; baseline 0.004 -20"><span class='ocrx_word' id='word_1_574' title='bbox 1904 1723 1988 1771; x_wconf 88' lang='lat' dir='ltr'><strong>ret</strong></span> <span class='ocrx_word' id='word_1_575' title='bbox 2009 1725 2064 1771; x_wconf 90' lang='lat' dir='ltr'><strong>et</strong></span> <span class='ocrx_word' id='word_1_576' title='bbox 2092 1732 2340 1787; x_wconf 69' lang='lat' dir='ltr'><strong>pmnam;</strong></span> <span class='ocrx_word' id='word_1_577' title='bbox 2374 1734 2480 1773; x_wconf 92' lang='lat' dir='ltr'><strong>non</strong></span> <span class='ocrx_word' id='word_1_578' title='bbox 2508 1733 2625 1774; x_wconf 89' lang='lat' dir='ltr'><strong>eam</strong></span> <span class='ocrx_word' id='word_1_579' title='bbox 2649 1733 2861 1789; x_wconf 69' lang='lat' dir='ltr'><strong>pmnam</strong></span> <span class='ocrx_word' id='word_1_580' title='bbox 2891 1735 3009 1789; x_wconf 75' lang='lat' dir='ltr'><strong>qum</strong></span> <span class='ocrx_word' id='word_1_581' title='bbox 3036 1718 3228 1774; x_wconf 91' lang='lat' dir='ltr'><strong>luenda</strong></span> <span class='ocrx_word' id='word_1_582' title='bbox 3255 1721 3275 1752; x_wconf 78' lang='lat'>&#39;</span> <span class='ocrx_word' id='word_1_583' title='bbox 3307 1719 3358 1774; x_wconf 93' lang='lat' dir='ltr'><strong>in</strong></span> <span class='ocrx_word' id='word_1_584' title='bbox 3389 1719 3493 1776; x_wconf 88' lang='lat' dir='ltr'><strong>hoc</strong></span> 
     </span>
    </p>
   </div>
   <div class='ocr_carea' id='block_1_76' title="bbox 1904 1807 3492 1881">
    <p class='ocr_par' dir='ltr' id='par_1_76' title="bbox 1904 1807 3492 1881">
     <span class='ocr_line' id='line_1_76' title="bbox 1904 1807 3492 1881; baseline 0.003 -19"><span class='ocrx_word' id='word_1_585' title='bbox 1904 1807 2135 1880; x_wconf 90' lang='lat' dir='ltr'><strong>maligno</strong></span> <span class='ocrx_word' id='word_1_586' title='bbox 2155 1810 2351 1866; x_wconf 63' lang='lat' dir='ltr'><strong>saeculo</strong></span> <span class='ocrx_word' id='word_1_587' title='bbox 2371 1809 2487 1879; x_wconf 90' lang='lat' dir='ltr'><strong>fuit,</strong></span> <span class='ocrx_word' id='word_1_588' title='bbox 2516 1810 2610 1866; x_wconf 91' lang='lat' dir='ltr'><strong>sed</strong></span> <span class='ocrx_word' id='word_1_589' title='bbox 2631 1827 2748 1881; x_wconf 68' lang='lat' dir='ltr'><strong>qua:</strong></span> <span class='ocrx_word' id='word_1_590' title='bbox 2776 1810 2930 1866; x_wconf 89' lang='lat' dir='ltr'><strong>nobis</strong></span> <span class='ocrx_word' id='word_1_591' title='bbox 2948 1810 3246 1867; x_wconf 88' lang='lat' dir='ltr'><strong>debebatur</strong></span> <span class='ocrx_word' id='word_1_592' title='bbox 3268 1821 3492 1867; x_wconf 66' lang='lat' dir='ltr'><strong>aeterna.</strong></span> 
     </span>
    </p>
   </div>
   <div class='ocr_carea' id='block_1_77' title="bbox 1903 1901 3492 1973">
    <p class='ocr_par' dir='ltr' id='par_1_77' title="bbox 1903 1901 3492 1973">
     <span class='ocr_line' id='line_1_77' title="bbox 1903 1901 3492 1973; baseline 0.001 -16"><span class='ocrx_word' id='word_1_593' title='bbox 1903 1901 1971 1957; x_wconf 91' lang='lat' dir='ltr'><strong>Et</strong></span> <span class='ocrx_word' id='word_1_594' title='bbox 1996 1910 2169 1958; x_wconf 87' lang='lat' dir='ltr'><strong>tamen</strong></span> <span class='ocrx_word' id='word_1_595' title='bbox 2201 1902 2315 1973; x_wconf 91' lang='lat' dir='ltr'><strong>ipse</strong></span> <span class='ocrx_word' id='word_1_596' title='bbox 2343 1904 2505 1959; x_wconf 91' lang='lat' dir='ltr'><strong>etiam</strong></span> <span class='ocrx_word' id='word_1_597' title='bbox 2537 1911 2778 1958; x_wconf 87' lang='lat' dir='ltr'><strong>nostrum</strong></span> <span class='ocrx_word' id='word_1_598' title='bbox 2812 1903 2863 1958; x_wconf 89' lang='lat' dir='ltr'><strong>in</strong></span> <span class='ocrx_word' id='word_1_599' title='bbox 2898 1918 2956 1959; x_wconf 86' lang='lat' dir='ltr'><strong>se</strong></span> <span class='ocrx_word' id='word_1_600' title='bbox 2996 1902 3241 1959; x_wconf 80' lang='lat' dir='ltr'><strong>aﬁ&#39;ectum</strong></span> <span class='ocrx_word' id='word_1_601' title='bbox 3262 1946 3279 1972; x_wconf 91' lang='lat'><strong>,</strong></span> <span class='ocrx_word' id='word_1_602' title='bbox 3319 1913 3492 1960; x_wconf 89' lang='lat' dir='ltr'><strong>morte</strong></span> 
     </span>
    </p>
   </div>
   <div class='ocr_carea' id='block_1_78' title="bbox 1903 1994 3491 2067">
    <p class='ocr_par' dir='ltr' id='par_1_78' title="bbox 1903 1994 3491 2067">
     <span class='ocr_line' id='line_1_78' title="bbox 1903 1994 3491 2067; baseline 0.001 -19"><span class='ocrx_word' id='word_1_603' title='bbox 1903 1994 2327 2066; x_wconf 90' lang='lat' dir='ltr'><strong>propinquante,</strong></span> <span class='ocrx_word' id='word_1_604' title='bbox 2369 1995 2669 2065; x_wconf 89' lang='lat' dir='ltr'><strong>suscipiens</strong></span> <span class='ocrx_word' id='word_1_605' title='bbox 2698 2013 2713 2048; x_wconf 88' lang='lat'><strong>:</strong></span> <span class='ocrx_word' id='word_1_606' title='bbox 2739 1994 2915 2059; x_wconf 85' lang='lat' dir='ltr'><strong>Pater,</strong></span> <span class='ocrx_word' id='word_1_607' title='bbox 2966 1996 3156 2066; x_wconf 89' lang='lat' dir='ltr'><strong>inquit,</strong></span> <span class='ocrx_word' id='word_1_608' title='bbox 3181 1996 3226 2051; x_wconf 88' lang='lat' dir='ltr'><strong>si</strong></span> <span class='ocrx_word' id='word_1_609' title='bbox 3253 1996 3367 2066; x_wconf 81' lang='lat' dir='ltr'><strong>ﬁeri</strong></span> <span class='ocrx_word' id='word_1_610' title='bbox 3395 2013 3491 2067; x_wconf 87' lang='lat' dir='ltr'><strong>po-</strong></span> 
     </span>
    </p>
   </div>
   <div class='ocr_carea' id='block_1_79' title="bbox 1902 2088 3493 2162">
    <p class='ocr_par' dir='ltr' id='par_1_79' title="bbox 1902 2088 3493 2162">
     <span class='ocr_line' id='line_1_79' title="bbox 1902 2088 3493 2162; baseline 0.003 -20"><span class='ocrx_word' id='word_1_611' title='bbox 1902 2097 2016 2157; x_wconf 81' lang='lat' dir='ltr'><strong>test,</strong></span> <span class='ocrx_word' id='word_1_612' title='bbox 2044 2098 2267 2145; x_wconf 80' lang='lat' dir='ltr'><strong>transeat</strong></span> <span class='ocrx_word' id='word_1_613' title='bbox 2291 2107 2325 2144; x_wconf 91' lang='lat' dir='ltr'><strong>a</strong></span> <span class='ocrx_word' id='word_1_614' title='bbox 2351 2106 2432 2144; x_wconf 87' lang='lat' dir='ltr'><strong>me</strong></span> <span class='ocrx_word' id='word_1_615' title='bbox 2476 2089 2613 2145; x_wconf 69' lang='lat' dir='ltr'><strong>calix</strong></span> <span class='ocrx_word' id='word_1_616' title='bbox 2653 2090 2749 2144; x_wconf 86' lang='lat' dir='ltr'><strong>iste</strong></span> <span class='ocrx_word' id='word_1_617' title='bbox 2792 2088 3003 2162; x_wconf 78' lang='lat' dir='ltr'><strong>(Matth.</strong></span> <span class='ocrx_word' id='word_1_618' title='bbox 3047 2105 3191 2155; x_wconf 78' lang='lat' dir='ltr'><strong>xxw,</strong></span> <span class='ocrx_word' id='word_1_619' title='bbox 3234 2088 3346 2162; x_wconf 77' lang='lat'><strong>39).</strong></span> <span class='ocrx_word' id='word_1_620' title='bbox 3391 2089 3493 2157; x_wconf 86' lang='lat' dir='ltr'><strong>Qui</strong></span> 
     </span>
    </p>
   </div>
   <div class='ocr_carea' id='block_1_80' title="bbox 1904 2180 3493 2253">
    <p class='ocr_par' dir='ltr' id='par_1_80' title="bbox 1904 2180 3493 2253">
     <span class='ocr_line' id='line_1_80' title="bbox 1904 2180 3493 2253; baseline 0.001 -17"><span class='ocrx_word' id='word_1_621' title='bbox 1904 2182 2086 2252; x_wconf 90' lang='lat' dir='ltr'><strong>utique</strong></span> <span class='ocrx_word' id='word_1_622' title='bbox 2126 2190 2443 2253; x_wconf 87' lang='lat' dir='ltr'><strong>potestatem</strong></span> <span class='ocrx_word' id='word_1_623' title='bbox 2474 2181 2703 2237; x_wconf 88' lang='lat' dir='ltr'><strong>habebat</strong></span> <span class='ocrx_word' id='word_1_624' title='bbox 2730 2180 2961 2253; x_wconf 90' lang='lat' dir='ltr'><strong>ponendi</strong></span> <span class='ocrx_word' id='word_1_625' title='bbox 3001 2188 3056 2237; x_wconf 89' lang='lat' dir='ltr'><strong>et</strong></span> <span class='ocrx_word' id='word_1_626' title='bbox 3083 2180 3327 2236; x_wconf 89' lang='lat' dir='ltr'><strong>sumendi</strong></span> <span class='ocrx_word' id='word_1_627' title='bbox 3374 2181 3493 2237; x_wconf 80' lang='lat' dir='ltr'><strong>ani-</strong></span> 
     </span>
    </p>
   </div>
   <div class='ocr_carea' id='block_1_81' title="bbox 1904 2274 3492 2345">
    <p class='ocr_par' dir='ltr' id='par_1_81' title="bbox 1904 2274 3492 2345">
     <span class='ocr_line' id='line_1_81' title="bbox 1904 2274 3492 2345; baseline 0.003 -18"><span class='ocrx_word' id='word_1_628' title='bbox 1904 2287 2045 2328; x_wconf 91' lang='lat' dir='ltr'><strong>mam</strong></span> <span class='ocrx_word' id='word_1_629' title='bbox 2091 2288 2242 2328; x_wconf 87' lang='lat' dir='ltr'><strong>suam</strong></span> <span class='ocrx_word' id='word_1_630' title='bbox 2272 2291 2285 2329; x_wconf 91' lang='lat'><strong>:</strong></span> <span class='ocrx_word' id='word_1_631' title='bbox 2318 2274 2413 2331; x_wconf 87' lang='lat' dir='ltr'><strong>sed</strong></span> <span class='ocrx_word' id='word_1_632' title='bbox 2443 2284 2670 2329; x_wconf 90' lang='lat' dir='ltr'><strong>mortem</strong></span> <span class='ocrx_word' id='word_1_633' title='bbox 2689 2315 2704 2341; x_wconf 94' lang='lat'><strong>,</strong></span> <span class='ocrx_word' id='word_1_634' title='bbox 2746 2289 2906 2345; x_wconf 90' lang='lat' dir='ltr'><strong>quam</strong></span> <span class='ocrx_word' id='word_1_635' title='bbox 2946 2274 3089 2329; x_wconf 88' lang='lat' dir='ltr'><strong>nulla</strong></span> <span class='ocrx_word' id='word_1_636' title='bbox 3114 2274 3266 2345; x_wconf 89' lang='lat' dir='ltr'><strong>culpa</strong></span> <span class='ocrx_word' id='word_1_637' title='bbox 3294 2289 3492 2345; x_wconf 66' lang='lat' dir='ltr'><strong>prame-</strong></span> 
     </span>
    </p>
   </div>
   <div class='ocr_carea' id='block_1_82' title="bbox 1903 2364 3491 2438">
    <p class='ocr_par' dir='ltr' id='par_1_82' title="bbox 1903 2364 3491 2438">
     <span class='ocr_line' id='line_1_82' title="bbox 1903 2364 3491 2438; baseline 0.002 -18"><span class='ocrx_word' id='word_1_638' title='bbox 1903 2364 2084 2433; x_wconf 89' lang='lat' dir='ltr'><strong>dente,</strong></span> <span class='ocrx_word' id='word_1_639' title='bbox 2118 2381 2217 2436; x_wconf 92' lang='lat' dir='ltr'><strong>pro</strong></span> <span class='ocrx_word' id='word_1_640' title='bbox 2242 2366 2396 2422; x_wconf 91' lang='lat' dir='ltr'><strong>nobis</strong></span> <span class='ocrx_word' id='word_1_641' title='bbox 2420 2366 2713 2433; x_wconf 89' lang='lat' dir='ltr'><strong>voluntate,</strong></span> <span class='ocrx_word' id='word_1_642' title='bbox 2742 2381 2848 2422; x_wconf 92' lang='lat' dir='ltr'><strong>non</strong></span> <span class='ocrx_word' id='word_1_643' title='bbox 2890 2366 3208 2423; x_wconf 86' lang='lat' dir='ltr'><strong>necessitate</strong></span> <span class='ocrx_word' id='word_1_644' title='bbox 3236 2367 3491 2438; x_wconf 86' lang='lat' dir='ltr'><strong>suscepit,</strong></span> 
     </span>
    </p>
   </div>
   <div class='ocr_carea' id='block_1_83' title="bbox 1907 2457 3493 2530">
    <p class='ocr_par' dir='ltr' id='par_1_83' title="bbox 1907 2457 3493 2530">
     <span class='ocr_line' id='line_1_83' title="bbox 1907 2457 3493 2530; baseline 0.001 -15"><span class='ocrx_word' id='word_1_645' title='bbox 1907 2473 2120 2528; x_wconf 69' lang='lat' dir='ltr'><strong>pinnam</strong></span> <span class='ocrx_word' id='word_1_646' title='bbox 2146 2467 2323 2514; x_wconf 89' lang='lat' dir='ltr'><strong>tamen</strong></span> <span class='ocrx_word' id='word_1_647' title='bbox 2352 2474 2472 2514; x_wconf 89' lang='lat' dir='ltr'><strong>esse</strong></span> <span class='ocrx_word' id='word_1_648' title='bbox 2501 2457 2587 2513; x_wconf 89' lang='lat' dir='ltr'><strong>his</strong></span> <span class='ocrx_word' id='word_1_649' title='bbox 2610 2458 2791 2514; x_wconf 88' lang='lat' dir='ltr'><strong>verbis</strong></span> <span class='ocrx_word' id='word_1_650' title='bbox 2816 2458 2929 2514; x_wconf 89' lang='lat' dir='ltr'><strong>suis</strong></span> <span class='ocrx_word' id='word_1_651' title='bbox 2951 2459 3099 2515; x_wconf 90' lang='lat' dir='ltr'><strong>Deus</strong></span> <span class='ocrx_word' id='word_1_652' title='bbox 3124 2458 3213 2514; x_wconf 91' lang='lat' dir='ltr'><strong>ille</strong></span> <span class='ocrx_word' id='word_1_653' title='bbox 3241 2458 3493 2530; x_wconf 84' lang='lat' dir='ltr'><strong>magister</strong></span> 
     </span>
    </p>
   </div>
   <div class='ocr_carea' id='block_1_84' title="bbox 1904 2550 3494 2621">
    <p class='ocr_par' dir='ltr' id='par_1_84' title="bbox 1904 2550 3494 2621">
     <span class='ocr_line' id='line_1_84' title="bbox 1904 2550 3494 2621; baseline 0.001 -16"><span class='ocrx_word' id='word_1_654' title='bbox 1904 2551 2161 2617; x_wconf 65' lang='lat' dir='ltr'><strong>ostetdit,</strong></span> <span class='ocrx_word' id='word_1_655' title='bbox 2194 2566 2355 2621; x_wconf 91' lang='lat' dir='ltr'><strong>quam</strong></span> <span class='ocrx_word' id='word_1_656' title='bbox 2381 2550 2529 2606; x_wconf 87' lang='lat' dir='ltr'><strong>solus</strong></span> <span class='ocrx_word' id='word_1_657' title='bbox 2553 2565 2652 2620; x_wconf 87' lang='lat' dir='ltr'><strong>pro</strong></span> <span class='ocrx_word' id='word_1_658' title='bbox 2678 2560 2859 2606; x_wconf 87' lang='lat' dir='ltr'><strong>nostra</strong></span> <span class='ocrx_word' id='word_1_659' title='bbox 2889 2550 3008 2606; x_wconf 89' lang='lat' dir='ltr'><strong>sine</strong></span> <span class='ocrx_word' id='word_1_660' title='bbox 3038 2550 3144 2605; x_wconf 90' lang='lat' dir='ltr'><strong>ulla</strong></span> <span class='ocrx_word' id='word_1_661' title='bbox 3172 2566 3268 2607; x_wconf 91' lang='lat' dir='ltr'><strong>sua</strong></span> <span class='ocrx_word' id='word_1_662' title='bbox 3296 2551 3494 2621; x_wconf 89' lang='lat' dir='ltr'><strong>iniqui-</strong></span> 
     </span>
    </p>
   </div>
   <div class='ocr_carea' id='block_1_85' title="bbox 1904 2642 3493 2714">
    <p class='ocr_par' dir='ltr' id='par_1_85' title="bbox 1904 2642 3493 2714">
     <span class='ocr_line' id='line_1_85' title="bbox 1904 2642 3493 2714; baseline 0.001 -17"><span class='ocrx_word' id='word_1_663' title='bbox 1904 2650 2012 2697; x_wconf 89' lang='lat' dir='ltr'><strong>tate</strong></span> <span class='ocrx_word' id='word_1_664' title='bbox 2040 2643 2310 2698; x_wconf 89' lang='lat' dir='ltr'><strong>sustinuit.</strong></span> <span class='ocrx_word' id='word_1_665' title='bbox 2337 2642 2394 2699; x_wconf 85' lang='lat' dir='ltr'><strong>Si</strong></span> <span class='ocrx_word' id='word_1_666' title='bbox 2415 2658 2546 2714; x_wconf 88' lang='lat' dir='ltr'><strong>ergo</strong></span> <span class='ocrx_word' id='word_1_667' title='bbox 2566 2643 2667 2698; x_wconf 88' lang='lat' dir='ltr'><strong>ista</strong></span> <span class='ocrx_word' id='word_1_668' title='bbox 2687 2642 2856 2714; x_wconf 85' lang='lat' dir='ltr'><strong>gloria</strong></span> <span class='ocrx_word' id='word_1_669' title='bbox 2869 2642 3250 2699; x_wconf 69' lang='lat' dir='ltr'><strong>misericordia:</strong></span> <span class='ocrx_word' id='word_1_670' title='bbox 3269 2642 3493 2711; x_wconf 86' lang='lat' dir='ltr'><strong>Christi,</strong></span> 
     </span>
    </p>
   </div>
   <div class='ocr_carea' id='block_1_86' title="bbox 1904 2735 3497 2808">
    <p class='ocr_par' dir='ltr' id='par_1_86' title="bbox 1904 2735 3497 2808">
     <span class='ocr_line' id='line_1_86' title="bbox 1904 2735 3497 2808; baseline 0.001 -17"><span class='ocrx_word' id='word_1_671' title='bbox 1904 2750 2008 2805; x_wconf 90' lang='lat' dir='ltr'><strong>qua</strong></span> <span class='ocrx_word' id='word_1_672' title='bbox 2036 2750 2133 2806; x_wconf 90' lang='lat' dir='ltr'><strong>pro</strong></span> <span class='ocrx_word' id='word_1_673' title='bbox 2162 2736 2317 2791; x_wconf 87' lang='lat' dir='ltr'><strong>nobis</strong></span> <span class='ocrx_word' id='word_1_674' title='bbox 2346 2751 2562 2807; x_wconf 70' lang='lat' dir='ltr'><strong>pinnam</strong></span> <span class='ocrx_word' id='word_1_675' title='bbox 2593 2737 2709 2793; x_wconf 90' lang='lat' dir='ltr'><strong>sine</strong></span> <span class='ocrx_word' id='word_1_676' title='bbox 2735 2736 2891 2807; x_wconf 91' lang='lat' dir='ltr'><strong>culpa</strong></span> <span class='ocrx_word' id='word_1_677' title='bbox 2933 2737 3182 2807; x_wconf 91' lang='lat' dir='ltr'><strong>pertulit,</strong></span> <span class='ocrx_word' id='word_1_678' title='bbox 3212 2735 3497 2808; x_wconf 71' lang='lat' dir='ltr'><strong>singularis</strong></span> 
     </span>
    </p>
   </div>
   <div class='ocr_carea' id='block_1_87' title="bbox 1905 2828 3497 2901">
    <p class='ocr_par' dir='ltr' id='par_1_87' title="bbox 1905 2828 3497 2901">
     <span class='ocr_line' id='line_1_87' title="bbox 1905 2828 3497 2901; baseline 0.001 -18"><span class='ocrx_word' id='word_1_679' title='bbox 1905 2837 2009 2894; x_wconf 91' lang='lat' dir='ltr'><strong>est,</strong></span> <span class='ocrx_word' id='word_1_680' title='bbox 2037 2837 2098 2884; x_wconf 94' lang='lat' dir='ltr'><strong>ut</strong></span> <span class='ocrx_word' id='word_1_681' title='bbox 2126 2844 2230 2884; x_wconf 92' lang='lat' dir='ltr'><strong>non</strong></span> <span class='ocrx_word' id='word_1_682' title='bbox 2260 2829 2473 2900; x_wconf 89' lang='lat' dir='ltr'><strong>quidem</strong></span> <span class='ocrx_word' id='word_1_683' title='bbox 2497 2830 2549 2885; x_wconf 92' lang='lat' dir='ltr'><strong>in</strong></span> <span class='ocrx_word' id='word_1_684' title='bbox 2577 2844 2739 2886; x_wconf 90' lang='lat' dir='ltr'><strong>carne</strong></span> <span class='ocrx_word' id='word_1_685' title='bbox 2765 2830 2970 2901; x_wconf 80' lang='lat' dir='ltr'><strong>peccati</strong></span> <span class='ocrx_word' id='word_1_686' title='bbox 2994 2872 3006 2895; x_wconf 93' lang='lat'><strong>,</strong></span> <span class='ocrx_word' id='word_1_687' title='bbox 3041 2830 3135 2886; x_wconf 88' lang='lat' dir='ltr'><strong>sed</strong></span> <span class='ocrx_word' id='word_1_688' title='bbox 3163 2838 3383 2901; x_wconf 89' lang='lat' dir='ltr'><strong>propter</strong></span> <span class='ocrx_word' id='word_1_689' title='bbox 3420 2828 3497 2885; x_wconf 85' lang='lat' dir='ltr'><strong>si-</strong></span> 
     </span>
    </p>
   </div>
   <div class='ocr_carea' id='block_1_88' title="bbox 1906 2920 3497 2992">
    <p class='ocr_par' dir='ltr' id='par_1_88' title="bbox 1906 2920 3497 2992">
     <span class='ocr_line' id='line_1_88' title="bbox 1906 2920 3497 2992; baseline 0.002 -18"><span class='ocrx_word' id='word_1_690' title='bbox 1906 2920 2259 2978; x_wconf 85' lang='lat' dir='ltr'><strong>militudinem</strong></span> <span class='ocrx_word' id='word_1_691' title='bbox 2297 2921 2475 2977; x_wconf 90' lang='lat' dir='ltr'><strong>carnis</strong></span> <span class='ocrx_word' id='word_1_692' title='bbox 2512 2924 2740 2992; x_wconf 88' lang='lat' dir='ltr'><strong>peccati,</strong></span> <span class='ocrx_word' id='word_1_693' title='bbox 2790 2921 2844 2977; x_wconf 91' lang='lat' dir='ltr'><strong>in</strong></span> <span class='ocrx_word' id='word_1_694' title='bbox 2869 2920 3041 2978; x_wconf 82' lang='lat' dir='ltr'><strong>Adam</strong></span> <span class='ocrx_word' id='word_1_695' title='bbox 3082 2930 3297 2988; x_wconf 86' lang='lat' dir='ltr'><strong>tamen,</strong></span> <span class='ocrx_word' id='word_1_696' title='bbox 3330 2936 3360 2976; x_wconf 91' lang='lat' dir='ltr'><strong>a</strong></span> <span class='ocrx_word' id='word_1_697' title='bbox 3391 2936 3497 2992; x_wconf 89' lang='lat' dir='ltr'><strong>quo</strong></span> 
     </span>
    </p>
   </div>
   <div class='ocr_carea' id='block_1_89' title="bbox 1906 3014 3495 3089">
    <p class='ocr_par' dir='ltr' id='par_1_89' title="bbox 1906 3014 3495 3089">
     <span class='ocr_line' id='line_1_89' title="bbox 1906 3014 3495 3089; baseline 0.002 -19"><span class='ocrx_word' id='word_1_698' title='bbox 1906 3014 2182 3071; x_wconf 89' lang='lat' dir='ltr'><strong>descendit</strong></span> <span class='ocrx_word' id='word_1_699' title='bbox 2209 3031 2337 3072; x_wconf 90' lang='lat' dir='ltr'><strong>caro</strong></span> <span class='ocrx_word' id='word_1_700' title='bbox 2365 3018 2592 3088; x_wconf 86' lang='lat' dir='ltr'><strong>peccati,</strong></span> <span class='ocrx_word' id='word_1_701' title='bbox 2621 3016 2783 3073; x_wconf 90' lang='lat' dir='ltr'><strong>etiam</strong></span> <span class='ocrx_word' id='word_1_702' title='bbox 2811 3017 2925 3089; x_wconf 90' lang='lat' dir='ltr'><strong>ipse</strong></span> <span class='ocrx_word' id='word_1_703' title='bbox 2945 3026 3246 3073; x_wconf 89' lang='lat' dir='ltr'><strong>moreretur</strong></span> <span class='ocrx_word' id='word_1_704' title='bbox 3269 3035 3283 3073; x_wconf 90' lang='lat'><strong>:</strong></span> <span class='ocrx_word' id='word_1_705' title='bbox 3308 3017 3495 3089; x_wconf 91' lang='lat' dir='ltr'><strong>procul</strong></span> 
     </span>
    </p>
   </div>
   <div class='ocr_carea' id='block_1_90' title="bbox 1906 3105 3495 3181">
    <p class='ocr_par' dir='ltr' id='par_1_90' title="bbox 1906 3105 3495 3181">
     <span class='ocr_line' id='line_1_90' title="bbox 1906 3105 3495 3181; baseline 0.002 -19"><span class='ocrx_word' id='word_1_706' title='bbox 1906 3105 2069 3163; x_wconf 90' lang='lat' dir='ltr'><strong>dubio</strong></span> <span class='ocrx_word' id='word_1_707' title='bbox 2108 3109 2288 3164; x_wconf 57' lang='lat' dir='ltr'><strong>exteri</strong></span> <span class='ocrx_word' id='word_1_708' title='bbox 2336 3108 2582 3165; x_wconf 88' lang='lat' dir='ltr'><strong>homines</strong></span> <span class='ocrx_word' id='word_1_709' title='bbox 2616 3109 2668 3164; x_wconf 89' lang='lat' dir='ltr'><strong>in</strong></span> <span class='ocrx_word' id='word_1_710' title='bbox 2697 3108 2800 3166; x_wconf 92' lang='lat' dir='ltr'><strong>hoc</strong></span> <span class='ocrx_word' id='word_1_711' title='bbox 2844 3110 3077 3181; x_wconf 91' lang='lat' dir='ltr'><strong>maligno</strong></span> <span class='ocrx_word' id='word_1_712' title='bbox 3103 3108 3320 3176; x_wconf 63' lang='lat' dir='ltr'><strong>sreculo,</strong></span> <span class='ocrx_word' id='word_1_713' title='bbox 3352 3108 3495 3180; x_wconf 86' lang='lat' dir='ltr'><strong>quod</strong></span> 
     </span>
    </p>
   </div>
   <div class='ocr_carea' id='block_1_91' title="bbox 1906 3201 3495 3275">
    <p class='ocr_par' dir='ltr' id='par_1_91' title="bbox 1906 3201 3495 3275">
     <span class='ocr_line' id='line_1_91' title="bbox 1906 3201 3495 3275; baseline 0 -18"><span class='ocrx_word' id='word_1_714' title='bbox 1906 3209 2058 3257; x_wconf 88' lang='lat' dir='ltr'><strong>extra</strong></span> <span class='ocrx_word' id='word_1_715' title='bbox 2086 3201 2391 3274; x_wconf 88' lang='lat' dir='ltr'><strong>paradisum</strong></span> <span class='ocrx_word' id='word_1_716' title='bbox 2421 3211 2525 3271; x_wconf 90' lang='lat' dir='ltr'><strong>est,</strong></span> <span class='ocrx_word' id='word_1_717' title='bbox 2558 3218 2743 3274; x_wconf 66' lang='lat' dir='ltr'><strong>poenas</strong></span> <span class='ocrx_word' id='word_1_718' title='bbox 2769 3218 3131 3275; x_wconf 90' lang='lat' dir='ltr'><strong>quascumque</strong></span> <span class='ocrx_word' id='word_1_719' title='bbox 3168 3205 3441 3274; x_wconf 89' lang='lat' dir='ltr'><strong>patiuntur</strong></span> <span class='ocrx_word' id='word_1_720' title='bbox 3466 3218 3495 3258; x_wconf 87' lang='lat' dir='ltr'><strong>a</strong></span> 
     </span>
    </p>
   </div>
   <div class='ocr_carea' id='block_1_92' title="bbox 1907 3280 3498 3367">
    <p class='ocr_par' dir='ltr' id='par_1_92' title="bbox 1907 3280 3498 3367">
     <span class='ocr_line' id='line_1_92' title="bbox 1907 3280 3498 3367; baseline 0.003 -20"><span class='ocrx_word' id='word_1_721' title='bbox 1907 3291 2184 3348; x_wconf 89' lang='lat' dir='ltr'><strong>nativitate</strong></span> <span class='ocrx_word' id='word_1_722' title='bbox 2211 3307 2378 3364; x_wconf 88' lang='lat' dir='ltr'><strong>usque</strong></span> <span class='ocrx_word' id='word_1_723' title='bbox 2402 3293 2471 3349; x_wconf 92' lang='lat' dir='ltr'><strong>ad</strong></span> <span class='ocrx_word' id='word_1_724' title='bbox 2516 3280 2744 3350; x_wconf 88' lang='lat' dir='ltr'><strong>mortem</strong></span> <span class='ocrx_word' id='word_1_725' title='bbox 2764 3335 2781 3362; x_wconf 97' lang='lat'><strong>,</strong></span> <span class='ocrx_word' id='word_1_726' title='bbox 2812 3296 2866 3351; x_wconf 92' lang='lat' dir='ltr'><strong>in</strong></span> <span class='ocrx_word' id='word_1_727' title='bbox 2893 3296 3087 3366; x_wconf 91' lang='lat' dir='ltr'><strong>quibus</strong></span> <span class='ocrx_word' id='word_1_728' title='bbox 3116 3297 3288 3366; x_wconf 74' lang='lat' dir='ltr'><strong>pmuis</strong></span> <span class='ocrx_word' id='word_1_729' title='bbox 3316 3296 3498 3367; x_wconf 91' lang='lat' dir='ltr'><strong>utique</strong></span> 
     </span>
    </p>
   </div>
   <div class='ocr_carea' id='block_1_93' title="bbox 1906 3382 3499 3457">
    <p class='ocr_par' dir='ltr' id='par_1_93' title="bbox 1906 3382 3499 3457">
     <span class='ocr_line' id='line_1_93' title="bbox 1906 3382 3499 3457; baseline 0.004 -19"><span class='ocrx_word' id='word_1_730' title='bbox 1906 3382 2180 3455; x_wconf 89' lang='lat' dir='ltr'><strong>patiuntur</strong></span> <span class='ocrx_word' id='word_1_731' title='bbox 2205 3392 2261 3440; x_wconf 91' lang='lat' dir='ltr'><strong>et</strong></span> <span class='ocrx_word' id='word_1_732' title='bbox 2287 3394 2512 3440; x_wconf 89' lang='lat' dir='ltr'><strong>mortem</strong></span> <span class='ocrx_word' id='word_1_733' title='bbox 2530 3427 2546 3451; x_wconf 94' lang='lat'><strong>,</strong></span> <span class='ocrx_word' id='word_1_734' title='bbox 2576 3400 2672 3456; x_wconf 90' lang='lat' dir='ltr'><strong>pro</strong></span> <span class='ocrx_word' id='word_1_735' title='bbox 2702 3386 2814 3441; x_wconf 87' lang='lat' dir='ltr'><strong>suis</strong></span> <span class='ocrx_word' id='word_1_736' title='bbox 2842 3387 3078 3457; x_wconf 81' lang='lat' dir='ltr'><strong>peccatis</strong></span> <span class='ocrx_word' id='word_1_737' title='bbox 3106 3387 3190 3442; x_wconf 88' lang='lat' dir='ltr'><strong>vel</strong></span> <span class='ocrx_word' id='word_1_738' title='bbox 3226 3387 3499 3444; x_wconf 88' lang='lat' dir='ltr'><strong>nascendo</strong></span> 
     </span>
    </p>
   </div>
   <div class='ocr_carea' id='block_1_94' title="bbox 1908 3476 3499 3552">
    <p class='ocr_par' dir='ltr' id='par_1_94' title="bbox 1908 3476 3499 3552">
     <span class='ocr_line' id='line_1_94' title="bbox 1908 3476 3499 3552; baseline 0.002 -19"><span class='ocrx_word' id='word_1_739' title='bbox 1908 3476 2112 3544; x_wconf 89' lang='lat' dir='ltr'><strong>tractis,</strong></span> <span class='ocrx_word' id='word_1_740' title='bbox 2141 3477 2224 3532; x_wconf 89' lang='lat' dir='ltr'><strong>vel</strong></span> <span class='ocrx_word' id='word_1_741' title='bbox 2244 3477 2384 3533; x_wconf 91' lang='lat' dir='ltr'><strong>male</strong></span> <span class='ocrx_word' id='word_1_742' title='bbox 2412 3478 2639 3534; x_wconf 90' lang='lat' dir='ltr'><strong>vivendo</strong></span> <span class='ocrx_word' id='word_1_743' title='bbox 2658 3477 2874 3547; x_wconf 89' lang='lat' dir='ltr'><strong>additis,</strong></span> <span class='ocrx_word' id='word_1_744' title='bbox 2902 3480 3097 3535; x_wconf 91' lang='lat' dir='ltr'><strong>merito</strong></span> <span class='ocrx_word' id='word_1_745' title='bbox 3122 3478 3385 3552; x_wconf 89' lang='lat' dir='ltr'><strong>digneque</strong></span> <span class='ocrx_word' id='word_1_746' title='bbox 3405 3495 3499 3552; x_wconf 85' lang='lat' dir='ltr'><strong>pa-</strong></span> 
     </span>
    </p>
   </div>
   <div class='ocr_carea' id='block_1_95' title="bbox 1908 3570 3499 3648">
    <p class='ocr_par' dir='ltr' id='par_1_95' title="bbox 1908 3570 3499 3648">
     <span class='ocr_line' id='line_1_95' title="bbox 1908 3570 3499 3648; baseline 0.004 -23"><span class='ocrx_word' id='word_1_747' title='bbox 1908 3570 2113 3626; x_wconf 91' lang='lat' dir='ltr'><strong>tiuntur</strong></span> <span class='ocrx_word' id='word_1_748' title='bbox 2140 3570 2240 3627; x_wconf 90' lang='lat' dir='ltr'><strong>sub</strong></span> <span class='ocrx_word' id='word_1_749' title='bbox 2263 3571 2411 3642; x_wconf 91' lang='lat' dir='ltr'><strong>justo</strong></span> <span class='ocrx_word' id='word_1_750' title='bbox 2444 3582 2499 3628; x_wconf 90' lang='lat' dir='ltr'><strong>et</strong></span> <span class='ocrx_word' id='word_1_751' title='bbox 2543 3573 2912 3644; x_wconf 89' lang='lat' dir='ltr'><strong>omnipotente</strong></span> <span class='ocrx_word' id='word_1_752' title='bbox 2947 3574 3158 3645; x_wconf 91' lang='lat' dir='ltr'><strong>judice;</strong></span> <span class='ocrx_word' id='word_1_753' title='bbox 3188 3576 3277 3646; x_wconf 93' lang='lat' dir='ltr'><strong>qui</strong></span> <span class='ocrx_word' id='word_1_754' title='bbox 3316 3576 3499 3648; x_wconf 90' lang='lat' dir='ltr'><strong>utique</strong></span> 
     </span>
    </p>
   </div>
   <div class='ocr_carea' id='block_1_96' title="bbox 1908 3660 3501 3738">
    <p class='ocr_par' dir='ltr' id='par_1_96' title="bbox 1908 3660 3501 3738">
     <span class='ocr_line' id='line_1_96' title="bbox 1908 3660 3501 3738; baseline 0.003 -20"><span class='ocrx_word' id='word_1_755' title='bbox 1908 3675 2012 3718; x_wconf 89' lang='lat' dir='ltr'><strong>nec</strong></span> <span class='ocrx_word' id='word_1_756' title='bbox 2056 3660 2290 3729; x_wconf 82' lang='lat' dir='ltr'><strong>faceret,</strong></span> <span class='ocrx_word' id='word_1_757' title='bbox 2337 3679 2437 3720; x_wconf 92' lang='lat' dir='ltr'><strong>nec</strong></span> <span class='ocrx_word' id='word_1_758' title='bbox 2468 3664 2672 3720; x_wconf 88' lang='lat' dir='ltr'><strong>sineret</strong></span> <span class='ocrx_word' id='word_1_759' title='bbox 2709 3664 2893 3721; x_wconf 80' lang='lat' dir='ltr'><strong>inferri</strong></span> <span class='ocrx_word' id='word_1_760' title='bbox 2940 3681 3129 3737; x_wconf 75' lang='lat' dir='ltr'><strong>pmnas</strong></span> <span class='ocrx_word' id='word_1_761' title='bbox 3182 3666 3501 3738; x_wconf 86' lang='lat' dir='ltr'><strong>imaginibus</strong></span> 
     </span>
    </p>
   </div>
   <div class='ocr_carea' id='block_1_97' title="bbox 1909 3757 3488 3830">
    <p class='ocr_par' dir='ltr' id='par_1_97' title="bbox 1909 3757 3488 3830">
     <span class='ocr_line' id='line_1_97' title="bbox 1909 3757 3488 3830; baseline 0.003 -18"><span class='ocrx_word' id='word_1_762' title='bbox 1909 3757 2042 3825; x_wconf 88' lang='lat' dir='ltr'><strong>suis,</strong></span> <span class='ocrx_word' id='word_1_763' title='bbox 2075 3758 2193 3815; x_wconf 87' lang='lat' dir='ltr'><strong>sine</strong></span> <span class='ocrx_word' id='word_1_764' title='bbox 2220 3757 2371 3828; x_wconf 87' lang='lat' dir='ltr'><strong>cujus</strong></span> <span class='ocrx_word' id='word_1_765' title='bbox 2396 3759 2667 3814; x_wconf 88' lang='lat' dir='ltr'><strong>voluntate</strong></span> <span class='ocrx_word' id='word_1_766' title='bbox 2693 3773 2792 3815; x_wconf 91' lang='lat' dir='ltr'><strong>nec</strong></span> <span class='ocrx_word' id='word_1_767' title='bbox 2821 3774 3005 3830; x_wconf 88' lang='lat' dir='ltr'><strong>passer</strong></span> <span class='ocrx_word' id='word_1_768' title='bbox 3029 3760 3172 3815; x_wconf 89' lang='lat' dir='ltr'><strong>cadit</strong></span> <span class='ocrx_word' id='word_1_769' title='bbox 3194 3761 3247 3816; x_wconf 93' lang='lat' dir='ltr'><strong>in</strong></span> <span class='ocrx_word' id='word_1_770' title='bbox 3290 3770 3488 3817; x_wconf 89' lang='lat' dir='ltr'><strong>terram</strong></span> 
     </span>
    </p>
   </div>
   <div class='ocr_carea' id='block_1_98' title="bbox 1914 3849 3500 3925">
    <p class='ocr_par' dir='ltr' id='par_1_98' title="bbox 1914 3849 3500 3925">
     <span class='ocr_line' id='line_1_98' title="bbox 1914 3849 3500 3925; baseline 0.004 -21"><span class='ocrx_word' id='word_1_771' title='bbox 1914 3849 2022 3922; x_wconf 85' lang='lat' dir='ltr'><strong>(Id.</strong></span> <span class='ocrx_word' id='word_1_772' title='bbox 2050 3867 2106 3919; x_wconf 86' lang='lat' dir='ltr'><strong>x,</strong></span> <span class='ocrx_word' id='word_1_773' title='bbox 2131 3851 2248 3923; x_wconf 75' lang='lat'><strong>29),</strong></span> <span class='ocrx_word' id='word_1_774' title='bbox 2286 3852 2385 3907; x_wconf 90' lang='lat' dir='ltr'><strong>nisi</strong></span> <span class='ocrx_word' id='word_1_775' title='bbox 2412 3852 2556 3922; x_wconf 90' lang='lat' dir='ltr'><strong>juste</strong></span> <span class='ocrx_word' id='word_1_776' title='bbox 2580 3853 2741 3909; x_wconf 90' lang='lat' dir='ltr'><strong>sciret</strong></span> <span class='ocrx_word' id='word_1_777' title='bbox 2766 3851 2971 3909; x_wconf 89' lang='lat' dir='ltr'><strong>inferri.</strong></span> <span class='ocrx_word' id='word_1_778' title='bbox 3001 3852 3071 3909; x_wconf 87' lang='lat' dir='ltr'><strong>Et</strong></span> <span class='ocrx_word' id='word_1_779' title='bbox 3088 3852 3215 3925; x_wconf 91' lang='lat' dir='ltr'><strong>quid</strong></span> <span class='ocrx_word' id='word_1_780' title='bbox 3236 3863 3317 3908; x_wconf 91' lang='lat' dir='ltr'><strong>est</strong></span> <span class='ocrx_word' id='word_1_781' title='bbox 3332 3852 3500 3924; x_wconf 88' lang='lat' dir='ltr'><strong>juste,</strong></span> 
     </span>
    </p>
   </div>
   <div class='ocr_carea' id='block_1_99' title="bbox 1910 3946 3501 4018">
    <p class='ocr_par' dir='ltr' id='par_1_99' title="bbox 1910 3946 3501 4018">
     <span class='ocr_line' id='line_1_99' title="bbox 1910 3946 3501 4018; baseline 0 -17"><span class='ocrx_word' id='word_1_782' title='bbox 1910 3946 2013 4001; x_wconf 89' lang='lat' dir='ltr'><strong>nisi</strong></span> <span class='ocrx_word' id='word_1_783' title='bbox 2041 3947 2234 4002; x_wconf 89' lang='lat' dir='ltr'><strong>merito</strong></span> <span class='ocrx_word' id='word_1_784' title='bbox 2262 3954 2625 4018; x_wconf 88' lang='lat' dir='ltr'><strong>peccatorum,</strong></span> <span class='ocrx_word' id='word_1_785' title='bbox 2657 3946 2742 4002; x_wconf 86' lang='lat' dir='ltr'><strong>vel</strong></span> <span class='ocrx_word' id='word_1_786' title='bbox 2777 3946 3169 4002; x_wconf 77' lang='lat' dir='ltr'><strong>examinatione</strong></span> <span class='ocrx_word' id='word_1_787' title='bbox 3206 3946 3501 4013; x_wconf 87' lang='lat' dir='ltr'><strong>virtutum;</strong></span> 
     </span>
    </p>
   </div>
   <div class='ocr_carea' id='block_1_100' title="bbox 1911 4040 3504 4113">
    <p class='ocr_par' dir='ltr' id='par_1_100' title="bbox 1911 4040 3504 4113">
     <span class='ocr_line' id='line_1_100' title="bbox 1911 4040 3504 4113; baseline -0.001 -17"><span class='ocrx_word' id='word_1_788' title='bbox 1911 4040 1984 4096; x_wconf 88' lang='lat' dir='ltr'><strong>ita</strong></span> <span class='ocrx_word' id='word_1_789' title='bbox 2015 4051 2074 4096; x_wconf 93' lang='lat' dir='ltr'><strong>ut</strong></span> <span class='ocrx_word' id='word_1_790' title='bbox 2100 4041 2340 4096; x_wconf 88' lang='lat' dir='ltr'><strong>remissis</strong></span> <span class='ocrx_word' id='word_1_791' title='bbox 2363 4042 2523 4098; x_wconf 88' lang='lat' dir='ltr'><strong>etiam</strong></span> <span class='ocrx_word' id='word_1_792' title='bbox 2553 4041 2806 4112; x_wconf 88' lang='lat' dir='ltr'><strong>peccatis,</strong></span> <span class='ocrx_word' id='word_1_793' title='bbox 2835 4041 3027 4113; x_wconf 90' lang='lat' dir='ltr'><strong>pignus</strong></span> <span class='ocrx_word' id='word_1_794' title='bbox 3054 4040 3195 4112; x_wconf 91' lang='lat' dir='ltr'><strong>quod</strong></span> <span class='ocrx_word' id='word_1_795' title='bbox 3216 4041 3385 4097; x_wconf 83' lang='lat' dir='ltr'><strong>renati</strong></span> <span class='ocrx_word' id='word_1_796' title='bbox 3412 4052 3504 4095; x_wconf 86' lang='lat' dir='ltr'><strong>ac-</strong></span> 
     </span>
    </p>
   </div>
   <div class='ocr_carea' id='block_1_101' title="bbox 1911 4133 3502 4203">
    <p class='ocr_par' dir='ltr' id='par_1_101' title="bbox 1911 4133 3502 4203">
     <span class='ocr_line' id='line_1_101' title="bbox 1911 4133 3502 4203; baseline -0.001 -16"><span class='ocrx_word' id='word_1_797' title='bbox 1911 4134 2114 4199; x_wconf 74' lang='lat' dir='ltr'><strong>cipiunt</strong></span> <span class='ocrx_word' id='word_1_798' title='bbox 2141 4133 2329 4188; x_wconf 90' lang='lat' dir='ltr'><strong>salutis</strong></span> <span class='ocrx_word' id='word_1_799' title='bbox 2358 4143 2594 4200; x_wconf 73' lang='lat' dir='ltr'><strong>mlernm,</strong></span> <span class='ocrx_word' id='word_1_800' title='bbox 2626 4133 2683 4188; x_wconf 91' lang='lat' dir='ltr'><strong>in</strong></span> <span class='ocrx_word' id='word_1_801' title='bbox 2714 4133 2948 4188; x_wconf 88' lang='lat' dir='ltr'><strong>futurum</strong></span> <span class='ocrx_word' id='word_1_802' title='bbox 2981 4139 3060 4189; x_wconf 81' lang='lat' dir='ltr'><strong>eis</strong></span> <span class='ocrx_word' id='word_1_803' title='bbox 3087 4135 3343 4189; x_wconf 69' lang='lat' dir='ltr'><strong>siccatum</strong></span> <span class='ocrx_word' id='word_1_804' title='bbox 3377 4150 3409 4203; x_wconf 70' lang='grc' dir='ltr'>ιδ</span> <span class='ocrx_word' id='word_1_805' title='bbox 3474 4163 3502 4176; x_wconf 89' lang='grc'><strong><em>-</em></strong></span> 
     </span>
    </p>
   </div>
   <div class='ocr_carea' id='block_1_102' title="bbox 1911 4222 3502 4298">
    <p class='ocr_par' dir='ltr' id='par_1_102' title="bbox 1911 4222 3502 4298">
     <span class='ocr_line' id='line_1_102' title="bbox 1911 4222 3502 4298; baseline -0.001 -15"><span class='ocrx_word' id='word_1_806' title='bbox 1911 4226 2002 4294; x_wconf 91' lang='lat' dir='ltr'><strong>sit,</strong></span> <span class='ocrx_word' id='word_1_807' title='bbox 2029 4226 2118 4283; x_wconf 87' lang='lat' dir='ltr'><strong>hic</strong></span> <span class='ocrx_word' id='word_1_808' title='bbox 2138 4236 2315 4282; x_wconf 90' lang='lat' dir='ltr'><strong>autem</strong></span> <span class='ocrx_word' id='word_1_809' title='bbox 2347 4228 2578 4294; x_wconf 86' lang='lat' dir='ltr'><strong>solvant,</strong></span> <span class='ocrx_word' id='word_1_810' title='bbox 2611 4226 2867 4298; x_wconf 88' lang='lat' dir='ltr'><strong>quidquid</strong></span> <span class='ocrx_word' id='word_1_811' title='bbox 2899 4227 2951 4281; x_wconf 91' lang='lat' dir='ltr'><strong>in</strong></span> <span class='ocrx_word' id='word_1_812' title='bbox 2987 4226 3143 4298; x_wconf 90' lang='lat' dir='ltr'><strong>lujus</strong></span> <span class='ocrx_word' id='word_1_813' title='bbox 3166 4222 3347 4281; x_wconf 69' lang='lat' dir='ltr'><strong>sieculi</strong></span> <span class='ocrx_word' id='word_1_814' title='bbox 3383 4241 3502 4297; x_wconf 79' lang='lat' dir='ltr'><strong>pm-</strong></span> 
     </span>
    </p>
   </div>
   <div class='ocr_carea' id='block_1_103' title="bbox 1911 4319 3499 4391">
    <p class='ocr_par' dir='ltr' id='par_1_103' title="bbox 1911 4319 3499 4391">
     <span class='ocr_line' id='line_1_103' title="bbox 1911 4319 3499 4391; baseline 0.001 -17"><span class='ocrx_word' id='word_1_815' title='bbox 1911 4320 2047 4375; x_wconf 88' lang='lat' dir='ltr'><strong>nalis</strong></span> <span class='ocrx_word' id='word_1_816' title='bbox 2095 4320 2329 4376; x_wconf 88' lang='lat' dir='ltr'><strong>vanitate</strong></span> <span class='ocrx_word' id='word_1_817' title='bbox 2380 4330 2435 4376; x_wconf 91' lang='lat' dir='ltr'><strong>et</strong></span> <span class='ocrx_word' id='word_1_818' title='bbox 2483 4320 2814 4391; x_wconf 81' lang='lat' dir='ltr'><strong>malignitate</strong></span> <span class='ocrx_word' id='word_1_819' title='bbox 2843 4320 3157 4375; x_wconf 86' lang='lat' dir='ltr'><strong>solvendum</strong></span> <span class='ocrx_word' id='word_1_820' title='bbox 3206 4320 3326 4374; x_wconf 87' lang='lat' dir='ltr'><strong>est?</strong></span> <span class='ocrx_word' id='word_1_821' title='bbox 3362 4319 3499 4387; x_wconf 84' lang='lat' dir='ltr'><strong>Quid</strong></span> 
     </span>
    </p>
   </div>
   <div class='ocr_carea' id='block_1_104' title="bbox 1913 4411 3505 4484">
    <p class='ocr_par' dir='ltr' id='par_1_104' title="bbox 1913 4411 3505 4484">
     <span class='ocr_line' id='line_1_104' title="bbox 1913 4411 3505 4484; baseline 0 -16"><span class='ocrx_word' id='word_1_822' title='bbox 1913 4420 1997 4468; x_wconf 86' lang='lat' dir='ltr'><strong>est</strong></span> <span class='ocrx_word' id='word_1_823' title='bbox 2040 4428 2170 4484; x_wconf 86' lang='lat' dir='ltr'><strong>ergo</strong></span> <span class='ocrx_word' id='word_1_824' title='bbox 2209 4412 2351 4484; x_wconf 91' lang='lat' dir='ltr'><strong>quod</strong></span> <span class='ocrx_word' id='word_1_825' title='bbox 2379 4412 2547 4478; x_wconf 90' lang='lat' dir='ltr'><strong>dicis,</strong></span> <span class='ocrx_word' id='word_1_826' title='bbox 2604 4431 2624 4466; x_wconf 73' lang='grc' dir='ltr'><strong>ι</strong></span> <span class='ocrx_word' id='word_1_827' title='bbox 2677 4411 2802 4468; x_wconf 89' lang='lat' dir='ltr'><strong>Ideo</strong></span> <span class='ocrx_word' id='word_1_828' title='bbox 2831 4412 3088 4483; x_wconf 83' lang='lat' dir='ltr'><strong>baptizari</strong></span> <span class='ocrx_word' id='word_1_829' title='bbox 3127 4412 3397 4483; x_wconf 87' lang='lat' dir='ltr'><strong>parvulos,</strong></span> <span class='ocrx_word' id='word_1_830' title='bbox 3448 4421 3505 4468; x_wconf 91' lang='lat' dir='ltr'><strong>ut</strong></span> 
     </span>
    </p>
   </div>
   <div class='ocr_carea' id='block_1_105' title="bbox 1913 4498 3505 4574">
    <p class='ocr_par' dir='ltr' id='par_1_105' title="bbox 1913 4498 3505 4574">
     <span class='ocr_line' id='line_1_105' title="bbox 1913 4498 3505 4574; baseline 0 -15"><span class='ocrx_word' id='word_1_831' title='bbox 1913 4518 2048 4574; x_wconf 90' lang='lat' dir='ltr'><strong>quos</strong></span> <span class='ocrx_word' id='word_1_832' title='bbox 2074 4504 2219 4560; x_wconf 89' lang='lat' dir='ltr'><strong>Deus</strong></span> <span class='ocrx_word' id='word_1_833' title='bbox 2250 4505 2451 4561; x_wconf 85' lang='lat' dir='ltr'><strong>fecerat</strong></span> <span class='ocrx_word' id='word_1_834' title='bbox 2480 4503 2763 4560; x_wconf 91' lang='lat' dir='ltr'><strong>condendo</strong></span> <span class='ocrx_word' id='word_1_835' title='bbox 2785 4498 2976 4570; x_wconf 86' lang='lat' dir='ltr'><strong>bonos,</strong></span> <span class='ocrx_word' id='word_1_836' title='bbox 3016 4503 3171 4559; x_wconf 79' lang='lat' dir='ltr'><strong>faciat</strong></span> <span class='ocrx_word' id='word_1_837' title='bbox 3202 4503 3505 4559; x_wconf 91' lang='lat' dir='ltr'><strong>innovando</strong></span> 
     </span>
    </p>
   </div>
   <div class='ocr_carea' id='block_1_106' title="bbox 1913 4595 3503 4669">
    <p class='ocr_par' dir='ltr' id='par_1_106' title="bbox 1913 4595 3503 4669">
     <span class='ocr_line' id='line_1_106' title="bbox 1913 4595 3503 4669; baseline -0.001 -16"><span class='ocrx_word' id='word_1_838' title='bbox 1913 4608 1969 4653; x_wconf 90' lang='lat' dir='ltr'><strong>et</strong></span> <span class='ocrx_word' id='word_1_839' title='bbox 1995 4597 2301 4669; x_wconf 86' lang='lat' dir='ltr'><strong>adeptando</strong></span> <span class='ocrx_word' id='word_1_840' title='bbox 2350 4598 2637 4653; x_wconf 77' lang='lat' dir='ltr'><strong>meliores?</strong></span> <span class='ocrx_word' id='word_1_841' title='bbox 2674 4616 2694 4649; x_wconf 73' lang='grc' dir='ltr'><strong>ι</strong></span> <span class='ocrx_word' id='word_1_842' title='bbox 2729 4597 2905 4652; x_wconf 84' lang='grc' dir='ltr'><strong>Βοηοε</strong></span> <span class='ocrx_word' id='word_1_843' title='bbox 2952 4597 3168 4667; x_wconf 90' lang='lat' dir='ltr'><strong>quidem</strong></span> <span class='ocrx_word' id='word_1_844' title='bbox 3196 4595 3341 4663; x_wconf 89' lang='lat' dir='ltr'><strong>fecit,</strong></span> <span class='ocrx_word' id='word_1_845' title='bbox 3380 4597 3503 4668; x_wconf 87' lang='lat' dir='ltr'><strong>quia</strong></span> 
     </span>
    </p>
   </div>
   <div class='ocr_carea' id='block_1_107' title="bbox 1914 4686 3503 4761">
    <p class='ocr_par' dir='ltr' id='par_1_107' title="bbox 1914 4686 3503 4761">
     <span class='ocr_line' id='line_1_107' title="bbox 1914 4686 3503 4761; baseline 0 -16"><span class='ocrx_word' id='word_1_846' title='bbox 1914 4690 2087 4745; x_wconf 89' lang='lat' dir='ltr'><strong>omnis</strong></span> <span class='ocrx_word' id='word_1_847' title='bbox 2113 4698 2299 4745; x_wconf 88' lang='lat' dir='ltr'><strong>natura</strong></span> <span class='ocrx_word' id='word_1_848' title='bbox 2345 4689 2397 4745; x_wconf 93' lang='lat' dir='ltr'><strong>in</strong></span> <span class='ocrx_word' id='word_1_849' title='bbox 2423 4697 2679 4761; x_wconf 82' lang='lat' dir='ltr'><strong>quantum</strong></span> <span class='ocrx_word' id='word_1_850' title='bbox 2708 4697 2904 4744; x_wconf 85' lang='lat' dir='ltr'><strong>natura</strong></span> <span class='ocrx_word' id='word_1_851' title='bbox 2931 4697 3038 4755; x_wconf 92' lang='lat' dir='ltr'><strong>est,</strong></span> <span class='ocrx_word' id='word_1_852' title='bbox 3072 4688 3208 4744; x_wconf 89' lang='lat' dir='ltr'><strong>bona</strong></span> <span class='ocrx_word' id='word_1_853' title='bbox 3239 4697 3323 4745; x_wconf 90' lang='lat' dir='ltr'><strong>est</strong></span> <span class='ocrx_word' id='word_1_854' title='bbox 3365 4706 3378 4744; x_wconf 89' lang='lat'><strong>:</strong></span> <span class='ocrx_word' id='word_1_855' title='bbox 3410 4686 3503 4745; x_wconf 88' lang='lat' dir='ltr'><strong>sed</strong></span> 
     </span>
    </p>
   </div>
   <div class='ocr_carea' id='block_1_108' title="bbox 1915 4781 3505 4855">
    <p class='ocr_par' dir='ltr' id='par_1_108' title="bbox 1915 4781 3505 4855">
     <span class='ocr_line' id='line_1_108' title="bbox 1915 4781 3505 4855; baseline 0 -17"><span class='ocrx_word' id='word_1_856' title='bbox 1915 4799 2049 4855; x_wconf 90' lang='lat' dir='ltr'><strong>quos</strong></span> <span class='ocrx_word' id='word_1_857' title='bbox 2077 4783 2203 4839; x_wconf 86' lang='lat' dir='ltr'><strong>fecit</strong></span> <span class='ocrx_word' id='word_1_858' title='bbox 2228 4782 2418 4849; x_wconf 8' lang='lat' dir='ltr'><strong>bonos,</strong></span> <span class='ocrx_word' id='word_1_859' title='bbox 2449 4799 2556 4839; x_wconf 93' lang='lat' dir='ltr'><strong>non</strong></span> <span class='ocrx_word' id='word_1_860' title='bbox 2580 4782 2774 4853; x_wconf 88' lang='lat' dir='ltr'><strong>injuste</strong></span> <span class='ocrx_word' id='word_1_861' title='bbox 2802 4781 3002 4838; x_wconf 85' lang='lat' dir='ltr'><strong>faceret</strong></span> <span class='ocrx_word' id='word_1_862' title='bbox 3029 4781 3114 4837; x_wconf 89' lang='lat' dir='ltr'><strong>vel</strong></span> <span class='ocrx_word' id='word_1_863' title='bbox 3148 4781 3352 4837; x_wconf 88' lang='lat' dir='ltr'><strong>sineret</strong></span> <span class='ocrx_word' id='word_1_864' title='bbox 3385 4795 3505 4838; x_wconf 79' lang='lat' dir='ltr'><strong>esse</strong></span> 
     </span>
    </p>
   </div>
   <div class='ocr_carea' id='block_1_109' title="bbox 1916 4874 3499 4948">
    <p class='ocr_par' dir='ltr' id='par_1_109' title="bbox 1916 4874 3499 4948">
     <span class='ocr_line' id='line_1_109' title="bbox 1916 4874 3499 4948; baseline -0.002 -14"><span class='ocrx_word' id='word_1_865' title='bbox 1916 4879 2161 4934; x_wconf 88' lang='lat' dir='ltr'><strong>miseros.</strong></span> <span class='ocrx_word' id='word_1_866' title='bbox 2191 4878 2445 4947; x_wconf 88' lang='lat' dir='ltr'><strong>Quamvis</strong></span> <span class='ocrx_word' id='word_1_867' title='bbox 2464 4886 2519 4933; x_wconf 90' lang='lat' dir='ltr'><strong>et</strong></span> <span class='ocrx_word' id='word_1_868' title='bbox 2540 4886 2614 4941; x_wconf 89' lang='lat' dir='ltr'><strong>tu,</strong></span> <span class='ocrx_word' id='word_1_869' title='bbox 2639 4877 2729 4948; x_wconf 94' lang='lat' dir='ltr'><strong>qui</strong></span> <span class='ocrx_word' id='word_1_870' title='bbox 2756 4890 2851 4933; x_wconf 87' lang='lat' dir='ltr'><strong>eos</strong></span> <span class='ocrx_word' id='word_1_871' title='bbox 2870 4875 3111 4932; x_wconf 87' lang='lat' dir='ltr'><strong>innovari</strong></span> <span class='ocrx_word' id='word_1_872' title='bbox 3128 4874 3283 4937; x_wconf 86' lang='lat' dir='ltr'><strong>dicis.</strong></span> <span class='ocrx_word' id='word_1_873' title='bbox 3301 4875 3435 4931; x_wconf 91' lang='lat' dir='ltr'><strong>duce</strong></span> <span class='ocrx_word' id='word_1_874' title='bbox 3467 4889 3499 4931; x_wconf 93' lang='lat' dir='ltr'><strong>e</strong></span> 
     </span>
    </p>
   </div>
   <div class='ocr_carea' id='block_1_110' title="bbox 1916 4969 3505 5042">
    <p class='ocr_par' dir='ltr' id='par_1_110' title="bbox 1916 4969 3505 5042">
     <span class='ocr_line' id='line_1_110' title="bbox 1916 4969 3505 5042; baseline -0.001 -15"><span class='ocrx_word' id='word_1_875' title='bbox 1916 4980 2235 5037; x_wconf 83' lang='lat' dir='ltr'><strong>vetustatem</strong></span> <span class='ocrx_word' id='word_1_876' title='bbox 2256 4974 2452 5029; x_wconf 87' lang='lat' dir='ltr'><strong>veteris</strong></span> <span class='ocrx_word' id='word_1_877' title='bbox 2478 4971 2731 5038; x_wconf 85' lang='lat' dir='ltr'><strong>hominis,</strong></span> <span class='ocrx_word' id='word_1_878' title='bbox 2754 4986 2875 5027; x_wconf 92' lang='lat' dir='ltr'><strong>cum</strong></span> <span class='ocrx_word' id='word_1_879' title='bbox 2904 4971 3012 5027; x_wconf 89' lang='lat' dir='ltr'><strong>sint</strong></span> <span class='ocrx_word' id='word_1_880' title='bbox 3038 4969 3308 5027; x_wconf 88' lang='lat' dir='ltr'><strong>nascendo</strong></span> <span class='ocrx_word' id='word_1_881' title='bbox 3326 4972 3505 5042; x_wconf 90' lang='lat' dir='ltr'><strong>utique</strong></span> 
     </span>
    </p>
   </div>
   <div class='ocr_carea' id='block_1_111' title="bbox 1916 5062 3551 5135">
    <p class='ocr_par' dir='ltr' id='par_1_111' title="bbox 1916 5062 3551 5135">
     <span class='ocr_line' id='line_1_111' title="bbox 1916 5062 3551 5135; baseline -0.002 -13"><span class='ocrx_word' id='word_1_882' title='bbox 1916 5068 2064 5130; x_wconf 86' lang='lat' dir='ltr'><strong>novi,</strong></span> <span class='ocrx_word' id='word_1_883' title='bbox 2095 5066 2340 5122; x_wconf 89' lang='lat' dir='ltr'><strong>incautus</strong></span> <span class='ocrx_word' id='word_1_884' title='bbox 2360 5076 2413 5122; x_wconf 92' lang='lat' dir='ltr'><strong>et</strong></span> <span class='ocrx_word' id='word_1_885' title='bbox 2443 5066 2690 5121; x_wconf 89' lang='lat' dir='ltr'><strong>nesciens</strong></span> <span class='ocrx_word' id='word_1_886' title='bbox 2712 5064 3004 5121; x_wconf 84' lang='lat' dir='ltr'><strong>conﬁteris.</strong></span> <span class='ocrx_word' id='word_1_887' title='bbox 3034 5062 3381 5135; x_wconf 84' lang='lat' dir='ltr'><strong>Compelleris</strong></span> <span class='ocrx_word' id='word_1_888' title='bbox 3412 5064 3508 5135; x_wconf 87' lang='lat' dir='ltr'><strong>igi-</strong></span> <span class='ocrx_word' id='word_1_889' title='bbox 3528 5106 3551 5131; x_wconf 83' lang='grc'><em>,</em></span> 
     </span>
    </p>
   </div>
   <div class='ocr_carea' id='block_1_112' title="bbox 1917 5156 3494 5230">
    <p class='ocr_par' dir='ltr' id='par_1_112' title="bbox 1917 5156 3494 5230">
     <span class='ocr_line' id='line_1_112' title="bbox 1917 5156 3494 5230; baseline -0.004 -13"><span class='ocrx_word' id='word_1_890' title='bbox 1917 5170 2006 5217; x_wconf 90' lang='lat' dir='ltr'><strong>tur</strong></span> <span class='ocrx_word' id='word_1_891' title='bbox 2035 5177 2197 5217; x_wconf 89' lang='lat' dir='ltr'><strong>unum</strong></span> <span class='ocrx_word' id='word_1_892' title='bbox 2218 5176 2284 5217; x_wconf 87' lang='lat' dir='ltr'><strong>ex</strong></span> <span class='ocrx_word' id='word_1_893' title='bbox 2316 5160 2397 5215; x_wconf 92' lang='lat' dir='ltr'><strong>his</strong></span> <span class='ocrx_word' id='word_1_894' title='bbox 2434 5161 2601 5216; x_wconf 82' lang='lat' dir='ltr'><strong>tribus</strong></span> <span class='ocrx_word' id='word_1_895' title='bbox 2625 5160 2845 5230; x_wconf 89' lang='lat' dir='ltr'><strong>eligere,</strong></span> <span class='ocrx_word' id='word_1_896' title='bbox 2867 5168 2924 5213; x_wconf 90' lang='lat' dir='ltr'><strong>ut</strong></span> <span class='ocrx_word' id='word_1_897' title='bbox 2952 5167 3042 5213; x_wconf 93' lang='lat' dir='ltr'><strong>aut</strong></span> <span class='ocrx_word' id='word_1_898' title='bbox 3068 5158 3369 5229; x_wconf 89' lang='lat' dir='ltr'><strong>paradisum</strong></span> <span class='ocrx_word' id='word_1_899' title='bbox 3400 5156 3494 5211; x_wconf 57' lang='lat' dir='ltr'><strong>imo</strong></span> 
     </span>
    </p>
   </div>
   <div class='ocr_carea' id='block_1_113' title="bbox 1916 5248 3507 5327">
    <p class='ocr_par' dir='ltr' id='par_1_113' title="bbox 1916 5248 3507 5327">
     <span class='ocr_line' id='line_1_113' title="bbox 1916 5248 3507 5327; baseline -0.003 -18"><span class='ocrx_word' id='word_1_900' title='bbox 1916 5255 2067 5327; x_wconf 90' lang='lat' dir='ltr'><strong>pleas</strong></span> <span class='ocrx_word' id='word_1_901' title='bbox 2110 5254 2284 5325; x_wconf 74' lang='lat' dir='ltr'><strong>[)(Bltis</strong></span> <span class='ocrx_word' id='word_1_902' title='bbox 2312 5252 2588 5308; x_wconf 87' lang='lat' dir='ltr'><strong>hominum</strong></span> <span class='ocrx_word' id='word_1_903' title='bbox 2614 5269 2629 5318; x_wconf 94' lang='lat'><strong>;</strong></span> <span class='ocrx_word' id='word_1_904' title='bbox 2659 5261 2750 5307; x_wconf 90' lang='lat' dir='ltr'><strong>aut</strong></span> <span class='ocrx_word' id='word_1_905' title='bbox 2797 5251 3052 5321; x_wconf 87' lang='lat' dir='ltr'><strong>injustum</strong></span> <span class='ocrx_word' id='word_1_906' title='bbox 3082 5251 3248 5306; x_wconf 84' lang='lat' dir='ltr'><strong>Deum</strong></span> <span class='ocrx_word' id='word_1_907' title='bbox 3275 5248 3421 5303; x_wconf 88' lang='lat' dir='ltr'><strong>dicas</strong></span> <span class='ocrx_word' id='word_1_908' title='bbox 3451 5248 3507 5305; x_wconf 83' lang='lat' dir='ltr'><strong>in</strong></span> 
     </span>
    </p>
   </div>
   <div class='ocr_carea' id='block_1_114' title="bbox 1918 5340 3507 5419">
    <p class='ocr_par' dir='ltr' id='par_1_114' title="bbox 1918 5340 3507 5419">
     <span class='ocr_line' id='line_1_114' title="bbox 1918 5340 3507 5419; baseline -0.004 -18"><span class='ocrx_word' id='word_1_909' title='bbox 1918 5345 2094 5419; x_wconf 58' lang='lat' dir='ltr'><strong>poenis</strong></span> <span class='ocrx_word' id='word_1_910' title='bbox 2115 5345 2406 5416; x_wconf 89' lang='lat' dir='ltr'><strong>imaginum</strong></span> <span class='ocrx_word' id='word_1_911' title='bbox 2427 5344 2564 5415; x_wconf 90' lang='lat' dir='ltr'><strong>ejus,</strong></span> <span class='ocrx_word' id='word_1_912' title='bbox 2594 5358 2727 5415; x_wconf 89' lang='lat' dir='ltr'><strong>quas</strong></span> <span class='ocrx_word' id='word_1_913' title='bbox 2749 5344 2949 5415; x_wconf 89' lang='lat' dir='ltr'><strong>patitur</strong></span> <span class='ocrx_word' id='word_1_914' title='bbox 2976 5340 3277 5397; x_wconf 86' lang='lat' dir='ltr'><strong>innocentia</strong></span> <span class='ocrx_word' id='word_1_915' title='bbox 3310 5354 3507 5409; x_wconf 86' lang='lat' dir='ltr'><strong>parvu-</strong></span> 
     </span>
    </p>
   </div>
   <div class='ocr_carea' id='block_1_115' title="bbox 1918 5432 3510 5509">
    <p class='ocr_par' dir='ltr' id='par_1_115' title="bbox 1918 5432 3510 5509">
     <span class='ocr_line' id='line_1_115' title="bbox 1918 5432 3510 5509; baseline -0.003 -13"><span class='ocrx_word' id='word_1_916' title='bbox 1918 5439 2124 5503; x_wconf 89' lang='lat' dir='ltr'><strong>lorum;</strong></span> <span class='ocrx_word' id='word_1_917' title='bbox 2170 5446 2262 5494; x_wconf 93' lang='lat' dir='ltr'><strong>aut</strong></span> <span class='ocrx_word' id='word_1_918' title='bbox 2302 5438 2423 5509; x_wconf 88' lang='lat' dir='ltr'><strong>quia</strong></span> <span class='ocrx_word' id='word_1_919' title='bbox 2455 5437 2572 5493; x_wconf 59' lang='lat' dir='ltr'><strong>haec</strong></span> <span class='ocrx_word' id='word_1_920' title='bbox 2612 5436 2719 5493; x_wconf 90' lang='lat' dir='ltr'><strong>duo</strong></span> <span class='ocrx_word' id='word_1_921' title='bbox 2762 5435 3077 5493; x_wconf 83' lang='lat' dir='ltr'><strong>detestanda</strong></span> <span class='ocrx_word' id='word_1_922' title='bbox 3120 5442 3175 5491; x_wconf 90' lang='lat' dir='ltr'><strong>et</strong></span> <span class='ocrx_word' id='word_1_923' title='bbox 3207 5432 3510 5491; x_wconf 78' lang='lat' dir='ltr'><strong>damnanda</strong></span> 
     </span>
    </p>
   </div>
   <div class='ocr_carea' id='block_1_116' title="bbox 1921 5528 3503 5605">
    <p class='ocr_par' dir='ltr' id='par_1_116' title="bbox 1921 5528 3503 5605">
     <span class='ocr_line' id='line_1_116' title="bbox 1921 5528 3503 5605; baseline -0.004 -16"><span class='ocrx_word' id='word_1_924' title='bbox 1921 5542 2067 5600; x_wconf 87' lang='lat' dir='ltr'><strong>sunt,</strong></span> <span class='ocrx_word' id='word_1_925' title='bbox 2099 5547 2359 5605; x_wconf 87' lang='lat' dir='ltr'><strong>agnoscas</strong></span> <span class='ocrx_word' id='word_1_926' title='bbox 2394 5531 2652 5604; x_wconf 89' lang='lat' dir='ltr'><strong>originale</strong></span> <span class='ocrx_word' id='word_1_927' title='bbox 2675 5541 2952 5604; x_wconf 88' lang='lat' dir='ltr'><strong>peccatum</strong></span> <span class='ocrx_word' id='word_1_928' title='bbox 2985 5549 2997 5585; x_wconf 94' lang='lat'>:</span> <span class='ocrx_word' id='word_1_929' title='bbox 3031 5538 3087 5585; x_wconf 90' lang='lat' dir='ltr'><strong>et</strong></span> <span class='ocrx_word' id='word_1_930' title='bbox 3110 5528 3189 5585; x_wconf 89' lang='lat' dir='ltr'><strong>sic</strong></span> <span class='ocrx_word' id='word_1_931' title='bbox 3214 5528 3503 5599; x_wconf 78' lang='lat' dir='ltr'><strong>intelligas,</strong></span> 
     </span>
    </p>
   </div>
   <div class='ocr_carea' id='block_1_117' title="bbox 1922 5620 3512 5699">
    <p class='ocr_par' dir='ltr' id='par_1_117' title="bbox 1922 5620 3512 5699">
     <span class='ocr_line' id='line_1_117' title="bbox 1922 5620 3512 5699; baseline -0.004 -15"><span class='ocrx_word' id='word_1_932' title='bbox 1922 5642 2112 5684; x_wconf 89' lang='lat' dir='ltr'><strong>omnes</strong></span> <span class='ocrx_word' id='word_1_933' title='bbox 2140 5626 2230 5699; x_wconf 88' lang='lat' dir='ltr'><strong>qui</strong></span> <span class='ocrx_word' id='word_1_934' title='bbox 2252 5635 2426 5682; x_wconf 88' lang='lat' dir='ltr'><strong>morte</strong></span> <span class='ocrx_word' id='word_1_935' title='bbox 2451 5626 2693 5699; x_wconf 90' lang='lat' dir='ltr'><strong>corporis</strong></span> <span class='ocrx_word' id='word_1_936' title='bbox 2719 5626 3042 5694; x_wconf 88' lang='lat' dir='ltr'><strong>moriuntur,</strong></span> <span class='ocrx_word' id='word_1_937' title='bbox 3069 5623 3125 5680; x_wconf 89' lang='lat' dir='ltr'><strong>in</strong></span> <span class='ocrx_word' id='word_1_938' title='bbox 3154 5622 3323 5680; x_wconf 84' lang='lat' dir='ltr'><strong>Adam</strong></span> <span class='ocrx_word' id='word_1_939' title='bbox 3350 5620 3512 5692; x_wconf 89' lang='lat' dir='ltr'><strong>mori,</strong></span> 
     </span>
    </p>
   </div>
   <div class='ocr_carea' id='block_1_118' title="bbox 1990 5803 3517 5870">
    <p class='ocr_par' dir='ltr' id='par_1_118' title="bbox 1990 5803 3517 5870">
     <span class='ocr_line' id='line_1_118' title="bbox 1990 5803 3517 5870; baseline -0.001 -15"><span class='ocrx_word' id='word_1_940' title='bbox 1990 5807 2009 5840; x_wconf 76' lang='grc' dir='ltr'><strong>ι</strong></span> <span class='ocrx_word' id='word_1_941' title='bbox 2035 5805 2153 5857; x_wconf 81' lang='lat' dir='ltr'><strong>Editi</strong></span> <span class='ocrx_word' id='word_1_942' title='bbox 2187 5806 2268 5857; x_wconf 89' lang='lat' dir='ltr'><strong>hic</strong></span> <span class='ocrx_word' id='word_1_943' title='bbox 2287 5812 2339 5856; x_wconf 90' lang='lat' dir='ltr'><strong>et</strong></span> <span class='ocrx_word' id='word_1_944' title='bbox 2360 5804 2662 5870; x_wconf 16' lang='lat' dir='ltr'><strong>paulogpost,</strong></span> <span class='ocrx_word' id='word_1_945' title='bbox 2687 5805 2789 5856; x_wconf 84' lang='lat' dir='ltr'><strong>sine</strong></span> <span class='ocrx_word' id='word_1_946' title='bbox 2812 5805 2956 5869; x_wconf 85' lang='lat' dir='ltr'><strong>culpa</strong></span> <span class='ocrx_word' id='word_1_947' title='bbox 2971 5803 3170 5870; x_wconf 80' lang='lat' dir='ltr'><strong>protulit</strong></span> <span class='ocrx_word' id='word_1_948' title='bbox 3192 5803 3517 5854; x_wconf 79' lang='lat' dir='ltr'><strong>Emendantur</strong></span> 
     </span>
    </p>
   </div>
   <div class='ocr_carea' id='block_1_119' title="bbox 1926 5868 3522 6060">
    <p class='ocr_par' dir='ltr' id='par_1_119' title="bbox 1926 5868 3522 6060">
     <span class='ocr_line' id='line_1_119' title="bbox 1926 5868 3522 6060; baseline -0.012 -61"><span class='ocrx_word' id='word_1_949' title='bbox 1926 5868 2710 6060; x_wconf 48' lang='grc' dir='ltr'><strong>ζὲἓίῖἱῗίξοῗοηοῗξαωῗεόῗῗξάριθ</strong></span> <span class='ocrx_word' id='word_1_950' title='bbox 2746 5944 2803 5984; x_wconf 85' lang='lat' dir='ltr'><strong>ac</strong></span> <span class='ocrx_word' id='word_1_951' title='bbox 2836 5930 3224 5996; x_wconf 84' lang='lat' dir='ltr'><strong>repugnantibus</strong></span> <span class='ocrx_word' id='word_1_952' title='bbox 3257 5926 3522 5981; x_wconf 79' lang='lat' dir='ltr'><strong>manuscri-</strong></span> 
     </span>
    </p>
   </div>
  </div>
