3994 6512
456 421 597 480 1595

454 533 577 605 quia
601 529 699 604 'per
729 532 897 602 ipsum
928 530 1197 586 hominem
1231 534 1245 563 ¹
1277 547 1421 586 mors
1441 575 1455 599 ,
1491 531 1542 586 id
1576 541 1678 596 est,
1711 544 1803 600 per
1828 526 2038 596 culpam

454 628 570 700 eius
591 636 645 682 et
671 640 916 696 pmnant;
947 634 1002 684 at
1030 641 1219 701 omnes
1253 628 1344 696 qui
1373 625 1768 680 resurrectione
1796 621 2040 691 corporis

454 737 560 784 non
587 720 932 786 damnantur,
951 719 1045 775 sed
1071 720 1424 786 vivificantur,
1449 719 1504 773 in
1524 718 1738 774 Christo
1755 715 2036 780 viviticari,

454 812 578 884 quia
603 827 700 882 per
729 813 900 882 ipsum
928 811 1198 869 hominem
1231 812 1550 866 resurrectio
1588 818 1919 864 mortuorum
1940 851 1954 873 ,
1987 807 2040 861 id

455 914 556 977 est,
599 920 693 974 per
712 905 971 974 justitiam
993 905 1109 974 ejus
1134 913 1192 961 et
1211 906 1460 975 gratiam.
1487 905 1617 973 Quia
1638 906 1782 960 enim
1810 912 1895 959 est
1919 917 2041 974 pm-

457 997 591 1054 nalis
609 999 633 1032 ⁸
661 997 905 1067 corporis
924 1013 1092 1065 mors,
1119 997 1239 1053 ideo
1263 998 1336 1052 illi
1368 998 1816 1052 resurrectionem
1843 1012 2041 1066 corpo-

455 1089 532 1148 ris
583 1090 952 1147 tantummodo
983 1091 1310 1161 prmmialem
1335 1089 1361 1126 ³
1387 1086 1531 1162 (cum
1567 1089 1641 1144 sit
1679 1089 1786 1144 alia
1827 1102 2042 1160 quoque

458 1178 730 1250 uenalis),
754 1196 783 1234 ιι
809 1184 1076 1238 contrario
1097 1183 1338 1237 videmus
1361 1182 1681 1250 appositam.

527 1270 792 1334 XXXVII.
831 1273 950 1330 JUL.
993 1273 1348 1344 Unusquisque
1390 1285 1560 1328 autem
1605 1277 1657 1329 in
1685 1291 1776 1329 suo
1821 1277 2041 1330 ordine:

455 1362 695 1431 primitiis
717 1363 966 1429 Christus,
994 1366 1174 1420 deinde
1202 1367 1255 1419 lii
1276 1366 1366 1435 qui
1390 1376 1507 1421 sunt
1529 1365 1714 1421 Christi
1749 1369 1804 1421 in
1827 1369 2044 1422 adventu

457 1453 590 1522 ejus,
623 1455 804 1512 deinde
844 1457 982 1523 ﬁnis.
1013 1456 1178 1521 Mein,
1210 1465 1266 1514 et
1291 1458 1414 1513 alibi
1447 1477 1458 1511 :
1494 1459 1595 1522 Qui
1622 1467 1694 1512 est
1735 1461 2044 1528 primogeni-

457 1554 556 1606 tus.
587 1547 778 1617 inquit,
805 1565 870 1604 ea:
908 1551 1121 1604 mortuis
1153 1548 1370 1621 (Coloss.
1399 1566 1438 1615 t,
1469 1552 1586 1620 18).
1636 1551 1832 1606 Deinde
1874 1553 1926 1606 lii
1960 1553 2048 1625 qui

457 1649 572 1694 sunt
620 1640 803 1694 Christi
843 1656 862 1698 ε
907 1641 955 1696 id
1008 1653 1127 1710 est,
1169 1645 1338 1698 sancti
1393 1647 1668 1714 rapiuntur
1712 1647 1765 1701 in
1816 1648 2046 1704 nubibus

459 1729 513 1798 (ι
555 1730 728 1788 Thess.
761 1749 834 1798 tv,
876 1735 980 1803 l7).
1017 1733 1142 1790 Post
1172 1737 1266 1790 hoc
1315 1738 1433 1808 ﬁnis
1463 1755 1482 1792 .'
1513 1740 1764 1808 quoniam
1801 1741 1854 1796 hi
1898 1743 2046 1798 ibunt

459 1822 511 1876 in
541 1839 763 1894 regnum
809 1837 1092 1894 {etei-num,
1123 1829 1272 1898 impii
1305 1846 1435 1884 νε·Γο
1482 1832 1533 1886 in
1580 1833 1751 1902 ignem
1783 1847 2044 1890 :eternum

460 1913 670 1982 (Matth.
704 1932 831 1983 xxv,
861 1918 972 1988 loli).
1003 1919 1129 1974 Cum
1157 1920 1422 1976 tradiderit
1450 1939 1657 1993 regnum
1681 1923 1786 1979 Deo
1807 1938 1853 1978 et
1876 1925 2044 1992 Patri,

461 2024 573 2062 cum
603 2012 914 2070 evacuarerit
947 2010 1181 2070 "bmnem
1220 2016 1578 2085 principatum,
1608 2028 1655 2071 et
1685 2034 1880 2072 omnem
1911 2031 2047 2091 pote-

456 2108 660 2168 statem,
686 2110 733 2156 et
764 2103 992 2160 virtutem
1012 2121 1032 2160 :
1058 2115 1250 2174 oportet
1293 2108 1431 2164 enim
1475 2125 1589 2161 situt
1627 2126 1860 2180 regnare,
1887 2113 2048 2166 donec

459 2203 613 2264 ponat
657 2195 886 2254 inimicos
928 2214 1098 2256 autne:
1139 2201 1232 2254 sub
1282 2200 1492 2269 pedibus
1531 2203 1642 2273 ejus
1671 2219 1689 2257 :
1715 2205 1885 2258 omnia
1914 2207 2047 2260 enim

458 2286 668 2356 subjecit
687 2287 860 2342 subtus
887 2289 1036 2358 pedes
1058 2291 1199 2360 ejus;
1219 2293 1490 2348 novissima
1513 2304 1681 2348 autem
1703 2297 1940 2350 inimica“
1961 2299 2047 2351 de-

459 2386 676 2434 struetur
703 2396 858 2436 mors.
888 2379 1015 2440 Cum
1041 2392 1212 2437 autent
1238 2384 1443 2448 dixerit,
1472 2385 1658 2440 Omnia
1699 2389 1796 2443 ista
1824 2390 2049 2460 subjecta

458 2480 596 2539 situt,
621 2473 732 2528 sine
765 2474 918 2532 dubio
957 2485 1139 2542 prwter
1177 2478 1325 2534 illum
1353 2481 1440 2550 qui
1483 2480 1562 2536 illi
1590 2483 1798 2554 subjecit
1837 2487 2008 2540 omnia
2029 2502 2048 2540 :

459 2579 579 2618 naut
616 2582 729 2620 cum
755 2566 978 2639 subjecta
1003 2570 1197 2641 fuerint
1221 2572 1300 2630 itii
1329 2574 1520 2641 omnia,
1554 2586 1674 2628 tunc
1716 2586 1764 2630 et
1790 2578 2046 2647 ipseOub-

450 2656 618 2726 jactus
643 2658 735 2716 erit
763 2659 808 2716 ei
831 2660 916 2730 qui
937 2661 1034 2716 sibi
1061 2661 1271 2733 subjecit
1301 2666 1496 2730 omnia,
1534 2678 1587 2720 ut
1616 2669 1680 2722 sit
1713 2669 1851 2725 Deus
1879 2673 2048 2727 omnia

459 2748 513 2802 in
542 2750 772 2806 omnibus
805 2750 862 2824 (Ι
895 2751 1012 2808 Cor.
1042 2770 1139 2820 xv,
1171 2754 1386 2829 25-28).
1431 2759 1674 2830 Regnum
1725 2763 1817 2817 Dei
1862 2773 1915 2818 et
1944 2765 2048 2820 Pa-

461 2841 556 2898 tris
582 2853 692 2911 cst,
727 2854 784 2902 ut
821 2846 1040 2916 impleto
1083 2865 1306 2908 nurnero
1345 2863 1653 2908 sanctorum
1697 2857 1787 2926 qui
1832 2858 1884 2912 in
1931 2861 2048 2928 ejus

461 2937 795 3004 priescientia
823 2940 1340 3007 eoutinetur,omnis
1368 2945 1696 3015 principatus
1715 2956 1769 3003 et
1797 2949 2046 3006 universa

461 3028 628 3084 virtus
658 3030 980 3092 adversariae
1009 3037 1290 3110 potestatis
1314 3038 1563 3095 intereat.
1593 3040 1818 3111 Oportet
1851 3045 2049 3116 quippe

459 3120 600 3178 hanc
643 3121 982 3182 efficientiam
1015 3129 1144 3188 tanti
1187 3145 1308 3186 esse
1346 3135 1606 3207 mysterii,
1637 3146 1694 3191 ut
1732 3153 1919 3194 omnes
1949 3141 2049 3195 ini-

463 3211 586 3268 mici
619 3212 840 3284 justitite
869 3216 970 3278 sub
1010 3218 1206 3276 divinis
1233 3222 1456 3291 pedibus
1498 3227 1849 3284 collocentur.
1895 3232 2047 3300 Quod

459 3311 585 3362 tunc
615 3306 724 3375 fiet,
755 3323 880 3376 cum
912 3309 1236 3370 desu‘nctain
1267 3330 1328 3370 se
1366 3323 1421 3371 et
1462 3319 1654 3374 victam
1705 3321 1774 3377 ab
1803 3323 2048 3380 omnibus

457 3398 660 3466 sanctis
697 3415 844 3456 mors
881 3412 1082 3460 aeterna
1123 3409 1438 3477 eonspicict.
1471 3409 1604 3467 Cum
1648 3423 1822 3469 autem
1853 3417 2048 3472 fuerint

461 3498 568 3556 tam
601 3490 817 3554 Christo
843 3511 1002 3566 quam
1023 3499 1238 3569 corpori
1259 3501 1377 3569 ejus
1401 3505 1578 3558 omnia
1607 3506 1696 3560 illa
1728 3516 2045 3576 potestatum

457 3597 654 3654 genera
681 3587 828 3658 regni
857 3589 1288 3648 manifestatiene
1322 3594 1578 3665 subjecta,
1609 3600 1778 3656 multo
1814 3605 2047 3658 maxime

458 3669 800 3750 congregatio
839 3684 1017 3740 omnis
1061 3683 1358 3754 gloriﬁcata
1405 3700 1712 3744 sanctorum
1763 3709 1885 3749 esse
1936 3696 2048 3752 Deo

459 3769 668 3828 subdita
711 3787 817 3846 non
845 3773 1102 3842 desistet;
1144 3778 1237 3834 sed
1281 3787 1448 3836 totum
1479 3794 1673 3853 corpus
1713 3785 1930 3856 dignum
1963 3805 2046 3845 re-

456 3877 562 3932 gno
601 3865 884 3938 calorum,
922 3869 1064 3938 quod
1109 3872 1208 3928 sub
1233 3870 1447 3928 Christo
1478 3868 1667 3946 copim
1694 3882 2043 3948 construitur,

457 3954 649 4012 divina:
682 3960 934 4020 voluntati
965 3962 1195 4032 perfecta
1220 3966 1497 4023 affectione
1519 3970 1831 4040 coluerebit,
1865 3983 1923 4029 ut
1949 3991 2045 4031 ex-

456 4049 647 4106 stincta
678 4053 823 4108 omni
853 4055 1138 4125 cupiditate
1166 4059 1462 4130 culparum,
1499 4063 1640 4120 Deus
1681 4075 1736 4120 ct
1777 4069 2047 4126 contineat

456 4151 700 4208 cunctos,
738 4155 793 4200 et
822 4149 1108 4218 compleat.
1844 4143 1845 4147 η

528 4237 664 4294 Aue.
707 4237 763 4294 In
809 4238 908 4296 hac
955 4252 1108 4310 parte
1146 4240 1520 4315 disputationis
1563 4258 1667 4306 tuae
1710 4252 1841 4309 nihil
1884 4270 2043 4325 pene,

456 4327 596 4396 quod
622 4329 687 4384 ad
717 4345 932 4388 causam
962 4348 1082 4403 qua;
1109 4335 1249 4392 inter
1273 4355 1372 4395 nos
1401 4343 1573 4410 agitur
1599 4345 1886 4414 pertineat,
1917 4364 2044 4417 pro-

455 4428 668 4476 secutus
697 4437 775 4477 es.
803 4421 912 4484 Cur
949 4425 1092 4484 enim
1123 4436 1291 4490 totum
1330 4432 1502 4491 locum
1533 4433 1714 4503 istum,
1742 4437 1831 4492 ubi
1858 4439 1927 4496 de
1956 4457 2045 4496 rc-

455 4513 788 4574 snrrectione
822 4509 1064 4586 cerporis
1102 4520 1388 4590 Apostolus
1426 4524 1662 4594 disserit,
1699 4528 2041 4588 inserendum

453 4604 675 4672 putasti,
701 4607 799 4662 nisi
850 4621 1068 4681 propter
1115 4613 1244 4670 illud
1283 4617 1426 4685 quod
1470 4619 1564 4685 ait,
1592 4621 1738 4676 Sicut
1781 4625 1836 4678 in
1880 4625 2045 4682 Adam

455 4711 627 4754 omnes
656 4701 956 4771 moriuntur,
1002 4705 1074 4758 ita
1116 4715 1162 4762 et
1204 4707 1258 4762 iu
1287 4707 1488 4766 Christo
1517 4729 1688 4769 omnes
1717 4717 2044 4787 viviﬁcabun-

454 4788 576 4842 tur?
616 4790 749 4857 Quia
776 4793 980 4856 scilicct
1015 4799 1257 4868 corporis
1300 4811 1527 4860 mortem
1575 4823 1681 4864 non
1726 4811 1884 4867 vultis
1916 4829 2044 4882 pec-

453 4890 572 4938 cato
602 4884 756 4951 primi
796 4885 1030 4947 hominis
1057 4893 1313 4962 tribucre,
1343 4897 1442 4956 sed
1467 4912 1671 4957 natura:
1705 4922 1719 4958 :
1760 4921 1920 4976 quam
1964 4910 2044 4965 sic

452 4973 506 5031 in
534 4975 627 5038 illo
654 4977 872 5040 homine
915 4985 1090 5053 primo
1109 4986 1286 5046 dicitis
1328 4992 1644 5065 institutam,
1674 5009 1732 5053 ut
1758 4973 1876 5056 sive
1919 5020 2045 5073 pec-

453 5079 621 5140 caret,
647 5074 760 5132 sive
785 5092 892 5132 nou
919 5091 1185 5149 peccaret,
1216 5087 1509 5144 moriturus
1536 5101 1700 5146 esset.
1731 5093 1883 5151 Unde
1912 5099 2042 5155 satis

453 5157 544 5218 sibi
592 5167 842 5224 existimo
871 5185 991 5230 esse
1037 5190 1376 5246 responsum.
1409 5181 1771 5250 Quamobrem
1818 5198 2043 5258 praeter-

450 5255 628 5338 missis
654 5260 754 5329 eis,
786 5261 840 5318 in
867 5263 1060 5334 quibus
1081 5272 1410 5339 exponendis
1448 5275 1718 5346 superﬂuo
1744 5289 1796 5336 te
1818 5255 2042 5342 dilatare

512 5432 629 5505 f§ic
667 5444 774 5489 Mss.
805 5446 885 5505 At__
903 5441 1052 5505 editi,
1088 5442 1351 5500 hominum.

450 5494 938 5614 nuggﬁfspwnalis,
963 5494 1510 5582 om'issa'hi—eiiineditis,
1555 5518 1828 5574 restituitur
1850 5537 1912 5578 ex
1938 5539 2040 5580 ma-

513 5575 612 5610 scrt
635 5578 646 5607 ι
714 5598 725 5613 .
1091 5603 1094 5610 .

513 5611 544 5652 ³’
557 5575 972 5737 ΕόΙΙὲΞΓιεηαΙεηι.
993 5633 1162 5683 Verius
1189 5640 1298 5683 Mss.
1311 5669 1327 5695 ,
1349 5639 1663 5702 prcemialem.

513 5682 621 5734 ‘lta
735 5702 796 5737 ex
839 5697 963 5737 Pori.
1012 5695 1098 5737 Alii
1130 5709 1250 5737 vom
1285 5705 1385 5737 \txs-
1413 5713 1522 5737 mm.
1549 5705 1659 5737 miti:

511 5682 796 5773 :‘l‘tanc‘odex
839 5697 963 5773 fort.
1011 5695 1098 5773 Alii
1130 5682 1706 5773 vegetis;
1739 5715 2000 5773 wquaverit
2021 5731 2040 5769 :

449 5741 734 5864 ἕξιι-ῧαὲἔὲ,
779 5741 1096 5817 aruiquaverit
1110 5741 1148 5819 ;V
1171 5741 1245 5808 id-
1265 5741 1386 5822 esi:
1407 5741 1706 5819 556125555?

451 5819 510 5859 ca
619 5819 715 5862 ese.
837 5849 840 5852 ~
1358 5819 1367 5822 ’
1409 5845 1412 5850 ·
1740 5819 1887 5826 πη*
1932 5819 2038 5842 ﬂ”

461 5819 1321 5968 mgf?)Erigsgntiogsstm‘tllutcm
1343 5885 1616 5964 destruetur
1636 5905 1790 5968 mors,
1829 5901 2008 5955 omisso
2022 5940 2038 5968 ,

461 5938 658 6012 manca,
683 5938 812 6004 quod
834 5947 1000 5998 tamen
1019 5948 1266 6009 reperitur
1289 5949 1340 6002 in
1357 5938 1713 6019 milia:

1122 417 1370 476 OPERIS
1405 413 1818 474 IMPERFECTI
1856 409 2128 469 CONTRA
2169 408 2535 479 JliLlANUM,
2574 411 2630 467 S.
2675 411 3046 470 AUGUSTINI

3590 417 3735 476 1596

2145 522 2385 589 voluisti,
2423 524 2552 579 illud
2582 525 2723 596 quod
2752 527 2827 580 ait
2867 528 3173 597 Apostolus,
3210 526 3502 586 Novissima
3531 533 3739 590 inimica

2145 615 2430 672 destruetur
2475 635 2629 682 nwrs,
2669 619 3061 676 discutiendum
3113 621 3332 678 forsitan
3377 625 3468 691 sit,
3514 627 3584 682 de
3635 644 3739 699 qua

2145 719 2319 766 morte
2345 711 2418 767 sit
2441 711 2644 770 dictum
2669 730 2684 780 ;
2731 723 2906 768 utrum
2933 714 3002 770 de
3042 716 3138 770 ista
3180 733 3300 786 quae
3330 734 3471 774 nunc
3500 730 3602 783 est,
3637 737 3740 792 qua

2145 801 2214 858 de
2235 818 2465 873 corpore
2487 805 2640 861 exire
2677 806 2853 860 anima
2891 808 3270 878 compellitur;
3301 826 3367 865 an
3405 811 3478 867 de
3505 813 3596 868 illa
3638 829 3739 885 qua

2146 897 2214 953 de
2238 913 2466 969 corpore
2500 901 2675 957 anima
2703 902 2851 957 exire
2880 917 2986 958 non
3011 903 3224 969 sinitur,
3254 913 3315 960 ut
3338 907 3498 961 simul
3529 919 3740 963 utrum-

2147 1007 2251 1062 que
2291 993 2623 1063 sempiterno
2665 994 2788 1065 igne
2831 995 3100 1050 crucietur
3139 1014 3154 1050 :
3199 1011 3321 1068 qua:
3364 1013 3512 1055 mors
3559 1001 3741 1071 utique

2148 1084 2382 1154 nondum
2424 1094 2536 1152 est,
2565 1086 2661 1141 sed
2688 1086 2888 1143 futura
2939 1096 3063 1144 est:
3093 1105 3269 1161 neque
3322 1100 3450 1148 tunc
3495 1092 3742 1149 destrue-

2149 1185 2254 1243 tur,
2283 1176 2379 1232 sed
2424 1177 2600 1247 potius
2635 1192 2756 1233 esse
2794 1189 2920 1235 tunc
2959 1180 3184 1252 incipit;
3216 1187 3374 1253 Quam
3419 1199 3564 1240 nunc
3611 1201 3743 1241 nou-

2149 1271 2274 1326 dum
2311 1286 2432 1327 esse
2474 1273 2594 1343 quis
2639 1273 2898 1345 ambigit?
2945 1275 3070 1330 Haec
3117 1285 3319 1342 autem,
3349 1293 3471 1348 quae
3520 1286 3649 1334 tunc
3690 1281 3742 1336 in

2150 1363 2396 1418 omnibus
2423 1379 2648 1434 corpore
2679 1366 3029 1422 morientibus
3067 1367 3450 1438 frequentatur,
3482 1372 3575 1426 cui
3618 1386 3743 1426 con-

2151 1456 2310 1509 traria
2338 1465 2420 1511 est
2447 1458 2688 1526 corporis
2723 1459 3065 1526 resurrectio,
3094 1459 3162 1514 de
3187 1476 3296 1530 qua
3321 1472 3379 1517 ut
3410 1462 3528 1516 haec
3566 1465 3742 1519 omnia

2151 1546 2351 1602 diceret
2399 1548 2692 1618 Apostolus
2742 1550 3085 1620 disputabat;
3138 1553 3289 1621 haec,
3341 1555 3581 1625 inquam,
3629 1571 3742 1626 quas

2151 1653 2294 1694 nunc
2320 1640 2514 1708 agitur,
2545 1645 2738 1696 usitata
2766 1650 2822 1696 et
2845 1644 3097 1699 omnibus
3118 1645 3274 1701 nobis
3299 1654 3424 1701 nota
3447 1663 3598 1702 mors
3628 1663 3742 1704 cor-

2153 1730 2318 1801 poris,
2353 1741 2477 1786 tunc
2505 1733 2687 1802 utique
2723 1735 3014 1791 novissima
3045 1735 3373 1805 destruetur,
3404 1754 3528 1795 cum
3556 1755 3743 1796 corru-

2149 1824 2335 1894 ptihile
2377 1823 2478 1880 hoc
2526 1825 2760 1881 induerit
2802 1827 3278 1898 incorruptionem,
3305 1842 3360 1885 et
3389 1833 3618 1888 mortale
3643 1831 3744 1890 hoc

2151 1914 2382 1970 induerit
2425 1917 2874 1976 immortalitatem
2903 1920 3103 1991 ([Cor.
3144 1939 3234 1989 xv,
3285 1923 3376 1988 53,
3423 1926 3540 1996 54).
3588 1925 3740 1992 Quod

2151 2007 2335 2076 procul
2359 2007 2521 2063 dubio
2541 2009 2608 2064 de
2634 2013 3028 2068 resnnectione
3048 2017 3290 2084 corporis
3317 2033 3436 2086 qua:
3466 2029 3597 2072 tunc
3621 2019 3740 2085 erit,

2151 2108 2333 2154 contra
2385 2110 2615 2158 mortem
2657 2105 2900 2175 corporis
2939 2122 3060 2179 quas
3087 2124 3229 2164 nunc
3269 2119 3368 2175 est,
3399 2110 3602 2167 dictum
3628 2128 3748 2169 esse

2150 2192 2522 2261 perspicimus.
2551 2193 2910 2266 Quapropter,
2942 2199 2987 2253 si
3027 2215 3173 2256 mors
3213 2211 3412 2258 aeterna
3444 2219 3568 2275 qum
3610 2223 3746 2261 iiun-

2151 2297 2309 2353 quam
2343 2283 2456 2351 fuit,
2486 2301 2592 2342 non
2623 2297 2800 2356 potest
2833 2297 2959 2345 tunc
2993 2290 3219 2360 destrui,
3249 2295 3462 2365 quando
3491 2311 3616 2352 esse
3657 2315 3748 2369 po-

2153 2375 2257 2431 tius
2285 2377 2492 2446 incipit,
2510 2393 2609 2434 nec
2628 2396 2859 2451 unquam
2881 2381 3208 2452 destruetur,
3229 2387 3351 2456 quia
3375 2403 3596 2460 semper
3611 2390 3744 2459 erit;

2152 2476 2319 2524 restat
2348 2479 2402 2524 ut
2447 2469 2546 2526 ista
2572 2487 2693 2541 qum
2723 2489 2866 2529 nunc
2890 2486 2992 2542 est,
3022 2477 3133 2546 ipsa
3165 2479 3474 2547 novissima,
3507 2481 3611 2537 hoc
3645 2491 3744 2550 est,

2153 2560 2206 2615 in
2236 2562 2344 2617 line
2371 2562 2694 2630 destruatur,
2725 2566 2940 2636 quando
2969 2567 3062 2623 lict
3103 2573 3530 2629 resurrectione‘
3571 2574 3748 2630 carnis

2121 2678 2128 2682 τ
2153 2659 2211 2707 ιιι
2240 2668 2344 2708 non
2373 2654 2462 2709 sit.
2491 2655 2662 2711 Porro
2688 2658 2906 2715 inimica
2929 2662 3200 2731 quomodo
3227 2674 3395 2733 esset,
3419 2666 3464 2721 si
3492 2667 3748 2723 naturalis

2153 2744 2222 2804 ita
2245 2754 2407 2814 esset,
2439 2754 2500 2802 ut
2543 2749 2767 2817 pinnulis
2793 2766 2899 2806 non
2927 2754 3110 2810 esset?
3155 2755 3386 2812 Pmnalis
3429 2767 3612 2813 autem
3653 2761 3750 2814 sub

2147 2837 2293 2909 justo
2329 2848 2384 2896 et
2410 2841 2774 2912 omnipotente
2797 2844 3010 2914 judice'
3058 2848 3203 2902 nullo
3247 2858 3406 2920 pacto
3443 2860 3615 2920 esset,
3647 2853 3745 2908 nisi

2152 2931 2360 2988 meritis
2391 2935 2594 3002 peccati
2622 2935 2926 2994 accidisset.
2950 2937 3066 2994 Jam
3089 2940 3304 2997 tandem
3333 2958 3551 3000 sensum
3578 2955 3746 3015 tuum,

2151 3037 2421 3094 rogamus,
2452 3026 2716 3094 entenda;
2765 3041 2822 3084 et
2869 3031 3172 3100 paradisum
3223 3033 3538 3105 beatorum,
3592 3055 3744 3109 quem

2152 3119 2326 3186 pinnis
2357 3117 2632 3176 hominum
2658 3122 3142 3192 contaminaveras,
3173 3128 3391 3184 munda.
3421 3130 3537 3185 Dici
3572 3119 3764 3187 autem.

2153 3225 2258 3265 non
2286 3220 2482 3280 potest,
2510 3223 2768 3283 quantum
2812 3215 2939 3270 mihi
2987 3217 3209 3288 placeat,
3245 3221 3390 3292 quod
3435 3223 3642 3290 dixisti,
3683 3224 3745 3280 In

2151 3318 2310 3372 regno
2340 3303 2584 3358 cateruas
2628 3309 2856 3378 futuram
2882 3323 3010 3374 esse,
3041 3317 3097 3363 ut
3140 3313 3387 3367 exstincta
3430 3316 3574 3369 omni
3603 3316 3742 3386 cupi-

2153 3392 2310 3448 ditate
2332 3395 2617 3466 culparum,
2643 3395 2780 3452 Deus
2804 3407 2852 3452 et
2876 3400 3130 3454 contineat
3157 3413 3384 3472 cunctos,
3407 3413 3454 3459 et
3473 3408 3741 3476 compleat.

2151 3485 2196 3539 Ο
2215 3487 2417 3542 utinam
2451 3496 2554 3544 tute
2585 3488 2742 3560 hujus
2763 3493 3044 3550 sententiae
3058 3499 3477 3555 commonitione
3505 3508 3560 3556 te
3581 3503 3745 3557 corri-

2150 3591 2267 3647 gas,
2301 3587 2356 3634 et
2393 3579 2740 3650 cupiditatem
2769 3583 3068 3654 culparum,
3099 3602 3220 3658 quae
3264 3591 3318 3644 in
3361 3606 3526 3647 carne
3571 3605 3743 3650 nostra

2151 3683 2312 3733 nunc,
2344 3670 2506 3726 etiam
2546 3674 2809 3741 coercita,
2857 3677 3011 3734 nobis
3051 3695 3350 3751 repugnare
3392 3699 3501 3740 non
3532 3685 3742 3756 desinit,

2153 3768 2279 3818 tunc
2327 3778 2475 3832 vero,
2507 3774 2566 3825 ut
2607 3768 2908 3826 rectissime
2953 3775 3246 3841 confiteris,
3289 3778 3556 3834 exstincta
3606 3781 3742 3835 nulla

2151 3855 2273 3923 erit,
2293 3856 2406 3926 jam
2435 3873 2543 3916 non
2577 3868 2632 3916 te
2657 3861 2820 3917 libeat
2841 3863 3062 3919 laudare
3088 3875 3145 3921 ut
3167 3868 3384 3938 aliquod
3410 3870 3637 3936 bonum,
3657 3874 3743 3929 sed

2151 3958 2211 4003 ut
2255 3951 2452 4008 malum
2499 3954 2675 4023 potius
2717 3959 3005 4014 accusare!
3060 3959 3175 4031 Ipsa
3219 3972 3303 4018 est
3343 3966 3486 4020 enim
3532 3976 3621 4022 tua
3664 3969 3744 4023 illa

2151 4052 2418 4112 suscepta,
2449 4060 2556 4114 qua
2583 4062 2710 4103 caro
2736 4052 3070 4120 concupiscit
3107 4053 3365 4112 adversus
3394 4059 3662 4128 spiritum,
3692 4070 3746 4117 ut

2151 4148 2373 4190 necesse
2414 4136 2484 4190 sit
2525 4137 2688 4194 etiam
2731 4141 2937 4209 spiritui
2981 4144 3237 4201 adversus
3287 4163 3506 4205 carnem
3552 4167 3743 4208 concu-

2151 4225 2361 4295 piscere
2407 4226 2606 4297 (Colat.
2639 4247 2692 4296 v,
2727 4232 2838 4302 17),
2881 4249 2950 4289 ne
2987 4240 3354 4295 contmittatur
3396 4244 3542 4300 unde
3589 4245 3744 4301 homo

2152 4315 2457 4374 damnetur.
2506 4321 2666 4387 Quod
2716 4323 2996 4382 discordiae
3062 4329 3290 4399 malum,
3343 4335 3421 4388 rei
3471 4337 3744 4407 utriusque

2151 4409 2306 4466 bona:
2331 4421 2388 4467 et
2420 4428 2451 4466 a
2493 4413 2604 4468 Deo
2632 4415 2806 4472 bouo’
2830 4419 3080 4488 condita,
3103 4422 3157 4477 id
3184 4434 3268 4478 est
3307 4429 3487 4481 carnis
3516 4438 3572 4482 et
3597 4431 3744 4499 spiri-

2154 4509 2255 4568 tus,
2285 4518 2385 4576 per
2423 4507 2916 4573 praivaricatiouem
2956 4513 3112 4581 primi
3145 4515 3376 4572 hominis
3417 4519 3470 4573 in
3499 4531 3741 4577 naturam

2152 4594 2376 4650 vertisse
2399 4637 2415 4662 ,
2444 4596 2754 4666 proclamat,
2800 4615 2975 4673 neque
3002 4604 3346 4676 Manichacus,
3379 4627 3557 4682 neque
3586 4614 3743 4670 Mani-

2150 4684 2421 4740 chmorum
2464 4687 2699 4760 adjutor,
2730 4693 2826 4750 sed
2867 4695 3170 4754 destructor
3196 4701 3513 4760 Ambrosius
3546 4705 3680 4778 (Lib.
3711 4709 3740 4761 7

2149 4777 2201 4831 in
2227 4776 2354 4834 Luc.
2389 4794 2486 4846 ιιι,
2516 4780 2634 4853 55)..

2221 4869 2510 4938 XXXVI“.
2547 4873 2667 4931 JUL.
2706 4876 2966 4948 Alioquin,
3014 4883 3211 4955 inquit,
3263 4889 3386 4956 quid
3433 4891 3623 4961 facient
3664 4894 3745 4965 qui

2151 4962 2474 5033 baptizantur
2505 4985 2596 5036 pro
2643 4975 2872 5037 mortuis,
2902 4977 2948 5031 si
2975 4980 3182 5034 omnino
3210 4987 3397 5038 mortui
3439 5003 3546 5042 non
3584 5006 3744 5044 resur-

2149 5069 2274 5157 gunt
2291 5058 2317 5112 7
2354 5061 2476 5129 quid
2498 5073 2546 5120 et
2585 5064 2908 5135 baptizaretur
2933 5089 3028 5143 pro
3065 5074 3170 5130 illis
3187 5076 3214 5130 ?
3245 5077 3384 5145 Quid
3407 5090 3456 5135 et
3499 5099 3592 5138 nos
3617 5085 3745 5157 peri-

2149 5147 2384 5204 clitamur
2408 5155 2545 5210 omni
2573 5156 2699 5212 hora
2719 5159 2764 5231 7,
2790 5163 3026 5228 Quotidie
3051 5169 3242 5222 morior
3269 5185 3359 5240 per
3384 5147 3744 5249 restram'gto-

2148 5240 2301 5311 riam,
2329 5259 2482 5313 quam
2515 5246 2673 5304 habeo
2699 5251 2756 5307 in
2799 5252 3038 5311 Domino.
3072 5258 3132 5314 Si
3171 5264 3448 5319 secundum
3494 5240 3744 5324 hominem

2149 5336 2371 5407 pugnavi
2397 5335 2568 5400 bestiis
2593 5339 2808 5412 Ephesi,
2835 5347 2958 5417 quid
2977 5349 3104 5404 mihi
3128 5353 3349 5423 prodest,
3370 5357 3414 5410 si
3435 5363 3628 5414 mortui
3648 5379 3744 5416 non

2148 5440 2416 5500 resurgunt
2436 5429 2466 5486 ἲ
2509 5432 2882 5495 Maritimus
2913 5452 2962 5496 et
2987 5443 3237 5512 bibamus,
3265 5463 3378 5503 cras
3404 5452 3538 5506 enim
3567 5457 3743 5511 morie-

2147 5537 2284 5576 mur.
2315 5522 2393 5591 Si,
2431 5524 2621 5598 inquit,
2664 5529 2766 5585 ista
2811 5547 2935 5603 spes
2981 5535 3172 5593 futurae
3216 5539 3424 5610 gloriae,
3452 5562 3558 5615 qua
3609 5549 3740 5603 Deus

2147 5616 2326 5669 omnia
2368 5617 2420 5671 in
2451 5621 2701 5676 omnibus
2744 5625 2867 5694 erit,
2896 5627 3062 5704 impia
3098 5630 3412 5702 inﬁdelitate
3449 5641 3735 5709 quatiatur,

2212 5725 2234 5812 ξ
2735 5739 3038 5812 castigantur
3062 5755 3127 5793 ex
3143 5750 3508 5812 _nuscriptis.

2210 5787 2234 5818 ²
2251 5787 2542 5864 \‘ignierius,
2563 5800 2610 5845 et
2642 5787 3508 5868 mzipoté’riié"be6“i3ziiéif'Xi33§i
3520 5849 3538 5876 ,
3574 5824 3690 5879 Deo,
3709 5829 3740 5868 ι

2147 5861 2500 5915 manuscriptts.

2211 5913 2547 6005 ζὴ
2573 5925 2620 5972 et
2643 5933 2673 5974 a
2696 5931 2798 5978 Deo
2813 5928 3038 5984 conditis.
3064 5931 3356 6002 addidimus,
3383 5937 3524 6005 bono,
3549 5955 3614 5996 ex
3635 5955 3735 5996 ma-

2101 6031 2104 6034 .
2145 5977 2419 6050 “scriptis.
