3994 6486
213 441 355 500 im

215 563 549 626 negetnrqne
583 543 906 608 rosurrectio
945 557 1302 619 mortuorum,
1324 547 1450 620 quid
1491 547 1687 605 facient
1716 548 1806 618 qui

217 648 557 718 baptizantnr
593 660 690 716 pro
728 644 995 700 mortuis?
1035 643 1199 699 Natus
1237 643 1363 697 hinc
1406 657 1556 698 error
1595 641 1807 712 aliquo-

218 757 336 798 rum
359 748 461 804 est,
491 740 785 811 putantium
819 739 957 794 inter
980 737 1198 794 exordia
1228 736 1499 808 Evangelii
1529 752 1651 790 eum
1689 751 1806 790 mo-

223 848 335 889 rem
367 831 551 896 fuisse,
572 833 706 901 quo‘
739 838 976 886 astantes
1006 845 1101 900 pro
1121 829 1467 886 cadaveribus
1489 829 1776 900 proliteren
1792 858 1809 869 ο

222 934 327 991 tur,
355 933 410 981 et
437 940 572 996 aqua
619 924 959 995 Baptismatis
986 924 1143 978 etiam
1172 923 1540 979 defunctorum
1569 923 1809 978 membra

223 1017 610 1088 perfunderent
641 1035 654 1070 :
697 1016 836 1086 quod
867 1026 1083 1088 apparet
1109 1017 1176 1072 de
1205 1017 1465 1086 imperitia
1499 1017 1805 1088 contigisse.

223 1110 336 1164 lloc
379 1109 525 1165 enim
569 1109 708 1180 quod
740 1110 811 1162 ait
840 1109 1148 1180 Apostolus,
1177 1108 1510 1180 Baptizantur
1551 1127 1640 1178 pro
1672 1126 1810 1161 mor-

223 1204 342 1270 tuis,
363 1202 495 1257 nihil
525 1203 664 1256 aliud
693 1202 909 1269 indicat,
931 1219 1086 1274 quam
1118 1203 1248 1257 illud
1275 1202 1413 1273 quod
1442 1204 1506 1256 ad
1538 1203 1810 1256 Romanos

221 1294 379 1360 dixit,
407 1293 700 1366 Consepulti
748 1295 826 1348 illi
867 1311 1040 1350 sumus
1084 1312 1172 1366 per
1217 1294 1480 1364 Baptisma
1520 1296 1569 1347 in
1603 1305 1812 1348 mortem

223 1387 402 1461 (Rom.
434 1403 505 1455 v1,
529 1385 584 1459 4)
610 1405 621 1440 :
655 1387 707 1441 id
736 1395 837 1455 est,
866 1387 979 1456 Qua
1007 1388 1197 1459 gratia,
1232 1389 1319 1442 tali
1349 1387 1414 1441 ad
1443 1385 1814 1457 Baptismatis’

223 1483 621 1554 susceptionem
663 1481 844 1535 animo
873 1481 1198 1549 accedimus,
1245 1489 1303 1536 ut
1350 1481 1588 1534 memlu'a
1637 1488 1815 1532 nostra

223 1575 614 1630 mortificamus
655 1574 708 1628 in
755 1583 1051 1645 posterum,
1084 1583 1139 1629 et
1185 1589 1285 1644 pro
1335 1574 1559 1628 mortuis
1599 1573 1816 1627 omnino

226 1665 508 1737 degamus,
530 1667 572 1720 si
595 1681 718 1736 spes
745 1681 852 1721 non
879 1675 982 1734 est,
1003 1667 1124 1737 quia
1155 1675 1274 1738 post
1299 1675 1524 1721 mortem
1547 1665 1819 1719 vivamus?

222 1756 334 1814 Cur
375 1769 552 1813 autem
594 1767 649 1814 et
689 1759 1032 1829 quotidianis,
1066 1759 1255 1829 inquit,
1301 1758 1502 1814 subdor
1550 1758 1816 1828 periculis,

230 1850 284 1904 in
327 1860 556 1906 mortem
594 1851 793 1922 jugiter
832 1852 1100 1919 incidens,
1147 1868 1305 1923 quam
1350 1852 1585 1907 inferunt
1635 1865 1820 1922 perse-

221 1950 485 2013 quentes,
533 1953 592 1998 ut
641 1943 710 1998 de
765 1945 959 1998 vestris
1010 1953 1132 1998 ante
1180 1944 1342 1998 Deum
1389 1944 1588 2014 possim
1644 1943 1821 2014 profe-

224 2034 404 2089 ctibus
444 2035 683 2106 gloriari,
717 2036 762 2090 si
795 2037 993 2090 mortui
1024 2051 1128 2090 non
1159 2037 1482 2107 resurgunt?
1510 2035 1619 2091 Cur
1643 2045 1820 2091 autem

223 2135 280 2182 ot
306 2129 600 2182 secundum
625 2128 896 2183 hominem
920 2129 1148 2200 pugnavi
1177 2129 1362 2184 bestiis
1386 2128 1606 2200 Ephesi,
1638 2128 1690 2184 id
1718 2138 1818 2196 est,

223 2233 324 2273 cur
343 2219 574 2273 sustinui
599 2219 872 2274 bestialem
896 2220 1270 2275 seditiosorum
1295 2212 1552 2286 furorem,
1573 2221 1616 2273 si
1641 2215 1828 2292 adhue

224 2317 382 2364 nutat
408 2309 551 2380 quod
599 2311 797 2364 mortui
827 2309 1150 2380 resurgunt?
1199 2309 1377 2364 Nolite
1421 2311 1637 2365 seduci:
1666 2311 1822 2367 bonos

225 2418 394 2456 mores
437 2412 768 2473 corrumpunt
809 2404 1065 2475 colloquia
1107 2403 1262 2458 mala.
1299 2403 1652 2476 Ignorantiam
1691 2405 1830 2476 enim,

226 2493 327 2547 Dei
352 2494 563 2564 quidam
589 2495 772 2548 habent
800 2511 818 2549 :
851 2496 921 2548 ad
945 2497 1453 2566 confusionemvobis
1475 2498 1584 2550 dico
1621 2495 1672 2570 (Ι
1701 2497 1818 2552 Cor.

229 2601 324 2653 xv,
371 2585 585 2657 29—54).
621 2589 802 2653 Amor,
837 2587 1008 2658 inquit
1062 2599 1401 2658 peccatorum
1447 2587 1688 2644 diffidere
1728 2605 1824 2646 vos

225 2676 423 2733 suadet
467 2677 536 2732 de
585 2678 821 2734 futuris:
871 2690 1087 2748 putatur
1132 2697 1237 2734 non
1286 2696 1405 2735 esse
1441 2680 1719 2750 judicium,
1767 2690 1824 2736 ut

224 2770 439 2838 majore
491 2781 740 2840 peccetur
783 2771 1024 2827 audacia.
1055 2774 1308 2840 Omnino,
1356 2775 1542 2844 inquit,
1579 2775 1824 2829 nesciunt

229 2864 506 2919 :estimare
546 2866 736 2930 Deum,
767 2867 858 2935 qui
889 2866 1188 2920 inliciantur
1225 2865 1659 2921 resurrectioni’.
1707 2866 1821 2922 Non

224 2971 362 3027 ergo
410 2957 583 3011 solum
634 2960 1152 3024 remunerationem,
1186 2959 1278 3014 sed
1331 2959 1581 3015 virtutem
1631 2959 1824 3014 divini-

225 3048 358 3102 tatis
395 3049 621 3119 negatis,
652 3049 791 3104 unde
836 3050 1059 3104 nimium
1103 3050 1312 3106 debetis
1356 3053 1695 3108 erubescere.
1743 3051 1825 3107 Ad

229 3139 608 3196 confusionem
637 3141 788 3198 vobis
829 3144 975 3208 dico,
1007 3157 1165 3213 posse
1194 3144 1331 3198 inter
1363 3157 1455 3199 vos
1502 3146 1632 3200 tales
1659 3158 1824 3216 quos-

227 3233 380 3303 piam
409 3233 652 3304 reperiri.

297 3329 443 3382 Ave.
480 3327 544 3380 Et
589 3327 675 3381 hic
704 3326 832 3381 nihil
863 3342 1080 3397 prorsus
1114 3328 1256 3397 quod
1289 3327 1354 3382 ad
1387 3344 1497 3383 rem
1540 3329 1823 3400 pertineat,

222 3435 354 3490 qua:
381 3421 436 3475 in
461 3431 640 3475 nostra
665 3421 1057 3492 disceptatione
1083 3432 1347 3490 versatur,
1381 3421 1561 3477 dicere
1592 3423 1823 3476 voluisti.

224 3513 469 3568 Proinde
495 3515 672 3568 verbis
697 3515 940 3586 Apostoli
967 3556 981 3580 ,
1033 3531 1152 3584 qum
1182 3530 1278 3586 pro
1314 3525 1407 3569 tuo
1450 3527 1607 3586 captu
1638 3516 1825 3586 expla-

223 3623 366 3661 nare
411 3619 636 3663 conatus
674 3624 764 3673 es,
820 3611 941 3679 quia
985 3625 1045 3664 ea
1083 3625 1199 3679 quin
1241 3609 1460 3674 dixisti,
1507 3613 1746 3679 quamvis
1775 3611 1826 3670 in

225 3703 512 3756 nonnullis
538 3717 752 3756 sensum
785 3719 892 3757 non
939 3705 1172 3759 tenueris
1204 3704 1318 3773 ejus
1348 3707 1579 3760 auctoris
1605 3749 1618 3771 ,
1652 3711 1827 3762 tamen

226 3810 343 3848 non
377 3806 502 3849 sunt
537 3805 722 3850 contra
751 3796 906 3850 fidem
928 3838 942 3862 ,
983 3813 1086 3851 non
1116 3811 1250 3865 opus
1293 3795 1461 3853 habeo
1505 3799 1841 3882 reSpondere

226 3889 583 3959 multiloquio
614 3901 724 3945 tuo.

307 3978 719 4038 XXXIXfJUL.
774 3982 882 4038 Sed
924 3983 1050 4036 dicet
1095 3983 1277 4051 aliquis
1311 4000 1328 4037 :
1358 3982 1620 4050 Quomodo
1665 4003 1833 4041 resur-

227 4084 364 4147 gunt
389 4077 618 4130 mortui?
649 4093 747 4148 quo
777 4085 941 4128 autem
972 4077 1026 4128 in
1049 4091 1262 4146 corpore
1289 4077 1530 4130 veniunt?
1556 4076 1583 4130 1
1591 4079 1829 4150 nsipiens,

230 4178 286 4222 tu
315 4168 458 4239 quod
492 4171 710 4224 seminus
747 4187 848 4223 non
887 4171 1168 4238 viviﬁcatur
1193 4212 1208 4236 ,
1260 4171 1359 4224 nisi
1401 4173 1540 4241 prius
1567 4175 1830 4228 moriatur.

233 4262 366 4317 Non
415 4265 576 4317 omnis
614 4280 734 4318 caro
768 4263 944 4317 eadem
989 4279 1144 4328 caro;
1195 4263 1299 4317 alia
1348 4264 1550 4334 quidem
1593 4265 1830 4333 hominis,

227 4357 343 4411 alia
373 4358 601 4426 pecoris;
636 4358 740 4411 alia
765 4375 882 4411 caro
909 4356 1190 4412 volatilia»:
1211 4401 1225 4425 ,
1259 4359 1360 4412 alia
1387 4370 1551 4414 autem
1579 4359 1833 4434 piscium:

232 4457 282 4502 et
312 4465 534 4518 corpora
552 4448 771 4503 calestia
800 4460 845 4504 et
876 4452 1163 4515 terrestria;
1201 4451 1290 4506 sed
1312 4453 1414 4505 alia
1443 4453 1645 4522 quidem
1675 4453 1826 4508 ccele-
1857 4517 1860 4520 ,

230 4543 390 4596 stium
416 4542 644 4606 claritas,
670 4542 774 4596 alia
797 4558 913 4596 vero
946 4545 1294 4609 terrestrium;
1325 4545 1428 4597 alia
1455 4546 1660 4600 claritas
1687 4546 1830 4616 solis,

235 4643 286 4690 et
313 4634 426 4688 alia
450 4636 656 4689 claritas
695 4638 832 4690 luna:
851 4678 866 4701 ,
917 4645 964 4690 et.
989 4635 1093 4689 alia
1121 4637 1328 4690 claritas
1356 4637 1616 4692 stellarum
1647 4655 1665 4692 :
1685 4639 1836 4694 stella

233 4731 375 4783 enim
403 4745 436 4782 a
474 4727 623 4783 stella
653 4727 826 4797 differt
870 4730 922 4783 in
959 4729 1154 4800 gloria;
1199 4729 1268 4782 ita
1297 4737 1347 4782 et
1381 4729 1675 4784 resurrectio
1702 4747 1837 4786 mor-

235 4833 466 4878 tuorum.
520 4821 816 4877 Seminatur
855 4826 910 4876 in
935 4822 1286 4892 corruptione,
1336 4831 1505 4892 surget
1534 4822 1583 4875 in
1607 4822 1836 4877 incorru-
1867 4877 1870 4880 .

235 4917 418 4986 ptela;
448 4915 726 4968 seminatur
753 4915 806 4969 in
827 4914 1135 4986 ignominia,
1164 4924 1331 4984 surget
1366 4914 1418 4968 in
1446 4915 1647 4985 gloria;
1687 4915 1840 4969 semi-

233 5018 394 5064 natur
415 5009 470 5062 in
493 5007 808 5078 inﬁrmitate,
842 5017 1012 5079 surget
1037 5009 1089 5061 in
1115 5008 1326 5073 virtute;
1359 5008 1637 5062 seminatur
1656 5024 1838 5079 corpus

235 5100 500 5167 animale,
539 5095 920 5175 surget'corpus
956 5100 1239 5170 spirituale.
1288 5099 1377 5155 Sic
1406 5101 1560 5156 etiam
1593 5102 1838 5172 scriptum

241 5201 310 5247 est
341 5209 362 5247 :
395 5187 591 5246 Factus
611 5200 684 5245 est
709 5192 856 5246 homo
895 5191 1088 5262 primus
1127 5191 1291 5244 Adam
1330 5192 1382 5245 in
1412 5193 1635 5248 animam
1669 5195 1838 5248 viven-

237 5294 366 5350 tem,
393 5285 691 5339 novissimus
721 5285 886 5338 Adam
910 5286 962 5338 in
992 5285 1227 5356 spiritum
1246 5286 1600 5354 viviﬁcantem.
1633 5287 1838 5343 Primus

237 5378 397 5430 homo
425 5377 490 5428 de
517 5385 650 5430 terra
668 5417 684 5446 ,
719 5377 967 5431 terrestris
990 5392 1009 5442 ;
1037 5377 1290 5431 secundus
1313 5383 1463 5432 homo
1485 5379 1548 5433 de
1568 5380 1713 5444 ctelo,
1740 5396 1840 5435 cae-

236 5469 384 5522 lestis
424 5483 443 5522 :
476 5467 642 5539 qualis
694 5469 982 5536 terrestris,
1045 5469 1170 5523 talcs
1216 5479 1262 5526 et
1306 5471 1522 5540 terreni;
1576 5483 1622 5527 et
1671 5474 1840 5547 qualis

233 5561 492 5626 calcatis,
532 5562 660 5618 tales
697 5571 744 5619 et
775 5561 1018 5620 calentes.
1049 5563 1198 5618 Sicut
1225 5567 1534 5632 portavimus
1557 5567 1834 5638 imaginem

236 5656 515 5723 terrestris,
533 5664 787 5726 portemus
807 5656 956 5714 etiam
973 5656 1243 5730 imaginnn
1260 5658 1396 5714 illius
1417 5661 1628 5716 ctelestis
1653 5659 1701 5732 (Ι
1712 5662 1838 5730 bid.,

308 5794 327 5858 ξ
352 5793 680 5858 Codex‘t’orlq
706 5794 851 5858 quod.

309 5856 440 5927 {tne
477 5855 594 5905 editi
625 5855 833 5917 addunt,
881 5855 1024 5906 ctiam
1064 5857 1417 5919 defunctorum.
1442 5858 1589 5912 abest.
1613 5872 1640 5911 ·ι
1668 5873 1841 5912 manu-

581 5987 647 6055 Δι,
663 5981 799 6054 editi,
823 5978 1100 6048 inﬁciantur
1125 5979 1542 6037 resurrectionem.

1594 433 1792 491 LIBER
1825 423 2116 493 SEXTUS.

3361 439 3498 498 1598

1917 549 2128 621 35-49).
2179 549 2558 608 Difficultatem
2604 551 2686 609 rei
2712 554 2971 628 exemplis
2997 555 3240 624 edomat,
3288 565 3342 611 et
3368 539 3499 614 dicit

1915 643 2045 698 nihil
2073 660 2191 700 esse
2230 646 2557 717 impossibile
2582 688 2598 715 ,
2639 663 2760 703 cum
2800 651 3183 720 omnipotentia
3219 652 3500 722 pollicetur

1916 734 2180 792 effectum.
2226 739 2330 794 Sed
2376 740 2511 794 sicut
2540 741 2985 796 resurrectionem
3012 740 3291 815 corporum
3332 759 3500 800 semi-

1916 844 2040 882 num
2072 830 2355 886 collatione
2395 832 2772 900 commendat,
2812 833 2882 888 ita
2914 835 3071 888 etiam
3109 836 3499 906 resurgentium

1916 918 2274 976 diversitatem
2303 932 2666 979 creaturarum
2691 925 3038 980 varietatibus
3066 927 3237 996 aperit
3274 946 3287 981 :
3330 936 3502 984 totum

1918 1021 2092 1069 tamen
2135 1014 2368 1086 loquitur
2394 1017 2460 1072 de
2488 1018 2882 1073 resurrectione
2919 1019 3213 1073 beatorum.
3261 1018 3501 1076 Semina-

1917 1113 2014 1169 tnr,
2051 1106 2254 1175 inquit,
2301 1109 2662 1180 in‘ignominia
2683 1150 2695 1170 .
2723 1119 2892 1180 surget
2924 1111 2973 1163 in
3000 1109 3162 1180 gloria
3187 1125 3205 1174 ;
3230 1110 3505 1165 seminatur

1917 1199 1968 1253 in
1994 1199 2286 1268 inﬁrmitate
2308 1244 2321 1268 ,
2359 1212 2527 1274 surget
2560 1203 2614 1257 in
2648 1203 2827 1257 virtute
2850 1220 2867 1266 ;
2894 1204 3168 1258 seminatur
3195 1221 3375 1273 corpus
3395 1204 3505 1256 ani-

1919 1296 2068 1362 male,
2094 1309 2262 1368 surget
2291 1315 2474 1370 corpus
2495 1301 2778 1372 spirituale.
2815 1300 2924 1354 Hoc
2950 1309 3096 1355 certe
3117 1300 3214 1354 nisi
3238 1300 3292 1355 in
3309 1303 3508 1354 sanctis

1922 1387 2128 1457 impleri
2160 1405 2265 1443 non
2297 1401 2474 1460 potest
2505 1410 2516 1446 :
2559 1393 2704 1463 impii
2751 1410 2960 1465 quoque
2987 1394 3004 1425 ¹
3037 1409 3141 1447 non
3185 1393 3238 1450 in
3283 1392 3506 1463 gloriam

1922 1480 2252 1545 excitantur,
2295 1481 2389 1536 sed
2417 1483 2469 1536 in
2500 1484 2842 1554 opprobrium
2869 1529 2883 1551 ,
2913 1488 3049 1546 sicut
3076 1484 3332 1558 preplieta
3362 1499 3502 1540 asse-

1921 1575 2008 1639 rit,
2050 1576 2433 1647 senipiternum
2469 1577 2681 1650 (Jerem.
2715 1597 2887 1648 xxui,
2929 1581 3043 1652 40).
3094 1580 3189 1634 llic
3211 1588 3510 1652 opportune

1923 1665 2224 1721 distantiam
2268 1678 2470 1723 natura:
2497 1679 2652 1741 atque
2683 1671 2867 1746 gratire
2907 1670 3061 1740 facit,
3095 1670 3511 1741 recordaturque

1926 1757 2216 1811 testimonii
2254 1760 2452 1814 veteris
2487 1777 2590 1830 quo
2634 1761 2832 1816 dictum
2875 1771 2990 1828 est,
3037 1762 3225 1817 Factus
3257 1771 3331 1816 est
3365 1762 3512 1816 homo

1925 1849 2119 1918 primus
2150 1850 2313 1904 Adam
2338 1851 2390 1905 in
2424 1853 2645 1906 animam
2666 1853 2908 1906 viventem
2936 1870 2952 1907 :
2983 1853 3268 1924 subditque
3297 1851 3363 1906 de
3391 1867 3510 1922 suo,

1926 1945 2224 2000 novissimus
2249 1946 2416 2000 Adam
2445 1947 2497 2000 in
2525 1948 2759 2022 spiritum
2787 1947 3135 2016 viviﬁcantem.
3165 1945 3514 2015 Ostenditque

1928 2036 2344 2092 immortalitatis
2386 2037 2524 2095 dona
2570 2038 2635 2092 ad
2677 2037 3033 2092 viviﬁcantem
3071 2037 3313 2108 Spiritum
3354 2035 3514 2106 perti-

1927 2145 2056 2184 nere
2087 2145 2100 2181 :
2129 2130 2360 2184 animam
2407 2145 2537 2185 vero
2584 2131 2756 2186 solum
2813 2129 3109 2196 viventem,
3157 2128 3222 2183 ad
3272 2137 3515 2188 naturam

1927 2222 2247 2292 quandoque
2296 2222 2636 2277 morientem.
2687 2221 2802 2276 Non
2845 2231 2925 2278 est
2955 2237 3116 2293 ergo,
3167 2220 3370 2293 inquit,
3415 2219 3516 2274 hoc

1927 2314 2112 2369 vivens
2153 2314 2294 2384 quod
2341 2315 2613 2370 vivificaris
2648 2333 2659 2368 :
2694 2315 2966 2369 ViViﬁC:lllS
3018 2321 3141 2383 est,
3189 2313 3280 2384 qui
3308 2310 3516 2366 confert

1929 2409 2380 2464 illlfl'lltl‘ttlliialClll
2409 2450 2420 2473 ς
2464 2425 2621 2479 quam
2660 2407 2876 2463 Christo
2917 2407 3148 2478 applicat
3181 2424 3193 2460 :
3227 2406 3410 2460 vivens
3437 2412 3518 2466 est

1928 2510 2104 2556 autem
2132 2544 2146 2568 ,
2180 2501 2269 2572 qui
2297 2502 2404 2556 vita
2437 2502 2600 2556 utitur
2624 2504 2671 2570 ’,
2705 2499 2800 2557 sed
2828 2517 2932 2555 non
2961 2498 3191 2553 excludit
3218 2497 3517 2551 mortalita—

1932 2603 2060 2648 tem.
2117 2594 2258 2662 Ergo
2287 2593 2391 2648 hoc
2436 2603 2714 2664 utramque
2761 2595 3077 2646 sententiam
3110 2588 3216 2644 line
3242 2588 3516 2660 discrevit,

1931 2695 1990 2741 ut
2021 2687 2327 2742 ostenderet
2358 2686 2527 2741 Adam
2571 2687 2764 2741 factum
2793 2701 2913 2739 esse
2942 2688 3208 2738 viventem
3234 2725 3248 2752 ,
3285 2681 3380 2748 sed
3413 2696 3519 2734 non

1935 2781 2290 2835 immortalem
2319 2799 2332 2845 ;
2381 2779 2654 2834 Christum
2686 2788 2864 2834 autem
2894 2779 2944 2833 in
2984 2778 3265 2850 spiritum,
3298 2792 3406 2830 non
3435 2789 3522 2830 so-

1933 2875 2040 2929 lum
2071 2875 2352 2940 viventem,
2387 2890 2569 2928 vcrmn
2601 2873 2758 2928 etiam
2786 2872 3149 2927 conferentem
3177 2867 3523 2926 resurrectio-

1933 2983 2054 3022 nem
2073 3008 2085 3029 ,
2119 2968 2228 3020 suis
2259 2965 2544 3036 gloriosam
2570 3008 2585 3034 ,
2612 2967 2862 3020 omnibus
2888 2977 3164 3020 :eternam.

2005 3062 2139 3114 Auc.
2167 3058 2433 3129 Numquid
2463 3059 2582 3114 ideo
2605 3059 2892 3113 moriturus
2915 3056 3085 3112 fuerat
3103 3055 3293 3123 Adam,
3313 3054 3523 3111 etiamsi

1935 3166 2039 3204 non
2071 3158 2370 3220 peccasset,
2421 3150 2542 3221 quia
2582 3151 2636 3204 in
2667 3166 2892 3221 corpore
2923 3149 3171 3215 animali,
3218 3164 3322 3202 non
3367 3147 3524 3216 spiri-

1936 3243 2093 3309 tuali,
2147 3253 2259 3297 erat
2288 3243 2496 3296 factus?
2544 3243 2769 3297 Prorsus
2797 3258 2973 3308 erras,
3017 3241 3060 3295 si
3101 3249 3384 3314 prepterea
3430 3253 3524 3293 ne.

1935 3349 2086 3390 cesso
2125 3335 2274 3388 nobis
2305 3349 2424 3389 esse
2452 3335 2730 3389 arbitraris
2751 3377 2764 3402 ,
2809 3333 3110 3404 paradisum
3145 3334 3235 3387 Dei
3263 3332 3524 3386 mortibus

1935 3427 2215 3497 pmnisque
2247 3427 2585 3480 morientium
2607 3469 2620 3490 ,
2650 3436 2923 3498 postremo
2951 3424 3262 3496 ignominia,
3299 3423 3527 3478 inﬁrmi-

1942 3526 2070 3584 tate,
2105 3517 2477 3586 corruptione,
2508 3518 2561 3571 in
2595 3518 2787 3588 quibus
2815 3533 2951 3572 nunc
2976 3517 3224 3572 animalia
3253 3516 3527 3570 hominum

1937 3625 2162 3679 corpora
2208 3610 2573 3679 seminantur,
2623 3611 2863 3682 implere.
2911 3611 3138 3682 Lignum
3185 3610 3328 3666 enim
3376 3609 3520 3675 vitae,

1895 3725 1898 3728 η
1938 3707 2074 3774 quod
2107 3709 2155 3759 in
2204 3705 2448 3776 paradiso
2485 3722 2581 3759 suo
2623 3707 2875 3777 plantavit
2905 3706 3080 3774 Deus,
3131 3705 3289 3760 etiam
3332 3718 3528 3772 corpus

1939 3801 2166 3854 animale
2222 3798 2539 3854 defendebat
2583 3816 2611 3853 a
2659 3811 2864 3866 morte,
2911 3799 3083 3853 donec
3135 3794 3529 3868 perseverantis

1939 3893 2257 3947 obedienlim
2282 3892 2472 3946 merito
2497 3933 2513 3960 ,
2543 3891 2593 3945 in
2619 3891 2838 3960 gloriam
2866 3889 3223 3960 Spiritualem,
3258 3904 3416 3960 quam
3443 3903 3530 3943 re-

1938 3997 2218 4055 surgentes
2249 3985 2476 4038 ltabituri
2503 3993 2622 4039 sunt
2645 3985 2796 4060 justi,
2816 3986 3116 4039 sinemorte
3143 3981 3531 4038 interveniente

1937 4081 2206 4135 transiret.
2254 4077 2462 4132 Justum
2493 4078 2635 4138 enim
2678 4085 2792 4133 erat
2830 4085 2888 4132 ut
2932 4076 3105 4148 imago
3133 4075 3227 4131 Dei
3260 4073 3404 4130 nullo
3444 4071 3529 4132 fu-

1939 4183 2081 4228 scata
2114 4182 2167 4226 ct
2207 4173 2440 4228 obsoleta
2490 4180 2742 4243 peccato,
2791 4171 2879 4229 tali
2928 4171 3256 4230 insereretur
3295 4167 3529 4238 corpori,

1939 4265 2180 4336 quamvis
2206 4264 2272 4319 dc
2296 4273 2507 4320 terrena
2538 4263 2758 4318 materie
2784 4269 2965 4318 creato
3001 4272 3160 4334 atque
3187 4260 3413 4315 formato
3431 4300 3446 4326 ,
3474 4264 3555 4312 ut‘

1941 4361 1990 4416 ei
2022 4360 2086 4415 de
2128 4360 2272 4434 ligno
2301 4359 2422 4416 vitae
2450 4359 2847 4414 subministrata
2883 4356 3094 4411 vivendi
3127 4354 3385 4410 stabilitas
3411 4366 3532 4424 per-

1939 4461 2215 4518 maneret;
2248 4467 2310 4506 ac
2350 4451 2552 4507 viveret
2595 4450 2806 4506 interim
2837 4465 2934 4522 per
2967 4449 3197 4502 animam
3239 4447 3556 4513 viventem,

1940 4559 2098 4614 quam
2127 4545 2270 4598 nulla
2299 4545 2364 4598 ab
2405 4543 2494 4598 illo
2535 4542 2824 4598 necessitas
2853 4549 3126 4612 separaret
3152 4556 3165 4604 ;
3198 4545 3359 4605 atque
3386 4534 3528 4604 inde,

1941 4645 2159 4705 propter
2179 4635 2537 4690 obedientiam
2563 4633 2902 4699 custoditam,
2945 4632 3012 4687 ad
3046 4628 3400 4686 viviﬁcantem
3423 4629 3532 4704 spi~

1941 4729 2100 4796 ritum
2135 4728 2481 4799 perveniret,
2528 4728 2598 4784 ita
2627 4737 2683 4782 ut
2724 4743 2830 4782 non
2877 4725 2926 4782 ei
2975 4723 3377 4784 subtraheretur
3418 4722 3533 4782 bare

1941 4823 2044 4878 vita
2076 4824 2249 4876 minor
2272 4864 2286 4885 ,
2333 4821 2424 4876 ubi
2447 4829 2499 4876 et
2525 4822 2660 4876 mori
2691 4828 2876 4876 etnon
2908 4819 3044 4873 mori
3081 4825 3286 4888 posset,
3324 4815 3420 4872 sed
3446 4815 3534 4870 illa

1943 4915 2170 4986 amplior
2197 4914 2518 4984 adderetur,
2545 4913 2631 4969 ubi
2661 4913 2866 4968 viveret
2895 4911 3010 4967 sine
3041 4910 3198 4966 ullius
3223 4909 3348 4980 ligni
3370 4907 3533 4964 bene-

1944 5007 2065 5062 ﬁcio
2087 5050 2101 5075 ,
2135 5005 2379 5077 morique
2407 5021 2510 5061 non
2552 5013 2753 5076 posset.
2796 5003 2926 5059 Nam
2958 5018 3138 5080 quaero
3163 5018 3194 5056 a
3222 5000 3354 5058 tein
3393 4999 3534 5071 quali

1945 5116 2170 5171 corpore
2201 5115 2343 5154 nunc
2367 5114 2487 5156 esse
2527 5099 2800 5154 existimes
2840 5098 3008 5152 Ellam
3049 5105 3102 5154 et
3142 5093 3362 5166 Enoch;
3417 5093 3561 5171 ani-g

1946 5193 2070 5248 ntali
2090 5236 2102 5257 ,
2140 5207 2206 5247 an
2236 5191 2531 5261 spirituali?
2559 5189 2615 5247 Si
2646 5190 2873 5255 dixeris,
2907 5189 3131 5244 Anin‘tali
3162 5206 3174 5242 :
3199 5203 3294 5248 cur
3322 5200 3429 5242 non
3455 5185 3535 5242 vis

1947 5284 2168 5339 credere
2197 5285 2361 5337 Adam
2381 5323 2396 5350 ,
2422 5291 2475 5338 et
2505 5283 2708 5352 Evam,
2737 5291 2789 5337 ct
2817 5291 3061 5356 posteros
3085 5295 3265 5336 eorum
3285 5319 3300 5348 ,
3325 5278 3366 5338 si
3394 5291 3534 5348 prte-

1948 5388 2157 5446 ccptum
2191 5376 2281 5429 Dei
2311 5375 2454 5430 nulla
2493 5376 2926 5448 praevaricatione
2957 5372 3249 5442 violarent,
3294 5368 3536 5444 quamvis

1951 5469 2002 5524 in
2033 5479 2258 5537 cm'pore
2285 5468 2496 5522 animali
2524 5512 2538 5534 ,
2571 5467 2638 5522 ita
2672 5466 2834 5522 fuisse
2861 5467 3092 5520 victuros
3112 5506 3124 5528 ,
3154 5471 3211 5517 ιιι
3240 5478 3379 5517 nunc
3409 5461 3428 5492 ³
3457 5460 3536 5515 vi-

1951 5570 2080 5615 vunt
2111 5560 2235 5613 isti?
2265 5560 2704 5636 Quandoquidem
2736 5560 2805 5616 ibi
2836 5565 2987 5614 erant
3013 5557 3109 5621 illi,
3155 5570 3261 5628 quo
3289 5552 3533 5611 translati

1952 5661 2075 5708 sunt
2100 5637 2239 5718 ﬁli;
2291 5663 2345 5706 et
2392 5652 2498 5707 illic
2542 5654 2724 5707 vivunt
2771 5651 2892 5718 isti,
2935 5647 3078 5704 unde
3114 5655 3170 5701 ut
3198 5643 3572 5701 morerentur."

1952 5745 2106 5817 ejocti
2150 5754 2272 5799 sunt
2315 5745 2408 5798 illi.
2460 5743 2746 5815 Corporale
2788 5757 3015 5814 namque
3053 5741 3254 5812 lignum
3298 5739 3420 5796 vita:
3458 5729 3540 5798 sic
3577 5781 3587 5822 ς

2019 5861 2035 5892 ³
2061 5864 2217 5915 Forte,
2241 5858 2436 5918 qtdppe.

2028 5919 2133 5967 ’διο
2157 5917 2263 5967 Mss.
2284 5925 2338 5966 tn
2357 5917 2519 5979 Vign.,
2536 5917 2666 5968 vivit.

2029 5978 2354 6048 tvignierius,
2377 5978 2486 6035 nan.
2511 5984 2568 6036 At
2588 5989 2718 6043 mss...
2739 5991 2886 6036 nunc.

3303 5939 3410 6048 ε-
3455 6065 3460 6068 _
