4006 6486
504 389 644 451 1599

501 508 667 564 vitam
706 506 1142 565 subministrabat
1184 509 1502 583 corporibus
1541 508 1895 575 animalibus,
1942 508 2081 564 sicut

503 601 774 669 spirituale
800 600 999 672 lignum
1031 602 1182 667 vita),
1211 601 1353 673 quod
1384 611 1464 658 est
1492 602 1586 657 Dei
1611 601 1893 673 sapientia,
1922 600 2086 654 vitam

501 694 786 748 salutiferas
834 693 1092 750 doctrina:
1136 696 1336 751 sanctis
1380 695 1649 750 mentibus
1692 692 2083 749 subministrat.

503 783 655 841 Unde
692 787 927 842 nonnulli
960 787 1257 844 divinorum
1286 788 1617 859 eloquiorum
1642 787 1803 842 etiam
1837 783 2087 842 catholici

502 882 821 932 tractatores
850 878 1151 946 paradisum
1197 879 1523 950 spiritualem
1567 876 1944 934 commendare
1967 890 2086 931 ma-

502 965 750 1033 luerunt;
783 984 887 1024 non
911 978 1089 1026 tamen
1118 971 1354 1026 historice
1392 971 1703 1027 resistentes
1721 1012 1737 1038 ,
1766 985 1885 1040 qua:
1908 978 2091 1023 osten-

501 1059 578 1114 dit
621 1060 922 1118 evidentius
962 1064 1315 1135 corporalem.
1362 1064 1419 1120 Si
1462 1078 1590 1119 vero
1640 1061 1821 1118 Enoch
1859 1068 1915 1116 et
1957 1059 2086 1117 Elite

504 1152 779 1221 spirituale
794 1154 903 1224 jam
928 1170 1122 1223 corpus
1150 1172 1270 1213 esse
1294 1156 1639 1227 responderis
1671 1174 1686 1212 τ
1716 1171 1812 1211 cur
1841 1170 1946 1210 non
1976 1154 2087 1226 pri-

506 1259 713 1300 morum
752 1247 1027 1304 hominum
1052 1290 1067 1316 ,
1117 1259 1172 1306 et
1198 1265 1382 1306 eorum
1411 1252 1499 1321 qui
1538 1266 1605 1307 ex
1634 1251 1738 1307 illis
1774 1266 1868 1319 per
1892 1249 2088 1305 seriem

504 1339 859 1394 successionis
884 1351 1250 1410 nascerentur,
1278 1343 1322 1399 si
1350 1343 1552 1399 nullum
1584 1353 1858 1414 peccatum
1887 1343 2087 1398 existe-

503 1437 606 1492 ret,
635 1431 774 1498 quod
802 1430 924 1486 illos
943 1449 972 1487 a
1000 1433 1142 1504 ligno
1168 1433 1290 1489 vitae
1320 1435 1510 1490 merito
1534 1443 1828 1505 separaret,
1859 1433 2088 1489 animale

503 1530 700 1584 corpus
760 1520 811 1574 in
860 1521 1137 1592 Spiritnale
1196 1524 1433 1593 potuisse
1481 1526 1706 1580 transire
1752 1525 1868 1579 sine
1915 1532 2088 1579 morte

503 1607 676 1663 media
704 1610 971 1667 conﬁteris
1000 1614 1015 1645 ί
1036 1655 1052 1679 ,
1084 1629 1152 1670 ne
1182 1615 1480 1685 paradisum
1511 1616 1638 1684 Dei,
1680 1633 1747 1672 ne
1775 1617 1948 1671 locum
1973 1615 2088 1671 feliv

502 1699 642 1754 cium
668 1702 1001 1772 gaudiorum,
1029 1707 1204 1777 pmnis
1228 1709 1477 1763 mortium
1504 1711 1698 1780 atque”
1717 1710 2080 1776 morientium,

502 1798 556 1845 et
582 1791 1054 1853 innumerabilibus
1084 1801 1480 1857 mortiferorum
1516 1802 1823 1859 morborum
1850 1802 2088 1882 cruciati-

499 1880 600 1937 bus
618 1882 839 1953 implere
861 1888 1108 1957 cogaris?

573 1973 685 2029 XL.
712 1976 829 2032 Jun.
875 1979 980 2034 Sed
1008 1998 1107 2036 non
1133 1985 1350 2054 primum
1370 2029 1385 2054 ,
1429 1987 1630 2059 inquit,
1659 1987 1795 2058 quod
1822 1986 2087 2059 spirituale

498 2073 605 2132 est;
653 2068 742 2123 sed
779 2072 915 2139 quod
950 2076 1172 2129 animale
1195 2093 1214 2132 :
1240 2077 1460 2146 deinde,
1505 2080 1641 2150 quod
1680 2080 1948 2148 spirituale
1988 2088 2080 2134 est.

498 2154 707 2216 Primus
744 2163 894 2219 homo
928 2166 992 2221 de
1033 2180 1166 2223 terra
1188 2211 1202 2235 ,
1240 2175 1520 2239 terrestris;
1563 2176 1811 2230 secundm
1841 2175 1991 2229 homo
2021 2174 2084 2229 de

494 2252 618 2307 coelo
643 2296 658 2321 ,
707 2255 920 2311 caelestis
951 2276 971 2313 :
996 2261 1127 2316 sicut
1159 2266 1467 2334 portavimus
1504 2267 1777 2338 imaginem
1814 2268 2079 2336 terrestris,

496 2355 750 2411 portemus
796 2358 842 2404 et
881 2351 1149 2424 imaginem
1188 2356 1328 2411 illius
1370 2358 1601 2414 caelestis.
1656 2361 1853 2429 Aperte
1890 2376 2082 2430 nempe

495 2439 685 2494 transit
732 2442 798 2495 ad
844 2444 1018 2498 studia
1045 2488 1060 2511 ,
1114 2448 1335 2519 vultque
1386 2458 1591 2505 tantum
1637 2451 1896 2506 interesse
1941 2452 2082 2509 inter

493 2533 817 2597 praeteritam
868 2547 1102 2591 nostram
1146 2547 1201 2593 et
1233 2552 1549 2609 praesentem
1593 2545 2075 2614 conversationem,

491 2631 743 2689 quantum
785 2625 1005 2681 interest
1032 2628 1171 2684 inter
1208 2632 1586 2691 mortalitatem
1614 2645 1669 2692 et
1705 2636 2078 2693 immortalita-

492 2719 619 2765 tem.
652 2712 875 2781 Primus,
910 2718 1099 2789 inquit,
1133 2721 1283 2777 homo
1308 2724 1372 2779 de
1400 2735 1555 2795 terra,
1584 2728 1869 2793 terrestris;
1894 2746 2075 2784 secun-

489 2804 585 2859 dus
626 2808 775 2863 homo
809 2810 872 2864 de
899 2813 1022 2867 ctu/0
1047 2855 1061 2877 ,
1104 2816 1315 2872 caelestis
1346 2833 1366 2872 :
1405 2821 1619 2876 nomine
1657 2810 2074 2877 substantiarum

487 2901 744 2967 propositi
780 2902 977 2958 indicat
1004 2905 1384 2964 diversitatem.
1422 2910 1605 2983 Neque
1642 2914 1783 2968 enim
1808 2915 2072 2982 Christus,

487 3005 644 3060 quem
692 2994 958 3051 hominem
1007 3001 1278 3057 caelestem
1319 3014 1507 3073 vocat,
1554 3022 1768 3063 carnem
1813 3024 1962 3063 suam
2005 3009 2073 3065 de

484 3084 625 3139 caelo
653 3086 934 3157 deposuit,
975 3110 1133 3163 quam
1173 3095 1241 3151 de
1273 3099 1476 3154 semine
1519 3099 1718 3164 David,
1763 3101 1832 3156 de
1870 3102 2073 3159 semine

485 3177 678 3243 Adam,
711 3192 764 3235 et
790 3182 927 3239 intra
958 3187 1235 3243 mulierem
1266 3189 1333 3244 de
1362 3192 1601 3248 mulieris
1629 3209 1789 3249 carne
1814 3196 2068 3266 suscepit.

484 3265 817 3327 TerreSIrem
864 3291 993 3347 ergo
1032 3286 1088 3333 et
1130 3280 1401 3336 caelestem
1450 3283 1612 3339 refert
1650 3285 1715 3341 ad
1755 3286 1975 3343 virtutes
2017 3296 2073 3344 et

480 3360 627 3415 vitia.
680 3364 916 3436 Denique
954 3371 1195 3441 sequitur
1227 3391 1240 3429 :
1273 3373 1419 3430 Sicut
1456 3381 1764 3449 portavimus
1801 3382 2070 3453 imaginem

482 3457 767 3520 terrestris;
823 3472 1075 3530 portemus
1131 3466 1279 3519 etiam
1330 3468 1599 3540 imaginem
1646 3471 1786 3526 illius
1835 3474 2065 3530 ccclestis.

480 3544 570 3602 Sic
596 3558 650 3604 et
674 3550 738 3604 ad
771 3552 1040 3611 Romanos
1073 3574 1086 3611 :
1121 3557 1414 3615 Humanum
1462 3572 1534 3617 est
1579 3566 1717 3635 quod
1758 3567 1905 3631 dico,
1944 3586 2065 3638 pro-

479 3647 591 3708 pter
615 3641 956 3709 inﬁrmitatem
984 3650 1152 3703 carnis
1183 3662 1359 3705 uestra:
1386 3669 1407 3707 :
1433 3654 1563 3708 sicut
1600 3657 1732 3710 enim
1774 3659 2067 3715 exhibuistis
2130 3706 2137 3713 .

478 3734 699 3788 membra
725 3748 884 3792 uestra
917 3742 1102 3796 seruire
1134 3744 1493 3811 immunditiaz,
1531 3756 1577 3802 et
1602 3749 1856 3821 iniquitati
1873 3752 1942 3805 ad
1961 3753 2063 3807 ini-

475 3827 753 3894 quitatem;
785 3831 856 3885 ita
892 3849 1026 3889 nunc
1055 3837 1282 3892 exhibete
1307 3840 1527 3895 membra
1566 3854 1729 3897 uestra
1767 3847 1950 3900 seruire
1968 3847 2064 3917 ju—

475 3917 623 3972 stitiae
648 3920 700 3974 in
721 3924 1174 3992 saneti/icationem
1202 3929 1376 4001 (Rom.
1400 3948 1472 3997 v1,
1505 3933 1615 4004 19).
1641 3936 1906 3992 Tenorent
1935 3954 2063 3994 vero

474 4023 706 4079 sequens
736 4014 1123 4074 exhortationis
1150 4032 1437 4092 assumptus
1461 4067 1477 4092 ,
1523 4027 1734 4095 subdit,
1779 4028 1919 4099 quod
1960 4030 2062 4086 nisi

475 4098 840 4173 intelligatur,
890 4110 1067 4165 omnia
1111 4111 1227 4182 ejus
1272 4114 1535 4173 videbitur
1578 4120 1717 4174 dicta
1759 4098 2060 4181 subruere:

475 4189 590 4247 Hoc
608 4211 726 4263 ergo
747 4199 879 4261 dico,
913 4204 1115 4271 fratres,
1145 4205 1264 4275 quia
1287 4224 1411 4263 caro
1434 4219 1478 4263 et
1498 4216 1702 4283 sanguis
1726 4232 1936 4287 regnum
1963 4217 2062 4273 Dei

471 4287 731 4356 possidere
760 4307 858 4345 non
882 4306 1125 4363 possunt,
1160 4314 1249 4353 nec
1280 4304 1664 4373 perpetuitatem
1685 4307 1913 4365 interitus
1938 4327 2057 4379 pos-

470 4376 667 4435 sidebit.
700 4381 902 4454 Nempe
928 4387 978 4441 in
1011 4388 1092 4443 bis
1114 4390 1264 4459 locis,
1291 4393 1341 4448 in
1360 4395 1551 4465 quibus
1578 4398 1708 4454 nihil
1731 4400 1870 4455 aliud
1897 4376 2057 4472 quam

469 4466 536 4524 de
559 4470 869 4531 afﬁrmanda
895 4479 1073 4534 carnis
1098 4485 1488 4541 resurrectione
1515 4488 1868 4558 laboraverat,
1897 4508 2057 4563 quam

465 4557 675 4617 dixerat
700 4564 751 4619 in
784 4568 931 4638 regni
958 4570 1126 4638 gloria
1143 4573 1526 4646 collocandam,
1556 4594 1699 4639 nunc
1725 4557 2053 4656 prununtiat,

465 4650 585 4719 quia
612 4668 731 4707 caro
768 4665 816 4710 et
844 4660 1051 4732 sanguis
1077 4676 1287 4738 regnum
1309 4667 1405 4723 Dei
1428 4673 1682 4740 possidere
1705 4650 1802 4729 non
1825 4688 2052 4747 possunt.

465 4737 523 4799 Si
565 4756 694 4803 caro
723 4765 828 4805 non
861 4737 1141 4823 possidet,
1184 4758 1230 4812 si
1270 4737 1488 4832 sanguis
1516 4779 1621 4818 non
1661 4737 1931 4836 possidet,
1966 4769 2054 4826 ubi

464 4844 567 4904 est,
599 4838 749 4908 cujus
778 4856 936 4910 supra
970 4860 1214 4918 pompam
1246 4863 1525 4922 regenerat
1553 4859 1875 4913 resurrectio
1904 4876 2057 4915 mor-

464 4932 709 4986 tuorum?
755 4933 949 4991 Verum
981 4937 1271 5010 Scriptura:
1299 4960 1467 5012 more,
1501 4962 1715 5004 carnem
1742 4961 1797 5006 et
1832 4955 2051 5024 sangui-

462 5035 617 5089 nem,
649 5026 794 5090 vitia,
830 5044 934 5083 non
965 5032 1313 5092 substantiam
1345 5041 1655 5096 nominavit.
1688 5044 1922 5117 Denique
1949 5048 2050 5106 hoc

461 5111 599 5168 idem
630 5120 836 5187 aperuit
868 5138 880 5174 :
912 5120 1044 5178 Ecce
1080 5129 1372 5197 mysterium
1388 5131 1525 5188 vobis
1549 5136 1661 5189 dico
1690 5153 1709 5190 :
1737 5111 1908 5194 omnes
1931 5143 2048 5211 qui-

461 5203 577 5259 dem
614 5223 929 5282 resurgemus
952 5257 964 5279 ,
1008 5221 1098 5271 sed
1122 5236 1221 5274 non
1249 5238 1422 5278 omnes
1450 5227 1848 5287 immutabimur.
1880 5232 2046 5289 Intel-

459 5294 586 5386 lexit
613 5314 672 5355 se
702 5305 954 5374 magister
979 5311 1224 5382 egregius
1247 5356 1262 5379 ,
1301 5332 1463 5386 supra
1499 5317 1812 5378 beatitudini
1841 5333 2045 5384 tantum

458 5385 645 5448 futura:
667 5401 1070 5459 resurrectionis
1100 5406 1413 5463 vocabulum
1444 5410 1741 5471 vindicasse
1762 5416 1817 5484 ³;
1849 5426 1903 5474 et
1924 5418 2047 5476 ideo

454 5570 629 5687 ὣς
647 5582 755 5627 Mss.
778 5588 831 5631 At
847 5582 980 5645 editi,
1004 5589 1154 5636 morte
1177 5586 1477 5653 mediatoris,
1492 5591 1697 5658 habent;
1722 5608 2046 5660 οωιεεοιοωιι

518 5672 681 5779 aliti
718 5704 969 5769 omittunt,
1010 5709 1236 5762 mortium
1257 5720 1419 5779 atque.
1453 5716 1546 5767 Sed
1568 5717 1753 5771 habent
1774 5724 2040 5774 manuscri-

451 5759 760 5907 s‘icuttsg.
782 5833 835 5907 tn
852 5832 1015 5907 vigil."
1029 5846 1181 5907 suprq
1191 5835 1533 5893 beatitudinem
1563 5847 1746 5895 tantum
1766 5844 1945 5907 futura:
1961 5859 2043 5903 re-

518 5846 539 5854 ν
558 5846 631 5873 alt:
652 5846 758 5877 MSS.
782 5846 831 5878 sn
859 5846 1015 5893 vtgn.,
1121 5849 1178 5884 ra
1191 5846 1333 5891 Dt’alﬂ

453 5885 762 5942 «nectimus

1111 328 1384 449 .OPERIS
1419 387 1832 447 [MPEBFECTI
1870 387 2144 448 CONTRA
2176 388 2535 462 JULIANUM,
2573 391 2632 449 S.
2674 393 3047 452 AUGUSTINI

2198 506 2325 562 illud
2340 522 2410 563 ne
2428 507 2731 580 ambiguum
2754 521 3077 580 remaneret,
3094 510 3339 581 absolvit,
3368 516 3542 577 Omnes
3554 528 3734 594 quid“

2194 614 2550 671 resurgemus;
2600 616 2728 657 ecce
2762 619 2881 673 quae
2919 612 3003 660 est
3034 604 3285 662 excitatio
3319 616 3636 673 communis:
3662 623 3739 680 sed

2195 708 2297 746 non
2339 710 2509 749 omnes
2557 695 2967 763 immutabimur;
3021 713 3148 754 ecce
3194 700 3283 757 ubi
3326 711 3405 758 est
3449 715 3736 773 resurrectio

2195 783 2493 841 beatorum.
2528 786 2829 843 lntmutatio
2852 805 2979 861 ergo
3001 791 3051 846 in
3068 793 3288 862 gloriam
3321 795 3421 852 illis
3445 807 3629 857 tantum
3655 806 3731 862 de-

2195 873 2352 931 betur
2371 918 2386 943 ,
2424 876 2514 948 qui
2543 894 2649 933 non
2673 879 2804 934 iram
2833 880 2961 949 Dei,
3000 882 3096 937 sed
3124 899 3357 940 amorem
3385 903 3653 949 merentur.
3683 896 3739 955 In

2194 978 2462 1035 momento,
2491 970 2678 1040 inquit,
2701 971 2753 1026 in
2780 971 2884 1025 ictu
2906 974 3168 1029 oculorum
3199 976 3242 1044 ⁸,
3271 976 3323 1030 in
3343 984 3598 1038 nouissima
3616 988 3740 1057 tuba,

2192 1068 2242 1112 et
2284 1061 2469 1114 mortui
2506 1072 2764 1133 resurgent
2800 1064 3117 1136 incorrupti,
3158 1076 3207 1122 et
3248 1085 3339 1124 nos
3377 1072 3740 1136 immutabimur.

2196 1152 2378 1208 Denuo
2404 1153 2491 1209 hic
2536 1157 2725 1211 transit
2751 1157 2817 1212 ad
2857 1173 2951 1215 eos
2993 1169 3247 1230 sanctos,
3287 1178 3419 1234 quos
3444 1166 3554 1222 dies
3593 1170 3676 1226 ille
3698 1172 3741 1227 in

2194 1260 2356 1302 carne
2402 1248 2665 1317 reperiet;
2707 1259 2763 1305 et
2806 1251 2935 1307 dicit
2970 1255 3221 1324 quoniam
3264 1256 3319 1311 in
3357 1270 3613 1317 momento
3647 1271 3741 1323 tam

2194 1336 2383 1406 brevi,
2415 1355 2573 1409 quam
2605 1350 2779 1411 potest
2807 1357 2927 1399 esse
2966 1354 3239 1403 extremus
3270 1348 3385 1404 ﬁnis
3409 1365 3673 1422 sonorum,
3698 1364 3740 1413 et

2198 1420 2286 1501 qui
2317 1433 2509 1487 mortui
2537 1435 2772 1503 fuerant,
2814 1439 3115 1495 excitentur
3142 1442 3454 1513 incorrupti,
3488 1446 3535 1502 id
3561 1420 3742 1513 est,in-

2199 1525 2327 1595 tegri
2352 1542 2365 1589 ;
2398 1536 2449 1579 et
2479 1526 2568 1597 qui
2600 1528 2797 1621 inveqti
2826 1528 3048 1599 iuerint,
3077 1532 3426 1591 immuteutur
3451 1537 3500 1591 in
3520 1538 3742 1607 gloriam.

2197 1615 2405 1686 Oportet
2441 1619 2573 1673 enim
2614 1620 2708 1675 hoc
2735 1615 3083 1692 'corruptibile
3114 1626 3326 1682 induere
3348 1629 3743 1701 incorruptelam;

2192 1715 2238 1759 et
2265 1710 2475 1763 mortale
2499 1711 2594 1764 hoc
2614 1713 2821 1768 induere
2837 1715 3284 1773 immortalitatem.
3317 1718 3440 1776 Cum
3458 1736 3615 1776 autem
3630 1742 3745 1778 mor-

2191 1797 2292 1851 tale
2334 1798 2429 1853 Itoc
2462 1801 2681 1858 induerit
2719 1804 3151 1864 immortalitatem
3173 1851 3189 1877 ,
3237 1818 3357 1865 tunc
3386 1812 3470 1880 ﬁet
3498 1829 3650 1867 sermo
3674 1815 3746 1883 qui

2190 1889 2407 1958 scriptus
2446 1904 2517 1946 est
2536 1933 2552 1958 ,
2596 1897 2845 1968 Absorpta
2883 1908 2956 1952 est
2990 1917 3125 1955 mors
3165 1902 3217 1956 in
3265 1903 3517 1958 uictoriam
3562 1908 3745 1963 tuam'.

2195 1977 2293 2034 Ubi
2332 1992 2442 2049 est,
2484 2003 2647 2054 mors,
2701 1998 2816 2043 tuus
2855 1990 3099 2048 aculeus?
3150 1995 3237 2049 ubi
3279 2006 3353 2051 est
3401 1997 3596 2052 uictoria
3635 1998 3747 2053 tua!

2188 2072 2407 2128 Aculeus
2431 2086 2595 2131 autent
2632 2082 2836 2148 mortis,
2878 2094 3177 2154 peccatum;
3202 2088 3359 2144 uirtus
3377 2099 3537 2144 autem
3559 2092 3746 2159 peccati,

2190 2166 2290 2221 lex.
2338 2167 2615 2238 Ostendit,
2643 2182 2700 2228 ut
2727 2188 2900 2245 smpe,
2931 2179 3180 2247 quoniam
3211 2180 3280 2235 de
3306 2191 3603 2239 sanctorum
3643 2193 3747 2239 tan-

2191 2264 2299 2311 tum
2344 2263 2739 2319 resurrectione
2785 2265 3093 2337 loqueretur
3136 2288 3151 2326 :
3197 2272 3320 2328 ideo
3368 2277 3747 2343 pra-termittens

2187 2348 2330 2405 illam
2377 2351 2659 2421 impiorum
2696 2357 3103 2428 excitationem,
3143 2361 3364 2433 dignum
3390 2380 3509 2421 esse
3535 2382 3749 2437 pronun-

2187 2442 2284 2496 tiat
2312 2452 2368 2498 ut
2410 2445 2463 2499 in
2494 2448 2810 2528 corporibus
2838 2462 3143 2508 sanctorum
3169 2457 3580 2528 corruptibilitas
3604 2467 3747 2514 teter-

2185 2533 2351 2590 nitate
2398 2536 2582 2607 gloriae
2626 2524 2932 2597 devoretur.
2992 2542 3124 2600 Cum
3171 2524 3353 2603 autem
3400 2547 3532 2614 hoc,
3575 2550 3747 2621 inquit,

2184 2625 2343 2681 fuerit
2390 2630 2699 2700 impletum,
2744 2642 2867 2690 tunc
2909 2637 3087 2693 licebit
3136 2640 3395 2697 insultare
3421 2641 3659 2710 diabolo,
3700 2650 3748 2700 et

2182 2720 2345 2776 morti
2386 2734 2692 2794 perpetuas,
2737 2742 2856 2798 quae
2885 2728 3025 2788 hanc
3050 2735 3448 2804 corruptionem
3474 2738 3749 2793 naturalem

2182 2808 2380 2866 fecerat
2424 2816 2617 2870 malam
2660 2817 2865 2888 videri;
2914 2830 3039 2879 tunc
3080 2825 3432 2897 increpabunt
3464 2840 3749 2885 sanctorum

2179 2902 2368 2970 gaudia
2395 2945 2409 2967 ,
2450 2917 2731 2966 contusum
2771 2926 2801 2967 a
2840 2927 2900 2969 se
2942 2915 3183 2972 aculeum
3227 2921 3420 2977 mortis
3456 2922 3747 2991 videntium,

2178 2993 2484 3065 dicentque,
2519 2997 2619 3054 Ubi
2644 3012 2755 3071 est,
2784 3021 2951 3074 mors,
2982 3010 3190 3065 aculeus
3222 3013 3384 3067 tuus?
3407 3014 3491 3068 ubi
3512 3024 3583 3070 est
3607 3016 3749 3069 licto-

2178 3087 2254 3139 ria
2276 3097 2362 3141 tua
2378 3088 2405 3142 .9
2430 3090 2647 3149 Aculeus
2668 3105 2835 3151 autem
2862 3100 3058 3165 mortis,
3086 3114 3387 3173 peccatum;
3426 3106 3580 3161 uirtus
3599 3116 3751 3161 autent

2178 3180 2388 3250 peccati,
2410 3182 2510 3237 lex.
2540 3183 2595 3240 ld
2625 3199 2725 3252 est,
2755 3187 2800 3244 Ο
2829 3198 2883 3245 ιιι
2911 3207 3058 3248 mors
3085 3202 3310 3259 wtcrna,
3340 3198 3581 3254 aculeum
3604 3199 3750 3254 liabe-

2177 3274 2271 3329 bas
2301 3285 2610 3346 peccatum,
2657 3297 2763 3352 quo
2804 3281 3108 3344 desertores
3146 3288 3373 3360 justitite
3413 3292 3747 3347 vulnerares:

2174 3368 2425 3435 quoniam
2478 3371 2522 3426 si
2573 3372 2676 3430 hoc
2716 3378 2903 3432 aculeo
2943 3392 3146 3436 armata
3192 3398 3299 3439 non
3340 3399 3525 3450 esses,
3567 3384 3618 3440 id
3656 3392 3747 3450 est.

2175 3469 2395 3526 peccato
2438 3461 2779 3533 voluntario,
2822 3470 2951 3525 nulli
2978 3472 3524 3546 omninonoenisses.
3569 3476 3751 3532 Pecca-

2175 3558 2285 3606 tum
2327 3551 2429 3609 hoc
2455 3564 2510 3610 et
2548 3557 2690 3614 hunc
2731 3560 2971 3618 aculeum
3018 3565 3217 3622 viribus
3267 3566 3393 3624 ﬁdei
3434 3568 3750 3625 confractum

2171 3645 2353 3714 vides,
2402 3653 2832 3711 remuneratione
2866 3666 3046 3713 nostra
3078 3667 3213 3716 teste
3232 3702 3248 3726 ,
3291 3677 3323 3716 a
3348 3677 3456 3733 qua
3482 3678 3580 3718 nos
3605 3676 3754 3717 cona-

2170 3735 2315 3792 baris
2363 3738 2627 3798 abducere
2660 3760 2674 3798 :
2706 3746 2922 3803 aculeus
2950 3750 3145 3821 quippe
3174 3761 3299 3807 tuus
3337 3763 3616 3823 peccatum
3643 3753 3750 3820 fuit,

2169 3838 2223 3884 ut
2248 3829 2416 3885 virtus
2461 3836 2660 3902 peccati
2709 3838 2782 3892 tui
2824 3838 2907 3894 lex
2946 3851 3093 3909 erat;
3140 3845 3398 3914 qu0niatn
3442 3847 3524 3901 ubi
3570 3853 3754 3902 nonest

2169 3919 2251 3974 lea:
2270 3963 2283 3987 ,
2317 3938 2408 3976 nec
2436 3926 2787 3994 ρνωυαι-ἰσαιὶο
2815 3927 2989 3999 (Rom.
3014 3947 3101 3999 tv,
3130 3932 3241 4007 l5).
3269 3934 3369 3991 Vel
3400 3946 3550 3993 certe
3574 3953 3753 4009 quam.

2168 4012 2248 4067 vis
2296 4016 2513 4073 aculeus
2570 4028 2689 4075 tuus
2728 4020 2750 4052 ⁸
2787 4032 3063 4093 peccatum
3112 4036 3290 4093 esset;
3347 4041 3529 4090 tamen
3580 4030 3756 4090 lortior

2168 4104 2339 4163 factus
2384 4120 2466 4165 est
2513 4112 2650 4182 apud
2704 4117 3171 4184 praevaricatorum
3219 4120 3487 4182 duntaxat
3532 4129 3751 4192 animos,

2166 4208 2444 4272 postquam
2477 4219 2621 4259 mors
2645 4206 2694 4260 ei
2720 4206 2851 4277 legis
2866 4207 3077 4269 admota
3106 4224 3190 4271 est
3216 4215 3269 4284 ‘;
3298 4235 3425 4289 quae
3449 4229 3625 4275 tamen
3654 4234 3754 4274 non

2165 4292 2232 4346 ad
2258 4293 2361 4349 hoc
2385 4294 2509 4351 data
2534 4295 2726 4370 fuerat,
2754 4312 2813 4359 ut
2836 4315 3055 4362 acueret
3081 4308 3123 4363 ⁸.
3154 4306 3265 4365 Lex
3286 4313 3437 4367 enim
3474 4324 3650 4367 saneta
3667 4352 3682 4379 ,
3712 4320 3757 4366 et

2165 4385 2459 4444 mandatum
2485 4402 2733 4459 sanctum,
2763 4405 2810 4449 et
2823 4397 3047 4467 justum,
3070 4409 3119 4454 et
3146 4401 3366 4470 bonum;
3390 4405 3485 4459 sed
3507 4413 3757 4474 peccatum

2166 4483 2224 4530 ut
2248 4492 2494 4549 apparent
2519 4497 2802 4554 peccatum,
2833 4506 2922 4560 per
2952 4492 3137 4546 bonum
3173 4493 3300 4550 mihi
3334 4508 3556 4552 mortem
3580 4514 3757 4569 opera-

2168 4569 2316 4625 batur
2340 4615 2354 4637 ,
2382 4583 2437 4627 ut
2462 4577 2604 4643 ﬁeret
2627 4594 2782 4649 supra
2812 4581 3017 4636 modum
3040 4584 3204 4655 ipsum
3243 4598 3515 4658 peccatum
3551 4602 3756 4661 peccans

2163 4680 2251 4733 per
2271 4666 2565 4721 mandatum
2585 4670 2602 4740 (
2611 4668 2696 4726 Id.
2715 4687 2804 4736 vn,
2827 4671 2893 4727 12
2906 4683 2953 4727 et
2971 4673 3080 4748 15).
3102 4677 3225 4751 llaec
3243 4693 3375 4750 ergo
3393 4681 3587 4748 virtus,
3605 4693 3756 4751 quam

2160 4759 2377 4815 aculeus
2406 4770 2526 4817 tuus
2552 4775 2861 4833 spontanee!
2882 4767 2934 4822 in
2963 4770 3119 4825 nobis
3154 4771 3458 4843 iniquitatis
3477 4787 3757 4845 conseque-

2158 4849 2313 4904 batur
2340 4851 2541 4922 adjutu.
2574 4854 2810 4911 ﬁdelium
2842 4858 3125 4917 virtutibus
3144 4904 3159 4929 ,
3188 4862 3432 4921 ﬁdelium
3464 4866 3580 4937 jam
3605 4879 3755 4921 coro-

2160 4940 2241 4996 nis
2274 4943 2411 4997 victa
2453 4947 2832 5016 comprobatur
2854 4991 2870 5018 ,
2897 4959 2953 5006 et
2990 4951 3176 5009 fracta.
3223 4953 3561 5014 lnsultamus
3605 4957 3756 5029 igitur

2158 5033 2273 5097 tibi,
2308 5034 2416 5090 Deo
2436 5048 2608 5093 nostro
2637 5041 2829 5110 gratias
2856 5047 3150 5114 referentes,
3175 5048 3262 5118 qui
3289 5047 3437 5103 dedit
3460 5051 3606 5105 nobis
3631 5050 3757 5103 lianc

2156 5126 2413 5182 uictoriam
2438 5147 2527 5200 per
2545 5129 2823 5189 Dominum
2841 5145 3071 5192 nostrum
3088 5136 3266 5195 Jesttm
3288 5138 3557 5198 Christum
3578 5142 3626 5216 (ι
3639 5140 3755 5197 Cor.

2154 5235 2224 5274 xv
2242 5262 2257 5286 ,
2288 5220 2356 5275 46
2374 5250 2396 5260 -
2416 5221 2529 5295 57).

2218 5353 2236 5422 ξ
2261 5354 2334 5422 sic
2352 5359 2461 5422 μω.
2486 5360 2537 5406 in
2561 5357 2719 5422 Vign.,
2742 5359 2888 5412 oculi.

2216 5415 2392 5481 deiti.
2420 5430 2581 5481 suum.
2601 5415 2656 5470 A't
2677 5415 2805 5481 Mss,
2830 5429 2979 5475 tutan.

2216 5477 2359 5539 Huc,
2377 5483 2505 5539 tuus,
2529 5480 2720 5532 additur
2743 5477 2807 5533 ex
2833 5492 2938 5535 Mss.

2213 5536 2236 5569 ι
2255 5546 2408 5614 vetus
2429 5536 2585 5614 codex
2609 5550 2720 5614 lar.
2749 5559 2762 5594 :
2783 5554 2883 5614 litos
2903 5547 2949 5598 ei
2973 5546 3092 5614 legis
3111 5548 3305 5602 admota
3325 5557 3420 5614 est.
3449 5553 3751 5605 Arbitrantur

2150 5598 2433 5710 legendum,
2460 5603 2603 5654 Μοδὶε
2624 5604 2705 5675 lex
2726 5608 2923 5660 admota
2958 5598 3506 5685 εεῖὶςὰιῐῐὲῐξᾱῆἱιῶ
3515 5598 3748 5666 “luimus

2150 5676 2207 5710 SD
2244 5670 2399 5710 tunml
2422 5678 2435 5710 ἶ
2466 5674 2560 5710 [επ
2581 5680 2709 5710 enm:
2741 5678 2920 5710 mm‘tn,
2949 5681 3028 5710 plr-
3088 5675 3145 5710 nrl
3170 5682 3421 5710 animnn
3447 5675 3618 5710 Innnns
3639 5689 3748 5710 cum

2149 5662 2404 5746 saltuosa
2422 5662 2560 5746 τμπ
2581 5669 2709 5746 enim
2731 5678 2925 5746 ﬁam,
2949 5662 3066 5746 ac,
3087 5662 3145 5725 aa
3170 5662 3749 5746 euagati'igg'gagns

2153 5730 2306 5812 flat;
2320 5733 2372 5776 et
2392 5726 2532 5812 inisti,
2556 5741 2663 5792 cap.
2692 5731 2795 5812 lit,
2823 5726 3025 5812 veretur
3048 5726 3328 5812 ipset]ch
3348 5726 3749 5812 Δυςᾳῦἰρᾳνιξξζ-

2150 5787 2433 5865 utspeccati
2465 5788 2562 5851 lex,
2589 5787 2840 5854 speciatim
2860 5796 2925 5847 de
2966 5787 3344 5864 praecepto'ttdtc
3370 5787 3738 5865 po‘sit‘o'intelli-
3796 5828 3799 5835 ι

2149 5855 2419 5963 “initae:
2443 5920 2588 5981 PorL,
2612 5921 2662 5968 ut
2680 5920 2727 5968 te
2747 5927 2960 5979 acueret.
