3994 6472
247 378 387 440 Ιϐοί
866 376 894 419 τ’

317 501 457 557 Auc.
496 496 574 554 De
606 493 837 569 imagine
874 492 1182 563 terrestris,
1209 500 1264 549 et
1297 492 1364 550 de
1405 491 1635 566 imagine
1660 492 1829 549 coele-

245 593 348 652 stis
378 590 613 649 hominis
640 589 771 645 satis
793 589 904 660 jam
932 588 1175 660 superius
1213 587 1538 660 disputatum
1558 597 1641 645 est
1663 605 1678 653 ;
1704 588 1829 645 tibi-

245 700 353 758 que
372 681 749 754 respondimus
782 679 925 752 quod
975 680 1149 752 imago
1184 679 1419 736 cmlestis
1463 694 1604 735 nunc
1638 679 1741 736 (ide
1769 695 1834 737 ac

246 792 347 848 spe
376 774 578 848 portari
606 782 816 845 potest;
843 772 1143 845 portabitur
1168 782 1349 827 autem
1373 787 1433 827 re
1461 772 1573 843 ipsa
1599 787 1836 843 praesen-

246 879 354 929 tata
374 878 539 943 atque
564 867 782 933 donata,
798 882 920 923 cum
945 865 1300 922 resurrexerit
1322 880 1516 938 corpus
1536 865 1831 938 spirituale,

244 962 389 1036 quod
417 976 559 1018 nunc
576 960 806 1016 animale
825 959 1139 1015 seminatur.
1169 958 1311 1014 Duas
1332 958 1527 1029 quippe
1548 957 1677 1014 istas
1702 958 1861 1014 ima-*

247 1056 424 1128 gincs,
452 1052 723 1111 terrestris
747 1051 993 1109 videlicet
1017 1050 1250 1107 hominis
1275 1066 1457 1118 unam,
1489 1050 1725 1108 caelestis
1748 1067 1837 1107 au-

247 1154 363 1203 tem
401 1147 624 1202 alteram
644 1184 662 1212 ,
694 1144 918 1215 singulis
947 1142 1109 1199 rebus
1136 1143 1411 1208 attribuit;
1456 1142 1598 1197 illam
1628 1142 1837 1198 scilicet

246 1236 469 1295 animali
507 1234 741 1306 corpori,
777 1233 915 1290 hanc
934 1233 1218 1306 spirituali.
1240 1234 1497 1303 Superius
1512 1233 1654 1289 enim
1680 1233 1833 1298 dixit,

242 1327 359 1388 Sed
384 1345 485 1384 non
504 1328 725 1400 primum
748 1326 885 1399 quod
906 1326 1173 1397 spirituale
1195 1334 1288 1392 est,
1311 1325 1401 1381 sed
1419 1325 1555 1396 quod
1576 1325 1834 1391 animale;

248 1430 448 1492 postea,
484 1419 621 1493 quod
657 1417 922 1491 spirituale
956 1427 1028 1474 est
1070 1434 1090 1473 :
1135 1418 1480 1488 protinusque
1525 1416 1832 1487 subjunxit,

246 1513 464 1569 Primus
500 1513 650 1568 homo
692 1512 756 1567 de
793 1519 948 1580 terra,
981 1513 1259 1577 terrestris;
1296 1511 1545 1566 secundus
1582 1511 1733 1566 homo
1774 1510 1838 1567 de

245 1608 397 1673 calo,
443 1605 655 1660 caelestis
674 1620 696 1661 :
741 1606 870 1661 sicut
909 1604 1220 1676 portavimus
1254 1603 1527 1675 imaginem
1559 1603 1829 1671 terrestris,

247 1708 507 1770 portemus
530 1698 680 1752 etiam
710 1697 983 1769 imaginem
1003 1696 1146 1751 illius
1172 1694 1406 1751 caelestis.
1435 1694 1565 1765 Quis
1603 1705 1687 1750 est
1724 1695 1834 1763 ille,

245 1790 353 1847 nisi
386 1788 558 1846 Adam
580 1830 595 1855 ,
635 1804 730 1860 per
767 1804 927 1861 quem
967 1790 1149 1844 mors?
1181 1787 1249 1844 Et
1276 1788 1397 1859 quis
1438 1795 1523 1843 est
1568 1787 1701 1852 iste,
1736 1786 1837 1841 nisi

244 1882 513 1949 Christus,
543 1897 642 1953 per
659 1896 819 1953 quem
845 1880 1168 1937 resurrectio
1191 1878 1557 1936 mortuorum?
1585 1878 1839 1945 Quoniam

245 1990 340 2045 per
360 1974 614 2027 hominem
640 1989 799 2041 mors,
825 1981 873 2028 et
898 1988 987 2044 per
1012 1973 1267 2027 hominem
1286 1971 1588 2027 resurrectio
1614 1981 1839 2027 mortuo-

242 2081 381 2120 rum.
421 2063 568 2121 Sicut
611 2064 745 2120 enim
787 2064 843 2119 in
870 2064 1035 2120 Adam
1072 2080 1245 2120 omnes
1280 2064 1593 2129 moriuntur,
1617 2064 1691 2118 sic
1714 2073 1761 2119 et
1786 2067 1838 2118 in

244 2154 452 2211 Christo
472 2171 642 2211 omnes
666 2155 1054 2226 viviﬁcabuntur
1077 2170 1098 2210 :
1122 2154 1172 2210 id
1210 2162 1314 2219 est,
1343 2155 1664 2226 quicumque
1706 2155 1841 2211 vivi—

241 2249 568 2318 ﬁcabuntur,
615 2249 826 2306 nonnisi
874 2250 927 2305 in
978 2248 1192 2305 ChriSto
1219 2248 1663 2315 viviﬁcabuntur;
1694 2248 1839 2305 unde

238 2342 355 2414 jam
392 2358 556 2414 supra
593 2357 781 2399 sumus
820 2341 1007 2398 locuti.
1050 2340 1204 2396 Nulla
1243 2348 1329 2397 est
1374 2340 1559 2412 utique
1598 2342 1616 2374 ί
1664 2340 1837 2397 ambi-

241 2436 443 2507 guitas,
466 2434 535 2491 ad
579 2448 713 2506 quas
747 2433 885 2490 duas
922 2447 1011 2489 res
1048 2432 1170 2489 dua:
1213 2433 1329 2489 istae
1367 2432 1669 2490 referantur
1701 2432 1838 2488 ima-

242 2527 448 2599 gines;
503 2526 591 2582 illa
644 2540 875 2597 namque
920 2524 1154 2583 refertur
1186 2524 1253 2580 ad
1294 2534 1554 2593 mortem,
1607 2524 1724 2582 haec
1771 2524 1841 2581 ad

242 2619 725 2675 resurrectionem.
762 2616 853 2673 Illa
894 2631 1024 2689 ergo
1051 2617 1118 2673 ad
1145 2626 1372 2673 mortem
1413 2618 1687 2689 corporis;
1718 2617 1841 2689 quia

243 2711 367 2768 haec
414 2710 482 2766 ad
529 2709 979 2766 resurrectionem
1027 2709 1269 2780 corporis
1320 2725 1335 2763 :
1384 2710 1476 2765 illa
1523 2708 1589 2765 ad
1647 2724 1841 2781 corpus

244 2804 523 2870 animale,
569 2800 714 2874 quod
770 2800 1066 2857 seminatur
1118 2801 1170 2855 in
1222 2800 1550 2871 Ignominia;
1603 2799 1721 2857 haec
1770 2801 1839 2858 ad

248 2896 547 2970 spirituale,
587 2893 729 2966 quod
774 2900 1018 2964 resurget
1056 2891 1108 2948 in
1153 2892 1322 2964 gloria
1367 2911 1387 2950 :
1424 2891 1513 2948 illa
1549 2892 1839 2961 nascendo,

246 2988 354 3046 hac
383 2987 654 3045 induimur
677 2985 1031 3042 renascendo.
1062 2983 1168 3040 Sed
1194 2985 1445 3057 quoniam
1481 2984 1582 3041 sub
1623 2993 1842 3057 peccato

249 3083 527 3139 nascimur
546 3121 561 3147 ,
592 3078 645 3135 in
676 3086 1016 3150 peccatorum
1047 3087 1227 3133 autem
1257 3077 1578 3134 remissione
1602 3077 1841 3134 renasci-

246 3190 373 3231 mur
415 3191 431 3228 :
476 3173 622 3229 Sicut
652 3172 993 3243 portavimus,
1022 3170 1231 3239 inquit,
1262 3170 1535 3243 imaginem
1570 3172 1841 3239 terrestris,

248 3276 509 3338 portemus
551 3264 701 3319 etiam
742 3263 1012 3335 imaginem
1039 3264 1180 3318 illius
1204 3263 1437 3320 ctelestis.
1475 3263 1613 3319 Illud
1643 3263 1842 3319 factum

248 3374 372 3415 esse
410 3365 821 3423 commemorat,
866 3355 969 3411 hoc
1002 3356 1317 3411 exhortatur
1356 3364 1416 3410 nt
1467 3355 1565 3411 ﬁat
1591 3357 1635 3408 ³.
1673 3355 1843 3411 Nemo

250 3451 397 3508 enim
432 3459 610 3522 potest
637 3449 852 3505 allicere
878 3455 936 3503 ut
961 3463 1069 3504 non
1096 3445 1259 3503 fuerit
1284 3457 1439 3503 natus
1455 3447 1509 3502 in
1539 3462 1719 3518 ptena,
1737 3463 1842 3518 qua

250 3558 451 3614 corpus
478 3542 596 3614 ejus
620 3542 912 3598 seminatur
941 3540 994 3596 in
1019 3539 1308 3613 ignominia
1340 3556 1355 3593 :
1396 3537 1492 3596 sed
1537 3538 1637 3594 nisi
1684 3538 1844 3594 fuerit

250 3643 493 3700 renatus,
522 3645 577 3688 et
605 3632 1025 3704 perseveraverit
1044 3631 1097 3686 in
1133 3646 1201 3687 eo
1229 3629 1374 3702 quod
1404 3636 1491 3686 est
1524 3639 1743 3686 renatus
1788 3630 1842 3686 in

249 3725 422 3797 gratia
441 3766 459 3793 ,
491 3739 596 3780 non
625 3724 897 3795 perveniet
936 3722 1002 3778 ad
1033 3722 1325 3793 spiritualis
1354 3721 1598 3792 corporis
1627 3720 1841 3776 habitu-

248 3817 435 3874 dinem
459 3858 474 3883 ,
504 3815 645 3888 quod
684 3824 925 3886 resurget
948 3816 998 3870 in
1029 3814 1217 3885 gloria.
1248 3813 1387 3882 Quid
1431 3822 1515 3869 est
1547 3828 1675 3885 ergo
1700 3813 1842 3884 quod

251 3906 390 3964 dicis
419 3924 436 3963 :
464 3909 648 3978 Aperte
674 3922 852 3977 nempe
876 3905 1074 3961 transiit
1098 3905 1166 3959 ad
1192 3904 1381 3971 studia,
1411 3903 1614 3975 vultque
1642 3914 1845 3959 tantum

250 4002 491 4054 interesse
510 4001 639 4054 inter
665 3999 970 4069 praeteritam
990 4007 1217 4053 nostram
1237 4007 1283 4052 et
1313 4007 1612 4069 prasentem
1630 4013 1843 4052 conver-

251 4092 521 4157 sationem,
544 4100 788 4158 quantunt
807 4091 1009 4146 interest
1025 4091 1156 4144 inter
1176 4090 1538 4145 mortalitatem
1558 4100 1607 4146 et
1630 4090 1843 4145 immor-

252 4182 546 4237 talitatem?
574 4179 707 4237 Cum
735 4183 910 4253 potius
926 4182 1210 4252 Apostolus
1232 4196 1335 4236 non
1366 4181 1431 4237 ad
1458 4182 1600 4237 aliud
1623 4181 1645 4214 ³
1666 4192 1844 4239 trans-

254 4284 373 4341 eat;
404 4273 500 4330 sed
560 4273 613 4329 id
637 4274 778 4345 quod
812 4274 879 4329 de
906 4274 1297 4329 resurrectione
1321 4274 1499 4329 carnis
1522 4272 1544 4305 ⁸
1573 4284 1841 4345 coeperat,

251 4373 597 4438 exsequatur,
626 4365 712 4421 cui
738 4368 1066 4422 econtrario
1110 4374 1336 4421 mortem
1375 4366 1553 4422 carnis
1596 4368 1838 4438 opponit.

251 4459 369 4518 Non
401 4460 579 4531 itaque
623 4458 759 4514 duas
796 4459 1233 4514 conversationes
1254 4501 1268 4524 ,
1302 4459 1496 4514 malam
1533 4459 1756 4527 scilicet,
1787 4469 1840 4519 et

253 4550 476 4616 bonam,
503 4549 616 4605 vult
644 4548 748 4605 hoc
784 4549 905 4605 loco
944 4548 1165 4621 intelligi
1198 4566 1212 4604 :
1249 4548 1343 4606 sed
1389 4551 1842 4607 resurrectionem

252 4643 435 4699 carnis
464 4642 538 4698 ita
580 4656 678 4713 per
717 4640 993 4698 Christum
1044 4639 1310 4707 futuram,
1357 4641 1499 4697 sicut
1537 4656 1633 4713 per
1668 4640 1841 4698 Adam

251 4747 484 4795 mortem
535 4735 714 4791 carnis
761 4734 954 4791 asserit
998 4732 1214 4790 factam.
1257 4734 1386 4790 Siue
1431 4734 1704 4790 hominem
1747 4735 1843 4790 Dei

253 4844 417 4902 agere
443 4827 587 4900 quod
610 4826 752 4899 agit:
777 4835 831 4881 tu
860 4841 983 4882 eum
1008 4840 1256 4897 sequere,
1284 4825 1392 4880 noli
1420 4834 1479 4880 ut
1506 4832 1561 4881 te
1588 4834 1844 4896 sequatur

252 4922 369 4984 ipse
399 4920 609 4977 conari.
637 4917 752 4974 Non
784 4919 929 4975 enim
956 4917 1219 4989 sequitur,
1245 4925 1734 4989 quantumcumque
1749 4931 1843 4972 co-

252 5016 422 5072 neris.
451 5021 649 5085 Aperte
676 5014 1056 5070 resurrectioni
1077 5013 1254 5069 carnis
1282 5022 1509 5069 mortem
1535 5013 1715 5069 carnis
1743 5028 1841 5085 op-

251 5108 404 5180 ponit
429 5123 446 5162 :
475 5115 659 5180 aperte
696 5104 780 5161 his
818 5105 1043 5177 singulis
1078 5106 1238 5161 rebus
1266 5103 1507 5177 singulos
1528 5103 1842 5175 dispertitur

252 5209 523 5267 auctores,
553 5199 712 5255 morti
752 5199 995 5269 corporis
1019 5197 1214 5263 Adam,
1243 5196 1629 5253 resurrectioni
1649 5210 1844 5268 corpo-

252 5295 327 5352 ris
349 5294 661 5351 Christum:
692 5301 878 5365 aperte
903 5292 1036 5349 duas
1065 5292 1344 5363 imagines,
1377 5305 1538 5346 unam
1570 5289 1841 5347 terrestris

254 5385 512 5451 hominis,
533 5384 693 5440 aliam
719 5385 956 5443 cmlestis
973 5425 993 5453 ,
1020 5399 1051 5439 a
1090 5382 1364 5439 contrario
1392 5383 1534 5439 inter
1563 5396 1627 5438 se
1657 5381 1841 5441 confe-

253 5492 401 5546 rens,
434 5476 580 5534 illam
608 5478 819 5548 corpori
847 5476 1089 5534 attribuit
1114 5475 1363 5542 animali,
1384 5473 1530 5546 quod
1554 5489 1652 5546 per
1668 5474 1839 5531 Adam

316 5662 337 5695 ί
360 5659 524 5711 Codex
540 5664 690 5719 t’ort.,
712 5659 889 5724 itaque.

313 5725 338 5755 θ
360 5725 435 5773 Sic
450 5729 555 5784 uss.
571 5728 632 5784 tu
652 5723 805 5783 vign.,
830 5717 994 5784 faciat.

317 5785 341 5849 ξ
362 5781 839 5849 νῇεηηὶμαάχῇιεδᾴ
863 5781 1018 5849 aliud,
1304 5844 1316 5849 Δ
1359 5846 1366 5849 Α
1394 5838 1410 5849 _
1428 5840 1456 5849 __
1475 5839 1505 5849 ι.
1668 5848 1675 5849 7
1780 5834 1792 5847 ,

314 5846 339 5879 ι
361 5838 648 5910 vig'merius,
671 5847 732 5895 de
749 5838 1095 5910 resurrectione
1106 5844 1334 5909 coeperat.
1346 5838 1636 5901 addtdtums.
1652 5838 1834 5901 aruis,

253 5906 915 5972 exma'nuscriptortunﬁde.
1179 5906 1189 5909 '
1542 5972 1565 5975 Ν
1648 5971 1749 5975 in

1612 370 1813 431 LIBER
1847 370 2143 434 SEXTUS.
2758 386 2768 413 ‘

1943 494 2141 550 meruit
2166 502 2223 551 ut
2255 495 2551 554 scminetur
2586 498 2639 554 in
2676 500 3003 572 ignominia;
3035 503 3194 563 istam
3237 506 3524 581 spirituali,

1945 585 2088 656 quod
2126 602 2221 657 per
2262 587 2531 645 Christum
2577 593 2870 650 merebitur
2906 611 3186 670 resurgere
3231 600 3284 655 in
3332 600 3525 672 gloria.

1942 677 2042 745 Qui
2070 679 2229 735 etiam
2268 681 2557 737 secundum
2597 698 2813 741 carnem
2854 686 3015 744 homo
3043 692 3278 748 cmlestis
3315 702 3397 748 est
3440 692 3526 748 di-

1939 781 2076 841 ctus,
2093 791 2198 831 non
2219 777 2341 848 quia
2366 793 2486 833 eam
2515 781 2741 851 sumpsit
2760 797 2791 838 e
2817 782 2977 851 caelo,
3002 786 3093 841 sed
3124 786 3247 857 quia
3269 795 3323 842 et
3352 787 3522 855 ipsam

1939 863 2133 923 levavit
2154 869 2205 923 in
2232 870 2448 926 cmlum.
2470 870 2526 928 Si
2553 872 2787 928 studium
2815 874 3012 931 bonum
3034 887 3086 931 et
3119 877 3255 932 bona
3288 893 3518 934 conver-

1939 960 2076 1016 satio
2124 961 2269 1029 facit,
2300 974 2359 1021 ut
2399 966 2466 1021 ad
2510 966 2796 1037 gloriosam
2840 971 3286 1025 resurrectionem
3333 986 3522 1040 perve-

1940 1053 2093 1108 niant
2114 1054 2132 1087 ¹
2157 1071 2173 1120 ;
2214 1057 2472 1129 numquid
2498 1058 2676 1114 studio
2704 1059 2846 1115 malo
2872 1071 2924 1116 et
2954 1061 3087 1115 mala
3114 1062 3522 1117 conversatione

1939 1144 2062 1200 vita:
2092 1144 2268 1216 hujus,
2299 1164 2456 1220 qnam
2478 1151 2609 1215 nati,
2641 1161 2697 1209 et
2719 1167 2938 1208 accessu
2957 1152 3129 1207 atatis
3146 1154 3285 1208 aucti
3307 1154 3327 1185 ³
3358 1152 3516 1207 duxi-

1939 1252 2080 1300 mus,
2113 1239 2306 1295 factum
2332 1252 2414 1297 est
2443 1250 2500 1297 ut
2540 1243 2594 1299 in
2632 1259 2861 1315 corpore
2903 1245 3121 1301 animali
3164 1261 3285 1301 cum
3334 1246 3521 1301 mortis

1938 1331 2233 1401 propagine
2273 1336 2659 1392 nasceremur?
2683 1336 2815 1405 Quis
2854 1337 2997 1393 enim
3036 1337 3178 1392 malo
3224 1335 3400 1391 studio
3440 1336 3525 1393 vel

1941 1421 2050 1477 ullo
2072 1422 2249 1478 studio
2277 1424 2377 1480 sibi
2405 1429 2737 1498 comparavit
2762 1444 3077 1485 aerumnosas
3103 1428 3392 1485 nativitatis
3438 1429 3524 1485 iu-

1940 1513 2133 1571 itium?
2156 1516 2287 1586 Quis
2308 1519 2443 1574 mala
2470 1523 2876 1578 conversatione
2900 1523 2953 1579 id
2981 1523 3108 1593 egit,
3135 1532 3193 1578 ut
3215 1538 3358 1590 enm,
3379 1538 3523 1594 quo-

1940 1608 2233 1667 modolibet
2248 1611 2457 1679 vixerit,
2480 1614 2616 1670 mori
2636 1631 2856 1673 necesse
2877 1617 2986 1673 sit?
3004 1617 3170 1673 Plane
3188 1617 3233 1672 si
3260 1616 3375 1672 hare
3395 1616 3523 1686 duo,

1941 1701 1992 1758 id
2022 1713 2123 1771 est,
2157 1705 2439 1776 imaginem
2472 1711 2744 1766 terrestris
2776 1711 3029 1779 hominis,
3060 1729 3179 1785 qum
3217 1713 3285 1769 ad
3329 1729 3525 1787 corpus

1940 1797 2171 1868 pertinet
2198 1798 2451 1868 animale,
2479 1809 2535 1857 et
2561 1802 2845 1874 imaginem
2874 1804 3130 1872 cmlestis,
3157 1820 3277 1876 qum
3300 1805 3367 1860 ad
3393 1820 3520 1861 cor-

1941 1905 2043 1960 pus
2089 1891 2319 1962 pertinet
2358 1894 2655 1964 spirituale,
2686 1896 2844 1951 etiam
2884 1896 2951 1952 ad
2978 1897 3415 1955 conversationes
3440 1913 3528 1954 re-

1941 1980 2082 2039 ferre
2108 1984 2384 2051 volumus;
2428 1987 2565 2044 sicut
2596 1990 3042 2046 resurrectionem
3084 1991 3373 2061 spiritualis
3400 2006 3526 2048 cor-

1943 2076 2088 2144 poris
2109 2075 2161 2130 in
2194 2085 2343 2146 parte
2366 2076 2585 2148 jnstitiae
2615 2081 2884 2152 ponimus,
2918 2082 2988 2137 ita
3019 2095 3247 2140 mortem
3275 2084 3520 2156 corporis

1942 2166 2186 2222 animalis
2208 2183 2407 2239 ponere
2432 2170 2485 2226 in
2512 2173 2715 2241 peccati
2736 2184 2885 2244 parte
2907 2174 3170 2231 debemus
3198 2194 3213 2233 :
3240 2177 3363 2247 quia
3384 2177 3526 2233 sicut

1942 2256 1997 2313 in
2025 2257 2221 2315 Christi
2242 2261 2445 2331 justitia
2470 2262 2562 2318 llet
2584 2262 2686 2319 ista
2714 2265 3057 2333 resurrectio,
3093 2267 3163 2322 ita
3189 2266 3242 2321 in
3263 2266 3393 2322 Adze
3418 2267 3527 2323 ini-

1943 2350 2145 2420 quitate
2173 2350 2311 2409 facta
2336 2364 2419 2410 est
2444 2371 2590 2411 mors
2618 2357 2727 2412 illa.
2754 2357 2907 2427 Quod
2932 2358 2977 2414 si
3005 2359 3290 2431 intelligas,
3319 2369 3375 2416 et
3399 2359 3522 2416 huic

1941 2445 2293 2514 apertissima
2318 2448 2625 2505 consentias
2654 2451 2902 2518 veritati;
2929 2451 3169 2507 concedo
3203 2452 3343 2524 quod
3372 2452 3528 2520 dicis,

1944 2545 2252 2603 terrestrem
2293 2549 2348 2597 et
2390 2542 2665 2598 caelestem
2706 2542 2894 2600 referri
2921 2543 2988 2599 ad
3020 2544 3142 2599 vitia
3170 2554 3225 2601 et
3251 2546 3482 2601 virtutes
3512 2562 3527 2600 :

1942 2628 2081 2685 sicut
2099 2630 2242 2686 enim
2268 2633 2438 2688 virtus
2451 2632 2653 2689 Christi
2677 2634 2839 2691 faciet
2856 2643 2917 2692 ut
2934 2646 3176 2708 resurgat
3202 2651 3397 2708 corpus
3420 2638 3532 2708 spi-

1943 2722 2152 2791 rituale,
2200 2723 2272 2779 ita
2318 2725 2504 2780 vitium
2552 2726 2683 2785 Adae
2731 2727 2855 2783 fecit
2893 2737 2951 2784 ut
2992 2738 3295 2785 moreretur
3331 2743 3528 2799 corpus

1944 2817 2192 2873 animale.
2222 2818 2338 2875 Non
2369 2821 2548 2892 itaque
2585 2820 2711 2877 huic
2733 2822 2999 2894 congruit,
3027 2822 3271 2894 ejusdem
3298 2822 3531 2894 apostoli

1943 2908 2011 2963 ad
2061 2909 2331 2969 Romanos
2373 2910 2463 2965 illa
2507 2913 2771 2969 sententia
2815 2930 2830 2967 :
2874 2912 3022 2970 Sicut
3059 2916 3195 2969 enim
3235 2915 3529 2970 exhibuistis

1943 3002 2167 3057 membra
2193 3013 2356 3058 vestra
2376 3004 2563 3059 servire
2583 3005 2939 3074 immunditiis,
2967 3016 3013 3062 et
3041 3008 3296 3079 iniquitati
3330 3008 3400 3062 ad
3426 3008 3531 3063 ini-

1943 3094 2220 3166 quitatem;
2242 3095 2317 3150 ita
2331 3112 2466 3151 nunc
2491 3097 2715 3152 exhibete
2741 3107 2903 3153 vestra
2918 3101 3140 3154 membra
3166 3100 3352 3154 servire
3369 3100 3531 3171 justi-

1946 3188 2032 3241 tiaz
2053 3188 2106 3241 in
2132 3189 2584 3259 sanctiﬁcationem
2603 3190 2777 3262 (Rom.
2810 3207 2885 3256 vr,
2915 3192 3029 3263 l9).
3055 3191 3127 3246 lbi
3150 3193 3291 3247 enim
3322 3192 3389 3248 de
3415 3207 3529 3247 ma-

1945 3279 2012 3336 lis
2037 3290 2090 3336 et
2124 3280 2279 3336 bonis
2316 3282 2553 3337 moribus
2579 3282 2600 3314 ³
2627 3283 2970 3354 loquebatur;
3000 3283 3084 3340 hic
3111 3293 3288 3340 autem
3329 3284 3397 3341 de
3435 3300 3529 3342 re-

1944 3373 2277 3429 surrectione
2303 3373 2547 3444 corporis
2574 3382 2629 3429 et
2658 3383 2830 3430 morte
2867 3376 3107 3446 corporis
3134 3375 3385 3446 loquitur.
3422 3375 3529 3433 Sed

1944 3464 2197 3535 quoniam
2219 3465 2308 3535 qui
2342 3466 2550 3522 ratione
2572 3465 2684 3538 jam
2714 3475 2956 3533 utuntur,
2987 3468 3053 3524 ad
3082 3470 3526 3525 resurrectionem

1945 3554 2253 3624 gloriosam,
2289 3572 2410 3628 quae
2453 3566 2581 3613 tunc
2615 3557 2726 3625 ﬁet,
2768 3558 2981 3630 quando
3019 3559 3294 3630 spirituale
3334 3574 3530 3632 corpus

1945 3655 2208 3719 resurget,
2235 3649 2419 3705 venire
2446 3665 2554 3705 non
2581 3660 2852 3721 poterunt,
2884 3652 2987 3706 nisi
3016 3652 3117 3707 hoc
3144 3659 3202 3708 et
3224 3654 3447 3709 credant
3472 3663 3529 3711 et

1945 3750 2165 3811 sperent
2194 3759 2209 3796 :
2239 3741 2360 3798 ideo
2384 3742 2527 3814 quod
2548 3744 2819 3801 terrestris
2837 3745 3069 3801 hominis
3091 3746 3374 3817 imaginem
3400 3762 3530 3819 por-

1948 3834 2234 3890 taverimus
2275 3849 2722 3903 commemorans,
2768 3836 2823 3891 in
2863 3853 2967 3908 qua
3001 3847 3084 3893 est
3118 3852 3214 3909 per
3256 3838 3529 3895 hominem

1947 3938 2125 3986 mors;
2148 3935 2204 3981 ut
2230 3925 2510 3998 imaginem
2530 3928 2766 3983 caelestis
2795 3928 3028 3984 hominis
3054 3939 3328 4000 portemus
3349 3929 3531 3987 horta-

1948 4022 2052 4082 tur,
2081 4017 2136 4072 in
2159 4032 2260 4089 qua
2280 4029 2365 4074 est
2395 4036 2490 4090 per
2513 4020 2784 4077 hominem
2808 4022 3132 4080 resurrectio
3159 4032 3527 4079 mortuorum:

1948 4116 2009 4164 ut
2030 4109 2298 4180 quomodo
2329 4126 2422 4182 per
2446 4112 2577 4167 Adae
2612 4122 2891 4183 peccatum
2930 4115 3174 4169 venimus
3218 4115 3271 4170 in
3295 4123 3524 4170 mortem

1946 4202 2190 4273 corporis
2228 4203 2492 4269 animalis,
2521 4205 2591 4259 ita
2623 4220 2717 4276 per
2739 4204 2940 4261 Christi
2961 4206 3225 4275 justitiam
3252 4206 3528 4262 veniamus

1946 4293 2003 4350 in
2030 4295 2474 4350 resurrectionem
2497 4296 2739 4367 corporis
2752 4296 3062 4369 spiritualis.
3091 4297 3289 4354 Deinde
3311 4298 3534 4368 subjun-

1946 4385 2060 4458 git:
2090 4384 2205 4441 Hoc
2231 4397 2399 4442 autem
2420 4387 2552 4453 dico,
2578 4391 2780 4460 fratres,
2807 4390 2928 4460 quia
2967 4405 3087 4444 caro
3124 4398 3171 4443 et
3205 4389 3412 4461 sanguis
3447 4405 3533 4445 rs-

1945 4494 2102 4549 gnum
2122 4476 2218 4533 Dei
2245 4478 2501 4549 possidere
2522 4496 2625 4534 non
2644 4489 2875 4551 possunt.
2906 4480 3008 4537 Ubi
3038 4490 3091 4535 te
3114 4495 3221 4535 non
3241 4480 3535 4550 ηερε-εικῆ-

1945 4569 2123 4626 dimns
2156 4571 2369 4626 nomine
2396 4572 2575 4627 carnis
2612 4580 2668 4627 et
2709 4572 2984 4644 sanguinis
3021 4572 3370 4644 signiﬁcatam
3407 4589 3532 4633 car-

1946 4662 2120 4716 nalem
2147 4660 2482 4732 prudentiam
2510 4662 2822 4732 credidisse,
2843 4679 2949 4719 non
2976 4664 3144 4736 ipsam
3172 4665 3529 4724 substantiam

1945 4754 2187 4823 corporis
2209 4752 2473 4816 animalis,
2502 4769 2624 4826 qua:
2648 4755 2944 4811 seminatur
2968 4756 3184 4827 quidem
3216 4758 3268 4814 in
3296 4758 3530 4830 ignomi-

1945 4847 2052 4913 nia,
2093 4846 2188 4903 sed
2230 4856 2411 4904 tamen
2452 4858 2697 4921 resurget
2738 4849 2792 4905 in
2835 4850 3038 4921 gloria,
3071 4862 3127 4909 et
3167 4870 3391 4927 regnum
3435 4857 3531 4914 Dei

1946 4940 2128 5012 procul
2153 4939 2315 4996 dubio
2347 4940 2655 5011 possidebit.
2691 4942 2945 5010 Quamvis
2974 4954 3027 5001 et
3052 4946 3211 5002 aliter
3231 4948 3335 5005 hoc
3360 4949 3531 5020 possit

1946 5031 2188 5103 intelligi,
2206 5041 2261 5087 ut
2288 5032 2388 5088 isto
2412 5032 2554 5101 loco,
2580 5034 2796 5091 nomine
2818 5037 2996 5091 carnis
3021 5046 3078 5093 et
3093 5041 3384 5110 sanguinis,
3404 5056 3530 5097 cor-

1943 5126 2123 5197 ruptio
2149 5126 2443 5198 significata
2471 5127 2560 5193 sit,
2591 5143 2749 5199 quam
2773 5145 2913 5185 nunc
2935 5131 2987 5186 in
3015 5146 3178 5189 carne
3204 5133 3446 5190 videmus
3471 5143 3529 5192 et

1944 5218 2237 5290 sanguine;
2264 5235 2383 5290 qua:
2404 5220 2586 5290 utique
2613 5222 2885 5292 corruptio
2911 5239 3132 5293 regnum
3155 5225 3249 5281 Dei
3279 5241 3383 5281 non
3407 5240 3533 5296 pos-

1945 5312 2159 5379 sidebit,
2184 5312 2309 5383 quia
2338 5312 2680 5382 corruptibile
2697 5312 2800 5370 hoc
2823 5315 3073 5371 induatur
3102 5317 3525 5388 incorruptione.

1947 5403 2100 5462 Unde
2128 5418 2251 5461 cum
2280 5403 2518 5473 dixisset,
2542 5403 2676 5462 Caro
2703 5416 2751 5461 et
2778 5409 2985 5479 sanguis
3002 5423 3213 5481 regnum
3237 5406 3337 5464 Dei
3359 5410 3531 5480 possi-

2008 5654 2027 5687 ί
2048 5642 2207 5715 Forte,
2227 5650 2533 5719 perveniatur
2560 5663 2580 5703 :
2602 5649 2686 5702 vel
2708 5648 2980 5701 addendum
3001 5648 3097 5709 hic,
3116 5653 3171 5697 ut
3193 5659 3245 5696 in
3274 5653 3353 5698 Ms.
3379 5652 3528 5708 Port.,

1945 5728 2150 5780 corpora
2176 5722 2354 5767 nostra.

2011 5780 2031 5809 ³
2047 5780 2325 5858 ξ’ἱευῖθινξυε
2345 5772 2793 5858 ρεπεεεδξιμξεξξιέὶδ
2835 5772 3086 5858 duximus.
3368 5768 3530 5835 aucti.

1943 5840 2073 5906 quod
2113 5840 2320 5890 habetur
2342 5842 2391 5889 in
2414 5840 2763 5898 manusa‘iptis.

2014 5903 2036 5936 ³
2056 5902 2129 5951 sic
2152 5909 2257 5952 Mss.
2277 5901 2408 5965 Apud
2434 5907 2594 5977 Ἥβη..

3256 5984 3285 5992 μ.
