4006 6484
530 492 650 547 dere
671 507 772 546 non
815 496 1022 561 possim!
1054 503 1073 542 :
1098 495 1347 558 tanquam
1393 486 1710 558 exponendo
1736 485 1861 555 quid
1885 482 1986 537 his
2015 497 2113 536 no-

528 583 759 640 minibus
807 581 1210 653 signiﬁcaverit,
1263 593 1330 634 ne
1376 580 1492 650 ipsa
1545 577 1776 634 carnalis
1821 575 2117 631 substantia

523 675 858 741 «ederetur,
883 674 1143 744 adiunxit,
1183 671 1363 744 Neque
1394 674 1650 744 corruptio
1689 671 2117 739 incorruptionem

527 768 908 834 possidebit.Et
937 766 1230 823 secundum
1255 766 1414 822 istum
1441 781 1660 821 sensum
1699 765 1866 835 magis
1907 763 2116 820 videtur

524 867 720 915 castora
763 867 1020 915 attexere.
1069 859 1173 915 Sed
1214 857 1525 914 utrumlibet
1566 857 1652 912 his
1694 856 1872 912 verbis
1931 865 2116 910 auctor

522 952 840 1008 eorumdem
859 954 1142 1008 verborum
1167 952 1467 1022 signiﬁcare
1489 948 2008 1015 voluerit,neutrum
2032 957 2116 1002 est

521 1057 708 1102 contra
739 1045 918 1115 ﬁdem,
947 1063 1065 1117 quae
1103 1047 1178 1101 ita
1218 1061 1276 1100 se
1317 1045 1512 1111 habet,
1554 1053 1748 1099 utnon
1796 1042 2007 1098 dubitet
2059 1043 2113 1096 in

523 1153 687 1195 carne
734 1140 1122 1210 ineorrnptibili
1181 1153 1548 1209 possessuram
1610 1150 1832 1207 regnum
1886 1135 1979 1190 Dei
2046 1149 2114 1189 ex

523 1234 774 1290 omnibus
815 1234 1066 1304 gentibus
1108 1241 1482 1302 congregalam
1531 1230 1622 1285 Dei
1672 1229 1950 1284 familiam.
1996 1228 2111 1282 Non

523 1325 703 1396 itaque
729 1326 747 1357 ί
776 1324 878 1380 hoc
902 1324 1365 1394 reprehendimus,
1394 1322 1535 1393 quod
1563 1323 1722 1378 etiam
1747 1330 1870 1375 ante
1899 1335 2000 1375 nos
2025 1319 2080 1374 di
2097 1351 2111 1360 -

441 1448 446 1450 -
523 1419 768 1474 vinarum
796 1418 1186 1488 Scripturarum
1237 1416 1483 1471 catholici
1530 1423 1845 1470 tractaturos
1871 1413 2110 1484 plerique

523 1509 795 1572 dixerunt,
825 1524 1039 1564 carnem
1080 1516 1134 1563 et
1159 1507 1470 1577 sanguinem
1511 1505 1596 1561 hic
1638 1520 1792 1575 posse
1818 1505 1986 1575 accipi
2015 1503 2111 1559 ho-

523 1604 698 1659 mines
723 1642 742 1668 ,
783 1603 872 1673 qui
897 1601 1190 1660 secundum
1217 1613 1434 1657 carnem
1461 1610 1515 1655 et
1535 1601 1845 1671 sanguinem
1876 1600 2106 1669 sapiunt,

521 1706 583 1754 et
604 1697 726 1752 ideo
769 1711 994 1767 regnum
1039 1696 1138 1750 Dei
1181 1709 1290 1752 non
1339 1694 1682 1764 possidebunt
1716 1712 1732 1748 :
1760 1695 1838 1748 sic
1866 1694 2007 1747 enim
2037 1693 2110 1746 ait

522 1790 664 1846 idem
693 1789 881 1845 doctor
903 1788 1178 1854 Gentium,
1207 1787 1402 1859 Sapere
1427 1787 1706 1841 secundum
1740 1802 1945 1840 carnem
1973 1801 2110 1840 mors

527 1892 622 1940 est.
660 1882 765 1938 Sed
790 1881 935 1953 quod
960 1897 1066 1936 non
1098 1883 1179 1936 vis
1219 1889 1445 1936 mortem
1470 1881 1711 1950 corporis
1739 1879 1986 1934 animalis
2017 1894 2109 1948 per

520 1984 798 2046 peccatum
827 1975 984 2045 primi
1013 1975 1242 2030 hominis
1286 1974 1564 2036 accidisse,
1595 1988 1717 2028 cum
1747 1972 1928 2026 audias
1953 1987 2106 2026 emn-

513 2068 640 2124 dem
669 2067 970 2138 apostolum
998 2067 1286 2132 dicentem,
1315 2065 1512 2136 Corpus
1537 2075 1791 2121 mortuum
1810 2076 1882 2120 est
1904 2075 2108 2136 praptcr

518 2169 778 2230 peccatum
803 2158 978 2232 (Rom.
1012 2173 1107 2215 vttt
1132 2199 1146 2224 ,
1179 2157 1234 2227 6,
1265 2158 1383 2229 10);
1431 2174 1604 2228 neque
1646 2174 1840 2229 negare
1870 2157 2102 2222 audeas,

517 2257 965 2312 resurrectionem
1008 2255 1250 2326 corporis
1279 2254 1594 2324 spiritualis,
1638 2270 1759 2324 qua:
1785 2253 1942 2308 morti
1976 2266 2098 2308 cor-

517 2350 670 2422 poris
709 2348 963 2405 animalis
997 2349 1287 2420 opponitur
1311 2364 1343 2404 e
1370 2349 1642 2403 contrario
1667 2387 1680 2410 ,
1729 2346 2102 2416 perjustitiam

516 2441 740 2499 secundi
782 2441 1022 2496 hominis
1042 2441 1382 2505 adﬁituram;
1416 2447 1471 2494 et
1504 2439 1607 2494 hoc
1639 2439 1758 2493 ideo
1783 2455 1888 2493 non
1920 2439 2020 2502 vis,
2047 2448 2105 2493 ut

515 2533 838 2604 corporibus
857 2541 1216 2597 mortuorum,
1251 2538 1307 2586 et
1331 2545 1426 2602 per
1453 2530 1566 2586 hate
1591 2531 1752 2586 etiam
1782 2530 2104 2598 cruciatibus

517 2626 860 2683 morientium
885 2625 1113 2693 impleas
1128 2623 1453 2693 paradisum,
1496 2623 1769 2677 boetarum
1792 2623 2100 2678 deliciarum

517 2717 923 2774 nmorabilem
956 2717 1130 2770 locum
1169 2727 1191 2768 ε
1233 2714 1336 2769 hoc
1379 2715 1844 2784 reprehendimus,
1877 2715 1978 2769 hoc
2002 2714 2099 2770 de-

515 2819 800 2877 tmtamnr,
849 2809 951 2864 hoc
988 2809 1207 2880 dignum
1250 2808 1587 2864 anathemate
1627 2808 1961 2878 iudicamus.
2001 2809 2099 2864 Cui

515 2904 658 2960 enim
688 2903 847 2958 morti
872 2903 924 2956 in
951 2900 1056 2957 ﬁne
1081 2900 1443 2965 insultabitur,
1468 2914 1592 2954 cum
1615 2900 1843 2967 dicetur,
1877 2898 1974 2956 Ubi
2005 2910 2094 2966 est,

516 3011 684 3063 mors,
725 2993 934 3049 uictoria
959 3003 1046 3047 tua
1068 2992 1093 3046 ?
1118 2991 1204 3046 ubi
1244 3001 1338 3055 est,
1367 3007 1502 3046 mors
1520 3029 1538 3056 ,
1569 2991 1774 3045 aculeus
1805 2991 1966 3046 tuus?
1994 2991 2096 3046 nisi

515 3099 608 3146 aut
629 3089 865 3155 diabolo,
902 3087 1064 3143 etiam
1089 3087 1279 3142 mortis
1303 3085 1598 3155 corporalis
1619 3086 1860 3148 actori,
1889 3093 1980 3140 aut
2001 3085 2100 3155 ipsi

515 3181 674 3238 morti
721 3181 984 3249 corporis,
1031 3189 1194 3249 quam
1224 3178 1550 3232 resurrectio
1571 3177 1813 3247 corporis
1839 3178 2098 3232 absorbe-

514 3274 630 3330 bit?
674 3272 772 3328 llic
797 3272 939 3328 enim
964 3285 1148 3326 sermo
1170 3277 1300 3326 tunc
1325 3268 1416 3324 ﬁet
1433 3311 1446 3334 ,
1478 3285 1600 3325 cum
1624 3270 1970 3339 eorruptibile
1997 3269 2100 3324 hoc

517 3365 751 3420 induerit
778 3361 1260 3431 incorruptionem,
1287 3370 1342 3415 et
1365 3359 1589 3416 mortale
1614 3360 1714 3415 hoc
1742 3359 1974 3416 induerit
2000 3362 2102 3415 im-

514 3456 920 3513 mortalitatem.
959 3454 1090 3510 Sine
1117 3453 1463 3524 ambiguitate
1487 3454 1686 3524 quippe
1713 3453 1844 3508 dicit
1869 3454 2098 3524 Aposto-

511 3551 596 3606 lus
623 3567 641 3604 :
671 3547 800 3604 Cum
841 3545 1169 3618 corruptibilc
1210 3546 1306 3600 hoc
1352 3545 1575 3599 induerit
1607 3547 2054 3600 inmortalitatem
2079 3588 2094 3615 ,

512 3652 634 3697 tunc
660 3641 746 3710 ﬁet
789 3656 954 3695 sermo
997 3639 1084 3710 qui
1107 3637 1324 3708 scriptus
1366 3647 1438 3692 est
1462 3677 1478 3701 ,
1509 3637 1761 3708 Absorpta
1785 3647 1857 3691 est
1883 3653 2020 3692 mors
2043 3640 2097 3692 in

509 3737 790 3808 uictoriam.
821 3734 919 3791 Ubi
943 3744 1014 3789 est
1037 3775 1054 3797 ,
1084 3749 1222 3788 more
1239 3774 1256 3798 ,
1282 3731 1493 3785 victoria
1531 3731 1661 3785 tua?
1688 3731 1774 3786 ubi
1805 3740 1906 3799 est,
1935 3748 2094 3798 more,

508 3831 722 3886 «illa:
740 3827 906 3883 tuus?
933 3825 1032 3882 Cui
1053 3824 1223 3880 .mo’rti
1254 3825 1358 3880 hoc
1383 3823 1611 3890 dicetur,
1637 3823 1738 3878 nisi
1763 3840 1883 3894 quae
1909 3824 2099 3878 absor-

513 3921 728 3977 inbitur
755 3920 811 3974 ia
848 3915 1168 3972 victoriam?
1190 3925 1248 3972 et
1269 3927 1390 3985 quae
1417 3915 1517 3970 ista
1543 3922 1630 3970 est
1649 3955 1666 3983 ,
1699 3916 1798 3970 nisi
1825 3931 1943 3987 quae
1971 3925 2095 3972 tunc

508 4012 902 4074 absorbebitur,
931 4008 1146 4080 quando
1184 4007 1532 4077 corruptibile
1565 4007 1666 4064 hoc
1694 4023 1890 4079 corpus
1931 4019 2092 4080 atque

515 4104 744 4159 mortale
789 4101 1188 4172 incorruptione
1215 4109 1374 4170 atque
1395 4100 1794 4156 immortalitate
1817 4103 2096 4158 vestietur?

513 4199 688 4268 Hujus
712 4212 839 4268 ergo
864 4195 1160 4266 corporalis
1201 4193 1389 4249 mortis
1417 4194 1634 4249 aculeus
1663 4204 1941 4264 peceatum
1965 4207 2050 4252 est.
2081 4216 2095 4252 :

509 4292 633 4365 quia
661 4291 785 4346 huic
810 4289 970 4344 morti
998 4289 1228 4355 dicetur,
1263 4285 1360 4342 Ubi
1385 4296 1476 4351 est,
1509 4304 1667 4354 mors,
1700 4291 1906 4345 aculeata
1936 4292 2100 4345 tuus?

511 4386 681 4455 Quem
712 4384 955 4440 aculeum
994 4382 1130 4438 dixit
1155 4397 1275 4438 esse
1299 4391 1608 4452 peccatum;
1636 4385 1879 4439 aculeum
1902 4385 2097 4440 videli-

509 4489 604 4535 cet
624 4490 903 4549 minus
924 4483 1016 4533 est
1049 4474 1226 4542 facta,
1267 4490 1372 4532 non
1420 4489 1588 4545 quem
1609 4474 1730 4531 fecit
1761 4478 1912 4546 ipsa;
1959 4480 2098 4533 sict

509 4571 764 4642 peculatu
803 4570 992 4625 mortis
1021 4568 1106 4625 est
1134 4583 1242 4640 quo
1269 4581 1416 4623 mors
1445 4568 1525 4635 ﬁt,
1558 4583 1668 4623 non
1692 4570 1833 4639 quod
1863 4586 1894 4625 a
1924 4580 2097 4625 morte

507 4665 588 4718 ὃς.
621 4662 902 4730 Quomodo
926 4676 1076 4732 ergo.
1107 4670 1166 4714 ut
1194 4669 1370 4731 putas,
1395 4673 1500 4715 non
1531 4659 1674 4727 huic,
1704 4661 1796 4716 sed
1821 4672 2095 4732 perpetuae

510 4755 858 4810 insumitur
899 4752 1108 4807 morti?
1147 4751 1416 4823 Numquid
1463 4753 1578 4822 ipsa
1623 4753 1996 4811 absorbebitnr
2040 4756 2093 4810 in

509 4847 810 4911 victoriam,
833 4860 954 4899 cum
977 4844 1203 4900 mrtale
1223 4843 1326 4898 hoc
1355 4844 1587 4899 induerit
1612 4845 2096 4901 immortalitatem?

510 4936 778 5009 Numquid
804 4937 1061 4991 adversus
1088 4947 1301 4991 sanctos
1329 4938 1440 5006 ipsa
1470 4938 1767 5003 contendit,
1802 4949 1858 4993 ut
1885 4941 1998 5010 ejus
2031 4942 2096 4996 ti-

510 5047 632 5086 net
658 5029 953 5090 carmine
993 5029 1238 5082 vincatur
1261 5029 1497 5095 illorum),
1529 5045 1649 5099 qua:
1695 5033 1838 5100 prius
1865 5047 1960 5087 eos
1987 5035 2096 5088 vie-

491 5133 602 5180 Διοιει.
623 5123 860 5189 tenebat,
887 5122 1099 5192 quando
1125 5138 1241 5177 eam
1281 5123 1518 5180 timendo
1548 5125 1878 5194 peccabant?
1908 5127 2095 5183 Nonne

510 5225 731 5287 propter
756 5215 928 5286 ipsam
967 5215 1284 5272 vincendum
1333 5217 1586 5271 Dominus
1614 5227 1852 5273 mortuus
1897 5230 1995 5286 est,
2040 5231 2094 5276 et

511 5307 788 5364 evaatavit
805 5322 927 5363 eum
953 5308 1040 5377 qui
1084 5315 1397 5377 potestatem
1429 5308 1656 5364 habebat
1678 5312 1884 5378 mortis,
1917 5312 1966 5365 id
1990 5309 2090 5376 est,

516 5401 808 5468 diabolum,
837 5410 892 5455 et
933 5401 1179 5464 liberavit
1203 5415 1300 5456 eos
1326 5403 1421 5471 qui
1446 5403 1637 5458 timore
1666 5405 1852 5458 mortis
1885 5420 1978 5474 per
2007 5415 2092 5460 to-

459 5533 462 5535 .
514 5502 620 5547 tam
673 5496 835 5547 vitam
881 5494 958 5549 rei
1007 5502 1163 5548 erant
1213 5494 1481 5548 servitutis
1531 5494 1710 5565 (Hebr.
1744 5513 1800 5563 ιι,
1833 5498 1920 5562 Η,
1957 5496 2095 5569 15)Ἱ

510 5583 773 5656 Numquid
807 5585 997 5640 timore
1025 5585 1209 5640 mortis
1238 5593 1455 5640 aeterna:
1487 5588 1505 5616 ²
1533 5587 1608 5641 rei
1637 5596 1787 5642 erant
1812 5605 1825 5653 ;
1857 5603 1978 5642 cum
1999 5603 2094 5658 po-

575 5765 600 5832 }
616 5764 904 5832 vigmarms,
923 5776 1016 5813 non
1038 5763 1215 5832 utique.
1231 5770 1323 5813 Nos
1338 5777 1400 5812 ex
1420 5769 1501 5812 Ms.
1523 5772 1783 5826 Portamm,
1799 5778 1895 5816 non
1917 5766 2092 5832 itaque.

575 5826 596 5856 ³
628 5833 722 5875 vox
740 5862 754 5886 ,
792 5831 1017 5886 wternaz,
1039 5825 1225 5875 additur
1253 5840 1317 5876 ex
1341 5834 1423 5876 Ms.
1442 5833 1565 5875 Part.

1239 366 1485 426 OPERIS
1525 365 1938 426 IMPERFECTI
1973 361 2250 420 CONTRA
2287 361 2646 428 JULIANUM,
2687 365 2744 422 S.
2786 365 3157 425 AUGUSTINI

3636 384 3771 447 και

2234 479 2338 573 tius
2366 481 2458 547 qui
2486 493 2604 536 eam
2639 491 2747 538 non
2775 484 3065 552 timuerint,
3093 487 3169 542 rei
3195 486 3364 545 ﬁant!
3390 491 3606 566 Propter
3640 509 3765 573 quod

2229 571 2504 638 Dominus,
2536 589 2604 628 ne
2633 587 2779 630 more
2809 577 2908 630 ista
2943 579 3188 647 corporis
3237 582 3493 654 timeam,
3538 571 3682 662 cuius
3712 599 3770 653 ii.

2185 699 2188 703 .
2225 678 2341 718 mor
2367 663 2491 719 facit
2516 681 2660 732 reos,
2687 666 2781 721 sed
2811 667 2897 722 illa
2927 671 3103 739 potius
3129 675 3468 743 sempiterna,
3497 697 3646 751 quam
3673 703 3765 746 non

2225 757 2482 825 timendo,
2529 759 2665 814 ﬁunt
2711 762 2813 830 rei,
2863 763 3202 833 apertissime
3225 767 3353 822 dicit
3381 788 3399 825 :
3427 771 3768 838 Notitetimn

2221 865 2306 945 eos
2325 851 2410 922 qui
2437 867 2623 945 corpus
2644 854 2905 922 occidunt,
2929 865 2977 910 et
3013 870 3184 927 postea
3209 877 3310 916 non
3335 863 3513 920 lactent
3549 874 3676 940 mpod
3697 881 3768 945 [α.

2221 943 2400 1009 ciant;
2423 943 2512 997 sed
2538 960 2654 998 eum
2683 945 2869 1010 timete,
2883 949 2978 1018 qui
2995 949 3145 1004 habet
3168 959 3458 1020 potestatem
3480 969 3527 1013 et
3549 943 3718 1032 corpus
3732 978 3772 1022 et

2219 1037 2446 1090 animum
2470 1039 2679 1109 perdere
2708 1040 2758 1093 in
2781 1041 3063 1111 gehennam
3086 1043 3235 1117 (Luc.
3263 1063 3358 1114 xn,
3384 1051 3437 1116 4,
3466 1053 3540 1124 5).
3570 1055 3682 1112 Hice
3703 1069 3776 1115 est

2219 1136 2366 1184 certe
2405 1143 2551 1184 mors
2575 1131 2806 1185 secunda
2837 1140 3001 1203 atque
3021 1144 3302 1206 perpetua,
3329 1149 3510 1196 contra
3537 1146 3680 1214 cujus
3717 1151 3775 1203 ti-

2218 1233 2426 1275 morem
2476 1238 2581 1277 non
2633 1231 2842 1279 certant
2881 1227 3075 1294 sancti,
3101 1229 3195 1284 sed
3224 1241 3408 1287 contra
3444 1236 3592 1290 istaut
3619 1243 3773 1308 potius

2217 1315 2458 1383 corporis
2486 1319 2853 1387 temporalem.
2877 1320 3010 1375 Nam
3037 1332 3100 1378 ut
3126 1323 3263 1381 hanc
3291 1329 3522 1398 vincunt,
3556 1333 3690 1388 illam
3711 1339 3774 1392 ti-

2217 1416 2364 1463 ment
2389 1425 2402 1474 ;
2437 1410 2561 1478 quia
2587 1426 2708 1465 cum
2728 1411 2864 1468 hanc
2887 1429 2984 1483 pro
3011 1417 3209 1486 pietate
3239 1428 3294 1474 et
3320 1420 3523 1491 iustitia
3551 1426 3771 1498 vicerint,

2217 1501 2366 1556 illam
2395 1517 2500 1556 non
2529 1504 2790 1570 sentient,
2820 1505 2954 1562 Huic
2983 1523 3130 1579 ergo,
3165 1525 3272 1566 non
3303 1513 3412 1578 illi,
3446 1516 3770 1590 insidiabant,

2213 1592 2488 1656 dicentes;
2525 1595 2625 1651 Ubi
2653 1607 2750 1664 est,
2778 1615 2933 1665 mors,
2965 1601 3178 1658 victoria
3203 1615 3291 1658 tua
3312 1606 3338 1658 .’
3360 1608 3498 1678 quod
3523 1611 3640 1666 alibi
3659 1617 3775 1669 scri-

2215 1695 2362 1758 ptum
2392 1698 2510 1752 est,
2571 1689 2669 1745 Ubi
2708 1693 2802 1757 est,
2842 1707 3009 1760 mors,
3051 1699 3304 1751 contentio
3355 1708 3442 1754 tua
3486 1702 3631 1774 (Osee
3667 1717 3768 1772 xm,

2215 1781 2303 1846 14,
2335 1797 2434 1835 sec.
2463 1781 2634 1854 LXX)
2657 1783 2680 1836 i
2707 1784 2837 1838 Cum
2881 1786 3041 1856 igitur
3083 1787 3241 1858 hujus
3268 1793 3454 1847 mortis
3481 1796 3684 1852 aculeus
3716 1801 3777 1855 sit

2215 1883 2530 1942 peccatum;
2562 1891 2664 1945 qua
2717 1877 2893 1932 fronte
2941 1880 3108 1937 audes
3153 1883 3338 1940 dicere
3363 1925 3376 1950 ,
3433 1899 3536 1941 non
3582 1889 3776 1958 peccato

2215 1964 2374 2033 primi
2403 1965 2634 2021 hominis
2659 1982 2782 2023 esse
2809 1967 3007 2024 factum
3033 1981 3096 2026 ut
3135 1973 3186 2026 in
3218 1974 3314 2029 illo
3339 1989 3368 2028 a
3401 1976 3544 2047 ligno
3567 1980 3681 2032 vitae
3699 1995 3777 2036 se-

2213 2068 2546 2123 pararemur,
2593 2065 2647 2111 et
2692 2067 2868 2114 morte
2900 2061 3061 2115 etiam
3111 2065 3357 2134 corporis
3401 2068 3776 2136 plecteremur?

2211 2148 2347 2216 Quid
2371 2159 2471 2217 est,
2501 2165 2631 2222 rogo
2656 2159 2728 2217 te,
2761 2152 2902 2223 quod
2931 2155 3188 2211 adversus
3215 2157 3518 2216 divinorum
3556 2163 3776 2234 eloquio-

2213 2255 2330 2294 rum
2356 2242 2698 2310 evidentiam,
2729 2244 3030 2301 incredibili
3060 2247 3206 2303 rabie
3237 2255 3542 2320 spumantis
3563 2255 3776 2325 loquaci-

2211 2332 2338 2387 tatis
2369 2333 2635 2402 oblatras,
2685 2344 2932 2406 tanquam
2960 2354 3066 2392 non
3106 2344 3275 2409 possit
3317 2344 3372 2398 in
3417 2345 3510 2400 Dei
3555 2348 3777 2416 paradiso

2209 2425 2386 2479 anima
2411 2433 2498 2479 tua
2531 2427 2777 2484 obtinere
2799 2430 2984 2498 vitam,
3009 2433 3112 2488 nisi
3143 2434 3268 2489 illuc
3300 2437 3653 2495 introduxeris
3678 2451 3777 2496 eor-

2209 2516 2356 2585 poris
2381 2525 2630 2584 mortem,
2665 2533 2788 2573 cum
2817 2529 2896 2575 tot
2914 2530 2969 2576 et
2997 2525 3157 2578 mutis
3177 2527 3545 2595 corporalibus
3572 2531 3774 2600 morbis,

2207 2609 2564 2677 carniﬁcibus,
2600 2613 3024 2680 praecursoribus
3050 2617 3282 2671 mortis?
3309 2620 3542 2676 Attende
3575 2623 3664 2676 tibi
3689 2631 3773 2693 ps-

2209 2700 2332 2766 tius,
2356 2717 2426 2755 ne
2457 2702 2506 2755 in
2531 2702 2705 2757 lotum
2729 2703 3046 2761 deliciarum
3063 2718 3375 2765 sanctarum
3398 2713 3654 2769 mittendo
3671 2728 3778 2769 cor-

2209 2793 2356 2862 poris
2381 2807 2587 2864 poenas,
2621 2804 2676 2849 tu
2705 2796 2818 2867 ipse
2845 2798 3048 2867 pendas
3071 2799 3125 2855 in
3148 2801 3266 2857 loco
3294 2813 3664 2875 perpetuorum
3691 2807 3776 2860 do-

2211 2885 2386 2940 lorum
2409 2895 2463 2943 et
2483 2887 2647 2943 animi
2675 2889 2734 2944 et
2755 2892 3000 2961 corporis
3017 2906 3230 2962 punias.

2277 2997 2413 3055 ιιι.
2455 3000 2571 3057 Jun.
2611 2999 2668 3058 In
2701 3003 2803 3059 hoc
2850 3015 2978 3060 sane
3013 3003 3134 3062 loco
3176 3005 3508 3079 Augustinus
3550 3011 3771 3065 aculeum

2206 3092 2418 3159 mortis,
2470 3097 2748 3163 peccatum
2778 3093 2911 3150 illud
2954 3087 3202 3167 opinatur
3245 3102 3546 3172 antiquum,
3579 3117 3679 3157 non
3705 3102 3778 3157 in-

2207 3181 2451 3255 telligens
2490 3185 2620 3256 quid
2664 3197 2936 3257 sequatur,
2988 3191 3041 3246 id
3082 3201 3184 3259 est,
3245 3193 3408 3248 virtus
3448 3197 3632 3267 peccati
3669 3195 3778 3249 (cx:

2205 3287 2363 3346 quam
2395 3278 2583 3348 legem,
2617 3289 2941 3352 przeceptum
2972 3284 3112 3354 quod
3143 3283 3274 3341 Adae
3307 3291 3537 3358 positum
3571 3297 3666 3354 est,
3693 3281 3778 3346 c6-

2205 3377 2365 3424 natur
2389 3385 2650 3428 asserere.
2668 3371 2776 3429 Sed
2798 3373 2884 3428 illa
2907 3374 2989 3431 lex
3009 3391 3111 3431 non
3139 3377 3236 3434 fuit
3264 3383 3472 3451 peccati
3495 3383 3674 3446 virtus,
3697 3395 3778 3436 ve~

2206 3475 2322 3515 rum
2351 3464 2553 3532 peccati
2595 3479 2780 3536 genus.
2813 3468 2973 3523 Aliud
2999 3465 3082 3525 est
3122 3472 3265 3526 enim
3309 3476 3538 3530 exstanti
3570 3473 3641 3530 rei
3669 3469 3783 3529 dare

2203 3554 2476 3624 virtutem,
2523 3551 2669 3614 aliud
2712 3561 2853 3631 quod
2897 3577 3003 3617 non
3052 3565 3255 3620 exstitit
3311 3581 3617 3637 procreare.
3661 3557 3782 3622 ESllS

2205 3659 2334 3718 ergo
2378 3647 2520 3703 illius
2547 3651 2777 3718 arboris,
2829 3651 2875 3708 si
2921 3668 3026 3709 non
3059 3665 3202 3710 esset
3247 3657 3587 3724 interdictus,
3631 3645 3784 3710 multis

2206 3754 2311 3794 non
2354 3739 2886 3816 l'uisset:postquam
2937 3756 3115 3802 autem
3165 3749 3486 3806 interdictus
3525 3759 3623 3814 est,
3668 3757 3717 3804 ct
3755 3763 3783 3803 a

2205 3832 2642 3902 praevaricatione
2679 3846 2984 3906 usurpalus,
3019 3848 3200 3894 natum
3246 3847 3333 3896 est
3373 3842 3442 3896 ibi
3474 3859 3539 3898 ex
3580 3839 3782 3897 interdi-

2204 3937 2359 3982 cente
2403 3933 2456 3981 et
2492 3939 2866 3984 eontemneute
2908 3937 3495 4004 peceatumzquamvis
3537 3951 3638 3990 non
3677 3934 3786 3990 ideo

2205 4011 2328 4072 data
2371 4017 2457 4072 lex
2497 4017 2704 4084 fuisset,
2735 4029 2793 4074 ut
2828 4021 3269 4092 delinqueretur;
3304 4026 3404 4081 sed
3449 4037 3624 4081 tamen
3657 4025 3784 4080 idem

2206 4107 2471 4172 faciendo,
2507 4109 2557 4165 id
2585 4121 2687 4178 est,
2713 4110 2778 4166 de
2807 4114 2998 4169 arbore
3024 4115 3380 4182 comedendo,
3413 4133 3519 4172 non
3552 4117 3786 4187 deliquis-

2205 4211 2287 4257 set
2318 4203 2500 4268 homo,
2550 4205 2670 4274 quia
2713 4205 2849 4259 bona
2894 4208 3054 4263 arbor
3097 4221 3232 4277 erat,
3265 4201 3590 4284 nisigustos
3635 4211 3790 4280 ejusa

2206 4291 2324 4367 lege
2372 4296 2686 4353 interdictus
2733 4300 2938 4355 fuisset.
2985 4301 3137 4370 Quod
3183 4319 3313 4374 ergo
3358 4321 3457 4376 per
3486 4323 3545 4361 se
3587 4318 3787 4376 pravum

2206 4397 2308 4453 est,
2352 4391 2497 4445 verbi
2545 4393 2713 4461 gratia
2759 4393 3124 4462 parricidium,
3173 4397 3545 4469 sacrilegiuin,
3593 4397 3786 4453 adulte-

2205 4481 2363 4543 rium,
2395 4487 2450 4534 et
2477 4483 2672 4536 malum
2703 4498 2822 4538 esse
2847 4485 3005 4539 etiam
3028 4487 3142 4540 sine
3175 4487 3277 4541 lata
3301 4489 3422 4560 lege
3452 4489 3787 4560 dignoscitur,

2204 4571 2342 4627 bene
2383 4571 2576 4628 dicitur
2617 4575 2753 4644 apud
2798 4578 3252 4647 prmvaricatores,
3307 4584 3400 4652 qui
3447 4583 3790 4655 cupienti’ores

2206 4663 2560 4734 prohibitione
2606 4667 2920 4736 redduntur,
2958 4671 3204 4726 virtutem
3245 4673 3547 4744 acquisisse
3593 4691 3683 4746 per
3718 4661 3790 4729 le-

2203 4765 2322 4829 gent
2353 4776 2364 4810 :
2393 4759 2536 4828 quod
2561 4773 2688 4814 vero
2735 4760 2912 4831 inique
2957 4776 3060 4816 non
3096 4773 3404 4834 usurpatur,
3441 4767 3545 4821 nisi
3586 4751 3793 4821 interdi-

2203 4859 2373 4917 catur,
2398 4866 2566 4921 genus
2598 4851 2664 4905 ibi
2698 4853 2931 4923 proprie,
2975 4869 3078 4909 non
3111 4851 3274 4910 robur
3297 4859 3351 4912 ci
3377 4871 3592 4914 constat
3617 4876 3645 4913 a
3672 4857 3794 4928 legis

2204 4944 2485 4999 occasione
2523 4944 2805 5000 collatum:
2830 4943 3026 5001 Verum
3061 4951 3309 5018 quoniam
3343 4952 3433 5006 hic
3466 4952 3535 5007 fui
3578 4953 3791 5021 longior,

2203 5035 2362 5106 hujus
2390 5053 2600 5109 quoque
2647 5037 2766 5092 libri
2812 5035 2916 5094 ﬁne
2953 5055 3268 5097 commoneo
3298 5043 3561 5100 lectorem
3605 5061 3793 5108 meum,

2202 5137 2258 5181 ut
2285 5129 2566 5197 vigilanter
2587 5129 2853 5201 inspiciat,
2891 5129 3086 5186 nullum
3119 5134 3168 5188 in
3203 5135 3317 5205 lege
3353 5137 3447 5191 Dei
3471 5138 3819 5207 occasionem,

2200 5217 2506 5276 Mauicluuie
2563 5223 2848 5292 impietatis
2893 5221 3118 5290 oll‘endi;
3167 5227 3258 5280 sed
3298 5228 3342 5281 si
3402 5245 3508 5299 qua
3557 5240 3796 5300 putantur

2201 5315 2466 5384 ambigua,
2499 5315 2789 5375 secundum
2814 5321 3023 5386 regulas
3052 5319 3288 5373 veritatis
3317 5329 3480 5391 atque
3512 5323 3728 5376 rationis
3747 5330 3796 5374 et

2201 5408 2401 5476 extmni
2447 5421 2622 5478 posse,
2671 5419 2720 5463 et
2747 5410 2964 5478 justiti-.0
2995 5411 3279 5464 couvcnit‘c
3325 5430 3434 5466 non
3477 5414 3701 5467 dubitet.
3734 5409 3796 5466 Et
3837 5411 3844 5418 ’

2168 5493 2320 5580 ‘il'los
2355 5509 2482 5569 ergo
2511 5501 2598 5567 qui
2629 5499 2832 5565 dicunt,
2863 5501 2975 5554 Non
3009 5515 3100 5570 per
3129 5501 3407 5557 Christum
3445 5506 3548 5558 erit
3571 5518 3795 5558 resurre-

2199 5595 2306 5648 ctio
2344 5606 2698 5659 mortuorum,
2741 5605 2794 5650 et
2838 5597 2966 5649 istos
3009 5597 3097 5666 qui
3135 5609 3386 5650 asserunt
3425 5615 3581 5668 :cque
3620 5611 3794 5653 contra

2198 5687 2539 5755 Apostolum,
2573 5705 2678 5743 non
2707 5699 2900 5743 nostra:
2926 5700 3129 5744 natura:
3149 5704 3346 5760 corpus
3364 5689 3621 5746 habuisse
3645 5690 3796 5743 Chri-

2199 5789 2378 5846 stum,
2437 5797 2531 5852 per
2587 5780 2728 5852 quod
2782 5781 3190 5836 Manichaeorum
3244 5783 3378 5837 scita
3435 5792 3792 5846 venerantur;
