3994 6470
182 485 371 544 eodem
401 490 454 540 et
476 480 564 555 qui
606 479 706 552 legi
735 478 829 536 Dei
855 477 1312 551 congruatvigore
1333 477 1676 535 damnamus‘

253 577 389 633 Anc.
432 573 548 646 Ego
573 587 843 644 nunquam
870 572 977 627 dixi
1002 587 1118 628 eam
1160 571 1350 642 legem,
1381 586 1499 642 qua:
1535 571 1587 626 in
1616 585 1772 641 para-

183 667 300 724 diso
337 668 460 723 data
507 675 610 734 est,
639 657 950 736 Apostolum
982 663 1326 736 signiﬁcasse,
1360 665 1447 720 ubi
1490 663 1582 729 ait,
1616 665 1771 717 virtus

184 761 378 833 peccati
402 760 502 816 lex.
532 757 748 813 Frustra
795 772 922 830 ergo
954 756 1210 813 adversus
1239 771 1346 824 me,
1381 765 1628 824 tanquam
1669 754 1772 810 hoc

183 854 435 919 dixerim,
469 860 523 906 tu
564 849 728 906 multa
767 841 966 905 dixisti.
996 848 1260 903 Virtutem
1288 861 1517 918 namque
1543 843 1768 917 peceati,

179 944 290 1016 jam
333 942 548 1015 quidem
579 941 872 1008 existentis,
922 939 1016 996 sed
1059 940 1234 994 minus
1278 939 1604 1010 operantis',
1654 951 1770 993 eam

185 1038 360 1108 legem
396 1050 609 1106 semper
637 1033 895 1101 intellexi,
923 1033 988 1089 de
1017 1048 1116 1104 qua
1148 1030 1289 1088 idem
1316 1031 1606 1102 apostolus,
1640 1030 1776 1098 Quid

185 1147 304 1200 ergo
354 1127 598 1195 dicemus,
641 1125 849 1198 inquit?
891 1125 999 1182 Lex
1042 1135 1298 1197 peccatum
1337 1125 1452 1178 est?
1477 1122 1618 1179 Absit
1645 1116 1776 1178 :‘sed

186 1227 448 1293 peccatum
488 1232 591 1274 non
637 1218 847 1290 cognovi
890 1217 988 1272 nisi
1014 1233 1104 1289 per
1142 1217 1320 1289 legem.
1357 1213 1496 1268 Nam
1537 1215 1777 1284 concupi-

185 1313 428 1367 scentiam
457 1311 753 1378 nesciebam,
790 1309 890 1365 nisi
926 1308 1008 1364 lea:
1031 1305 1234 1372 diceret,
1272 1304 1395 1362 Non
1435 1307 1772 1377 concupisces.

190 1403 470 1458 Occasione
487 1412 651 1458 autent
679 1409 904 1473 accepta,
932 1411 1188 1474 peccatum
1217 1417 1306 1473 per
1334 1397 1627 1453 mandatum
1653 1413 1776 1468 ope-

185 1506 355 1551 ratum
380 1506 454 1550 est
481 1495 534 1550 in
560 1511 639 1549 me
665 1511 862 1549 onmem
905 1494 1359 1564 concupiscentiam
1388 1489 1562 1564 (Rom.
1599 1505 1689 1555 vlt,
1721 1489 1774 1559 7,

185 1587 262 1664 8).
292 1589 432 1646 Ecce
453 1589 720 1660 quomodo
746 1596 826 1643 est
849 1588 1016 1642 virtus
1037 1587 1239 1658 peccati
1271 1587 1361 1641 lex
1387 1603 1400 1641 τ
1429 1583 1605 1640 minus
1635 1584 1778 1641 enim

184 1684 508 1754 operabatur
545 1689 843 1754 peccatum,
873 1679 1086 1752 quando
1109 1679 1602 1751 prmvaricatiunent
1644 1693 1779 1733 nun-

185 1771 311 1831 dum
351 1775 693 1846 operabatur,
740 1775 861 1844 quia
905 1768 1003 1828 lex'
1037 1769 1273 1827 nondum
1321 1770 1441 1826 data
1481 1779 1598 1829 erat
1633 1785 1646 1824 :
1681 1769 1778 1826 (lbi

185 1866 319 1922 enim
347 1867 432 1921 (ea:
466 1883 566 1920 non
609 1873 699 1933 est,
732 1881 822 1919 nec
855 1862 1206 1930 prwvaricatio
1235 1863 1348 1931 (Id.
1380 1879 1456 1930 tv,
1490 1862 1600 1933 15).
1637 1863 1781 1918 Non-

184 1959 309 2015 dum
323 1973 456 2030 ergo
480 1967 596 2015 erat
615 1958 787 2012 omnis
803 1954 1255 2025 concupiscentia,
1288 1963 1570 2022 antequam
1595 1954 1778 2024 prohi-

184 2049 389 2108 bitione
433 2049 512 2106 sic
549 2057 837 2114 cresceret,
881 2057 1095 2120 tamque
1135 2047 1288 2103 fortis
1318 2047 1490 2113 ﬂeret,
1529 2059 1586 2103 ut
1615 2047 1779 2118 ipsius

185 2142 586 2214 prohibitionis,
624 2157 727 2214 qua
753 2152 1017 2207 creverat,
1040 2141 1308 2196 vinculum
1344 2151 1635 2212 rumperet.
1671 2140 1781 2197 Hoc

186 2244 239 2292 et
289 2245 342 2290 te
389 2236 564 2306 ipsum
609 2233 750 2289 scire
796 2233 1126 2298 monstrasti,
1179 2232 1345 2287 multa
1388 2230 1440 2287 iu
1482 2229 1619 2287 hanc
1652 2247 1779 2288 sen-

188 2327 411 2382 tentiam
435 2324 752 2381 disserendo
778 2343 790 2378 :
820 2325 1063 2396 quamvis
1098 2333 1159 2379 ut
1184 2323 1286 2379 hoc
1314 2323 1645 2391 ostenderes,
1678 2325 1780 2379 alia

185 2419 366 2490 potius
391 2418 682 2475 adhibuisti
709 2419 1013 2474 testimonia
1043 2417 1354 2488 apostolica,
1399 2433 1506 2473 non
1551 2417 1652 2474 hoc
1677 2433 1782 2490 quo

186 2528 285 2586 ego
312 2529 460 2570 nunc
484 2529 614 2569 usus
639 2528 794 2578 sum;
825 2513 1053 2570 fortasse
1091 2513 1231 2580 ideo,
1268 2527 1337 2568 ne
1367 2523 1641 2584 peccatum
1664 2513 1784 2570 esse

185 2608 679 2680 concupiscentiam
717 2605 982 2662 fatereris.
1017 2606 1368 2677 Apertissime
1399 2607 1594 2678 quippe
1638 2607 1783 2661 illam

185 2699 576 2756 demonstravit
613 2711 734 2754 esse
760 2708 1057 2770 peccatum,
1086 2697 1177 2768 qui
1202 2697 1353 2764 dixit,
1377 2698 1521 2768 quod
1545 2712 1783 2753 comme-

185 2791 394 2848 moravi
425 2809 440 2846 :
468 2790 743 2846 Peccatum
786 2807 888 2844 non
937 2789 1178 2860 cognovi,
1226 2789 1326 2842 nisi
1367 2805 1456 2859 per
1500 2787 1678 2860 legem.
1716 2787 1784 2843 Et

183 2887 342 2941 velut
397 2896 757 2955 quatrcremus
811 2880 956 2953 quod
999 2889 1276 2952 peccatum
1307 2898 1320 2934 :
1349 2880 1490 2934 Nam
1543 2882 1790 2954 concapi:

185 2978 453 3044 scentiam,
485 2975 674 3048 inquit,
705 2974 1003 3039 nesciebam,
1033 2972 1130 3028 nisi
1159 2975 1243 3028 lea:
1267 2973 1471 3037 diceret,
1508 2971 1632 3027 Non
1661 2989 1784 3027 con-

184 3071 434 3139 cupisces.
465 3066 588 3122 Haec
608 3067 767 3138 igitur
792 3064 1242 3135 concepiscentia,
1275 3065 1455 3136 utique
1485 3065 1645 3131 mala,
1681 3077 1786 3134 qua
1847 3070 1850 3074 '

185 3176 318 3217 caro
366 3159 698 3229 concupiscit
751 3157 1007 3212 adversus
1061 3157 1327 3228 Spiritum,
1380 3156 1616 3211 nondum
1669 3165 1786 3211 erat

185 3235 312 3310 ante
351 3252 512 3325 primi
541 3250 774 3307 hominis
797 3249 926 3306 illud
960 3250 1161 3321 grande
1193 3259 1470 3321 peccatum
1497 3267 1514 3304 :
1540 3249 1635 3306 sed
1664 3263 1786 3306 esse

189 3356 317 3402 tunc
344 3345 531 3416 cmpit,
572 3351 922 3414 naturamque
949 3343 1255 3396 humanam
1279 3350 1529 3413 tanquam
1577 3341 1628 3396 iu
1675 3349 1787 3396 tra-

187 3439 326 3496 duce
346 3439 368 3471 ³
399 3439 626 3503 vitiavit,
669 3437 810 3493 unde
851 3435 1012 3491 trahit
1039 3435 1299 3505 originale
1327 3444 1625 3505 peccatum.
1652 3434 1787 3491 Cum

189 3533 277 3589 illa
301 3532 506 3604 quippe
532 3531 707 3587 omnis
738 3529 900 3586 homo
931 3530 1168 3585 nascitur
1192 3547 1206 3584 :
1235 3544 1334 3584 nec
1355 3529 1512 3598 hujus
1537 3531 1789 3599 concupi-

188 3625 414 3682 scentiae
464 3632 685 3689 reatus,
723 3623 824 3678 nisi
864 3621 918 3676 in
964 3621 1371 3677 renascentibus
1419 3621 1682 3686 solvitur,
1733 3629 1790 3675 ut

189 3731 256 3773 eo
309 3723 437 3786 post
477 3715 616 3770 hanc
677 3711 1071 3768 absolutionem
1125 3725 1231 3765 non
1285 3711 1627 3781 inquinetur,
1685 3711 1789 3766 nisi
1849 3731 1852 3734 ’

188 3810 280 3881 qui
310 3809 363 3865 ei
394 3807 462 3863 ad
491 3805 906 3880 perpetrandum
933 3819 1068 3875 opus
1097 3803 1318 3871 malum,
1352 3804 1538 3874 spiritu
1589 3803 1786 3858 adver-

188 3921 281 3964 sus
327 3918 451 3961 eam
477 3902 560 3959 vel
585 3918 690 3958 non
718 3901 1148 3971 concupiscente,
1187 3899 1272 3955 vel
1301 3913 1405 3953 non
1455 3897 1648 3953 fortius
1670 3913 1790 3954 con-

187 3998 529 4068 cupiscente,
558 3996 844 4052 consentit.
883 3993 1106 4061 Addunt
1140 4007 1270 4064 ergo
1300 3991 1442 4047 vires
1467 3991 1641 4046 eidem
1670 4003 1791 4048 eon-

189 4090 540 4160 cupiscentia:
567 4096 804 4160 peccata,
829 4101 946 4157 quae
987 4084 1247 4142 accedunt
1272 4083 1486 4156 pr0pria
1513 4082 1789 4138 voluntate

191 4184 559 4254 peccantium,
604 4190 659 4237 et
697 4182 810 4252 ipsa
838 4177 1170 4236 consuetudo
1195 4177 1474 4248 peccandi,
1518 4191 1638 4246 quas
1681 4190 1791 4230 non

191 4274 395 4330 frustra
445 4274 548 4329 dici
578 4273 717 4329 solet
763 4271 991 4328 secunda
1023 4278 1251 4325 natura:
1277 4268 1371 4324 sed
1403 4283 1472 4323 ne
1514 4276 1643 4323 tunc
1683 4269 1793 4338 qui-

189 4367 317 4423 dem
356 4366 535 4422 omnis
573 4373 655 4422 est
695 4363 1147 4435 concupiscentia.
1201 4360 1392 4417 Adhuc
1439 4361 1580 4416 enim
1633 4359 1793 4416 habet

190 4475 300 4532 quo
341 4466 586 4524 crescat;
625 4458 872 4529 quoniam
915 4457 1091 4511 minor
1137 4463 1239 4521 est,
1299 4454 1552 4526 quamdiu
1594 4469 1698 4508 non
1759 4469 1791 4509 a

190 4553 443 4618 sciente,
488 4551 582 4606 sed
621 4551 687 4606 ab
731 4550 1008 4622 ignorante
1051 4555 1321 4618 peccatur.
1370 4546 1497 4602 ldeo
1549 4561 1654 4602 non
1694 4547 1788 4610 ait,

191 4643 318 4700 Non
350 4643 651 4707 habebam;
680 4641 796 4709 sed,
844 4639 1145 4715 Nesciebam
1187 4638 1660 4708 concupiscentiam,
1692 4638 1792 4692 nisi

192 4737 279 4792 (ea:
326 4735 536 4801 diceret,
585 4732 705 4788 Non
767 4731 1106 4802 concupisces.
1177 4728 1453 4783 Occasione
1513 4739 1679 4784 autem
1704 4745 1793 4783 ac-

189 4837 367 4899 cepta,
421 4835 676 4894 peccatum
719 4840 809 4895 per
849 4822 1145 4876 mandatum
1181 4821 1459 4892 'Operatum
1501 4829 1574 4874 est
1620 4821 1674 4874 in
1714 4837 1796 4876 me

187 4935 405 4975 omnem
453 4915 928 4984 concupiscentiam.
977 4912 1163 4968 Omnis
1218 4921 1302 4967 est
1343 4911 1484 4966 enim
1534 4912 1791 4980 concum-

187 5009 430 5075 scentia,
470 5007 678 5078 quando
695 5005 963 5076 prohibita
1002 5004 1454 5072 concupiscuntur
1491 5002 1789 5071 ardentius,

187 5111 243 5159 et
277 5110 498 5173 peccata
531 5101 640 5170 jam
687 5099 918 5168 cognita,
961 5097 1274 5168 ignorantia:
1319 5095 1522 5150 sublata
1565 5110 1792 5151 excusa-

192 5197 367 5258 tione,
397 5201 450 5248 ct
477 5190 764 5246 accedente
787 5190 920 5259 legis
947 5187 1407 5258 praevaricatione,
1442 5189 1791 5243 committun-

190 5294 285 5342 tur
307 5283 614 5340 immanius.
644 5281 798 5340 Unde
823 5281 908 5336 lex
940 5280 1058 5346 Dei,
1091 5277 1230 5350 apud
1259 5293 1353 5334 eos
1392 5295 1525 5351 quos
1557 5295 1660 5334 non
1689 5280 1787 5336 ad-

220 5628 232 5639 .
260 5568 280 5599 ί
307 5573 409 5637 βοο
441 5563 550 5614 loco
580 5565 632 5614 in
653 5564 988 5628 manuscriptis
1007 5563 1283 5627 subjicitur:
1311 5561 1519 5627 Explicit
1558 5562 1678 5615 liber
1699 5574 1788 5616 Ju-

193 5630 378 5761 éaznéx
402 5690 740 5751 manuscriptis
762 5688 855 5738 hoc
875 5687 982 5738 loco
1014 5688 1232 5738 addimus
1247 5723 1262 5746 ,
1303 5688 1389 5738 sed
1411 5688 1569 5739 minus
1591 5703 1790 5754 operan-

193 5760 286 5847 m3
307 5815 458 5873 Fditi,
491 5819 743 5876 Διαιιφλιξδη
800 5812 1065 5863 traducem.
1125 5821 1178 5862 At
1226 5823 1330 5876 \Iss.
1369 5813 1486 5862 alar.
1537 5823 1587 5863 ct
1639 5823 1784 5876 Nam,

200 5883 436 5939 tanquam
482 5873 542 5951 in.
579 5873 798 5927 traduce.
848 5882 972 5925 Port.
992 5913 1006 5933 .
1054 5881 1280 5940 tanquam
1314 5875 1366 5926 iu
1407 5876 1676 5928 traducem.

1523 357 1724 419 LIBER
1763 351 2060 421 SEXTUS.

3323 365 3466 431 1606

1875 477 2023 548 juvat
2051 478 2216 550 gratia
2251 480 2345 535 Dei
2373 495 2469 552 per
2505 479 2713 553 Agnum
2743 480 2839 540 Dei
2865 485 2952 556 qui
2983 485 3122 541 tollit
3155 489 3464 557 peccatum‘

1879 569 2080 638 mundi,
2109 589 2214 628 non
2240 574 2503 630 correctio
2535 577 2821 645 peccantis,
2845 575 2947 632 'sed
2979 579 3144 634 virtus
3174 581 3351 649 potius
3385 587 3467 637 est

1878 663 2016 720 dicta
2054 669 2274 734 peccati.
2320 668 2386 722 Et
2426 667 2546 723 ideo
2594 684 2714 723 cum
2765 669 3006 738 dixisset,
3061 672 3228 729 Virtus
3271 676 3465 744 peccati

1880 753 1981 832 lex,
2015 766 2261 828 tanquam
2291 759 2725 829 responderetur,
2776 760 2911 828 Quid
2943 773 3073 831 ergo
3110 763 3384 832 faciemus,
3418 766 3466 825 si

1881 857 2156 918 peccatum
2206 865 2304 907 nec
2350 851 2465 923 lege
2510 853 2733 920 tollitur,
2773 855 2866 910 sed
2911 857 3173 924 augetur?
3214 861 3468 917 continuo

1880 937 2168 1012 subjicicns
2202 945 2288 1000 ubi
2333 960 2458 1015 spes
2482 946 2673 1001 debeat
2697 960 2818 1002 esse
2847 948 3211 1003 certantibus:
3236 949 3462 1017 Gratius,

1880 1031 2069 1104 inquit,
2107 1034 2216 1090 Dea
2242 1037 2328 1107 qui
2368 1037 2502 1090 dedit
2542 1036 2682 1092 nobis
2727 1038 3030 1104 victoriam;
3055 1040 3160 1103 vel,
3201 1041 3340 1096 sicut
3378 1043 3469 1099 alii

1879 1127 2088 1183 codices
2121 1127 2335 1197 habent,
2377 1136 2517 1200 quod
2557 1139 2610 1184 et
2637 1132 2794 1200 graeci
2838 1133 3052 1198 habent,
3085 1135 3171 1203 qui
3209 1134 3296 1188 dat
3324 1135 3469 1191 nobis

1879 1221 2139 1274 victoriam
2176 1239 2264 1289 per
2288 1223 2562 1278 Dominum
2600 1231 2829 1280 nostrum
2855 1224 3030 1280 Jesttm
3057 1227 3330 1282 Christum.
3363 1227 3471 1284 Ve-

1879 1309 2090 1367 rissime
2134 1329 2352 1382 prorsus
2383 1333 2395 1368 :
2432 1314 2494 1370 Si
2531 1315 2666 1370 enim
2695 1315 2818 1370 data
2855 1328 2982 1371 esset
3013 1316 3113 1386 lex,
3155 1333 3270 1390 quis
3304 1329 3471 1388 posset

1879 1405 2154 1475 viviﬁcarc,
2188 1408 2396 1461 omnino
2439 1423 2502 1462 ea:
2536 1409 2642 1479 lege
2680 1418 2807 1464 esset
2840 1409 3047 1482 justitia
3070 1426 3089 1464 :
3115 1411 3204 1466 sed
3229 1413 3470 1466 conclusit

1882 1493 2153 1567 Scriptura
2183 1499 2351 1552 omnia
2375 1499 2464 1554 sub
2492 1510 2715 1570 peccato,
2743 1511 2799 1556 ut
2828 1502 3098 1573 prondssio
3130 1517 3193 1556 ea:
3220 1503 3321 1572 ﬁde
3344 1503 3472 1560 Iesu

1883 1589 2068 1644 Christi
2117 1587 2323 1644 darelur
2379 1591 2691 1646 credentibus
2739 1591 2932 1663 (Galat.
2978 1608 3054 1660 ιη,
3099 1593 3160 1649 21
3187 1595 3373 1666 ηεξ).
3408 1596 3473 1650 lli

1882 1683 2026 1737 enim
2071 1692 2193 1738 sunt
2240 1682 2332 1738 ﬁlii
2381 1684 2748 1753 promissionis
2792 1694 2846 1741 et
2887 1699 3012 1741 vasa
3066 1689 3470 1758 misericordia,

1881 1778 2073 1847 Quibus
2112 1777 2232 1832 ideo
2269 1778 2388 1832 data
2419 1787 2502 1833 est
2543 1779 2825 1848 promissio
2865 1795 2931 1836 ex
2957 1780 3063 1836 ﬁde
3095 1781 3219 1837 Jesu
3249 1782 3469 1851 Christi,

1881 1869 2002 1941 Quia
2031 1871 2447 1926 misericordiam
2478 1874 2750 1927 consecuti
2788 1880 2930 1939 sunt,
2964 1885 3020 1928 ut
3049 1873 3232 1929 ﬁdeles
3267 1881 3472 1944 essent,

1882 1961 2022 2032 quod
2054 1961 2216 2018 etiam
2238 1961 2304 2017 de
2325 1976 2382 2017 se
2401 1965 2516 2032 ipso
2537 1963 2664 2018 dicit
2689 1965 2978 2033 Apostolus
3001 1964 3047 2032 (l
3069 1965 3187 2019 Cor.
3220 1977 3312 2030 vn,
3333 1965 3432 2036 25)
3457 1984 3470 2021 :

1884 2069 1951 2108 ne
1981 2054 2061 2109 vel
2093 2055 2201 2124 ipsa
2231 2054 2383 2118 lides,
2415 2071 2480 2110 ex
2501 2070 2605 2127 qua
2632 2055 2834 2127 incipit,
2860 2063 2914 2112 et
2940 2057 3006 2112 ad
3035 2073 3193 2128 quam
3218 2060 3473 2128 refertur,

1883 2144 2139 2215 quidquid
2192 2155 2550 2218 temperanter
2599 2156 2651 2203 et
2671 2148 2815 2219 juste
2863 2157 2916 2204 et
2966 2147 3051 2219 pie
3093 2151 3348 2220 gerimus,
3403 2153 3475 2210 ita

1887 2237 2150 2293 tribuatur
2194 2247 2390 2294 nostra:
2433 2240 2724 2297 voluntatis
2771 2241 3013 2309 arbitrio,
3067 2252 3317 2314 tanquam
3367 2253 3474 2302 nun

1887 2329 2041 2384 nobis
2073 2330 2182 2386 Deo
2226 2331 2514 2386 miserante
2549 2331 2809 2400 donetur;
2841 2347 2872 2388 a
2901 2347 3008 2402 quo
3033 2335 3190 2389 etiam
3229 2335 3479 2393 voluntas

1858 2419 2022 2491 ipsa,
2077 2422 2217 2477 sicut
2259 2424 2515 2492 scriptum
2573 2430 2675 2490 est,
2733 2433 3062 2495 praeparatur
3109 2425 3307 2496 (Prae.
3358 2443 3474 2494 vin,

1887 2529 1986 2568 sec.
2018 2513 2204 2588 LXX).
2237 2513 2395 2572 Unde
2431 2525 2612 2570 sancta
2640 2517 2877 2572 Ecclesia
2910 2533 3006 2587 per
3045 2531 3140 2574 ora
3168 2521 3476 2592 suppiican-

1889 2607 2020 2662 tium
2061 2609 2396 2664 sacerdotum
2448 2623 2553 2663 non
2594 2610 2766 2663 solum
2804 2621 2904 2679 pro
2929 2608 3191 2678 ﬁdelibus,
3237 2621 3294 2666 ut
3321 2611 3374 2667 in
3413 2629 3481 2667 eo

1889 2701 2030 2770 quod
2055 2701 2303 2769 credunt,
2329 2687 2707 2773 perseverante
2728 2703 2926 2774 pietate
2949 2717 3057 2760 non
3083 2705 3354 2771 deﬁciant,
3383 2721 3478 2762 vc-

1889 2805 2008 2848 rum
2053 2794 2212 2848 etiam
2248 2809 2346 2864 pro
2377 2793 2678 2850 inﬁdelibus
2719 2799 2854 2860 orat,
2901 2804 2958 2850 ιιι
2982 2795 3224 2851 credant.
3268 2797 3348 2870 Ex
3375 2811 3481 2868 quo

1889 2887 2032 2942 enim
2065 2899 2161 2957 per
2189 2886 2481 2942 humanum
2504 2888 2729 2943 liberum
2751 2888 3033 2944 arbitrium
3059 2889 3226 2944 Adam
3256 2893 3483 2946 eorumi-

1891 2981 1960 3036 sit
1995 2980 2124 3036 illud
2151 2980 2351 3052 grande
2383 2991 2680 3050 peccatum,
2711 2989 2768 3036 et
2795 2995 2955 3036 omne
2991 2993 3161 3050 genus
3189 2982 3480 3037 humanum

1893 3071 1946 3127 in
1973 3087 2257 3127 commune
2283 3072 2554 3126 damnavit
2577 3071 2860 3144 (Chrysost.
2906 3070 3072 3143 Epist.
3113 3072 3182 3125 ad
3217 3071 3484 3144 Olympia-

1891 3163 2054 3236 dem),
2086 3165 2154 3220 ab
2179 3163 2278 3219 hac
2299 3163 2570 3219 communi
2595 3163 2934 3219 damnatione
2963 3163 3207 3218 homines
3237 3166 3482 3235 quicum-

1891 3272 1994 3330 que
2023 3257 2336 3323 liberantur,
2371 3258 2581 3311 nonnisi
2610 3258 2785 3312 divina
2827 3259 2996 3329 gratia
3028 3267 3082 3314 et
3115 3259 3485 3318 misericordia

1892 3349 2219 3416 liberantur;
2251 3358 2304 3404 et
2340 3349 2592 3420 quidquid
2619 3350 2704 3405 lex
2740 3349 2830 3406 Dei
2850 3349 3023 3420 jubet,
3057 3352 3272 3407 nonnisi
3299 3367 3364 3408 eo
3392 3353 3484 3425 qui

1887 3442 2041 3513 jubet
2081 3441 2384 3513 adjuvante,
2417 3442 2731 3512 inspirante,
2763 3441 2997 3498 donante
3024 3443 3324 3514 completur
3350 3461 3364 3500 :
3391 3445 3484 3516 qui

1893 3544 2111 3606 rogatur
2149 3543 2205 3590 ut
2235 3545 2601 3606 permaneant,
2645 3545 2701 3590 ut
2732 3536 3030 3606 proﬁciant,
3061 3545 3117 3592 ut
3141 3538 3485 3608 perﬁciantur

1894 3627 2077 3682 fideles
2093 3641 2120 3691 ξ
2141 3627 2226 3697 qui
2249 3635 2470 3697 rogatur
2495 3628 2654 3682 etiam
2685 3635 2742 3683 ut
2770 3628 2990 3685 credere
3011 3630 3265 3702 incipiant
3291 3632 3482 3688 inﬁde-

1895 3719 1994 3774 les.
2027 3721 2170 3788 Qnas
2201 3721 2450 3777 Ecclesia:
2475 3732 2672 3778 sancttn’
2700 3735 2889 3794 preces
2917 3733 3027 3780 toto
3054 3721 3330 3782 terrarum.
3353 3728 3486 3784 orbe

1895 3822 2199 3868 crescentes
2247 3823 2300 3868 et
2341 3814 2623 3881 ferventes,
2675 3817 2980 3886 opprimere
3033 3831 3095 3875 ac
3141 3822 3484 3894 exstinguere

1895 3905 2138 3972 cupiunt,
2179 3905 2267 3976 qui
2310 3915 2498 3962 contra
2534 3906 2697 3962 istam
2726 3908 2824 3964 Dei
2861 3910 3083 3981 gratiam
3112 3910 3359 3969 humanae
3386 3930 3485 3970 vo-

1895 3999 2112 4052 luntatis
2151 3999 2450 4068 arbitrium,
2499 4008 2560 4056 ut
2608 4003 2822 4074 gravius
2869 4003 2940 4059 de
2977 4005 3086 4060 alto
3128 4007 3486 4078 praecipitent,

1896 4091 2160 4146 extollunt
2197 4093 2392 4160 potius,
2422 4109 2581 4163 quam
2609 4093 2923 4151 detendunt.
2959 4094 3017 4152 in
3039 4097 3232 4167 quibus
3257 4110 3485 4156 conten-

1897 4187 2091 4242 tiosum
2121 4187 2294 4242 locum
2325 4187 2408 4242 vel
2441 4188 2559 4252 soli,
2585 4189 2668 4243 vel
2702 4191 2970 4260 pra-cipue
2990 4205 3086 4246 vos
3117 4193 3308 4247 tenetis
3322 4194 3366 4263 ',
3395 4194 3488 4265 qui

1897 4277 2164 4333 Christum
2190 4278 2373 4334 .lesum
2396 4281 2630 4350 parvulis
2657 4297 2760 4336 non
2790 4283 2952 4336 vultis
2979 4298 3098 4339 esse
3121 4283 3324 4349 Jesum,
3351 4300 3487 4356 quos

1897 4371 2043 4425 nullo
2071 4379 2289 4441 peccato
2319 4372 2562 4442 originali
2589 4373 2931 4429 attaminatos
2967 4390 3088 4430 esse
3121 4377 3482 4433 contenditis:

1896 4476 2017 4516 cum
2047 4462 2136 4517 ille
2162 4472 2443 4534 propterea
2468 4463 2624 4519 Jesus
2669 4464 2966 4534 appellatus
3006 4466 3095 4531 sit,
3126 4466 3249 4536 quia
3276 4467 3484 4524 salvum

1896 4553 2023 4610 fecit
2044 4557 2293 4625 populum
2322 4572 2500 4624 suum,
2528 4571 2632 4610 non
2659 4573 2689 4610 a
2711 4557 3076 4627 corporalibus
3099 4559 3321 4628 morbis,
3350 4577 3486 4631 quos

1897 4655 1952 4702 et
1986 4647 2040 4701 in
2064 4648 2261 4716 popqu
2289 4664 2393 4700 non
2434 4662 2532 4701 suo
2570 4662 2758 4702 sanare
2785 4650 3084 4716 consuevit,
3114 4650 3210 4706 sed
3239 4667 3268 4706 a
3297 4668 3486 4722 peccas

1899 4739 1966 4794 tis
1989 4753 2170 4793 comm
2197 4737 2421 4808 (Matth.
2453 4753 2490 4804 t,
2511 4737 2627 4808 2|).
2668 4740 2920 4806 Quamvis
2955 4755 3084 4810 ergo
3113 4743 3400 4811 Apostolus
3431 4744 3484 4801 in

1901 4847 1964 4884 eo
1981 4831 2118 4900 quod
2147 4831 2238 4902 ait,
2278 4829 2493 4885 Aculeus
2519 4841 2684 4884 autem
2721 4833 2896 4886 mortis
2925 4843 2997 4888 est
3024 4847 3298 4904 peccatum,
3336 4839 3482 4896 illam

1899 4923 2015 4979 sine
2047 4924 2394 4993 ambiguitate
2428 4925 2752 4993 expresserit
2794 4935 3042 4991 mortem,
3085 4943 3205 4998 quae
3247 4945 3486 4990 resurre.

1898 5015 2063 5071 ctioni
2090 5017 2350 5085 corporis,
2393 5017 2460 5071 de
2485 5031 2586 5087 qua
2628 5017 2960 5087 loquebatur,
3008 5022 3250 5089 opposita
3286 5033 3388 5090 est,
3433 5026 3484 5082 id

1897 5121 1997 5176 est,
2029 5112 2269 5180 corporis
2299 5121 2554 5176 mortem;
2589 5111 2701 5180 ipsa
2742 5112 2883 5166 enim
2908 5111 3282 5169 absorbebitur
3321 5117 3371 5170 in
3403 5118 3484 5172 vi-

1899 5205 2142 5269 ctoriam,
2189 5203 2403 5273 quando
2450 5217 2678 5272 corpore
2721 5203 2985 5274 spirituali
3031 5216 3348 5276 resurgente
3369 5210 3482 5277 jam

1900 5311 2004 5350 non
2033 5296 2152 5358 erit,
2181 5295 2303 5365 quia
2348 5294 2718 5349 immortalitas
2749 5297 2907 5351 etiam
2936 5299 3180 5368 corporis
3207 5301 3330 5364 erit,
3364 5316 3484 5369 qua:

1901 5389 2045 5442 nullo
2087 5396 2306 5457 peccato
2343 5387 2505 5456 possit
2543 5388 2752 5442 amitti:
2782 5397 2956 5443 tamen
3003 5391 3055 5444 in
3098 5404 3166 5444 eo
3201 5390 3344 5460 quod
3393 5406 3486 5447 se.

1898 5488 2052 5534 cutus
2091 5478 2352 5549 adjuuxit,
2409 5476 2582 5532 Virtus
2611 5494 2726 5532 vero
2764 5481 2978 5550 peccati,
3008 5481 3111 5545 lex,
3158 5496 3264 5535 non
3310 5482 3485 5552 legem

1897 5571 2233 5640 signiﬁcavit,
2261 5586 2380 5640 quae
2409 5569 2530 5624 data
2563 5581 2644 5625 est
2672 5572 2722 5625 in
2754 5571 2998 5641 paradiso
3023 5589 3036 5638 ;
3067 5571 3155 5627 illa
3185 5573 3327 5628 enim
3354 5588 3482 5644 pec-

1898 5665 2024 5730 cati,
2046 5663 2187 5733 quod
2209 5663 2412 5716 nullum
2443 5663 2618 5718 adhuc
2645 5673 2776 5730 erat,
2799 5664 2967 5720 virtus
2989 5679 3106 5721 csse
3135 5678 3239 5720 non
3263 5674 3485 5737 posset;

1963 5819 1979 5849 ί
2004 5825 2076 5866 Sic
2097 5823 2203 5866 Mss.
2229 5823 2280 5866 tn
2302 5818 2460 5881 \'ign.,
2486 5822 2696 5878 peccata.

1961 5883 1982 5911 ³
2005 5886 2078 5929 Sic
2099 5887 2204 5930 Mss.
2231 5895 2280 5929 tu
2306 5883 2458 5943 V’ign.,
2481 5887 2702 5930 tenentes.
