3994 6476
557 347 698 405 160³7

554 462 654 520 sed
685 476 803 519 eam
828 459 999 531 legem
1022 457 1273 511 virtutem
1302 453 1435 508 dixit
1461 466 1580 509 esse
1609 449 1835 522 peccati,
1862 462 1982 519 quae
2009 445 2138 501 sub—

556 555 771 614 intravit
798 562 855 607 ut
878 549 1174 607 abundaret
1200 555 1497 617 peccatum,
1516 555 1570 600 et
1590 551 1900 614 operaretur
1925 552 2139 594 omnem

554 642 1041 716 concupiscentiam
1081 658 1096 696 :
1125 639 1177 695 id
1223 648 1327 703 est,
1360 652 1467 692 non
1515 651 1635 691 eam
1677 642 1906 699 tantum,
1935 647 2054 702 quae
2086 629 2141 685 in

556 737 803 811 paradiso
856 744 1044 791 exorta
1092 730 1431 787 mortiﬁcavit
1474 738 1530 783 et
1574 741 1805 796 corpus,
1857 738 1980 779 cum
2037 736 2142 793 qua

556 831 732 888 omnis
755 829 916 884 homo
937 826 1208 892 nascitur;
1237 839 1337 880 nec
1362 838 1480 878 eam
1509 829 1736 887 tantum,
1761 835 1881 891 qua:
1909 816 2143 889 peccatis

560 937 653 993 per
680 920 939 991 cujusque
977 916 1147 973 malos
1183 929 1361 971 mores
1393 911 1772 969 accedentibus
1814 910 2016 975 crevit;
2047 923 2143 963 ve-

559 1028 677 1069 rum
713 1012 875 1067 etiam
897 1010 1066 1075 illam,
1093 1024 1212 1080 quae
1239 1005 1489 1063 mandato
1519 1003 1834 1075 prohibente
1867 1000 2145 1057 ardentius

494 1159 499 1165 .
560 1105 809 1171 excitata,
851 1103 918 1158 ad
943 1101 1432 1175 praevaricationem
1465 1114 1632 1170 usque
1668 1097 1946 1169 pervenit:
1980 1103 2037 1151 ut
2060 1095 2144 1150 vi-

561 1196 750 1267 ctoria,
777 1210 880 1266 qua
902 1210 1008 1249 non
1035 1194 1206 1249 solum
1236 1191 1442 1264 peccati
1465 1188 1751 1260 cupiditas,
1772 1202 1957 1243 verum
1984 1186 2147 1241 etiam

565 1287 755 1345 mortis
797 1286 1090 1358 corporalis
1115 1286 1416 1340 vinceretur
1458 1284 1633 1348 timor,
1666 1291 1939 1352 postremo
1980 1278 2147 1351 ipsius

564 1382 900 1437 mortalitatis
953 1380 1328 1436 absorberetur
1374 1377 1686 1440 inﬁrmitas,
1733 1391 1838 1431 non
1887 1374 2005 1445 lege
2053 1386 2150 1444 per

568 1472 805 1545 Moysem
828 1471 971 1536 data,
1008 1472 1101 1527 sed
1132 1487 1226 1541 per
1251 1470 1523 1525 Christum
1564 1467 1701 1523 facta
1724 1466 1893 1539 gratia
1924 1472 2149 1537 praesta-

568 1576 735 1621 retur.
783 1563 1013 1620 Proinde
1064 1563 1135 1618 ita
1189 1561 1330 1618 dixit
1370 1560 1678 1632 Apostolus,
1728 1556 1944 1613 Aculeus
1983 1565 2150 1609 autem

568 1658 743 1713 mortis
775 1666 847 1713 est
891 1665 1180 1727 peccatum;
1219 1655 1377 1709 virtus
1416 1669 1530 1707 vero
1569 1652 1779 1723 peccati,
1809 1649 1931 1705 (es:
1960 1648 2150 1720 gratias

572 1760 738 1804 autem
781 1748 886 1803 Deo
912 1749 995 1818 qui
1023 1748 1109 1801 dat
1144 1747 1285 1801 nobis
1320 1745 1577 1799 uictoriam
1620 1759 1709 1815 per
1744 1740 2019 1795 Dominum
2058 1754 2151 1794 no-

567 1856 730 1901 strum
777 1841 956 1898 Iesum
998 1840 1251 1898 Christum
1293 1856 1313 1897 :
1349 1849 1597 1909 tanquam
1641 1837 1863 1903 diceret,
1920 1834 2153 1890 Aculeus

570 1937 785 2009 quidem
830 1937 1018 1991 mortis
1075 1943 1158 1990 est
1208 1942 1506 2005 peccatum,
1550 1931 1671 2003 quia
1719 1937 1936 2002 peccato
1987 1928 2149 1984 etiam

569 2043 717 2085 mors
759 2026 861 2082 ista
900 2026 1141 2098 corporis
1182 2024 1316 2081 facta
1345 2034 1455 2091 est;
1487 2025 1640 2093 cujus
1689 2021 1890 2077 auctori
1918 2019 2002 2075 vel
2050 2018 2152 2091 ipsi

570 2120 729 2177 etiam
772 2119 932 2174 morti
961 2118 1169 2174 dicetur
1197 2118 1251 2173 in
1280 2117 1383 2171 ﬁne
1422 2116 1490 2171 ab
1527 2116 1627 2184 eis,
1670 2116 1861 2186 quibus
1900 2114 1951 2169 in
1981 2112 2151 2184 gloria

567 2211 971 2283 resnrgentibus
1011 2209 1407 2275 absorbebitur,
1456 2207 1553 2263 Ubi
1596 2217 1690 2272 est,
1736 2222 1892 2272 mors,
1943 2206 2151 2259 victoria

569 2304 694 2359 tua?
718 2303 801 2358 ubi
825 2312 920 2369 est,
952 2318 1108 2367 mors,
1139 2302 1348 2357 aculeus
1374 2301 1530 2355 tuus?
1556 2299 1650 2355 sed
1689 2299 1791 2355 iste
1816 2298 2055 2363 aculeus,
2098 2296 2150 2353 id

568 2405 653 2451 est
681 2403 976 2466 peccatum,
1006 2409 1103 2465 per
1133 2409 1295 2449 unum
1328 2392 1651 2464 ingrediens,
1679 2399 1735 2446 et
1760 2391 1811 2445 in
1837 2405 2023 2445 omnes
2056 2389 2157 2444 bo-

572 2488 748 2543 mines
782 2502 903 2543 cum
946 2495 1118 2541 morte
1143 2485 1528 2556 pertransiens,
1560 2484 1680 2539 aliis
1718 2498 1930 2554 quoque
1958 2482 2154 2538 additis

572 2581 1005 2652 multiplicatum,
1044 2594 1143 2635 nec
1171 2578 1254 2634 lex
1280 2588 1464 2633 sancta
1494 2577 1705 2649 etjusta
1733 2586 1787 2632 et
1816 2577 1953 2632 bona
1985 2575 2155 2646 quivit

571 2677 785 2732 auferre
806 2675 825 2707 ί
864 2690 879 2727 :
918 2673 1089 2728 virtus
1131 2672 1273 2727 enim
1301 2672 1478 2743 potius
1514 2670 1632 2740 ejus
1667 2668 1852 2725 eﬁ‘ecta
1893 2678 1997 2735 est,
2029 2683 2154 2724 cum

570 2765 836 2839 prohibita
855 2763 1283 2836 concupiscentia
1310 2763 1478 2833 magis
1497 2762 1819 2827 ardesceret,
1848 2771 1901 2817 et
1927 2761 1993 2816 ad
2016 2777 2157 2833 prae-

567 2856 911 2913 varicationis
929 2854 1199 2911 cumulum
1230 2854 1554 2926 perveniret.
1574 2852 1711 2922 Quid
1736 2868 1864 2925 ergo
1893 2853 2151 2922 restabat,

572 2948 676 3004 nisi
707 2957 764 3003 ut
788 2947 959 3019 gratia
986 2946 1333 3004 subveniret?
1375 2944 1579 3000 Gratias
1607 2946 1784 3016 itaque
1813 2944 1923 2999 Deo
1950 2946 2037 3017 qui
2064 2945 2155 3001 dat

572 3039 717 3095 nobis
740 3040 998 3094 victoriam
1022 3056 1111 3110 per
1130 3038 1407 3094 Dominum
1423 3046 1646 3092 nostrum
1664 3036 1841 3092 Jesum
1860 3035 2115 3094 Christum
2134 3055 2157 3105 ,'

564 3131 664 3203 qui
704 3139 885 3186 nostra
914 3129 1090 3187 debita
1115 3129 1452 3194 dimittendo,
1496 3138 1551 3185 et
1578 3144 1677 3185 nos
1722 3130 1774 3184 in
1807 3129 2154 3186 tentationem

575 3239 683 3279 non
721 3221 1018 3291 inferendo,
1062 3222 1128 3278 ad
1161 3222 1504 3277 novissimam
1542 3221 1841 3289 victoriam,
1872 3237 1973 3292 qua
2008 3237 2156 3279 mors

569 3315 733 3373 etiam
772 3314 1012 3385 corporis
1057 3313 1427 3381 absorbeatur,
1475 3312 1725 3377 adducit;
1756 3311 1928 3384 utqui
1955 3312 2159 3384 gloria-

572 3415 678 3470 tur,
710 3422 816 3461 non
846 3405 1079 3462 conﬁdat
1113 3406 1164 3459 in
1189 3406 1387 3461 virtute
1428 3420 1546 3472 sua,
1572 3404 1666 3460 sed
1689 3406 1759 3478 jn
1789 3405 2017 3461 Domino
2043 3406 2161 3476 glo-

569 3501 739 3556 rietur
758 3499 824 3572 (ll
846 3498 963 3555 Cor.
994 3516 1049 3565 ι,
1082 3500 1195 3569 i7).
1226 3499 1350 3555 Haec
1377 3508 1520 3555 recta
1545 3507 1601 3554 et
1632 3497 1893 3553 catholica
1921 3498 2073 3564 ﬁdes,
2104 3498 2159 3554 in

573 3607 678 3662 qua
729 3592 889 3647 etiam
934 3590 1215 3647 didicimus
1257 3600 1312 3646 et
1356 3601 1621 3658 tenemus,
1672 3601 1901 3646 mortem
1944 3606 2161 3662 quoque

575 3684 818 3756 corporis
854 3698 922 3739 eo
948 3684 1132 3739 aculeo
1163 3684 1375 3751 laetam,
1406 3682 1546 3755 quod
1585 3692 1669 3740 est
1692 3693 1967 3754 peccatum
1987 3726 2003 3750 ,
2036 3691 2158 3738 tan-

575 3783 685 3832 tum
719 3790 748 3829 a
776 3775 1188 3831 Manicltworutn
1226 3777 1447 3832 errore’
1475 3775 1683 3831 diversa
1731 3784 1835 3843 est,
1876 3775 2034 3846 eique
2062 3790 2163 3847 po-

636 3920 656 3951 ι
688 3920 763 3971 Sic
793 3931 968 3988 omnes
990 3920 1140 3981 editi;
1163 3927 1226 3988 at_
1247 3933 1426 3988 sensus
1446 3922 1654 3988 requirit
1670 3929 1727 3973 ut
1747 3922 1817 3973 sic
1850 3922 2045 3988 legatur
2066 3928 2163 3978 iste

578 3978 745 4050 locus:
778 4000 802 4028 ι
823 3981 931 4050 aliis
951 3978 1148 4050 quoque
1170 3984 1344 4050 additis
1363 3978 1725 4050 multiplicatus,
1749 3999 1843 4037 nec
1860 3978 1979 4050 lege
1998 3996 2164 4039 sana:

802 4052 854 4115 et
874 4044 998 4116 bona
1021 4044 1393 4137 q‘titvit‘lauferri.
1504 4044 1519 4046 “
1544 4052 1603 4094 Il.

687 4107 958 4169 Vignierius
974 4120 1005 4155 a
1029 4106 1400 4179 Nonium
1422 4107 1612 4159 diversa
1632 4114 1720 4160 est.
1759 4110 2032 4175 Adjecimus
2049 4146 2065 4174 ,
2088 4126 2167 4165 er-

576 4176 708 4230 rae,
750 4181 817 4219 ex
848 4176 1201 4232 manuscrtpus.

979 336 1228 399 OPERIS
1265 334 1678 395 IMPERFECTI
1715 333 1990 392 CONTRA
2026 327 2386 398 JULIANUM,
2424 327 2483 386 S.
2512 324 2877 386 AUGUSTINI
2916 325 3120 385 LlBER
3158 324 3457 387 SEXTUS.

2252 443 2358 497 tius
2386 441 2687 498 declaratur
2730 440 2978 507 adversa,
3012 450 3069 496 ut
3102 440 3379 497 vobiscum
3422 440 3497 496 illi
3526 440 3706 499 dicant
3741 457 3842 513 po-

2252 536 2379 604 tius,
2403 552 2560 607 quam
2592 535 2892 601 nobiscum,
2920 534 2999 590 sic
3022 535 3304 590 mortalem
3331 535 3501 591 Adam
3535 537 3751 603 factum,
3777 545 3843 592 ut

2252 629 2367 686 sive
2408 637 2673 700 peccaret,
2722 629 2835 682 sive
2878 643 2986 681 non
3031 637 3298 697 peccaret,
3343 627 3637 683 moriturus
3681 638 3841 685 esset.

2251 721 2360 779 Nec
2385 721 2593 777 tamen‘
2628 720 2746 775 ideo
2770 734 2866 774 vos
2891 718 3215 775 Manichmos
3240 719 3491 782 dicimus,
3523 722 3648 791 quia
3679 729 3733 776 et
3754 736 3845 776 vos

2254 811 2359 869 hoc
2386 812 2561 869 dicitis
2586 830 2599 867 :
2620 826 2719 868 nec
2738 810 2931 867 videtis
2952 820 3149 878 tamen,
3175 826 3350 882 neque
3372 826 3471 866 nos
3496 827 3525 865 a
3551 812 3703 867 vobis
3728 812 3845 867 ideo

2253 904 2359 962 dici
2385 904 2582 961 debere
2625 904 2967 968 Manichzeos,
3012 904 3135 975 quia
3186 904 3386 959 malum
3428 919 3549 960 esse
3592 904 3843 976 concupi-

2255 997 2533 1061 scentiam,
2564 1012 2666 1068 qua
2696 1012 2821 1051 caro
2848 996 3176 1066 concupiscit
3202 994 3460 1052 adversus
3489 996 3761 1067 spiritum,
3795 1007 3843 1052 et

2234 1089 2333 1145 silli
2374 1096 2428 1143 et
2455 1103 2553 1142 nos
2576 1087 2821 1142 dicimus.
2846 1086 2952 1142 Sed
2974 1101 3069 1142 vos
3098 1085 3166 1139 ab
3192 1086 3292 1153 eis,
3335 1086 3387 1140 in
3424 1100 3490 1142 eo
3520 1087 3664 1157 quod
3693 1087 3844 1140 simul

2255 1182 2452 1249 dicitis,
2483 1181 2725 1237 dissimili
2754 1181 2991 1253 quidem,
3024 1189 3390 1237 verumtamen
3421 1181 3528 1237 alio
3556 1197 3748 1237 errore
3769 1181 3845 1235 di-

2256 1276 2427 1341 statis,
2458 1274 2547 1346 qui
2587 1284 2813 1330 mortem
2852 1274 3031 1330 carnis
3070 1289 3175 1331 non
3219 1274 3356 1331 sicut
3386 1274 3459 1329 illi
3507 1284 3716 1330 natura:
3759 1274 3845 1329 tri-

2256 1367 2419 1423 buitis
2445 1367 2654 1434 alienaa,
2686 1366 2947 1439 nobisque
2991 1367 3301 1439 permixtae,
3351 1366 3447 1424 sed
3487 1382 3606 1423 eam
3648 1376 3843 1423 natura

2259 1459 2404 1515 nullo
2437 1459 2632 1514 vitiata:
2662 1469 2881 1531 peccato
2908 1460 3199 1532 impingitis
3226 1469 3427 1516 nostra:
3452 1479 3465 1514 :
3494 1475 3559 1515 ac
3584 1461 3665 1516 sic
3695 1476 3844 1533 para-

2258 1553 2432 1610 disum
2459 1552 2852 1609 honestissima:
2895 1569 2961 1609 ac
2988 1553 3313 1610 felicissima:
3340 1553 3655 1624 voluptatis,
3697 1552 3842 1609 fune-

2258 1645 2407 1701 ribus
2430 1656 2760 1701 mortuorum
2780 1654 2835 1701 et
2855 1645 3177 1702 cruciatibus
3203 1646 3545 1702 morientium
3573 1646 3847 1703 infeliciter

2260 1746 2420 1809 atque
2465 1738 2775 1794 indecenter
2804 1738 3035 1810 impletis
3060 1736 3160 1811 (a).
3208 1737 3317 1794 Nos
3345 1753 3493 1804 vero,
3528 1738 3579 1794 in
3623 1752 3693 1794 eo
3718 1738 3847 1809 quod

2260 1846 2381 1887 cum
2412 1831 2717 1888 Manicbaeis
2742 1832 2970 1889 dicimus
2995 1832 3483 1903 concupiscentiam
3513 1833 3719 1900 carnis,
3757 1850 3848 1905 qua

2262 1935 2445 1983 contra
2495 1926 2736 1997 spiritum
2788 1927 3137 1998 concupiscit,
3190 1927 3388 1982 malum
3440 1941 3582 1995 esse,
3630 1934 3792 1998 atque
3822 1943 3848 1984 a

2260 2019 2419 2077 Patre
2439 2035 2545 2075 non
2569 2035 2689 2076 esse
2719 2019 2761 2091 (1
2786 2018 2944 2076 Joan.
2972 2036 3027 2084 ιι,
3055 2018 3168 2093 16),
3196 2035 3303 2075 non
3324 2020 3390 2075 ab
3417 2020 3496 2075 eis
3518 2020 3649 2087 alio,
3678 2036 3851 2090 quam-

2264 2112 2347 2167 vis
2375 2112 2637 2179 dissimili,
2674 2121 2853 2168 tamen
2885 2112 3001 2184 ipso
3033 2112 3289 2168 haeretico
3314 2128 3523 2175 errore,
3552 2112 3656 2168 sed
3680 2112 3850 2168 catbo.

2262 2204 2362 2260 lica
2387 2205 2617 2261 veritate
2641 2204 2929 2271 distamus;
2958 2204 3082 2277 quia
3105 2206 3261 2260 istam
3284 2204 3608 2260 discordiam
3638 2205 3849 2261 duarum

2262 2298 2813 2368 concupiscentiarum
2851 2298 3029 2354 carnis
3066 2309 3123 2355 et
3162 2299 3401 2368 Spiritus,
3443 2314 3552 2354 non
3595 2314 3725 2355 cum
3763 2300 3849 2355 illis

2264 2404 2361 2461 per
2406 2390 2594 2446 alienae
2640 2390 2749 2445 Deo
2795 2398 3077 2447 coaeterna:
3127 2391 3390 2462 malaeque
3444 2400 3655 2446 naturae
3709 2406 3849 2447 com-

2263 2485 2577 2540 mixtionem
2617 2483 2772 2540 nobis
2809 2484 3086 2549 accidisse,
3124 2484 3220 2540 sed
3261 2500 3385 2540 cum
3426 2484 3701 2540 catholico
3735 2487 3851 2539 Ant-

2264 2576 2445 2633 brosio
2498 2576 2721 2649 ejusque
2774 2577 3147 2645 consortibus,
3213 2593 3311 2648 per
3358 2578 3843 2648 pmvaricationem

2265 2668 2422 2739 primi
2451 2667 2683 2724 hominis
2727 2668 2781 2723 in
2813 2676 3054 2724 naturam
3095 2678 3333 2724 nostram
3358 2652 3587 2725 vertisse
3626 2670 3852 2741 (Ambro-

2264 2761 2389 2825 sius,
2431 2761 2519 2817 lib.
2565 2762 2599 2817 7
2636 2762 2691 2817 in
2734 2760 2865 2818 Luc.
2911 2777 3011 2826 xu,
3049 2760 3141 2835 53)
3188 2762 3524 2832 disserimus,
3568 2772 3628 2819 et
3673 2773 3845 2821 contra

2265 2862 2521 2924 utrosque
2580 2862 2816 2909 vestrum
2874 2854 3101 2911 ﬁdenter
3167 2856 3459 2912 asserimus
3490 2874 3505 2911 :
3534 2872 3851 2930 carnemque

2266 2942 2487 3012 Cbristi,
2533 2959 2639 2999 non
2685 2944 2825 3000 sicut
2854 2944 2929 3001 illi
2964 2945 3186 3011 nullam,
3225 2961 3326 3002 nec
3368 2949 3509 3003 sicut
3530 2962 3632 3003 vos
3657 2948 3849 3005 calum-

2267 3035 2509 3104 niamini,
2540 3050 2573 3091 a
2594 3044 2785 3092 natura
2809 3044 3005 3092 nostrae
3033 3038 3211 3095 carnis
3238 3038 3507 3106 alienam;
3538 3038 3637 3096 sed
3662 3040 3733 3095 ab
3759 3041 3849 3098 hoc

2267 3136 2454 3183 nostro
2492 3128 2640 3195 vitio,
2683 3145 2792 3201 quo
2828 3143 2955 3185 caro
2988 3138 3172 3186 contra
3217 3131 3464 3201 spiritum
3510 3119 3849 3203 concupiscit,

2268 3219 2556 3277 immunem
2595 3230 2755 3293 atque
2793 3222 3013 3278 omnino
3057 3222 3316 3295 integram
3348 3223 3726 3295 praedicamus.
3755 3222 3853 3280 Vos

2268 3321 2445 3369 autem
2484 3314 2623 3369 mala
2664 3315 2907 3386 negando
2935 3331 3056 3372 esse
3084 3333 3202 3389 qua:
3229 3318 3366 3374 mala
3394 3326 3540 3383 sunt,
3570 3332 3852 3389 eorumque

2270 3404 2531 3476 originem
2558 3420 2664 3462 non
2689 3407 2755 3464 ad
2787 3408 2946 3479 primi
2980 3408 3213 3465 hominis
3241 3409 3526 3466 referendo
3562 3421 3851 3481 peccatum,

2270 3513 2378 3553 non
2410 3506 2467 3554 ut
2490 3513 2552 3553 ea
2579 3499 2718 3554 mala
2745 3515 2850 3555 non
2876 3500 2984 3556 sint
3008 3501 3256 3569 efﬁcitis;
3288 3501 3383 3559 sed
3411 3509 3471 3558 ut
3498 3517 3572 3559 ex
3604 3502 3743 3558 mala
3768 3517 3853 3557 na-

2272 3600 2391 3646 tura
2432 3592 2574 3648 bono
2618 3602 2823 3648 mterno
2873 3604 3140 3652 cateterna
3186 3611 3309 3653 esse
3353 3596 3663 3663 credantur,
3718 3594 3857 3651 dete-

2271 3682 2446 3739 stabili
2483 3683 2723 3740 caacitate
2754 3684 3119 3757 sull'ragamini
3159 3686 3486 3756 Manicbmis,
3532 3702 3738 3757 eosque
3772 3701 3854 3743 ac-

2272 3775 2471 3831 cusatis
2494 3774 2744 3843 inaniter,
2769 3777 2891 3847 quia
2915 3777 3298 3834 miserabiliter
3325 3778 3593 3848 adjuvatis
3608 3780 3651 3835 ⁸.

2338 3868 2355 3932 ξ
2394 3867 2479 3918 Hic
2501 3879 2564 3917 ex
2589 3870 3021 3932 manuscriptorum
3046 3868 3142 3920 ﬁde
3164 3872 3485 3931 restituimus,
3510 3885 3601 3923 nec
3622 3876 3797 3922 laniat.

2338 3930 2359 3961 ι
2393 3935 2441 3978 1η
2474 3936 2581 3979 Mss.
2626 3930 2846 3996 Mar,__et‘
2873 3930 2993 3996 clar.
3029 3940 3083 3996 _et
3104 3934 3155 3996 in
3177 3934 3313 3996 vign.
3339 3930 3633 3996 subjicitur:
3662 3930 3858 3995 εεριίάι

2272 3988 2572 4059 ζῷενεείᾳω
2590 3992 2769 4059 Αᾳνειὶἱ
2795 3992 3041 4059 Augustini
3309 3988 3556 4056 catholici,
3590 3988 3859 4059 cautiora.

2477 4052 2761 4126 lueret-ierim
2783 4045 3115 4126 Pelagiande
3136 4045 3363 4126 feliciter.
3386 4065 3434 4107 In
3652 4055 3856 4122 Expiic'l

2273 4113 2393 4166 liber
2416 4122 2581 4166 sextus
2615 4115 2738 4169 beati
2786 4113 3030 4171 Audiistint'
3073 4113 3240 4169 cutura
3261 4117 3527 4171 Julianus.

2337 4178 2411 4241 (α)
2434 4179 2550 4228 Vide
2571 4191 2735 4243 supra,
2760 4176 2913 4242 lib.‘5,
2938 4192 3047 4243 cap.
3073 4181 3180 4231 154.

1908 4672 2366 4834 ᾌὲῖτᾌῗῖέέρ
2451 4749 2456 4755 Χ
2526 4752 2558 4761 ”’
