4006 6490
406 4606 411 4615 '
503 4592 624 4657 duo,
652 4594 740 4647 sed
778 4611 879 4648 una
916 4610 1034 4647 caro

484 455 624 517 I619

484 555 603 615 vita
627 560 729 611 tua
755 567 775 607 :
796 550 1044 622 opime!
1067 547 1278 622 tribulos
1628 542 1749 607 tibi;
1771 551 1819 597 et
1844 540 1959 622 edes
1988 544 2063 613 fe-

484 613 606 683 num
631 624 742 698 agri
764 613 863 698 :Ai'n
887 621 1074 677 sudore
1093 621 1257 698 uultus
1278 613 1352 674 ιιὶῑ
1376 616 1495 698 edes
1517 632 1699 687 panem
1724 628 1885 698 tuum,
1907 613 2068 668 donec

471 692 749 754 revertaris
783 696 837 749 in
875 704 1062 763 terram
1096 692 1159 747 de
1190 708 1291 763 qua
1326 696 1561 763 sumptus
1586 703 1670 753 es;
1694 692 1813 758 quia
1838 694 1973 741 terra
1995 701 2067 754 es,

486 777 534 823 et
561 768 614 821 in
640 778 825 821 terram
848 765 941 821 ibi:
969 762 1120 838 (Gen.
1148 758 1225 838 ut,
1244 764 1368 838 lii-1
1380 758 1458 830 9).
1488 760 1598 815 Hac
1628 774 1727 814 nos
1750 773 1921 828 pinna:
1948 772 2072 813 scn-

485 839 652 895 tentia
683 833 988 907 colligatos,
1009 835 1121 907 ipsa
1158 834 1257 890 sibi
1295 833 1524 907 humana
1559 840 1748 907 natura
1785 837 1949 907 totum
1974 842 2072 899 per

486 910 674 968 orbem
699 899 1172 981 terrarumldil‘fusa
1201 903 1559 981 testimonium
1579 900 1845 981 perhibet,
1868 899 2073 981 dumse

562 981 728 1037 ternis
755 979 1075 1034 cruciatibus
1117 970 1315 1032 sancta:
1343 976 1473 1042 legis
1502 970 1808 1029 testimonio
1832 970 2074 1042 pervidet

512 1053 757 1107 aborare.
782 1050 934 1117 Quod
954 1065 1056 1120 qua
1077 1048 1302 1119 justitia,
1326 1046 1369 1120 si
1394 1044 1636 1120 heredes
1661 1044 1863 1120 peccati
1886 1056 2075 1120 paren-

488 1132 604 1178 tum
649 1137 755 1177 non
793 1113 1012 1185 sumus,
1057 1113 1356 1190 patiamur?
1390 1117 1447 1190 Si
1492 1116 1642 1190 vobis
1682 1113 2075 1190 _soli_s_:cquitas

491 1192 796 1263 suppeditat
833 1184 1105 1255 naturalis,
1137 1206 1238 1263 qua
1272 1187 1643 1263 jttstiora_sint
1673 1184 1870 1263 judicia
1902 1191 2074 1263 vestra

491 1254 652 1335 quain
682 1265 796 1328 Dei,
828 1264 1093 1335 inter‘n‘os
1116 1254 1170 1317 ei
1198 1254 1365 1335 Deum
1386 1258 1682 1335 residentes
1722 1256 1775 1308 in
1812 1254 2075 1335 superbia:

492 1328 631 1393 solio
666 1334 919 1405 indicate.
942 1332 1151 1405 Nullum
1180 1333 1322 1405 enim
1354 1328 1619 1405 hominem
1637 1335 1754 1405 tam
1783 1334 2073 1405 amatorem

493 1408 579 1477 vel
608 1394 946 1477 defensorem
979 1404 1059 1459 sui
1099 1402 1317 1477 erroris,
1345 1400 1410 1477 ad
1437 1399 1535 1477 _Dei
1558 1398 1755 1477 judicia
1781 1394 2076 1477 reprehen-

493 1476 689 1542 denda,
720 1476 804 1531 vel
840 1476 997 1530 etiam
1030 1472 1315 1529 refellenda
1344 1470 1589 1526 diabolus
1620 1470 1789 1542 potuit
1816 1469 2072 1542 invenire,

492 1548 598 1604 nisi
624 1536 890 1616 Pelagium
916 1555 971 1601 et
996 1544 1303 1601 Caelestium
1346 1558 1495 1616 nova:
1538 1536 1670 1610 legis
1705 1540 1823 1609 jura
1864 1536 2079 1593 traden-

493 1629 598 1675 tes.
624 1612 794 1685 Adam
837 1617 997 1687 igitur
1035 1616 1202 1670 lactus
1244 1621 1327 1668 est
1362 1612 1562 1682 absque
1600 1618 1814 1687 peccato
1843 1618 2029 1687 natura
2061 1625 2075 1662 :

494 1704 616 1745 eum
639 1682 765 1745 vero
795 1680 1033 1758 peccavit
1060 1688 1241 1761 homo,
1271 1694 1458 1761 natura
1473 1680 1740 1761 peccavit.
1764 1689 1817 1734 et
1841 1680 1975 1734 facta
1998 1688 2080 1761 est

494 1768 682 1817 natura
707 1752 816 1828 jam
849 1759 1134 1828 peccatrix,
1172 1757 1224 1810 id
1259 1766 1362 1828 est,
1395 1756 1577 1808 vitium
1611 1752 1813 1828 habens
1853 1752 2075 1819 peccati,

494 1846 603 1887 non
645 1824 755 1901 ipsa
790 1824 977 1886 ell'ecta
1006 1828 1192 1901 vitium
1223 1826 1300 1880 vel
1333 1836 1629 1901 peccatum.
1654 1824 1780 1877 Post
1805 1828 2077 1891 peccatum

496 1917 625 1974 ergo
656 1896 814 1955 homo
841 1909 1088 1969 peccator
1114 1899 1287 1974 dictus
1312 1905 1414 1962 est,
1446 1910 1549 1974 non
1584 1896 1742 1948 homo
1783 1901 2077 1974 peccatum.

494 1962 752 2029 Pcuccator
776 1962 917 2027 enim
944 1986 974 2025 a
1002 1969 1299 2040 peccando,
1328 1983 1434 2022 non
1459 1967 1617 2040 homo
1644 1980 1674 2040 ξι
1700 1962 1970 2040 peccando

494 2044 633 2099 citur
659 2045 697 2096 ¹.
724 2043 791 2098 Ει
820 2042 940 2097 ideo
980 2033 1226 2111 peccator
1250 2033 1414 2111 homo
1440 2038 1623 2109 genuit
1650 2033 1940 2111 hominem,
1964 2033 2081 2089 sine

495 2113 661 2171 dubio
703 2106 1033 2185 peccatorem
1060 2130 1074 2166 :
1103 2113 1225 2183 quia
1270 2110 1339 2166 de
1376 2106 1586 2185 natura,
1615 2116 1672 2161 ut
1698 2106 1830 2185 dixi,
1864 2112 2081 2175 peccato

495 2177 938 2257 vitiata,'nonnisi
971 2177 1156 2257 natura
1178 2180 1664 2257 _nascitur_viti99a,
1698 2177 1748 2231 id
1774 2186 1856 2257 est
1891 2192 1928 2257 ιχ

495 2258 631 2322 trix,
659 2246 947 2313 secundum
977 2255 1116 2326 quod
1132 2249 1749 2326 aitapostolusPaulns,
1776 2246 1954 2312 Qualis
1983 2255 2082 2326 ter-

494 2316 668 2393 renus,
693 2329 817 2381 tale:
843 2336 889 2381 et
914 2316 1097 2387 ιθνὲεηὶ
1121 2322 1162 2398 (I
1191 2316 1308 2378 Cor.
1328 2339 1419 2398 δν,
1442 2321 1555 2392 48).
1581 2320 1647 2375 Et
1668 2318 1769 2374 hoc
1789 2316 2078 2388 quomodo,

491 2399 602 2453 nisi
629 2414 721 2467 per
745 2398 964 2452 seminis
985 2392 1357 2467 sparsionem?

566 2459 793 2524 CAPUT
835 2468 897 2521 ll.
938 2459 1098 2519 —'2.
1138 2465 1241 2521 Sed
1268 2465 1347 2518 ais
1373 2463 1499 2518 mihi
1530 2478 1562 2518 e
1586 2460 1798 2517 diverso
1825 2459 2080 2515 veniens:

502 2558 524 2592 ‹
552 2538 694 2609 Ergo
736 2553 921 2594 semen
965 2544 1241 2609 peccatum
1286 2535 1409 2589 cst?
1443 2553 1462 2585 ι
1494 2533 1611 2589 Jam
1653 2532 1895 2609 superius
1935 2529 2079 2595 dixi,

496 2602 769 2679 quiavcum
800 2602 1041 2678 peccavit
1066 2608 1244 2673 homo,
1277 2615 1464 2679 natura
1493 2605 1752 2674 peccavit,
1768 2602 1932 2679 cujus
1961 2609 2084 2679 sunt

496 2672 723 2737 sentina.
745 2672 815 2733 Et
832 2694 1013 2734 semen
1045 2694 1171 2748 ergo
1199 2672 1439 2731 vitiatum
1466 2672 1569 2748 est.
1600 2690 1705 2732 non
1732 2674 1954 2748 vitium,
1980 2672 2084 2748 sic-

495 2761 561 2821 ut
585 2752 838 2821 scriptum
866 2759 973 2821 est,
999 2743 1179 2821 Semen
1210 2748 1354 2821 enim,
1371 2745 1693 2821 maledictum
1720 2753 1828 2799 erat
1853 2743 1914 2796 ab
1939 2743 2084 2797 initio

498 2819 654 2892 (Sap.
679 2817 909 2892 itu“).
933 2820 1268 2892 Maledictum
1309 2817 1555 2892 videlicet
1587 2828 1714 2892 post
1760 2823 2082 2892 peceatum:

497 2884 643 2961 quia,
676 2884 971 2957 Maledicta,
1002 2886 1191 2961 inquit,
1222 2902 1354 2944 terra
1381 2890 1435 2942 in
1459 2884 1691 2959 operibus
1719 2888 1838 2939 tuis.
1868 2884 1972 2961 Sed
2000 2884 2082 2937 vi-

495 2956 637 3017 tium
659 2979 763 3017 non
800 2956 983 3032 potest
1010 2956 1145 3015 trahi
1177 2956 1511 3032 protoplasti,
1551 2973 1722 3032 neque
1750 2971 1869 3032 esse
1897 2956 2079 3032 homo,

498 3034 600 3088 nisi
644 3024 865 3089 seminis
912 3024 1243 3086 ell‘usione".
1275 3024 1425 3099 Quod
1471 3024 1755 3085 coulir'mat
1797 3024 2085 3097 Apostolus

497 3103 718 3159 dicens:
742 3101 847 3159 Per
876 3120 1031 3157 unum
1059 3103 1311 3157 hominem
1340 3102 1543 3155 intravit
1569 3109 1830 3171 peccatum
1856 3100 1909 3152 in
1933 3114 2083 3171 mun-

498 3176 638 3239 dum,
667 3185 713 3229 et
739 3192 829 3246 per
857 3182 1112 3246 peccatum
1155 3191 1326 3243 mors;
1354 3183 1401 3228 et
1447 3172 1517 3225 ita
1560 3168 1612 3225 in
1652 3187 1843 3246 omnes
1858 3168 2086 3246 homines

496 3262 635 3302 mors
672 3240 1008 3314 pertransivit,
1045 3246 1097 3299 in
1135 3261 1234 3314 quo
1273 3240 1443 3298 omnes
1469 3253 1791 3314 peccaverunt
1825 3240 2000 3314 (Rom.
2029 3255 2080 3306 v,

496 3318 566 3372 η
591 3318 629 3393 )ξ
668 3311 824 3374 Solus
861 3311 1353 3393 _au_tem_Dominus
1388 3314 1545 3393 .lesus
1584 3311 1842 3367 Christus
1884 3311 2085 3393 absque

496 3382 707 3443 semine
731 3404 795 3444 ex
823 3389 1028 3457 virgine
1070 3386 1236 3443 factus
1265 3396 1345 3442 est
1388 3387 1566 3447 homo,
1603 3394 1658 3439 et
1684 3398 1874 3453 expers
1902 3382 2085 3457 delicti

498 3471 658 3513 natus
684 3467 766 3514 est
786 3453 932 3514 Deus
953 3469 1007 3513 et
1039 3460 1217 3512 homo.
1242 3457 1409 3512 Audis
1441 3457 1614 3525 itaque
1644 3470 1740 3525 per
1779 3469 1941 3508 unum
1982 3453 2083 3509 ho-

497 3530 698 3585 minem
740 3541 1014 3599 peccatum
1057 3531 1285 3583 intrasse
1312 3526 1666 3599 inmundum,
1694 3535 1748 3581 et
1774 3539 2082 3599 perpecca-

496 3612 612 3655 tum
633 3594 895 3667 mortem;
918 3609 973 3654 et
997 3602 1063 3654 ita
1088 3600 1138 3653 in
1161 3614 1348 3655 omnes
1371 3598 1612 3652 homines
1637 3597 2006 3667 pertransisse,
2032 3594 2085 3648 in

492 3688 607 3741 quo
647 3687 834 3727 omnes
876 3665 1227 3741 peccaverunt
1254 3688 1266 3741 ς
1294 3676 1351 3725 et
1388 3670 1552 3729 audes
1579 3665 2082 3741 dicere,_h;r_retice,

498 3737 525 3794 ‹⁷
552 3743 683 3799 Adae
714 3737 984 3812 peccatum
1015 3742 1143 3797 nulli
1172 3740 1273 3797 nisi
1315 3741 1415 3795 soli
1438 3738 1619 3812 nocuit
1663 3738 1801 3812 ipsi:
1823 3757 1842 3790 ι
1873 3737 1939 3792 Ει
1963 3752 2087 3812 vere

494 3823 627 3869 tunc
656 3808 756 3868 soli
797 3814 996 3879 nocuit,
1028 3828 1148 3868 cum
1179 3812 1322 3868 solus
1350 3819 1495 3873 esset
1523 3809 1657 3880 ipse,
1685 3818 1738 3864 et
1766 3809 1869 3863 Eva
1898 3808 2088 3880 mulier

494 3884 636 3954 ejus.
666 3884 772 3940 Sed
803 3885 856 3939 in
888 3878 989 3939 illis
1018 3885 1135 3938 unis
1164 3899 1350 3938 on'mes
1375 3878 1616 3954 eramus,
1632 3881 1751 3952 quia
1779 3891 1966 3954 natura
1989 3878 2088 3954 hu:

498 3950 641 4011 inani
668 3956 881 4027 generis
909 3964 1079 4019 erant,
1109 3956 1246 4009 sicut
1270 3968 1414 4009 nunc
1443 3953 1494 4025 in
1535 3950 1687 4008 nobis
1726 3950 1972 4006 omnibus
2012 3950 2085 4004 illi

497 4028 589 4080 uni
619 4036 761 4087 sunt,
786 4028 905 4097 quia
933 4036 1114 4079 natura
1146 4042 1327 4097 eorum
1357 4040 1559 4097 sumus.

571 4092 923 4153 CAPUT'III.
962 4126 1034 4138 -—
1070 4096 1124 4151 5.
1163 4096 1266 4150 Sed
1326 4094 1712 4164 reSpondcntes
1764 4092 1972 4156 dicitis,
2031 4101 2088 4146 ut

502 4166 680 4224 dicere
719 4169 1060 4223 consuestis:
1099 4186 1117 4217 ι
1147 4168 1430 4235 Apostolus
1468 4168 1511 4220 si
1550 4166 1804 4219 voluisset
1842 4164 2083 4232 intelligi,

501 4240 622 4307 quia
650 4254 743 4308 per
768 4240 1029 4297 seminum
1055 4238 1455 4306 conceptionem
1479 4235 1687 4292 diccbat
1719 4245 1989 4308 peccatum
2033 4235 2084 4287 in

502 4305 689 4365 omnes
716 4309 961 4364 homines
988 4305 1356 4378 pertransisse,
1389 4322 1494 4361 non
1532 4324 1620 4378 per
1654 4322 1823 4378 unum
1836 4305 2087 4378 hominem

502 4379 740 4443 divisset,
773 4380 889 4445 sed,
922 4375 1022 4434 Per
1046 4380 1180 4435 duos
1206 4378 1471 4445 homines,
1507 4375 1627 4448 quia
1655 4377 1772 4432 sine
1802 4375 1992 4448 femina
2020 4375 2087 4429 de

501 4452 618 4507 solo
638 4454 875 4507 masculo
901 4450 1061 4505 homo
1086 4451 1228 4505 nasci
1258 4465 1363 4521 non
1389 4457 1582 4521 potest.
1621 4467 1642 4501 ι
1675 4450 1740 4521 Si
1760 4447 1934 4501 cordis
1961 4461 2089 4501 ocu-

502 4522 582 4575 los
610 4537 713 4577 non
741 4522 1013 4586 amisistis,
1040 4522 1296 4576 attendite
1316 4517 1515 4576 dictum
1543 4535 1681 4584 esse,
1707 4517 1827 4572 Jam
1849 4534 1947 4571 non
1968 4526 2088 4572 sunt

1057 4591 1284 4718 ίἓΜαιιΙι.
1318 4608 1426 4659 xix,
1456 4592 1543 4716 (ἐμ
1575 4599 1630 4646 et
1669 4592 1881 4655 iterum,
1920 4587 2087 4642 Erunt

1105 4681 1186 4717 en.
1212 4678 1272 4718 ιι.
1303 4661 1431 4718 24).
1507 4678 1590 4717 am
1634 4663 1773 4718 ideo.
1802 4676 1891 4718 per
1929 4677 2086 4714 unum

502 4662 604 4735 duo
634 4666 685 4717 in
709 4681 859 4718 carne
886 4681 987 4718 una
1014 4667 1031 4735 (
1057 4661 1186 4735 Gen.
1212 4678 1272 4728 ιι,
1303 4661 1431 4735 24).
1463 4661 1590 4735 Nam
1634 4663 1773 4727 ideo,
1802 4676 1891 4732 per
1929 4677 2086 4735 unum

503 4734 775 4798 hominem,
797 4735 930 4788 dixit
953 4731 1256 4804 Apostolus,
1276 4731 1398 4803 quia
1422 4748 1542 4787 cum
1569 4733 1620 4786 in
1644 4735 1756 4786 viro
1778 4747 1873 4784 suo
1896 4731 2089 4804 mulier

502 4819 605 4858 una
643 4806 711 4858 sit
740 4820 883 4868 caro,
914 4807 965 4859 in
993 4802 1196 4860 semine
1228 4802 1507 4875 pregcuies
1548 4806 1855 4875 imputatur.
1894 4802 2087 4858 Audite

502 4876 675 4931 adhuc
702 4885 757 4932 et
783 4876 943 4930 alium
973 4873 1418 4945 sapientissunum
1452 4875 1716 4928 dicentem
1755 4873 1821 4927 ad
1856 4880 2085 4945 vestram

500 4947 866 5004 confusionem
893 4945 1013 5001 :Ea:
1037 4944 1244 4999 muliere
1265 4945 1468 4999 mitium
1496 4948 1686 5012 factum
1715 4953 1787 4998 est
1815 4944 2021 5012 peccati,
2042 4954 2088 4997 et

503 5033 592 5086 per
633 5018 779 5072 illam
830 5033 1001 5073 omnes
1050 5018 1293 5070 morimur
1338 5012 1541 5088 (Eccli.
1583 5032 1704 5088 xxv,
1750 5012 1819 5070 55
1844 5014 1884 5086 ).
1928 5016 2082 5088 Ecce,

419 5137 423 5140 .
504 5089 773 5153 haeretice,
820 5088 1012 5143 factum
1055 5098 1139 5143 est
1183 5089 1276 5143 tibi
1322 5089 1470 5154 satis,
1520 5103 1611 5156 per
1658 5087 1794 5141 duos
1843 5087 2087 5140 homines

421 5198 431 5235 -ρ
502 5160 557 5238 in
589 5160 874 5213 humanum
904 5172 1073 5231 genus
1102 5168 1375 5228 peccatum
1417 5159 1501 5213 vel
1545 5170 1770 5212 mortem
1809 5169 2085 5229 pertrans-

420 5250 435 5290 »ξ
504 5242 626 5286 isse.

426 5319 435 5363 ε
570 5299 801 5359 CAPUT
839 5298 925 5356 IV.
951 5331 1027 5343 —-
1047 5300 1102 5357 ι.
1127 5299 1230 5356 Sed
1257 5298 1379 5371 quid
1411 5299 1583 5354 adhuc
1607 5300 1840 5355 dicturus
1862 5299 1955 5364 sis,
1984 5300 2087 5353 sic-

501 5382 559 5425 ut
604 5371 789 5427 soletis
832 5372 1033 5439 dicere,
1076 5374 1221 5427 novi.
1256 5390 1276 5424 ι
1313 5373 1612 5436 Peccatum,
1646 5389 1667 5423 ι
1705 5371 1900 5443 inquis,
1937 5389 1957 5422 ι
1989 5385 2088 5443 per

502 5456 667 5496 unum
696 5442 967 5499 hominem
1004 5448 1057 5499 in
1099 5443 1351 5500 mundum
1394 5442 1641 5505 intrasse,
1668 5442 1953 5508 Apostolus
1979 5457 2084 5496 non

503 5514 723 5569 seminis
750 5516 1148 5584 propagatione,
1176 5516 1270 5571 sed
1311 5529 1517 5568 morum
1560 5514 1853 5568 imitatione
1879 5513 2028 5566 dixit.
2060 5530 2079 5564 ι

508 5584 823 5655 liespondeo
848 5603 862 5641 :
891 5585 947 5641 Si
976 5597 1252 5657 peccatum
1281 5599 1488 5641 tuorum
1520 5584 1811 5639 imitatione
1837 5593 2043 5640 constat
2068 5599 2082 5650 ;

570 5804 1064 5874 {emotumiuga
1099 5823 1129 5858 a
1168 5804 1745 5874 nonpegcandodicitur.

702 5870 914 5939 γριρτθε
938 5863 1141 5939 quidam
1166 5863 1417 5922 media
1448 5882 1567 5919 vero
1610 5881 1761 5933 neque
1782 5880 1883 5920 esse
1906 5868 2088 5923 homini

506 5929 607 5974 sine
627 5929 820 5978 sentinic
839 5929 1079 5998 εσυδὶοηε.

1686 440 2093 502 APPEH'DICIS
2127 438 2308 497 PARS
2336 437 2568 496 PRIMA.

1891 2190 2079 2245 pecca-
2118 2203 2128 2212 κ

2179 555 2339 613 quem
2387 538 2623 597 imitatus
2663 543 2751 597 est
2782 538 3044 607 diabolus,
3083 548 3147 599 ut
3187 539 3550 613 “linqueret,
3575 538 3766 611 dicite,

2179 611 2271 683 oui
2300 613 2504 684 primus
2529 612 2795 667 invenitur
2823 621 3068 684 peccator
3092 614 3247 671 esse?
3269 611 3401 683 Quia
3426 614 3471 668 si
3495 611 3566 669 de
3591 614 3767 669 Adam

2181 682 2600 754 interrogavere,
2624 682 3012 753 respondebitis
3048 682 3457 753 forsitan,un
3487 685 3555 739 sit
3576 684 3772 754 diabo-

2181 754 2290 811 lum
2320 753 2574 811 imitatus.
2594 756 2743 821 Esto,
2764 754 2931 810 Adam
2956 765 3012 810 ut
3032 766 3293 825 peccaret,
3310 755 3581 811 diabolum
3602 753 3773 813 fuisse

2183 827 2447 882 imitatum
2472 842 2485 880 :
2510 826 2667 883 dicite
2693 826 2842 890 mihi,
2866 826 3110 881 diabolus
3130 843 3285 897 quem
3313 827 3551 897 imitatus
3575 825 3770 892 fuerit;

2221 898 2304 953 uia
2328 905 2607 967 peccatum
2636 911 2841 953 morum
2870 896 3162 955 imitatione
3186 906 3435 955 constare
3461 896 3772 954 defenditis.

2257 969 2292 1024 d
2347 970 2471 1039 quid
2519 970 2809 1034 immoror,
2851 970 3029 1025 sciens
3073 970 3202 1025 nihil
3240 985 3336 1025 vos
3375 969 3776 1038 responsuros?

2183 1041 2353 1109 Quem
2384 1042 2523 1096 enim
2553 1040 2741 1095 dicturi
2768 1040 2896 1097 eStis
2926 1040 3185 1097 imitatum
3216 1042 3399 1105 fuisse,
3430 1056 3551 1097 cum
3581 1050 3777 1094 auctor

2184 1112 2265 1166 sui
2307 1111 2486 1177 lapsus
2514 1111 2627 1179 ipse
2656 1111 2758 1166 sit?
2784 1111 2953 1166 Adam
2990 1122 3136 1167 certe
3163 1126 3432 1181 peccasse,
3462 1110 3596 1168 nihil
3625 1110 3776 1166 aliud
3824 1111 3838 1130 '

2183 1182 2411 1253 legimus
2455 1182 2508 1236 in
2548 1182 2682 1237 libro
2707 1182 2995 1249 Geneseos,
3018 1184 3119 1238 nisi
3148 1182 3293 1253 quod
3322 1182 3632 1238 inobcdiens
3672 1197 3775 1236 ex-

2185 1254 2321 1336 stitit
2340 1252 2575 1336 divinum
2593 1268 2808 1309 servare
2832 1252 3184 1336 prmceptum.
3201 1254 3335 1336 C_ain
3348 1268 3477 1336 ergo
3504 1254 3778 1335 primoge-

2136 1370 2148 1381 .
2184 1324 2327 1378 nitus
2352 1324 2497 1382 ﬁlius.
2512 1325 2628 1393 ejus
2654 1340 2810 1393 quem
2838 1324 2908 1380 sit
2934 1324 3189 1389 imitatus,
3216 1325 3346 1381 dum
3382 1324 3597 1380 lintrem
3625 1325 3775 1379 occi-

2186 1393 2265 1466 dit
2302 1393 2471 1464 (Gen.
2498 1409 2568 1466 tv,
2598 1394 2702 1466 8),
2749 1396 3089 1452 homicidium
3136 1396 3329 1458 facere,
3378 1405 3435 1451 ut
3478 1395 3778 1452 ostendatis

2186 1465 2477 1536 interrogo.
2498 1465 2733 1533 Quatuor
2753 1468 2895 1521 enim
2919 1467 3080 1522 fuisse
3100 1475 3227 1523 tunc
3249 1466 3494 1523 homines
3520 1466 3776 1535 legimus,

2186 1535 2355 1591 Adam
2386 1535 2590 1590 scilicet
2613 1548 2667 1592 et
2693 1537 2877 1603 Evam,
2914 1538 3087 1607 ipsum
3118 1539 3268 1604 Cain,
3299 1548 3355 1593 et
3379 1537 3514 1593 Abel
3555 1538 3778 1592 fratrem

2186 1607 2319 1676 ejus,
2349 1616 2406 1662 et
2446 1623 2512 1661 ex
2558 1607 2639 1661 his
2686 1610 2955 1663 neminem
3002 1607 3192 1665 fecisse
3224 1610 3394 1675 primo
3424 1607 3780 1664 homicidium

2187 1676 2510 1749 invenimus,
2564 1678 2684 1744 nisi,
2730 1688 2787 1733 ut
2830 1679 2964 1742 dixi,
3002 1678 3154 1747 Gaio.
3184 1679 3282 1743 Die
3320 1695 3468 1749 ergo,
3496 1680 3777 1747 haeretice,

2185 1747 2329 1803 unde
2352 1748 2453 1803 hoc
2481 1749 2747 1817 didicerit,
2768 1765 2995 1820 quemve
3026 1750 3182 1805 fuerit
3212 1747 3465 1817 imitatus,
3491 1751 3536 1805 si
3563 1765 3778 1807 morum

2186 1834 2251 1875 ex
2282 1820 2452 1875 altero
2484 1820 2535 1877 in
2565 1820 2790 1876 alterum
2823 1823 3047 1876 transire
3071 1831 3282 1878 constat
3318 1822 3613 1877 imitatione
3645 1836 3779 1890 pec-

2186 1899 2384 1962 catum,
2423 1899 2478 1962 et
2522 1906 2624 1944 non
2664 1893 3011 1962 conceptione
3047 1900 3401 1951 contractum.
3429 1892 3599 1948 Omne
3627 1894 3780 1948 enim

2186 1961 2328 2030 quod
2356 1961 2669 2016 imitandum
2697 1973 2803 2029 est,
2826 1974 2914 2019 aut
2942 1963 3148 2017 videtur
3172 1964 3361 2029 oculis,
3392 1974 3482 2019 aut
3505 1972 3653 2019 certa
3685 1979 3779 2018 re-

2188 2031 2385 2086 latione
2409 2034 2721 2101 concipitur.
2750 2035 2827 2088 An
2852 2034 3130 2090 excusabis
3152 2034 3499 2089 homicidium
3522 2050 3628 2088 non
3651 2049 3782 2090 esse

2188 2104 2502 2172 peccaturo?
2528 2105 2592 2157 Et
2633 2103 2761 2173 quid
2799 2106 3059 2175 nequius?
3090 2106 3180 2159 Dic
3218 2106 3350 2175 jam,
3377 2106 3464 2160 dic
3494 2106 3654 2161 toties
3694 2107 3782 2159 in-

2189 2175 2478 2246 terroganti
2523 2175 2673 2240 mihi,
2703 2175 2832 2229 Cain
2876 2191 3032 2245 quem
3067 2177 3277 2239 viderit,
3310 2190 3340 2229 a
3367 2193 3473 2246 quo
3497 2186 3781 2231 narratum

2186 2244 2414 2300 audierit
2465 2245 2808 2300 homicidium
2860 2244 3242 2316 perpetratum.
3294 2244 3397 2303 Sed
3449 2247 3783 2302 constrictus

2188 2316 2402 2370 vinculo
2423 2317 2681 2382 veritatis,
2712 2332 2809 2372 nec
2826 2317 3042 2386 januam
3069 2319 3445 2387 propositionis
3470 2328 3575 2373 tuae
3597 2326 3785 2387 paten-

2191 2395 2298 2458 tem
2330 2387 2606 2442 inveniens
2636 2390 2890 2453 exeundi,
2923 2389 2987 2443 ad
3013 2389 3231 2458 januam
3257 2389 3520 2444 sermonis
3547 2388 3784 2457 apostoli

2189 2456 2335 2529 Pauli
2364 2458 2663 2526 rupe-dabis,
2692 2468 2749 2512 ut
2775 2459 2875 2514 iter
2900 2456 3128 2526 rectum,
3164 2461 3209 2514 si
3242 2460 3396 2525 velis,
3427 2456 3599 2529 possis
3626 2460 3784 2515 ince—

2189 2527 2338 2593 dere,
2368 2537 2527 2597 atque
2552 2529 2683 2583 mihi
2713 2530 3061 2601 interroganti
3099 2532 3279 2586 dicere
3305 2527 3605 2590 veritatem.
3635 2530 3783 2585 Vere

2189 2614 2294 2653 non
2326 2614 2533 2652 morum
2562 2600 2871 2663 imitatione,
2895 2600 2989 2656 sed
3020 2602 3239 2657 seminis
3266 2602 3540 2669 sparsione
3564 2609 3786 2657 constat

2190 2685 2285 2738 per
2312 2685 2473 2724 unum
2506 2670 2779 2726 hominem
2822 2681 3096 2740 peccatum
3139 2674 3365 2727 intrasse
3402 2674 3454 2727 in
3490 2672 3779 2740 tuendum,

2189 2748 2244 2795 et
2264 2755 2360 2810 per
2378 2749 2646 2808 peccatum
2667 2751 2890 2796 mortem
2912 2762 2925 2807 ;
2948 2752 3002 2799 et
3021 2743 3092 2798 ita
3111 2744 3162 2798 in
3181 2758 3373 2799 omnes
3385 2744 3628 2798 homines
3650 2760 3782 2813 per-

2192 2813 2465 2884 transisse,
2509 2813 2562 2866 in
2603 2828 2707 2881 quo
2743 2828 2932 2868 omnes
2968 2824 3339 2884 peccaverunt.
3379 2815 3452 2869 Ex
3495 2824 3784 2884 peccatore

2186 2897 2319 2952 ergo
2352 2883 2543 2948 Adam,
2580 2883 2821 2952 genitore
2860 2883 2978 2952 suo,
3016 2883 3144 2940 Cain
3181 2887 3381 2953 primus
3414 2883 3692 2955 peccatum
3722 2886 3784 2940 in

2190 2961 2343 3009 utero
2369 2955 2554 3009 matris
2579 2955 2859 3026 contraxit,
2886 2964 2941 3010 et
2962 2958 3149 3010 tertius
3174 2955 3334 3011 homo
3360 2968 3514 3011 natus
3539 2966 3623 3012 est
3650 2971 3784 3026 pec-

2189 3034 2340 3096 cator
2364 3040 2430 3078 ex
2460 3033 2619 3096 utero
2643 3025 2778 3091 ejus.
2805 3025 2952 3080 Mens
2983 3028 3189 3082 interna
3218 3028 3388 3096 patrio
3418 3036 3634 3096 peccato
3657 3025 3785 3082 erat

2183 3093 2295 3163 jam
2336 3094 2542 3164 captiva
2580 3095 2792 3150 diabolo
2819 3097 2859 3162 ί,
2886 3097 3008 3152 inde
3034 3093 3265 3153 imbutus
3304 3107 3387 3153 est
3420 3093 3615 3162 celum,
3650 3098 3786 3154 inde

2191 3165 2442 3219 invidiam
2470 3165 2655 3220 habuit
2680 3178 2735 3222 et
2764 3168 2981 3223 livorem
3009 3186 3020 3221 :
3051 3169 3173 3223 inde
3201 3184 3306 3223 non
3344 3184 3552 3224 morum
3592 3169 3783 3223 imita-

2190 3235 2337 3309 tione
2371 3237 2711 3309 homicidium
2734 3280 2749 3301 ,
2787 3237 2883 3294 sed
2916 3240 3185 3295 voluntate
3214 3240 3570 3309 praecipitatus
3596 3238 3781 3294 admi-

2189 3308 2406 3380 sit.AQui
2434 3307 2578 3363 enim
2605 3324 2767 3365 unum
2796 3318 3092 3378 peccatum,
3131 3311 3180 3365 id
3216 3307 3305 3365 est
3343 3307 3606 3377 diabolus,
3634 3324 3783 3380 prie-

2188 3378 2547 3435 varicantibus
2586 3380 2771 3451 primis
2815 3381 3002 3436 inllixit
3044 3381 3367 3447 hominibus,
3395 3382 3506 3451 ipse
3542 3378 3655 3451 pen
3676 3381 3785 3437 hoc

2189 3394 2547 3435 varicanttuus
2621 3395 2771 3434 rtmts
2815 3394 3002 3436 mumt
3044 3394 3367 3447 nominibus,
3395 3396 3506 3451 ipse
3542 3396 3638 3451 per
3676 3394 3783 3437 hoc

2189 3450 2331 3523 quod
2359 3465 2547 3523 omnes
2576 3394 2797 3523 (iubsque
2823 3452 2959 3514 solo,
2989 3462 3046 3506 ut
3071 3467 3230 3522 supra
3253 3453 3452 3507 dictum
3481 3462 3593 3523 est,
3613 3451 3783 3507 Chri-

2190 3517 2295 3593 sto)
2316 3517 2594 3593 nascendo
2616 3517 2911 3593 traxerunt,
2935 3523 3085 3578 illicit
3109 3517 3269 3579 etiam
3306 3534 3498 3578 czetera
3524 3566 3540 3589 ,
3568 3522 3699 3577 dum
3730 3524 3784 3578 ei

2192 3606 2287 3664 per
2314 3592 2535 3645 liberum
2561 3592 2837 3647 arbitrium
2863 3597 3215 3662 consentitur,
3245 3595 3504 3649 committi
3533 3603 3780 3664 peccata.

2190 3661 2473 3716 Peccatum
2506 3678 2632 3731 ergo
2656 3664 2966 3732 protoplasti
2995 3681 3183 3721 omnes
3202 3661 3491 3732 trahimus,
3524 3661 3633 3719 non
3662 3680 3786 3719 mo-

2190 3748 2307 3807 rum
2361 3733 2675 3807 imitatione,
2722 3734 2816 3789 sed
2870 3738 3089 3792 seminis
3123 3738 3143 3768 ³
3179 3736 3527 3807 conceptione
3572 3753 3586 3789 :
3639 3735 3786 3790 sicut

2192 3806 2445 3873 scriptum
2472 3814 2574 3869 est,
2604 3803 2736 3857 Ecce
2760 3807 2888 3860 enim
2914 3811 2965 3860 in
2988 3808 3333 3873 iniquitatibus
3350 3803 3620 3874 conceptus
3640 3823 3783 3873 smn,

2192 3884 2237 3929 et
2250 3875 2311 3952 in
2334 3875 2525 3952 delictis
2543 3876 2738 3952 peperit
2756 3893 2833 3931 me
2847 3887 3005 3932 mater
3024 3896 3132 3933 mea
3148 3876 3319 3952 (Psal.
3342 3894 3394 3952 ιτ,
3414 3878 3784 3952 7)._Cons_tant

2193 3947 2349 4019 etiam
2382 3956 2435 4001 et
2462 3946 2759 4019 imitatione
2787 3964 2993 4005 morum
3023 3946 3256 4019 peccata,
3288 3946 3542 4004 imitando
3573 3949 3786 4004 scilicet

2192 4018 2398 4087 malos:
2423 4017 2517 4072 sed
2549 4026 2606 4070 ut
2629 4018 2748 4086 quis
2779 4017 3228 4087 imitetur’malos,
3252 4030 3455 4076 naturae
3483 4028 3567 4074 est
3585 4020 3785 4074 vitium

2192 4086 2514 4155 depravatae,
2555 4104 2655 4156 qua
2701 4087 2868 4144 factus
2896 4100 2982 4146 est
3002 4090 3021 4122 ³
3046 4086 3221 4147 malus
3244 4102 3298 4148 et
3324 4092 3639 4155 malitiosus,
3670 4107 3787 4146 non

2193 4167 2380 4212 natura
2409 4174 2439 4212 a
2470 4161 2580 4213 Deo
2608 4159 2853 4213 conditus
2882 4162 3071 4217 malus.
3096 4163 3177 4217 Ob
3206 4164 3306 4217 hoc
3333 4164 3473 4217 enim
3501 4170 3558 4216 et
3583 4170 3788 4217 natura

2194 4228 2288 4302 lilii
2319 4232 2431 4302 ira,
2472 4230 2539 4302 ab
2573 4231 2829 4298 Apostolo
2866 4232 2977 4300 jam
3026 4233 3270 4302 baptizati
3318 4234 3478 4288 fuisse
3520 4232 3783 4287 dicimur.

2193 4300 2379 4369 Onuiis
2400 4301 2539 4354 enim
2562 4303 2845 4356 carnaliter
2872 4300 3116 4369 nascens,
3141 4313 3326 4360 natura
3351 4304 3488 4359 lilius
3514 4305 3607 4357 ira:
3633 4311 3789 4359 recte

2193 4368 2386 4425 dicitur
2414 4371 2432 4447 (
2458 4371 2727 4447 ΕρζιεδΪ-ιι.
2756 4373 2791 4428 ὅ
2816 4370 2858 4447 ),
2890 4375 3022 4447 (μιὶιι
3042 4368 3229 4430 natura
3269 4384 3352 4431 est
3393 4374 3708 4447 proloplasti
3736 4374 3783 4447 ‘,

2192 4456 2312 4515 quae
2355 4443 2498 4515 prior
2537 4442 2609 4515 in,
2634 4443 2723 4515 illo
2756 4442 2971 4515 propter
2992 4445 3243 4502 delictum
3287 4442 3417 4500 iram
3456 4446 3658 4515 judicis
3687 4445 3786 4501 Dei

2186 4511 2331 4585 juste
2358 4513 2379 4544 ⁸
2404 4514 2658 4585 suscepit.
2684 4514 2739 4568 Si
2758 4511 2914 4569 enim
2947 4516 3195 4575 delictum
3225 4517 3362 4585 ejus,
3394 4511 3487 4585 per
3523 4517 3695 4585 quod,
3725 4523 3787 4570 ut

2193 4582 2323 4646 dixi,
2355 4584 2420 4637 ad
2453 4585 2582 4637 iram
2612 4585 2891 4639 Dominum
2918 4582 3370 4656 provocavitfuon
3395 4582 3782 4652 traheremus;

2193 4669 2462 4727 nunquam
2492 4663 2675 4727 natura
2700 4656 2790 4711 lilii
2818 4657 2910 4711 ira:
2931 4659 3249 4713 diceremur.
3270 4658 3333 4712 lit
3358 4658 3475 4712 ideo
3497 4667 3785 4727 peccatum

2190 4725 2308 4794 ejus
2334 4741 2441 4779 non
2471 4726 2645 4779 solum
2673 4727 2866 4795 ipsum,
2891 4729 2985 4782 sed
3012 4746 3169 4783 omne
3196 4731 3376 4783 nocuit
3398 4725 3567 4797 genus
3596 4729 3787 4783 huma-

2193 4811 2343 4864 num,
2364 4811 2486 4851 cum
2514 4797 2626 4865 ejus
2655 4797 2997 4853 damnatione
3019 4800 3039 4831 ⁶
3065 4801 3218 4854 simul
3263 4810 3314 4855 et
3348 4800 3558 4867 culpam
3589 4816 3786 4855 susce-

2193 4868 2387 4937 pimus.
2432 4868 2558 4936 leus
2599 4869 2743 4925 enim
2785 4884 2883 4924 nos
2922 4870 3226 4926 vulneratos
3269 4887 3387 4925 esse
3425 4870 3644 4938 delicto,
3681 4871 3786 4926 Vas

2194 4939 2382 5005 probat
2414 4939 2706 5004 electionis,
2735 4953 2854 4993 cum
2885 4940 3031 5002 dicit,
3066 4941 3186 4996 Non
3222 4944 3352 4996 enim
3385 4952 3455 4995 est
3484 4943 3787 5005 distinctio;

2192 5025 2364 5084 omnes
2380 5010 2525 5084 enim
2546 5020 2887 5079 peccaverunt,
2909 5020 2963 5084 et
2991 5022 3132 5083 egent
3161 5013 3322 5081 gloria
3347 5012 3443 5067 Dei
3472 5013 3490 5084 (
3517 5011 3672 5066 Rom.
3703 5029 3784 5078 ιιι,

2191 5079 2306 5153 22).
2334 5081 2585 5146 Dicenda,
2614 5098 2801 5153 omnes,
2832 5079 3035 5137 nullum
3065 5079 3291 5152 excepit,
3326 5079 3564 5153 quiniino
3608 5092 3785 5138 totum

2192 5151 2480 5205 declaravit
2500 5167 2666 5219 genus
2688 5151 2996 5208 humanum.
3018 5151 3537 5209 Peccaveruntenim
3564 5170 3783 5221 omnes,

2193 5238 2312 5294 cum
2343 5238 2408 5276 ex
2437 5238 2544 5276 uno
2585 5232 2862 5291 peccatore
2905 5241 3093 5280 omnes
3135 5225 3407 5283 nascimur
3444 5233 3783 5294 peccatores.

2194 5292 2417 5362 Propter
2443 5294 2582 5365 quod
2613 5294 2799 5348 iterum
2828 5294 2966 5349 idem
2994 5294 3122 5350 dicit
3145 5298 3416 5365 apostolus
3441 5292 3459 5348 ἑ
3475 5293 3626 5365 Nam
3643 5297 3790 5365 judi-

2192 5366 2323 5418 cium
2348 5380 2411 5419 θέε
2439 5382 2539 5418 uno
2567 5364 2620 5417 in
2646 5364 3110 5420 condemnationem
3145 5364 3165 5440 (
3188 5364 3276 5421 Id.
3299 5383 3354 5434 v,
3387 5368 3452 5422 l6
3472 5364 3515 5437 ).
3550 5364 3655 5421 Exi
3678 5382 3787 5438 quo

2256 5498 2273 5529 ί
2298 5496 2437 5563 editi,
2458 5498 2694 5563 captivam
2712 5511 2759 5563 _a_
2768 5494 2970 5563 diabolo.
2993 5506 3047 5563 A_t
3069 5507 3194 5563 Mss,
3214 5498 3401 5563 captiva
3418 5497 3627 5563 diabolo.
3654 5500 3791 5563 Idem

2195 5535 2694 5632 ιριιιέξῖίάῖ
2993 5535 3053 5622 ’ξ
3069 5535 3639 5628 Ἔὰἶῶῶνὲἇῐιὶἲυῖῗέὶ

2195 5623 2368 5674 delicto
2388 5623 2620 5688 captivus.

2256 5687 2276 5716 ³
2300 5691 2351 5733 in
2368 5693 2494 5746 Mss,
2513 5683 2763 5737 mnium.

2257 5747 2735 5823 ἲέἷεξιθνθδσὲίὲάίοθξν
2759 5753 3030 5823 ’πεωεθακ
3147 5810 3158 5823 .
3218 5807 3252 5823 ,.

2257 5809 2280 5877 ξ
2302 5810 2449 5860 tidem
2473 5811 2682 5877 codices,
2700 5809 2793 5877 hoc
2813 5810 2935 5873 loco,
2950 5809 3267 5877 primoplasti.

2259 5872 2348 5937 ξω
2373 5879 2500 5937 Mss,
2530 5872 2616 5924 Dei
2627 5872 2764 5937 justi.

2264 5934 2285 5964 ⁸
2307 5934 2607 5996 ttemigianus
2627 5934 2730 5995 ωδ..
2757 5934 3121 5986 danmationcm.
