4006 6484
497 528 714 572 eramus
736 519 874 568 sicut
899 524 1029 566 oves
1052 517 1327 576 errantes;
1355 507 1509 566 audis
1533 506 1701 565 semel
1727 522 1825 578 pro
1850 503 2085 578 peccatis

498 586 710 659 nostris
730 591 997 639 mortuum
1034 581 1365 659 justum_pro
1396 580 1627 650 injustis,
1659 577 1843 659 ut’nos
1866 577 2089 659 oﬂ'erret

497 657 632 722 Deo,
662 654 714 710 id
735 662 835 721 est,
869 650 1089 723 peccaio
1113 650 1326 709 exsules
1354 660 1630 707 revocaret
1650 650 1716 704 ad
1738 650 1937 723 Deum:
1957 657 2011 723 et
2030 650 2086 703 in

494 719 735 784 tenebris
781 719 1123 780 conscientiae
1156 732 1260 778 tute
1294 732 1528 778 tractans
1572 730 1785 777 eructas
1837 719 2081 787 nebulas,

495 799 690 870 quibus
715 797 893 852 lumen
922 810 1110 870 verum
1147 794 1385 870 tetraref
1409 793 1643 858 conaris,
1672 800 1729 847 et
1754 791 1887 847 dicis
1927 806 2084 870 posse

498 863 772 936 hominem
805 882 898 936 per
923 867 1146 921 liberum
1178 864 1458 936 arbitrium
1478 905 1492 928 ,
1523 872 1774 931 tanquam
1802 879 1897 932 per
1925 877 1985 936 se
2014 863 2086 918 sit

495 935 740 1006 idoneus,
781 934 999 1008 implere
1015 936 1157 1006 quod
1189 936 1354 991 velit?
1383 934 1527 1008 Idem
1551 936 1722 1008 ipsum
1751 943 1834 1008 est
1858 934 2000 988 enim
2029 943 2087 989 et

493 1008 627 1067 illud
657 1010 797 1082 quod
826 1005 1070 1080 ﬂagitatis
1090 1021 1220 1082 voce
1249 1006 1479 1082 superba
1503 1023 1517 1059 :
1555 1024 1574 1058 ι
1604 1005 1660 1061 Si
1686 1006 1804 1060 volo
1823 1015 2086 1082 ,__s_an_ctus

493 1096 646 1147 sum;
675 1076 723 1137 si
751 1076 1121 1150 volofpeccn;
1154 1078 1198 1133 si
1224 1079 1344 1150 volo
1373 1080 1415 1144 ²,
1446 1092 1551 1150 non
1583 1092 1763 1147 pecco.
1787 1096 1805 1129 ι
1837 1076 1977 1132 Nihil
1999 1077 2081 1150 vi-

494 1152 693 1209 delicet
718 1152 860 1207 aliud
891 1147 1129 1206 aStrnitis
1166 1150 1263 1205 ista
1289 1148 1550 1214 dicendo,
1582 1150 1681 1202 nisi
1702 1189 1717 1214 ,
1752 1157 1807 1202 ut
1836 1147 2105 1217 superius-

486 1223 600 1294 jam
622 1224 820 1279 dictum
848 1232 949 1287 est,
975 1220 1216 1294 Christus
1238 1220 1466 1294 veniens
1481 1220 1609 1274 nihil
1636 1218 1787 1294 nobis
1818 1220 2081 1294 praestitit,

490 1290 626 1350 nihil
643 1295 848 1361 salutis,
868 1292 1254 1362 nihiladjutorii
1273 1291 1513 1355 contulit,
1539 1306 1683 1345 mors
1694 1291 1811 1355 ejus
1823 1290 1948 1343 nihil
1970 1305 2086 1362 pro-

492 1364 593 1421 fuit
609 1367 781 1431 nobis,
806 1360 948 1419 salus
976 1360 1151 1418 nostra
1168 1362 1424 1416 naturalis
1436 1362 1703 1418 estnobis.
1717 1362 1862 1416 Talia
1888 1360 2081 1430 praedi-

493 1438 741 1493 cantibus
767 1436 900 1490 lides
926 1434 1186 1490 catholica
1213 1433 1343 1488 dicit
1369 1432 1649 1487 anathema
1684 1451 1696 1486 :
1738 1434 1909 1489 credit
1938 1434 2079 1486 enim

492 1509 637 1578 quod
664 1509 809 1563 salus
836 1506 1065 1561 hominis
1109 1520 1178 1560 ex
1207 1505 1317 1559 Deo
1345 1503 1415 1557 sit
1440 1503 1680 1578 Christus
1708 1504 1751 1569 ⁸,
1779 1502 1929 1578 cujus
1960 1504 2079 1578 vul-

490 1572 623 1635 nere
651 1580 873 1634 liberum
897 1587 1134 1631 nostrum
1162 1585 1379 1629 curatur
1397 1584 1452 1629 ct
1470 1572 1787 1628 reformatur
1801 1572 2078 1629 arbitrium

492 1651 859 1717 vulneratum,
892 1649 980 1719 qui
1003 1662 1222 1702 aversos
1249 1664 1278 1700 a
1306 1661 1363 1700 se
1388 1645 1614 1719 gratuita
1642 1646 1923 1719 gratiasua
1951 1660 2079 1700 con-

491 1722 654 1776 vertit
673 1722 739 1777 ad
761 1738 838 1786 se,
872 1716 925 1775 et
953 1730 1009 1773 ut
1029 1720 1136 1773 Deo
1164 1718 1405 1787 placeant
1427 1716 1676 1785 operibus
1701 1716 1871 1779 bonis,
1895 1731 2079 1787 opera-

488 1798 579 1847 tur
614 1793 665 1847 in
698 1793 776 1847 eis
802 1801 853 1845 et
882 1792 1017 1846 velle
1046 1799 1099 1845 et
1139 1786 1297 1859 posse
1330 1806 1342 1840 :
1389 1803 1614 1859 quorum
1656 1802 1869 1859 cursum
1899 1786 1949 1840 in
1976 1786 2078 1841 hac

487 1863 593 1917 vita
622 1874 839 1933 propter
860 1862 1089 1916 futuram
1119 1857 1297 1933 veram
1329 1857 1513 1933 vitam,
1545 1857 1909 1933 misericordia
1939 1873 2074 1926 prte-

482 1928 754 1989 Veniendo
778 1944 833 1989 et
858 1930 1230 2003 subsequendo
1254 1930 1466 2000 perlicit
1493 1929 1625 2003 ipse.
1661 1929 1822 2003 Igitur
1847 1928 2076 1984 liberum

468 2004 765 2061 ifzbitrium
812 1999 1115 2058 hominibus
1157 1999 1310 2066 esse,
1360 2008 1506 2056 certa
1543 1999 1647 2054 lide
1675 1999 1973 2065 credimus,
2017 2007 2075 2055 ct

474 2075 1249 2149 lirasdis-amusjndubitemer-

556 2146 785 2203 CAPUT
817 2145 904 2201 IV.
921 2147 1058 2199 ——-l.
1085 2144 1191 2200 Sed
1212 2159 1309 2198 cur
1328 2142 1554 2197 libermn
1574 2142 1781 2197 dicatur
1799 2141 2070 2210 abitrium,

484 2227 568 2272 est
591 2219 862 2288 paululum
889 2215 1293 2288 disserendum._
1308 2213 1609 2288 Arbitrium
1621 2213 1824 2268 scilicet
1846 2214 1913 2288 ab
1932 2213 2075 2288 arbi-

486 2284 681 2345 trando
710 2288 956 2344 rationali
978 2286 1424 2349 consideratione,
1449 2284 1532 2339 vel
1560 2284 1915 2339 discernendo
1943 2284 2071 2353 quid

482 2360 678 2430 eligat,
705 2361 901 2430 quidve
941 2367 1185 2421 recuset,
1239 2366 1367 2430 puto
1394 2355 1551 2430 quod
1594 2369 1790 2430 nomen
1810 2356 2067 2430 accepit:

483 2425 608 2486 idco
633 2429 655 2463 δ
685 2425 911 2490 liberum
943 2430 1143 2485 dictum
1164 2470 1178 2489 ,
1220 2425 1362 2497 quod
1393 2426 1445 2479 in
1488 2440 1585 2480 sua
1613 2426 1682 2479 sit
1709 2425 1938 2494 positum
1971 2442 2070 2496 po-

483 2510 697 2568 testate,
725 2502 924 2556 habens
949 2499 1140 2569 agendi
1161 2496 1304 2569 quod
1328 2496 1453 2551 velit
1480 2496 1904 2569 possibilitatem,
1929 2498 2071 2567 quod

481 2580 567 2626 est
591 2564 767 2627 vitalis
796 2581 848 2625 et
869 2564 1142 2625 rationalis
1166 2564 1359 2623 animae
1388 2564 1582 2622 motus.
1606 2564 1710 2623 Sed
1739 2564 2069 2636 hujusnfodi,

482 2653 544 2696 ut
586 2653 710 2697 ante
742 2643 853 2712 jam
880 2641 1019 2705 dixi,
1057 2641 1152 2695 luit
1195 2638 1518 2712 inlhomine
1542 2637 1907 2712 protoplasto,
1946 2655 2068 2712 curii

481 2728 608 2769 ante
636 2707 911 2784 peccatum
949 2721 1191 2784 maneret
1206 2710 1431 2784 illtesus:
1473 2707 1591 2764 Non
1613 2710 1759 2784 enim
1791 2725 1899 2784 per
1925 2710 2069 2784 aliud

482 2780 752 2839 contraxit
792 2784 1046 2838 olfensam
1068 2823 1083 2848 ,
1118 2782 1216 2837 nisi
1250 2796 1344 2851 per
1378 2780 1429 2835 id
1457 2795 1564 2850 quo
1609 2781 1631 2812 ⁸
1658 2781 1850 2850 potuit,
1882 2797 1950 2838 ne
1973 2780 2071 2836 de-

479 2853 749 2924 liuqueret
773 2898 786 2921 ,
818 2856 1070 2909 resistere
1100 2852 1361 2908 suadenti.
1408 2851 1509 2924 Per
1536 2852 1673 2906 velle
1714 2867 1840 2924 ergo
1865 2852 2069 2907 malum

479 2921 628 2980 recte
656 2926 885 2995 perdidit
909 2940 1065 2994 p0sse
1096 2924 1321 2995 bonum,
1347 2922 1433 2992 qui
1460 2937 1552 2995 per
1572 2938 1729 2995 posse
1754 2921 1951 2995 bonum
1973 2940 2071 2995 po-

479 2996 584 3050 tuit
612 2992 826 3052 vincere
867 2992 1005 3051 velle
1044 2996 1261 3049 malum.
1290 2994 1459 3060 Quem
1496 2992 1638 3061 juste
1665 2994 1813 3048 Deus
1829 2993 1938 3064 jam
1973 2992 2069 3049 de-

481 3067 610 3121 licto
648 3070 915 3137 captivum
944 3068 1201 3122 voluntati
1239 3065 1540 3137 depravatae
1583 3064 1918 3137 dimisitput
1951 3064 2068 3120 haec

479 3138 656 3194 eidem
696 3134 837 3194 esset
876 3153 1032 3209 plena
1074 3138 1129 3193 in
1169 3152 1287 3209 non
1316 3134 1558 3209 faciendo
1595 3135 1736 3204 quod
1766 3136 1933 3209 velit,
1977 3138 2067 3209 qui

481 3226 699 3279 semper
717 3211 759 3265 si
793 3206 903 3265 Deo
926 3211 1109 3264 fuisset
1134 3207 1410 3279 obediens,
1442 3206 1690 3279 sullicere
1709 3207 1972 3279 potuisset
1996 3207 2064 3262 ad

478 3277 641 3335 omne
666 3281 863 3336 bonum
890 3281 1032 3350 quod
1059 3279 1329 3335 voluisset.
1363 3277 1557 3350 Malum
1585 3277 1767 3350 utique
1792 3278 1929 3333 velle
1961 3294 2067 3333 non

478 3366 549 3406 ex
587 3362 791 3407 natura:
827 3348 939 3407 sua:
965 3351 1270 3406 conditione
1302 3350 1439 3403 bona
1478 3348 1690 3411 habuit,
1727 3358 1976 3419 tauquam
1998 3365 2065 3405 ex

478 3424 763 3491 eougenito
802 3424 970 3487 malo,
1002 3432 1062 3477 ut
1099 3421 1419 3476 Manichacus
1457 3419 1653 3491 credit;
1695 3418 1791 3474 sed
1830 3418 1898 3475 ex
1926 3420 2067 3491 acci-

479 3489 626 3547 denti
654 3494 919 3549 desiderio
951 3506 1112 3561 pravo
1141 3492 1403 3559 concepit,
1428 3489 1674 3561 videlicet
1698 3505 1842 3557 cum,
1873 3500 1932 3545 ut
1952 3490 2063 3560 jam

478 3564 725 3633 superius
746 3565 875 3631 dixi,
900 3560 965 3619 ad
991 3564 1416 3618 manducandum
1434 3560 1654 3633 vetitum
1677 3561 1898 3633 lignum,
1921 3562 2065 3632 quod

479 3630 625 3690 nolle
653 3634 856 3700 debuit,
885 3650 1164 3692 assensum
1197 3633 1451 3701 serpenti,
1481 3631 1531 3685 id
1562 3640 1645 3685 est
1670 3630 1904 3699 diabolo,
1929 3630 2063 3702 pra:-

478 3703 639 3761 buit:
680 3707 822 3775 quod
861 3716 1110 3777 tanquam
1152 3721 1181 3758 a
1221 3703 1401 3777 radice
1441 3703 1620 3777 vitiata
1665 3702 1947 3777 omnisies
1971 3703 2079 3759 illo'

477 3787 596 3831 orta
625 3772 853 3832 humana
888 3772 1119 3848 propago
1148 3775 1434 3848 contraxit,
1457 3774 1661 3848 absque
1686 3774 1801 3828 solo
1826 3772 2060 3848 Christo,

476 3850 566 3917 qui
598 3848 829 3905 adventu
858 3844 1315 3919 Spiritussancti,
1342 3860 1448 3919 non
1478 3844 1711 3899 humano
1733 3845 1958 3909 semine,
1988 3861 2061 3919 ex

476 3915 641 3975 carne
661 3921 878 3986 virginis
899 3915 1077 3976 lactus
1099 3917 1185 3974 est
1206 3932 1352 3973 caro.
1380 3915 1483 3970 Per
1506 3924 1781 3986 peccatum
1807 3930 1935 3986 ergo
1951 3958 1965 3980 ,
1994 3916 2061 3970 li-

475 3988 665 4045 berum
690 3985 965 4047 arbitrium
1006 3990 1238 4045 hominis
1262 3985 1630 4060 possibilitatis
1652 3985 1850 4042 bonum
1877 3985 2061 4056 perdi-

476 4059 574 4125 dit,
604 4077 709 4115 non
742 4077 937 4115 nomen
964 4071 1018 4116 et
1042 4059 1327 4115 rationem.
1539 4062 1548 4071 '

548 4132 601 4186 5.
646 4133 758 4195 Est,
786 4130 1033 4195 fatemur,
1061 4131 1293 4185 liberum
1314 4129 1591 4183 arbitrium
1612 4127 1859 4183 omnibus
1884 4128 2061 4184 homi-

474 4201 655 4268 nibus,
703 4202 907 4256 habens
953 4202 1166 4272 quidem
1206 4199 1467 4272 judicium
1516 4198 1758 4272 rationis,
1811 4213 1919 4272 non
1952 4216 2061 4272 iper

474 4273 619 4343 quod
648 4274 717 4328 sit
747 4269 997 4327 idoneum
1024 4289 1142 4341 qua:
1168 4271 1237 4325 ad
1276 4272 1444 4324 Deum
1474 4271 1763 4343 pertinent,
1792 4269 1910 4343 sine
1948 4271 2059 4325 Deo

473 4339 568 4421 aut
595 4344 849 4421 inchoare
883 4352 973 4397 aut
993 4339 1138 4421 certe
1167 4356 1421 4421 peragere
1451 4339 1581 4394 :sed
1616 4347 1817 4421 tantum
1847 4340 1900 4394 in
1930 4354 2061 4421 ope-

470 4415 624 4470 ribus
646 4416 772 4470 vitae
799 4415 1096 4485 praesentis,
1129 4410 1239 4468 tam
1276 4410 1452 4472 b‘onis,
1499 4425 1659 4485 quam
1687 4410 1846 4485 etiam
1877 4410 2055 4485 malis.

473 4486 639 4542 Bonis
657 4474 943 4557 dicoIqua:
969 4486 1037 4541 de
1057 4474 1199 4540 bono
1220 4491 1425 4557 natura:
1442 4474 1779 4557 oriuntur_,_i_d
1798 4489 1900 4545 est,
1919 4483 2059 4557 velle

471 4556 719 4627 laborare
762 4559 814 4613 in
842 4551 995 4627 agro,
1027 4556 1166 4627 velle
1196 4554 1521 4627 manducare
1567 4559 1622 4606 et
1675 4551 2058 4627 bibere,.v_elle

470 4624 671 4683 habere
696 4622 947 4694 amicum,
980 4622 1117 4683 velle
1140 4626 1339 4681 habere
1375 4624 1704 4689 indumenta,
1736 4623 1870 4678 velle
1896 4622 2058 4680 labri-

471 4716 596 4754 care
619 4700 859 4764 domum,
896 4713 1119 4754 uxorem
1151 4697 1290 4752 velle
1337 4696 1555 4759 ducere,
1606 4708 1797 4762 pecora
1828 4695 2053 4762 nutrire,

470 4779 641 4824 artem
672 4770 881 4826 discere
902 4770 1235 4824 diversarum
1251 4782 1430 4822 rerum
1448 4765 1728 4829 bonarum,
1748 4766 1885 4820 velle
1905 4766 2059 4836 quid-

474 4839 602 4910 quid
628 4841 826 4895 bonum
858 4841 923 4893 ad
953 4848 1275 4909 prmsentem
1299 4842 1534 4907 pertinet
1553 4836 1722 4910 vitam
1753 4853 1766 4888 :
1792 4853 1911 4910 qua:
1940 4854 2055 4893 om-

472 4907 560 4965 nia
592 4928 698 4965 non
743 4911 859 4964 sine
889 4907 1251 4980 gubernaculo
1273 4910 1456 4963 divino
1486 4907 1801 4980 subsistunt,
1855 4908 1963 4980 imo
1991 4925 2057 4964 ex

471 4981 591 5049 ipso
617 4992 670 5037 et
696 4997 793 5053 per
823 4978 994 5050 ipsum
1026 4990 1171 5053 sunt,
1191 4980 1271 5036 vel
1290 4996 1410 5053 esse
1433 4987 1731 5053 coeperunt}.
1756 4978 1916 5053 Malis
1926 4994 2058 5053 vero

470 5047 613 5120 dico,
648 5047 998 5114 ut'est,'velle
1025 5052 1225 5107 idolum
1251 5051 1431 5106 colere
1459 5090 1475 5115 ,
1507 5047 1643 5103 velle
1685 5047 2053 5120 homicidium,

470 5118 609 5179 velle
652 5122 970 5178 adulterium
1023 5124 1217 5187 facere,
1264 5137 1353 5177 res
1394 5120 1595 5175 alienas
1622 5119 1758 5174 velle
1798 5118 2051 5190 diripere,

467 5195 639 5251 Deum
667 5195 932 5249 viventem
962 5194 1011 5248 in
1038 5194 1230 5248 szecula
1260 5192 1650 5263 blasphemare,
1678 5191 1814 5263 velle
1835 5193 2059 5261 turpiter

467 5269 671 5332 vivere,
704 5266 841 5319 velle
871 5265 1129 5320 malelicia
1168 5261 1411 5330 discere,
1440 5262 1578 5319 velle
1602 5261 1853 5316 inebriari
1889 5273 1943 5317 et
1969 5264 2056 5317 lu-

468 5340 685 5392 xuriose
706 5336 1050 5402 vivere,velle
1070 5335 1323 5407 quidquid
1342 5351 1448 5389 non
1474 5335 1597 5407 licet
1613 5334 1695 5407 vel
1722 5350 1826 5407 non
1845 5334 2059 5404 expedit

468 5407 700 5476 operari.
731 5407 835 5464 Sed
866 5409 963 5462 ista
992 5404 1106 5463 non
1141 5404 1407 5477 pertinent
1449 5404 1515 5477 ad
1557 5404 1905 5477 substantiam
1934 5407 2057 5460 vita:

469 5473 767 5545 praesentis,
799 5480 923 5549 quia
956 5496 1060 5534 non
1085 5473 1209 5533 sunt
1236 5493 1264 5530 a
1291 5478 1399 5530 Deo
1418 5493 1441 5549 ;_
1457 5475 1563 5529 imo
1593 5474 1730 5529 male
1743 5473 2059 5549 desiderata

471 5551 741 5606 maculant
766 5545 928 5605 vitam
950 5566 1070 5621 quae
1098 5559 1181 5606 est
1200 5565 1231 5602 a
1263 5549 1391 5603 Deo.
1424 5546 1528 5601 Ista
1556 5554 1680 5601 sunt
1708 5545 1912 5611 zizauia
1937 5548 2056 5603 ani-

530 5683 547 5710 ¹
575 5678 713 5737 Μία,
732 5675 1004 5727 detrahere.
1024 5683 1082 5726 At
1103 5683 1232 5735 Mss,
1254 5677 1448 5724 tetrarc.

530 5742 552 5773 ⁸
575 5745 648 5790 sic
668 5750 777 5788 uss.
797 5739 932 5795 εαξη,
957 5738 1000 5789 si
1020 5738 1143 5789 nolo.

530 5812 553 5836 α
575 5809 626 5850 tn
646 5800 763 5851 solis
786 5802 946 5858 editis,
965 5800 1170 5850 Christo.

534 5863 557 5894 δ
574 5873 674 5911 Am.
699 5868 772 5910 Er.
802 5869 853 5909 et
877 5870 1004 5923 Mss,
1028 5860 1101 5923 uel
1121 5860 1249 5923 ideo.

534 5924 558 5959 ³
576 5934 675 5973 Am.
695 5930 748 5974 et
774 5929 880 5972 uss.
924 5919 1009 5974 ver
1024 5922 1235 5985 idquod.
1256 5919 1889 5983 Ebrtdpbeusiscodexmer
1906 5922 2052 5985 quod.

1709 382 2116 448 APPENDICIS
2142 383 2323 444 PARS
2358 384 2589 445 PRIMA.

3382 299 3497 327 ’κν-κομι
3526 299 3569 315 κ

3643 394 3793 458 1624

2193 517 2301 583 mae
2322 502 2622 583 carnisque,
2670 502 3063 583 qureinimmus
3087 505 3250 565 homo
3267 549 3284 575 ,
3320 506 3377 566 id
3405 517 3493 567 est
3517 510 3790 583 diabolus,

2193 573 2712 651 dormitante—Adam
2729 618 2745 642 ,
2770 576 2865 632 Dei
2892 576 3139 651 videlicet
3167 573 3491 651 praeceptum
3521 599 3629 641 non
3650 573 3791 644 con-'-

2190 656 2469 725 servante,
2500 648 2553 725 in
2590 647 2759 702 libero
2799 649 3084 725 seminavit
3121 647 3404 725 arbitrio]
3435 652 3627 710 Matth.
3661 674 3788 725 xm,

2191 715 2305 787 25),
2337 718 2389 773 in
2422 719 2629 791 quibus
2674 719 2959 788 proclivior
3005 729 3060 776 et
3114 723 3346 791 paratior
3391 715 3473 780 est
3518 742 3680 791 quam
3732 715 3791 789 ni

2191 790 2462 861 prosperis
2491 791 2762 846 vulnerata
2788 800 2847 861 et
2892 790 3177 861 depravata
3210 798 3476 852 voluntas.
3517 790 3623 853 l'sta
3658 812 3791 858 sunt

2190 858 2386 942 diabeli
2403 876 2598 942 opera,
2623 877 2753 942 quae
2771 858 3017 942 Christus
3040 864 3135 919 Dei
3162 864 3335 942 Patris
3359 864 3617 942 Verbum,
3638 874 3788 942 quod

2190 939 2272 1012 est
2300 931 2505 1014 gladius
2529 933 2613 988 bis
2637 931 2849 1014 acutus,
2883 932 3406 1014 in_huuc__munduni
3435 931 3682 1014 veniens,
3715 959 3787 1000 ex

2190 1001 2396 1072 virgine
2417 1011 2593 1080 natus,
2623 1004 2691 1058 de
2715 1004 3055 1080 credentium
3095 1006 3268 1080 libero
3291 1009 3513 1080 arbitrio
3546 1001 3783 1080 gratuita

2188 1089 2286 1128 sua
2309 1074 2478 1143 gratia
2492 1083 2751 1144 amputat,
2780 1075 3026 1133 idoneam
3038 1077 3091 1133 in
3107 1076 3311 1135 eisdem
3329 1079 3398 1135 ad
3410 1074 3741 1139 credendum
3764 1088 3783 1118 ⁸

2192 1159 2496 1220 pra‘parans
2536 1147 2882 1212 voluntatem,
2931 1164 3025 1220 per
3067 1165 3227 1220 quam
3272 1153 3475 1220 possint
3527 1161 3636 1209 tam
3680 1154 3783 1211 Dei

2189 1213 2365 1270 Patris
2401 1232 2558 1297 quam
2609 1232 2759 1297 suam
2801 1213 3103 1291 sanctique'
3125 1213 3355 1292 Spiriius
3388 1223 3633 1294 justam'
3653 1241 3784 1297 per-

2187 1300 2347 1356 agere
2383 1288 2727 1343 voluntatem.

2260 1356 2313 1413 6.
2356 1357 2567 1437 Namea
2590 1374 2709 1437 esse
2733 1375 2896 1429 opera
2922 1359 3117 1437 diaboli
3141 1372 3196 1419 et
3218 1380 3311 1434 per
3328 1363 3613 1437 Christum
3634 1367 3778 1437 tolli,

2188 1427 2416 1507 dilectus
2433 1429 2632 1507 Christi
2644 1427 2885 1507 _Joanncs
2917 1433 3104 1501 probat
3130 1427 3405 1507 apostolus
3446 1438 3499 1492 in
3530 1427 3781 1507 Epistola

2186 1513 2281 1581 sua
2310 1500 2660 1581 dicensiaui
2700 1503 2824 1581 facit
2860 1500 3142 1581 peccatum,
3269 1505 3472 1562 diabolo
3512 1500 3782 1581 est-igua-

2186 1569 2324 1649 njam
2350 1571 2413 1625 ab
2435 1573 2583 1649 initio
2606 1569 2835 1628 diabolus
2861 1569 3081 1649 peccat.“
3197 1577 3293 1649 hoc
3318 1581 3572 1649 apparuit,
3596 1569 3777 1638 Filius

2187 1640 2303 1707 Dei,
2336 1652 2391 1722 ul
2425 1643 2667 1722 dissolvat
2695 1660 2850 1722 opera
2869 1640 3084 1722 '_diaboli
3109 1646 3131 1719 (
3161 1646 3178 1700 Ι
3206 1640 3363 1703 ,Ιοαηξ
3387 1640 3447 1722 ὶμ
3465 1690 3479 1713 ,
3505 1651 3540 1707 8
3564 1648 3609 1722 ).
3636 1651 3776 1710 Item

2186 1713 2457 1787 apostolus
2485 1713 2683 1787 Petrus
2699 1713 2750 1769 in
2775 1715 2993 1772 Actibus
3022 1713 3397 1787 Apostolorum
3416 1713 3774 1780 inter'caatera

2184 1782 2252 1838 de
2282 1782 2492 1839 Christo
2511 1786 2584 1839 ait
2608 1802 2620 1837 :
2648 1785 2752 1863 Qui
2763 1782 3088 1863 pertransivii
3104 1788 3458 1863 benefaciendo
3474 1801 3521 1848 et
3538 1795 3776 1851 mando

2184 1870 2355 1926 cuine:
2376 1872 2642 1926 oppressos
2666 1875 2696 1909 ιι
2720 1858 2921 1913 diabolo
2940 1900 2955 1924 ,
2988 1858 3389 1926 quoniam'Dcus
3430 1872 3540 1918 erat
3577 1865 3632 1919 in
3678 1866 3774 1922 illo

2184 1924 2320 1994 (Act.
2348 1924 2544 2004 3,58).
2574 1927 2701 2004 item
2723 1924 3012 2004 apostolus:
3030 1931 3221 2004 Paulus
3244 1933 3311 1986 ad
3339 1932 3595 1990 Hebraeos
3619 1954 3632 1989 :
3666 1936 3774 2004 Qui

2182 2012 2297 2075 cum
2339 1998 2421 2059 sit,
2458 1998 2646 2067 inquit,
2692 2000 2932 2075 splendor
2954 2001 3136 2075 gloria:
3171 2011 3216 2075 et
3266 2005 3432 2075 ﬁgura
3467 1998 3774 2064 substme

2182 2068 2313 2136 ejus,
2344 2079 2648 2149 parmasque
2667 2071 2844 2149 omnia
2862 2068 3006 2149 verbo
3026 2074 3227 2149 _uirtutis
3253 2068 3378 2149 age,
3413 2077 3777 2149 purgationem

2218 2148 2499 2216 ecgatorum
2520 2141 2728 2216 faciens,
2732 2142 2892 2216 _sedet
2918 2141 2987 2216 ad
3002 2143 3259 2216 degerem
3284 2141 3458 2201 Patris
3481 2141 3699 2216 ('Hebr.
3728 2166 3772 2213 ι.

2221 2210 2259 2276 ).
2282 2207 2411 2264 Item
2439 2210 2490 2264 in
2519 2207 2703 2288 eadem
2721 2212 2965 2288 ‘Epistola
3000 2232 3012 2267 :
3047 2213 3107 2269 Si
3128 2216 3260 2269 enim
3284 2207 3775 2288 sanguis'hircaruni

2179 2289 2225 2333 et
2247 2289 2525 2361 taurorum,
2559 2291 2605 2361 ei
2631 2284 2758 2361 cinis
2777 2282 2948 2338 uitulae
2964 2301 3219 2361 aspersus,
3237 2282 3523 2361 inquinatos
3533 2292 3775 2361 sanctiﬁ-

2178 2359 2261 2432 eat
2294 2352 2372 2432 ,σιξ
2415 2351 2819 2432 emundatignem
2865 2351 3070 2420 carnis;
3113 2351 3315 2428 quanto'
3354 2360 3515 2432 magis
3553 2351 3775 2432 sanguis

2181 2420 2387 2499 Christi,
2409 2425 2507 2499 ⁸ιιιιὲ
2540 2441 2629 2499 ρας
2673 2423 2933 2499 Spiritum
2954 2420 3183 2499 sanctum
3217 2420 3539 2499 semetipsum
3580 2420 3774 2487 obt'ulit

2177 2491 2557 2548 immaculatum
2584 2491 2727 2558 Deo,
2749 2497 3034 2550 eniundavit
3069 2491 3424 2554 corwcientiam
3450 2510 3674 2555 nostram
3700 2504 3771 2558 ab

2178 2564 2408 2641 operibus
2435 2567 2644 2641 ntortuis
2672 2568 2741 2620 ad
2763 2569 3079 2641 serviendum
3108 2568 3216 2624 Deo
3243 2571 3423 2641 viventi
3440 2571 3548 2639 (Id.
3573 2588 3651 2639 ιι,
3670 2574 3769 2641 15,

2179 2635 2314 2705 M)?
2343 2635 2511 2706 Perge
2540 2637 2737 2697 adhuc.
2762 2636 3032 2702 hmrctice,
3056 2647 3111 2694 et
3149 2641 3305 2695 tantis
3334 2635 3646 2699 doctoribus
3663 2635 3768 2700 ve;

2177 2706 2351 2762 ritatis
2380 2707 2656 2775 resistens,
2700 2708 2788 2762 dic
2816 2708 3039 2765 liberum
3067 2711 3345 2766 arbitrium
3375 2713 3454 2767 sic
3481 2730 3547 2768 ex
3588 2714 3770 2771 Adam

2176 2787 2518 2854 susceptum,
2547 2789 2605 2854 u_t
2633 2778 2898 2854 medicina
2924 2779 3126 2854 Christi
3152 2798 3257 2838 non
3284 2784 3545 2854 indigens,
3572 2800 3670 2854 per
3699 2801 3769 2842 se

2176 2847 2277 2922 sibi
2309 2848 2539 2922 sul‘liciat
2584 2850 2806 2919 implere
2844 2851 2985 2922 quod
3011 2853 3155 2908 velit.
3190 2847 3421 2918 Audis:
3439 2847 3541 2910 Dei
3561 2847 3769 2913 Filium

2176 2918 2255 2975 sic
2283 2921 2613 2995 apparuisse,
2647 2918 2899 2995 ut_0pera
2936 2923 3258 2995 dissolveret
3296 2924 3529 2990 diaboli;
3579 2926 3764 2995 audis,

2175 3006 2297 3046 eum
2314 2991 2435 3045 ideo
2460 2993 2834 3061 pertransisse,
2858 3003 2911 3047 ut
2935 2992 3316 3050 benefaciendo
3332 3007 3547 3052 sanaret
3566 2991 3767 3054 omnes

2175 3078 2463 3139 oppressos
2491 3078 2522 3118 a
2544 3063 2790 3128 diabolo;
2834 3064 3005 3139 audis,
3031 3066 3446 3139 verbolvirtutis
3485 3083 3599 3123 sua:
3628 3085 3765 3139 pur-

2174 3134 2439 3209 gationem
2485 3143 2822 3209 peccatorum
2852 3134 3078 3209 fecisse;
3118 3136 3304 3205 audis,
3339 3140 3595 3209 sanguine
3628 3134 3764 3207 suo,

2174 3203 2450 3259 ollerendo
2478 3219 2537 3261 se
2564 3206 2960 3261 immaculatum
2978 3207 2999 3239 ³
3026 3203 3462 3275 υεομηιιιίᾱιιεεέ
3478 3203 3770 3267 οοηεείεηέ

2176 3277 2301 3330 tiam
2326 3284 2559 3330 nostram
2580 3278 2647 3332 ab
2672 3278 2923 3346 operibus
2949 3278 3169 3334 mortuis
3198 3279 3263 3334 ad
3279 3280 3620 3336 serviendum
3648 3283 3768 3338 Deo

2174 3347 2408 3420 viventi:
2442 3357 2495 3401 et
2523 3347 2857 3420 gratimcjus
2890 3348 3128 3420 ingratus
3171 3351 3440 3417 existens,
3481 3366 3671 3407 sanum
3709 3364 3766 3409 te

2175 3417 2485 3492 naturaliter
2513 3417 2667 3488 putas
2696 3419 2921 3492 liberum
2942 3417 3219 3492 arbitrium
3251 3421 3560 3492 possidere?
3582 3424 3636 3478 Si
3663 3438 3766 3479 sa-

2173 3504 2277 3543 nus
2304 3497 2386 3543 est
2410 3488 2591 3554 homo,
2626 3500 2682 3544 ut
2705 3489 2870 3544 Adam
2901 3507 2932 3545 a
2959 3491 3068 3546 Deo
3094 3488 3323 3560 primum
3350 3491 3520 3548 fuerat
3542 3494 3769 3550 institu-

2175 3570 2279 3625 tus,
2312 3569 2384 3626 et,
2400 3569 2459 3635 ut
2479 3560 2579 3626 ais,
2600 3560 2800 3635 nulluin
2822 3562 3005 3616 vitium
3028 3570 3210 3635 postea
3237 3578 3299 3618 ex
3315 3563 3404 3635 illo
3404 3563 3765 3635 delinquente

2172 3630 2439 3686 contraxit
2460 3642 2679 3707 exortus
2700 3648 2732 3707 ;_
2747 3630 3043 3707 interrogo,
3066 3633 3135 3689 de
3152 3649 3257 3703 quo
3279 3634 3372 3690 Dei
3402 3633 3567 3690 Filius
3578 3630 3766 3707 ‘appa-

2172 3717 2301 3775 rens
2320 3717 2491 3775 opera
2505 3700 2767 3775 dissolvit
2795 3700 3034 3758 diaboli?
3062 3700 3220 3774 quein
3253 3700 3678 3775 pertranseundo
3702 3718 3767 3763 et

2171 3771 2555 3849 benefaciendo
2594 3774 2797 3827 sanavit
2840 3771 3152 3849 oppressum
3191 3791 3226 3849 _a
3254 3771 3527 3849 'diabolo?
3560 3777 3612 3849 in
3650 3792 3768 3849 quo

2172 3844 2542 3915 purgationem
2571 3853 2907 3907 peccatorum
2930 3843 3094 3901 fecit?
3119 3846 3271 3915 cujus
3297 3847 3605 3903 emundavit
3626 3843 3770 3903 con-

2123 3958 2132 3967 .
2171 3913 2446 3971 scientiam
2474 3913 2542 3969 ab
2556 3915 2807 3983 operibus
2828 3916 3051 3971 mortuis
3075 3916 3139 3970 ad
3162 3913 3498 3973 serviendum
3533 3919 3641 3973 Deo
3667 3923 3764 3975 vl-

2172 3986 2502 4059 \_'enti?_Nisi
2533 3984 2667 4059 [orte
2717 3984 2855 4059 falsa
2894 3986 3008 4059 hare
3046 3988 3363 4059 Apostolus,
3394 3989 3487 4058 qui
3530 3999 3656 4044 sunt
3703 3990 3767 4046 in

2170 4055 2413 4112 Ecclesia
2446 4056 2705 4131 catholica
2732 4057 3029 4131 clarissima
3070 4055 3289 4124 lumina,
3320 4055 3642 4131 praedicasse
3672 4060 3768 4116 di-

2169 4131 2338 4203 catis,
2359 4128 2793 4203 experimentum
2820 4127 3065 4203 videlicet
3088 4127 3391 4203 quaerentes
3410 4130 3547 4203 ejus,
3568 4132 3666 4203 qui
3703 4133 3767 4188 in

2170 4198 2249 4270 eis
2272 4197 2295 4229 ’⁵
2325 4199 2535 4270 locutus
2561 4208 2642 4252 est
2670 4198 2864 4253 Christi
2896 4198 2915 4269 (
2945 4199 2985 4253 ll
3012 4197 3132 4256 Cor.
3162 4216 3261 4256 χιιι
3280 4241 3295 4265 ,
3323 4202 3357 4257 5
3382 4197 3767 4270 )CQuid—enim

2169 4269 2340 4344 orhaii
2363 4269 2823 4344 lumincveritatis
2846 4270 3149 4344 nondlcere
3176 4269 3525 4344 prwsitmatis,
3544 4274 3636 4344 qui
3652 4290 3768 4331 nec

2170 4338 2273 4416 legi
2297 4339 2415 4416 Dei,
2444 4355 2551 4416 n_ec_
2573 4340 2870 4416 Proghetis,
2886 4341 2968 4395 vel
2991 4338 3278 4416 livangelio
3291 4340 3508 4416 Christi,
3526 4338 3768 4416 eiusque

2171 4411 2782 4485 ApostolislSApiritulDei
2807 4412 3122 4467 canentibus
3151 4411 3375 4469 Credere
3412 4411 3589 4485 vultis,
3623 4411 3766 4484 pec~

2168 4492 2288 4536 cato
2311 4481 2464 4551 primi
2485 4481 2713 4553 hominis
2744 4482 3033 4538 humanum
3066 4498 3237 4553 genus
3263 4485 3488 4539 mortale
3528 4481 3765 4553 factum,

2168 4552 2487 4622 cactcrisque
2522 4552 2692 4607 libero
2721 4554 2943 4607 arbitrio
2979 4552 3271 4621 depravato
3296 4555 3585 4610 obnoxium
3613 4552 3761 4612 sub;

2162 4624 2343 4693 jacere
2357 4624 2605 4697 peccatis,
2630 4623 2722 4678 Dei
2746 4639 2957 4697 quoque
2978 4623 3169 4697 Filium
3183 4626 3249 4679 ad
3268 4625 3367 4680 hoc
3380 4626 3695 4682 salvandum
3712 4630 3766 4697 ⁸,

2168 4694 2545 4765 reparandum,
2597 4705 2755 4764 atque
2800 4695 3170 4750 viviﬁcandum
3212 4698 3421 4753 venisse
3458 4698 3513 4751 in
3558 4694 3769 4755 simili;

2168 4766 2550 4889 tudinecaprnis
2577 4765 2798 4836 peccati,
2829 4767 3145 4823 sustinuisse
3163 4768 3318 4836 mori,
3343 4770 3707 4825 resurrexisse
3731 4787 3770 4826 a

2169 4846 2392 4889 morth

2169 4837 2392 4891 mortuis

2237 4906 2463 4963 CAPUT
2492 4906 2556 4981 Υ.
2581 4907 2719 4960 -7.
2742 4907 2915 4981 igitur
2930 4924 3061 4981 cum
3093 4909 3161 4965 de
3199 4910 3365 4965 libero
3393 4911 3618 4966 arbitrio
3642 4914 3771 4981 agi-

2168 4994 2307 5043 mus,
2335 4994 2443 5033 non
2473 4978 2543 5033 de
2570 4987 2718 5053 parte
2742 4980 2972 5035 hominis
2992 4981 3221 5051 agimus,
3244 4982 3337 5037 sed
3359 4981 3426 5037 de
3445 4991 3555 5035 toto
3590 4978 3770 5053 :qtiia

2167 5066 2292 5105 cum
2321 5050 2750 5124 peccavitliomo
2782 5052 3003 5118 primus,
3032 5050 3137 5124 non
3164 5053 3218 5107 in
3249 5064 3395 5124 parte
3423 5053 3622 5124 aliqua,
3643 5050 3770 5109 sed

2169 5130 2297 5183 tota,
2325 5136 2427 5194 qua
2448 5121 2694 5175 conditus
2717 5130 2816 5187 est,
2845 5131 3030 5176 natura
3056 5123 3295 5194 deliquit.
3320 5121 3588 5193 Numquid
3610 5125 3772 5181 enim

2168 5192 2434 5265 interdum
2484 5206 2606 5247 cum
2656 5201 2858 5246 tantum
2889 5194 3120 5248 animam
3166 5192 3524 5259 nominamus,
3554 5210 3776 5265 corpus

2165 5271 2258 5336 aut
2306 5262 2551 5336 spiritum
2597 5277 2910 5336 separamus
2956 5265 3026 5319 ab
3053 5266 3274 5320 anima?
3312 5266 3420 5320 Aut
3464 5281 3587 5320 cum
3643 5262 3773 5336 spi-

2168 5333 2349 5407 ritum
2375 5333 2633 5407 diuinitus,
2688 5334 2921 5390 animam
2973 5351 3285 5406 separamus
3337 5345 3392 5392 et
3433 5352 3630 5407 corpus
3678 5333 3770 5394 ab

2166 5404 2391 5479 spiritu?
2442 5406 2524 5479 vel
2582 5421 2702 5460 cum
2756 5421 2950 5475 corpus
3001 5404 3373 5479 appellaturus,
3420 5404 3775 5479 seju’ngimus

2167 5478 2412 5549 spiritum
2440 5477 2781 5546 animamque
2824 5492 2853 5530 a
2889 5478 3148 5549 corpore?
3180 5478 3372 5535 Vitiata
3408 5494 3538 5551 ergo
3582 5477 3770 5537 libero

2231 5615 2250 5643 ³
2274 5610 2652 5674 Plerique_lttss.,
2668 5607 2998 5663 crescendtan.

2229 5675 2252 5737 ξ
2273 5679 2401 5737 ιεει,
2418 5672 2629 5722 unitum.

2230 5735 2252 5769 ⁸
2268 5742 2343 5786 Er.
2366 5732 2417 5785 et
2437 5742 2568 5793 Lov.,
2593 5748 2643 5785 se
2665 5732 3023 5786 inunaculatam
3041 5733 3261 5786 hostiam.

2229 5797 2252 5868 ξ
2275 5798 2493 5848 Nonnulli
2516 5804 2645 5868 Mss,
2669 5805 2935 5868 quwrentcs
2966 5809 3131 5850 eorum
3153 5808 3261 5862 qua
3288 5796 3341 5848 in
3372 5795 3461 5850 eis.
3483 5802 3541 5851 lt
3556 5794 3785 5865 quidam

2168 5859 2342 5918 codex,
2364 5866 2632 5920 querentes
2654 5871 2764 5917 quin
2780 5859 2831 5910 in
2851 5860 2935 5911 eis.
3166 5859 3175 5862 ⁷
3294 5901 3312 5920 .

2233 5924 2254 5954 ι
2277 5921 2475 5982 Quidam
2499 5930 2624 5987 Mss,
2650 5921 2921 5975 sanandam
