3994 6470
190 431 331 494 1625

191 543 444 609 arbitrio,
475 549 618 597 totus
656 538 817 595 homo
851 543 932 596 est
964 536 1221 609 vitiatus,
1253 553 1349 607 per
1378 535 1519 607 quod
1563 534 1767 609 absque

188 608 455 685 adjutorio
480 611 817 685 ψαύω),ὼο
835 608 976 685 quod
998 609 1220 685 placeat,
1242 624 1342 665 nec
1362 608 1764 685 valetiucipere,

190 677 289 743 nec
306 677 563 756 perﬁcere
591 681 804 756 sufﬁcit.
838 677 1168 736 Praevenitur
1187 689 1364 735 autem
1406 677 1690 756 medicina,
1716 677 1769 732 id

192 749 517 822 est,'Christi
547 754 733 825 gratia,
765 762 825 808 ut
848 762 1086 825 sanetur,
1108 760 1163 807 et
1191 759 1469 820 reparetur
1497 751 1552 805 in
1581 749 1770 825 eodem

190 820 371 882 vitiata
396 820 912 896 atque'praeparetur
942 823 1205 896 voluntas,
1234 838 1351 893 qua:
1386 836 1606 896 semper
1635 820 1773 896 iudi-

187 915 321 971 geus
367 899 422 952 in
455 892 778 971 adjutorium
810 895 830 927 ί
879 893 1215 950 illuminante
1254 892 1430 964 gratia
1480 892 1769 971 salvatoris

187 964 359 1039 possit
386 979 491 1023 tam
521 964 707 1022 'Deum
752 980 1097 1039 cognoscere,
1124 980 1281 1039 quam
1322 964 1611 1039 secundum
1653 964 1770 1033 ejus

188 1034 372 1097 vivere
405 1041 749 1093 voluntatem.
778 1034 911 1092 cum
958 1036 1101 1092 enim
1143 1034 1272 1091 dicit
1315 1052 1412 1105 per
1457 1034 1770 1105 prophetam

186 1113 470 1177 Dominus,
510 1108 581 1164 Et
599 1108 728 1163 dabo
754 1108 806 1162 in
835 1125 921 1162 vos
946 1124 1034 1161 cor
1054 1122 1234 1162 novum
1253 1116 1300 1161 et
1319 1108 1551 1177 spiritum
1581 1121 1764 1160 novum

187 1182 406 1255 (Ezech.
441 1197 625 1255 xxxvi,
655 1180 747 1255 26)
779 1196 792 1234 :
822 1179 947 1249 quid
973 1178 1115 1255 aliud
1146 1177 1426 1255 signiﬁcat,
1456 1178 1557 1255 nisi
1584 1177 1774 1255 volun-

187 1248 328 1310 tates
356 1253 630 1307 hominum
677 1248 851 1321 lapsas
893 1250 1330 1319 praevaricatione
1368 1249 1565 1304 veteris
1597 1248 1769 1303 homi-

185 1327 289 1388 nis,
321 1340 417 1394 per
437 1324 705 1377 Christum
736 1338 930 1378 novum
959 1321 1227 1394 hominem
1251 1322 1505 1394 reparari,
1548 1328 1603 1374 et
1633 1335 1769 1387 pra:-

183 1391 365 1469 parai'i
413 1395 479 1448 ad
502 1395 609 1469 _Dei
637 1393 1148 1469 voluptatein,.sibut
1192 1391 1445 1461 scriptum
1492 1394 1776 1469 est,__l_{rte:

186 1460 404 1534 paratur
431 1465 661 1520 voluntas
687 1482 719 1518 a
746 1464 964 1519 Domina
991 1461 1010 1534 (
1038 1462 1194 1519 Prov.
1239 1460 1353 1526 vui,
1397 1478 1497 1516 sec.
1548 1460 1689 1516 LXX
1713 1460 1773 1530 )?

183 1533 389 1593 lterum
419 1536 694 1606 apostolus
722 1534 937 1599 Paulus,
990 1533 1125 1589 Deus
1162 1542 1252 1598 est,
1300 1533 1490 1603 inquit,
1528 1534 1615 1606 qui
1641 1549 1763 1603 opes

181 1620 335 1663 ratur
365 1609 418 1662 in
450 1604 583 1661 vobis
608 1617 653 1660 et
687 1607 813 1661 velle
840 1618 886 1660 et
916 1606 1190 1677 per/icere,
1232 1622 1326 1674 pro
1355 1606 1486 1677 bona
1516 1604 1774 1677 voluntate

210 1678 453 1750 Philipp.
477 1695 532 1743 ιι,
565 1679 655 1747 15)
688 1695 700 1731 :
735 1694 794 1731 ea
823 1675 1023 1746 utique,
1050 1692 1169 1746 quae
1198 1685 1281 1732 est
1309 1676 1362 1730 in
1389 1675 1487 1741 eis,
1512 1685 1568 1729 ut
1587 1675 1717 1741 dixi,
1743 1689 1775 1729 a

206 1752 418 1804 )omiuo
460 1760 564 1804 tam
611 1758 853 1818 reparata
898 1750 918 1780 ’
962 1764 1122 1817 quam
1170 1760 1484 1817 praeparata,
1526 1754 1601 1818 ut
1634 1754 1776 1818 esset

184 1822 368 1886 bona;
400 1823 452 1875 in
473 1836 575 1889 qua
605 1816 800 1889 se’jam
833 1816 1002 1874 ﬁdelis
1033 1816 1195 1873 homo
1214 1832 1546 1888 cognoscens
1573 1816 1773 1872 illumi-

185 1904 398 1957 natum,
434 1901 490 1946 ut
512 1890 578 1945 ad
607 1892 698 1946 Dei
728 1905 943 1962 semper
971 1890 1042 1945 sit
1065 1889 1298 1962 paratior
1322 1890 1668 1962 voluntatem,
1693 1904 1777 1962 se-

187 1973 354 2019 cutus
381 1964 576 2019 clamat
602 1962 623 1993 ³
646 1963 711 2017 ad
759 1958 879 2017 eum
916 1958 1121 2027 dicens,
1162 1958 1262 2016 Cor
1291 1961 1538 2029 mundum
1579 1976 1692 2013 crea
1723 1960 1776 2014 in

183 2052 285 2097 me,
320 2034 483 2099 Deus,
516 2045 562 2087 et
590 2034 824 2103 spiritum
852 2041 1040 2087 rectum
1064 2033 1249 2086 innova
1286 2032 1337 2085 in
1364 2029 1629 2103 visceribus
1653 2030 1777 2085 meis

183 2105 362 2178 (Psal.
398 2122 448 2169 L,
480 2104 580 2178 12)
600 2100 627 2158 ε’
642 2115 717 2171 el,
753 2103 1137 2178 Βᾳιίειαρσιιιοε
1178 2118 1348 2178 nteos,
1378 2110 1427 2156 et
1452 2100 1777 2178 considerabo

183 2171 446 2231 mirabilia
471 2176 535 2229 de
552 2171 669 2247 lege
692 2185 776 2228 tua
803 2173 981 2247 (Psal.
1004 2190 1193 2247 cxvtu,
1225 2173 1313 2245 18)
1346 2192 1358 2228 :
1382 2171 1778 2247 et,_Notamfac_

182 2248 336 2312 mihi,
371 2243 764 2303 Dominefviam
792 2243 846 2299 in
870 2262 970 2315 qua
995 2246 1244 2299 ambulem
1270 2243 1299 2298 :'
1319 2254 1373 2300 et
1393 2285 1407 2308 ,
1441 2243 1656 2298 Domine
1673 2285 1687 2307 ,
1710 2243 1781 2297 ad

185 2329 233 2391 t_e
258 2319 472 2391 confugi
494 2334 513 2382 ,'
536 2317 663 2391 doce
690 2333 768 2391 me
793 2321 958 2391 facere
984 2318 1477 2391 voluntatemtuam,
1504 2316 1625 2391 quia
1644 2324 1699 2391 tu
1722 2331 1773 2370 es

185 2389 335 2445 Dens
362 2385 543 2458 ntéiis(
578 2387 702 2442 Psal
728 2403 889 2453 cxul,
923 2387 1060 2443 8-10
1086 2385 1125 2458 ).
1153 2386 1307 2454 Quod
1332 2387 1377 2441 si
1402 2402 1501 2441 vox
1539 2387 1637 2440 ista
1667 2386 1777 2456 jam

185 2461 463 2517 credentis
483 2475 589 2514 non
621 2468 723 2525 cst,
756 2458 1025 2529 quomodo
1046 2457 1377 2529 invocabant
1405 2457 1457 2512 in
1487 2472 1646 2527 quem
1674 2472 1778 2512 non

184 2531 535 2587 crediderunt
564 2530 737 2600 (Rom.
770 2528 826 2591 x.
860 2529 984 2599 is)?
1014 2528 1128 2583 Non
1155 2544 1283 2599 ergo
1309 2528 1469 2583 homo
1495 2529 1766 2584 voluntate

186 2618 286 2657 sua
315 2602 492 2657 adhuc
518 2603 567 2655 iu
602 2601 729 2656 vitio
745 2600 896 2656 liberi
920 2600 1121 2655 arbitrii
1147 2600 1497 2664 claudicante,
1525 2600 1781 2669 praevenit

185 2673 361 2728 Deum
392 2683 448 2727 ut
471 2681 790 2743 cognoscat,
832 2680 885 2726 et
911 2680 1115 2742 qumrat
1140 2686 1264 2743 eum
1291 2669 1346 2736 ⁸,
1374 2679 1622 2743 tanquam
1655 2687 1779 2743 gra—

184 2746 321 2799 tiam
365 2759 461 2814 pro
509 2742 711 2798 meritis
759 2753 1109 2813 accepturus;
1152 2742 1247 2799 sed
1289 2742 1569 2814 praecedit,
1590 2751 1646 2795 ut
1669 2742 1780 2809 jam

184 2815 328 2876 dixi.
356 2812 849 2870 misericordissima
878 2814 1046 2883 gratia
1073 2830 1167 2869 sua
1208 2814 1346 2868 Deus
1373 2812 1604 2868 hominis
1635 2815 1783 2882 igno-

185 2886 370 2941 rantis
395 2896 446 2941 et
466 2885 688 2940 necdum
716 2902 774 2939 se
798 2885 1087 2954 qua2rentis
1112 2884 1439 2939 voluntatem
1461 2884 1614 2954 liberi
1635 2884 1780 2937 arbi-

188 2958 305 3025 trii,
337 2968 394 3011 ut
411 2973 531 3011 eum
549 2971 608 3010 se
627 2958 765 3010 scire
779 2953 836 3010 et
855 2971 1094 3024 qumrere
1121 2955 1293 3016 faciat,
1318 2954 1453 3009 sicut
1473 2953 1602 3009 dicit
1619 2954 1784 3025 Joan-

188 3023 586 3097 nesapostolus
608 3029 657 3081 in
687 3023 920 3095 Epistola
949 3042 1067 3091 sua,
1111 3027 1312 3081 Scimus
1336 3026 1576 3096 quoniam
1613 3023 1783 3081 Filius

186 3099 290 3152 Dei
310 3100 461 3159 venit,
494 3110 537 3152 et
562 3098 698 3152 dedit
726 3098 866 3151 nobis
889 3114 1113 3168 sensum,
1146 3109 1199 3150 ut
1227 3113 1588 3168 cognoscamus
1607 3112 1780 3168 verum

184 3169 380 3236 Deum,
409 3179 456 3222 et
480 3172 638 3223 simus
666 3170 720 3223 in
747 3185 861 3223 vero
889 3166 1026 3222 Filio
1057 3170 1186 3236 ejus.
1216 3166 1316 3222 Hic
1354 3178 1426 3220 est
1467 3184 1612 3221 verus
1645 3167 1783 3221 Deus

186 3187 380 3236 ueum,
409 3187 456 3222 et
480 3187 638 3223 sanius
666 3187 720 3223 in
747 3187 861 3223 vero
889 3187 1026 3222 riuo
1057 3187 1083 3222 e
1109 3187 1186 3222 us.
1216 3187 1316 3222 mc
1354 3187 1426 3220 est
1467 3187 1612 3221 verus
1645 3187 1782 3221 ueus

186 3250 235 3323 et
255 3243 363 3295 vita
387 3250 577 3295 (eterna
606 3239 626 3323 (
658 3239 673 3292 I
701 3238 866 3323 clean;
892 3238 1049 3323 v,.20
1162 3239 1230 3294 Et
1258 3238 1512 3323 .David’i'u
1535 3238 1782 3323 Psalmis,

186 3312 334 3382 Deus
362 3329 523 3376 meus,
559 3308 900 3379 misericordia
916 3311 1026 3382 ejus
1053 3308 1317 3382 praeveniet
1343 3308 1602 3382 me(Psal.
1635 3325 1779 3382 [:Vlll,

189 3381 286 3455 11)
320 3392 437 3447 :et,
487 3381 628 3455 Deus
642 3423 677 3455 ,γ
698 3392 753 3435 tu
793 3379 1087 3455 convertens
1138 3381 1410 3455 viviﬁcabis
1444 3379 1601 3455 'nos__(
1633 3379 1779 3455 Psal.

188 3451 422 3519 Lx'xmv,
450 3452 531 3523 7).
558 3454 626 3508 Et
657 3453 913 3507 Dominus
939 3454 990 3506 in
1014 3452 1303 3521 Evangelio
1332 3451 1607 3523 discipulis
1631 3451 1779 3523 suis:

191 3524 321 3595 Non
345 3541 433 3579 vos
460 3520 539 3578 me
568 3523 807 3595 elegistis,
835 3522 925 3577 sed
956 3538 1159 3595 egovos
1176 3520 1513 3595 felegi(Joan.
1546 3538 1635 3595 xv,
1664 3522 1779 3595 16).

188 3594 326 3650 Item
354 3595 588 3650 Joannes
606 3593 879 3664 apostolus
908 3610 921 3648 :
949 3593 1015 3647 In
1039 3594 1154 3660 hoc,
1184 3594 1375 3664 inquit,
1397 3594 1636 3663 apparuit
1662 3593 1786 3647 cha-

187 3668 323 3720 ritas
354 3665 447 3720 Dei
476 3667 530 3720 in
572 3666 731 3732 nobis,
760 3666 998 3735 quoniam
1044 3664 1240 3719 Filium
1282 3681 1431 3719 suum
1473 3665 1785 3735 unigenitum

187 3737 329 3792 misit
357 3737 491 3792 Dens
507 3738 558 3791 in
580 3733 842 3800 mundum,
868 3746 925 3790 ut
954 3736 1177 3790 vivamus
1207 3752 1295 3805 per
1325 3751 1459 3788 eum.
1492 3733 1683 3789 In'hoc
1711 3744 1784 3789 est

186 3808 438 3873 charitus,
465 3824 566 3862 non
589 3808 731 3878 quasi
758 3824 849 3861 nos
877 3806 1201 3878 dilexeriptus
1232 3805 1417 3870 Deum,
1436 3806 1525 3861 sed
1546 3807 1784 3878 quoniam

190 3881 339 3949 prior
363 3880 473 3949 ipse
502 3876 678 3932 dilexit
698 3895 809 3941 nos,
828 3886 874 3931 et
902 3878 1036 3949 irrisit
1068 3876 1259 3931 Filium
1284 3893 1433 3949 suum
1460 3877 1783 3948 prapitiatio-

189 3946 309 4004 item
338 3946 432 4020 pro
461 3950 677 4021 peccatis
702 3948 889 4003 nostris
917 3947 960 4072 εἰ
988 3946 1146 4002 Jonn.
1174 3964 1246 4012 IV,
1272 3947 1327 4014 9,
1353 3946 1464 4029 ill).

271 4019 505 4072 CAPUT
534 4018 618 4072 Vl.
640 4049 713 4059 —
735 4020 788 4072 8.
817 4018 916 4072 Nul
942 4034 1029 4072 um
1057 4030 1237 4072 autem
1264 4017 1462 4072 honuni

271 4017 505 4076 CAPUT
534 4018 618 4074 Vl.
640 4049 713 4059 —
735 4020 788 4074 8.
817 4017 1029 4073 Nullum
1057 4030 1237 4073 autem
1264 4017 1494 4073 hominis
1521 4032 1642 4073 esse
1671 4033 1781 4073 me-

188 4093 358 4147 ritum
390 4091 444 4155 iu
474 4091 780 4159 accipienda
806 4089 979 4161 gratia
1004 4090 1070 4161 ad
1097 4091 1323 4161 salutem
1347 4089 1398 4155 ⁸,
1425 4088 1623 4144 Paulus
1652 4103 1784 4158 apo-

187 4164 366 4218 stolus
391 4162 548 4217 docet
574 4158 904 4217 scribens'ad
948 4160 1206 4231 Ephesios
1236 4176 1250 4212 :
1284 4158 1421 4214 Deus
1447 4169 1643 4220 autem,
1675 4161 1780 4225 ait,

187 4234 279 4304 qui
309 4233 451 4288 dives
468 4242 541 4287 est
569 4231 998 4293 inmisericordia,
1025 4242 1230 4301 propter
1257 4232 1468 4285 nimiam
1489 4231 1786 4304 charitatem

186 4301 343 4359 suam
387 4320 491 4374 qua
511 4304 687 4357 dilexit
712 4320 824 4374 nos.
867 4312 912 4357 et
947 4319 1062 4356 cum
1095 4318 1311 4357 essemus
1337 4301 1521 4374 mortui
1546 4303 1784 4373 peccatis,

187 4373 562 4444 conviviﬁcarit
609 4390 701 4428 nos
744 4373 980 4445 Christo,
1026 4374 1175 4445 cujus
1218 4373 1383 4445 gratia
1426 4373 1543 4445 estis
1580 4374 1783 4427 salvati.

193 4445 427 4517 PrOpter
454 4446 683 4511 nimiam,
709 4446 804 4511 ait,
848 4443 1142 4517 charitatent
1167 4443 1437 4517 suumquo
1466 4443 1640 4517 dilexit
1673 4460 1784 4506 nos,

188 4513 552 4587 non'prOpter
581 4528 839 4580 nostram,
871 4515 1018 4587 quasi
1043 4516 1247 4587 priores
1272 4513 1618 4587 dilexerimus
1638 4528 1783 4587 eum,

186 4584 579 4643 cum'ess'emus
608 4587 793 4640 mortui
826 4586 1063 4654 peccatis.
1109 4585 1239 4639 Item
1284 4595 1403 4653 post
1454 4584 1700 4653 pusillum
1733 4585 1786 4639 iu

189 4660 389 4715 eadem
418 4658 657 4728 Epistola
689 4675 701 4710 :
738 4655 928 4728 Gratia,
946 4657 1079 4728 enim
1106 4656 1223 4710 estis
1262 4655 1444 4710 salvati
1488 4669 1577 4724 per
1607 4655 1786 4728 ﬁderit,

187 4740 239 4784 et
261 4730 361 4784 hoc
383 4726 488 4783 non
512 4745 574 4783 ea;
595 4729 768 4791 vobis;
794 4727 886 4781 Dei
914 4727 934 4758 ⁸
957 4727 1147 4781 donum
1169 4735 1277 4790 est;
1307 4742 1407 4779 non
1434 4740 1497 4778 ex
1529 4726 1784 4796 operibus,

188 4811 246 4854 ut
278 4817 342 4855 ne
355 4802 470 4871 quis
495 4798 739 4871 glorietur
769 4798 1072 4871 (Ephes._n,
1094 4798 1147 4862 4,
1179 4797 1231 4861 5,
1261 4797 1326 4871 8._
1344 4796 1422 4866 9).
1454 4796 1675 4871 ltem_ad
1696 4796 1790 4871 ἰξιτ

187 4865 517 4927 ιιιοιιιέιιιιιξ
550 4868 675 4924 Noli
694 4865 862 4936 itaque
894 4867 1185 4922 erubescere
1217 4865 1554 4922 (estinteriium
1582 4865 1788 4921 Domini

186 4944 389 5021 nostri,
413 4959 570 5021 neque
590 4958 668 4995 me
692 4940 911 5021 vinctum
933 4940 1074 5021 ejus;
1104 4937 1193 5021 sed
1216 4937 1475 5021 collabora
1512 4936 1788 5021 Evangelia

184 5009 725 5068 secundum'virtutem
741 5010 859 5076 Dei,
877 5009 962 5080 qui
991 5026 1081 5065 nos
1102 5009 1327 5063 liberavit
1361 5018 1406 5063 et
1430 5010 1620 5063 vocavit
1639 5023 1789 5063 voca-

184 5086 331 5139 tione
354 5094 550 5151 sancta,
569 5100 671 5137 non
685 5082 961 5137 secundum
989 5098 1146 5151 opera
1171 5092 1364 5147 nostra,
1399 5080 1489 5135 sed
1511 5082 1791 5134 secuitdum

186 5156 512 5226 propositum
537 5150 541 5151 ⁷
563 5171 710 5208 suum
753 5162 801 5207 et
839 5150 1080 5223 gratiam,
1108 5167 1250 5226 quia
1275 5151 1414 5226 data
1443 5159 1517 5226 est
1550 5150 1718 5226 nobis_
1734 5150 1790 5226 in

184 5219 401 5284 Christo
427 5225 554 5280 Jesu
577 5235 695 5279 ante
743 5219 971 5295 tempora
1020 5219 1285 5277 swcularia
1332 5222 1417 5293 (Il
1441 5219 1577 5277 Tim.
1620 5237 1661 5291 ι,
1689 5221 1784 5294 8).

254 5411 274 5443 ί
301 5409 380 5459 sic
398 5413 506 5457 uss.
533 5410 589 5455 At
604 5404 741 5464 editi,
1022 5396 1284 5463 adiutorio.

252 5475 276 5504 ³
305 5470 497 5513 Αιίηιιοι
682 5472 781 5513 tam
802 5469 982 5513 creata.

255 5475 276 5504 ³
302 5470 497 5531 Aliquot
524 5474 654 5529 Mss,
682 5472 781 5516 tam
802 5470 982 5514 creata.
1325 5520 1336 5532 .

255 5536 279 5567 ³
304 5530 529 5583 Nonnulli
548 5527 819 5588 Mss.,ulad
844 5524 934 5577 Dei
951 5522 1187 5590 proficere
1207 5518 1789 5589 possitvoltmtatemsem-

178 5590 731 5720 Wi’m
759 5648 1004 5720 desideret
1014 5661 1147 5720 eum.
1177 5626 1483 5720 antiquiores
1498 5645 1710 5708 codices,
1736 5649 1791 5696 ut

178 5714 385 5786 ςηφίαε
405 5714 863 5786 θνρτίαῖη.ιίέ⁷¹ί1¹ἐ⁰”⁸
883 5714 1065 5786 melius
1087 5716 1416 5786 αφθαωάδς..
1444 5784 1487 5786 _,,
1502 5773 1528 5786 ,.

252 5783 279 5816 ⁸
302 5770 438 5841 uss;
452 5777 507 5830 in
520 5770 855 5841 accipiendam
874 5773 1114 5839 gratiam;
1132 5780 1184 5823 et
1204 5770 1421 5821 nonnulli
1435 5773 1691 5834 omittunt,
1717 5770 1785 5821 ad

255 5906 277 5935 ς
303 5903 465 5965 Eam,
508 5900 596 5954 De:
628 5898 773 5952 enim.
809 5898 982 5957 Abest,
1018 5895 1178 5960 enim,
1216 5910 1244 5947 a
1286 5898 1623 5967 manuscriptis
1664 5905 1715 5955 et
1757 5909 1787 5947 a

1274 378 1837 483 mrocuosrlcou
1873 416 2076 478 musa
2113 416 2429 479 TERTIUS.

2210 235 2238 255 τ

1878 533 2064 618 pndis,
2095 543 2214 591 ante
2240 544 2485 618 tempora
2507 534 2818 618 siccatur-ia,
2858 537 3073 618 quando
3110 537 3164 618 in
3208 538 3304 597 Dei
3342 549 3463 618 erat

1875 605 2036 661 homo
2068 605 2436 680 prtescientia;
2467 616 2523 663 et
2546 622 2673 671 non,
2702 607 2760 680 In
2790 605 2985 666 saeculo
3004 653 3022 678 ,
3051 612 3176 680 quia
3215 612 3458 668 nondum

1874 686 1989 759 erat
2013 679 2305 760 saeculqu
2327 680 2674 761 etpraeponis
2692 679 2842 761 dono
2872 681 2987 750 ejus
3028 679 3190 761 opera
3222 685 3465 761 volunta-

1874 748 1981 825 ria,
2001 765 2175 805 caecus
2198 750 2405 825 veritati
2421 748 2715 825 resistens?
2736 748 2993 825 Quazrens
3025 748 3168 809 enim
3196 762 3338 810 tuam
3369 755 3461 825 ju-

1873 820 2075 895 stitiam
2094 831 2349 895 statuere,
2375 820 2609 895 justitian
2624 821 2715 877 Dei
2742 823 3011 895 subjectus
3031 839 3151 880 esse
3178 842 3282 879 non
3312 820 3464 895 potes

1876 839 2075 875 suuam
2094 839 2349 887 swtuere,
2375 839 2596 891 jusuua:
2624 839 2715 877 uel
2742 839 2841 877 suo
2863 839 3011 878 ectus
3031 839 3151 880 esse
3178 842 3282 879 non
3312 839 3464 895 potes

1876 888 1895 964 (
1930 891 2078 964 Rom.
2112 908 2164 958 ιι,
2183 894 2218 947 5
2242 892 2279 961 ).
2315 891 2446 949 Item
2473 892 2540 948 ad
2570 893 2744 947 Titum
2771 912 2783 946 :
2815 839 2940 949 (lum
2968 905 3133 949 autem
3150 897 3428 963 benignitas
3447 937 3465 964 ,

1875 961 2065 1033 inquit,
2097 972 2145 1035 et
2170 963 2455 1018 humanitas
2476 965 2714 1035 apparuit
2736 964 3016 1020 Saluatoris
3041 966 3200 1021 nostri
3224 961 3337 1033 Dei,
3363 961 3464 1023 non

1875 1049 1940 1087 ex
1982 1034 2215 1107 operibus
2249 1036 2466 1105 justitite
2507 1034 2621 1107 quae
2662 1036 2876 1105 fecimus
2918 1054 3027 1100 nos,
3056 1039 3146 1092 sed
3187 1039 3463 1093 secundum

1876 1120 2022 1159 suam
2049 1106 2444 1179 misericordiam
2484 1106 2652 1179 salvos
2674 1123 2773 1179 nos
2802 1110 2940 1178 fecit,
2970 1125 3060 1179 per
3087 1109 3355 1179 lavacrum
3377 1127 3459 1164 re—

1877 1177 2209 1258 generationis
2230 1188 2277 1258 et
2298 1178 2648 1258 renovationisn
2658 1177 2884 1258 piritus
2898 1177 3092 1258 Eneti,
3112 1178 3463 1258 quiante/[adit

1878 1247 2046 1323 in_n_os
2070 1248 2267 1323 abunde
2289 1266 2378 1323 per
2402 1247 2580 1323 Iesum
2609 1248 2864 1304 Christum
2878 1248 3014 1323 (Tit.
3034 1247 3132 1323 ut,
3154 1250 3466 1323 47-6).7Quid

1877 1317 1943 1373 ad
1976 1317 2091 1393 haec
2131 1319 2327 1393 adhuc,
2359 1318 2643 1393 haeretice,
2662 1317 3048 1390 respondebis?
3072 1317 3465 1393 quid,ri'nimice

1877 1390 2085 1458 gratiae,
2112 1389 2284 1464 adhuc
2309 1402 2495 1464 contra
2514 1392 2736 1461 gratiam
2760 1389 2912 1447 tanto
2941 1389 3194 1464 magistro
3211 1392 3462 1449 Gentium

1880 1469 2036 1527 teste,
2070 1461 2213 1535 quod
2232 1462 2390 1517 nullis
2419 1462 2692 1535 hominum
2715 1464 2921 1535 meritis
2933 1461 3111 1532 detur,
3138 1465 3468 1535 excogitabis

1879 1532 2191 1606 opponere?
2221 1547 2368 1606 rogo,
2400 1533 2528 1606 quid
2545 1534 2817 1589 conamini
2837 1536 3094 1606 resistere
3120 1551 3245 1590 vera
3272 1532 3467 1606 praedi-

1878 1604 2042 1676 canti,
2068 1611 2171 1658 tam
2194 1604 2481 1676 excellenti
2499 1604 2727 1676 doctori,
2757 1605 2848 1676 qui
2875 1621 2980 1662 non
3003 1606 3070 1662 de
3098 1622 3158 1662 se
3183 1607 3235 1661 in
3264 1604 3343 1670 se,
3369 1606 3465 1663 sed

1879 1689 1945 1747 ex
1983 1674 2092 1747 Deo
2118 1688 2304 1747 coram
2334 1675 2444 1747 Deo
2473 1675 2526 1729 in
2554 1674 3140 1747 ChristoEvangelium
3171 1678 3467 1746 praedicans

1879 1744 2132 1815 loquitur,
2167 1744 2219 1800 id
2246 1754 2329 1801 est
2347 1788 2361 1817 ,
2395 1746 2447 1799 in
2468 1746 2808 1817 simplicitate
2838 1757 2892 1802 et
2922 1744 3234 1805 sinceritate
3259 1748 3378 1816 Dei,
3404 1757 3462 1804 et

1881 1831 1988 1872 non
2041 1816 2395 1888 ingsapieutia
2434 1816 2675 1872 carnali?
2718 1816 2853 1873 Nam
2897 1819 3040 1888 quod
3085 1836 3212 1875 vera
3254 1835 3464 1875 annuu-

1882 1888 1991 1951 tiet,
2016 1887 2196 1943 audite
2218 1903 2340 1943 eum
2369 1896 2731 1953 attestautem,
2757 1901 2809 1943 et
2831 1887 2998 1945 nolite
3022 1905 3153 1945 esse
3178 1890 3462 1958 increduli,

1882 1958 1979 2013 sed
2008 1958 2213 2014 ﬁdeles.
2262 1958 2421 2026 Deus,
2471 1960 2564 2026 ait,
2614 1970 2660 2015 et
2692 1958 2848 2014 Pater
2887 1959 3095 2016 Domini
3137 1962 3296 2017 nostri
3339 1961 3467 2017 Jesu

1880 2026 2069 2106 Christi
2112 2031 2364 2106 scituqui
2402 2041 2488 2106 est_
2503 2031 2810 2106 benedictus
2851 2033 2905 2086 in
2948 2033 3158 2106 sagcula,
3202 2033 3337 2106 quod
3366 2049 3467 2106 non

1881 2099 2138 2172 mentior(
2165 2099 2342 2155 “Cor.
2365 2117 2438 2164 XI,
2458 2102 2519 2158 51
2559 2104 2578 2172 )
2609 2113 2700 2158 :et
2729 2102 2943 2168 iterum,
2981 2099 3247 2157 Veritatem
3274 2102 3388 2158 dico
3412 2104 3468 2159 in

1882 2170 2098 2245 Christo,
2132 2188 2234 2227 non
2261 2174 2494 2245 mentior,
2525 2170 2860 2245 testimonium
2883 2174 3010 2228 mihi
3030 2174 3318 2245 per/libente
3338 2191 3465 2229 cono

1880 2244 2090 2316 scientia
2115 2259 2224 2316 mea
2244 2244 2297 2297 in
2318 2243 2517 2314 Spiritu
2536 2257 2710 2300 sancto
2740 2244 2917 2316 (Rom.
2947 2243 3112 2314 ιι,’1)
3144 2263 3159 2300 :
3194 2248 3427 2316 itemque
3448 2285 3464 2309 ,

1891 2311 2163 2368 Veritatem
2182 2315 2295 2369 dico
2320 2311 2374 2369 in
2398 2316 2614 2382 Christo,
2646 2311 3001 2379 non'mentior,
3026 2311 3203 2371 doctor
3232 2311 3468 2372 Genlium

1881 2385 1937 2466 in
1956 2385 2058 2455 ﬁde
2083 2393 2129 2439 et
2159 2386 2363 2441 veritate
2394 2385 2436 2466 (Ι
2463 2385 2598 2441 Tim.
2639 2403 2697 2453 ιι,
2727 2386 2803 2466 7).
2823 2387 3051 2466 Auditis,
3079 2404 3180 2442 non
3206 2387 3421 2442 mentior
3447 2405 3468 2442 :

1882 2464 1938 2528 et
1967 2466 2214 2526 tauquam
2255 2458 2616 2528 mentientem
2649 2458 2989 2528 redarguitis,
3041 2474 3162 2513 cum
3192 2474 3261 2514 ex
3288 2468 3469 2513 vestro

1882 2527 2132 2599 dogmate
2163 2542 2444 2596 perverso,
2483 2527 2626 2599 quod
2673 2528 2763 2584 ille
2802 2527 2908 2583 non
2935 2528 3006 2583 ita
3035 2544 3157 2585 esse
3196 2528 3466 2597 prmdicat,

1883 2597 2090 2653 meritis
2118 2597 2391 2653 hominum
2412 2597 2635 2667 gratiam
2650 2599 2765 2655 dari
2788 2601 3136 2654 annuntialis.
3156 2599 3267 2654 lmo
3288 2599 3468 2656 videte

1882 2670 2004 2740 quia
2035 2684 2142 2725 non
2160 2679 2366 2724 tantum
2396 2671 2639 2739 Paulum,
2681 2670 2778 2727 sed
2806 2679 2862 2727 et
2880 2670 3175 2728 Christum
3201 2671 3255 2727 iu
3284 2686 3351 2727 co
3378 2670 3464 2726 lo-

1882 2751 2133 2812 quentem
2158 2740 2495 2812 redarguitis.

1954 2807 2182 2868 CAPUT
2212 2807 2424 2866 νιιῖ-
2448 2812 2503 2868 9.
2533 2812 2639 2869 Sed
2669 2813 2963 2883 respondes
2985 2813 3116 2870 mihi
3138 2856 3153 2880 ,
3181 2813 3428 2884 inquiens
3453 2830 3468 2867 :

1884 2882 1941 2937 Si
1968 2899 2077 2938 non
2106 2884 2470 2956 unusquisque
2496 2900 2592 2956 pro
2615 2900 2711 2940 sua
2734 2882 3026 2951 voluntate,
3075 2900 3179 2956 qua
3217 2882 3316 2940 nos
3337 2884 3472 2940 dici-

1883 2970 2004 3009 mus
2034 2970 2155 3027 eum
2184 2954 2467 3023 inquisisse
2496 2954 2683 3022 Deum,
2709 2957 2904 3026 accipit
2925 2954 3148 3027 gratiam
3166 2998 3180 3017 .
3209 2955 3305 3011 sed
3331 2970 3472 3027 prie-

1885 3026 2031 3081 venit
2057 3026 2393 3098 voluntatem
2422 3027 2538 3094 ejus
2566 3042 2659 3081 sua
2688 3029 2878 3097 gratia,
2898 3026 3004 3098 quo
3028 3027 3080 3081 in
3105 3043 3225 3081 eum
3248 3026 3472 3098 credere

1887 3097 2084 3167 possit;
2115 3112 2211 3153 cur
2248 3113 2353 3151 non
2384 3096 2485 3151 hoc
2509 3112 2641 3167 ergo
2690 3099 2741 3152 in
2784 3096 3029 3153 omnibus
3062 3097 3359 3163 ‘operatur?
3388 3098 3471 3151 An

1887 3183 2232 3239 personarum
2256 3177 2507 3241 acceptor
2522 3177 2602 3223 est
2621 3168 2792 3224 Deus?
2815 3170 2868 3224 Si
2885 3170 3068 3241 gratiae
3084 3168 3473 3241 illuminatiouo

1885 3254 2075 3295 sensus
2125 3248 2262 3300 tuus,
2302 3239 2602 3310 haeretica,
2658 3239 2907 3295 tenebris
2945 3240 3265 3310 insipientia:
3307 3248 3455 3294 esset

1887 3319 2082 3365 exutus
2107 3312 2146 3376 ³,
2192 3309 2443 3365 crederes
2486 3319 2689 3364 tantum
2742 3308 3066 3365 testimoniis
3111 3308 3306 3365 divinis
3349 3324 3469 3380 qua)

1887 3389 2012 3435 ante
2035 3380 2145 3450 jam
2177 3380 2313 3444 dixi,
2342 3382 2424 3436 vel
2467 3396 2586 3451 qua:
2613 3397 2721 3436 non
2764 3381 2895 3448 dixi,
2924 3391 2980 3437 et
3007 3382 3060 3436 in
3090 3382 3288 3436 sanctis
3326 3380 3473 3435 Scri-

1926 3452 2057 3506 turis
2079 3452 2415 3521 reperiuntur
2441 3451 2869 3519 innumerabilia,
2891 3453 3060 3507 Deum
3092 3452 3249 3507 nullis
3267 3451 3476 3506 meritis

1886 3467 2057 3577 pluris
2079 3467 2415 3521 reperiuntur
2441 3467 2869 3519 innumerabilia,
2891 3467 3060 3507 Deum
3092 3467 3249 3507 nutus
3267 3467 3476 3506 meritis

1927 3524 2163 3595 ominum
2189 3522 2411 3595 gratiam
2432 3539 2583 3578 suam
2599 3524 2747 3588 dare,
2770 3539 2863 3595 per
2878 3539 3035 3595 quam
3052 3538 3111 3579 se
3134 3523 3214 3579 eis
3230 3522 3477 3578 ostendat

1886 3593 1954 3648 ad
1971 3593 2296 3649 credendum
2326 3602 2393 3648 et
2414 3594 2751 3649 serviendum
2792 3593 2935 3649 sibi':
2960 3602 3016 3649 et
3045 3609 3151 3649 non
3177 3608 3470 3664 quaereres,

1888 3664 1998 3719 imo
2024 3681 2128 3719 non
2157 3664 2456 3720 discuteres
2474 3706 2489 3730 ,
2521 3666 2662 3720 Deus
2687 3682 2851 3734 quare
2878 3667 2899 3697 ³
2925 3664 2977 3720 id
3006 3681 3112 3721 nou
3146 3666 3198 3719 in
3226 3664 3475 3719 erunibus

1887 3743 2160 3805 operetur,
2192 3736 2315 3805 quia
2352 3736 2487 3791 bene
2511 3746 2565 3790 et
2586 3736 2733 3806 juste
2758 3750 2971 3805 semper
3003 3736 3179 3790 omnia
3205 3750 3476 3806 quaecum-

1891 3822 1996 3876 que
2022 3807 2134 3860 vult
2158 3819 2432 3875 operatur,
2471 3816 2526 3861 ct
2568 3805 2827 3862 voluntati
2878 3805 2993 3875 ejus
3038 3821 3195 3863 nemo
3230 3805 3471 3876 resistit;

1889 3875 2112 3949 propter
2142 3876 2282 3949 quod
2312 3878 2489 3932 omnia
2528 3894 2876 3948 qumcumque
2918 3877 3084 3933 voluit
3126 3876 3251 3932 fecit
3294 3875 3470 3949 (Psal.

1889 3946 2042 4015 exin,
2068 3946 2144 4019 5).
2162 3946 2301 4002 Μρυ
2330 3964 2424 4002 cur
2449 3946 2558 4003 hoc
2580 3949 2652 4002 illi
2675 3946 2947 4017 Operetur,
2973 3948 3044 4003 illi
3065 3964 3170 4003 non
3196 3946 3469 4019 operetur,

1890 4029 2213 4074 metuentem
2237 4035 2322 4073 me
2346 4028 2399 4073 et
2424 4026 2741 4074 trementem
2765 4019 2963 4089 judicia
2982 4019 3096 4089 ejus
3113 4018 3475 4074 inscrulabilia

1889 4099 1942 4145 et
1976 4089 2531 4159 incomprehensibilia
2574 4090 2617 4156 ³,
2662 4090 2797 4145 nolo
2832 4090 3305 4160 interrogeszquia
3334 4089 3478 4160 quod

1890 4160 2028 4225 lego,
2056 4162 2218 4216 credo
2245 4170 2298 4216 ct
2327 4177 2573 4226 veneror,
2598 4178 2702 4215 non
2733 4171 2909 4215 autem
2939 4161 3189 4215 discutio.
3230 4160 3361 4228 Quis
3395 4169 3482 4216 est

1892 4232 2036 4288 enim
2063 4232 2226 4287 homo
2252 4233 2343 4303 qui
2383 4232 2703 4301 respondeat
2729 4232 2872 4287 Deo?
2919 4231 3183 4303 Numquid
3227 4231 3357 4303 dicit
3383 4232 3481 4303 lig-

1890 4312 2128 4359 mentum
2175 4306 2223 4358 ei
2264 4301 2351 4373 qui
2379 4318 2439 4358 se
2462 4304 2633 4369 tinxit,
2661 4303 2837 4369 Quare
2862 4319 2947 4359 me
2973 4304 3050 4358 sic
3074 4301 3285 4358 fecisti?
3308 4302 3480 4373 Habet

1890 4375 2034 4430 enim
2058 4371 2372 4444 potestatem
2400 4373 2589 4444 ﬁgulus
2626 4373 2741 4441 luti,
2782 4389 2846 4428 ex
2889 4374 3075 4429 eadem
3122 4388 3295 4427 massa
3330 4371 3477 4427 aliud

1890 4460 1985 4516 vas
2009 4446 2223 4516 quidem
2250 4444 2427 4499 facere
2455 4448 2506 4498 in
2531 4445 2818 4507 honorem,
2843 4444 2986 4499 aliud
3014 4446 3065 4498 in
3092 4444 3469 4516 contumeliam

1894 4511 2070 4589 (Rom.
2098 4532 2173 4589 is,
2194 4515 2284 4580 20,
2312 4516 2379 4589 21
2389 4517 2429 4589 ).
2458 4516 2563 4589 Sed
2587 4518 2857 4589 interroga,
2877 4530 2999 4571 eum
3021 4515 3110 4585 qui
3130 4514 3295 4589 dixit,
3307 4511 3474 4568 Nemo

1893 4584 2025 4641 venit
2072 4587 2141 4640 ad
2179 4603 2278 4646 me.
2328 4584 2425 4640 nisi
2450 4586 2608 4640 Pater
2633 4587 2718 4655 qui
2744 4587 2881 4640 misit
2917 4603 3016 4652 me,
3042 4584 3316 4639 attraxerit
3363 4600 3480 4638 eum

1894 4657 2090 4729 (Joan.
2120 4673 2189 4722 vt,
2218 4657 2322 4726 44)
2353 4673 2367 4710 :
2398 4665 2473 4729 et,
2499 4656 2622 4729 Non
2648 4673 2818 4729 omnes
2852 4657 3075 4729 capiun_t_
3106 4655 3340 4729 verbum,
3382 4655 3483 4709 nisi

1892 4725 2073 4799 quibus
2101 4728 2275 4781 datum
2298 4725 2367 4781 est
2394 4726 2605 4798 (Matth.
2636 4743 2749 4791 xix,
2780 4727 2869 4798 11)
2890 4744 2903 4781 :
2923 4725 3001 4793 iet,
3034 4725 3185 4781 Vobis
3205 4727 3381 4780 datum
3403 4735 3479 4780 est

1894 4814 2039 4853 nosse
2065 4799 2359 4866 mysterium
2384 4799 2526 4869 regni
2562 4799 2824 4864 caelorum,
2852 4799 3046 4869 caeteris
3071 4807 3242 4851 autem
3269 4805 3480 4869 nonAest

1893 4869 2069 4924 datum
2095 4870 2203 4937 (Id.
2233 4885 2352 4940 χιιι,
2382 4866 2470 4940 11⁷)
2496 4887 2509 4921 :
2543 4880 2614 4934 et,
2648 4869 2814 4923 Nemo
2835 4870 2968 4940 novit
2998 4867 3211 4932 Filium,
3238 4869 3335 4923 nisi
3365 4866 3480 4922 Pa-

1894 4950 2006 5007 ter;
2035 4958 2193 5010 neque
2212 4939 2418 4994 Patrem
2445 4938 2557 5009 quis
2577 4944 2732 5007 novit,
2765 4940 2864 4995 nisi
2889 4938 3080 5004 Filius,
3103 4950 3151 4994 et
3172 4941 3253 4994 cui
3268 4941 3482 4994 voluerit

1894 5010 2063 5067 Filius
2090 5012 2312 5066 revelare
2339 5012 2354 5075 (
2382 5010 2469 5064 Id.
2493 5027 2571 5076 xu,
2604 5012 2709 5082 27)
2742 5021 2832 5082 τρι
2851 5053 2867 5076 ,
2918 5010 3065 5066 Sicut
3095 5011 3253 5066 Pater
3273 5012 3481 5066 suscitat

1894 5093 2123 5137 mortuos
2167 5092 2215 5137 et
2257 5083 2504 5148 vivi/ient,
2533 5084 2603 5135 ita
2647 5080 2697 5135 et
2738 5080 2907 5137 Filius
2933 5085 3141 5137 suscitat
3167 5091 3390 5136 mortuos
3432 5093 3479 5136 et

1895 5154 2111 5223 vivi/ient
2140 5170 2265 5222 quos
2286 5154 2390 5207 vult
2416 5151 2611 5223 (Joan.
2641 5169 2692 5220 v,
2721 5153 2783 5207 21
2815 5153 2867 5224 ):
2894 5162 2967 5220 et,
3000 5154 3133 5221 Quia
3155 5153 3377 5224 Spiritus
3400 5154 3483 5224 ubi

1894 5222 2001 5279 vult
2025 5225 2224 5296 spirat;
2248 5235 2321 5289 et,
2355 5222 2487 5296 Quia
2509 5241 2609 5277 non
2636 5233 2795 5295 potest
2816 5222 2971 5279 homo
2998 5241 3112 5296 a_se
3138 5222 3303 5296 facere
3322 5222 3474 5296 quid-

1931 5293 2067 5363 nam,
2099 5296 2195 5349 nisi
2223 5297 2398 5349 datam
2438 5294 2517 5349 illi
2550 5293 2700 5367 fuerit
2730 5296 2997 5367 desuper(
3025 5294 3110 5367 Id.
3138 5293 3223 5359 ἰιι,
3256 5293 3310 5359 8,
3339 5294 3408 5348 27
3438 5293 3481 5365 ).

1922 5375 2028 5422 tem
2076 5367 2349 5438 interroga,
2383 5381 2506 5420 eum
2536 5364 2627 5436 qui
2671 5365 2827 5433 dixit,
2858 5364 3018 5438 Vobis
3052 5366 3227 5438 datum
3267 5374 3341 5438 est
3388 5364 3481 5434 pro

1897 5437 2118 5502 Christo,
2146 5454 2247 5491 non
2274 5436 2438 5491 solum
2466 5448 2521 5491 ut
2548 5439 2601 5492 in
2626 5454 2740 5492 eum
2762 5437 2999 5500 credatis,
3026 5437 3114 5491 sed
3133 5445 3190 5490 ut
3214 5436 3366 5490 etiam
3389 5451 3482 5506 pre

1894 5509 1985 5564 illo
2011 5509 2275 5578 patiamini
2297 5506 2554 5579 (Philipp.
2584 5524 2623 5573 ι,
2647 5508 2746 5579 29)
2776 5527 2788 5563 :
2818 5520 2890 5574 ct,
2926 5506 3046 5562 Non
3068 5508 3298 5579 volentis,
3319 5522 3477 5575 neque

1895 5576 2173 5647 currentis,
2195 5578 2283 5634 sed
2303 5576 2584 5635 miserentis
2610 5591 2682 5634 est
2724 5576 2848 5643 Dei;
2877 5588 2924 5634 et
2948 5579 3029 5633 cui
3053 5576 3160 5633 vult
3182 5580 3444 5632 miseretur
3463 5614 3482 5643 ,

1895 5661 1945 5707 et
1967 5667 2114 5723 quem
2130 5652 2234 5706 vult
2260 5652 2464 5706 indurat
2490 5651 2668 5722 (Rom.
2701 5667 2751 5706 ix
2774 5692 2788 5716 ,
2816 5651 2903 5717 16,
2933 5650 3045 5722 18).
3077 5649 3141 5705 Et
3166 5651 3287 5722 quia
3310 5647 3482 5720 Spiris

1962 5766 1982 5797 ⁸
2008 5772 2110 5814 Am.
2129 5770 2206 5814 Er.
2228 5772 2283 5815 et
2297 5763 2515 5815 nonnulli
2538 5772 2666 5823 Mss,
2690 5761 2927 5814 detectus.

1958 5828 1981 5860 ³
1998 5834 2050 5877 ιιι
2071 5834 2199 5887 Uss,
2221 5840 2317 5878 non
2333 5826 2596 5878 discuteres
2626 5834 2800 5886 perun,
2823 5837 2993 5887 quare.

1962 5889 1985 5922 ⁸
2000 5886 2221 5939 Nonnulli
2242 5898 2371 5946 Mss,
2393 5896 2439 5939 et
2460 5886 2922 5953 irreprehensibt'lia;
2954 5896 3008 5941 et
3028 5886 3171 5953 paulo
3192 5893 3320 5953 post,
3336 5897 3476 5941 creo.

1897 5957 1947 6005 et
1966 5964 2150 6017 vereor,
2171 5964 2265 6005 non
2278 5960 2435 6006 autem
2456 5949 2679 6005 discidio.

3323 424 3571 488 1626~
