3994 6480
207 324 336 382 ιδιι

203 438 493 500 libidinem,
526 433 678 505 cujus
706 432 1085 505 imprudentiam
1129 430 1387 505 pudentes
1428 432 1567 487 foliis
1594 432 1677 505 fici
1711 440 1785 505 te-

200 519 407 564 xerunt.
436 501 659 575 Quod'si
686 501 862 561 dicere
901 501 1331 576 nequisgaperte
1362 503 1524 558 Deum
1569 504 1787 576 pudoris

203 582 355 646 hujus
383 588 654 634 auctorem
702 591 822 630 esse
862 575 1161 646 criminaris
1193 591 1211 646 :_
1234 574 1356 645 quia
1398 590 1518 628 cum
1547 574 1609 629 ex
1649 576 1786 629 malo

201 644 433 706 libidinis
478 664 507 701 a
548 646 699 703 vobis
741 644 1252 717 negatur__confusio
1294 646 1597 717 contigisse,
1647 646 1786 700 Deus

199 721 533 789 apertissime
587 713 858 773 hominum
902 713 1078 789 opifex
1126 726 1419 789 accusatur.
1447 713 1784 789 'Sed'ntinam

198 786 274 847 sic
301 807 394 844 vos
426 793 578 844 istam
624 788 893 843 libidinem
923 786 1138 842 laudare
1194 787 1600 853 erubesceretis,
1631 787 1782 841 sicuti

202 878 324 916 ltlilC
380 862 476 924 illi,
515 870 735 916 cumse
783 872 1035 929 peccasse
1080 856 1213 929 ejus,
1239 856 1591 929 convincente
1631 867 1779 929 motu

199 931 685 1002 deprehenderent,
713 927 1059 1002 erubuerunt.
1118 927 1253 1002 Quid
1286 942 1410 981 vero
1438 928 1671 1002 indicant
1700 928 1782 1002 fo-

201 998 407 1067 lialiei,
445 1003 657 1073 quibus,
708 1008 764 1055 ut
794 1000 923 1063 dixi,
978 1014 1082 1073 non
1128 999 1235 1053 Deo
1280 998 1782 1073 auctorepndenda

198 1069 569 1138 membra,'sed
596 1087 689 1141 per
717 1081 992 1141 peccatum
1025 1069 1165 1141 facta
1184 1077 1447 1129 texerunt,
1478 1070 1575 1124 nisi
1598 1086 1784 1139 quem-

199 1146 322 1199 dam
347 1140 849 1212 pruritumlibidinis
876 1141 1121 1208 turpem?
1152 1140 1260 1194 imo
1280 1155 1375 1192 cur
1404 1141 1521 1212 illas
1545 1142 1784 1209 corporis

201 1211 381 1282 partes
405 1221 670 1278 texerunt,
697 1223 751 1267 ct
794 1227 897 1267 non
949 1213 1121 1280 potius
1152 1226 1337 1282 manus
1365 1211 1554 1275 quibus
1606 1211 1782 1282 probi-

197 1287 306 1340 bita
358 1293 793 1348 attrectavernnl,
836 1293 924 1337 aut
949 1297 1039 1335 ora
1069 1281 1262 1351 quibus
1310 1282 1447 1335 male
1486 1281 1781 1335 desiderata

197 1357 471 1423 ederunt?
500 1354 605 1411 Sed
632 1354 715 1409 illa
737 1354 969 1408 membra
989 1358 1230 1406 texerunt
1251 1394 1262 1413 ,
1286 1352 1336 1405 in
1363 1351 1554 1420 quibus
1584 1353 1782 1420 peccati

197 1429 460 1496 cupiditas
488 1428 841 1496 exardesccns
881 1423 1384 1496 concupiscentiatu
1401 1423 1780 1496 incontinentis

194 1492 428 1568 gutturis
455 1498 754 1551 accusabat.
787 1495 886 1550 Ista
906 1503 989 1549 est
1018 1504 1197 1568 vestra
1215 1492 1492 1568 laudabilis
1522 1503 1679 1563 atque
1702 1494 1785 1551 di-

200 1563 337 1623 lecta
384 1569 546 1623 libido
572 1570 611 1634 ί,
645 1583 740 1636 per
766 1581 945 1634 quam,
977 1572 1031 1618 ut
1059 1565 1132 1636 ait
1161 1563 1489 1636 Apostolus,
1511 1580 1630 1618 caro
1659 1580 1783 1618 con-

194 1641 410 1710 cupiscit
465 1633 704 1692 adversus
753 1633 984 1710 spiritum
1018 1634 1238 1710 (_Grilut.
1286 1650 1340 1710 v,
1368 1635 1452 1710 _l_7
1481 1633 1544 1710 )_:
1599 1646 1782 1689 contra

192 1705 356 1779 quam
384 1711 598 1782 spiritus
624 1724 772 1777 spem
803 1707 1003 1762 babens
1031 1707 1089 1782 _in
1123 1707 1378 1782 Deo._nisi
1412 1705 1616 1782 fortiter
1657 1721 1783 1782 _con-

193 1775 454 1850 etipiscai,
505 1796 601 1850 nec
639 1775 765 1834 caro
818 1793 916 1850 nec
965 1778 1181 1845 spiritus
1228 1777 1387 1850 vitam
1440 1775 1785 1850 possidebunt

192 1846 478 1907 a-ternam.
509 1849 597 1906 Sic
625 1849 770 1904 stulti
801 1848 949 1911 estis,
981 1857 1039 1901 ut
1066 1850 1216 1901 istam
1246 1846 1565 1901 discordiam
1606 1848 1783 1902 carnis

194 1933 247 1992 et
306 1923 543 1992 Spiritus,
589 1921 1225 1992 diabolmnexcusantes,
1262 1918 1428 1992 Deum
1472 1927 1783 1992 accusantes

192 1987 391 2047 fecisse
419 1993 666 2047 credatis.
690 1991 794 2045 Sed
834 1988 1142 2052 absit,ab.it
1177 1989 1277 2043 boc
1319 1988 1513 2042 malum
1536 2003 1566 2042 a
1595 1987 1783 2044 catho-

195 2064 314 2118 licis
340 2064 604 2125 sensibus,
647 2069 997 2116 utauctorem
1025 2059 1257 2114 libidinis
1300 2058 1464 2114 Deum
1513 2073 1654 2126 esse,
1686 2073 1780 2113 au-

192 2134 361 2189 deant
383 2135 613 2199 cogitare
635 2133 715 2187 vel
737 2132 932 2187 dicere.

263 2204 497 2261 CAPUT
539 2203 623 2258 IV.
653 2234 726 2243 —
751 2204 804 2257 4.
840 2203 1034 2257 Contra
1070 2200 1170 2256 boc
1208 2215 1470 2257 venenum
1503 2199 1571 2255 de
1596 2200 1779 2271 gratiae

191 2277 442 2329 antidoto
469 2275 795 2329 confidentes
824 2288 1011 2327 omnes
1034 2271 1220 2332 sancti,
1245 2273 1567 2342 castigantes
1587 2285 1783 2341 corpus

191 2362 354 2398 suum
382 2388 395 2409 ,
436 2355 491 2407 et
528 2347 579 2399 in
620 2346 927 2400 servitutem
967 2343 1264 2413 rcdigeutes
1287 2383 1302 2407 ,
1345 2341 1410 2395 ne
1450 2341 1583 2396 forte
1619 2358 1648 2395 a
1681 2342 1783 2397 fide

192 2414 399 2470 Christi
448 2415 658 2484 reprobi
700 2415 1067 2475 efﬁcerentur,
1102 2413 1310 2469 fortiter
1341 2422 1705 2482 pugnaverunt
1730 2422 1781 2470 et

196 2496 459 2555 pugnant.
498 2488 570 2540 De
609 2487 707 2541 bac
731 2487 871 2540 enim
908 2484 1289 2555 congressione
1321 2484 1631 2551 loquebatur
1657 2500 1784 2554 apo-

192 2553 369 2611 stolus
408 2559 599 2611 Paulus
625 2598 639 2620 ,
671 2573 790 2611 cum
832 2556 966 2610 dixit
998 2553 1155 2624 :qu
1185 2555 1338 2625 igitur
1364 2556 1435 2606 sic
1464 2570 1611 2608 curro
1637 2596 1651 2620 ,
1684 2553 1785 2610 non

192 2629 346 2693 quad
372 2628 424 2680 in
452 2631 697 2681 incertum
722 2644 740 2691 ;
777 2628 849 2680 sic
883 2642 1052 2697 pugno
1076 2667 1090 2690 ,
1127 2642 1226 2679 non
1252 2626 1396 2697 qtmsi
1421 2640 1585 2679 aerem
1612 2627 1782 2680 verbe-

193 2717 321 2751 rans
343 2715 362 2752 :
390 2706 444 2753 et
472 2709 718 2767 tauquam
748 2713 777 2752 c
803 2695 1071 2751 contrario
1102 2695 1511 2764 rcSponderetur
1541 2697 1587 2750 ei
1609 2736 1623 2759 ,
1655 2697 1784 2763 Quis

193 2779 303 2834 est,
326 2769 408 2823 vel
432 2770 622 2825 ubi'est
640 2769 976 2822 adversarius
1001 2776 1140 2833 tuus,
1166 2778 1351 2821 eontra
1373 2781 1529 2835 quem
1553 2769 1780 2836 pugnas?

192 2840 531 2908 respondens
555 2841 658 2902 ait,
692 2839 891 2908 Castigo
920 2855 1101 2907 corpus
1125 2854 1288 2891 nteant
1308 2878 1324 2903 ,
1352 2847 1397 2890 et
1423 2838 1474 2890 in
1499 2840 1785 2892 servitutem

190 2911 375 2979 redigo
403 2912 420 2983 (
444 2910 459 2963 l
487 2908 604 2965 Cor.
638 2926 717 2973 ιχ,
741 2909 831 2971 9.6,
858 2909 952 2976 27)
984 2927 995 2961 :
1023 2908 1072 2962 id
1095 2917 1193 2972 est,
1218 2909 1269 2983 in
1291 2922 1518 2983 corpore
1539 2918 1782 2983 meoest,

194 2978 327 3035 toni
348 2978 551 3035 in'aere
577 3021 592 3047 ,
620 2989 802 3036 centra
830 2995 986 3050 quem
1020 2995 1224 3048 pugno;
1256 2978 1419 3033 libido
1460 2989 1541 3050 est
1581 2980 1785 3034 scilicet

192 3053 415 3106 inimica
455 3053 577 3105 vita:
621 3068 752 3104 mem
777 3092 791 3115 ,
830 3048 947 3119 quae
985 3064 1071 3103 me
1104 3057 1406 3103 currentem
1432 3048 1645 3120 placere
1676 3050 1786 3105 Deo

195 3137 296 3190 per
324 3122 571 3176 ducatum
602 3122 786 3192 gratiae
813 3121 949 3192 ejus,
976 3120 1307 3177 diversorum
1342 3119 1582 3173 libituum
1614 3122 1781 3174 malo—

191 3210 322 3247 rum
343 3194 363 3223 ‘
388 3210 479 3261 per
499 3190 765 3246 momenta
792 3190 991 3245 aculeis
1013 3192 1283 3261 impugnat
1310 3199 1362 3243 et
1384 3200 1654 3259 provocat,
1678 3207 1784 3257 quo

192 3264 390 3333 agonis
418 3263 521 3333 mei
551 3277 763 3317 cursum
799 3261 1092 3330 impediens
1119 3270 1462 3333 ,_a_uctorcm
1487 3276 1639 3314 suum
1672 3262 1786 3316 dia-

192 3330 380 3388 bolum
435 3332 590 3387 faciat
641 3348 760 3389 esse
810 3334 1090 3386 victorem.
1150 3331 1273 3385 ldeo
1334 3330 1536 3399 castigo
1589 3345 1782 3401 corpus

192 3420 402 3468 meum,
430 3404 516 3459 ubi
546 3413 698 3473 porto
721 3404 925 3457 hostem
955 3418 1127 3456 meum
1160 3402 1246 3456 :in
1272 3417 1355 3456 me
1377 3403 1625 3471 pugnanti
1649 3417 1780 3456 con-

195 3485 278 3529 tra
328 3492 415 3529 me
457 3478 654 3544 virtute
688 3476 871 3544 gratia:
914 3473 1241 3544 confortatus
1273 3486 1508 3541 repugno
1547 3485 1645 3544 pro
1674 3488 1778 3527 me.

192 3546 305 3600 Sed
358 3556 484 3600 tunc
527 3543 708 3599 boSIis’
743 3544 1030 3614 potentiam
1070 3543 1304 3614 dystruo,
1353 3558 1473 3614 cum
1520 3543 1782 3613 castigans

190 3629 398 3684 corpus
419 3630 592 3670 meum
616 3611 855 3668 inlirinor
872 3615 923 3667 in
947 3630 1051 3684 tne.
1078 3611 1205 3668 Cum
1233 3613 1363 3667 enim
1385 3612 1634 3684 inlinitur,
1660 3611 1783 3684 tunc

192 3681 376 3769 potens
390 3703 501 3769 sum
517 3686 579 3769 (ΙΙ
600 3685 717 3739 Cor.
742 3702 833 3769 xt_l_,
856 3684 962 3766 ω).
987 3683 1188 3769 Gratius
1210 3694 1374 3769 autem
1400 3681 1781 3769 Dempta-dedit

191 3752 342 3811 nobis
365 3752 624 3811 victoriam
656 3772 742 3822 per
774 3752 1043 3808 Dominum
1068 3764 1292 3808 nostrum
1318 3752 1493 3806 Jesum
1527 3752 1781 3807 Christum

191 3829 248 3899 (l
279 3825 405 3882 Cor.
448 3843 553 3893 xv,
591 3825 703 3898 57).
748 3826 897 3899 Quod
940 3826 982 3879 si
1026 3841 1129 3879 non
1171 3833 1449 3899 propterea
1488 3823 1781 3893 castigabat

192 3895 401 3969 corpus
429 3913 604 3969 suum,
632 3895 737 3967 quo
765 3897 1017 3951 malarum
1041 3895 1588 3969 concupiscentiarmn
1615 3910 1778 3969 appe-

192 3964 329 4022 titus
359 3968 443 4023 vel
473 3964 716 4023 stimulos
740 3975 1015 4037 superaret
1052 3966 1286 4021 libidinis
1310 4007 1324 4031 ,
1343 3980 1448 4037 _cur
1476 3964 1576 4019 boc
1611 3980 1671 4019 se
1701 3965 1777 4018 fa-

190 4054 322 4094 cere
350 4039 583 4105 diccbat,
619 4039 707 4092 illo
732 4035 924 4093 melius
952 4037 1218 4105 sapientes
1240 4044 1296 4090 et
1324 4035 1579 4091 docentes
1610 4050 1777 4103 expo-

192 4112 329 4164 nite.
352 4109 470 4164 Non
500 4110 639 4164 enim
670 4108 907 4163 naturale
933 4123 1052 4162 esse
1078 4108 1273 4161 bonum
1298 4106 1566 4159 libidinem
1590 4106 1781 4175 pracdi-

188 4180 399 4237 caretis
421 4221 436 4246 ,
465 4180 509 4232 si
539 4179 832 4234 castitatem
865 4178 886 4209 ³
914 4178 1180 4232 intuentes
1203 4217 1219 4241 ,
1252 4186 1308 4232 ut
1335 4177 1527 4230 Paulus
1554 4190 1777 4245 corpora

190 4262 377 4307 vestra
402 4250 757 4320 castigaretis;
783 4253 888 4303 into
910 4248 1198 4320 impudenti
1224 4248 1395 4320 fronte
1418 4246 1775 4320 lascivientes,

189 4324 314 4390 ejus
343 4317 560 4376 motum
580 4320 601 4352 ⁸
626 4322 700 4375 sic
730 4320 938 4391 procaci
966 4317 1140 4391 lingua
1180 4318 1405 4391 laudatis
1441 4318 1493 4373 in
1526 4317 1733 4387 publico
1760 4360 1775 4391 ,

190 4389 252 4448 ut
282 4391 497 4448 cunctis
524 4401 698 4461 pateat
726 4389 847 4460 quid
880 4406 908 4443 a
936 4390 1086 4443 vobis
1109 4390 1311 4459 geritur
1339 4389 1390 4442 in
1408 4397 1633 4461 _secreto
1657 4406 1691 4461 _:
1730 4389 1776 4442 si

189 4474 380 4518 tamen
409 4458 543 4533 quos
568 4458 791 4533 laudare,
812 4462 1018 4533 publice
1042 4458 1144 4515 non
1170 4461 1346 4529 pudet,
1370 4458 1569 4533 eligant
1592 4458 1779 4533 velse-

186 4529 443 4589 cretum:
466 4532 614 4603 Rogo
634 4574 647 4595 ,
684 4529 982 4587 erubescite
1004 4574 1016 4595 ,
1044 4534 1182 4585 unde
1212 4529 1516 4600 promplasti
1542 4571 1557 4593 ,
1587 4537 1643 4582 ut
1666 4529 1776 4603 jam

188 4606 402 4660 dictum
427 4614 529 4665 est,
553 4601 673 4671 post
695 4611 965 4671 peccaturo
989 4602 1334 4663 erubuerunt,
1357 4615 1579 4668 quorum
1602 4608 1656 4671 et
1677 4601 1775 4670 ipsi

189 4683 511 4744 peccatores
536 4670 718 4728 sumus
745 4674 872 4738 lilii;
902 4681 955 4726 et
977 4673 1176 4744 credite
1202 4671 1397 4725 malum
1428 4686 1490 4724 ex
1508 4670 1733 4744 diabolo
1758 4711 1775 4736 ,

190 4741 302 4801 non
346 4746 543 4801 bonum
571 4760 634 4798 ex
663 4745 771 4798 Deo
795 4758 913 4797 esse
953 4742 1242 4796 libidinem.
1282 4743 1449 4807 Quam
1490 4741 1777 4807 Apostolus

186 4820 219 4875 lt
239 4833 368 4887 gem
397 4857 411 4879 ,
434 4816 544 4887 hoc
568 4823 651 4869 est
672 4855 686 4877 ,
716 4816 910 4887 _malam
951 4811 1384 4887 consuetudinem
1418 4812 1654 4887 nominat
1677 4852 1697 4887 ε
1724 4820 1778 4866 et

184 4880 316 4942 csSe
338 4886 467 4940 dicit
490 4887 540 4940 in
571 4884 823 4940 membris
846 4885 1165 4939 contrariam
1192 4884 1293 4953 legi
1324 4884 1535 4948 mentis,
1561 4896 1628 4936 nc
1648 4880 1776 4937 obe-

183 4961 373 5014 diatur
398 4957 497 5014 leui
531 4957 641 5010 Dei.

262 5021 493 5083 CAPUT
539 5027 598 5081 V.
629 5056 698 5066 --
722 5025 775 5081 5.
811 5024 1000 5080 Audite
1028 5039 1155 5095 ergo
1185 5033 1378 5095 quanta
1414 5021 1485 5095 sit
1524 5021 1775 5093 iniquitas

185 5100 355 5169 hujus
382 5098 525 5161 mali,
549 5097 742 5169 quidse
768 5097 890 5151 binc
915 5096 1076 5169 homo
1096 5093 1325 5164 patiatur
1346 5094 1603 5169 infirmus,
1633 5095 1776 5162 Apo-

180 5162 330 5225 sto'lo
359 5162 650 5223 dicente'et
674 5167 973 5236 disputante
1001 5162 1138 5220 inter
1162 5176 1354 5220 caetera
1385 5162 1569 5236 :_Nam
1590 5180 1777 5236 concu-

182 5244 489 5297 oiscentmm
512 5280 528 5303 ,
556 5239 725 5306 inquit
748 5233 773 5303 ,’
793 5238 1069 5291 nesciebam
1092 5276 1108 5302 ,
1140 5236 1237 5289 nisi
1277 5237 1358 5289 lea:
1394 5234 1616 5306 diceret,
1650 5233 1773 5289 Non

178 5311 536 5380 concupisces.
586 5305 700 5362 Non
748 5307 913 5380 dixit,
964 5306 1483 5380 (ΞοιιιξιιρῑεοιειιιίειιιιΔ
1505 5305 1615 5374 jam
1667 5321 1771 5360 non

179 5375 457 5437 habebam
481 5397 496 5444 ;
526 5380 641 5445 sed,
665 5378 963 5445 nesciebam,
992 5376 1154 5448 quid?
1183 5387 1358 5431 utrum
1385 5375 1577 5430 malum
1606 5385 1767 5432 esset.

250 5520 266 5549 ¹
304 5527 357 5566 tn
388 5524 551 5576 cuntis,
575 5511 749 5577 dilecta
785 5512 975 5577 cupido.

252 5583 273 5610 ²
307 5581 383 5629 sic
422 5572 623 5628 veteres
668 5575 795 5626 libri.
845 5572 899 5625 At
945 5574 1096 5633 editi,
1133 5581 1432 5632 currentem,
1480 5579 1525 5623 ct
1581 5572 1773 5635 placere

179 5648 290 5705 [Teo
329 5653 417 5705 per
452 5640 680 5705 ducatum
718 5636 891 5705 gratia:
925 5637 1030 5705 ejus
1068 5636 1295 5686 volentem
1339 5636 1459 5698 (Am.
1489 5645 1539 5685 et
1563 5641 1658 5694 t-Lr.,
1693 5648 1775 5685 no-

176 5698 883 5769 menutdiversorumtlibitu
900 5698 1156 5769 nullorum,
1182 5706 1277 5747 etc.

251 5766 273 5797 ³
307 5764 445 5823 aditi,
470 5776 514 5813 st
533 5761 1015 5823 castitatistirtutem.

252 5827 275 5857 δ
310 5836 412 5877 Am.
432 5820 507 5874 Er.
534 5830 586 5873 et
606 5830 734 5884 uss,
757 5821 809 5872 in
829 5820 934 5884 ejus
949 5828 1141 5872 motum.

474 5909 698 5971 Ssacr.
746 5909 1021 5969 Aueusr.
1064 5906 1141 5966 Χ.

1251 313 1808 374 HYPOGNOSTICON
1848 314 2051 372 LIBER
2088 315 2435 385 QUARTUS.

3336 324 3481 383 ιδη

1898 429 2166 505 Habebam
2205 432 2363 502 igitur
2387 474 2402 499 ,
2440 433 2533 487 sed
2572 441 2820 505 tanquam
2849 437 3087 494 naturale
3125 436 3321 494 bonum
3350 455 3471 497 esse

1894 502 2176 581 credebam
2206 521 2220 557 :
2248 519 2366 558 cum
2395 513 2572 581 autem
2601 502 2928 581 lex—diceret,
2959 507 3081 562 Non
3107 512 3429 581 concupisces
3450 530 3473 577 ,-

1894 576 2115 648 cognovi
2147 590 2250 629 non
2283 575 2522 648 naturale
2548 575 2763 635 bonum,
2795 578 2887 633 sed
2911 596 3005 647 per
3032 575 3302 648 peccatum
3325 575 3472 636 acci-F

1893 644 2024 698 dens
2058 659 2176 699 esse
2215 647 2411 699 malum
2443 644 2943 715 concupiscentiam.
2987 644 3264 705 Occasione
3304 664 3474 707 autem

1891 724 2096 784 accepta
2117 758 2132 780 ,
2162 726 2421 790 peccatum
2450 733 2536 790 per
2563 718 2860 790 "randarum
2898 733 3157 790 operatum
3194 732 3266 777 est
3300 725 3352 778 in
3392 741 3472 777 me

1892 802 2089 865 cumem
2122 788 2598 865 concupiscentiam.
2638 788 2772 865 (_lum
2807 788 2938 856 ergo
2972 807 3243 860 sperarem
3270 835 3284 856 ,
3326 795 3474 865 quod

1890 856 2094 933 viribus
2120 858 2347 926 propriis
2387 858 2608 933 j-ubcnte
2652 859 2766 933 lege
2821 856 3028 933 possem
3084 856 3472 933 concupiscen-

1892 926 2286 1002 tiauryincere;
2316 927 2606 1002 majoribus
2632 926 2798 998 magis
2821 926 2942 999 ejus
2969 934 3196 1002 urgebar
3218 926 3470 1002 stimulis,

1891 1007 1942 1051 et
1966 997 2264 1052 iulirmante
2290 1014 2396 1063 mc,
2429 1000 2688 1073 cupiditas
2717 997 3183 1073 angcltatnrfsme
3211 1006 3317 1073 lege
3336 997 3473 1073 enim

1892 1077 2149 1136 peccatum
2182 1078 2432 1121 mortuum
2461 1064 2586 1123 erat.
2616 1070 2765 1137 Quod
2788 1064 3111 1139 peccatum?
3150 1064 3341 1130 Liltiilti
3363 1081 3471 1131 nti-

1889 1155 2014 1212 que,
2047 1155 2163 1209 qum
2191 1148 2245 1194 et
2279 1142 2703 1212 concupiscentia
2737 1144 2870 1197 mala
2906 1144 3120 1198 dicitur.
3153 1146 3268 1200 Non
3298 1147 3468 1212 dixit,

1888 1208 2004 1286 Non
2035 1208 2178 1275 erat;
2210 1210 2325 1286 _scd',
2355 1208 2603 1286 mortuum
2626 1221 2730 1286 crut
2756 1232 2768 1266 :
2796 1213 2844 1267 id
2869 1223 2971 1286 est,
2997 1231 3118 1269 cum
3145 1208 3471 1286 pra-ceptum

1891 1281 2023 1349 legis
2046 1323 2060 1343 ,
2088 1281 2225 1347 quod
2264 1289 2345 1335 cst
2370 1281 2419 1334 ci
2460 1284 2784 1339 coritrarinm
2811 1327 2825 1345 ,
2870 1285 3045 1339 adbnc
3073 1281 3174 1341 non
3206 1281 3384 1351 esset,
3416 1289 3471 1343 in

1892 1361 2169 1424 peccatore
2198 1353 2425 1417 latebat,
2469 1353 2590 1419 quia
2628 1355 2760 1422 legis
2789 1356 3012 1424 imperio
3047 1357 3472 1413 demonstratum

1895 1431 1995 1499 est.
2026 1422 2133 1492 Ego
2160 1433 2325 1499 autem
2347 1424 2457 1499 sine
2474 1425 2579 1499 lege
2600 1425 2818 1499 rircbam
2841 1422 3133 1499 aliquando.
3162 1429 3484 1499 PritISquam-

1890 1493 2081 1566 scirem
2114 1493 2414 1566 matulatum
2445 1495 2575 1566 legis
2601 1538 2613 1555 ,
2650 1497 2697 1547 in
2729 1493 2979 1564 operibus
3008 1499 3022 1529 ¹
3052 1493 3356 1566 cupiditatis
3385 1516 3474 1556 nte

1891 1564 2067 1633 vivere
2096 1564 2409 1640 arbitrabar.
2445 1564 2550 1618 Sed
2569 1583 2680 1618 cum
2710 1570 2915 1620 venisset
2946 1564 3260 1635 mandatum,
3285 1588 3470 1640 pecca-

1891 1643 1996 1686 tum
2024 1635 2197 1688 revixit
2222 1652 2240 1699 ;
2267 1651 2357 1703 ego
2385 1645 2552 1687 autem
2583 1646 2805 1689 mortuus
2845 1655 2953 1691 sum
3016 1640 3153 1693 Vixit
3195 1635 3335 1694 enim
3384 1643 3471 1696 in-

1892 1704 2125 1781 tentione
2148 1706 2419 1781 mortifera
2445 1707 2608 1771 prima
2639 1708 2771 1781 lege,
2800 1708 2848 1761 ili
2877 1720 2973 1781 _csl,
3000 1712 3212 1776 quando
3234 1712 3285 1765 in
3312 1728 3470 1781 para-

1890 1775 2006 1829 diso
2034 1775 2321 1843 captivavit'
2344 1779 2508 1829 Adam
2535 1794 2547 1829 :
2581 1775 2769 1831 revixit
2794 1779 2976 1832 eadem
3002 1775 3205 1836 fallacia
3234 1775 3468 1837 secttnda

1890 1845 2022 1916 lege,
2057 1857 2111 1900 et
2135 1847 2329 1900 occidit
2355 1863 2438 1900 me
2462 1889 2475 1913 ,
2511 1855 2756 1915 tanquam
2785 1864 2936 1902 sumo
2963 1852 3228 1917 captivum
3257 1896 3268 1915 ,
3301 1853 3471 1909 filium

1892 1919 2333 1989 transgressoris;
2361 1919 2480 1987 quia
2511 1935 2607 1989 per
2634 1920 2799 1987 legem
2828 1922 3058 1988 cognitio
3091 1926 3288 1989 peccati
3316 1966 3330 1985 ,
3364 1941 3469 1979 non

1890 1988 2108 2041 victoria
2130 1989 2196 2041 de
2227 1998 2457 2053 peccato.
2502 1987 2570 2042 Et
2612 1991 2864 2043 inventura
2903 1987 2978 2043 est
3018 1987 3142 2046 mihi
3177 1996 3472 2050 mandatum

1888 2058 2024 2133 quod
2044 2068 2150 2112 erat
2174 2059 2242 2112 ad
2266 2060 2439 2133 vitum,
2463 2059 2557 2133 Itoc
2583 2078 2689 2114 esse
2718 2062 2786 2113 ad
2817 2072 3044 2116 mortem.
3074 2066 3285 2133 Optime
3313 2066 3468 2133 dixit,

1889 2126 2156 2183 Inventum
2192 2140 2265 2183 est
2307 2130 2430 2182 milii
2459 2147 2476 2184 :
2506 2131 2554 2184 id
2582 2142 2664 2185 est
2687 2172 2701 2193 ,
2737 2136 2840 2185 non
2884 2126 3190 2188 mandatum
3236 2137 3372 2189 Deus
3402 2126 3471 2191 ad

1895 2210 2121 2254 mortem
2151 2201 2642 2274 dedit_,sedvisum
2671 2211 2752 2257 est
2788 2203 2916 2256 mihi
2952 2211 3201 2274 tanquam
3232 2206 3475 2261 mortife-

1889 2284 2044 2335 rum,
2074 2287 2139 2326 eo
2165 2271 2303 2341 quod
2334 2272 2461 2326 illud
2486 2274 2677 2346 virtute
2708 2275 2919 2346 propria
2948 2271 3171 2342 implere
3205 2293 3309 2331 non
3340 2292 3470 2346 pos-

1890 2356 2042 2407 sum;
2074 2357 2190 2397 cum
2227 2357 2326 2412 ego
2355 2358 2456 2395 ιιοιι
2492 2343 2725 2398 mandati
2754 2345 2917 2405 vitio,
2947 2345 3038 2399 sed
3086 2347 3303 2402 stimulo
3341 2343 3475 2403 con-
3502 2348 3505 2353 ’

1889 2413 2228 2483 cupisccntia:
2258 2413 2758 2483 mortisipercussus
2786 2416 3001 2469 moriar.
3032 2415 3289 2473 Stimulos
3324 2420 3467 2473 Cllllll

1890 2482 2075 2559 mortis
2095 2493 2389 2559 peccatum:
2418 2482 2556 2537 Nam
2585 2492 2841 2559 peccatum
2862 2487 3358 2559 occursioueuccepla
3383 2506 3473 2559 per

1889 2555 2183 2608 mandatum
2208 2554 2407 2607 seduxit
2434 2571 2533 2615 me,
2557 2564 2603 2608 et
2628 2556 2870 2629 perillud
2890 2558 3096 2609 occidit.
3128 2554 3321 2614 Videns
3349 2554 3474 2629 pec-

1888 2636 2086 2691 catum,
2115 2629 2255 2694 quod
2282 2634 2364 2680 est
2385 2667 2398 2690 ,
2433 2634 2490 2678 ut
2517 2639 2660 2694 Stepe
2688 2625 2883 2679 dictum
2913 2632 3015 2693 est,
3047 2629 3306 2694 cupiditas
3333 2625 3473 2684 unde

1890 2696 2052 2750 libido
2080 2705 2261 2750 exorta
2290 2705 2391 2759 est,
2415 2696 2483 2750 de
2515 2696 2646 2766 legis
2675 2696 2991 2751 auctoritate
3024 2698 3154 2750 nihil
3185 2701 3359 2755 valere
3388 2717 3474 2755 me

1888 2777 2072 2820 contra
2116 2780 2212 2839 se;
2247 2767 2383 2839 sicut
2418 2766 2585 2839 Adam
2606 2809 2622 2832 ,
2657 2767 2934 2839 interjccto
2962 2769 3211 2822 mandato
3240 2774 3303 2824 ad
3335 2787 3474 2839 prte-

1889 2837 2334 2901 varicandutn,de
2355 2851 2462 2907 quo
2486 2838 2667 2891 vitium
2700 2837 2947 2906 peccandi
2978 2841 3240 2907 contraxi,
3262 2837 3474 2897 seduxit

1888 2916 1944 2963 et
1972 2924 2076 2971 me,
2112 2918 2357 2976 tanguam
2389 2907 2563 2961 denuo
2590 2907 2807 2973 dicens,
2840 2908 2953 2962 Non
2988 2921 3159 2964 morte
3187 2912 3430 2966 morieris
3452 2957 3467 2976 ,

1889 2979 1932 3032 si
1963 2979 2030 3032 de
2070 2978 2210 3049 ligno
2244 2978 2647 3033 manducaveris
2679 2979 2995 3042 interdicto;
3025 2982 3133 3034 imo
3166 2984 3474 3049 aperientur

1889 3049 2029 3103 oculi
2068 3048 2140 3103 Ini
2167 3090 2180 3114 ,
2221 3058 2275 3102 ct
2315 3049 2423 3103 eris
2462 3051 2599 3104 sicut
2637 3048 2743 3112 dii,
2771 3050 2945 3104 sciens
2972 3051 3167 3105 bonum
3193 3048 3247 3105 et
3274 3056 3469 3108 malum

1889 3117 2147 3190 (Gemitu,
2181 3121 2233 3185 4,
2264 3119 2343 3190 ὅ).
2370 3120 2494 3190 Ideo
2520 3130 2579 3176 et
2599 3135 2694 3189 per
2713 3119 2839 3175 illud
2866 3121 3081 3175 occidit.

1959 3191 2013 3244 6.
2045 3188 2226 3257 Itaque
2252 3186 2338 3243 [ex
2378 3186 2577 3259 qui'dem
2600 3186 2778 3244 sancta
2802 3232 2816 3251 ,
2849 3201 2895 3245 et
2924 3192 3216 3248 mandatum
3242 3207 3471 3250 saucmm

1887 3269 1935 3337 et
1953 3262 2149 3337 justum
2177 3260 2455 3337 et_bouun_t.
2477 3259 2600 3337 _Non
2632 3261 2790 3330 igitur
2817 3261 3018 3330 imputo
3048 3264 3147 3337 legi
3174 3266 3265 3322 Dei
3288 3312 3299 3330 ,
3326 3269 3468 3337 quod

1886 3331 2014 3384 vitio
2055 3345 2176 3384 meo
2216 3331 2381 3385 factus
2397 3330 2686 3406 infirmus,
2721 3342 3043 3406 pra-ceptum
3091 3336 3205 3403 ejus
3248 3330 3473 3406 implere

1888 3416 2094 3470 nequeo
2124 3419 2138 3452 :
2169 3416 2287 3472 qua:
2311 3400 2411 3455 etsi
2434 3401 2670 3470 jubendo
2696 3416 2800 3455 non
2829 3401 2996 3470 juvat,
3023 3400 3197 3460 tanien
3221 3400 3473 3462 sna'san-

1885 3472 2079 3549 ctitate
2096 3482 2149 3524 et
2168 3472 2368 3538 justitia
2400 3473 2607 3549 malum
2627 3487 2746 3527 esse
2772 3475 3255 3549 concupiscentiam
3278 3519 3293 3542 ,
3325 3481 3467 3549 quod

1886 3544 2209 3621 nesciebam,
2232 3542 2491 3621 ostendit;
2521 3542 2640 3621 quia
2668 3542 2957 3621 peccatum,
2964 3546 3077 3621 _ait,
3104 3542 3464 3621 uoucogtiovi,

1887 3561 2209 3623 neseieuam,
2232 3561 2491 3608 omenutt;
2521 3561 2640 3613 quia
2653 3561 2951 3668 ferculum,
2983 3561 3077 3612 an,
3104 3563 3205 3601 non
3233 3561 3464 3621 cognovi,

1886 3612 1984 3666 uisi
2011 3629 2099 3687 per
2119 3614 2275 3685 legem
2299 3629 2316 3666 :
2341 3623 2395 3687 et
2419 3612 2600 3687 docuit
2619 3632 2659 3687 aA
2703 3615 3043 3687 superandos
3072 3617 3186 3687 ejus
3209 3620 3419 3674 illicitos
3445 3623 3467 3654 ⁸

1886 3684 2188 3752 appetitus,
2219 3698 2341 3738 cum
2364 3684 2422 3737 in
2449 3699 2535 3739 me
2563 3684 2753 3739 delicio
2774 3726 2790 3751 ,
2822 3685 3022 3741 debere
3050 3684 3284 3743 divinum
3314 3693 3468 3744 auxi-

1886 3753 2011 3807 lium
2039 3754 2341 3830 i‘tnplorare.
2372 3754 2664 3830 Quodqu
2689 3756 2872 3808 bonum
2890 3767 2993 3830 _est,
3020 3758 3144 3830 milii
3173 3764 3366 3830 factum
3392 3772 3469 3816 est

1884 3825 2060 3879 mors?
2086 3825 2246 3879 Absit.
2277 3823 2543 3895 Numquid
2576 3823 2719 3880 enim
2745 3826 3052 3882 mandatum
3082 3823 3298 3896 bonum,
3331 3845 3466 3885 con-

1887 3903 1964 3948 tra
1993 3898 2178 3949 mortis
2203 3910 2364 3962 opera
2392 3896 2595 3960 datum,
2624 3896 2677 3949 in
2700 3907 2925 3951 mortem
2958 3899 3086 3952 mihi
3121 3908 3198 3954 est
3228 3916 3470 3957 commu-

1887 3966 2088 4036 tatum?
2110 3967 2280 4021 Absit.
2304 3966 2418 4036 Ego
2439 3965 2683 4021 videlicet
2703 3966 2844 4036 quod
2868 3968 3085 4034 morior,
3104 3986 3207 4024 non
3232 3972 3465 4027 mandati

1882 4035 2007 4090 boni
2036 4036 2163 4090 vitio
2194 4035 2414 4101 morior,
2440 4036 2534 4091 sed
2556 4035 2808 4092 mandato
2833 4036 2972 4091 bono
2994 4039 3119 4092 vitio
3144 4055 3264 4094 meo
3293 4051 3468 4096 trans-

1882 4121 2085 4180 gresso.
2112 4106 2216 4161 Sed
2240 4118 2498 4173 peccatum
2520 4116 2575 4160 ut
2600 4114 2845 4180 apparent
2867 4119 3142 4176 peccatum,
3170 4127 3259 4180 per
3278 4113 3463 4167 bonum

1883 4177 2006 4230 mihi
2034 4188 2297 4248 operatum
2317 4188 2388 4232 est
2408 4177 2714 4250 mortem,_ut
2735 4179 2825 4247 [iet
2849 4195 3005 4248 supra
3024 4177 3227 4234 modum
3251 4200 3464 4250 peccans

1883 4258 2141 4320 peccatum
2168 4264 2257 4319 per
2283 4248 2601 4320 mandatum.
2634 4247 2702 4320 Ut
2726 4247 3318 4320 ergorc0ncupiscentim
3336 4269 3464 4308 ma-

1884 4318 1990 4392 lum
2015 4360 2030 4383 ,
2060 4335 2178 4389 qua:
2213 4318 2364 4373 radix
2389 4328 2469 4392 est
2503 4319 2738 4392 omnium
2768 4318 3066 4385 malorum,
3109 4332 3464 4392 cognoscatur

1884 4389 2115 4464 malum,
2127 4405 2224 4464 per
2244 4390 2548 4464 mandatum
2575 4390 2771 4464 bonum
2793 4393 3067 4464 praevaluit
3089 4393 3141 4446 in
3163 4389 3247 4464 me
3269 4394 3458 4464 magis,

1882 4473 1989 4514 non
2023 4459 2258 4514 defecit:
2287 4462 2408 4529 quia
2444 4461 2530 4517 lex
2564 4461 2881 4515 subintravit
2907 4469 2965 4515 ut
3000 4459 3458 4518 abnndaretdéli-

1882 4539 2046 4586 ctum.
2070 4531 2291 4585 Mortem
2318 4544 2445 4600 ergo
2475 4530 2606 4584 mibi
2635 4540 2908 4601 operatum
2931 4540 3010 4584 est
3036 4533 3310 4599 delictum,
3334 4548 3457 4590 cum

1881 4615 1947 4656 ex
1975 4602 2190 4666 delicto,
2219 4601 2271 4655 id
2292 4610 2393 4665 est,
2421 4616 2484 4654 ex
2519 4601 2947 4669 concupiscentia
2975 4603 3131 4667 mala,
3158 4604 3461 4660 intlrmante

1882 4687 1968 4727 me
1998 4674 2190 4726 virtute
2221 4671 2427 4740 propria
2451 4670 2514 4724 ad
2543 4671 2893 4724 obedientium
2920 4672 3037 4741 legi,
3063 4672 3253 4729 delicta
3276 4689 3463 4732 creve-

1881 4751 2026 4797 runt.
2064 4742 2355 4814 Eli-ctum
2381 4750 2464 4796 est
2488 4755 2650 4814 supra
2682 4741 2894 4795 modum
2927 4757 3152 4814 peccans
3180 4754 3457 4814 peccatum

1885 4828 1978 4883 per
2006 4812 2335 4877 mandatum,
2365 4827 2484 4884 cum
2516 4827 2609 4881 per
2633 4811 2804 4882 legem
2827 4854 2840 4878 ,
2872 4823 2925 4865 ut
2950 4812 3081 4878 dixi,
3114 4811 3217 4870 non
3243 4816 3459 4884 defecit,

1882 4884 1978 4938 sed
2007 4885 2173 4953 magis
2189 4882 2556 4957 immoderatis
2576 4884 2948 4957 cupiditatibus
2973 4885 3144 4939 crevit
3168 4903 3180 4957 ξ
3206 4886 3328 4957 quia
3349 4882 3463 4942 viri-

1885 4964 1968 5010 tus
2000 4954 2201 5024 peccati
2242 4953 2325 5007 lex
2366 4962 2447 5024 est
2470 4995 2484 5015 ,
2513 4953 2842 5022 prohibendo
2871 4962 2926 5008 et
2953 4969 3057 5008 non
3096 4953 3460 5014 auferendo-‘.

1884 5020 2088 5080 Scimus
2109 5025 2241 5078 enim
2260 5023 2396 5090 quod
2417 5020 2500 5077 lea:
2515 5020 2798 5094 spiritualis
2820 5034 2921 5087 cst;
2943 5041 3032 5094 ego
3054 5036 3219 5081 autem
3239 5030 3463 5085 carnalis

1882 5113 1994 5168 sum
2018 5136 2032 5159 ,
2074 5095 2404 5168 venumdatus
2429 5094 2521 5148 sub
2551 5104 2776 5168 peccato.
2807 5095 3007 5168 Spiritu
3040 5096 3198 5168 igitur
3226 5099 3318 5153 Dei
3355 5111 3460 5154 tam

1882 5167 2110 5221 docente
2134 5180 2291 5236 quam
2308 5165 2547 5236 juvante,
2569 5181 2676 5233 quo
2700 5164 2785 5219 lex
2809 5166 2931 5221 data
2961 5164 3082 5232 est;
3097 5184 3200 5222 non
3227 5171 3340 5224 sola
3368 5185 3462 5225 vo-

1882 5237 2083 5309 luntate
2106 5234 2462 5309 carnalilcgis
2477 5234 2517 5299 δ,
2537 5245 2759 5303 possunt
2787 5236 2992 5304 impleri
3014 5249 3274 5308 praecepta
3301 5257 3314 5293 :
3338 5242 3463 5309 quia

1884 5322 1978 5378 per
2020 5308 2190 5377 legem
2232 5307 2355 5360 vitia
2397 5321 2515 5360 mea
2560 5314 2764 5359 tantum
2808 5321 3074 5377 agnosco,
3110 5307 3211 5362 non
3253 5307 3461 5364 aufero.

1946 5510 1958 5537 '
1999 5507 2232 5573 llicediti
2269 5505 2464 5573 abluat,
2506 5503 2663 5573 totius.
2820 5564 2844 5573 Δ,

1949 5573 1967 5601 ²
2004 5571 2306 5631 Antiquiores
2326 5568 2433 5618 libri
2451 5605 2464 5624 ,
2499 5568 2663 5631 inlices
2687 5568 2936 5631 impolitus.

1908 5695 1917 5703 ς
1945 5634 2070 5719 3171c
2092 5626 2189 5679 uss,
2223 5638 2276 5679 At
2300 5639 2419 5688 Am,
2443 5636 2487 5679 ct
2510 5642 2601 5678 non
2636 5626 2917 5676 Imttrieitdo.
2961 5635 3087 5685 tma,
3131 5633 3175 5675 ct
3206 5640 3296 5675 nou
3321 5638 3466 5680 (new

1908 5695 1917 5703 ‘
1998 5696 2013 5719 Ι

1882 5695 2131 5812 Milligan,
2156 5769 2247 5804 non
2266 5752 2413 5804 solum
2438 5754 2666 5813 roluntsztc
2687 5746 2894 5799 carnalia
2919 5747 3055 5810 legis.
3080 5752 3377 5814 t'astigantut
3399 5757 3467 5797 ex

1884 5819 2140 5880 manuscrij
2161 5820 2234 5866 tis.

2541 5900 2948 5980 (Cinquante-
2958 5898 3184 5968 dm.)
