4006 6476
282 409 301 463 1
312 404 410 462 645

275 519 410 576 enim
438 534 545 574 non
578 519 775 588 poterit
802 517 978 589 proles
1006 516 1253 589 existere.
1287 536 1306 568 ι
1334 516 1410 570 Ex
1440 515 1541 571 hoc
1571 516 1847 589 advertant

276 591 479 647 dilectae
507 600 701 643 vestra:
737 588 1016 645 castissimi
1047 597 1437 656 expugnatores
1457 628 1471 650 ,
1504 598 1756 655 quantum
1786 588 1849 641 li-

275 664 380 723 bet,
410 659 552 730 quod
583 668 787 714 tantum
819 657 1035 715 laudare
1064 658 1296 713 delectat
1321 675 1335 712 :
1356 668 1447 712 aut
1474 656 1520 711 si
1552 673 1654 730 non
1672 658 1813 730 libet
1835 700 1848 720 ,

272 749 392 787 cum
430 727 620 787 suadet
664 740 720 784 ut
760 730 951 791 libeat,
978 738 1033 784 et
1070 737 1400 798 expugnatur
1428 744 1457 781 a
1485 727 1635 780 vobis
1668 729 1683 759 ⁸
1710 769 1724 793 ,
1756 744 1852 784 cur

274 805 469 858 bo-tum
500 800 820 872 prmdicatis,
851 798 1070 872 quodin
1097 799 1245 853 vobis
1276 798 1555 852 adversum
1586 812 1705 872 esse
1729 814 1854 872 sen-

273 874 419 928 litis?
449 866 580 942 rogo
600 914 615 937 ,
643 866 960 942 erubescite.
1006 868 1172 942 Nemo
1217 884 1445 942 unquam
1474 866 1613 942 quod
1643 868 1741 923 sibi
1772 876 1854 924 est

273 937 566 1006 inimicum,
586 940 784 997 bonum
812 940 993 996 dicere
1019 937 1321 996 delectatur
1335 947 1388 993 et
1413 937 1624 993 landum
1653 953 1855 1007 pra'co-

273 1016 372 1069 niis
395 1013 682 1069 adornare.
714 1011 976 1082 Fallimini
1006 1025 1223 1082 prorsus
1249 1020 1303 1065 et
1325 1009 1528 1082 fallitis,
1561 1009 1668 1063 imo
1691 1008 1851 1075 dece-

271 1086 343 1154 pti
369 1086 500 1141 estis
523 1094 579 1140 et
596 1083 860 1154 deeipitis.
884 1080 1111 1154 Nonlest
1132 1082 1230 1137 iste
1257 1080 1405 1154 calor
1428 1080 1735 1154 bonus,_nec
1760 1095 1851 1154 ge-

270 1149 450 1210 nitalis
498 1155 551 1210 in
599 1149 754 1209 bonis
802 1152 1118 1223 genitalibus
1166 1150 1438 1218 membris,
1461 1166 1580 1219 qua:
1608 1149 1852 1223 formavit

272 1226 434 1292 Deus,
460 1226 555 1281 sed
587 1225 777 1286 malus,
803 1220 859 1278 ut
882 1238 1024 1293 saepe
1043 1222 1242 1277 dictum
1262 1230 1370 1293 est,
1394 1229 1613 1278 auclore
1639 1220 1853 1293 diabolo

271 1294 609 1366 praecedente
640 1303 877 1364 peccato.
928 1292 1033 1366 isto
1060 1293 1239 1366 calore
1277 1292 1321 1348 si
1357 1292 1505 1363 vigor
1534 1292 1727 1366 mentis
1759 1307 1851 1346 ve-

270 1360 398 1423 str-1*.
433 1367 503 1422 ad
544 1360 728 1422 illicita
766 1380 873 1418 non
911 1363 1316 1428 dissolveretur,
1361 1360 1467 1417 non
1502 1376 1533 1416 a
1563 1360 1714 1416 vobis
1745 1369 1852 1417 tam

271 1439 417 1493 licito
460 1438 798 1502 laudaretur,
837 1435 967 1506 quin
1007 1434 1182 1507 potius
1209 1433 1346 1489 sicut
1372 1447 1402 1489 a
1431 1431 1720 1488 Catholicis
1755 1431 1852 1489 da-

268 1520 568 1564 mutaretur.

344 1581 433 1635 11.
460 1578 501 1634 S
519 1579 567 1633 id
598 1578 788 1633 iterum
817 1574 1182 1646 respondetis,
1214 1581 1273 1629 ut
1300 1573 1545 1644 superius
1569 1572 1706 1638 dixi,
1734 1580 1854 1646 tan-

268 1665 430 1721 quam
462 1650 709 1721 clypeum
741 1644 921 1703 vestro
946 1646 1180 1721 dogmati
1209 1653 1538 1721 opponentes
1558 1684 1575 1711 ,
1610 1644 1856 1721 tte_v_o_bis

272 1713 487 1799 valeant
514 1713 945 1799 simplicesqnos
970 1713 1214 1799 decipitis
1234 1713 1524 1799 .i'esistere,
1554 1724 1607 1799 et
1638 1713 1851 1797 dicitis:

272 1811 297 1843 ι
327 1790 562 1862 Nuptias
588 1786 984 1862 damnabantur
1005 1829 1021 1852 ,
1042 1786 1107 1862 _si
1131 1786 1319 1862 _libido
1343 1786 1686 1862 Adamnetur,
1712 1786 1853 1862 _qu_ia

272 1855 481 1932 absque
510 1860 599 1915 illa
629 1860 843 1932 soboles
871 1873 976 1913 non
1007 1857 1254 1932 gignitur.
1288 1875 1316 1932 r
1334 1855 1469 1924 Quid
1499 1856 1856 1927 prmstigiosis-

271 1927 427 1987 simis
472 1931 856 1986 assertionibus
888 1927 1080 1982 vestris
1118 1927 1258 1983 diem
1305 1927 1359 1980 in
1399 1937 1606 1981 noctem
1651 1936 1857 1981 mutare

270 2003 542 2058 nitimini?
578 2000 702 2071 quid
748 1998 956 2071 nebulis
994 2013 1183 2071 serena
1221 1997 1570 2071 convolvitis?
1599 1997 1725 2067 quid
1772 1997 1850 2071 in-

268 2074 549 2128 tuentibus
575 2064 767 2136 lucem,
798 2069 1057 2140 ferventes
1083 2069 1135 2124 in
1156 2067 1332 2123 calore
1357 2068 1516 2140 turpi,
1537 2064 1857 2140 quemopti-

272 2160 424 2197 rnnm
459 2142 781 2213 pra‘dicatis,
806 2149 866 2194 ut
889 2139 1068 2195 cordis
1097 2155 1287 2213 eorum
1306 2138 1489 2213 oculus
1514 2138 1854 2213 perturbetis,

270 2213 411 2269 ﬁnni
460 2208 871 2268 amaritudinem
918 2210 1204 2265 eructatis?
1245 2208 1448 2279 Nuptiae
1492 2218 1709 2263 auctore
1751 2208 1857 2263 Deo

270 2284 434 2338 valde
456 2293 579 2338 sunt
605 2286 778 2348 bonae,
809 2296 907 2336 nec
934 2280 1252 2337 damnantur
1283 2295 1497 2349 prorsus
1518 2320 1532 2343 ,
1554 2294 1677 2334 cum
1704 2279 1858 2333 volu-

270 2368 471 2425 ptuosa
497 2353 657 2410 libido
681 2351 982 2425 damnatur.
1010 2350 1216 2425 antia:
1246 2351 1470 2425 liliormn
1502 2349 1860 2425 procreando-

275 2419 405 2480 rum
428 2440 584 2479 causa
606 2433 731 2480 sunt
759 2423 1030 2485 institutm,
1059 2419 1196 2476 sicut
1219 2421 1472 2487 scriptum
1496 2429 1596 2486 est,
1621 2419 1857 2487 Crescite,

275 2442 405 2480 rum
428 2440 584 2479 causa
606 2437 731 2480 sunt
759 2437 1030 2485 ιιιειιιυιω,
1059 2437 1196 2476 διοιιι
1219 2437 1320 2477 scrt
1364 2437 1472 2475 tum
1496 2437 1596 2486 est,
1621 2437 1857 2487 marite,

266 2508 323 2550 et
359 2494 788 2563 multiplicamini,
818 2502 865 2547 et
891 2493 1077 2562 replete
1105 2502 1287 2546 (errant
1310 2437 1468 2616 ({Gen.
1496 2506 1533 2553 ι,
1562 2490 1653 2561 ‘28)
1686 2510 1699 2546 :
1723 2506 1858 2561 qua-

274 2584 404 2616 rum
433 2566 601 2616 liciltts
626 2581 753 2616 usus
776 2580 880 2616 non
912 2565 961 2616 in
990 2563 1196 2616 luxuria
1219 2562 1306 2616 libi
1349 2562 1449 2616 inis
1469 2562 1735 2616 institutus
1756 2570 1857 2616 est.

274 2584 404 2621 rum
433 2562 601 2621 licitas
626 2581 753 2620 nsns
776 2580 880 2619 non
912 2565 961 2617 in
990 2563 1196 2618 luxuria
1219 2562 1449 2617 libidinis
1469 2562 1735 2616 institutus
1756 2570 1857 2627 est,

272 2637 385 2692 sed
412 2637 526 2691 sine
552 2638 639 2692 illa
672 2634 894 2703 imperio
916 2635 937 2666 ⁸
970 2633 1357 2703 honestissima:
1384 2633 1703 2703 voluntatis,
1739 2641 1857 2687 tan-

273 2717 425 2771 tum,
456 2717 510 2762 ut
535 2707 665 2774 dixi,
695 2702 850 2761 causa
882 2713 1144 2759 natorum.
1186 2702 1317 2770 Quia
1349 2702 1476 2757 Atla:
1496 2711 1561 2774 Act
1592 2703 1713 2758 Eva:
1739 2711 1862 2758 ante

274 2787 585 2847 peccatum,
611 2771 732 2833 cum
763 2775 936 2847 adhuc
963 2775 1165 2830 scilicet
1189 2773 1358 2847 incis
1370 2771 1593 2847 morbus
1622 2775 1724 2828 iste
1754 2787 1861 2847 non

267 2843 451 2914 esset,
479 2849 611 2902 dixit
636 2849 795 2911 Deus,
822 2843 1059 2907 Crescite,
1084 2855 1131 2898 et
1159 2843 1583 2915 multiplicamini,
1611 2854 1659 2898 et
1678 2843 1864 2913 replete

270 2928 495 2973 (aram.
523 2919 648 2974 Post
671 2925 943 2988 peccatum
971 2931 1116 2988 vero,
1147 2924 1202 2969 ut
1220 2914 1331 2988 jam
1355 2914 1861 2988 superiusdispnta-

268 2999 405 3044 sum
430 3000 531 3053 est,
563 2983 722 3044 sibilo
750 2987 997 3043 venenosi
1025 2983 1306 3056 serpentis,
1325 2983 1474 3055 cujus
1498 2984 1744 3056 eallidis_'
1770 2985 1863 3041 de-

268 3060 431 3128 cepti
450 3069 573 3115 sunt
587 3059 981 3124 blandimentis,
1003 3054 1136 3110 hanc
1158 3057 1442 3125 inquietam
1464 3065 1514 3110 et
1538 3054 1861 3128 mortiferam

275 3126 492 3200 western
537 3146 724 3185 eorum
766 3143 985 3200 corpora
1030 3136 1420 3200 conceperunt;
1449 3135 1504 3200 et
1539 3140 1633 3195 per
1662 3126 1862 3200 licitum

273 3197 477 3265 nsum,
509 3211 851 3280 posteaquam
877 3197 944 3254 de
970 3197 1214 3268 paradiso
1242 3197 1462 3280 projecti
1493 3204 1613 3278 sunt
1631 3238 1647 3262 ,
1682 3197 1743 3279 in.
1765 3213 1859 3267 po-

271 3284 463 3327 stcros
505 3267 937 3335 lransmiserunt,
969 3267 1216 3336 tanquam
1243 3267 1457 3337 peccati
1490 3267 1585 3337 sui
1625 3267 1864 3337 testimo-

272 3344 437 3398 nium
460 3340 797 3398 hrereditario
813 3340 932 3408 jure
951 3336 1277 3393 dimittentes
1298 3339 1349 3392 in
1378 3336 1530 3392 nobis
1554 3354 1566 3391 :
1594 3346 1648 3391 ut
1672 3352 1734 3392 ex
1761 3336 1864 3393 hoc

274 3414 754 3484 pnevaricatot'um
796 3427 896 3484 nos
936 3425 1055 3484 esse
1106 3408 1245 3484 lilios
1292 3416 1711 3478 cognoscentes,
1754 3424 1861 3462 non

267 3480 580 3554 gloriemur
615 3483 682 3537 de
723 3481 880 3554 nobis
892 3523 911 3547 ,
944 3480 993 3554 id
1014 3489 1116 3554 _es_t_
1132 3480 1198 3554 de
1225 3488 1411 3554 natura
1443 3485 1625 3554 nosira
1671 3492 1864 3554 pecea-

272 3548 445 3632 irice,
473 3555 526 3609 in
552 3562 838 3632 conspectu
861 3550 989 3622 justi
1006 3550 1202 3632 iudicis
1234 3549 1323 3632 Dei
1349 3565 1364 3613 ;
1386 3548 1479 3604 sed
1510 3548 1624 3617 ejus
1652 3549 1861 3632 miseri-

267 3624 508 3690 cordist,
534 3639 653 3694 qua:
680 3618 782 3676 non
812 3618 1091 3694 inmeritis
1118 3628 1346 3694 constat,
1371 3634 1584 3689 semper
1615 3620 1747 3675 colla
1770 3618 1866 3694 lle-

267 3703 525 3758 ctamns;
554 3690 661 3764 quo
684 3694 931 3764 dignetur
956 3690 974 3723 ‘
1003 3691 1055 3748 in
1089 3690 1389 3764 paradisum
1420 3705 1692 3759 revocare,
1726 3690 1865 3746 unde

271 3767 485 3821 merito
510 3765 723 3820 exsules
748 3764 892 3819 fecit.

364 3835 451 3890 12.
474 3835 541 3891 Et
567 3835 618 3889 in
642 3833 939 3904 coniugatis
958 3832 1113 3904 igitur
1133 3840 1187 3888 et
1211 3831 1266 3904 in
1288 3830 1433 3904 omni
1462 3830 1678 3904 homine
1701 3830 1864 3904 libido

271 3906 428 3961 mala
456 3914 538 3961 est
570 3923 584 3959 :
613 3902 997 3974 nonnunquam
1020 3904 1161 3959 enim
1189 3902 1255 3958 ad
1286 3902 1469 3958 illicita
1500 3902 1661 3974 trahit
1679 3944 1695 3968 ,
1740 3903 1863 3972 quia

271 3975 548 4031 voluntati
578 3972 878 4047 peccatriei,
903 3990 1007 4047 qua
1038 3975 1231 4030 factum
1257 3982 1342 4047 est
1369 3982 1426 4028 ut
1448 3980 1593 4029 esset
1617 3972 1670 4047 in
1693 3989 1863 4026 mem-

273 4047 421 4116 bris,
445 4044 714 4104 contraria
741 4054 823 4101 est
851 4048 904 4099 in
924 4044 1135 4100 tantum
1158 4087 1170 4109 ,
1205 4052 1263 4098 ut
1288 4045 1521 4116 ipsorum
1548 4044 1863 4113 conjugato-

273 4114 413 4173 rum
431 4119 497 4173 ad
524 4115 725 4173 licitum
756 4132 908 4171 usum
938 4116 1129 4171 ardore
1153 4116 1232 4171 sui
1259 4116 1337 4169 sic
1355 4114 1666 4169 anhelantes
1690 4116 1866 4183 pratci-

274 4190 422 4259 pitet
458 4198 698 4254 mentes,
730 4202 837 4313 (ξω
863 4187 1048 4243 eadem
1076 4185 1286 4241 licentia
1316 4185 1337 4217 '
1364 4184 1468 4241 acti
1503 4183 1681 4266 potius
1707 4199 1863 4256 quam

274 4269 507 4313 nentes
537 4269 717 4313 arant.
779 4258 838 4312 ‘it
866 4259 1008 4313 enim
1041 4258 1280 4311 voluntas
1319 4256 1654 4311 incontinens
1679 4297 1693 4313 .
1738 4256 1863 4311 dum

357 4269 507 4314 entes
537 4269 717 4328 agant.
751 4255 838 4313 Fit
866 4259 1008 4313 enim
1041 4258 1280 4328 voluntas
1319 4255 1654 4328 incontinens
1679 4297 1693 4319 ,
1734 4255 1863 4328 dum

357 4275 507 4314 entes
537 4275 717 4328 again.
755 4275 838 4313 l‘ll
866 4275 1008 4313 Gllllﬂ
1041 4275 1280 4311 νοιυιιιιιδ
1321 4275 1654 4311 lllCOllllﬂCllS
1679 4297 1693 4319 ,
1738 4275 1863 4311 unm

266 4275 459 4386 meets
482 4330 504 4361 ⁶
531 4330 760 4384 vincitur
786 4329 1083 4397 voluptate;
1116 4326 1209 4382 sed
1238 4327 1456 4381 venialis
1482 4335 1565 4380 est
1597 4327 1646 4380 in
1677 4326 1864 4395 conju-

268 4400 440 4472 gatis,
468 4401 610 4455 malo
639 4400 780 4472 bene
806 4397 1262 4472 utentibus._Quod
1289 4397 1522 4472 ostendit
1552 4398 1860 4472 Apostolus,

269 4466 405 4526 cum
422 4466 593 4525 causa
617 4470 960 4525 continentia:
983 4469 1239 4523 orationis
1260 4477 1471 4537 tempus
1508 4466 1691 4522 indicit
1732 4482 1863 4523 con-

270 4541 506 4610 jugatis,
536 4550 592 4595 et
616 4540 682 4595 ad
706 4541 878 4610 ipsum
906 4540 1094 4593 iterum
1125 4539 1501 4593 revertendum
1533 4548 1750 4610 prepter
1776 4538 1863 4592 in-

270 4607 666 4666 continentiam
715 4607 1021 4664 tentationis
1073 4620 1272 4664 satana:
1321 4610 1593 4678 praecipit,
1639 4607 1858 4663 dicens:

276 4681 457 4737 Nolite
498 4684 743 4754 fraudare
769 4682 1017 4754 invicem,
1051 4680 1148 4733 nisi
1170 4695 1238 4733 ea:
1262 4696 1508 4754 consensu
1535 4678 1602 4754 uti
1632 4689 1861 4745 tempus,

271 4763 336 4806 ut
356 4750 541 4808 vacetis
560 4752 778 4806 orationi
802 4767 820 4805 :
842 4760 889 4805 et
912 4751 1095 4804 iterum
1119 4750 1419 4805 revertimini
1448 4750 1499 4801 in
1530 4750 1771 4817 idipsum,
1801 4766 1866 4803 ne

269 4834 430 4878 tentet
457 4840 547 4878 vos
571 4832 778 4877 satanas
820 4831 1023 4893 prapter
1048 4820 1455 4893 incontinentiam
1484 4830 1719 4874 vestram.
1754 4818 1865 4893 Hoc

271 4907 446 4948 autem
472 4894 589 4947 dico
615 4892 890 4948 secundum
917 4892 1305 4957 indulgentiam,
1333 4906 1434 4944 non
1463 4894 1737 4944 secundum
1763 4892 1862 4943 im-
1908 4952 1915 4957 _

272 4968 474 5033 perium
502 4964 558 5034 (l
584 4962 702 5035 Cor.
726 4980 833 5035 vn,
863 4963 920 5035 5,
948 4961 1025 5035 6).
1058 4961 1380 5035 Damnabilis
1408 4968 1490 5015 est
1518 4977 1647 5035 vero
1682 4961 1732 5014 in
1750 4961 1862 5035 _ad-

269 5030 466 5090 ulteris
502 5030 556 5090 et
602 5030 1029 5098 fornicator-ibus,
1063 5031 1206 5087 malo
1235 5033 1373 5087 male
1405 5031 1697 5087 utentibus.
1742 5030 1861 5086 lam

266 5121 404 5175 ergo
422 5105 737 5175 cognoscite
760 5113 932 5158 utrum
954 5104 1240 5175 Apostolus
1261 5103 1327 5175 de
1348 5102 1489 5156 malo
1515 5104 1722 5175 veniam
1751 5116 1864 5172 pro-

270 5172 481 5230 nsiSerit
500 5172 820 5244 'conjugatis
840 5216 854 5239 ,
883 5189 948 5228 an
985 5174 1052 5228 de
1094 5173 1231 5228 bono
1258 5191 1271 5228 :
1296 5172 1361 5228 de
1389 5175 1529 5244 male
1558 5172 1624 5244 ad
1651 5181 1863 5244 tempus

268 5248 502 5301 orationi
529 5240 825 5301 vacandum
854 5245 1120 5299 abstinuere
1149 5243 1485 5315 przecepcrit,
1506 5259 1571 5297 an
1593 5243 1661 5297 de
1684 5240 1865 5297 bona?

269 5316 479 5371 Erratis
506 5331 745 5387 prorsus,
768 5317 887 5387 quia
919 5317 1055 5370 Dens
1073 5315 1160 5385 qui
1178 5315 1338 5386 jussit
1364 5315 1473 5369 lteri
1504 5315 1720 5379 bonum,
1743 5328 1863 5369 nus-

332 5478 349 5509 ¹
385 5477 460 5525 sic
480 5484 585 5526 Mss.
606 5482 659 5524 At
677 5473 815 5534 editi,
840 5478 920 5523 aut
941 5474 985 5524 si
1006 5486 1097 5535 non
1122 5471 1255 5535 libet,
1278 5486 1366 5524 cur
1387 5471 1599 5525 suadetis
1623 5478 1673 5522 ut
1695 5471 1858 5535 libeat,

255 5542 311 5588 et
343 5538 541 5601 castitas
562 5542 902 5601 expugnatura
923 5534 1049 5601 mltis
1070 5536 1094 5585 1’

331 5602 350 5631 ²
386 5599 517 5662 Apud
541 5593 649 5647 Lov'.
675 5593 762 5662 sed
785 5596 1086 5662 mimperio;
1109 5599 1303 5657 omisso,
1327 5594 1428 5647 sine
1450 5593 1554 5647 illa.

330 5662 352 5693 ³
386 5656 439 5709 hi
459 5667 594 5722 3153..
615 5660 756 5722 cujus
778 5656 964 5710 callidi.

328 5723 352 5754 ι
385 5717 768 5785 ωιαωιψξψτ
800 5733 918 5785 nos;
956 5728 1010 5772 et
1030 5721 1181 5780 intra,
1220 5721 1349 5773 unde
1383 5718 1493 5773 illos
1513 5717 1703 5771 merito.
1744 5724 1853 5769 uss.

254 5797 376 5854 aee,
395 5780 633 5854 necnec,
658 5780 785 5840 illos,
809 5783 1011 5854 habent.
1108 5844 1136 5854 Α.

326 5846 349 5880 ³
381 5854 561 5896 Omnes
581 5852 712 5904 λιιι,
734 5846 953 5895 eamdem
975 5844 1234 5895 licentimn.

326 5908 348 5939 '
384 5918 485 5956 am.
509 5911 585 5956 Er.
608 5914 667 5958 et
686 5905 903 5956 nonnulli
919 5912 1050 5966 usa,
1064 5904 1260 5957 illicita.

1294 391 1851 452 llYPOGNOSTlCON
1891 394 2087 452 LIBER
2126 400 2471 467 QUARTUS.

3406 409 3538 466 13.146
3570 464 3579 473 ,

1960 532 2116 640 Ἑιιιι]
2139 534 2166 572 a
2188 518 2329 573 bono
2353 518 2642 588 prohibuit,
2668 518 2759 574 sed
2786 535 2814 573 a
2839 522 2995 585 malo,
3021 520 3201 577 dicens
3222 537 3319 591 per
3340 521 3529 587 David,

2012 590 2172 640 celum
2196 606 2229 640 α
2256 592 2409 640 malo.
2440 601 2485 640 et
2512 593 2593 640 fac
2623 590 2804 640 bonum
2836 588 3002 640 (Paul.
3028 608 3126 640 xu
3138 608 3208 640 vr-
3237 592 3351 640 ΥΠ.

2012 588 2172 665 eel_int_t
2196 606 2229 643 a
2256 592 2409 653 malo,
2440 601 2485 643 et
2510 593 2593 662 [ac
2623 588 3209 665 ὸρηηηι-ίρεαιηχκκνι.
3230 588 3351 665 27).

2035 660 2120 713 15.
2147 658 2519 715 Incunctanter
2539 660 2756 714 omnino
2777 661 2985 723 dicitur,
3007 661 3139 718 bene
3167 665 3238 718 uti
3270 658 3368 717 hoc
3393 666 3532 721 malo

1962 730 2153 784 veniali
2204 731 2546 801 conjngatos,
2594 730 2819 784 liliorum
2864 730 3245 800 gignendorum
3292 734 3533 789 videlicet

1956 814 2120 871 causa
2140 842 2157 866 ,
2184 802 2274 871 qui
2321 811 2610 856 nascuntur
2637 801 2746 856 Deo
2772 804 2960 871 opitice
2979 844 2992 865 ,
3020 818 3124 857 non
3152 803 3218 857 de
3243 805 3531 861 accidentis

1962 869 2377 943 libidinisinalo,
2400 872 2493 927 sed
2523 871 2590 926 de
2618 872 2756 943 bono
2778 869 3004 928 licentia:
3029 874 3348 943 nuptiarum.
3370 875 3504 930 Num
3521 907 3534 916 -

1960 939 2246 1013 quidenim
2271 958 2389 995 cum
2414 943 2534 997 vitis
2555 940 2787 1012 undique
2810 939 3349 1013 deserentc'agrieola
3377 946 3532 1000 fuerit

1961 1011 2200 1083 scntilms
2234 1022 2520 1083 occupata,
2544 1023 2598 1069 et
2640 1011 2875 1083 tempore
2914 1028 3011 1067 suo
3046 1011 3228 1081 iacens
3266 1014 3318 1069 in
3360 1015 3533 1070 dumis

1963 1081 2269 1156 produxerit
2297 1084 2475 1138 botros
2502 1084 2539 1148 ⁸,
2568 1083 2636 1156 de
2664 1081 2945 1156 contrariis
2973 1083 3078 1156 sibi
3108 1082 3311 1156 spinis,
3340 1087 3534 1156 quibus

1961 1152 2239 1222 premitur,
2269 1170 2422 1208 uvam
2457 1153 2738 1222 produxit?
2767 1155 2936 1210 Absit.
2967 1153 3071 1209 Sed
3099 1152 3165 1209 de
3194 1152 3395 1209 natura:
3424 1171 3533 1212 sua:

1961 1221 2130 1294 bono,
2164 1223 2287 1294 licet
2306 1221 2580 1292 spinarum
2611 1225 2812 1280 aculeis
2840 1234 3124 1294 corrupto,
3157 1226 3324 1280 bonos
3361 1228 3537 1282 attulit

1963 1291 2183 1375 fruetus.
2208 1291 2464 1375 Similiter
2489 1303 2541 1375 et
2572 1295 2825 1361 triticum,
2850 1297 2892 1349 si
2920 1291 3098 1375 tiatum
3123 1297 3537 1375 circumquaque

1960 1364 2176 1417 zizaniis
2201 1365 2488 1433 aperiatur,
2511 1365 2561 1419 in
2589 1377 2843 1435 quantum
2872 1365 3071 1435 Spicam
3102 1364 3411 1435 produxerit
3431 1364 3537 1433 {de

1960 1443 2162 1508 natura:
2206 1449 2316 1508 sua:
2356 1435 2661 1508 bono,»nonr
2686 1436 2753 1491 de
2795 1437 3131 1508 zizaniorum
3155 1437 3304 1508 malo
3345 1438 3538 1508 quibus

1961 1504 2264 1576 impeditur,
2291 1506 2486 1561 bonum
2515 1506 2691 1562 intulit
2719 1523 2934 1576 germen
2962 1525 2974 1560 :
3007 1508 3084 1563 sic
3116 1507 3205 1562 lilii
3236 1508 3303 1562 de
3330 1504 3557 1562 natura-.-

1961 1574 2102 1629 bono
2123 1574 2246 1632 boni
2271 1584 2393 1630 sunt
2415 1577 2631 1640 fructus.
2656 1574 2759 1632 non
2782 1577 2848 1633 de
2873 1579 3014 1632 malo
3042 1578 3273 1633 libidinis
3297 1592 3540 1632 corrum-

1962 1645 2135 1717 pentis
2173 1655 2228 1701 et
2268 1646 2501 1701 vitiantis
2522 1689 2536 1711 ,
2568 1662 2690 1702 cum
2733 1663 2839 1717 quo
2884 1649 3119 1703 nascitur
3144 1651 3319 1702 omnis
3348 1649 3534 1705 homo.

1960 1714 2300 1786 Unaquaeque
2326 1732 2453 1786 ergo
2481 1732 2567 1772 res
2597 1714 2816 1772 manens
2862 1719 2911 1773 in
2954 1729 3161 1773 natura:
3206 1733 3317 1773 sua:
3360 1719 3535 1786 bono,

1960 1787 2320 1861 accidentibus
2347 1787 2449 1843 sibi
2476 1787 2884 1861 adversitatibus
2913 1789 3148 1861 arescit"
3170 1798 3330 1861 atque
3360 1798 3541 1861 torpe-

1961 1857 2077 1922 scit,
2110 1858 2328 1913 cultoris
2352 1873 2566 1929 semper
2592 1858 2833 1929 indigens
2860 1875 3017 1913 manu
3044 1859 3127 1914 vel
3155 1857 3461 1929 diligentia,
3479 1870 3539 1915 ut

1959 1936 2163 1983 naturae
2190 1944 2330 1993 suat,
2360 1928 2444 1984 cui
2474 1929 2605 1983 nihil
2632 1928 2721 1984 est
2737 1930 3062 1985 contrarium
3097 1931 3165 1984 ab
3187 1928 3405 1985 auctore
3432 1947 3533 1986 suo

1964 1999 2072 2054 Deo
2099 2000 2458 2069 congenitum,
2487 1999 2662 2055 valeat
2685 2000 3026 2070 respondere.
3062 1999 3173 2070 lloc
3195 2002 3368 2070 agitur
3395 2011 3449 2057 et
3480 2004 3533 2057 in

1960 2078 2139 2141 nostra
2173 2070 2465 2140 peccatrice
2493 2079 2679 2125 natura
2710 2069 2957 2141 :semper
2992 2069 3191 2140 indiget
3226 2069 3443 2127 auctore
3481 2078 3539 2128 et

1961 2139 2294 2195 cultore'suo
2318 2149 2476 2210 atque
2499 2139 2878 2197 conservatore
2916 2142 3022 2195 Deo
3040 2184 3056 2207 ,
3083 2139 3137 2195 ut
3162 2141 3331 2207 spinis
3357 2151 3411 2197 et
3438 2143 3535 2197 tri-

1964 2210 2101 2265 bulis
2130 2210 2451 2281 zizaniisque
2481 2211 2711 2265 libidinis
2739 2212 2821 2267 vel
2850 2212 3085 2265 omnium
3117 2212 3372 2266 malarum
3399 2228 3534 2267 con-

1962 2282 2437 2363 ettpisceniiarttm,
2471 2297 2619 2363 quae,
2649 2290 2706 2335 ut
2728 2297 2870 2363 azepe
2892 2281 3155 2346 diximus,
3183 2298 3287 2363 non
3319 2291 3538 2339 auctore

1965 2350 2075 2406 Deo
2095 2394 2110 2416 ,
2137 2350 2232 2423 sed
2271 2350 2540 2423 peccando
2577 2350 2876 2417 contraxit,
2900 2368 3061 2408 manu
3094 2354 3277 2423 gratia:
3303 2368 3413 2408 sua:
3444 2370 3538 2423 per

1964 2422 2148 2493 losum
2177 2422 2445 2477 Christum
2475 2422 2755 2493 Dominum
2788 2433 3047 2486 nostrum,
3074 2422 3325 2493 quamdiu
3349 2424 3402 2478 in
3427 2422 3537 2479 ter-

1964 2508 2076 2548 ram
2106 2492 2172 2564 de
2200 2508 2301 2562 qua
2329 2502 2537 2562 sumpta
2559 2504 2642 2547 est
2668 2492 2868 2551 redeat.
2895 2492 3159 2564 eripietur,
3182 2494 3249 2549 de
3276 2503 3412 2549 terra
3435 2496 3538 2549 ite.

1966 2580 2082 2619 rum
2111 2562 2165 2618 in
2193 2579 2385 2617 novum
2413 2565 2663 2618 sarculum
2693 2562 2979 2633 purissima
3005 2564 3257 2627 reditura,
3284 2580 3378 2633 per
3396 2580 3539 2619 emn-

1964 2637 2084 2689 dem
2124 2634 2305 2690 Jcsum
2349 2633 2616 2688 Christum
2662 2634 2941 2689 Dominum
2984 2644 3219 2689 nostrum
3262 2638 3534 2690 suscitata.

1966 2704 2161 2760 lterum
2182 2719 2309 2775 ergo
2339 2704 2634 2774 iterumque
2661 2717 2882 2775 repeto:
2910 2705 3094 2775 Libido
3122 2705 3257 2759 mala
3286 2703 3417 2759 nihil
3442 2705 3538 2761 b0-

1967 2775 2049 2830 nis
2078 2774 2298 2844 impedit
2316 2775 2337 2806 ⁸
2360 2775 2574 2844 nuptiis,
2601 2775 2723 2845 quia
2751 2790 2855 2829 non
2876 2774 2942 2830 ab
2972 2776 3119 2830 initio
3149 2776 3200 2829 in
3229 2776 3346 2844 ejus
3374 2778 3541 2831 sordi-

1966 2847 2063 2901 bus
2087 2854 2244 2912 sunt,
2272 2845 2423 2900 sicuti
2451 2848 2560 2914 jam
2588 2860 2747 2915 supra
2774 2845 3005 2915 diximus
3024 2887 3041 2911 ,
3074 2846 3350 2901 ordinatae.
3395 2847 3538 2902 Dens

1965 2917 2108 2973 enim
2132 2916 2223 2988 qui
2252 2916 2369 2971 sine
2393 2913 2675 2988 concubitu
2705 2913 3028 2988 apcsfetare
3057 2918 3276 2983 creavit,
3306 2926 3361 2972 et
3386 2933 3542 2987 agro-

1966 3003 2083 3041 rum
2108 2985 2297 3042 cuncta
2321 2985 2526 3041 semina
2547 2986 2745 3056 absque
2764 2986 2984 3041 libidine
3009 2988 3260 3041 seminari
3282 2988 3362 3042 vel
3388 2985 3536 3049 nasci

1965 3056 2223 3123 decrevit,
2249 3056 2519 3112 hominem
2545 3072 2755 3127 quoque
2780 3073 2842 3112 ex
2876 3056 3110 3121 homine,
3134 3058 3176 3111 si
3201 3073 3303 3111 non
3328 3072 3543 3127 peccas-

1966 3138 2068 3195 set,
2100 3143 2197 3198 per
2237 3126 2576 3183 concubitum
2620 3127 3000 3191 voluntarimn,
3027 3143 3130 3182 non
3174 3143 3269 3198 per
3311 3126 3544 3198 libidinis

1966 3209 2201 3254 scortum
2229 3198 2782 3268 exoriri—inparadiso
2810 3198 3155 3266 permisisset.
3188 3198 3284 3252 Cui
3314 3197 3543 3268 qualiter

1967 3269 2019 3324 id
2038 3268 2339 3340 contigerit,
2368 3270 2419 3322 in
2444 3267 2599 3340 hujus
2616 3267 2985 3340 disputationis
3005 3269 3257 3340 capitulo,
3280 3276 3541 3340 quantum

1969 3337 2223 3394 Dominus
2244 3339 2521 3400 revelavit,
2541 3337 2653 3407 jam
2679 3354 2764 3393 me
2789 3338 3018 3393 arbitror
3048 3337 3367 3393 ostemlisse.
3392 3338 3544 3395 Ideo-

1965 3425 2069 3481 que
2110 3410 2410 3481 nuptiarnm
2455 3408 2720 3481 licentiam
2761 3408 2955 3481 bonam
2996 3408 3149 3481 valde
3194 3409 3449 3481 fatemur,
3488 3419 3544 3465 et.

1968 3478 2161 3535 tnalam
2188 3478 2676 3550 concupiscentiam
2701 3479 2752 3533 in
2780 3478 3077 3550 eonjugatis
3107 3478 3461 3534 damnabilem
3486 3492 3544 3536 et

1966 3552 2332 3621 voluptuosam
2359 3549 2481 3606 esse
2508 3549 2771 3621 catholico
2795 3565 2888 3621 ore
2918 3549 3211 3621 elatnamns
3230 3593 3242 3613 ,
3273 3560 3542 3605 vestroru-

2006 3638 2071 3678 ne
2091 3619 2279 3693 dogma
2308 3621 2359 3676 in
2384 3620 2500 3691 ejus
2521 3619 2843 3693 turpitudine
2874 3619 3215 3687 horrendum,
3239 3630 3543 3676 sanctarum

2038 3690 2360 3749 rinttirarum
2389 3690 2703 3747 auctoritate
2727 3691 3058 3747 damnamus.

2036 3761 2264 3820 CAPUT
2293 3761 2425 3818 Vlll.
2446 3792 2519 3803 —
2558 3761 2645 3816 14.
2689 3761 2881 3816 Paulus
2904 3770 2984 3817 est
3012 3776 3043 3816 a

1968 3848 2073 3890 non
2107 3834 2346 3904 Pelagius
2370 3832 2661 3904 discipulus
2686 3831 3018 3897 Antichristi,
3043 3830 3539 3904 lateretice,_qui_di-

1966 3905 2042 3962 cit
2066 3901 2547 3974 concupiscentiam
2575 3903 2627 3956 in
2657 3917 2818 3957 carne
2837 3918 2938 3974 sua
2970 3918 3073 3956 non
3104 3903 3299 3957 bonum
3323 3901 3534 3956 habita-

1967 3991 2027 4030 re
2052 3993 2067 4031 :
2097 3975 2204 4030 imo
2231 3972 2565 4044 apertissime
2594 3973 2791 4028 malum
2820 3972 2948 4027 dicit
2966 4015 2978 4035 ,
3011 3981 3283 4041 peccatum
3312 3986 3431 4044 esse
3458 3981 3542 4028 te-

1968 4055 2158 4108 statur,
2179 4043 2451 4100 stimulum
2468 4044 2642 4099 carnis
2658 4059 2771 4098 suae
2792 4044 3049 4106 nominat,
3069 4058 3099 4097 a
3120 4059 3224 4113 quo
3240 4058 3299 4098 se
3314 4043 3547 4113 colaphi-

1967 4117 2076 4171 zari
2104 4117 2329 4180 clamat,
2363 4129 2430 4169 ne
2452 4113 2817 4184 magnitudine
2840 4113 3228 4184 revelationnm
3261 4114 3545 4169 extollatur

1970 4186 2045 4256 (ll
2069 4185 2187 4242 Cor.
2216 4202 2321 4254 xu,
2346 4187 2398 4258 7)
2423 4182 2612 4258 :cujus
2638 4184 3171 4258 inalisconsideratis
3191 4182 3214 4215 ⁸
3242 4184 3546 4258 incorpore

1970 4254 2157 4313 mortis
2191 4273 2301 4313 sua:
2320 4300 2334 4321 ,
2365 4254 2416 4312 in
2442 4272 2548 4326 quo
2576 4254 2773 4311 bellum
2801 4255 3108 4311 intestinum
3137 4270 3261 4310 eum
3294 4254 3547 4310 invisibili

1970 4327 2123 4384 hoste
2150 4328 2400 4397 gerebat,
2429 4326 2723 4382 remedium
2750 4326 2935 4397 salutis
2963 4341 3073 4397 sua:
3104 4326 3304 4380 nullum
3340 4327 3547 4392 penitus

1970 4399 2073 4455 nisi
2098 4395 2265 4455 solam
2293 4401 2514 4468 gratiam
2549 4398 2638 4451 Dei
2668 4397 2719 4468 in
2750 4395 2965 4468 Christo
2989 4396 3117 4452 Jesu
3134 4397 3461 4468 liberantem
3484 4411 3546 4449 se

1971 4469 2236 4525 invenisse
2258 4464 2501 4523 testatur.
2528 4467 2645 4538 Ipse
2665 4467 2793 4522 dicit
2815 4467 3053 4522 scribens
3079 4466 3147 4521 ad
3166 4464 3511 4538 Colossenses
3524 4483 3543 4519 ε

1972 4540 2279 4607 Mortificate
2303 4538 2527 4594 membra
2548 4536 2709 4591 uestra
2731 4551 2845 4607 qua
2863 4547 2978 4589 sunt
3006 4552 3157 4606 super
3186 4546 3404 4598 terram;
3430 4536 3545 4603 {or-

1968 4605 2269 4665 nicationem
2292 4651 2306 4671 ,
2338 4608 2706 4663 immunditiam
2722 4605 2751 4671 ,⁷
2768 4605 3024 4659 libidinem
3041 4647 3057 4672 ,
3071 4605 3543 4675 concupiscentiam

1969 4683 2176 4746 malam,
2209 4679 2425 4749 (Coloss.
2450 4694 2525 4741 ιιι,
2550 4676 2604 4735 5)
2635 4686 2737 4749 etc.
2775 4676 3112 4749 Resiiondete
3140 4676 3263 4730 huic
3284 4684 3431 4749 tento
3450 4677 3548 4731 do-

1967 4752 2121 4813 ctori.
2153 4747 2249 4806 cur
2272 4765 2334 4805 ea
2362 4748 2726 4803 mortiﬁcanda
2748 4747 3012 4817 praecipit,
3041 4747 3084 4800 si
3113 4747 3372 4800 naturalia
3402 4748 3545 4803 bona

1969 4822 2123 4876 sunt?
2147 4821 2249 4876 Sed
2277 4820 2467 4875 melius
2491 4819 2543 4872 in
2567 4819 2715 4873 vobis
2744 4816 2953 4888 Pelagio
2971 4827 3026 4872 et
3043 4817 3297 4873 Caelestio
3322 4818 3548 4888 loquen-

1969 4893 2109 4947 tibus
2128 4934 2143 4957 ,
2166 4904 2322 4961 qnam
2349 4890 2560 4944 Christo
2591 4888 2861 4961 inAPaulo,
2892 4903 2922 4942 e
2945 4888 3214 4961 contrario
3244 4888 3544 4961 prmdicatis

1968 4978 2087 5018 cum
2120 4958 2368 5018 laudabili
2394 4962 2600 5033 plausu,
2627 4958 2864 5015 dicentes
2898 4976 2911 5012 :
2941 4978 2972 5033 ι.
3000 4958 3272 5033 Vivilicate
3303 4960 3544 5014 membra

1971 5042 2145 5089 vestra
2185 5047 2303 5101 quze
2342 5028 2467 5087 sunt
2500 5045 2660 5100 super
2694 5039 2917 5101 terram;
2948 5028 3355 5084 fornicationem
3382 5044 3541 5083 mim-

1968 5103 2113 5173 dam,
2141 5100 2414 5163 libidinem
2444 5102 2633 5157 bonam
2654 5144 2667 5163 ,
2696 5100 3187 5173 concupiscentiam
3209 5101 3484 5173 Optimam.
3517 5120 3536 5151 ι

1972 5170 2218 5237 Demens,
2245 5183 2298 5228 et
2327 5173 2614 5229 secundum
2642 5171 2965 5225 voluntatem
2998 5180 3140 5225 tuam
3174 5170 3224 5225 in
3257 5170 3540 5239 reprobum

1968 5261 2182 5301 sensum
2212 5245 2431 5300 dimisse
2461 5243 2711 5297 beeretice
2743 5260 2754 5296 :
2788 5240 2856 5296 de
2885 5241 3103 5295 istarum
3134 5240 3370 5295 sordium
3402 5241 3544 5294 malo

1970 5316 2159 5371 iterum
2200 5315 2326 5370 dicit
2365 5315 2502 5369 idem
2543 5310 2814 5382 apostolus
2842 5311 3085 5366 scribens
3126 5310 3190 5365 ad
3233 5310 3540 5376 Romanos,

1968 5385 2091 5442 Non
2119 5396 2287 5458 regnet
2318 5394 2572 5458 peccatum
2599 5385 2648 5458 in
2680 5392 2840 5458 vestio
2865 5382 3070 5458 mortali
3081 5396 3323 5458 porgere,
3343 5389 3399 5433 ut
3423 5382 3543 5458 obe-

1965 5458 2118 5512 diatis
2147 5450 2567 5527 concupiscentiis
2594 5452 2906 5527 ei_u_s'(llom.
2933 5468 3014 5527 vr.
3034 5450 3280 5527 _i_‘2)._lll_e
3310 5451 3362 5504 in
3393 5452 3539 5527 veri-

1967 5537 2072 5583 tate
2097 5521 2339 5582 docendo
2367 5524 2609 5594 prohibet
2638 5524 2721 5579 his
2742 5521 3097 5594 immunditiis
3117 5521 3343 5594 'obedire
3365 5540 3377 5577 :
3403 5531 3454 5576 tu
3485 5523 3536 5594 in

1963 5613 2147 5654 errore
2175 5591 2461 5667 Pelagiano
2487 5594 2697 5651 suades.
2750 5594 2840 5649 Ille
2863 5591 3345 5663 concupiscentiam
3375 5592 3537 5648 menti

2024 5718 2042 5783 ξ
2080 5714 2385 5783 Αηιίηιιὶοιιῳ
2402 5711 2625 5783 codices,
2648 5710 2853 5783 tetrum.

2024 5780 2045 5809 ⁸
2083 5786 2182 5824 Am.
2208 5784 2282 5825 Er.
2304 5783 2355 5825 et
2377 5782 2503 5832 Mss"
2526 5778 2804 5823 macrescit.

2026 5840 2047 5870 ³
2077 5840 2149 5887 sic
2164 5845 2270 5888 uss.
2299 5844 2353 5887 Al.
2372 5837 2509 5897 editi,
2527 5832 2775 5897 impendit.

2028 5901 2049 5933 δ
2079 5902 2151 5950 Sic
2171 5907 2276 5951 tuas.
2303 5906 2358 5949 At
2378 5893 2519 5958 editi,
2542 5893 2680 5958 cujus
2700 5893 2881 5944 malum
2911 5894 3235 5947 consideratis.

3116 3760 3284 3815 stolus
3305 3758 3541 3829 Christi,
