3994 6472
572 364 711 422 1665

570 475 834 531 destinato
858 470 1145 528 secundum
1174 484 1389 544 carnem
1433 486 1501 525 ex
1539 469 1740 524 semine
1768 466 1941 544 David
1964 479 2143 544 ,hprze-

571 546 869 600 destinante
915 552 1093 597 autem
1143 542 1434 596 secundum
1488 549 1775 605 potentiam
1828 537 1920 592 Dei
1974 536 2142 589 Patris

570 631 689 668 cum
720 614 875 668 Patre
918 623 972 666 et
1017 612 1217 680 Spiritu
1259 622 1444 665 sancto
1482 627 1496 661 :
1544 609 1757 680 Vigilate
1793 618 1839 680 et
1878 616 2058 680 orate,
2084 620 2146 680 ne

568 685 760 738 intretis
780 685 830 737 in
857 675 1174 737 tentationetn
1199 680 1421 752 (Matth.
1467 675 1706 752 sum,“
1732 678 1771 752 )_.
1802 678 1963 752 Item,
1991 675 2144 752 AVigio

569 755 670 808 late
694 753 899 827 inomni
921 765 1141 827 tempore
1161 749 1391 815 orantes;
1419 761 1471 804 ut
1495 751 1636 819 digni
1665 749 1945 827 habentium
1974 750 2147 827 lugere

567 827 665 878 ista
687 825 856 878 omnia
883 840 995 893 qua:
1021 818 1190 893 futura
1222 832 1369 886 sunt,
1401 830 1445 893 et
1473 818 1741 893 stareante
1766 818 1956 873 Filium
1980 818 2144 870 Itami-

571 896 650 948 nis
689 892 857 967 (Luc.
887 890 995 957 aut,
1022 890 1131 967 3(5)
1167 911 1180 946 ε
1207 895 1329 947 item
1351 933 1372 967 1
1395 890 1691 967 ponte-adite
1718 891 1906 967 intrare
1944 905 2031 967 per
2052 902 2146 967 an:

568 957 765 1035 gustant
798 974 994 1032 portant
1034 963 1149 1034 (Id.
1196 980 1320 1025 xm,
1344 962 1505 1035 2i);
1542 961 1667 1035 item
1688 1002 1705 1035 ,_
1726 958 1844 1035 _Vos
1878 959 2030 1035 amici
2050 957 2145 1035 mei

568 1028 705 1101 catis,
729 1036 773 1088 si
793 1028 1006 1105 feceritis
1024 1028 1136 1104 qua:
1159 1051 1247 1103 ego
1270 1033 1505 1102 praecipio
1529 1032 1663 1085 vobis
1687 1030 1861 1105 (toan.
1885 1044 1979 1105 sv,
2009 1028 2100 1096 14)
2127 1044 2140 1081 :

567 1115 624 1158 et
650 1100 812 1180 multa
840 1106 963 1170 alia,
1141 1100 1465 1180 longumest
1499 1100 1768 1180 enarrare.
1968 1108 2025 1153 ut
2050 1112 2143 1180 su.-

574 1174 752 1242 porius
782 1171 1089 1239 memoravi,
1118 1175 1206 1244 qui
1234 1171 1311 1228 eis
1339 1173 1492 1239 dixit,
1526 1172 1652 1244 Sine
1680 1188 1760 1226 me
1784 1171 1913 1229 niltil
1939 1171 2144 1244 potestis

567 1238 735 1327 facere
751 1238 1093 1327 {opertipsum
1135 1238 1257 1313 qum
1281 1238 1545 1327 iubentur"
1558 1242 1732 1327 facere
1760 1238 2001 1327 possunt.
2029 1238 2142 1327 Hus-

561 1310 874 1383 jusmodi'iu
901 1310 1112 1370 Christo
1137 1310 1256 1370 esse
1279 1310 1479 1369 electos
1506 1313 1625 1377 Dei,
1656 1314 1731 1367 ait
1754 1312 2061 1380 Apostolus,
2091 1310 2141 1383 in

569 1380 675 1455 quo
705 1386 1056 1455 prmdestiuati
1101 1395 1226 1440 sunt
1261 1386 1535 1439 secundum
1573 1385 1888 1455 propositum
1926 1383 2035 1451 ejus
2057 1380 2144 1450 qui

568 1454 737 1510 omnia
762 1468 1015 1526 operatur.
1046 1456 1281 1525 Intellige
1309 1455 1528 1519 dictum,
1560 1454 1646 1524 qui
1671 1454 1839 1526 omnia
1868 1460 2102 1526 aper-alter
2124 1466 2143 1505 :

566 1534 623 1580 et
649 1523 807 1582 crede
846 1542 964 1582 esse
993 1542 1129 1594 opus
1157 1523 1247 1581 Dei
1270 1567 1285 1588 ,
1328 1540 1492 1595 opera
1538 1523 1721 1579 earum
1752 1524 1844 1594 qui
1870 1523 2145 1578 ambulant

569 1598 861 1651 secundum
893 1599 1217 1666 propositum
1251 1596 1367 1651 Dei.
1616 1600 1621 1607 '

641 1668 726 1722 11.
766 1669 864 1735 Qui
894 1664 1018 1722 vero
1044 1667 1249 1737 absque
1274 1664 1756 1737 przedestinationis
1779 1664 1943 1737 gratia
1974 1670 2139 1737 sunt,

569 1736 619 1790 id
646 1747 727 1793 est
748 1779 764 1803 ,
791 1733 947 1793 alieni
976 1753 1004 1790 a
1035 1733 1306 1807 proposito
1331 1737 1425 1791 Dei
1448 1777 1462 1798 ,
1495 1746 1549 1791 et
1578 1736 1863 1807 perdurant
1887 1735 1945 1793 in
1966 1733 2142 1801 operi-

570 1807 670 1862 bus
699 1809 849 1863 malis
873 1850 888 1872 ,
915 1808 958 1863 si
986 1805 1147 1863 etiam
1172 1823 1235 1862 ex
1268 1808 1365 1860 hac
1391 1807 1729 1875 migraveriut
1759 1805 1883 1869 vita,
1914 1817 2141 1875 noneos

565 1876 806 1937 dicimus,
828 1888 884 1933 ut
900 1894 992 1931 vos
1009 1880 1221 1947 putatis,
1247 1896 1265 1929 ι
1291 1877 1365 1932 Ita
1383 1892 1412 1929 a
1433 1872 1541 1930 Deo
1556 1876 1789 1947 omnium
1810 1876 1824 1906 ³
1845 1872 2141 1947 epilice'or-

564 1947 771 2019 dinatos
801 1958 856 2002 ut
885 1945 1153 2019 perirent,
1186 1959 1435 2016 tanquam
1483 1948 1593 2015 ipse
1639 1946 1743 2019 illis
1785 1960 1963 2019 mores
1989 1945 2141 2000 malm

564 2017 685 2071 vitm
710 2016 989 2082 creaverit,
1016 2022 1130 2087 ipse
1154 2019 1220 2073 ad
1243 2033 1398 2071 inmte
1421 2031 1555 2085 opus
1578 2017 1762 2071 mortis
1782 2016 1973 2087 invitos
2002 2030 2140 2087 pra:-

561 2088 879 2158 cipitaverit.
916 2109 934 2142 s
966 2085 1117 2144 Absit
1143 2089 1241 2143 hoc
1266 2104 1295 2142 a
1317 2088 1495 2158 divino
1532 2087 1821 2158 preposito.
1854 2085 1968 2140 Non
1995 2085 2139 2141 enim

563 2155 749 2229 volens
774 2169 855 2213 est
882 2161 1207 2229 iniquitatem
1238 2159 1374 2214 Deus
1402 2158 1419 2225 (
1447 2155 1590 2229 Psal.
1621 2174 1687 2229 v7,
1712 2158 1746 2229 5
1767 2155 1829 2229 )4;
1862 2170 1959 2229 nec
1984 2171 2139 2210 man-

561 2227 705 2282 davit
728 2226 984 2299 cuiquam
1002 2231 1163 2297 impie
1189 2244 1375 2299 agere,
1395 2227 1674 2299 ueealicui
1703 2227 1849 2299 dedit
1876 2226 2138 2281 laxamen-

562 2308 672 2352 tum
698 2297 953 2371 Vpeccandi
993 2299 1177 2371 (Eccli.
1222 2297 1308 2366 iv,
1354 2298 1470 2368 2|).
1506 2297 1655 2371 Fecit
1694 2298 1837 2352 enim
1878 2306 1931 2350 ut
1958 2305 2138 2371 essent

563 2367 741 2424 omnia
765 2412 782 2435 ,
813 2379 867 2425 et
901 2367 1162 2426 sanabiles
1205 2372 1448 2425 nationes
1490 2368 1637 2423 orbis
1674 2376 1934 2421 terrarum
1963 2368 1979 2436 (
2004 2367 2135 2437 Sap.

565 2455 603 2503 ι,
629 2440 767 2509 14).
800 2440 997 2495 Invidia
1026 2450 1201 2496 autem
1229 2439 1425 2494 diaboli
1451 2453 1596 2492 mors
1634 2438 1849 2492 intravit
1874 2438 1927 2491 in
1951 2438 2137 2509 orbem

564 2508 848 2567 terrarum.
876 2513 1150 2567 Imitantur
1169 2527 1296 2577 ergo
1318 2510 1464 2564 illum
1486 2509 1574 2578 qui
1596 2517 1719 2562 sunt
1739 2524 1801 2562 ex
1826 2518 1975 2578 parte
1996 2508 2137 2578 illius

563 2578 759 2652 (Id._tt,
789 2582 877 2637 94.
907 2581 1019 2652 25).
1052 2582 1160 2637 Nec
1200 2582 1481 2652 dicimus,
1504 2577 1577 2632 fut
1604 2577 1863 2652 diligitis,
1912 2596 1932 2628 ι
1968 2577 2049 2652 _Et
2090 2578 2136 2631 si

563 2648 782 2719 credere
812 2648 1006 2714 velint',
1034 2653 1115 2706 vel
1144 2653 1293 2707 bouis
1317 2649 1567 2719 Operibus
1603 2649 1694 2704 Dei
1722 2663 1907 2702 vacare
1927 2688 1942 2711 ,
1968 2648 2133 2703 Deum

562 2718 794 2793 hocillis
820 2724 958 2776 nolle
996 2733 1250 2793 praestare
1283 2739 1295 2773 :
1333 2718 1502 2774 reum
1540 2718 1838 2793 huiusmodi
1872 2719 2025 2793 velle‘
2040 2719 2135 2774 Dei

563 2791 633 2843 sit
657 2790 873 2863 donum.
902 2794 954 2848 Si
981 2789 1106 2863 ergo
1127 2810 1192 2848 ex
1225 2793 1334 2846 Deo
1357 2791 1602 2863 estquod
1630 2789 1832 2854 volunt,
1861 2790 1967 2863 vult
1998 2789 2136 2843 Deus

565 2861 854 2927 perlectum
887 2863 996 2919 ﬁeri
1036 2860 1174 2932 quod
1218 2862 1432 2917 donavit
1461 2878 1471 2913 :
1504 2861 1546 2915 si
1576 2869 1753 2932 autem
1792 2876 1857 2914 ex
1895 2860 2002 2913 Deo
2030 2876 2134 2913 nou

561 2942 643 2985 est
665 2973 680 2990 .
703 2933 794 2987 sed
822 2945 903 2988 est
926 2935 994 2990 de
1020 2931 1270 3002 jactantia
1312 2932 1536 3001 promite
1579 2931 1899 3002 voluntatis,
1934 2947 2035 2999 qua
2075 2946 2136 2985 se

563 3002 765 3056 meritis
795 3003 957 3058 Deum
1002 3000 1269 3059 aestimant
1309 3000 1635 3071 proniorem,
1676 3000 1953 3071 manifeste
1990 3002 2132 3068 quod

562 3073 743 3127 Volunt
765 3089 956 3143 capere
984 3091 1086 3129 non
1120 3070 1378 3143 possunt;
1410 3073 1533 3143 quia
1561 3090 1663 3126 non
1692 3070 1900 3143 volentis
1921 3112 1935 3133 ,
1968 3073 2136 3143 inquit

562 3140 868 3216 Apostolus,
893 3162 1051 3216 neque
1068 3140 1332 3211 currentis,
1354 3140 1441 3199 sed
1462 3143 1736 3198 miserantis
1756 3152 1823 3216 est
1844 3140 1937 3194 Dei
1959 3142 2131 3216 (Rom.

562 3211 637 3278 tx,
671 3214 774 3285 l6)
807 3232 828 3286 :7
850 3224 903 3269 et
939 3211 1061 3286 quia
1093 3233 1197 3273 non
1227 3225 1399 3285 potest
1426 3216 1587 3286 homo
1629 3228 1746 3286 asse
1774 3211 1950 3267 facere
1978 3213 2133 3286 quid-

560 3281 884 3353 quam,'uisi
914 3281 1092 3340 datum
1126 3287 1198 3340 illi
1230 3281 1386 3341 luerit
1411 3285 1641 3353 desuper
1667 3281 1859 3351 (Joan.
1891 3299 1970 3349 ιιι,
1998 3282 2066 3336 27
2088 3286 2129 3353 ).

560 3351 675 3408 Non
702 3357 799 3409 hoc
819 3358 926 3423 agit
952 3358 1091 3412 Deus
1113 3373 1322 3412 summe
1347 3357 1518 3411 bonus
1539 3351 1757 3418 malitia,
1781 3354 1877 3409 sed
1897 3351 2133 3421 iustitia;

563 3440 660 3497 nec
687 3442 1026 3494 personarum
1045 3429 1373 3497 acceptione,
1390 3428 1483 3482 sed
1505 3440 1784 3497 causarum
1807 3432 2131 3497 secretarum

564 3494 901 3551 discretione.
931 3494 1187 3553 Noviums
1209 3513 1581 3567 nonnunquam
1610 3495 1864 3567 quosdam
1894 3495 2136 3567 volentes

562 3574 776 3638 afternav
802 3569 920 3623 vita:
962 3568 1118 3623 tidem
1146 3571 1385 3638 accipere
1404 3609 1420 3633 ,
1446 3565 1504 3622 et
1541 3565 1657 3638 cam
1685 3565 1941 3633 adipisci;
1972 3580 2134 3638 quos-

563 3637 683 3690 dam
723 3647 895 3693 autem
939 3656 1063 3693 nou.
1106 3636 1328 3708 Aliqnos
1371 3640 1530 3694 etiam
1576 3637 1815 3691 uolentes
1843 3636 2134 3708 consecuti,

563 3721 684 3762 cum
715 3708 764 3762 in
794 3709 871 3762 eis
892 3710 1067 3765 divina
1091 3706 1254 3779 gratia
1280 3749 1295 3775 ,
1331 3718 1387 3764 ut
1416 3709 1609 3771 velint,
1638 3707 1919 3779 mutaverit
1948 3706 2136 3779 volun-

565 3786 757 3844 tatem,
787 3779 993 3849 aliquos
1022 3777 1147 3835 non.
1180 3779 1432 3836 Novituus
1458 3780 1664 3847 aliquos
1687 3778 1847 3832 etiam
1877 3777 2139 3849 perfectos

565 3864 629 3902 ex
676 3850 855 3905 labore
877 3846 1179 3907 ianitorum
1227 3866 1488 3906 armorum
1538 3846 1814 3919 prolapsas
1859 3849 1909 3902 iu
1952 3846 2139 3902 ultimo

570 3920 692 3991 vita:
718 3937 829 3975 suae
852 3962 867 3987 ,
905 3932 958 3975 et
983 3923 1223 3991 μοι-ἥκει).
1253 3924 1473 3991 Aliquos
1503 3918 1631 3975 vero
1654 3920 1721 3973 ab
1744 3918 1959 3991 ineunte
1983 3928 2139 3991 nitate

565 4005 659 4044 sua
678 3990 731 4045 in
753 3991 894 4045 omni
915 3989 1120 4047 scelere
1138 4003 1194 4048 et
1209 3989 1609 4048 danuiabililate
1626 4006 1793 4057 usque
1809 3990 1876 4044 ad
1899 3989 2112 4057 decrepi
2125 4019 2139 4029 -

569 4068 673 4131 tam
703 4070 909 4115 aetatem
942 4064 1254 4131 perdurasse
1277 4104 1293 4128 ,
1324 4072 1379 4117 ct
1406 4071 1622 4130 repente
1650 4060 1859 4116 caelitus
1887 4058 2139 4131 inspirata

568 4130 758 4194 salute,
778 4140 968 4203 raptos
992 4147 1110 4187 cs~'e
1136 4134 1200 4187 ad
1229 4134 1462 4203 requiem
1495 4132 1639 4201 regni
1660 4132 1944 4203 receptarum.
1967 4130 2137 4203 Νυνὶ-

570 4216 691 4257 mus
718 4201 878 4272 etiam
921 4204 1163 4270 parvulos
1186 4244 1199 4267 ,
1231 4201 1423 4272 quibus
1461 4218 1588 4256 usus
1616 4202 1766 4255 liberi
1796 4201 1998 4272 arbitrii
2028 4215 2135 4256 non

570 4278 674 4335 cst,
706 4279 763 4325 ut
786 4271 852 4325 de
883 4272 1034 4327 bonis
1059 4281 1149 4326 aut
1181 4270 1332 4327 malis
1370 4288 1552 4329 eorum
1580 4272 1783 4327 meritis
1804 4270 2133 4339 judieemus,

570 4352 849 4411 parentum
880 4345 1123 4399 manibus
1151 4344 1217 4398 ad
1247 4344 1468 4412 gratiam
1506 4343 1641 4397 sacri
1679 4339 2141 4412 Baptismatisde-

570 4422 830 4481 portatus,
857 4423 910 4468 et
935 4430 1052 4468 cum
1086 4415 1138 4468 in
1170 4410 1274 4469 uno
1299 4430 1484 4469 eorum
1515 4428 1609 4482 per
1638 4426 1824 4466 manus
1849 4410 2143 4467 sacerdotis

572 4486 878 4555 mysterium
910 4484 1029 4540 ﬁdei
1069 4484 1450 4553 adimpleretur
1470 4525 1482 4548 ,
1514 4483 1794 4553 aliquoties
1836 4483 2061 4555 alterum
2090 4483 2143 4536 in

571 4552 846 4623 parentum
902 4556 1144 4611 manibus
1197 4552 1392 4611 factum
1446 4552 1785 4617 exanimem,
1844 4552 2140 4613 fraudatum

569 4625 736 4693 gratia
763 4624 1071 4681 Silvaturis.
1101 4628 1228 4693 Quis
1249 4627 1479 4696 sapiens,
1508 4633 1563 4680 et
1586 4625 1855 4696 intelliget
1875 4623 2029 4696 lucc?
2053 4632 2145 4678 aut

570 4696 688 4763 quis
711 4696 931 4751 idoneus
960 4698 1062 4752 erit
1093 4699 1281 4752 horum
1312 4694 1539 4752 reddere
1567 4694 1863 4750 rationem?
1898 4694 2144 4748 Dicamus

569 4781 690 4819 cum
719 4767 876 4820 David
902 4807 918 4832 ,
947 4766 1126 4822 Justus
1168 4768 1407 4821 Dominus
1454 4767 1507 4819 in
1552 4767 1781 4820 omnibus
1818 4765 1908 4819 viis
1937 4765 2061 4827 suis,
2096 4774 2144 4819 et

572 4846 774 4889 sanctus
802 4838 853 4889 in
871 4838 1100 4892 omnibus
1123 4839 1353 4903 operibus
1367 4838 1472 4891 suis
1502 4834 1867 4904 (Psal.cx1.tv,
1902 4834 1990 4904 15)
2022 4854 2034 4888 ;
2068 4845 2143 4901 et,

573 4906 739 4969 Quam
756 4908 1077 4977 magniﬁcam
1090 4920 1203 4962 sunt
1220 4925 1372 4977 opera
1387 4918 1492 4972 tua,
1513 4906 1725 4960 Domine
1736 4907 1756 4961 .'
1773 4906 1920 4977 nimis
1936 4910 2149 4977 profun-

572 4978 653 5030 da:
668 4981 817 5047 facta!
835 4974 950 5031 sunt
973 4974 1295 5048 cogitationes
1317 4988 1415 5032 tute
1435 4978 1451 5045 (
1473 4977 1617 5031 Ρειιι.
1649 4992 1757 5041 xet,
1781 4977 1814 5030 (i
1902 4974 2148 5048 Dicamus

571 5048 730 5102 etiam
769 5064 890 5102 cum
934 5048 1095 5102 Paulo
1118 5090 1132 5112 ,
1168 5049 1212 5103 Ο
1241 5050 1454 5104 altitudo
1493 5049 1782 5102 divitiarum
1807 5047 2068 5116 sapientia:
2091 5056 2139 5100 et

571 5119 794 5172 scientia:
832 5117 966 5172 Dei!
1010 5119 1174 5189 Quam
1218 5119 1744 5189 incomprehensibilia
1790 5127 1905 5189 sunt
1952 5117 2150 5188 judicia

571 5190 699 5255 eius,
727 5188 1165 5260 etiinivestigabiles
1192 5191 1283 5245 vita
1301 5188 1409 5260 ejus
1441 5190 1625 5260 (Rom.
1657 5206 1728 5251 XI,
1762 5188 1854 5257 55)
1880 5188 1894 5242 l

642 5259 867 5313 CAPUT
910 5257 1039 5314 VIII.
1070 5289 1143 5299 -——
1174 5260 1256 5314 12.
1299 5257 1401 5316 Sed
1434 5257 1477 5315 si
1502 5261 1676 5316 adhuc
1705 5260 1802 5314 hae
1828 5257 2030 5312 reddita
2058 5273 2147 5312 ra-

574 5329 714 5383 tione
730 5330 889 5384 vultis
905 5346 1022 5385 esse
1040 5332 1379 5393 contentiosi,
1397 5347 1496 5385 nec
1510 5333 1850 5399 acquiescere
1869 5328 2073 5383 veritati
2092 5331 2146 5399 ’κς

572 5402 725 5457 nobis
750 5411 925 5456 tamen
949 5442 964 5463 ,
997 5417 1064 5457 eo
1098 5401 1237 5471 quod
1266 5402 1404 5456 male
1441 5402 1509 5456 de
1540 5398 1647 5457 Deo
1683 5402 1826 5468 justo
1853 5415 1916 5455 ac
1942 5398 2151 5471 miseri-

570 5472 889 5525 cordissima
909 5470 1220 5537 sentiamus,
1244 5473 1553 5525 calumniari
1572 5472 1798 5525 desinite
1821 5488 1835 5522 :
1858 5470 1951 5523 sed
1973 5470 2146 5539 ipsum

572 5542 748 5609 potius
772 5542 1054 5613 Dominum
1078 5542 1355 5597 Christum
1379 5582 1394 5607 ,
1425 5542 1576 5613 cujus
1600 5541 1945 5613 Evangelium
1970 5541 2150 5613 sequi-

571 5627 711 5680 mur,
738 5612 784 5666 si
809 5612 1034 5677 audetis,
1058 5613 1263 5685 arguite
1294 5631 1308 5669 :
1339 5628 1458 5669 cum
1486 5610 1823 5684 illojurgium
1855 5611 2051 5666 sumite
2082 5610 2149 5665 li-

635 5768 648 5796 ί
686 5771 734 5813 tu
759 5774 883 5823 uss,
909 5765 1177 5821 Ιιςιηεὶηιιδιι.

632 5830 655 5860 ⁸
685 5834 809 5888 δίδη
853 5828 1041 5879 rationi.

1170 356 1564 416 APPENDICIS
1602 353 1777 411 PARS
1818 351 2043 408 PRIMA.
2086 344 2649 402 IIYPOGNOSTICON
2688 345 2891 403 LIBER
2929 342 3219 404 SEXTUS.

3695 345 3844 403 1661

2254 462 2486 529 ligandi;
2531 463 2603 516 illi
2629 461 2769 530 quod
2813 459 2951 516 absit
2976 502 2989 524 .
3019 464 3159 517 male
3185 460 3421 517 sensisse
3445 461 3512 517 de
3534 461 3647 516 Deo
3673 462 3842 518 Patre

2250 549 2350 585 suo
2374 534 2788 603 calumniamini.
2817 534 2908 602 qui
2932 533 3027 596 ait,
3059 532 3214 587 Multi
3237 534 3442 602 quidem
3463 535 3650 596 vocati,
3673 535 3836 603 pauci

2250 614 2415 657 autem
2440 605 2580 657 electi
2608 604 2625 670 (
2643 602 2827 673 Matth.
2862 619 2971 657 nu
2996 643 3011 665 ,
3045 604 3153 671 14)
3186 620 3200 655 :
3232 613 3320 669 et,
3357 603 3523 657 Nemo
3566 602 3727 673 potest
3753 620 3839 659 ve-

2251 676 2360 727 nire
2376 676 2444 728 ad
2463 691 2560 739 me,
2584 674 2684 727 nisi
2706 672 2861 726 Pater
2881 675 2967 742 qui
2993 674 3128 727 misit
3152 690 3251 739 me,
3280 677 3542 729 attraxerit
3562 672 3677 728 eum
3706 693 3729 727 :
3755 686 3835 740 et,

2255 744 2419 799 Nemo
2446 754 2603 808 potest
2625 744 2792 797 venire
2812 745 2881 796 ad
2909 760 3005 806 me,
3032 746 3129 798 nisi
3154 744 3329 797 datum
3356 747 3404 798 ei
3431 747 3581 813 fuerit
3607 763 3641 799 a
3672 745 3835 799 Patre

2250 832 2360 869 nteo
2386 816 2578 884 (Joan.
2608 830 2682 879 Vl,
2712 815 2803 878 ιιι,
2826 813 2943 886 766)
2973 830 2999 886 :7
3018 825 3070 868 et
3094 855 3108 878 ,
3142 813 3262 868 Non
3286 832 3459 886 omnes
3483 818 3689 886 capiunt
3712 835 3832 872 rr—

2251 886 2367 939 t'mm
2392 888 2486 939 hoc
2526 887 2578 958 ε,
2605 886 2703 939 nisi
2746 885 2926 958 quibus
2966 885 3144 939 datum
3185 896 3256 940 est
3281 885 3509 957 (Matth.
3541 903 3628 942 ιιι
3652 929 3667 952 ,
3698 890 3763 943 ﬂ
3791 903 3831 958 ι.

2250 957 2450 1011 Caetera
2479 957 2637 1011 etiam
2664 970 2822 1025 quam
2850 956 3019 1024 plura.

2324 1028 2408 1100 15.
2456 1046 2475 1100 ς
2510 1026 2829 1100 F_alsum_est
2853 1040 3001 1100 ergo,
3040 1045 3059 1079 ο
3093 1027 3322 1100 inquies,
3358 1045 3378 1078 ι
3414 1027 3556 1097 quod
3585 1029 3660 1083 ait
3685 1034 3833 1100 Apo-

2245 1098 2418 1152 stolus
2437 1097 2507 1151 de
2538 1098 2666 1159 Deo,
2698 1097 2800 1164 Qui
2827 1098 2932 1150 vult
2954 1111 3126 1151 omnes
3150 1098 3376 1152 homines
3396 1099 3563 1153 salvos
3590 1102 3703 1168 ﬁeri
3734 1097 3752 1160 ζ
3784 1113 3834 1154 et

2249 1168 2320 1250 ad
2356 1169 2657 1250 agnitionem
2702 1168 2923 1250 veritatis
2962 1169 3274 1250 sutu_venire
3304 1188 3323 1220 ι
3354 1168 3409 1237 (Ι
3444 1169 3576 1250 im.
3596 1172 3834 1250 nili)?

2247 1238 2478 1310 Otnniuo
2502 1254 2608 1293 non
2637 1248 2722 1293 est
2747 1238 2938 1293 falsum
2971 1255 2985 1291 :
3014 1240 3137 1310 quia
3164 1255 3325 1294 omne
3352 1239 3494 1310 quod
3525 1242 3637 1294 vult
3662 1238 3828 1307 Dens,

2249 1309 2423 1365 facere
2445 1319 2636 1379 potest,
2662 1324 2760 1363 nec
2779 1323 2998 1380 prorsus
3024 1309 3251 1380 humana
3273 1309 3541 1364 voluntate
3558 1312 3832 1380 prmpedi-

2249 1389 2336 1435 tur
2360 1380 2499 1451 quod
2528 1382 2655 1434 vult.
2689 1379 2793 1435 Sed
2821 1394 3006 1451 qumro
3039 1395 3070 1434 a
3111 1379 3261 1434 vobis
3299 1390 3357 1435 ut
3394 1379 3617 1447 dicatis,
3660 1379 3831 1451 quare

2251 1449 2389 1505 Dens
2403 1450 2491 1519 qui
2505 1452 2616 1505 vult
2628 1465 2818 1505 omnes
2831 1449 3075 1505 homines
3094 1451 3272 1505 salvos
3288 1452 3427 1517 ﬁeri,
3444 1449 3824 1521 quorumdam,

2248 1532 2304 1575 ut
2327 1521 2456 1575 dicit
2481 1522 2642 1576 Isaias
2665 1522 2920 1592 propheta
2946 1561 2960 1584 ,
2991 1530 3226 1576 emineat
3261 1522 3540 1577 oculosue
3566 1523 3822 1589 videant,

2245 1601 2300 1645 ct
2326 1592 2555 1647 obdurat
2574 1606 2670 1648 eor
2693 1606 2761 1647 ne
2786 1591 3118 1660 intelligant,
3160 1608 3228 1647 ne
3254 1600 3637 1647 convertantur
3660 1602 3719 1649 et
3742 1610 3822 1647 sa-

2244 1671 2439 1733 nentur
2467 1661 2629 1733 (Isai.
2661 1679 2735 1728 vr,
2768 1663 2836 1716 10
2856 1660 2918 1731 )?
2945 1661 3097 1733 Quod
3122 1677 3307 1716 verum
3347 1678 3467 1717 esse
3488 1666 3820 1732 evangelista

2245 1732 2479 1787 Joannes
2502 1733 2805 1799 conﬁrmat,
2834 1733 3017 1788 dicens
3039 1732 3112 1804 de
3133 1733 3378 1804 ludatis;
3413 1733 3697 1804 Propterea
3725 1752 3826 1788 non

2247 1814 2475 1871 poterant
2500 1805 2702 1858 credere
2721 1844 2735 1866 ,
2765 1804 2883 1873 quia
2917 1804 3046 1857 dixit
3085 1802 3252 1858 Isaias
3278 1821 3297 1858 :
3324 1802 3613 1873 Emetecavit
3654 1808 3830 1859 oculos

2244 1868 2439 1939 eorum,
2469 1886 2515 1929 et
2535 1868 2789 1929 induravit
2813 1890 2901 1928 cor
2924 1890 3115 1936 eorum.
3143 1884 3321 1928 utnon
3350 1868 3551 1929 videant
3570 1877 3762 1941 oculis,
3783 1887 3830 1929 et

2242 1945 2717 2017 intelliganticorde,
2746 1954 2795 1998 et
2819 1954 3201 2017 convertantur,
3232 1954 3278 1998 et
3300 1962 3473 1999 sonent
3506 1962 3592 2000 eos
3627 1944 3826 2017 (Joan.

2244 2031 2336 2081 xu,
2369 2015 2459 2081 39,
2484 2016 2554 2071 40
2575 2015 2618 2085 ).
2646 2016 2775 2070 Item
2816 2016 2869 2069 in
2902 2015 3186 2085 EvangeIio
3222 2017 3515 2071 secundum
3544 2015 3787 2071 ﬂoreum
3808 2057 3826 2084 ,

2242 2101 2364 2140 cum
2401 2087 2590 2156 .lesum
2614 2089 3004 2154 interrogarent
3044 2087 3289 2156 discipuli
3337 2088 3418 2140 sui
3463 2088 3533 2140 de
3571 2088 3826 2154 parabola

2242 2157 2462 2212 seminis
2496 2176 2509 2213 :
2554 2155 2732 2220 Vobis,
2766 2157 2967 2226 inquit,
3012 2155 3193 2211 datum
3229 2167 3303 2210 est
3343 2173 3489 2211 nosse
3523 2160 3827 2227 mysterium

2241 2229 2379 2298 regni
2406 2227 2503 2281 Dei
2529 2243 2548 2281 :
2571 2227 2674 2281 illis
2690 2236 2856 2281 autem
2875 2228 2961 2297 qui
2981 2228 3104 2298 foris
3127 2237 3259 2290 sunt,
3292 2228 3346 2280 in
3370 2228 3632 2297 parabolis
3657 2230 3828 2283 omnia

2241 2298 2409 2366 ﬁunt;
2434 2308 2487 2353 ut
2514 2298 2736 2351 videntes
2772 2298 2969 2351 videant
3010 2308 3058 2352 et
3091 2314 3193 2352 non
3232 2299 3452 2364 videant,
3480 2308 3530 2351 et
3559 2299 3828 2354 audientes

2241 2369 2452 2422 audiant
2482 2380 2655 2423 etnon
2690 2369 3007 2438 intelligant,
3045 2385 3106 2421 ne
3127 2369 3329 2438 quando
3350 2378 3741 2433 convertantur,
3777 2380 3827 2424 et

2240 2438 2557 2493 dimittantur
2599 2441 2669 2492 eis
2716 2449 2920 2505 peccata
2965 2438 3168 2507 (Marc.
3215 2455 3289 2505 IV,
3341 2441 3428 2505 11,
3475 2440 3606 2507 12).
3660 2440 3827 2495 Dicite

2242 2509 2417 2577 igitur.
2441 2525 2605 2579 quare
2629 2511 2786 2575 Deus,
2813 2511 2901 2578 qui
2932 2519 3178 2578 acceptor
3201 2524 3551 2580 personarum
3580 2525 3692 2564 non
3719 2519 3822 2576 est,

2239 2588 2293 2633 et
2317 2582 2429 2634 vult
2457 2595 2642 2634 omnes
2687 2580 2930 2633 homines
2975 2582 3155 2634 salvos
3199 2581 3310 2634 lieri
3337 2622 3352 2645 ,
3391 2581 3627 2634 aliormn
3660 2582 3824 2636 corda

2243 2662 2445 2705 reserat
2472 2652 2537 2704 ad
2567 2651 2913 2715 credendum,
2942 2652 3126 2705 oculos
3150 2652 3414 2705 illuminat
3438 2651 3504 2706 ad
3534 2650 3824 2706 videndum

2239 2730 2293 2791 et
2320 2722 2385 2776 ad
2413 2722 2688 2776 sciendum
2720 2722 3032 2791 mysterium
3080 2722 3227 2790 regni
3256 2723 3516 2777 caelorum
3540 2765 3555 2786 ,
3583 2738 3698 2791 quo
3726 2723 3827 2777 sci-

2240 2790 2363 2845 licet
2402 2793 2536 2847 salvi
2579 2792 2690 2845 lieri
2735 2790 2970 2859 pessint;
3013 2792 3237 2845 aliorum
3272 2808 3399 2846 vero
3424 2835 3439 2857 ,
3471 2803 3531 2846 ut
3576 2790 3826 2847 lectionis

2240 2870 2380 2915 texui
2398 2863 2557 2932 pnedi
2567 2864 2614 2916 xi
2627 2866 2668 2928 ',
2684 2863 2955 2917 involvens
2969 2865 3019 2916 iu
3030 2863 3297 2932 parabolis
3309 2865 3613 2927 veritatem,
3628 2864 3827 2918 obtun-

2241 2933 2318 2987 dit
2337 2948 2449 2993 cor,
2474 2943 2705 2989 excmcat
2734 2933 2939 2994 oculos,
2957 2934 3151 3005 claudit
3171 2949 3349 2999 aures,
3373 2950 3442 2989 ne
3469 2934 3825 3005 Evangelium

2238 3006 2422 3059 salutis
2450 3015 2758 3072 agnoscant,
2789 3019 2855 3057 ne
2880 3004 3250 3058 remissionem
3277 3005 3542 3073 accipiant
3572 3004 3822 3074 peccatab

2240 3077 2399 3128 rum?
2438 3076 2643 3139 Dicite,
2686 3090 2899 3144 quaeso,
2930 3075 3160 3146 qualiter
3198 3077 3311 3129 haec
3354 3076 3466 3129 loca
3512 3078 3857 3146 evangeliea-

2238 3145 2511 3214 aceipitis?
2542 3147 2737 3199 Docete
2760 3189 2774 3212 ,
2819 3145 2942 3215 quid
2974 3145 3059 3199 hic
3083 3145 3151 3200 de
3181 3147 3291 3200 Deo
3311 3189 3325 3213 ,
3357 3148 3446 3216 qui
3483 3147 3604 3200 vult
3638 3145 3826 3203 omnes

2198 3262 2203 3269 .
2242 3217 2484 3271 homines
2509 3217 2685 3271 salvos
2712 3216 2846 3280 lteri,
2873 3216 3125 3271 sentitis?
3155 3217 3293 3271 Ecce
3313 3218 3422 3286 jam
3444 3233 3644 3272 omnes
3669 3234 3826 3287 gene-

2241 3290 2423 3343 raliter
2446 3289 2577 3342 salvi
2607 3303 2711 3341 non
2732 3297 2877 3353 sunt,
2905 3302 3027 3341 cum
3056 3288 3173 3341 aliis
3195 3287 3354 3342 datur
3377 3288 3519 3342 viam
3550 3303 3721 3343 nosse
3746 3304 3828 3343 sa-

2239 3359 2384 3422 lutis,
2407 3360 2524 3413 aliis
2549 3374 2653 3413 non
2675 3357 2849 3412 datur.
2883 3359 3005 3412 llzec
3032 3359 3206 3428 itaque
3229 3373 3352 3413 cum
3379 3358 3503 3413 facit
3528 3359 3698 3424 Deus,
3725 3375 3825 3415 non

2242 3445 2585 3499 personarum
2615 3429 2924 3496 acceptione
2951 3430 3073 3482 facit
3096 3471 3111 3495 ,
3141 3444 3244 3483 non
3276 3429 3569 3498 injuStitia:
3620 3430 3719 3485 sed
3741 3432 3826 3499 ju-

2239 3498 2381 3555 stitia
2408 3500 2765 3562 inenarrabili,
2788 3508 2845 3552 et
2874 3498 3233 3554 misericordia
3266 3500 3522 3555 indebita.
3554 3498 3823 3567 Quoniam

2242 3587 2367 3625 vero
2397 3571 2521 3626 hinc
2551 3570 2745 3640 liquido
2772 3579 2993 3639 utraque
3024 3584 3148 3638 pars
3171 3570 3350 3627 dicere
3376 3571 3514 3626 nihil
3545 3572 3824 3635 valemus,

2239 3642 2521 3696 credamus
2551 3650 2753 3695 tantum
2795 3656 2943 3694 reum
2988 3642 3175 3695 mortis
3212 3656 3281 3694 ex
3318 3641 3515 3710 judicis
3556 3644 3828 3697 voluntate

2245 3712 2493 3781 pendere.
2536 3712 2611 3767 Ne
2652 3713 3159 3783 quisquamiautetu
3205 3721 3414 3781 putaret
3441 3712 3633 3766 divino
3659 3712 3827 3767 vitio'

2243 3785 2376 3844 lieri.
2435 3801 2539 3838 utin
2597 3782 2784 3837 omnes
2817 3782 3062 3836 homines
3088 3782 3279 3836 salvari
3304 3798 3318 3846 ;
3346 3783 3480 3837 dixit
3512 3784 3826 3851 Apostolus,

2243 3855 2343 3921 Qui
2362 3855 2466 3907 vult
2487 3870 2658 3908 omnes
2678 3853 2904 3907 homines
2925 3854 3090 3906 salvos
3114 3854 3244 3920 ﬁeri.
3274 3857 3621 3922 Quapropter
3644 3869 3829 3907 onines

2243 3926 2486 3980 homines
2515 3925 2603 3993 qui
2631 3927 2900 3978 salvantur
2920 3965 2934 3987 ,
2988 3923 3096 3977 Deo
3121 3925 3332 3978 volente
3360 3926 3663 3977 salvantur.
3697 3923 3830 3977 Deus

2241 3997 2383 4051 enim
2414 4003 2581 4049 noster
2628 3995 2764 4049 Deus
2810 3993 2978 4049 salvos
3020 3994 3274 4064 faciendi,
3321 4005 3366 4048 et
3411 3993 3631 4047 Domini
3672 3998 3830 4049 cautus

2243 4068 2418 4121 mortis
2441 4065 2619 4137 (Psal.
2654 4080 2819 4129 uvu,
2840 4065 2903 4118 Ἥ
2929 4066 2946 4132 )
2975 4073 3095 4137 ιρι,
3130 4064 3263 4137 Quia
3299 4066 3378 4118 ira
3409 4067 3473 4137 in
3491 4070 3673 4137 furore
3698 4067 3827 4136 ejus,

2242 4147 2289 4191 et
2313 4139 2410 4191 vita
2438 4134 2489 4190 in
2528 4138 2779 4190 voluntate
2800 4136 2961 4205 ipsius
2998 4134 3179 4202 (Psal.
3210 4150 3333 4189 ιιι(
3361 4177 3374 4200 ,
3418 4134 3510 4205 6).
3546 4134 3832 4205 Intelligitc

2244 4210 2421 4278 itaque
2463 4209 2515 4262 in
2554 4209 2734 4263 furore
2766 4207 3024 4277 justitiam
3055 4222 3068 4258 :
3098 4207 3153 4260 in
3195 4207 3469 4261 voluntate
3523 4207 3832 4261 misericor-

2243 4278 2407 4333 diam.

2316 4351 2403 4405 14.
2442 4349 2970 4404 Prmdestinationem
3010 4347 3171 4418 igitur
3198 4362 3392 4419 negare
3416 4389 3431 4410 .
3476 4363 3647 4418 quam
3694 4348 3829 4417 apud

2244 4422 2408 4476 Deum
2427 4435 2545 4475 esse
2567 4420 2795 4476 breviter
2810 4420 3171 4489 probavimus,
3188 4419 3422 4474 immane
3437 4419 3833 4490 blasphemiam

2243 4502 2326 4547 est
2350 4492 2401 4557 1⁶;
2432 4506 2590 4561 quam
2617 4506 2721 4546 non
2744 4499 2945 4545 tantum
2971 4531 2986 4556 ,
3014 4490 3154 4561 sicut
3178 4490 3360 4544 soletis
3383 4489 3589 4554 dicere,
3617 4490 3672 4543 in
3698 4491 3837 4561 spo-

2246 4564 2394 4617 stolis
2412 4560 2670 4617 debemus
2694 4562 2968 4630 accipere;
2997 4560 3093 4615 sed
3112 4570 3166 4614 et
3190 4562 3241 4613 in
3267 4561 3595 4615 Patriarcbis
3617 4570 3674 4614 et
3699 4560 3827 4613 Pro-

2247 4634 2424 4704 phetis
2447 4675 2463 4695 ,
2492 4634 2545 4687 in
2568 4633 2898 4705 martyribus
2934 4639 3000 4705 et
3023 4630 3424 4705 conl‘essorjbus
3448 4672 3462 4695 ,
3492 4633 3550 4685 in
3578 4632 3833 4705 omnibus

2247 4702 2445 4760 sanctis
2471 4712 2524 4759 et
2548 4702 3088 4773 digne'servientibus
3106 4703 3247 4773 Deo.
3292 4702 3428 4756 Hinc
3452 4717 3621 4756 nemo
3645 4702 3838 4771 glorie-

2250 4785 2353 4838 tur,
2378 4790 2536 4829 nemo
2556 4772 2823 4843 desperet.
2848 4774 3006 4829 Solus
3029 4772 3171 4827 enim
3195 4773 3451 4827 Dominus
3475 4774 3583 4827 scit
3603 4774 3698 4842 qui
3718 4780 3841 4825 sunt

2249 4848 2363 4916 ejus
2396 4845 2479 4917 (Il
2509 4842 2729 4907 TimJu,
2762 4842 2890 4917 19).
2923 4844 2980 4898 In
3018 4851 3274 4913 quantum
3301 4852 3480 4917 autem
3511 4855 3838 4917 possumus.

2248 4913 2436 4973 omnes
2475 4916 2717 4971 homines
2757 4914 2823 4969 ad
2847 4913 3072 4969 bonum
3114 4928 3251 4984 opus
3293 4915 3687 4979 exhortemur,
3716 4913 3841 4968 nulli

2250 4988 2677 5057 desperationem
2705 4985 2932 5057 demus,
2964 5001 3063 5054 pro
3091 4984 3317 5057 invicem
3345 4999 3591 5057 oremus,
3624 4986 3841 5057 incon-

2250 5054 2432 5128 specto
2462 5058 2554 5111 Dei
2585 5070 2682 5111 nos
2726 5055 3100 5128 bumiliemus,
3129 5055 3368 5110 dicentes
3391 5096 3406 5117 ,
3454 5054 3843 5128 Fiativoluttus

2254 5126 2342 5183 tua
2370 5128 2591 5200 (Matth.
2621 5142 2698 5200 vi.
2746 5128 2866 5197 10).
2901 5127 3068 5196 Ipsius
3086 5128 3198 5200 erit
3228 5127 3510 5200 potestatis
3537 5170 3553 5192 ,
3580 5126 3842 5200 judicium

2254 5201 2305 5254 in
2338 5196 2495 5270 nobis
2528 5198 2765 5254 debitum
2816 5196 3025 5270 mutare
3067 5196 3423 5252 damnationis
3448 5238 3465 5264 ,
3513 5209 3573 5254 et
3618 5196 3844 5270 gratiam

2252 5269 2733 5342 prmdestinationis
2763 5268 3053 5324 indebitam
3083 5282 3409 5340 praerogare.

2320 5452 2335 5484 ¹
2373 5460 2420 5500 In
2454 5445 2965 5515 manuscrilitisdecst,
2992 5444 3108 5515 liora
3160 5512 3169 5515 4
3243 5511 3254 5515 _
3358 5503 3389 5515 η
3436 5503 3447 5515 ,

2318 5516 2336 5544 ¹
2370 5514 2441 5577 sic
2475 5518 2578 5561 Mss.
2606 5517 2662 5559 At
2684 5504 2821 5577 editi,
2847 5515 2900 5577 u_t_
2920 5504 3312 5577 lectiqttistea'ttts
3337 5504 3481 5554 dixit.

2319 5576 2339 5607 ³
2371 5576 2441 5624 sic
2481 5583 2583 5621 Vss.
2610 5580 2664 5622 At
2687 5572 2823 5629 editi,
2847 5569 3007 5620 duritia
3027 5568 3237 5630 judicio.
3384 5628 3394 5630 _
3570 5627 3579 5630 _
3638 5628 3642 5630 Α
3776 5582 3797 5630 _'

2318 5636 2341 5669 ⁸
2373 5643 2440 5687 tta
2466 5636 2513 5684 in
2533 5636 2755 5686 omnibus
2778 5626 2881 5683 Mss.
2909 5638 2955 5680 In
2994 5626 3138 5682 cilius
3168 5637 3351 5688 autem,
3376 5627 3604 5679 emutatis
3629 5626 3855 5690 ίιωμὴτο

2252 5700 2354 5753 mia
2376 5708 2460 5750 est.
