3994 6474
1591 350 1890 358 -φ--σ--λρνσ
1927 349 2016 354 -----

1591 350 1890 358 ..ρ-ρ.--
2385 354 2450 358 __,.
3151 360 3154 362 γ

2700 396 3437 414 _.______.________.__-

1289 465 2336 580 ADMONITIO

998 653 1114 726 IN
1174 654 2070 740 SUBSEQUENTEM
2135 625 2620 727 LIBRUM.

1603 793 2022 859 4mm

242 931 572 1004 Opnsculum
603 931 668 986 de
696 929 1161 986 Prtedestinatione
1187 929 1433 988 etGratia
1455 972 1469 994 ,
1501 929 1650 998 cujus
1679 928 1881 983 initium
1905 939 1982 984 est
2003 972 2015 992 ,
2054 949 2072 982 ι
2100 931 2232 986 Cum
2265 932 2318 985 in
2347 948 2616 988 sacrarum
2645 933 3002 988 voluminibus
3032 935 3350 992 Litterarum
3373 979 3386 1002 ,
3415 955 3434 991 ι

173 1037 317 1081 inter
347 1025 731 1093 Augustiniana
753 1038 913 1092 opera
945 1022 1114 1076 locum
1143 1021 1438 1077 obtinuitin
1470 1021 1697 1088 antiquis
1723 1020 2062 1076 editiunihus.
2096 1023 2160 1076 At
2189 1024 2238 1076 iu
2271 1024 2356 1078 illa
2390 1025 2620 1078 editione
2653 1042 2807 1096 quam
2857 1037 3038 1096 postea
3086 1026 3447 1084 Lovanienses

172 1118 434 1187 Theologi
457 1117 802 1182 adornarunt,
835 1125 977 1170 tomo
997 1113 1224 1182 septimo
1249 1112 1476 1181 reiectus
1502 1121 1582 1168 est
1621 1113 1670 1165 in
1697 1113 2051 1187 Appendicem
2075 1155 2090 1179 ,
2124 1114 2262 1167 inter
2297 1101 2565 1168 s'ubdititia
2606 1118 2854 1185 cpuscula
2881 1161 2893 1179 ,
2929 1127 3174 1187 tanquam
3207 1131 3440 1187 suspecti

172 1208 411 1263 auctoris
439 1210 590 1261 liber.
617 1206 733 1259 Non
753 1221 873 1260 esse
894 1205 1170 1274 Augustini
1199 1205 1280 1258 vel
1313 1205 1422 1272 ipsa
1450 1203 1660 1257 dicendi
1689 1202 1824 1255 ratio
1853 1203 2041 1271 arguit,
2071 1209 2124 1255 et
2145 1205 2357 1258 evincit.
2409 1205 2662 1258 Mittimus
2691 1207 2913 1274 proinde
2961 1218 3272 1275 argumenta
3311 1209 3443 1272 alia,

171 1303 367 1372 quibus
391 1301 578 1354 eruditi
609 1299 756 1353 facile
781 1298 1104 1351 constituunt
1129 1312 1232 1350 non
1259 1296 1638 1366 assignandum
1669 1305 1852 1348 sancto
1879 1295 2110 1350 Ductori.
2143 1294 2244 1351 Sed
2280 1297 2552 1365 prieterire
2581 1315 2682 1350 non
2709 1298 2850 1364 licet,
2874 1300 3012 1368 quod
3052 1300 3337 1354 observatu
3367 1301 3452 1353 di-

171 1410 337 1465 gnum
366 1393 734 1455 Bellarminus,
762 1390 1099 1456 Possevinus,
1132 1389 1325 1458 aliique
1351 1389 1746 1454 existimarunt,
1773 1388 2024 1443 nimirum
2053 1390 2102 1441 in
2125 1404 2190 1442 eo
2221 1389 2353 1442 libro
2373 1389 2611 1459 qumdam
2639 1392 2860 1460 reperiri
2889 1391 3143 1447 doctrina:
3171 1392 3449 1463 Augustini

174 1487 443 1540 contraria
467 1527 480 1547 ,
504 1499 622 1554 qua:
640 1482 878 1537 Cassiani
897 1495 1085 1535 sensus
1113 1479 1355 1535 redolere
1386 1479 1683 1534 videantur.
1713 1479 1843 1532 Nam
1877 1479 1962 1532 ubi
1984 1489 2172 1532 auctor
2201 1480 2469 1547 explicare
2487 1482 2684 1546 studet,
2705 1482 2831 1550 quid
2849 1483 2914 1536 ad
2944 1484 3078 1538 bona
3095 1499 3253 1552 Opera
3281 1485 3447 1555 gratia

172 1577 267 1630 Dei
300 1576 588 1641 conducat,
613 1573 738 1644 quid
765 1588 892 1627 vero
922 1587 1016 1642 pro
1043 1586 1134 1625 sua
1160 1578 1305 1640 parte
1335 1571 1572 1624 conferat
1603 1571 1826 1623 liberum
1854 1569 2086 1624 hominis
2109 1569 2385 1622 arbitrium
2407 1612 2420 1636 ,
2473 1571 2522 1624 in
2563 1572 2734 1639 capite
2784 1588 2925 1627 nono
2975 1574 3050 1628 sic
3097 1585 3262 1628 totum
3310 1576 3450 1628 inter

171 1669 342 1722 Deum
370 1676 424 1723 et
454 1667 721 1721 hominem
753 1664 995 1734 partitur,
1022 1672 1077 1718 ut
1107 1662 1215 1717 Deo
1237 1661 1466 1732 primum
1491 1660 1686 1714 tribuat
1710 1675 1900 1714 vocare
1921 1675 1983 1714 ac
2009 1659 2328 1725 illuminare,
2361 1659 2565 1713 homini
2587 1659 2779 1715 deinde
2806 1661 3084 1731 liberoque
3113 1663 3274 1732 ipsius
3300 1663 3446 1717 arbi-

171 1764 278 1816 trio
306 1763 506 1832 eligere
527 1762 641 1815 vias
666 1759 1034 1814 mandatorum
1061 1757 1174 1822 Dei,
1207 1765 1314 1810 tum
1349 1755 1456 1808 Deo
1483 1770 1665 1808 rursus
1694 1753 1744 1807 in
1777 1755 1880 1806 line
1905 1752 2259 1806 obedientiam
2288 1767 2566 1806 coronare.
2596 1751 2653 1805 In
2679 1752 2853 1821 capite
2874 1754 3154 1808 undecimo
3181 1755 3307 1810 dicit
3329 1755 3447 1810 ideo

171 1869 271 1906 nos
305 1853 500 1907 habere
525 1868 553 1905 a
581 1853 692 1906 Deo
711 1851 871 1916 velle,
898 1851 1019 1919 quia
1045 1857 1198 1903 vocat
1225 1857 1279 1903 et
1302 1849 1594 1911 illuminat;
1629 1846 1746 1900 ideo
1779 1846 1847 1900 ab
1875 1846 1988 1915 ipso
2016 1855 2068 1898 et
2099 1845 2354 1914 perﬁcere
2375 1886 2388 1908 ,
2437 1845 2685 1915 quoniam
2731 1846 2795 1900 ad
2840 1862 2938 1901 nos
2984 1848 3216 1916 pertinet
3264 1851 3445 1904 conari

171 1943 310 1997 bona
332 1986 345 2007 ,
377 1961 494 2014 quae
538 1953 591 1999 et
616 1943 753 1998 velle
778 1942 1009 1998 donavit.
1050 1941 1179 1996 ltem
1204 1939 1343 2010 quod
1391 1939 1480 1994 Dei
1504 1939 1574 1994 sit
1605 1954 1794 1993 vocare
1823 1953 1914 1992 seu
1934 1937 2142 2007 jubere,
2175 1937 2404 1991 hominis
2429 1947 2604 1993 autem
2634 1939 2843 2009 aperire
2873 1949 2926 1995 et
2960 1940 3180 1995 dilatare
3223 1955 3317 2008 os,
3353 1942 3446 1996 Dei

169 2049 446 2104 poStreino
465 2035 594 2090 illud
623 2034 845 2103 implere
865 2074 880 2100 ,
913 2049 1009 2088 seu
1033 2034 1353 2102 promissum
1382 2029 1628 2085 elfectum
1659 2029 1966 2100 adjungere.
1998 2029 2053 2083 in
2085 2031 2256 2098 capite
2281 2029 2628 2096 duodecimo,
2657 2032 2932 2102 proposito
2950 2033 3176 2103 quodam
3206 2051 3299 2104 pro
3345 2035 3445 2089 Pe-

169 2126 396 2195 lagianis
420 2133 733 2195 argumento
752 2165 767 2190 ,
798 2139 902 2178 non
928 2123 1083 2177 aliam
1111 2121 1440 2192 (Bellarmini
1459 2119 1682 2190 judicio)
1711 2120 2112 2188 responsionem
2143 2120 2296 2175 all‘ert
2319 2162 2332 2184 ,
2361 2136 2517 2190 quam
2544 2137 2664 2192 qua:
2691 2122 2757 2175 ab
2781 2124 2894 2192 ipso
2916 2125 3168 2179 Cassiano
3191 2125 3447 2180 reddere-

167 2226 277 2270 tur.
319 2216 501 2286 Capite
527 2217 734 2271 decimo
758 2217 970 2284 quinto,
999 2215 1343 2285 quaestionem
1376 2221 1606 2266 tractans
1635 2226 1729 2265 cur
1756 2211 1846 2264 Dei
1870 2210 2089 2280 ﬂagellis
2112 2212 2317 2266 Pharao
2339 2213 2522 2266 durior
2547 2213 2780 2280 effectus,
2805 2215 3293 2270 Nabuchodonosor
3321 2234 3448 2273 vero
3517 2223 3520 2226 ’

165 2309 233 2362 ad
269 2309 638 2378 paenitentiam
663 2308 922 2363 adductus
948 2315 1050 2372 est,
1085 2306 1226 2360 hunc
1251 2322 1442 2378 nempe
1472 2305 1594 2374 quia
1624 2318 1838 2358 manum
1875 2303 1967 2357 Dei
1999 2304 2234 2358 sentiens
2256 2346 2270 2364 ,
2304 2306 2355 2357 in
2397 2305 2763 2362 recordatione
2786 2308 3016 2378 propriae
3047 2307 3342 2378 iniquitatis
3368 2310 3447 2363 itt-

165 2403 392 2471 gmnuit,
423 2404 579 2455 tinem
607 2401 874 2454 diversum
897 2400 1143 2453 sortitum
1171 2413 1290 2452 esse
1315 2397 1479 2460 dicit;
1512 2396 1664 2465 quasi
1696 2395 1974 2464 pmnitenti
2005 2395 2157 2449 home
2183 2396 2471 2449 voluntatis
2498 2396 2702 2450 initium
2729 2439 2743 2462 ,
2772 2399 2878 2452 Deo
2922 2399 3305 2468 perfectionem
3332 2409 3449 2456 tau-

166 2506 282 2549 tum
309 2495 567 2564 assignari
596 2495 740 2548 velit.
768 2491 952 2564 Capite
973 2491 1182 2546 decimo
1206 2498 1378 2555 sexto,
1409 2489 1569 2542 sentit
1597 2487 1839 2541 homines
1861 2486 2065 2556 aliquos
2087 2528 2101 2553 ,
2135 2486 2341 2540 etiamsi
2369 2502 2472 2540 non
2495 2495 2672 2541 essent
2691 2498 2910 2559 peccato
2935 2491 3172 2557 obnoxii,
3205 2494 3441 2560 potuisse

163 2604 191 2642 a
230 2589 344 2642 Deo
375 2587 616 2642 damnari
638 2605 650 2639 :
671 2596 852 2640 contra
885 2584 1162 2655 Augustini
1189 2582 1509 2638 sententiam
1541 2580 1592 2634 in
1621 2579 1757 2634 libro
1784 2579 1942 2633 tertio
1961 2579 2217 2634 adversus
2248 2578 2512 2634 Julianum
2542 2579 2711 2650 capite
2734 2580 2939 2635 decimo
2966 2592 3155 2638 octavo
3184 2600 3196 2635 :
3221 2604 3238 2635 ι
3263 2585 3442 2640 Bonus

162 2691 250 2734 est
283 2681 452 2743 Deus,
482 2699 498 2732 ι
533 2681 730 2749 inquit,
771 2697 788 2729 ε
813 2679 985 2748 justus
1016 2686 1097 2730 est
1123 2677 1300 2730 Deus:
1330 2683 1505 2746 potest
1533 2673 1738 2742 aliquos
1769 2672 1884 2726 sine
1929 2671 2082 2725 bonis
2105 2672 2308 2726 meritis
2338 2671 2564 2726 liberare
2586 2713 2598 2734 ,
2629 2673 2750 2740 quia
2785 2674 2954 2741 bonus
2995 2684 3106 2740 est;
3137 2693 3238 2731 non
3269 2687 3449 2746 potest

161 2790 489 2845 quemquam
521 2774 635 2828 sine
664 2773 816 2826 malis
843 2770 1046 2825 meritis
1076 2769 1348 2831 damnare,
1379 2766 1692 2837 quiajustus
1747 2772 1881 2819 est.)
1915 2764 1978 2818 Et
2027 2764 2077 2816 in
2129 2765 2349 2833 epistola
2396 2763 2517 2830 186,
2551 2765 2614 2817 ad
2659 2765 2954 2831 Paulinum,
2989 2783 3043 2820 ιι.
3068 2769 3174 2822 9.0:
3206 2769 3450 2837 «Quem-

161 2882 326 2933 quam
348 2882 477 2918 vero
503 2863 826 2918 immeritum
858 2869 911 2916 et
938 2861 1067 2914 nulli
1097 2859 1384 2914 obnoxium
1415 2864 1634 2927 peccato
1663 2857 1706 2910 si
1733 2855 1871 2910 Deus
1898 2855 2151 2909 damnare
2177 2854 2428 2919 creditur,
2474 2855 2680 2910 alienus
2709 2857 2774 2910 ab
2809 2858 3083 2927 iniquitate
3128 2875 3235 2914 non
3275 2859 3446 2914 credi-

162 2968 271 3011 tur.
290 2975 309 3008 ι
345 2957 622 3024 Fulgentio
651 2970 862 3024 quoque
891 2953 1142 3022 episeopo
1173 2949 1433 3019 Ruspensi
1464 2948 1796 3017 snppositum
1819 2956 1934 3002 erat
1965 2947 2064 3001 hoc
2088 2946 2257 3014 ipsum
2286 2947 2599 3014 opusculum
2629 2965 2640 3002 :
2671 2948 2860 3016 injuria
2896 2950 3144 3018 quidem,
3178 2967 3297 3006 cum
3321 2951 3450 3005 Ful-

161 3047 380 3118 gentius
401 3046 694 3117 Augustino
710 3045 930 3113 ejusque
961 3042 1167 3112 placitis
1187 3051 1432 3110 tauquam
1459 3039 1750 3109 discipulus
1780 3052 1992 3107 semper
2029 3037 2270 3092 addictus
2297 3038 2470 3092 fuerit.
2493 3041 2539 3093 Is
2568 3049 2824 3109 praeterea
2857 3039 2958 3094 hoc
2989 3041 3127 3096 idem
3158 3059 3444 3112 argumen-

162 3149 278 3193 tum
311 3137 726 3192 luculentissime
746 3149 808 3189 ac
837 3133 1126 3189 secundum
1159 3131 1431 3202 Augustini
1457 3139 1687 3184 mentem
1714 3137 1936 3194 tractat,
1968 3137 2078 3182 tum
2112 3130 2161 3182 in
2185 3131 2357 3200 primo
2385 3128 2450 3184 ad
2483 3131 2770 3184 Monimum
2803 3131 2868 3184 de
2912 3131 3106 3202 duplici
3153 3135 3445 3191 Praedesti-

162 3231 387 3284 natione
413 3229 569 3292 libro,
601 3237 709 3283 tum
739 3229 790 3282 in
819 3229 986 3282 tribus
1029 3227 1176 3280 libris
1219 3240 1353 3295 quos
1381 3223 1446 3278 ad
1477 3223 1734 3278 Joannem
1767 3231 1820 3286 et
1859 3221 2147 3276 Venerium
2179 3223 2245 3276 de
2286 3222 2518 3278 Veritate
2561 3222 3036 3292 praedestinationis
3061 3233 3113 3279 et
3137 3226 3319 3296 gratiae
3350 3225 3450 3284 Dei

160 3321 456 3390 inscripsit.
509 3321 742 3390 Denique
767 3321 904 3374 solet
933 3319 1242 3389 Fulgentius
1268 3318 1432 3372 libros
1474 3329 1600 3370 suos
1626 3314 1781 3369 alicui
1815 3329 2152 3384 nuncupare,
2193 3315 2439 3383 exemplo
2489 3323 2545 3369 et
2588 3331 2733 3370 more
2766 3317 3044 3386 Augustini
3070 3336 3082 3371 :
3105 3329 3160 3372 at
3187 3320 3286 3375 iste
3312 3319 3448 3374 liber

160 3413 367 3466 nullius
396 3412 595 3466 nomini
627 3411 909 3481 inscriptus
928 3421 1038 3475 est,
1071 3418 1130 3464 ut
1160 3409 1350 3463 merito
1375 3410 1496 3478 jure
1522 3423 1629 3462 non
1662 3406 1821 3462 modo
1841 3406 2116 3466 catholicis
2149 3407 2250 3460 illis
2275 3406 2582 3461 doctoribus
2625 3407 3004 3477 abjndicandus
3028 3453 3042 3477 ,
3078 3411 3168 3465 sed
3198 3412 3446 3481 scriptori

161 3505 398 3574 cuipiam
430 3515 691 3576 su5pect;e
723 3505 844 3559 fidei
871 3502 1182 3558 tribuendus
1213 3501 1565 3556 existimetur.

2315 3621 3096 3635 _.———___—_.--_——c—-——.—-
3107 3627 3432 3636 __..__————.

1401 3924 1767 3987 SUSPECTI
1827 3923 2218 3986 AUCTORIS

1613 4057 1951 4138 LIBER
1967 4120 1984 4136 .

1501 4227 2125 4300 «fias-3W

235 4351 468 4408 CAPUT
511 4351 790 4408 PRIMUM.
831 4384 898 4393 -—
938 4353 987 4405 l.
1029 4354 1160 4407 Cum
1194 4353 1243 4407 in
1290 4371 1560 4411 sacrarum
1601 4355 1750 4409 volu-

161 4424 404 4497 minibus
433 4422 780 4497 Litteraruth
825 4440 916 4476 seu
950 4423 1241 4478 futurorum
1283 4427 1405 4496 quid
1445 4428 1753 4497 prophetico

161 4495 358 4560 spiritu
392 4494 894 4562 prasnuntiantibus,
936 4510 1026 4547 seu
1073 4494 1459 4562 pr.rteritbruni
1505 4494 1753 4552 historica

162 4569 400 4617 veritate
437 4565 789 4636 iniri-antibus.
831 4581 923 4636 seu
963 4566 1082 4618 vitae
1114 4567 1307 4636 monita
1341 4570 1625 4636 apmtolica
1656 4585 1753 4620 au-

160 4637 419 4688 ctoritate
456 4635 782 4688 tradentibus
803 4677 814 4695 ,
851 4635 1019 4702 aliqua
1051 4637 1208 4688 veluti
1235 4635 1499 4691 diversum
1532 4648 1755 4692 sonante

161 4705 436 4758 sententia
469 4707 545 4757 vel
575 4716 814 4759 movetur
851 4705 1034 4767 lector,
1066 4707 1146 4759 vel
1190 4708 1499 4761 sollicitatur
1525 4709 1752 4773 auditor,

157 4786 315 4829 certa
348 4785 400 4828 et
424 4777 733 4829 inconcussa
765 4775 866 4829 [ide
893 4777 1158 4846 cognitum
1185 4786 1365 4830 tenere
1392 4779 1567 4843 debet,
1602 4781 1756 4831 unius

159 4858 332 4915 atque
364 4845 599 4914 ejusdem
631 4846 863 4913 spiritus,
894 4858 948 4900 et
976 4849 1090 4913 ejus
1116 4859 1308 4916 pr:rter
1339 4846 1495 4916 quem
1522 4850 1645 4903 nihil
1675 4858 1756 4903 est

159 4917 414 4969 veritatis
437 4958 452 4981 ,
481 4917 712 4986 apertius
740 4917 898 4975 alibi.
933 4917 1085 4985 paulo
1123 4920 1379 4972 occultius
1413 4921 1533 4974 alibi
1567 4936 1756 4976 sonare

160 4989 428 5057 mysteria
459 5004 471 5038 :
503 5004 565 5041 ac
606 4987 824 5056 proinde
867 4987 908 5039 si
957 4989 1078 5059 quid
1121 4989 1326 5042 occulta
1374 4991 1756 5059 sigttiliCatiouc

159 5072 521 5125 suspensum,
551 5066 642 5110 aut
683 5072 712 5110 a
757 5057 1122 5111 conseribente
1165 5059 1392 5112 breviter
1425 5057 1754 5125 iudicatum;

159 5130 457 5195 lltilttlSt'lth
485 5144 638 5199 quam
665 5129 874 5199 humani
901 5129 1074 5181 cordis
1097 5130 1342 5182 obtnnsio
1372 5133 1638 5199 paseebat,
1663 5150 1755 5188 tex-

159 5199 406 5266 positum
439 5208 538 5255 est.
566 5197 650 5252 hic
689 5198 912 5251 lucidius
937 5214 1191 5266 apparere
1213 5240 1226 5264 ,
1261 5200 1330 5253 ibi
1367 5197 1522 5256 altius
1553 5203 1714 5258 latere
1738 5244 1752 5265 ,

158 5284 436 5335 nusquam
466 5268 650 5322 deesse
681 5270 887 5322 noverit
908 5271 1202 5323 veritatem.
1227 5270 1374 5337 Quod
1407 5275 1448 5325 si
1480 5273 1637 5327 etiam
1665 5290 1757 5339 pro

158 5339 540 5407 magnitudine
575 5339 667 5400 rei,
698 5340 763 5392 de
803 5355 901 5407 qua
929 5341 1199 5408 qumritur.
1232 5358 1334 5394 non
1374 5341 1522 5397 Eicile
1550 5345 1756 5397 intelle-

155 5421 291 5463 ctus
322 5409 566 5462 sensibus
605 5411 889 5477 qu:rreutis
927 5413 1184 5473 occurrit,
1229 5413 1456 5465 maxime
1498 5415 1538 5467 si
1573 5415 1636 5468 de
1675 5415 1756 5468 in-

156 5480 537 5534 conuiiutahili
567 5481 836 5533 voluntate
858 5483 1233 5549 omnipotentis
1267 5482 1354 5536 Dei
1385 5483 1649 5538 diversum
1674 5500 1760 5537 so-

160 5561 265 5610 net
291 5551 562 5604 canonicze
589 5551 916 5604 auctoritatis
949 5561 1166 5620 utraque
1205 5555 1463 5608 sententia
1493 5574 1504 5607 :
1537 5558 1604 5608 ita
1625 5560 1761 5608 'sunt

158 5621 354 5693 omnia
385 5621 451 5672 ad
483 5621 689 5688 pietatis
716 5623 945 5690 regulam
977 5622 1266 5692 dirigetula,
1298 5636 1352 5677 ttt
1380 5640 1476 5679 nec
1508 5626 1758 5693 injustutn

163 5691 346 5745 Deum
376 5705 512 5754 esse,
548 5707 644 5745 nec
683 5693 867 5745 merita
897 5693 1221 5762 singulorum
1251 5697 1501 5750 enniusa'
1534 5691 1758 5767 quadam

242 5825 260 5856 ³
298 5825 522 5874 Victorini
551 5826 743 5876 codices
760 5827 1001 5886 omittunt,
1023 5829 1237 5891 confusa.

1861 4346 2546 4419 personarumacceptione
2589 4356 2876 4419 taxanteni,
2910 4365 3005 4404 nec
3037 4348 3320 4409 inﬁrmum.
3353 4350 3440 4419 qui

1860 4416 1999 4488 quod
2029 4416 2254 4471 voluerit
2283 4433 2382 4470 non
2417 4418 2637 4472 valuerit
2666 4421 2949 4488 explicare,
2974 4422 3280 4474 inconcussa
3303 4416 3439 4473 deli-

1861 4488 2062 4542 nitione
2092 4496 2349 4542 teneatur.

1931 4555 2154 4612 CAPUT
2195 4557 2257 4610 ll.
2282 4588 2352 4597 —
2371 4557 2424 4613 2.
2459 4557 2568 4629 Sub
2591 4558 2744 4625 hujus
2774 4559 2930 4629 igitur
2953 4557 3438 4628 delinitionisjugo,

1863 4645 1929 4683 ne
1953 4630 2002 4682 in
2033 4629 2343 4696 sacrilegam
2372 4628 2721 4684 temeritatem
2753 4631 2887 4683 male
2927 4629 3084 4682 libera
3116 4630 3249 4682 colla
3281 4630 3436 4683 luxu-

1862 4702 2021 4763 rient,
2045 4698 2352 4766 qua-stiunis
2384 4698 2555 4768 hujus,
2583 4711 2833 4767 quantum
2865 4699 2970 4752 Deo
2997 4699 3227 4753 donante
3249 4715 3440 4769 possu-

1863 4785 2015 4831 mus,
2070 4769 2271 4822 oeculta
2319 4785 2693 4833 memoremus,
2745 4787 2899 4837 quam
2943 4771 3124 4823 beatus
3169 4773 3441 4838 apostolus

1861 4839 2059 4894 Paulus
2087 4839 2309 4892 diversis
2339 4841 2388 4892 in
2425 4839 2574 4904 int-is,
2611 4859 2713 4893 non
2746 4856 2924 4908 parum
2949 4841 3104 4892 etiam
3128 4841 3441 4909 discrepan-

1865 4910 2002 4963 tibus
2033 4911 2204 4963 verbis
2234 4911 2483 4964 studiosis
2527 4913 2768 4979 prepzmit
2815 4911 3224 4972 scrutatorihus,
3257 4913 3440 4981 eisque

1865 4997 1958 5050 per
1999 4981 2163 5049 ipsam
2197 4981 2427 5052 loquitur
2470 4982 2763 5052 veritatem.
2811 4981 3137 5036 Sententiam
3179 4983 3439 5052 siquidem

1831 5049 1915 5109 ,iu
1950 5052 2039 5104 Dei
2080 5049 2278 5120 gratia,
2312 5051 2642 5118 prmccdcnte
2682 5052 2934 5104 latissima
2977 5063 3030 5106 et
3075 5049 3441 5107 robustissima

1864 5121 2218 5188 diSputatione
2245 5121 2534 5174 confectam
2553 5163 2566 5181 ,
2601 5122 2668 5174 ita
2700 5122 3042 5180 concludens.
3068 5125 3162 5187 ait,
3191 5123 3327 5192 Ergo
3354 5139 3443 5174 cu-

1855 5193 1943 5261 jus
1970 5193 2070 5245 vult
2097 5192 2368 5253 miseretur,
2398 5202 2441 5244 et
2472 5209 2614 5263 quem
2645 5194 2745 5263 uult
2772 5193 2974 5245 indurat
3004 5192 3176 5260 (Rom.
3207 5210 3278 5256 Ix,
3313 5193 3399 5263 18)
3427 5211 3440 5245 :

1865 5278 1982 5315 cum
2030 5263 2078 5314 in
2119 5263 2217 5314 alia
2252 5263 2480 5329 Epistula
2526 5262 2591 5316 de
2630 5261 2802 5316 divina
2834 5264 3197 5318 benevolentia
3229 5264 3339 5330 ipse
3367 5261 3443 5317 sic

1864 5331 2038 5393 dicat,
2058 5332 2156 5398 Qui
2177 5334 2277 5384 vult
2308 5333 2719 5387 omnes'liomiues
2738 5334 2829 5388 sai:
2850 5352 2900 5385 os
2928 5335 3059 5400 ﬁeri,
3083 5344 3129 5386 et
3151 5336 3198 5385 in
3222 5334 3446 5402 agnitio-

1864 5419 1976 5455 ucm
2006 5403 2223 5456 veritatis
2253 5403 2416 5456 venire
2442 5403 2482 5467 (1
2511 5401 2644 5456 Tim.
2676 5421 2708 5458 tl
2732 5446 2745 5468 ,
2775 5406 2849 5472 4).
2879 5403 3116 5458 Occurrit
3145 5401 3317 5468 enim,
3350 5418 3448 5456 cur

1865 5482 2082 5540 pereant
2105 5489 2170 5526 ex
2204 5474 2284 5527 his
2309 5474 2502 5542 aliqui,
2547 5490 2665 5528 cum
2697 5477 3035 5542 ()llllliptﬂt'ns
3077 5475 3214 5526 Deus
3257 5491 3444 5526 omnes

1866 5543 2108 5598 homines
2135 5545 2308 5597 salvus
2353 5545 2462 5598 lieri
2496 5546 2620 5599 velit
2642 5586 2657 5607 ,
2697 5555 2749 5598 et
2777 5547 2828 5598 in
2858 5545 3177 5614 agnitionem
3206 5546 3444 5597 veritatis

1865 5615 2046 5668 venire
2094 5633 2106 5666 :
2155 5614 2346 5669 deinde
2391 5631 2484 5668 cur
2526 5632 2708 5670 rursus
2755 5615 2968 5669 iuduret
3011 5616 3165 5680 alios,
3201 5615 3448 5668 misertus

1865 5685 2124 5746 aliorum;
2149 5694 2238 5757 aut
2263 5685 2528 5755 quomodo
2559 5702 2742 5740 omnes
2765 5687 2941 5757 salvos
2975 5684 3088 5757 ﬁeri
3119 5685 3242 5757 velit
3269 5684 3445 5757 lnuui-
3489 5751 3496 5757 _

1869 5771 1997 5820 nes,
2038 5770 2156 5809 cum
2197 5754 2308 5824 ipse
2352 5758 2628 5810 nonnullos
2671 5772 2734 5808 ne
2764 5756 3034 5810 salventur
3078 5755 3305 5808 induret.
3335 5754 3450 5810 Hoc

1867 5835 2119 5896 quantum
2147 5826 2210 5880 ad
2237 5827 2514 5881 humanam
2533 5826 2788 5896 justitiam
2811 5825 3021 5882 videtur
3043 5826 3315 5897 injustam.
3339 5824 3448 5880 Sed
