4006 6490
515 341 649 398 ΙἹΗ

516 459 570 513 in
603 467 672 519 te,
721 455 964 526 inquam;
1016 469 1236 526 prorsus
1271 453 1412 526 enim
1459 451 1750 526 sacerdatis
1786 452 2097 526 gravitatem

515 523 834 586 condemnat
870 523 1072 581 tantum
1103 525 1250 580 nefas
1281 527 1332 578 in
1364 523 1603 580 Ecclesia
1648 523 1811 578 fuisse
1856 523 2098 592 comple-

517 610 648 655 tum.
687 596 783 654 Ubi
810 597 1140 664 provisiones
1173 596 1312 650 tuae?
1355 595 1443 649 ubi
1488 604 1653 664 certe,
1686 593 1730 647 si
1772 608 1930 648 casus
1971 609 2102 664 eve-

518 679 727 731 nerant,
759 662 954 722 auxilia
991 668 1073 721 vel
1117 665 1544 722 consolationes?
1587 662 1718 718 Cum
1750 665 1869 734 plus
1917 679 1978 719 se
2003 663 2102 718 ad-

517 741 624 795 huc
662 748 899 795 metuere
928 737 1126 802 dicant,
1165 753 1325 806 quam
1367 744 1771 806 conqueruntur
1811 749 1932 806 esse
1979 751 2101 804 per-

518 825 724 883 pessas.
758 809 933 883 Altius
957 805 1256 883 censerem,
1289 809 1333 864 si
1357 814 1543 883 _e_s_s_ent
1565 805 1777 883 aliquid
1803 805 1880 883 de_
1910 805 2022 883 hac
2045 820 2104 860 re

521 875 728 936 iuecum
770 881 1004 951 apertius
1031 879 1327 951 colloculzc.
1357 877 1491 930 Vide
1513 917 1538 951 ,_
1560 876 1740 951 frater,
1773 877 1975 951 antiqui
2008 875 2106 930 ho-

519 953 618 1007 stis
643 946 890 1013 insidias;
919 959 973 1005 et
993 949 1178 1018 spiritu
1201 949 1323 1004 boni
1347 948 1572 1003 rectoris
1597 948 1868 1016 pet-vigila,
1890 946 2100 1012 uthzec,

559 1039 639 1076 u:e
665 1021 729 1075 ad
762 1035 861 1076 nos
886 1022 1137 1092 Opinione
1157 1021 1350 1092 magis
1374 1034 1531 1089 quam
1558 1018 1906 1092 accusatione
1932 1018 2103 1072 mani-

559 1039 639 1076 ιιιε
665 1038 729 1075 au
762 1038 861 1076 "05
886 1038 1137 1092 οριιιιοιιθ
1177 1038 1340 1087 ιιιιιςις
1374 1038 1531 1089 quam
1558 1038 1896 1071 ειρρυδίιιιυιιε
1932 1038 2102 1072 niam-

518 1038 652 1148 ilesta
700 1092 872 1147 delata
903 1099 1046 1156 sinit,
1089 1090 1171 1144 vel
1217 1090 1566 1159 corrigantur,
1610 1088 1694 1142 vel
1723 1088 2102 1151 retundantur;

524 1179 594 1218 ne
618 1163 704 1232 jus
742 1163 1165 1232 ecclesiasticum
1189 1161 1254 1214 de
1285 1161 1612 1232 labefactans
1637 1159 1814 1214 causis
1861 1175 1983 1214 eum
2013 1159 2104 1230 qui

522 1231 631 1290 non
659 1231 958 1301 defenderit
989 1273 1005 1294 ,
1040 1242 1292 1301 praestare.
1319 1231 1624 1301 compellat.

881 1300 1048 1364 Idem,
1089 1301 1398 1371 Hieronymo
1438 1300 1743 1370 presbytero.

596 1373 872 1443 Nunquam
929 1373 1051 1426 boni
1103 1369 1299 1442 aliquid
1360 1369 1753 1443 contentionem
1809 1369 1998 1432 fecisse
2054 1369 2105 1424 iu

523 1441 763 1500 Ecclesia
818 1453 1040 1497 testatur
1095 1444 1380 1508 Apostolus
1418 1460 1430 1494 :
1475 1452 1525 1495 et
1576 1441 1694 1493 ideo
1737 1442 2105 1494 luereticorum

523 1515 888 1585 c0rreptioncs
920 1515 1146 1585 primum
1185 1514 1294 1585 lieri
1323 1514 1472 1579 jubet
1503 1510 1628 1585 (Tit.
1657 1527 1733 1577 nl,
1761 1509 1817 1585 9,
1851 1511 1958 1585 l_0),
1993 1526 2104 1564 ma-

524 1583 713 1655 gisque
743 1585 987 1638 diuturna
1009 1584 1126 1638 duci
1149 1584 1452 1636 collatione.
1497 1584 1626 1655 Qua:
1654 1583 1830 1650 regula
1862 1583 1987 1655 dum
2015 1597 2107 1635 ne-

525 1652 785 1726 gligenter
815 1656 1087 1726 aspicitur,
1123 1655 1316 1726 malum
1351 1667 1452 1705 n0n
1482 1654 1696 1726 vitatur,
1744 1652 1883 1726 quod
1913 1666 2107 1726 caven-

525 1722 652 1781 dum
677 1736 795 1789 est;
829 1725 922 1778 sed
954 1735 1199 1794 augetur.
1247 1724 1444 1794 'l'amen
1475 1723 1724 1791 quoniam
1753 1723 1909 1777 dolor
1935 1722 2106 1791 gemi—

529 1805 718 1863 tuSque
761 1808 878 1850 tuus
924 1797 993 1848 ita
1018 1793 1188 1865 quatit
1231 1793 1430 1848 viscera
1473 1801 1674 1856 nostra,
1722 1802 1779 1845 ut
1827 1794 1960 1846 ratio
2001 1807 2108 1846 non

528 1865 786 1922 tractandi
813 1865 1229 1933 consulendique
1256 1865 1352 1925 sit;
1404 1865 1629 1932 primum
1659 1865 1971 1918 Constantia:
2003 1872 2108 1917 tute

526 1939 767 2006 alloquor
796 1935 972 1990 fidem.
1016 1936 1118 1990 Pro
1149 1937 1370 1988 veritate
1394 1933 1620 2003 quisque
1659 1934 1871 2006 injuria,
1911 1942 2021 2006 aut,
2053 1941 2109 1986 ut

525 2005 681 2071 dicis,
704 2009 936 2077 periculo
948 2006 1288 2076 percelletur,
1307 2021 1394 2074 qm
1412 2013 1684 2077 exspectat
1704 2005 2103 2077 beatitudinem,

528 2074 717 2132 multis
755 2092 898 2144 sa-pe
951 2074 1225 2138 narrastis,
1271 2086 1326 2130 et
1361 2085 1462 2130 tua:
1499 2075 1674 2128 verbis
1719 2074 2109 2143 przedicationis

525 2147 664 2204 bene
705 2163 992 2202 memorem
1020 2161 1442 2201 commonemus.
1497 2145 1676 2212 Itaque
1719 2145 1933 2197 excitati
1965 2154 2106 2198 tanta

529 2220 790 2273 malormn
813 2234 994 2282 scena,
1037 2220 1274 2286 arripere
1300 2217 1670 2286 auctoritatem
1713 2213 1867 2286 Sedis
1894 2225 2109 2282 aposto-

529 2290 642 2344 lica:
688 2290 754 2342 ad
801 2304 960 2343 omne
1005 2284 1462 2356 comprimendum
1499 2285 1648 2340 nefas
1704 2284 2105 2340 festinavimus:

526 2361 622 2416 sed
669 2359 720 2413 in
749 2375 905 2429 quem
937 2361 1354 2429 insui-geremus,
1405 2372 1512 2429 nec
1534 2356 1748 2410 nomine
1788 2356 2107 2429 appellatum

531 2426 784 2500 legimus,
824 2445 922 2484 nec
948 2426 1188 2500 criminis
1209 2428 1386 2500 aliqua
1419 2427 1625 2500 ratione
1655 2437 1910 2500 laxatum.
1957 2426 2108 2491 Quod

528 2496 657 2569 ergo
705 2514 1007 2568 possumus,
1055 2496 1423 2569 condolemus.
1475 2498 1530 2550 Si
1579 2496 1891 2569 deposueris
1931 2507 2106 2552 antem

527 2567 764 2638 aperiam
796 2569 1236 2636 niauifestamque
1277 2569 1326 2621 in
1382 2567 1626 2622 homines
1653 2568 1859 2636 aliquos
1885 2581 2108 2620 accusa-

533 2642 749 2702 tionem,
781 2654 870 2693 aut
900 2639 1105 2708 judiccs
1134 2647 1498 2708 competentes
1525 2639 1749 2690 tribuam
1773 2654 1787 2702 ;
1828 2647 1918 2690 aut
1938 2639 1981 2690 si
2009 2640 2109 2690 ali-

535 2712 658 2780 quid
692 2712 964 2778 nrgentins
989 2710 1372 2780 sollicitiusque
1397 2726 1425 2760 ιι
1457 2709 1607 2762 nobis
1635 2708 1747 2762 fieri
1779 2719 1980 2780 potest,
2004 2724 2108 2780 non

528 2778 810 2835 retardabo
840 2821 853 2842 ,
905 2781 976 2832 Iili
1028 2779 1411 2834 dilectissime:
1443 2789 1620 2833 tamen
1645 2780 1898 2848 episcopo
1959 2778 2109 2832 fratri

529 2867 650 2905 meo
677 2851 868 2905 Joanni
896 2851 1106 2919 scripsi,
1141 2859 1196 2904 ut
1232 2849 1668 2915 circumspectius
1707 2858 1846 2918 agat,
1876 2864 1952 2919 ne
1983 2848 2110 2918 quid

526 2923 666 2976 circa
699 2921 988 2976 Ecclesiam
1008 2917 1116 2975 _sibi
1141 2921 1396 2975 creditam
1423 2919 1595 2974 adhuc
1623 2919 1727 2972 tale
1752 2917 1956 2988 aliquid
1998 2917 2108 2984 liat,

526 2993 683 3061 quale
721 2992 1013 3062 praevidere
1039 2991 1429 3062 ettpropellere
1482 3006 1548 3043 ne
1568 2988 1859 3062 accideret,
1909 2989 1988 3043 vel
2043 3005 2111 3044 ne

525 3060 750 3130 accidat,
783 3063 942 3117 etiam
970 3062 1068 3131 ipsi
1097 3061 1155 3116 fit
1177 3070 1232 3116 et
1259 3070 1440 3131 postea
1475 3060 1930 3114 molestissimum.

860 3151 1106 3207 SYNODI
1143 3149 1762 3216 CAliTllAGlNENSlS,

525 3261 730 3301 CONTRA
779 3261 984 3300 PELAGII
1039 3261 1101 3300 AC
1149 3260 1409 3300 εωιεδτιι
1459 3258 1697 3299 ειιιιοιιεε
1738 3258 1804 3298 ΑΒ
1848 3257 2112 3299 εριεεοιηε

595 3332 722 3372 Ριυς
765 3331 1062 3371 8ΕΧΑΟΙΝΤΔ
1111 3331 1317 3378 Νονειι,
1367 3329 1630 3379 Αυιιειιο,
1674 3330 1927 3376 NUIIDIO,
1963 3330 2109 3377 ετοη

594 3403 950 3524 catenata?!)
975 3402 1223 3441 EPISTOLA
1271 3402 1336 3439 Ito
1371 3400 1723 3440 Ixuocctvrwn
1769 3386 1843 3456 (a)
1891 3400 2110 3440 SCRIPTA

597 3475 735 3513 anno
849 3458 865 3473 ‘
959 3467 997 3526 ).

597 3475 735 3513 ANNO
763 3475 868 3512 410
898 3475 997 3513 ιο).

597 3550 650 3602 l.
680 3545 811 3601 Cum
839 3564 902 3601 ex
928 3562 1074 3600 more
1099 3547 1164 3599 ad
1193 3546 1664 3614 Carthagincnsem
1694 3546 1988 3600 Ecclesiam
2016 3563 2108 3601 so-

527 3619 776 3674 lemniter
807 3618 1156 3680 venissemus,
1201 3627 1356 3685 atque
1400 3633 1464 3669 ex
1505 3617 1728 3670 diversis
1758 3617 1935 3670 causis
1977 3633 2110 3670 con-

525 3700 737 3759 gregata
778 3705 841 3743 ex
888 3688 1038 3742 nobis
1078 3686 1312 3756 synodus
1358 3687 1658 3749 haberetur,
1709 3687 2114 3759 compresbyter

527 3758 710 3814 noster
750 3760 970 3814 Orosius
1015 3759 1168 3812 nobis
1197 3759 1404 3812 litteras
1443 3768 1746 3811 sanctorum
1796 3758 2017 3812 fratrum
2059 3769 2114 3812 et

527 3833 974 3885 consacertlotmn
1013 3839 1311 3882 nostrorum
1335 3827 1503 3893 dedit,
1553 3829 1762 3881 llerotis
1795 3841 1843 3881 et
1902 3829 2108 3893 Lazari,

525 3917 746 3972 quarum
767 3902 988 3972 formant
1014 3900 1093 3972 his
1115 3900 1484 3972 constituimus
1504 3914 1622 3972 esse
1647 3898 1991 3952 sululendam.
2023 3900 2112 3972 llis

525 3969 653 4040 ergo
705 3973 851 4024 lectis
897 3969 1168 4037 Pelagium
1214 3969 1620 4040 ettCtelestium
1671 3979 1919 4023 auctores
1963 3971 2112 4040 argui

524 4039 710 4095 nelarii
743 4055 960 4108 prorsus
986 4049 1040 4091 et
1062 4040 1130 4092 ab
1149 4039 1397 4092 omnibus
1439 4039 1593 4093 nobis
1624 4040 1998 4094 anatlleniaodi
2029 4039 2113 4093 er-

527 4111 663 4165 roris
694 4111 1038 4164 :u‘lvertimus.
1075 4109 1222 4164 Unde
1254 4111 1446 4162 factum
1475 4119 1576 4169 est,
1620 4120 1674 4162 ut
1723 4111 2110 4164 recensendum

530 4192 854 4248 peteremus,
883 4180 1007 4249 quid
1036 4187 1158 4232 ante
1176 4179 1779 4249 fermequinquennium
1803 4195 1962 4247 super
1985 4179 2111 4236 Cm-

527 4251 663 4305 lestii
693 4248 910 4304 nomine
949 4249 1032 4303 hic
1059 4249 1198 4316 apud
1223 4248 1597 4317 Carthaginem
1637 4250 1794 4302 fuerit
1835 4251 2106 4314 agitatum.

525 4323 642 4387 Quo
666 4323 905 4380 recitato,
939 4320 1077 4373 sicut
1103 4335 1166 4372 ex
1190 4319 1413 4372 subditis
1441 4318 1720 4371 advertere
1750 4321 1942 4386 poterit
1967 4321 2106 4375 San-

524 4395 680 4448 ctitas
727 4404 834 4456 tua,
863 4390 1104 4460 quamvis
1123 4399 1178 4443 et
1216 4389 1474 4460 judicatio
1511 4388 1787 4442 manifesta
1818 4399 2108 4460 constaret,

526 4479 628 4532 qua
657 4464 746 4517 illo
773 4460 1328 4532 temporeepiscopali
1358 4459 1564 4532 judicio
1597 4460 1831 4532 excisum
1863 4459 1963 4532 hoc
2000 4473 2113 4514 tau-

530 4529 639 4588 t'um
672 4535 858 4588 vulnus
884 4529 952 4585 ab
999 4529 1237 4586 Ecclesia
1285 4531 1554 4584 videretur
1587 4548 1600 4582 :
1633 4529 1979 4586 nihilominus
2030 4540 2112 4584 ta-

527 4620 649 4658 men
680 4605 729 4657 id
747 4602 1014 4658 Communi
1033 4602 1416 4656 deliberatiOne
1439 4602 1748 4655 censuimus
1766 4641 1779 4662 ,
1810 4599 2109 4668 hujusmodi

526 4676 1193 4757 persuasionisauctores,
1226 4671 1468 4752 quamvis
1514 4681 1568 4726 et
1614 4671 1679 4757 ad
1725 4671 2109 4757 presliyteriitiii

526 4742 664 4800 idem
694 4745 977 4800 Caelestius
1018 4753 1196 4810 postea
1252 4744 1559 4810 pervenisse
1602 4742 1826 4805 dicatur,
1861 4744 1956 4796 nisi
1995 4742 2111 4797 hmc

525 4814 859 4884 apertissime
897 4814 1376 4877 auatbemaveriut,
1427 4815 1568 4880 ipsos
1590 4812 1917 4866 anathemari
1941 4827 2108 4882 opor-

529 4897 676 4950 tere;
710 4899 764 4938 ut
791 4887 832 4938 si
859 4885 1092 4954 ipsorum
1125 4900 1228 4938 non
1260 4885 1517 4953 potuerit,
1571 4884 1760 4938 saltem
1789 4897 1975 4937 eorum
2018 4885 2109 4953 qui

605 5035 658 5099 ᾳ)
691 5035 836 5099 Epist.
857 5035 953 5099 _l_7_5
971 5035 1106 5099 inter
1116 5034 1508 5099 augustinianas.

607 5093 657 5158 ὁ)
692 5093 823 5146 Αἱιιιο
843 5095 936 5146 Αίϐ
958 5093 1242 5146 adscribitur
1266 5097 1370 5145 haec
1397 5093 1622 5158 synodus,
1647 5099 1750 5158 tum
1779 5095 1892 5157 quia
1919 5094 2113 5144 Orosius

521 5156 798 5222 presbyter,
824 5171 911 5220 per
933 5171 1082 5222 quem
1107 5159 1343 5222 episcopis
1361 5156 1646 5222 Carthagine
1668 5156 1728 5222 ad
1762 5156 1869 5222 eam
1907 5169 2112 5218 congre-

521 5217 650 5291 gatis
674 5217 857 5291 litterze
875 5217 1068 5291 ueiptis
1087 5217 1312 5290 et't_.aza'ri
1335 5217 1770 5291 matraneelagium
1787 5217 1949 5291 allatae
1975 5217 2108 5291 sunt,

518 5279 668 5351 rediit
689 5295 751 5351 ei:
785 5280 1147 5351 Palaestina'boc
1170 5281 1276 5351 ipso
1296 5292 1422 5351 anno
1444 5279 1569 5351 416,_
1593 5291 1745 5351 verna
1773 5284 2107 5351 tempestate;

447 5345 466 5357 ⁸
521 5341 624 5393 tum
656 5347 766 5407 quia
806 5342 1090 5407 tnnoee_ntii_
1107 5339 1327 5407 epistola.
1350 5340 1409 5388 ad
1433 5341 1664 5407 eamdem
1683 5339 2108 5407 Carthaginiensem

519 5400 755 5469 synodum
777 5400 1469 5469 respondentistonsignatur
1491 5411 1632 5469 sexto
1653 5400 1884 5469 kalendas
1921 5400 2109 5469 februa:

518 5464 1090 5538 ri.is,_iost_consnlatutn
1115 5464 1385 5538 .ti-eodosii
1426 5467 1620 5537 augusti
1659 5465 1861 5538 septies,
1899 5471 1951 5536 et
1981 5465 2107 5534 Junii

520 5524 680 5586 Quarti
707 5530 792 5577 viri
812 5527 1087 5587 clarissimi;
1113 5525 1160 5574 id
1184 5533 1276 5581 est,
1301 5524 1382 5573 die
1407 5524 1638 5587 vigesimo
1661 5524 1868 5586 septimo
1901 5526 2105 5588 jannarii

521 5590 773 5647 anuiJl7.
813 5589 879 5636 Ad
909 5590 1039 5638 idem
1069 5595 1262 5650 tempus
1279 5587 1563 5636 revocanda:
1599 5587 1963 5649 subsequentes
2001 5588 2106 5647 eii-

519 5650 660 5701 stolm
683 5650 848 5713 synodi
871 5649 1250 5713 Milevitanaet
1277 5650 1494 5713 quinque
1510 5649 1840 5713 episcoporum
1864 5661 2106 5713 percum-

518 5714 634 5760 dem
651 5709 940 5772 perlatorem
953 5711 1130 5761 Julium
1149 5709 1429 5774 episcopum
1439 5709 1580 5758 simul
1596 5709 2100 5768 Innocentio'redditze,

518 5775 698 5836 quibus
724 5776 840 5836 ipse
873 5773 1372 5836 Innocentius’etxlem
1403 5773 1748 5836 die-trigesimo
1789 5775 1995 5836 septimo
2025 5775 2100 5836 ja-

521 5834 676 5892 τωρωι
705 5834 820 5884 dicti
841 5836 952 5884 anni
976 5834 1084 5896 417,
1111 5846 1396 5899 reaponsum
1417 5834 1567 5885 dedit.

1648 336 2047 394 APPENDICIS
2084 335 2260 394 PARS
2295 334 2632 392 SECUNDA.

3653 335 3792 392 1712

2207 453 2275 508 ab
2303 453 2384 507 eis
2411 451 2621 521 decepti
2649 460 2791 518 sunt,
2834 450 2921 506 vel
2946 449 3119 520 decipi
3146 460 3385 521 possunt,
3412 452 3624 522 cognita
3665 469 3790 511 sen-

2209 526 2370 579 tentia
2401 541 2519 593 qtae
2543 526 2594 578 in
2619 539 2712 578 eos
2734 524 2834 576 lata
2863 522 3208 594 est,sanitas
3237 533 3571 594 procuretur.

2279 597 2332 650 2.
2364 595 2473 649 lloc
2503 605 2680 663 Itaque
2703 602 2932 664 gestum,
2960 593 3175 647 domine
3202 594 3386 655 frater,
3423 605 3622 650 sancta:
3647 595 3790 651 Cha-

2210 667 2352 722 ritati
2397 677 2500 720 tua:
2553 664 2899 720 intimandum
2934 665 3200 726 duximus,
3249 675 3306 718 ut
3348 667 3558 720 statutis
3595 678 3795 724 nostra;

2210 737 2591 793 mediocritatis
2619 738 2781 790 etiam
2816 735 3121 804 apostolica:
3157 735 3310 789 Sedis
3352 737 3668 792 adhibeatur
3695 755 3796 792 au-

2209 812 2449 868 ctoritas.
2484 824 2578 875 pro
2601 807 2791 861 tuenda
2818 807 2988 860 salute
3014 806 3325 870 multorum,
3356 817 3409 860 et
3435 810 3794 877 quorumdam

2211 880 2561 950 perversitate
2601 879 2759 950 etiam
2804 877 3136 950 corrigenda.
3181 877 3246 950 ω
3304 877 3446 931 enim
3495 888 3661 949 agunt
3709 881 3798 934 isti

2210 948 2601 1005 dainnabilibus
2639 948 3082 1018 disputationibus
3109 948 3241 1011 suis,
3271 960 3326 1000 ut
3368 966 3472 1001 non
3500 948 3797 1006 defenden-

2210 1022 2302 1086 do,
2332 1021 2426 1076 sed
2461 1022 2634 1089 potius
2673 1021 2724 1073 in
2771 1019 3074 1088 superbiam
3126 1018 3439 1089 sacrilegam
3483 1021 3798 1077 extollendo

2211 1093 2434 1146 liberum
2465 1091 2766 1161 arbitrium,
2801 1089 3000 1143 nullmn
3042 1089 3343 1161 relinquant
3389 1092 3562 1145 locum
3608 1093 3795 1161 gratize

2214 1163 2330 1227 Dei,
2363 1178 2463 1232 qna
2487 1160 2771 1215 Christiani
2801 1175 3147 1232 sumus,_uqua
3170 1169 3224 1213 et
3253 1160 3426 1232 ipsum
3475 1160 3674 1216 nostra:
3702 1178 3798 1218 vo-

2211 1229 2429 1289 luntatis
2454 1232 2729 1285 arbitrium
2757 1246 2880 1284 vere
2914 1230 2972 1284 fit
3002 1229 3250 1292 liberum,
3286 1231 3412 1285 dum
3444 1247 3473 1285 a
3498 1233 3797 1288 carnalium

2209 1303 2761 1372 concupiscentiarnm
2813 1301 3174 1355 dominatione
3215 1301 3487 1365 liberatur,
3514 1312 3621 1358 etc.
3668 1302 3801 1360 Cre-

2210 1374 2358 1430 brius
2381 1389 2476 1428 eos
2503 1376 2728 1442 patimur
2763 1373 2814 1425 in
2845 1387 2973 1436 nos,
3007 1383 3059 1425 et
3087 1372 3340 1443 audacius
3362 1375 3717 1443 insurgentes.

2283 1449 2334 1500 3.
2367 1446 2420 1500 Si
2460 1460 2588 1513 ergo
2635 1444 2876 1515 Pelagius
2917 1442 3308 1515 episcopalibus
3355 1442 3540 1515 gestis,
3585 1461 3707 1515 qua:
3738 1446 3793 1500 in

2210 1514 2432 1571 Oriente
2479 1515 2718 1568 confecta
2768 1513 3034 1578 dicuntur,
3088 1514 3246 1568 etiam
3301 1522 3404 1568 tua:
3461 1513 3802 1572 Venerationi

2205 1587 2349 1656 juste
2373 1587 2518 1640 visus
2546 1585 2703 1639 fuerit
2744 1585 3048 1647 absolutus;
3086 1599 3239 1637 error
3258 1593 3438 1656 tamen
3462 1585 3574 1654 ipse
3603 1596 3661 1640 et
3691 1588 3800 1640 im-

2216 1655 2406 1726 pietas,
2435 1673 2554 1725 quze
2579 1656 2687 1725 jam
2719 1656 3226 1726 multosassertores
3255 1655 3431 1720 habet,
3474 1671 3566 1724 per
3584 1656 3802 1712 diversa

2212 1725 2507 1797 dispersos,
2537 1727 2698 1781 etiam
2729 1725 3045 1780 auctoritate
3070 1726 3377 1795 apostolica:
3396 1727 3548 1782 Sedis
3569 1728 3802 1784 anathe-

2212 1799 2405 1852 manila
2435 1807 2538 1862 est,
2571 1807 2674 1852 etc.

2282 1869 2335 1923 4.
2362 1869 2614 1938 Parvulos
2639 1868 2820 1933 etiam,
2855 1875 3074 1938 propter
3097 1866 3322 1921 salutem
3351 1881 3470 1936 qure
3496 1883 3589 1938 per
3603 1869 3802 1930 salva-

2213 1949 2382 1994 torem
2409 1937 2678 1993 Christum
2708 1938 2882 2000 datur,
2908 1937 3250 2007 baptizandos
3276 1937 3579 2006 negant,ac
3600 1940 3679 1993 sic
3703 1955 3804 1994 eos

2213 2011 2488 2065 mortifera
2516 2012 2610 2063 ista
2639 2009 2877 2062 doctrina
2909 2009 2960 2062 in
2981 2020 3239 2063 internum
3257 2015 3467 2072 necint,
3493 2018 3595 2063 etc.
3616 2011 3806 2075 Quan-

2211 2096 2367 2150 quam
2397 2097 2491 2151 per
2523 2083 2846 2148 Baptismum
2881 2078 3074 2151 Christi
3099 2080 3256 2151 etiam
3298 2081 3630 2151 parvulorum
3682 2082 3802 2134 lieri

2213 2147 2658 2220 redemptionem,
2693 2151 2872 2203 libello
2888 2165 2985 2203 suo
3002 2150 3286 2220 leestius
3313 2151 3362 2202 in
3384 2147 3800 2220 Carthaginensi

2218 2219 2450 2277 Ecclesia
2474 2224 2581 2290 jam
2608 2221 2884 2276 confessus
2903 2230 3016 2273 est:
3041 2219 3136 2273 sed
3159 2220 3308 2290 mulli
3339 2222 3427 2289 qui
3458 2219 3644 2274 eoruin
3674 2237 3804 2290 per-

2217 2289 2614 2347 hibentur'esse
2645 2294 2725 2346 vel
2755 2290 2919 2344 fuisse
2947 2291 3211 2361 discipuli,
3264 2289 3378 2343 [nec
3413 2291 3571 2353 mala,
3603 2293 3806 2358 quibus

2215 2361 2556 2418 fundamenta
2591 2364 2894 2416 christiana:
2928 2361 3046 2414 fidei
3080 2369 3321 2415 evertere
3343 2369 3622 2427 conantur,
3664 2379 3805 2431 qua-

2213 2447 2440 2504 cumque
2469 2444 2704 2503 possunt,
2747 2432 3016 2504 aflirmare
3044 2447 3167 2504 non_
3175 2441 3403 2504 cessant.

2287 2501 2369 2559 5f
2396 2501 2547 2560 Un—de
2591 2505 2797 2559 etiamsi
2853 2503 3096 2571 Pelagius
3129 2501 3515 2571 C(Blcstiusque
3564 2504 3807 2559 correcti

2215 2585 2358 2639 sunt,
2394 2576 2478 2629 vel
2520 2592 2578 2630 se
2609 2576 2707 2628 ista
2739 2588 3004 2643 nunquam
3034 2573 3267 2626 sensisse
3291 2572 3498 2643 dicunt,
3543 2581 3598 2626 et
3641 2588 3801 2643 quae-

2214 2662 2442 2716 cumque
2465 2647 2656 2715 scripta
2683 2642 2876 2699 contra
2893 2659 2988 2716 eos
3031 2645 3237 2716 prolata
3283 2642 3620 2716 fueri_nt_sua
3665 2642 3803 2699 esse

2217 2711 2430 2786 negant,
2459 2731 2559 2772 nec
2574 2711 2658 2770 est
2692 2713 3135 2786 quemadmodum
3165 2711 3233 2766 de
3270 2713 3544 2786 mendacio
3571 2715 3810 2769 convin-

2215 2783 2404 2842 Cantur
2434 2806 2445 2839 :
2475 2783 2794 2857 generaliter
2819 2795 2992 2839 tamen
3021 2784 3341 2907 quieuit-que
3368 2783 3690 2854 dogmatizat
3744 2795 3804 2838 et

2215 2858 2479 2907 aflirmat.
2535 2859 2817 2907 humanam
2858 2855 2958 2907 sibi
2993 2870 3020 2907 a
3093 2853 3305 2907 vitanda
3348 2863 3560 2907 peccata
3595 2864 3650 2907 et
3706 2855 3804 2907 Dei

2215 2858 2445 2911 aflirmat
2467 2853 2501 2917 ,⁷
2535 2859 2817 2909 humanam
2858 2855 2958 2909 sibi
2993 2853 3058 2907 ad
3093 2853 3305 2908 vitanda
3348 2853 3560 2921 peccata
3595 2864 3650 2908 et
3706 2855 3809 2911 Dei

2217 2929 2464 2982 numdata
2483 2927 2722 2982 facienda
2744 2925 2990 2980 suflicere
3014 2939 3172 2993 posse
3196 2933 3458 2990 naturam,
3481 2933 3536 2979 et
3556 2940 3621 2977 eo
3637 2927 3809 2980 modo

2215 3001 2399 3065 gratia:
2444 2999 2556 3063 Dei,
2609 3013 2729 3067 qua:
2778 3006 3100 3067 sanctorum
3129 2993 3428 3049 evidentius
3461 2995 3805 3051 orationibus

2215 3070 2537 3133 declaratur,
2569 3066 2904 3121 adversarius
2933 3066 3236 3128 invenitur;
3266 3073 3320 3118 et
3345 3067 3672 3134 quicumque
3703 3081 3810 3122 ne-

2215 3151 2302 3208 gat
2335 3141 2701 3210 parvulosper
2739 3137 3066 3210 Baptismum
3095 3136 3293 3210 (lliristi
3329 3149 3360 3188 a
3390 3136 3684 3210 perditione
3736 3137 3809 3190 li-

2218 3206 2413 3277 berari,
2441 3220 2494 3264 et
2522 3206 2748 3263 salutem
2770 3208 3042 3278 percipere
3076 3207 3474 3274 sempiternam,
3513 3206 3807 3262 anathema

2217 3295 2306 3336 Sll.

2641 3368 2885 3426 SYNODI
2923 3366 3380 3434 MILEVITANAS,

2217 3479 2426 3519 CONTRA
2456 3478 2670 3517 EAIDEI
2699 3477 2902 3516 PELAGII
2934 3475 3002 3515 ΒΤ
3039 3475 3301 3515 οαειιςετιι
3333 3474 3576 3514 πεκεειι
3619 3475 3806 3516 EODE-

2288 3550 2424 3590 aano
2462 3536 2564 3587 416
2607 3548 2843 3595 ΠΑΒΙΤΑΞ,
2874 3549 2905 3585 Α
2934 3546 3224 3586 εειιιοιητλ
3267 3545 3335 3583 ΕΤ
3376 3544 3476 3584 uno
3505 3544 3807 3596 BPISCOPIS,

2288 3620 2527 3745 ειινΑιιῖ,
2539 3617 2872 3746 )VALENTINO,
2903 3616 3048 3665 Ετοα,
3074 3615 3325 3655 εριδτοιοι
3354 3615 3422 3654 ΑΙ)
3448 3615 3808 3657 ΙΝΝΟΩεΝΤΙυΙ

2288 3691 2458 3730 PAPAI
2506 3693 2535 3726 α
2571 3719 2578 3726 .

2289 3770 2340 3824 1.
2380 3769 2511 3836 Quia
2553 3778 2602 3821 te
2643 3765 2894 3818 Dominus
2929 3763 3111 3836 gratia:
3139 3779 3250 3836 sum
3281 3763 3546 3834 praecipuo
3573 3779 3812 3822 munem

2219 3841 2270 3894 in
2297 3835 2436 3895 Sede
2465 3837 2752 3907 apostolica
2792 3835 3069 3907 collocarit
3087 3874 3112 3907 ,ν
3134 3835 3398 3907 talemque
3438 3836 3634 3888 nostris
3660 3844 3811 3907 tem-

2218 3912 2434 3980 poribus
2461 3905 2724 3980 praestitit,
2755 3916 2819 3980 ut_
2837 3906 2988 3959 nobis
3013 3906 3185 3980 potius
3209 3905 3272 3958 ad
3287 3905 3506 3980 culpam
3535 3905 3811 3974 negligen-

2219 3975 2306 4035 tia:
2349 3975 2549 4043 valeat,
2597 3979 2641 4031 si
2683 3976 2822 4042 apud
2868 3986 3008 4030 tuam
3057 3975 3488 4039 Vener-aliouem,
3535 3991 3658 4044 quae
3701 3991 3811 4044 pro

2219 4053 2456 4106 Ecclesia
2498 4046 2826 4118 suggerenda
2866 4055 3008 4118 sunt,
3040 4045 3388 4118 tacuerimus,
3430 4059 3586 4114 quam
3631 4061 3692 4100 ea
3749 4057 3807 4102 tu

2219 4124 2390 4189 possis
2414 4121 2492 4174 vel
2522 4116 2793 4172 fastidiose
2823 4117 2905 4170 vel
2933 4116 3556 4189 negligenti-raceipere;
3588 4119 3810 4189 magnis

2216 4186 2311 4263 per
2332 4193 2462 4263 culis
2492 4192 2817 4243 inlirmormn
2850 4189 3208 4263 membrorum
3239 4186 3433 4263 tiliristi
3468 4187 3806 4254 pastoralem

2217 4256 2567 4331 diligentiam,
2597 4273 2919 4331 quaesumus,
2948 4257 3202 4331 adhibere
3221 4256 3477 4331 digneris.

2286 4327 2336 4386 Ξῖ
2383 4332 2525 4386 Nova
2552 4333 2748 4398 quippe
2780 4329 2999 4381 haeresis
3027 4337 3078 4380 et
3109 4327 3326 4398 nimium
3358 4327 3651 4390 perniciosa
3681 4337 3810 4384 ten-

2217 4412 2292 4457 tat
2320 4397 2597 4471 assurgere
2629 4397 2958 4471 inimicormu
2985 4397 3414 4471 gratizetjhristi,
3447 4407 3552 4452 etc.
3785 4424 3788 4426 η

2287 4475 2339 4528 5.
2375 4467 2538 4536 llujus
2560 4480 2734 4525 autem
2761 4469 3070 4538 perniciosis
3101 4467 3192 4521 imi
3213 4468 3408 4521 errori».
3434 4478 3680 4522 auctores
3709 4486 3810 4524 es-

2216 4559 2274 4598 se
2303 4544 2646 4613 perhibcntnr
2672 4541 2910 4613 Pelagius
2938 4548 2993 4592 et
3010 4539 3311 4613 Caelestius,
3341 4554 3475 4606 quos
3497 4540 3716 4613 quidem
3750 4542 3806 4613 in

2218 4609 2455 4668 Ecclesia
2485 4613 2659 4667 sanari
2691 4609 2952 4664 malumus
2973 4649 2990 4674 ,
3021 4624 3178 4678 quam
3209 4611 3485 4678 desperata
3525 4611 3700 4664 salute
3735 4611 3809 4666 ab

2216 4684 2454 4740 Ecclesia
2483 4680 2731 4744 resecari,
2763 4679 2809 4732 si
2837 4689 3123 4734 necessitas
3147 4680 3287 4732 nulla
3314 4680 3617 4748 compellat.
3649 4684 3810 4748 Quo.

2216 4771 2332 4809 rum
2362 4770 2517 4816 unus,
2543 4752 2592 4807 id
2615 4763 2697 4806 est
2721 4749 3022 4811 Cwlestius,
3049 4751 3207 4821 etiam
3231 4751 3297 4802 ad
3326 4751 3716 4821 presbyterium
3749 4753 3804 4807 in

2218 4827 2342 4880 Asia
2379 4826 2574 4879 dicitur
2608 4821 2932 4892 pervenisse,
2969 4830 3070 4875 etc.
3119 4820 3361 4889 Pelagius
3400 4820 3548 4884 vero,
3591 4823 3735 4876 sicut
3774 4840 3806 4878 a

2215 4896 2528 4964 quibusdam
2560 4891 2808 4948 fratribus
2833 4893 3028 4964 nostris
3060 4891 3234 4944 missa:
3254 4896 3555 4964 toquun‘tur
3590 4895 3808 4960 episto-

2216 4960 2280 5021 la:
2303 5008 2318 5032 ,
2349 4965 2695 5036 Jerosolymis
2719 4963 3038 5036 constitutus
3067 4961 3350 5036 nonnullos
3386 4960 3571 5016 fallere
3597 4965 3806 5036 asseri-

2217 5031 2344 5092 iuri:
2375 5031 2733 5090 verumiameu
2765 5032 2930 5086 multo
2958 5031 3138 5100 plures
3175 5032 3265 5100 qui
3297 5032 3413 5099 ejus
3441 5046 3632 5087 sensus
3669 5033 3803 5088 dili-

2214 5109 2422 5178 gentius
2454 5106 2700 5178 indagare
2721 5111 3038 5178 potuerunt,
3073 5101 3329 5178 adversus
3357 5117 3477 5178 eum
3505 5117 3602 5171 pro
3625 5106 3802 5178 gratia

2215 5171 2409 5233 Christi
2454 5186 2509 5232 et
2559 5171 2834 5230 catholica:
2880 5174 3000 5227 fidei
3058 5172 3278 5242 veritate
3321 5171 3652 5242 conﬁgunt;
3699 5176 3807 5230 sed

2213 5255 2480 5320 przecipne
2508 5257 2722 5300 sanctus
2751 5243 2888 5297 filius
2919 5254 3036 5297 tuus
3055 5283 3070 5308 ,
3101 5241 3264 5295 frater
3295 5252 3350 5296 et
3389 5241 3808 5315 compreshytcr

2212 5331 2396 5374 noster
2425 5319 2792 5388 Hieronymus.

2285 5397 2338 5444 4.
2381 5391 2504 5444 llaec
2533 5393 2600 5442 au
2621 5382 2974 5440 'Sanctitatem
3005 5392 3148 5438 tuam
3179 5382 3245 5437 de
3275 5383 3502 5436 concilio
3531 5385 3806 5442 Numidia:

2212 5463 2407 5528 scripta
2435 5461 2746 5522 direximus,
2779 5458 3045 5511 imitantes
3076 5453 3506 5528 Carthaginiensis
3534 5457 3802 5513 Ecclesiae

2213 5543 2264 5586 et
2284 5527 2713 5600 Carthaginiensis
2735 5528 3020 5596 provinciae
3037 5527 3382 5600 coepiscopos
3400 5535 3632 5600 nostros,
3658 5545 3804 5600 quos

2209 5603 2275 5657 ad
2303 5595 2507 5657 Sedem'
2516 5595 2877 5672 apostolicam,
2904 5613 3063 5672 quain
3092 5597 3280 5650 beatus
3306 5595 3565 5665 illustras,
3596 5595 3806 5656 de'hac

2211 5689 2370 5729 causa
2403 5674 2678 5743 scripsisse
2705 5671 3082 5739 comperimus,
3119 5674 3222 5733 etc.

2277 5834 2349 5896 (α)
2383 5835 2507 5897 Epist
2551 5831 2634 5882 I76
2657 5838 2782 5884 Inter
2807 5828 3169 5893 Attgustinianas
