3994 6478
543 430 684 490 1727

545 547 830 604 exstitisse.
877 542 942 599 lii
969 542 1176 613 parenti
1203 547 1512 599 cunctarum
1550 553 1728 595 rerum
1771 538 1882 613 Deo
1921 535 2111 613 praeci-

547 631 772 689 puaeque
807 608 1018 689 semper
1046 614 1330 684 majestati,
1354 613 1636 689 intermine
1661 609 1882 689 potenti,
1906 617 1960 689 et
1979 608 2118 662 ultra

546 680 706 743 omne
745 680 1057 761 principium
1097 680 1413 761 transeunti,
1446 693 1551 738 tam
1588 693 1789 736 trucem
1832 680 2120 761 iuclemen:

547 761 672 813 tiam
719 748 1222 813 scmvaa'v'olttntatis
1260 748 1562 824 assignant,
1601 760 1660 807 ut
1697 767 1818 806 cum
1861 748 2121 824 formandi

545 829 728 904 mundi
756 828 998 904 opificem
1025 843 1207 904 curam
1229 819 1486 904 sumeret,
1511 824 1930 904 qualitatemque
1950 819 2121 904 homi-

547 903 630 954 nis
657 892 894 956 struendi
940 898 1194 968 profunda
1236 898 1452 968 spiritus
1491 892 1838 968 conceptione
1878 892 2116 955 libraret,

547 968 749 1025 fundati
781 964 1018 1024 muneris
1047 969 1245 1024 foedum
1271 964 1563 1022 anteferret
1591 964 1870 1020 exordium
1902 971 1957 1016 et
1981 977 2124 1015 mor-

547 1049 656 1096 tem
683 1042 1012 1110 promitteret
1051 1041 1318 1095 nascituro
1341 1039 1379 1091 ¹.
1419 1036 1536 1110 Non
1574 1036 1709 1110 hanc
1749 1033 1953 1110 insidiis
1975 1033 2122 1110 vetiti

549 1103 766 1188 fluxisse
797 1112 1021 1188 peccati,
1040 1112 1130 1188 sed
1153 1111 1326 1188 egisse
1349 1108 1557 1188 penitus
1583 1103 2124 1188 legem-immutabilis

547 1176 856 1236 constituti:
887 1181 951 1235 ad
990 1176 1362 1236 declinandum
1406 1177 1532 1234 lethi
1579 1176 1806 1231 exitialis
1851 1176 2122 1229 incursum

548 1253 678 1307 nihil
710 1254 959 1320 prodesse
980 1252 1351 1306 abstinentiam
1379 1249 1739 1320 delinquendi.
1768 1247 2026 1320 cujusvis
2053 1246 2124 1299 ita

590 1318 824 1398 utaretnr
852 1324 1137 1398 adscripta,
1181 1331 1236 1376 ut
1276 1337 1380 1376 non
1423 1320 1590 1398 possit
1622 1318 1822 1372 aboleri
1851 1318 2122 1398 deinceps.

595 1393 806 1448 rimitivi
853 1391 1080 1447 hominis
1119 1407 1378 1457 errorem,
1423 1391 1473 1445 iu
1516 1405 1672 1459 quem
1715 1398 1883 1459 capta:
1930 1391 2124 1442 mentis

553 1463 707 1534 inops
732 1465 949 1518 rationis
975 1463 1184 1518 cmcitas
1210 1463 1470 1534 irruisset,
1493 1457 1767 1529 (lelapsum
1784 1457 1854 1512 ad
1882 1467 2126 1534 posteros

551 1528 663 1589 ιιυιῐ
701 1534 889 1594 fuisse:
936 1542 1244 1602 tantumque
1283 1532 1422 1599 apud
1450 1547 1592 1594 eum,
1618 1528 1776 1600 quem
1809 1528 2125 1602 malesuada:

550 1605 731 1668 gratia:
781 1603 961 1659 infelix
1007 1599 1270 1672 rapuisset
1317 1602 1559 1658 illecebra
1587 1642 1601 1663 ,
1640 1599 2123 1672 transgressionem

553 1675 813 1730 interdicti
855 1670 1124 1729 exstitisse
1161 1673 1482 1728 discriminis
1510 1689 1522 1724 :
1552 1687 1672 1726 cum
1697 1671 1915 1724 evidens
1944 1670 2128 1724 catho-

553 1745 669 1800 licm
699 1745 829 1813 legis
856 1746 1134 1799 omuifaria
1163 1753 1387 1798 testetur
1413 1743 1722 1813 auctoritas,
1757 1741 1902 1794 illtttn
1937 1741 2124 1794 interi-

554 1825 639 1869 tus
667 1812 899 1869 omnium
941 1816 1102 1870 fuisse
1125 1815 1466 1879 vestibulum,
1493 1828 1650 1883 quem
1692 1812 1886 1866 divina:
1922 1825 2124 1883 prace-

551 1887 746 1957 ptionis
774 1888 1015 1941 sedulmu
1045 1888 1208 1956 liquet
1230 1882 1529 1954 corrupisse
1547 1883 1892 1957 mandatum;
1918 1882 2126 1950 aliaque

550 1952 707 2027 quam
736 1958 982 2027 plurima,
1011 1952 1128 2026 qua:
1167 1971 1346 2010 sermo
1386 1952 1604 2024 respuit,
1635 1955 1719 2027 lex
1763 1952 1976 2027 refutat,
2007 1967 2125 2027 qua;

550 2023 831 2096 pertass'mn
872 2029 941 2082 sit
976 2023 1240 2082 recordari
1266 2069 1280 2085 ,
1325 2023 1485 2080 etiam
1513 2027 1611 2080 sub
1638 2024 1984 2096 diSpositione
2012 2023 2121 2090 ple.

549 2095 746 2152 ctendi.
761 2099 888 2164 Qum
901 2108 1162 2152 maturato
1174 2097 1409 2152 remedio
1423 2107 1477 2152 et
1493 2095 1760 2156 cekritate
1776 2095 1960 2149 festina
1977 2109 2127 2161 opor-

552 2177 628 2222 tet
654 2169 926 2237 intercipt;
957 2184 1022 2223 ne
1051 2169 1395 2223 corroborata
1421 2184 1518 2221 usu
1546 2165 1792 2236 nequitiae
1817 2165 2126 2237 adolesceuo

557 2247 635 2293 tes
651 2241 738 2294 vix
772 2235 976 2295 valeant
1003 2240 1259 2294 coerceri.
1289 2237 1560 2308 Siquidem
1583 2235 1740 2308 aures
1765 2235 2126 2308 nmosuetudi-

551 2309 638 2362 nis
667 2320 860 2364 nostra:
887 2326 1073 2365 recens
1103 2309 1239 2364 fama
1271 2305 1658 2379 perstrinxerit,
1687 2307 1823 2361 intra
1851 2305 2126 2379 sanctissi-

551 2395 691 2450 mam
741 2382 924 2436 urbem
971 2392 1225 2441 nostram,
1268 2375 1475 2450 aliaque
1522 2379 1657 2450 loca,
1695 2379 1765 2432 ita
1813 2375 2124 2450 pestiferum

551 2449 699 2522 virus
726 2451 1074 2522 quorumdam
1106 2448 1734 2522 inolevisse’pectoribus,
1755 2459 1811 2502 ut
1832 2448 2126 2522 interrupto

551 2518 766 2575 directa}
805 2521 1134 2577 credulitatis
1171 2522 1380 2575 tramite
1427 2521 1606 2574 scissis
1640 2519 1693 2573 in
1735 2526 1909 2588 partes
1934 2518 2125 2572 studiis

555 2592 848 2656 asserendi,
877 2593 1091 2646 materia
1121 2592 1392 2660 impacatm
1413 2590 1758 2645 dissensionis
1784 2589 1994 2660 inducta
2023 2589 2123 2654 sit;

555 2676 797 2731 novoque
825 2662 1056 2716 scandali
1084 2659 1263 2716 fomite
1289 2663 1568 2722 concitato.
1599 2660 1916 2731 beatissinne
1944 2659 2128 2731 Ecclef

553 2733 647 2785 size
675 2729 821 2786 nutet
845 2742 1096 2787 attentata
1123 2733 1144 2764 ²
1179 2732 1549 2802 tranquillitas,
1579 2731 1696 2784 aliis
1725 2729 1796 2802 id,
1827 2729 1948 2802 aliis
1984 2729 2124 2783 aliud

556 2802 771 2872 ancipiti
797 2803 1228 2872 interpretatione
1257 2803 1582 2858 sectantibus
1607 2820 1620 2855 :
1647 2810 1700 2854 et
1727 2801 1966 2872 absoluta
1994 2816 2123 2854 san-

552 2871 758 2926 ciorum
795 2871 1001 2942 apicum
1045 2875 1274 2938 claritas,
1301 2889 1362 2927 ac
1391 2872 1620 2926 dilucide
1659 2871 1785 2942 quid
1817 2873 1983 2942 sequi
2005 2873 2122 2924 uni-

554 2943 778 2996 versitas
802 2944 994 2998 debeat
1015 2945 1324 3012 explanatis,
1351 2959 1445 3013 pro
1473 2953 1628 3012 captu
1653 2941 1949 3010 versipellis
1975 2941 2125 3013 inge-

555 3013 627 3066 nii
652 3015 951 3074 conturbat,
980 3016 1293 3085 quihusdam
1337 3012 1595 3085 novorum
1636 3023 1910 3085 auctorum
1950 3012 2125 3085 profa-

553 3098 675 3154 nam
708 3083 1040 3140 moventibus
1065 3085 1414 3154 quaestionem
1443 3101 1456 3139 :
1481 3083 1678 3140 Palladi
1711 3097 1905 3153 parens
1923 3083 2126 3138 charis-

552 3152 687 3207 sime
707 3163 864 3223 atque
893 3152 1275 3210 amantissime.

622 3224 676 3278 2.
706 3225 784 3280 0b
809 3241 963 3296 quam
990 3242 1100 3282 rem
1130 3225 1348 3281 illustris
1372 3226 1659 3280 auctoritas
1685 3236 1771 3279 tua
1797 3265 1812 3286 ,
1839 3223 2040 3296 victura
2071 3224 2126 3280 in

552 3309 709 3368 omne
729 3294 898 3368 navum
925 3298 1039 3366 lcge
1063 3313 1101 3353 ιι
1122 3312 1162 3349 ιε
1185 3301 1433 3352 statuisse
1456 3305 1759 3368 cognoscat.
1789 3303 1844 3348 ut
1863 3294 2125 3368 pulsisex

555 3367 684 3419 urbe
716 3367 954 3435 primitus
988 3368 1248 3438 capitibus
1279 3366 1544 3436 dogmatis
1577 3366 1918 3438 exsecraudi,
1951 3367 2121 3438 ciale:

554 3439 657 3490 stio
683 3447 841 3506 atque
867 3436 1101 3507 Pelagio,
1129 3439 1171 3491 si
1200 3439 1286 3504 qui
1312 3437 1532 3506 hujusce
1557 3436 1623 3490 de
1649 3447 1842 3507 cmtero
1865 3436 2125 3503 sacrilegii

552 3505 843 3578 sectatores
868 3505 1283 3578 quibuscumque
1309 3505 1437 3562 locis
1461 3505 1727 3578 potuerint
1757 3507 1999 3574 reperiri,
2028 3517 2120 3560 aut

554 3576 620 3631 de
653 3579 911 3645 pravitate
935 3578 1180 3632 damnata
1202 3575 1439 3648 aliquem
1462 3575 1706 3648 proferre
1735 3591 2066 3648 sermonem;
2096 3592 2124 3629 a

554 3661 885 3718 quocumth
904 3649 1131 3718 correpti
1155 3649 1218 3701 ad
1250 3647 1638 3718 competentem
1658 3647 1889 3718 judicent
1924 3657 2130 3718 protra-

555 3716 767 3772 Iiantur.
799 3716 962 3786 Quos.
993 3716 1103 3773 sive
1143 3716 1388 3777 clericus,
1418 3719 1531 3772 sive
1570 3717 1737 3771 laicus
1768 3716 1945 3780 fuerit,
1979 3717 2126 3771 defe-

553 3789 704 3843 rendi
733 3790 922 3844 habent
951 3798 1282 3858 potestatem,
1311 3799 1364 3842 et
1391 3790 1507 3843 sine
1539 3789 1922 3858 proscriptione
1950 3787 2128 3856 aliqua

554 3859 895 3930 perurgendi,
917 3857 1049 3930 quos
1070 3861 1248 3914 relicta
1269 3859 1566 3930 communis
1589 3857 1824 3930 scientiae
1844 3859 1957 3930 luce
1979 3873 2128 3913 novae

552 3928 1195 3998 disputationis’tenebras
1215 3929 1496 3984 introferre
1515 3928 1928 3999 deprehenderit
1943 3936 2128 3983 contra

554 4001 898 4066 apostolicam
928 4002 1127 4054 scilicet
1155 4000 1490 4067 disciplinam
1521 3999 1988 4070 evangelieanique
2015 3999 2128 4070 cla-

554 4084 668 4123 ram
693 4080 748 4124 et
773 4071 886 4124 sine
911 4086 1094 4125 errore
1119 4072 1458 4136 sententiam,
1487 4069 1632 4123 vafra
1665 4069 1809 4123 rttdis
1837 4069 1996 4123 sectae
2027 4069 2130 4123 cal-

554 4139 758 4194 lidilate
782 4151 1093 4210 pugnantes,
1123 4140 1554 4210 involventesque
1581 4140 1944 4208 splendentem
1970 4139 2126 4193 ﬁdem

554 4155 758 4194 unitate
782 4155 1093 4264 pugnantes,
1123 4155 1554 4210 mvmventesque
1581 4155 1944 4208 splendentem
1970 4155 2126 4193 uuem

553 4211 666 4265 veri
693 4225 777 4263 am
817 4211 1003 4279 agibus
1030 4211 1361 4266 disserendo.
1407 4211 1515 4264 llos
1557 4225 1684 4278 ergo
1728 4219 1969 4278 repertos
2014 4210 2130 4263 ubi-

553 4296 784 4352 cumque
824 4283 891 4335 de
933 4281 1033 4352 hoc
1075 4290 1179 4352 tam
1221 4280 1447 4352 nefando
1478 4280 1694 4352 scelere
1739 4279 2067 4352 conferente,
2097 4297 2127 4335 a

593 4350 972 4421 uihtiscumque
1006 4351 1256 4421 jubemus
1296 4350 1524 4421 corripi,
1551 4351 1912 4419 deductosque
1939 4350 2005 4403 ad
2035 4365 2131 4404 au-

593 4367 972 4421 utnuscumque
1006 4367 1256 4421 junemus
1296 4367 1487 4419 COl'l‘Ipl
1509 4391 1524 4414 ,
1551 4367 1912 4419 ueuuctosque
1939 4367 2005 4403 au
2035 4367 2127 4404 au-

551 4367 802 4477 dientiam
831 4422 1089 4491 publicam
1110 4422 1406 4491 promiscue
1429 4420 1754 4474 abomnibus
1773 4421 2032 4491 accusari;
2059 4421 2127 4476 ita

551 4501 609 4547 ut
635 4490 996 4563 probationem
1015 4490 1241 4548 convicti
1269 4491 1506 4563 criminis
1545 4492 1702 4563 stilus
1717 4490 1958 4563 publicus
1988 4492 2131 4547 inse-

554 4561 762 4633 quatur,
797 4564 928 4633 ipsis
953 4563 1212 4618 inexorati
1241 4564 1413 4618 exsilii
1443 4562 1815 4633 deportatione
1840 4561 2126 4616 damnatis.

552 4632 716 4705 Decet
743 4632 886 4705 enim
910 4635 1169 4705 originem
1197 4634 1308 4688 vitii
1351 4650 1380 4686 a
1413 4643 1675 4705 conventu
1703 4632 1912 4705 publico
1936 4648 2128 4705 seque-5

551 4704 731 4769 strari,
759 4719 856 4758 nec
876 4704 930 4758 in
958 4703 1227 4759 communi
1251 4721 1344 4758 eos
1369 4703 1678 4759 celebritate
1698 4704 2014 4764 consistere,
2037 4704 2126 4773 qui

552 4790 656 4829 non
697 4777 868 4828 solum
915 4773 1054 4829 facto
1103 4775 1310 4830 nefario
1354 4773 1678 4838 detestandi,
1730 4789 1914 4828 verum
1967 4775 2125 4828 etiam

550 4845 795 4915 exemplo
822 4846 1062 4900 venenati
1099 4847 1316 4914 spiritus
1343 4856 1466 4899 sunt
1489 4843 1732 4899 cavendi.
1767 4843 1923 4915 Juvat
1947 4853 2124 4898 autem

551 4931 646 4986 per
672 4914 831 4986 omne
858 4917 1138 4985 imperium
1167 4927 1404 4970 nostrum
1425 4955 1441 4979 ,
1481 4930 1583 4986 qua
1623 4914 1849 4986 mundus
1887 4915 2127 4986 extendi-

550 4983 638 5056 tur
662 4986 723 5053 ⁸,
770 4983 1066 5054 hujustuodi
1115 4987 1442 5056 promulgata
1488 4983 1710 5038 dilfundi
1739 5003 1752 5038 :
1785 4999 1850 5056 ne
1890 4985 2126 5056 scientia:

550 5055 776 5111 fo'tasse
805 5055 1156 5110 dissimulatio
1183 5067 1390 5125 pastum
1415 5062 1627 5124 prmstet
1651 5055 1818 5109 errori
1844 5063 2002 5125 atque
2029 5055 2128 5108 im-

549 5141 693 5198 pune
733 5143 792 5182 se
825 5128 1098 5198 quisquam
1129 5138 1275 5198 putet
1305 5125 1520 5189 audere,
1547 5125 1685 5198 quod
1711 5125 2125 5198 condemnatum

550 5195 732 5268 vigore
759 5195 976 5267 publico
997 5212 1054 5251 se
1078 5195 1289 5251 linxrrit
1320 5195 1800 5268 ignorare3‘l)atum
1831 5196 2003 5264 pridie
2028 5195 2125 5268 ka-

550 5265 733 5324 lendas
763 5265 947 5333 inaias,
980 5268 1248 5322 Ravenum
1288 5265 1355 5322 D.’
1381 5269 1442 5321 D.
1473 5266 1536 5321 N.
1562 5265 1625 5320 N.
1665 5267 1895 5320 llooor'to
1923 5267 2123 5322 duode-

554 5339 687 5404 cies,
715 5347 770 5394 ct
797 5338 1096 5393 Theodosio
1120 5339 1306 5398 octies.
1341 5337 1586 5407 Augustis
1609 5337 1911 5391 consulibus
1938 5335 2033 5410 (a).

769 5447 1050 5487 ιιειιδιΑιι
1071 5445 1245 5485 ειιιετι
1271 5446 1402 5484 JUNII
1427 5445 1620 5492 QUARTI
1651 5445 1910 5484 PALIADII.

617 5499 807 5557 Junius
847 5506 1080 5569 Quartus
1123 5500 1415 5567 Palladius,
1459 5499 1751 5566 Monaxius,
1782 5510 1836 5554 et
1875 5500 2126 5570 Agricola

609 5593 628 5626 ί
665 5593 788 5659 alias
803 5628 818 5653 ,
841 5591 990 5659 finem
1011 5590 1482 5656 mteferretea'ardio
1499 5627 1514 5642 .
1531 5599 1576 5640 et
1598 5597 1798 5641 mortem
1819 5590 2129 5646 vra'miueret

545 5655 804 5707 mitam.
842 5655 853 5659 ⁷
1124 5655 1129 5656 ⁷

609 5718 632 5780 ξ
664 5715 803 5780 alias,
832 5715 1054 5768 Ecclesia:
1074 5723 1183 5767 acta
1205 5721 1335 5780 putet
1357 5723 1402 5767 et
1425 5722 1665 5766 attentam.

611 5779 632 5810 ⁸
664 5778 805 5838 Alias,
837 5792 922 5843 per
963 5792 1150 5828 onmem
1183 5775 1302 5843 pene
1338 5781 1591 5839 mundum,
1623 5790 1718 5840 qua
1758 5775 2016 5838 imperium
2045 5788 2128 5826 n0-

546 5843 701 5890 ctrum
721 5839 1014 5890 extatditur.

609 5899 686 5965 (α)
717 5908 848 5951 Anno
867 5901 978 5961 418,
998 5902 1079 5954 die
1096 5901 1158 5952 30
1175 5900 1354 5958 aprilis.

1609 390 1636 399 “
1669 416 2071 479 APPENDICIS
2108 416 2287 474 rans
2324 417 2662 476 saeuum.

3675 426 3812 485 ιπε

2232 538 2442 612 ἰιεει-ιιιῐι⁸
2463 536 2695 612 przelecti
2731 536 2983 612 praetorio
3007 537 3289 612 edixerunt
3309 537 3409 612 (α).
3444 539 3504 596 ln
3530 540 3809 612 Pelagium

2227 618 2386 678 atque
2405 607 2712 666 Celestium
2738 607 2984 663 catholici
3011 608 3276 680 dogmatis
3307 607 3463 667 ﬁdem
3486 607 3690 668 scaevis
3708 623 3812 669 tra-

2226 680 2452 734 ctatibus
2472 681 2808 734 destruentes
2831 682 3090 734 sententia
3114 682 3419 751 principalis
3445 684 3727 748 incaluit‘,
3757 693 3812 742 ut

2227 751 2510 806 venerabili
2541 751 2670 806 urbe
2695 751 2924 804 submoti
2952 751 3212 807 bonorum
3233 754 3460 809 concilio
3489 757 3812 812 mulctaren-

2229 829 2327 875 tur.
2384 821 2494 876 Hoc
2533 821 2691 892 igitur
2728 837 2916 876 omnes
2954 822 3230 878 admoneri
3269 834 3481 893 oportet
3520 827 3721 890 edicto,
3750 844 3814 884 ne

2226 893 2346 962 quis
2365 893 2594 965 sinistrm
2615 893 2972 965 persuasionis
2999 894 3272 949 erroribus
3293 896 3570 951 credulum
3601 907 3814 965 pratstet

2228 977 2526 1036 assensum.
2556 963 2625 1017 Et
2646 963 2698 1036 si
2725 963 2793 1016 sit
2814 963 2902 1017 ille
2928 964 3165 1036 plebeius
3191 980 3254 1020 ac
3274 966 3504 1022 clericus
3529 963 3618 1036 qui
3651 970 3702 1022 in
3724 983 3813 1022 ca-

2229 1032 2407 1108 liginis
2419 1033 2580 1108 hujus
2606 1034 2838 1108 obscena
2868 1035 3150 1108 reciderit,
3181 1051 3209 1089 a
3245 1032 3584 1108 quocumque
3616 1048 3813 1095 tractus

2228 1104 2548 1177 adgjudicem
2575 1103 2692 1177 sine
2715 1106 3054 1177 accusatricis
3083 1103 3402 1162 discretione
3427 1103 3676 1177 personae
3694 1151 3711 1176 ,
3742 1111 3812 1164 fa~

2227 1175 2485 1250 cultatum
2521 1174 2878 1250 publicatione
2916 1178 3161 1250 nudatus,
3203 1174 3546 1234 irrevocabile
3587 1174 3812 1250 patietur

2228 1245 2492 1320 exsilium.
2525 1245 2652 1300 Nam
2674 1260 2902 1320 superna
2924 1247 3190 1315 maiestas,
3215 1258 3271 1302 ut
3299 1250 3498 1320 colligit
3521 1245 3601 1306 ex'
3619 1251 3808 1307 secreti

2231 1315 2561 1391 ignoratione
2600 1315 2973 1391 reverentiam,
3004 1319 3074 1373 ita
3108 1334 3176 1374 ex
3214 1320 3405 1390 inepta:
3427 1315 3809 1391 disputationis

2230 1389 2645 1456 praesumptione
2671 1387 2935 1454 injuriam.

2439 1456 2801 1514 CONCILIUM
2849 1458 3123 1514 AFRlC/E
3161 1459 3600 1518 UNIVERSALE

2229 1541 2559 1585 cammarus
2622 1543 2853 1584 ιιΑιιιτωί
2925 1545 3060 1586 anno
3123 1531 3227 1586 418
3297 1547 3502 1588 CONTRA
3567 1548 3809 1589 ultast:

2703 1615 2910 1656 PBLAGII
2948 1617 3015 1656 ET
3053 1617 3336 1657 εωιεετιι.

2299 1668 2710 1740 Gloriosissimis
2745 1672 3153 1740 imperatoribus
3183 1672 3418 1728 llonorio
3441 1673 3736 1729 duodecies
3758 1684 3808 1730 et

2229 1738 2532 1794 Theodosio
2559 1741 2726 1796 octies
2751 1738 3078 1803 consulibus,
3115 1743 3352 1798 calendis
3381 1746 3557 1807 maiis,
3589 1745 3806 1799 Cartha-

2227 1812 2350 1879 gine
2378 1811 2430 1864 itt
2454 1813 2746 1884 secretario
2770 1812 3012 1868 Basilica:
3042 1813 3250 1876 Fausti,
3277 1829 3397 1869 cum
3424 1816 3678 1870 Aurelius
3703 1817 3810 1884 epi-

2229 1895 2431 1954 scopus
2452 1881 2502 1936 in
2535 1884 2814 1937 universali
2844 1885 3070 1938 concilio
3092 1884 3420 1940 consedisset
3441 1889 3486 1954 ⁸,
3515 1881 3810 1941 astantibus

2229 1951 2487 2026 diaconis,
2522 1955 2715 2019 placuit
2745 1955 2988 2026 omnibus
3012 1955 3298 2024 episcopis,
3337 1951 3565 2026 quorum
3599 1956 3806 2010 nomina

2229 2031 2284 2100 et
2307 2023 2722 2100 subscriptiones
2751 2025 2966 2100 indictae
2991 2023 3135 2100 sunt,
3159 2023 3212 2079 in
3238 2023 3419 2083 sancta
3445 2026 3658 2100 synodo
3686 2027 3807 2082 Car-

2231 2092 2558 2161 thaginensis
2586 2096 2836 2150 Ecclesia:
2865 2096 3188 2151 constitutis.

2305 2164 2358 2218 l°
2400 2164 2468 2238 iit
2493 2167 2810 2238 quicumque
2838 2167 3048 2229 dixerit,
3079 2167 3246 2222 Adam
3275 2168 3504 2238 primum
3538 2168 3808 2224 hominem

2229 2236 2506 2289 mortalem
2534 2236 2753 2303 factum,
2781 2239 2850 2290 ita
2881 2246 2957 2303 ut,
2985 2239 3096 2294 sive
3122 2236 3388 2306 peccaret,
3417 2240 3529 2296 sive
3556 2255 3670 2294 non
3698 2254 3811 2309 pec.

2229 2313 2396 2372 caret,
2430 2316 2728 2380 moreretur
2757 2308 2807 2361 in
2835 2323 3080 2380 corpore,
3107 2309 3208 2364 hoc
3227 2319 3328 2376 est,
3358 2310 3426 2366 de
3445 2325 3678 2380 corpore
3701 2308 3810 2364 exi-

2230 2383 2332 2498 ﬁet,
2364 2379 2701 2498 nonlpeccati
2728 2379 2940 2444 merito,
2967 2380 3062 2435 sed
3091 2381 3409 2437 necessitate
3436 2379 3668 2448 natura,
3692 2395 3810 2435 ana-

2290 2462 2404 2498 ema
2437 2463 2478 2498 SI
2513 2489 2524 2498 .

2231 2449 2404 2501 thema
2437 2449 2524 2502 sit.

2299 2517 2358 2570 2°
2399 2517 2525 2592 Item
2572 2519 2797 2592 placuit,
2827 2529 2885 2573 ut
2907 2520 3229 2592 quicumque
3268 2523 3522 2592 parvulos
3569 2531 3810 2578 recentes

2230 2587 2299 2662 ab
2325 2589 2489 2662 uteris
2518 2587 2746 2662 ntatrum
2775 2587 3122 2660 baptiiandos
3149 2587 3325 2662 negat,
3355 2603 3444 2648 aut
3473 2593 3608 2648 dicit
3649 2594 3700 2646 in
3729 2608 3811 2662 ree

2230 2659 2537 2731 missionem
2563 2661 2797 2731 quidem
2841 2659 3181 2730 peccatorum
3224 2659 3317 2717 eos
3365 2664 3675 2731 baptizari,
3724 2661 3809 2718 sed

2231 2728 2357 2782 nihil
2404 2747 2466 2784 ex
2496 2728 2663 2804 Adam
2693 2728 2904 2804 trahere
2932 2733 3203 2802 originalis
3239 2728 3470 2803 peccati,
3499 2734 3646 2804 quod
3677 2736 3811 2789 lava-

2229 2813 2322 2873 cro
2353 2802 2777 2873 regenerationis
2805 2804 3067 2870 expietur,
3098 2802 3248 2857 unde
3276 2805 3345 2858 sit
3389 2802 3734 2873 consequens
3758 2814 3812 2859 ut

2231 2869 2284 2922 in
2315 2871 2394 2924 eis
2424 2873 2592 2926 forma
2623 2869 2962 2944 Baptismatis
2997 2875 3047 2927 in
3074 2874 3440 2928 remissionem
3475 2869 3811 2944 peccatorum

2232 2956 2336 3015 non
2366 2958 2510 3008 vera,
2553 2943 2644 3015 sed
2690 2943 2838 3015 falsa“
2864 2945 3203 3015 intelligatur,
3233 2943 3514 3000 anathema
3551 2947 3645 3000 sit.
3673 2946 3811 3012 Quo-

2231 3012 2372 3086 niam
2399 3028 2503 3067 non
2525 3014 2683 3086 aliter
2701 3012 3097 3084 intelligendum
3120 3025 3221 3080 est,
3243 3016 3386 3086 quod
3407 3019 3484 3071 ait
3505 3017 3810 3086 Apostolus,

2232 3081 2335 3135 Per
2357 3100 2513 3136 unum
2551 3085 2802 3137 hominem
2845 3081 3102 3154 psccattlm
3129 3081 3329 3139 intrabit
3367 3088 3419 3140 in
3455 3081 3710 3141 mundum
3729 3131 3742 3150 ,
3768 3081 3812 3141 et

2233 3170 2320 3228 per
2345 3164 2601 3224 peccatum
2627 3171 2799 3219 mors;
2824 3166 2868 3208 et
2894 3157 2964 3208 ita
2985 3156 3035 3228 in
3052 3172 3222 3211 omnes
3247 3158 3473 3228 homines
3497 3159 3809 3228 pertransiit,

2230 3225 2282 3276 iu
2308 3241 2406 3298 quo
2431 3242 2600 3298 omnes
2631 3235 2952 3298 peccaverunt
2973 3225 3146 3298 (Rom.
3179 3242 3234 3290 ν,
3269 3227 3357 3298 12)
3384 3269 3400 3293 ,
3427 3225 3528 3282 ιιίέί
3557 3229 3812 3298 quemad-

2232 3296 2446 3368 modum
2479 3297 2709 3368 ljcclesia
2733 3296 2995 3368 catholica
3023 3298 3218 3368 ubique
3247 3296 3435 3352 dilfusa
3475 3296 3696 3368 semper
3732 3300 3810 3352 in-

2233 3365 2448 3439 tellexit.
2477 3366 2702 3439 Propter
2733 3365 2869 3420 hanc
2897 3367 3037 3420 enim
3083 3365 3317 3437 regulam
3347 3368 3468 3424 fidei
3497 3365 3663 3424 etiam
3694 3385 3812 3439 par-

2234 3437 2336 3488 vuli
2359 3477 2371 3497 ,
2400 3437 2488 3506 qni
2518 3435 2648 3490 nihil
2681 3447 3016 3505 peccatorum
3047 3439 3097 3491 in
3125 3435 3428 3506 semetipsis
3455 3439 3637 3494 adhuc
3664 3435 3807 3494 corn—

2231 3507 2444 3580 mittere
2477 3516 2785 3580 potuerunt,
2821 3507 2940 3561 ideo
2984 3509 3034 3580 in
3062 3509 3430 3580 remissionem
3473 3520 3810 3580 peccatorum

2231 3577 2502 3650 veraciter
2521 3577 2871 3650 baptizantur,
2900 3588 2955 3631 ut
2987 3579 3037 3632 in
3059 3579 3136 3632 eis
3160 3577 3565 3650 regeneratione
3593 3581 3813 3636 munde-

2233 3659 2337 3710 tur,
2365 3646 2504 3714 quod
2536 3646 2876 3714 generatione
2904 3657 3194 3703 traxerunt.

2302 3717 2768 3789 5°ltemgplacnit',
2794 3728 2850 3789 ut
2877 3720 2920 3772 si
2951 3720 3070 3789 quis
3090 3719 3250 3782 dicit,
3268 3719 3388 3775 ideo
3406 3720 3612 3777 dixisse
3644 3723 3813 3778 Domi-

2231 3787 2456 3852 minam,
2503 3787 2569 3841 In
2609 3787 2757 3842 domo
2803 3787 2981 3842 Patris
3009 3790 3105 3843 mei
3159 3791 3442 3845 mansiones
3485 3795 3666 3847 multa:
3702 3803 3812 3848 sunt

2231 3857 2418 3932 (Joan.
2443 3874 2551 3932 xlv,
2574 3858 2631 3929 ἓ)
2649 3867 2745 3932 ,_t_tt
2774 3859 3110 3930 intelligatur,
3132 3862 3252 3932 quia
3281 3862 3523 3932 inregno
3551 3865 3811 3918 ctelornm

2231 3929 2331 3982 erit
2355 3930 2544 4000 aliquis
2571 3929 2796 3992 medius,
2827 3940 2919 3983 aut
2942 3929 3078 3986 ullus
3105 3929 3298 3986 alicubi
3337 3929 3507 3998 locus,
3537 3933 3631 3988 ubi
3663 3935 3810 3988 beate

2233 4001 2415 4054 vivant
2444 4001 2676 4074 parvuli,
2709 4000 2797 4074 qui
2824 4001 2938 4054 sine
2965 4001 3234 4074 Baptismo
3259 4018 3325 4057 ex
3351 4001 3452 4057 hac
3478 4002 3582 4074 vita
3616 4005 3810 4074 migra-

2232 4079 2386 4132 runt,
2419 4071 2534 4126 sine
2560 4085 2666 4140 quo
2706 4073 2758 4124 in
2802 4086 3023 4140 regnum
3065 4073 3323 4126 cmlorum
3349 4115 3364 4139 ,
3407 4073 3568 4143 quod
3595 4084 3682 4129 est
3698 4071 3812 4128 'vita

2231 4150 2447 4206 aeterna,
2485 4143 2685 4196 intrare
2707 4157 2809 4194 non
2840 4150 3078 4210 possunt,
3103 4143 3384 4197 anathema
3411 4142 3498 4198 sit.
3527 4142 3663 4198 Nam
3691 4160 3809 4199 cum
3852 4177 3857 4181 -

2234 4211 2487 4286 Dominus
2506 4212 2664 4275 dicat,
2692 4209 2812 4286 Nisi
2833 4209 2944 4286 quis
2967 4223 3172 4286 renatus
3195 4213 3344 4279 fuerit
3368 4230 3432 4286 ea:
3457 4230 3601 4286 aqua
3618 4225 3668 4286 et
3695 4215 3817 4286 Spi-

2232 4283 2332 4355 ritu
2361 4293 2534 4355 sancto
2553 4324 2567 4347 ,
2599 4299 2700 4355 non
2730 4284 2936 4355 intrabit
2957 4284 3025 4355 Vin
3061 4300 3270 4355 regnum
3312 4283 3552 4355 calorum
3583 4283 3697 4355 (Id.
3736 4283 3812 4351 in,

2231 4351 2322 4420 5);
2349 4354 2468 4422 quis
2510 4353 2804 4424 catholicus
2843 4354 3084 4420 dubitet,
3117 4351 3425 4424 participem
3467 4351 3812 4410 ﬁeri'diaboli

2231 4437 2375 4488 eum,
2405 4427 2492 4493 qui
2517 4423 2757 4480 cohavres
2781 4438 2901 4480 esse
2930 4440 3034 4479 non
3063 4423 3256 4480 meruit
3282 4424 3518 4482 Christi?
3543 4426 3647 4494 Qui
3677 4430 3814 4482 enim

2295 4537 2314 4570 ι
2349 4536 2470 4588 Alias
2485 4573 2500 4596 ,
2523 4534 2738 4587 invaluit.

2292 4601 2315 4664 ξ
2347 4606 2397 4650 ιιι
2419 4598 2586 4664 codice
2606 4596 3134 4664 Candavensiccclesia:
3151 4605 3195 4649 S.
3211 4597 3614 4664 Bavonislegttur
3640 4615 3653 4650 :
3680 4607 3814 4664 και-τ

2238 4681 2261 4710 ι
2282 4663 2480 4726 thagine
2499 4662 2549 4710 in
2566 4657 2768 4726 Basilica
2788 4661 2960 4726 Fausti,
2979 4672 3090 4726 cum
3130 4660 3350 4726 Aurelius
3379 4657 3656 4726 episcopus
3681 4659 3817 4726 simul

2237 4743 2260 4772 α
2279 4719 2392 4796 curri
2413 4719 2962 4796 Donatiaaq.'t‘eleptens.i
2979 4725 3145 4796 prima:
3157 4719 3539 4796 sedisepiscOpo
3562 4719 3817 4796 provincia

2237 4805 2260 4833 α
2284 4793 2531 4850 Byzacente
2557 4791 2608 4832 et
2629 4782 2733 4832 aliis
2753 4782 3152 4850 ducentistribus
3171 4782 3489 4850 coepisippis'
3503 4782 3612 4850 suis
3636 4795 3732 4850 tam
3753 4797 3816 4832 ex

2237 4866 2260 4895 ι
2284 4845 2525 4910 pi-ovincia
2537 4853 2788 4910 Bymcena,
2807 4858 2950 4908 quam
2966 4845 3238 4910 Mauritania
3259 4845 3487 4910 Sitifensi,
3504 4847 3811 4910 Tripolitana,

2237 4928 2260 4957 ι
2282 4906 2510 4968 Numidia,
2547 4906 3132 4958 aiaurilania‘caesariensi
3173 4915 3226 4956 et
3268 4909 3488 4969 Hispania
3523 4906 3816 4958 in'concilio

2237 4989 2260 5018 ι
2281 4972 2597 5022 consedisset.
2621 4985 2643 5014 ιι
2668 4969 2740 5018 sic
2764 4970 2911 5018 etiam
2930 4969 2982 5018 in
3010 4970 3176 5020 codice
3211 4981 3445 5019 canonum
3481 4969 3715 5020 Ecclesia:
3735 4977 3797 5017 tto

2229 5046 2401 5084 [118019.

2294 5097 2314 5128 ³
2349 5104 2443 5145 Hoc
2462 5105 2648 5144 canone
2671 5099 2839 5141 carent
2860 5091 3075 5154 nonnulli
3097 5091 3322 5154 codices;
3365 5103 3480 5154 eum
3497 5104 3624 5142 vero
3649 5099 3701 5142 et
3730 5091 3817 5140 ba-

2229 5157 2345 5208 bent
2365 5156 2444 5206 alii
2464 5154 2647 5224 plures,
2663 5155 3002 5224 etilisetertio
3149 5151 3330 5224 recens
3352 5161 3405 5204 et
3421 5153 3638 5224 “109515.
3664 5163 3819 5224 Augu-

2229 5229 2386 5269 suans
2429 5214 2578 5268 etiam
2601 5218 2650 5266 in
2691 5214 2815 5266 libro
2839 5215 2870 5263 2
2900 5214 2967 5265 de
3012 5216 3142 5277 Orig.
3177 5217 3369 5273 animae,
3384 5227 3492 5277 cap.
3512 5215 3594 5277 12,
3618 5214 3814 5265 scribit:

2238 5299 2262 5328 ι
2283 5279 2504 5330 Novellos
2519 5278 2771 5328 haereticos
2798 5277 3079 5339 Pelagianos
3097 5276 3363 5339 iustissime
3394 5276 3710 5326 conciliorum
3736 5286 3819 5325 ca-

2239 5361 2262 5390 ι
2286 5343 2567 5394 tholicorum
2600 5348 2653 5390 et
2685 5340 2822 5388 sedis
2843 5336 3118 5400 apostolicae
3153 5338 3409 5400 damnavit,
3429 5341 3712 5394 auctoritas,
3757 5348 3821 5386 eo

2238 5424 2262 5453 ι
2285 5405 2412 5468 quod
2433 5403 2536 5468 ausi
2562 5404 2743 5468 fuerint
2772 5399 3135 5463 non’baptizatis
3157 5399 3367 5468 parvulis
3387 5399 3507 5449 dare
3543 5401 3728 5463 quietis
3767 5403 3820 5447 et

2239 5485 2262 5514 ι
2278 5459 2446 5517 salutis
2461 5465 2617 5514 locum
2641 5465 2793 5526 etiam
2809 5459 2987 5526 praeter
3009 5459 3216 5524 regnum
3240 5459 3488 5526 αξιοι-ειμι.
3511 5477 3534 5505 ι

2294 5531 2368 5592 (a)
2404 5528 2642 5592 stonaxius
2673 5524 2932 5592 praefectus
2976 5531 3082 5592 erat
3117 5524 3349 5592 paterin
3370 5524 3617 5592 Orientis__
3634 5537 3696 5573 ex
3737 5534 3823 5571 co-

2230 5583 2716 5646 dice'Theodosiano,
2755 5587 2839 5658 lib.
2868 5586 2944 5646 16,
2982 5585 3016 5634 l.
3041 5583 3395 5694 de'ltpiséupis,
3420 5583 3675 5658 Ecclesiis,
3717 5591 3818 5655 etc.

2235 5651 2448 5694 Amimln
2492 5657 2656 5694 autem
2687 5651 2945 5694 armtectus
2980 5654 3207 5694 praetorto
3329 5644 3517 5694 harum.
3543 5659 3607 5694 ex
3644 5647 3818 5694 Inter-ts

2233 5651 2448 5718 Agricola
2492 5657 2656 5718 autem
2687 5644 2945 5718 pruriectus
2980 5644 3207 5718 praetorio
3232 5644 3517 5718 galliarum,
3543 5659 3607 5695 ex
3644 5646 3820 5718 litteer

2233 5706 2421 5765 Honorii
2460 5712 2520 5760 ad
2554 5706 2710 5771 ipsum
2739 5711 2864 5760 datis
2892 5706 3082 5758 decimo
3109 5709 3280 5770 quinto
3322 5706 3555 5756 kalendas
3592 5710 3719 5771 maii,
3753 5707 3822 5771 de

2232 5777 2422 5839 agendo
2437 5769 2649 5839 _singulis
2677 5773 2817 5820 annis
2851 5771 3053 5839 Arelate?
3074 5769 3531 5839 moveatuseptem
3553 5769 3820 5839 provincia-

2232 5829 2358 5952 {uim
2381 5837 2450 5948 uti
2485 5829 2712 5946 obsqgvat
2748 5833 2981 5883 Henricus
3021 5830 3260 5892 Noristus,
3296 5829 3514 5880 Historiae
3550 5829 3822 5892 Pelagiana

2253 5914 2358 5952 UI‘O
2413 5933 2428 5952 .
2451 5910 2554 5952 cap.
2647 5932 2659 5945 .

2253 5903 2358 5952 ihro
2383 5901 2428 5961 l,
2451 5910 2554 5960 cap.
2585 5901 2659 5946 13.
