4030 6496
597 333 738 396 1755

597 454 698 509 cati
722 458 836 507 sunt
854 448 1001 504 amici
1030 447 1121 511 tui,
1149 444 1303 509 Deus,
1331 444 1480 499 nimis
1521 444 1793 513 confortali
1828 453 1945 498 sunt
1975 444 2166 512 princi-

668 535 747 576 tus
766 537 934 576 eorum
958 519 1128 588 (Psat.
1152 533 1409 582 cxxxvut,
1440 514 1527 587 l7)
1558 531 1910 588 :rquamcuui
1946 516 2171 569 erranti-

635 610 717 658 us,
742 603 797 646 et
821 585 1125 646 sanctorum
1157 588 1363 643 meritis
1389 595 1443 641 et
1473 585 1778 642 testimonio
1822 585 1917 641 Dei
1961 601 2056 640 ore
2084 594 2166 641 te-

599 664 827 719 merario
851 662 1126 729 derogare.

669 733 755 789 ﬂ.
778 731 871 787 [Iis
890 725 1137 785 omnibus
1160 727 1447 784 secundum
1469 727 1701 797 regulam
1724 725 1844 781 ﬁdei
1864 725 2166 797 catholicae,

597 812 651 861 et
690 802 1060 858 auctoritatem
1085 800 1377 856 divinarum
1406 798 1796 866 Scripturarum
1828 797 1927 852 rite
1952 796 2165 853 confes-

593 874 704 939 sis,
734 882 1124 941 consequenter
1158 885 1347 941 omnes
1393 868 1674 923 haereticos
1709 867 2163 941 condemnemus:

595 955 648 999 et
669 938 936 1015 praecipue
959 943 1050 1013 qui
1076 941 1213 1011 apud
1235 940 1479 1020 _Latinos
1533 948 1637 992 tam
1692 938 1920 1020 nomine
1953 939 2167 1020 preprio

595 1010 751 1084 quam
772 1010 958 1089 errore
979 1010 1253 1082 comperti
1273 1019 1435 1089 sunt,
1465 1023 1704 1089 qnosque
1746 1010 2015 1089 impietate
2056 1024 2167 1089 sua:

595 1078 907 1140 assertionis
937 1078 1243 1145 horremus,
1271 1080 1322 1136 id
1346 1089 1463 1144 est,
1484 1078 1721 1134 'Arianos
1756 1078 1988 1134 divinam
2034 1080 2165 1135 sub-

520 1176 539 1196 ν
595 1155 844 1210 stantiam
896 1155 1055 1224 impie
1096 1151 1394 1208 dividentes
1420 1149 1793 1224 :_Sabellianos
1805 1164 2164 1224 personarum

637 1219 1308 1293 roprietatem'sceleratius
1331 1220 1717 1293 confundentes
1746 1236 1760 1273 :
1803 1219 2165 1293 Eunomianos

645 1291 789 1349 ilium
814 1295 906 1349 Dei
925 1294 1117 1349 factum
1137 1309 1256 1348 esse
1276 1292 1432 1347 nullis
1460 1291 1791 1346 exstantibus
1810 1292 2130 1346 asserentes‘
2144 1308 2163 1347 :

592 1365 995 1421 Macedonianos
1040 1364 1297 1419 Deitatem
1322 1373 1507 1416 sancto
1537 1362 1753 1431 Spiritui
1793 1360 2116 1431 denegantes
2149 1380 2163 1417 :

532 1438 535 1439 ⁷
593 1437 1018 1504 Apollinaristas,
1049 1448 1339 1504 eorumque
1366 1434 1587 1499 similes,
1618 1433 1705 1504 qui
1729 1431 1909 1485 dicunt
1954 1431 2166 1504 Deifi-

596 1501 725 1560 lium
754 1507 927 1560 minus
954 1505 1151 1576 aliquid
1184 1501 1427 1576 humanae
1447 1503 1744 1576 suscepisse
1785 1512 1988 1576 natura;
2012 1501 2164 1576 :_No_-

592 1576 835 1631 vatianos
877 1573 1059 1645 lapsis'
1097 1574 1461 1644 paenitentiam
1482 1573 1808 1645 denegantes
1834 1590 1848 1627 :
1875 1573 2164 1645 Joviniani-

593 1656 724 1712 stas,
743 1646 829 1717 qui
850 1642 1031 1702 dic—unt
1057 1642 1328 1717 hominem
1350 1643 1806 1717 post_Bapt_ismum
1840 1644 1984 1717 nnllo
2006 1642 2164 1698 modo

592 1732 748 1788 posse
759 1713 992 1788 peccare
1025 1735 1039 1771 :
1065 1713 1387 1788 Manichaeos
1413 1713 1702 1788 etiamduo
1729 1713 1984 1788 principia
2003 1728 2162 1788 asse-

590 1784 788 1853 rentes,
818 1786 870 1841 id
912 1798 1028 1854 est,
1076 1787 1199 1842 boni
1229 1796 1283 1841 et
1321 1785 1475 1849 mali;
1507 1784 1704 1854 quique
1727 1799 1791 1837 ex
1818 1784 1957 1837 bono
1982 1785 2165 1839 dicunt

596 1872 716 1913 esse
743 1858 973 1912 animam
994 1897 1011 1924 ,
1043 1873 1111 1912 ex
1138 1857 1279 1911 malo
1306 1870 1436 1911 vero
1465 1869 1700 1918 carnem,
1723 1864 1776 1908 et
1805 1854 1873 1909 ob
1894 1854 1994 1908 hoc
2018 1870 2165 1908 com-

588 1928 876 1998 pugnantia
904 1943 1116 1998 semper
1133 1942 1253 1998 esse
1283 1927 1334 1981 in
1364 1934 1640 1998 utramque
1667 1934 1929 1998 naturain.
1963 1924 2162 1998 Eorum

588 1995 799 2069 quoque
838 1995 1078 2068 similes,
1108 1997 1200 2068 qui
1229 1998 1329 2053 sub
1353 1995 1650 2069 assertione
1677 1996 1933 2069 naturalis
1959 1996 2161 2069 peccati

588 2064 852 2132 asserunt,
876 2064 1085 2138 nuptias
1110 2064 1175 2123 ab
1191 2064 1642 2138 auctoreddiabolo
1665 2067 1949 2138 exstitisse,
1964 2064 2028 2120 et
2047 2066 2162 2138 illa-

586 2155 705 2194 rum
735 2140 876 2195 ﬁlios
903 2136 1178 2194 diabolicae
1203 2153 1323 2194 esse
1349 2136 1556 2207 arboris
1582 2136 1803 2190 fructus.
1833 2136 2041 2207 Quique
2076 2136 2160 2207 di-

586 2220 715 2265 cunt
742 2226 912 2279 usque
931 2210 998 2265 ad
1021 2209 1323 2279 passionem
1352 2206 1558 2262 Domini
1580 2221 1765 2279 omnes
1783 2245 1801 2272 ,
1834 2206 2050 2279 propter
2073 2206 2159 2279 id,

588 2281 731 2349 quod
774 2276 1096 2336 matrimonii
1143 2280 1414 2348 voluptate
1454 2278 1687 2349 suscepti
1712 2287 1917 2349 snn_t,ua
1940 2276 2160 2349 diabolo

586 2346 706 2421 jure
734 2352 1039 2422 aequissimo
1066 2365 1185 2406 esse
1211 2346 1508 2423 po'ssessos2
1538 2347 1635 2402 Vel
1675 2348 1762 2423 qui
1795 2346 1834 2423 lj‘
1839 2347 1986 2402 ilium
2012 2348 2160 2423 Dei__a

595 2416 834 2493 tempore
883 2423 1147 2493 passionis
1178 2416 1545 2493 tantummodo
1572 2418 1755 2487 generi
1803 2416 2039 2493 humano
2080 2418 2161 2473 di-

589 2488 723 2547 cunt
745 2488 975 2564 cmpisse
1005 2491 1277 2564 prodesse.
1299 2490 1506 2564 Quique
1531 2496 1777 2543 asserunt
1802 2489 1854 2542 in
1889 2488 2161 2564 Dap_tismo

587 2578 695 2618 non
726 2558 934 2632 penitus
957 2558 1170 2633 peccata
1196 2558 1502 2633 deleri._Vel
1520 2568 1734 2633 sanctos
1753 2560 1952 2633 veteris
1972 2558 2162 2615 Testa-

586 2629 755 2715 φεμιῐὶ
771 2629 1160 2715 ὀυιιιρὲεοδιυ.
1182 2632 1249 2687 de
1269 2630 1513 2713 hac‘luee
1536 2629 1793 2715 migrasse
1819 2630 2156 2715 confirmant.

583 2703 684 2769 Qui
714 2706 873 2758 etiam
897 2700 1112 2768 dicunt,
1145 2701 1415 2757 hominem
1463 2701 1515 2755 in
1545 2709 1817 2770 pacatum
1845 2700 2160 2756 necessitate

584 2774 924 2847 praecipitari.
956 2773 1061 2847 Sed
1091 2783 1146 2828 et
1168 2773 1295 2847 illud
1318 2771 1562 2847 similiter
1585 2785 1946 2847 exsecramur.
1978 2770 2160 2847 Salva:-

583 2841 767 2899 torem'
783 2844 1097 2900 necessitate
1133 2844 1311 2898 carnis
1351 2842 1513 2897 fuisse
1554 2841 1868 2906 mentitum;
1921 2851 1976 2896 et
2016 2841 2158 2911 quod

582 2926 803 2985 pr0pter
826 2914 1263 2984 impedimentum
1291 2913 1468 2985 carnis
1494 2926 1600 2967 non
1629 2913 1808 2985 omnia
1830 2914 2063 2985 potuerit
2083 2912 2159 2985 fa-

581 2982 733 3051 cere,
761 3001 880 3056 qua:
904 2982 1133 3041 volebat.
1163 2985 1369 3056 Quique
1386 2983 1585 3056 primas
1612 2984 1818 3056 nuptias
1844 2997 1965 3036 cum
1991 2982 2154 3056 Mani:

579 3052 793 3123 charis;
830 3056 1093 3112 secundas
1141 3052 1296 3109 cum'
1332 3052 1678 3124 Cataphrygis
1722 3053 1995 3108 damnant.
2056 3054 2157 3119 Qui

580 3128 740 3182 etiam
765 3169 781 3197 ,
812 3142 911 3183 nec
934 3142 1054 3183 cum
1078 3127 1248 3197 gratia
1298 3124 1393 3181 Dei
1420 3125 1603 3179 dicunt
1647 3132 1862 3194 peccata
1892 3139 2050 3194 posse
2074 3125 2158 3179 vi-

582 3210 699 3255 tari.

651 3270 739 3325 15.
785 3267 891 3325 Sed
921 3276 976 3323 et
995 3268 1039 3322 si
1064 3267 1184 3339 quis
1210 3265 1342 3321 dicit
1387 3264 1631 3339 homines
1677 3264 1807 3339 sine
1842 3263 1949 3339 Dei
1988 3264 2157 3335 gratia

578 3340 664 3395 vel
698 3340 961 3405 adiutorio
1004 3335 1160 3408 posse
1208 3344 1421 3407 peccata
1447 3336 1636 3408 vitare,
1665 3335 1896 3408 graviter
1918 3335 2155 3389 detesta-

579 3426 720 3465 mur.
755 3409 848 3465 Vel
874 3411 960 3478 qui
985 3405 1141 3478 negat
1171 3405 1419 3477 parvulos
1447 3405 1985 3478 Baptismo‘indigere
2008 3448 2024 3478 ,
2066 3414 2158 3461 aut

579 3480 699 3535 aliis
725 3475 1258 3536 Sacraineuti‘ver‘bis
1279 3478 1488 3541 asserit,
1525 3490 1687 3545 quam
1729 3475 1780 3528 in
1822 3476 2113 3545 majoribus
2136 3518 2153 3544 ,

579 3552 777 3607 debere
800 3550 1079 3605 celebrari.
1107 3549 1164 3604 Si
1186 3549 1301 3618 quis
1322 3549 1481 3618 etiam
1506 3545 1631 3600 dicit
1659 3544 1728 3600 de
1753 3544 1957 3600 duobus
1987 3546 2156 3618 bapti-

577 3623 709 3677 satis
739 3631 917 3675 natum
940 3662 954 3681 ,
987 3621 1068 3675 vel
1098 3619 1165 3675 de
1192 3617 1412 3671 muliere
1440 3617 1702 3684 baptizata
1731 3627 2011 3684 pronatum
2059 3617 2157 3671 Ba-

580 3694 847 3767 ptismatis
885 3691 1053 3761 gratia
1074 3706 1178 3767 non
1199 3703 1378 3757 egere.
1412 3687 1507 3741 Vel
1549 3685 1867 3767 quicumque
1916 3689 2152 3767 asserit,

578 3756 721 3834 quod
745 3756 915 3833 neque
938 3778 1031 3831 per
1071 3756 1426 3834 Adautomue
1454 3771 1625 3827 genus
1649 3756 1922 3811 hominum
1953 3760 2154 3834 meriaj

580 3827 686 3899 tur,
716 3827 1010 3904 nequeper
1026 3832 1292 3904 Christum
1322 3845 1481 3883 omne
1501 3841 1670 3904 genus
1696 3838 1955 3904 resurgat.
1993 3827 2088 3881 Vel
2110 3829 2155 3885 si

578 3898 679 3974 qua
712 3898 836 3958 sunt
863 3898 986 3969 alia,
1015 3919 1133 3972 quze
1163 3903 1245 3974 vel
1285 3910 1473 3955 contra
1512 3899 1670 3974 fidem
1715 3898 2030 3974 catholicam
2061 3915 2155 3955 ve-

581 3970 748 4039 niant,
773 3976 855 4029 vel
882 3974 949 4027 ad
994 3970 1412 4041 indiscipliuatas
1454 3970 1754 4041 pertineant
1796 3970 2150 4041 quaestiones,

582 4046 741 4101 simili
766 4045 1134 4099 exsecratione
1156 4039 1485 4096 damnamus.
1512 4039 1636 4093 Haec
1660 4048 1835 4093 autem
1865 4040 2043 4095 oumia
2089 4040 2157 4096 de

580 4116 775 4186 quibus
796 4130 935 4186 nunc
961 4116 1152 4186 agitur,
1182 4112 1233 4186 id
1263 4120 1365 4186 est,
1394 4125 1513 4180 qua:
1539 4110 1590 4163 in
1619 4108 1725 4186 fine
1747 4110 2114 4186 damnavimus
2136 4151 2153 4177 ,

580 4178 683 4257 ipsi
712 4186 869 4240 etiam
890 4183 968 4257 de
989 4178 1179 4257 quibus
1208 4184 1305 4257 ista
1335 4178 1604 4257 jactantur
1623 4221 1638 4243 ,
1661 4178 1792 4233 falso
1820 4179 1923 4236 sibi
1947 4181 2156 4251 objecta

581 4250 859 4321 teStantc-s,
887 4254 1078 4309 libellis
1105 4252 1330 4322 propriis
1358 4250 1760 4322 damnaverunt.

653 4327 742 4384 16.
788 4319 946 4389 Huic,
999 4332 1057 4379 ut
1099 4319 1250 4378 nobis
1296 4320 1590 4376 secundum
1637 4319 1953 4375 catholicam
2004 4337 2159 4389 regu-

580 4398 687 4454 lam
728 4398 904 4453 visum
928 4404 1007 4451 est
1028 4435 1042 4456 ,
1068 4404 1258 4449 vestrae
1287 4392 1563 4447 Sanctitati
1589 4391 1887 4459 conscripta
1912 4393 2158 4446 transmi-

579 4471 748 4525 simus
776 4483 933 4538 :qu:e
961 4467 1005 4520 si
1032 4466 1186 4538 aliter
1227 4462 1422 4534 putatis
1449 4460 1696 4525 tenenda,
1729 4462 2042 4538 rescribite;
2073 4464 2156 4538 sin

580 4552 756 4596 autem
785 4534 1078 4594 contradici
1105 4536 1221 4591 istis
1241 4550 1347 4589 non
1384 4542 1595 4602 potest,
1638 4540 1699 4603 et
1744 4542 1921 4587 tamen
1968 4534 2158 4603 aliquis

581 4611 809 4666 voluerit
858 4618 1043 4665 contra
1079 4621 1177 4661 nos
1204 4605 1511 4662 scandalum
1554 4602 1856 4668 concitare,
1897 4602 2160 4659 certa’sit

581 4681 849 4737 Sanctitas
871 4688 1049 4735 vestra
1077 4694 1177 4733 nos
1204 4675 1273 4732 ad
1300 4675 1625 4731 audientiam
1678 4673 1932 4744 pleuarite
1967 4675 2157 4747 synodi

580 4766 894 4827 9791099“:
1121 4819 1152 4827 _
1284 4817 1297 4827 .
1364 4826 1369 4827 ,
1586 4825 1592 4827 _

656 4823 745 4879 17.
769 4821 898 4877 Illud
918 4830 1095 4875 autem
1119 4817 1466 4875 Sanctitatem
1484 4825 1714 4871 vestram
1738 4816 2040 4885 specialiter
2060 4816 2157 4871 ad-

582 4907 881 4959 monemus,
915 4907 982 4947 ne
1006 4891 1072 4945 ad
1102 4900 1331 4945 vestram
1362 4886 1828 4959 reprehensionem
1846 4886 2037 4959 factum
2062 4902 2160 4957 puo

585 4965 731 5030 tetis,
761 4957 903 5032 quod
952 4964 1030 5017 sic
1051 4961 1331 5032 absentum
1362 4958 1756 5032 damnationem
1781 4957 1851 5032 ob
1881 4959 1970 5032 Dei
2000 4958 2158 5014 timo-

580 5050 696 5091 rem
718 5028 1071 5088 subscribere
1096 5047 1201 5087 non
1222 5030 1501 5093 audemus,
1536 5028 1675 5083 docti
1705 5043 1798 5097 per
1822 5029 2155 5099 Scripturas,

581 5105 867 5160 humanam
900 5104 1220 5157 voluntatem
1252 5101 1534 5171 praeceptis
1554 5099 1643 5171 Dei
1673 5114 1778 5153 non
1806 5098 2003 5155 debere
2024 5098 2160 5169 prte-

582 5176 732 5237 ferri,
761 5174 1021 5229 dicentis:
1045 5173 1095 5228 Ν
1101 5190 1165 5225 οη
1185 5169 1354 5226 credes
1385 5169 1583 5225 audilui
1604 5184 1751 5233 vano,
1774 5186 1864 5223 nec
1885 5173 2160 5225 consenties

584 5264 698 5302 cum
718 5247 891 5314 iniquo
914 5246 1024 5315 ﬁeri
1047 5245 1183 5298 testis
1212 5243 1446 5315 injustas.
1478 5240 1660 5315 Eine,
1690 5240 2013 5315 multitudini
2041 5242 2162 5315 quis

581 5309 1145 5401 credendnmLPntnret
1190 5309 1430 5401 adjnnxjt
1459 5331 1473 5367 :
1506 5309 1756 5401 Nenve‘nis
1781 5328 1895 5401 etim
1927 5309 2160 5394 pluribus

581 5389 637 5444 in
665 5388 859 5443 malitia
880 5382 1076 5459 (Exod.
1111 5400 1263 5451 χχιιι,
1288 5384 1340 5449 1,
1366 5382 1422 5448 2,
1445 5399 1543 5438 sec.
1574 5382 1767 5454 LXX).
1820 5383 1889 5439 Et
1927 5382 2158 5439 iterum:

648 5503 665 5533 ι
700 5501 774 5550 sic
797 5498 945 5550 editio
966 5496 1273 5558 Benedictina
1312 5496 1583 5558 Antaei-pia:
1615 5509 1730 5546 casa
1769 5510 1895 5546 anno
1920 5496 2080 5558 1703;
2114 5508 2165 5547 at

583 5563 839 5613 Garuerius
860 5562 910 5623 in
940 5557 1204 5623 mendice
1232 5556 1570 5623 14ιιζ1ιιηςιὶηἱαῃιι
1613 5558 1775 5608 eidem
1820 5558 2019 5623 editioni
2061 5556 2164 5608 Suf-

584 5623 680 5689 fian
711 5624 837 5672 hunc
861 5617 1017 5671 locum
1041 5623 1103 5671 ita
1127 5620 1341 5689 restituit
1356 5632 1421 5689 eat
1444 5617 1611 5689 codice
1634 5622 1867 5689 vernensi
1890 5633 2040 5689 quem
2059 5634 2165 5683 pro-

588 5687 691 5747 pria
714 5697 857 5733 nianu
881 5680 1478 5747 exaraverat__sirmondus
1501 5693 1513 5728 :
1542 5680 1853 5732 Emmaianos

588 5740 767 5861 manu
784 5758 849 5817 ex
870 5758 963 5794 non
985 5742 1278 5813 exstantibus
1310 5747 1590 5814 asserentes.
1608 5748 1660 5791 tn
1675 5749 1745 5803 B.,
1770 5742 2081 5795 amendatos
2102 5740 2165 5808 ﬁ-

689 5820 707 5857 ι
729 5815 819 5859 Det
837 5808 1019 5861 faction
1038 5812 1107 5859 est
1127 5804 1271 5859 nullis
1288 5802 1583 5858 centonibus
1602 5812 1880 5858 asserentes.
1946 5812 2003 5861 ιι.

729 5807 819 5859 Dei
837 5808 1019 5875 factum
1038 5812 1107 5880 est
1127 5804 1271 5859 nullis
1288 5802 1583 5858 “nauibus
1602 5802 1880 5858 asserentes.
1946 5812 2003 5861 ιι.

1725 329 2125 387 APPENDICIS
2162 330 2341 387 PARS
2376 330 2709 389 SECUNDA.

3707 336 3851 397 I736

2281 443 2589 522 Prinsqunm
2614 448 3017 522 interrogeshne
3054 446 3300 522 vituperes
3666 450 3852 520 (Eccli.

2274 530 2351 586 ιι,
2376 516 2452 585 7).
2496 516 2559 570 Et
2614 517 2802 571 iterum
2851 533 2864 570 :
2901 516 3028 583 Qua:
3063 516 3292 573 viderunt
3334 520 3467 573 oculi
3494 516 3603 586 'tui,
3658 516 3857 586 loquere

2276 584 2458 669 (Prov.
2492 602 2625 669 xxv,
2649 589 2703 648 8,
2730 603 2829 669 sec:
2865 586 3054 669 CXX),
3084 589 3211 669 item
3243 591 3303 669 in
3327 584 3618 669 Evangelia
3647 608 3662 644 :
3689 584 3858 649 Nolite

2263 656 2523 728 judicare,
2572 666 2625 709 ut
2664 673 2763 710 non
2801 656 3147 728 iudicemini;
3200 660 3354 713 nolite
3405 656 3763 726 condemnare,
3807 674 3857 719 ut

2274 726 2384 802 non
2402 726 2822 802 condemnemini,
2869 726 2937 781 In
2960 745 3059 799 quo
3082 733 3218 784 enim
3232 731 3430 799 judicio
3463 733 3819 802 judicaveritis
3839 776 3854 802 ,

2273 798 2579 875 iudicabitur
2610 798 2690 875 d_e_
2713 798 2882 875 valgis;
2917 809 2965 875 et
3001 816 3102 868 qua
3130 798 3381 875 Δηιςζιειινιι
3439 798 3608 875 mensi
3629 798 3853 875 fueritis,

2272 868 2724 941 remetieturvobis
2750 866 2961 941 (Manli.
2992 866 3082 935 vn,
3122 870 3173 934 1,
3194 870 3275 941 2).
3314 871 3444 925 Item
3467 873 3519 926 in
3541 866 3671 937 alio,
3699 866 3856 929 erané

2271 938 2462 1020 gelista
2498 940 2663 1020 etiam
2700 937 2880 1020 Judaei.
2916 938 3174 1020 fatentur,
3394 942 3477 1020 lex
3524 953 3707 998 nostra
3754 961 3852 1020 non

2268 1008 2471 1083 judicet
2496 1008 2790 1083 hominem,
2831 1009 3025 1083 nisiab
3063 1009 3189 1083 ipso
3213 1008 3441 1083 audierit
3466 1023 3521 1067 et
3546 1017 3852 1083 cognoverit

2271 1078 2399 1149 quid
2425 1080 2579 1151 faciat
2602 1078 2905 1151 (Jgan._vn,
2928 1079 3038 1151 5t).
3060 1078 3126 1135 Et
3146 1082 3197 1135 in
3229 1081 3448 1137 Actibus
3473 1078 3851 1151 Apostolorum

2270 1147 2370 1222 per
2398 1150 2621 1223 gentiles
2659 1148 2801 1223 Festi
2828 1147 3027 1223 similes
3053 1152 3254 1223 prolata
3275 1147 3538 1208 sententia
3562 1164 3685 1221 est,
3712 1157 3849 1223 quod

2272 1219 2379 1275 non
2401 1221 2470 1275 sit
2495 1219 2821 1294 consuetudo
2849 1219 3107 1275 Romanis
3126 1221 3380 1277 damnare
3396 1224 3627 1294 aliquem
3645 1219 3851 1293 ,Vpritts—

2269 1305 2429 1364 quam
2458 1291 2547 1360 qui
2591 1298 2890 1364 accusatur,
2917 1300 3207 1364 praesentes
3236 1294 3437 1364 habeat
3482 1291 3849 1364 accusatores,

2269 1359 2549 1431 locumque
2576 1360 2895 1431 defendendi
2920 1359 3161 1431 accipiat
3184 1362 3251 1417 ad
3275 1364 3598 1419 abluendum
3633 1359 3850 1421 crimina

2298 1432 2408 1506 Act.
2440 1447 2569 1506 xxv,
2605 1430 2715 1506 t6).
2746 1430 2901 1506 Unde
2925 1430 3221 1506 et‘sanclus
3250 1437 3523 1503 apostolus
3553 1435 3753 1490 Paulus
3772 1438 3853 1506 ju.

2308 1502 2478 1575 icandi
2506 1502 2739 1569 regulam
2757 1502 3027 1575 episcopis
3048 1502 3293 1575 sanciens
3310 1505 3384 1558 ait
3408 1522 3421 1558 :
3442 1506 3701 1558 Adversus
3746 1502 3852 1575 pre-

2271 1572 2526 1642 sbyterum
2545 1572 2915 1642 accusatiguem
2926 1572 3041 1642 noli
3054 1574 3290 1642 recipere,
3311 1576 3407 1629 nisi
3426 1576 3518 1628 sub
3545 1572 3757 1629 duobus
3770 1588 3849 1629 aut

2271 1640 2428 1698 tribus
2454 1642 2659 1713 testibus
2687 1642 2729 1709 (Ι
2749 1640 2884 1697 Tim.
2915 1658 2969 1705 v,
2990 1641 3097 1713 l9).
3127 1640 3217 1697 His
3235 1646 3389 1713 igitur
3409 1647 3690 1700 etcaateris
3710 1649 3849 1701 testi-

2268 1714 2461 1768 moniis
2480 1711 2776 1767 confirmati
2800 1711 3081 1770 metuimus
3094 1714 3146 1769 in
3159 1711 3437 1770 absentum
3454 1726 3508 1769 et
3528 1716 3689 1770 nobis
3706 1717 3847 1770 inau-

2268 1782 2500 1854 ditorum
2522 1784 2693 1851 capita
2718 1784 2917 1854 dictare
2945 1786 3284 1852 sententiam,
3305 1786 3403 1840 nisi
3420 1802 3542 1841 cum
3561 1796 3848 1854 praesentes

2269 1852 2468 1908 fuerint
2492 1853 2767 1925 confutati.
2803 1852 3056 1921 Quamvis
3106 1856 3264 1925 igitur
3309 1852 3660 1911 sacerdOtalis
3696 1856 3848 1914 officii

2269 1926 2358 1991 sit,
2383 1931 2438 1978 et
2463 1922 2767 1995 christiana:
2791 1925 3099 1991 cbaritatis,
3130 1922 3226 1980 eos
3250 1928 3339 1995 qui
3383 1942 3442 1981 se
3488 1927 3688 1982 libellis
3729 1943 3845 1995 pur-

2266 2005 2409 2064 gant.
2433 1994 2728 2066 catholicos
2751 1997 3088 2058 confitentur,
3102 2005 3155 2051 et
3170 1994 3491 2051 damnabilia
3522 1998 3625 2052 sibi
3649 1994 3844 2066 objecta

2266 2066 2642 2137 condemnant,
2672 2064 2837 2119 libera
2858 2066 3171 2137 auctoritate
3195 2066 3506 2134 defendere,
3534 2078 3590 2122 et
3609 2069 3662 2121 in
3681 2064 3845 2123 dubiis

2266 2136 2433 2191 rebus
2462 2137 2528 2190 de
2560 2150 2880 2205 unoquoque
2906 2136 3139 2192 meliora
3170 2140 3369 2193 sentire
3399 2156 3412 2192 :
3446 2148 3629 2193 tamen
3652 2139 3843 2193 dudum

2265 2207 2581 2275 promissam
2610 2206 2928 2279 aequalitatis
2952 2207 3136 2262 libram
3168 2208 3394 2263 mediam
3418 2209 3557 2264 inter
3571 2219 3845 2279 utrumque

2265 2286 2570 2339 servantes,
2596 2290 2695 2330 nec
2720 2276 3035 2332 damnamus
3066 2279 3350 2342 inauditos,
3384 2294 3482 2334 nec
3511 2276 3845 2334 defensamus

2264 2346 2536 2418 absentes.
2567 2346 2785 2402 Certum
2812 2347 2881 2401 sit
2901 2348 3059 2418 igitur
3073 2350 3211 2418 apud
3228 2350 3577 2405 Sanctitatem
3598 2361 3841 2416 veStram,

2264 2417 2387 2486 quia
2418 2417 2816 2487 quantumlibet
2845 2417 2944 2472 hoc
2973 2417 3120 2474 mare
3148 2422 3317 2475 ventis
3342 2420 3594 2475 ﬂantibus
3623 2421 3841 2476 intume-

2264 2498 2396 2560 scat,
2425 2499 2477 2560 et
2498 2487 2693 2560 amaris
2722 2488 2774 2542 in
2796 2503 2894 2543 nos
2922 2489 3167 2544 ﬂuctibus
3182 2492 3451 2557 efferatur,
3481 2507 3756 2560 nunquam
3774 2493 3845 2545 ιιι·

2265 2559 2400 2631 tegri
2421 2558 2608 2629 judicii
2632 2558 2881 2631 domum,
2906 2575 3026 2629 quae
3054 2575 3211 2631 supra
3225 2562 3489 2631 justitiam
3515 2558 3841 2617 Christifun-

2267 2627 2389 2683 data
2419 2627 2523 2693 est,
2551 2628 2746 2699 poterit
2773 2627 3130 2687 commovere;

2335 2701 2425 2755 18.
2452 2700 2586 2755 Illud
2606 2700 2785 2766 etiam,
2809 2709 2993 2756 sancte
3013 2715 3077 2756 ac
3097 2700 3413 2757 venerabilis
3438 2702 3608 2757 frater
3628 2712 3684 2758 et
3708 2713 3847 2771 pater

2263 2770 2608 2843 Augustine‘,
2639 2771 2943 2843 necessario
2966 2772 3310 2843 repetendum
3341 2776 3684 2843 putavimus,
3710 2770 3846 2843 quod

2261 2840 2431 2914 beatae
2456 2841 2729 2897 memoriae
2756 2840 3067 2914 episcopum
3092 2840 3359 2914 Joannem
3382 2845 3433 2897 in
3464 2844 3695 2914 epistola
3722 2840 3847 2898 Sau-

2261 2912 2458 2969 ctitatis
2504 2921 2608 2967 tuae
2644 2912 2946 2967 rectissime
2989 2912 3322 2977 collaudasti,
3372 2929 3479 2968 non
3502 2912 3703 2969 solum
3750 2930 3845 2971 non

2261 2982 2588 3037 destruxisse
2614 2982 2898 3049 Ecclesias,
2929 2983 3022 3038 sed
3050 2985 3208 3038 etiam
3230 2984 3601 3040 conﬁrmasse.
3624 2983 3676 3040 ls
3707 3000 3846 3039 nam-

2301 3068 2366 3108 ue
2390 3053 2458 3108 ad
2487 3053 2809 3125 Neopliytos
2830 3054 2883 3108 in
2924 3053 3103 3108 libello
3130 3055 3255 3124 quid
3302 3056 3368 3109 de
3412 3055 3743 3125 Baptismate
3772 3058 3847 3109 iu-

2281 3123 2483 3178 antium
2520 3123 2773 3193 sentiret,
2801 3124 2965 3193 ipsius
2996 3123 3176 3179 verbis
3214 3123 3577 3190 subdidimus;
3611 3127 3849 3181 utetiam
3940 3156 3945 3161 ο

2260 3207 2386 3266 vos,
2410 3212 2442 3247 o
2470 3202 2655 3248 sancte
2685 3192 2900 3266 frater”,
2931 3196 3167 3262 przedicti
3199 3197 3295 3250 viri
3322 3212 3482 3266 super
3510 3196 3615 3251 hac
3641 3212 3705 3252 re
3728 3212 3845 3251 sen-

2262 3265 2479 3336 tentiam
2501 3265 2850 3334 cognoscatis.
2880 3282 2898 3336 ι
2926 3266 3241 3320 Benedictus
3269 3265 3426 3333 Dens,
3454 3286 3469 3317 ι
3490 3267 3688 3336 inquit,
3710 3286 3729 3319 ι
3756 3268 3847 3321 ite-

2260 3350 2378 3389 rum
2422 3334 2693 3399 dicamus,
2746 3336 2833 3404 qui
2878 3334 3001 3389 fecit
3053 3337 3310 3390 mirabilia
3360 3339 3533 3401 solus;
3570 3334 3685 3406 'qui
3733 3337 3851 3392 fecit

2261 3406 2506 3459 universa
2550 3413 2604 3459 et
2631 3406 2890 3459 convertit
2928 3407 3194 3461 universa.
3241 3407 3379 3462 Ecce
3412 3407 3680 3461 libertatis
3709 3422 3849 3462 sere-

2260 3476 2427 3531 nitate
2458 3474 2819 3547 pegfruuntur,
2842 3475 2930 3544 qui
2958 3478 3274 3531 tenebantur
3298 3478 3452 3546 paulo
3471 3488 3602 3532 ante
3621 3478 3847 3547 captivi;

2261 3555 2318 3601 et
2344 3546 2488 3601 cives
2518 3545 2774 3617 Ecclesiae
2803 3556 2944 3610 sunt,
2977 3547 3067 3616 qui
3091 3545 3306 3602 fuerant
3326 3549 3376 3602 in
3408 3545 3851 3617 peregrinationis

2261 3631 2477 3681 errore;
2508 3626 2562 3670 et
2585 3616 2802 3683 justitize
2832 3618 2883 3670 in
2914 3628 3060 3671 sorte
3105 3616 3419 3684 versantur,
3446 3616 3780 3686 qui’fuerant
3801 3620 3849 3673 in

2260 3687 2861 3757 confusione'peccati.
2904 3686 3020 3741 Non
3069 3688 3210 3744 enim
3245 3698 3445 3743 tantum
3482 3698 3613 3743 sunt
3662 3690 3847 3755 liberi,

2260 3757 2356 3812 sed
2380 3767 2435 3812 et
2462 3756 2661 3828 sancti;
2708 3773 2814 3828 non
2852 3766 3054 3828 tantum
3096 3758 3297 3822 sancti,
3348 3758 3440 3814 sed
3469 3769 3525 3814 et
3550 3761 3719 3828 justi;
3750 3775 3853 3814 non

2260 3829 2433 3882 solum
2458 3827 2624 3897 justi,
2659 3826 2755 3882 sed
2784 3837 2837 3881 et
2868 3827 2995 3891 ﬁlii;
3029 3845 3135 3883 non
3164 3832 3335 3883 solum
3367 3830 3488 3896 ﬁlii,
3532 3826 3631 3884 sed
3663 3842 3718 3884 et
3746 3830 3855 3885 ha:-

2260 3897 2450 3961 redes;
2475 3914 2578 3951 non
2605 3898 2777 3952 solum
2802 3897 3064 3965 haeredes,
3087 3900 3181 3954 sed
3203 3909 3258 3955 et
3277 3900 3464 3955 fratres
3486 3900 3725 3964 Christi;
3750 3915 3855 3955 non

2261 3977 2464 4023 tantum
2488 3967 2677 4023 fratres
2697 3968 2915 4035 Christi,
2939 3970 3033 4025 sed
3062 3981 3116 4024 et
3141 3971 3479 4038 cobazrcdes;
3511 3986 3624 4026 non
3650 3982 3853 4026 tantum

2259 4038 2598 4104 colueredes,
2644 4038 2737 4093 sed
2780 4048 2836 4093 et
2876 4041 3146 4107 membra;
3189 4056 3294 4096 non
3337 4042 3581 4096 membra
3626 4053 3853 4106 tantum,

2259 4110 2353 4182 eed
2378 4120 2433 4164 et
2459 4110 2745 4182 templum;
2777 4119 3113 4182 nonitantum
3146 4112 3423 4182 templum,
3450 4110 3547 4166 sed
3575 4121 3633 4165 et
3655 4126 3858 4182 organa

2260 4179 2508 4250 Spiritus.
2542 4180 2860 4236 Benedictus
2890 4181 3029 4236 Deus
3051 4221 3067 4243 ,
3117 4183 3207 4250 qui
3238 4179 3363 4237 fecit
3388 4182 3656 4237 mirabilia
3685 4179 3856 4238 solus.

2259 4249 2423 4323 Vides
2448 4260 2586 4323 quot
2615 4251 2723 4306 sint
2765 4250 3101 4319 Baptismatis
3136 4249 3427 4323 largitates.
3467 4253 3539 4307 Et
3582 4254 3859 4309 nonnullis

2258 4321 2474 4393 quidem
2506 4322 2715 4394 videtur
2739 4322 3009 4394 etelestem
3029 4321 3253 4394 gratiam
3282 4324 3337 4378 in
3363 4334 3709 4394 peccatorum
3738 4335 3856 4379 tan-

2263 4404 2373 4447 tum
2401 4393 2716 4447 remissione
2744 4393 3197 4450 consisteremus
3226 4393 3402 4449 autem
3435 4395 3674 4451 honores
3702 4411 3859 4451 com-

2262 4474 2512 4533 putamus
2538 4463 2745 4519 decem.
2791 4463 2902 4518 Hac
2946 4463 3015 4520 de
3051 4479 3209 4519 causa
3243 4465 3403 4521 etiam
3437 4464 3739 4520 infantulos
3769 4467 3860 4520 ha-

2260 4536 2557 4605 ptizamus,
2586 4550 2707 4605 cum
2752 4549 2859 4589 non
2899 4535 3005 4605 sint
3045 4534 3367 4603 coinquinati
3394 4536 3661 4605 peccatis;
3695 4546 3759 4591 ut
3784 4536 3860 4591 eis

2263 4604 2486 4675 addatur
2506 4604 2779 4675 sanctitas,
2800 4604 3029 4675 justitia,
3057 4605 3290 4675 adoptio,
3320 4604 3630 4671 hereditas,
3661 4607 3863 4662 frater-

2261 4676 2406 4748 nitas
2427 4673 2646 4748 Citristi,
2680 4684 2738 4748 ut
2762 4674 2876 4745 ejus
2903 4675 3141 4748 membra
3161 4673 3277 4748 sint
3297 4717 3312 4741 ,
3357 4685 3416 4748 ut
3436 4676 3673 4748 Spiritus
3702 4677 3861 4748 inha-

2262 4744 2864 4829 bitn't‘iodiautohuoan,
2896 4746 3155 4829 Cltrysost.
3186 4745 3382 4829 Homil.
3405 4744 3861 4829 {td—Neopliytos).

2336 4817 2423 4872 i9.
2453 4817 2577 4871 Ha:c
2608 4817 2765 4886 igitur
2807 4817 2998 4872 divinis
3040 4826 3095 4873 et
3130 4817 3551 4873 sacerdotalibus
3592 4817 3864 4887 eaeinplis

2262 4886 2469 4952 edocti,
2510 4900 2702 4942 vestrae
2740 4888 3099 4957 suggessimus
3136 4887 3431 4943 Sauctitati.
3466 4888 3727 4944 Vestrum
3751 4886 3864 4953 est,

2264 4958 2599 5015 Considerata
2619 4957 2821 5026 judicio
2851 4958 2965 5025 Dei,
2995 4961 3173 5013 omnia
3197 4958 3434 5029 diligenti
3453 4960 3867 5015 examinatione

2263 5029 2715 5101 perpenderezut
2761 5044 2901 5098 pax,
2951 5044 3111 5099 quam
3156 5044 3255 5101 nos
3291 5044 3321 5083 a
3365 5031 3584 5101 Christo
3630 5031 3869 5101 Domino

2264 5096 2694 5171 commendatam,
2721 5096 2935 5154 servare
2963 5096 3318 5171 Suscepimus,
3350 5098 3458 5156 ullo
3481 5100 3751 5157 seandalo
3782 5096 3869 5156 ini

2265 5170 2593 5227 terveniente
2622 5170 2873 5224 solvatur.

2444 5240 2532 5295 DE
2570 5238 2856 5295 JULIANO
2897 5240 3220 5298 EPISCOPO
3257 5240 3636 5300 ECLANENSI
3664 5284 3684 5310 ,

2582 5327 2892 5368 νειλῦυιιω
2931 5328 3166 5369 HERESIS
3203 5330 3288 5369 DEI
3310 5329 3530 5369 ENSORE.

2269 5401 2563 5459 Gennadius
2585 5445 2600 5469 ,
2644 5403 2698 5456 in
2728 5404 2855 5477 libro
2885 5403 2946 5458 de
2982 5404 3330 5477 Scriptoribus
3371 5407 3770 5475 ecclesiasticis,
3814 5407 3881 5461 ad

2477 5484 2688 5527 veterem
2714 5475 2937 5530 codicem
2963 5475 3312 5533 Corbeiensem
3339 5479 3639 5549 castigatus.

2339 5566 2580 5623 Julianus
2625 5566 2707 5622 vir
2751 5582 2876 5622 acer
2923 5567 3170 5638 ingenio,
3223 5570 3276 5624 in
3327 5568 3521 5625 divinis
3564 5568 3884 5641 Scripturis

2331 5682 2352 5751 ξ
2388 5680 2583 5751 Videtur
2605 5682 2965 5751 corrigendum,
2994 5681 3196 5733 Zosime.

2332 5744 2356 5807 ξ
2389 5742 2531 5807 sitas,
2553 5755 2583 5792 0
2605 5742 2760 5807 sancti
2791 5744 2987 5807 fratres.

2340 5805 2361 5839 ³
2393 5804 2536 5867 Alias,
2560 5803 2867 5871 confessione.
