4030 6478
262 358 395 413 1737

251 470 465 535 doetus,
490 482 660 540 graeca
684 476 738 524 et
757 468 919 540 latina
946 466 1122 540 lingua
1144 465 1513 540 scholasticus.
1538 465 1692 540 Prius
1713 483 1839 538 ergo

293 556 413 595 nam
454 536 1041 611 ,impietatemPelagii'
1068 538 1121 591 in
1167 552 1225 591 se
1268 537 1519 606 aperiret,
1570 536 1743 611 clarus
1770 536 1839 611 :in

293 606 566 664 oetoribus
605 610 859 664 Ecclesia:
898 606 1033 662 fuit:
1056 617 1241 679 postea
1279 622 1406 679 vero
1434 621 1556 661 cum
1594 608 1840 679 hmresim

255 681 457 751 Pelagii
486 680 815 743 defenderet,
838 677 1328 751 scripsitadversus
1354 677 1566 731 beatum
1593 678 1836 751 Augusti.

255 748 867 821 num'impugnatoreiu
892 749 1030 821 illius
1075 748 1238 821 libros
1267 756 1526 821 quatuor;
1566 756 1623 802 et
1651 749 1841 821 iterum

258 821 427 875 libros
455 817 596 873 oc'tol
628 819 720 874 Est
744 828 801 875 et
820 820 953 875 liber
979 818 1337 873 altercationis
1362 817 1637 871 amborum
1668 820 1844 887 partes

256 905 384 945 suas
426 890 821 946 defendentium
873 888 968 961 (α).
1011 887 1401 961 ΗὶοΑΙμΙίιιηηξ
1445 889 1842 959 eleemosynam

259 972 503 1030 tempore
546 960 700 1015 famis
746 971 797 1014 et
841 957 1096 1030 angustia:
1127 957 1480 1028 indigentibus
1502 957 1840 1030 prazrogans,

258 1032 458 1084 multos
497 1031 850 1086 miserationis
895 1029 1105 1099 specie,
1140 1030 1405 1098 prmeipue
1440 1029 1838 1099 religiosorum,

257 1101 507 1168 itlieiens,
556 1101 744 1155 haeresi
787 1116 897 1154 sure
926 1098 1177 1154 soeiavit.
1225 1098 1444 1153 Moritur
1473 1098 1843 1155 Valentiniano

258 1170 558 1226 Constantii
588 1172 694 1225 lilio
721 1172 1037 1241 imperante.

258 1279 545 1319 IERCATOB
569 1305 584 1331 ,
614 1280 665 1319 1N
691 1278 1082 1320 COﬂMONlTORlO
1106 1277 1532 1319 SUBNOTATIONUI
1556 1277 1606 1317 IN
1628 1276 1842 1318 SCRIPTA

886 1370 1087 1410 meum
1116 1351 1212 1426 (ὑ).

334 1466 386 1520 l.
415 1464 542 1520 ηερ
567 1474 724 1535 atque
752 1463 1010 1537 ejusmodi
1043 1462 1293 1537 [capitula
1328 1461 1637 1537 Pelagiana]
1676 1463 1833 1519 etiam

257 1532 495 1602 Iuliano,
525 1545 577 1590 et
606 1532 812 1591 cietcris
839 1536 956 1605 ejus
984 1532 1523 1605 eoinn’tanipularibus
1553 1532 1832 1603 placuere:

257 1622 383 1675 quae
411 1622 529 1661 cum
560 1607 767 1676 cognita
788 1603 944 1676 atque
973 1606 1201 1666 detecta,
1234 1603 1592 1676 ecclesiastica
1620 1605 1843 1660 fuissent

258 1673 384 1748 cuin
407 1673 892 1748 prtefatis'personi's
911 1675 1142 1748 [Pelagio
1165 1684 1218 1729 et
1237 1673 1511 1748 C(elestio]
1529 1677 1841 1748 auctoritate

256 1745 544 1810 damnata,
590 1745 843 1800 librorum
893 1745 1102 1816 quoque
1147 1745 1525 1800 numerositate
1543 1746 1620 1816 ab
1649 1747 1837 1800 eodem

256 1817 474 1872 Juliano
503 1816 715 1871 defensa
761 1814 921 1881 sunt,
958 1814 1257 1886 placuitque
1297 1817 1345 1871 ei
1390 1826 1510 1869 cum
1538 1814 1753 1886 Pelagio
1782 1825 1837 1871 et

256 1888 512 1943 Celestio
539 1888 590 1941 iu
616 1887 956 1941 damnatione
983 1888 1191 1941 tertium
1220 1887 1506 1940 numerari.

327 1959 385 2011 2.
419 1958 566 2012 Tunc
608 1967 789 2011 contra
823 1958 1053 2027 pueriles
1100 1971 1259 2011 ausus
1286 1956 1401 2026 ejus
1431 1966 1628 2012 saneta:
1656 1973 1839 2012 recor-

256 2028 492 2082 (laliOltiS
538 2030 860 2097 Augustinus
905 2029 1185 2097 episcopus
1236 2027 1458 2081 diversis
1510 2030 1838 2095 temporibus

254 2099 504 2154 diversos
542 2099 776 2153 comlidit
807 2098 989 2164 libros,
1018 2114 1081 2153 ev
1113 2099 1303 2167 quibus
1330 2098 1575 2152 omnibus
1598 2097 1838 2153 Julianus

254 2185 425 2224 unum
473 2169 538 2223 de
581 2169 786 2223 duobus
815 2170 983 2238 primo
1012 2177 1249 2237 tempore
1277 2168 1342 2221 ad
1377 2168 1639 2222 Valerium
1683 2170 1838 2224 editis

256 2240 442 2309 elegit,
471 2240 554 2293 cui
578 2252 802 2309 qualttor
826 2240 974 2293 libris
998 2254 1028 2293 a
1050 2254 1108 2294 se
1129 2238 1195 2293 ad
1216 2238 1560 2292 'l'urbantium
1580 2238 1836 2295 absolutis

254 2310 652 2381 contr-adiceret
685 2310 753 2381 (c)
775 2328 787 2362 :
812 2310 1053 2379 sequenti
1085 2324 1211 2364 vero
1241 2309 1481 2381 uniocto
1510 2309 1710 2381 ultimis
1737 2327 1833 2381 vo-

256 2380 547 2436 luminibus
567 2380 631 2434 ad
656 2379 868 2435 Florum
890 2381 1099 2435 emissis
1115 2379 1450 2448 respondisse
1466 2392 1532 2451 se
1547 2380 1833 2451 jactat(d);

256 2452 467 2521 [ingens
508 2452 701 2505 multos
745 2451 858 2521 ejus
905 2451 1072 2505 sancti
1121 2451 1215 2503 viri
1262 2464 1423 2519 super
1466 2449 1571 2521 hac
1606 2465 1665 2505 re
1703 2449 1836 2521 alius

253 2519 560 2575 elaboratus
583 2519 790 2590 penitus
818 2522 1078 2591 igmrare.
1107 2521 1307 2588 Quibus
1332 2530 1453 2574 octo
1483 2520 1683 2575 ultimis
1711 2519 1837 2575 hor-

254 2592 369 2645 rida
392 2592 710 2661 loquacitate
731 2604 999 2663 evagatus,
1023 2591 1281 2645 disertum
1304 2605 1366 2663 se
1378 2591 1547 2663 magis
1566 2599 1835 2663 ostentare

252 2672 308 2716 et
338 2660 561 2716 sciol’um
592 2663 807 2726 volens,
838 2660 973 2732 Vpost
1020 2660 1421 2732 innumerabilia
1469 2661 1832 2716 conviciorum

255 2732 489 2802 probra,
522 2749 640 2802 qua:
680 2734 730 2785 in
760 2731 1000 2787 sanetum
1031 2747 1189 2802 supra
1215 2731 1413 2787 dictum
1444 2733 1722 2802 virutnest
1746 2733 1831 2802 ja-

252 2801 486 2868 culatus,
521 2801 633 2858 haec
660 2803 995 2873 impudenter
1018 2844 1031 2867 ,
1064 2801 1301 2872 imojam
1343 2802 1501 2871 impie
1545 2801 1832 2873 defendere

252 2889 417 2945 ausus
446 2883 555 2938 est,
585 2890 707 2945 qua:
731 2872 758 2926 a
797 2873 1010 2945 Pelagio
1044 2873 1397 2943 leestioque
1426 2887 1545 2945 eum
1576 2872 1628 2926 in
1658 2874 1835 2942 perni-

256 2944 453 2997 nieiem
484 2959 632 2997 suam
660 2944 908 2999 didicisse
929 2943 1172 3014 superius
1198 2943 1608 3013 memoravimus
1632 2961 1644 2996 :
1664 2959 1834 3013 quan—

250 3029 413 3082 quam
440 3056 455 3080 ,
499 3016 635 3068 sicut
658 3016 766 3083 jam
811 3015 1073 3083 prioribus
1101 3021 1326 3084 quatuor
1355 3014 1533 3078 libris,
1565 3014 1749 3069 eadem
1777 3024 1835 3069 et

251 3099 468 3154 semper
490 3087 675 3139 eadem
694 3086 929 3148 volvens,
952 3092 1007 3139 et
1027 3085 1227 3139 nullum
1250 3084 1538 3154 prudenter
1557 3084 1832 3140 inveniens

250 3156 495 3236 exitum,
550 3155 754 3225 injuriis
801 3156 1233 3236 et__eontumeliis
1282 3156 1451 3236 magis
1494 3155 1832 3236 membranas

250 3239 350 3278 seu
376 3228 620 3293 chartas,
653 3241 809 3296 quam
838 3226 942 3280 ulla
971 3226 1093 3281 fidei
1122 3233 1267 3296 recta
1293 3225 1500 3296 ratione
1524 3225 1828 3293 complevit.

253 3295 319 3350 Et
343 3311 463 3349 eum
496 3296 609 3352 lnec
633 3312 838 3350 summa
858 3296 1113 3352 brevitate
1135 3295 1589 3364 etScripturarum
1618 3305 1831 3350 saneta-

250 3382 373 3421 rum
402 3376 561 3436 atque
602 3366 897 3421 divinarum
938 3366 1249 3421 auctoritate
1291 3373 1433 3420 esset
1461 3365 1685 3435 qua:stio
1711 3383 1833 3435 per-

253 3439 554 3503 tractanda,
600 3436 882 3506 plurimam
919 3436 1020 3491 sibi
1063 3437 1341 3492 distortum
1383 3445 1439 3489 et
1480 3436 1695 3491 omnino
1724 3454 1828 3492 non

248 3508 615 3578 necessariam,
662 3508 992 3576 loquacitatis
1035 3507 1353 3578 conscripsit
1395 3506 1669 3578 materiam
1689 3547 1731 3578 ,4
1758 3508 1830 3578 de

248 3592 357 3649 qua
397 3587 451 3632 et
494 3577 653 3648 impia
683 3578 931 3643 caderet,
956 3585 1034 3649 ret
1059 3576 1274 3647 prorsus
1298 3585 1479 3647 ageret
1504 3576 1655 3631 nihil.
1684 3576 1829 3633 Nihil

245 3648 396 3702 enim
425 3649 559 3718 agit,
590 3649 677 3719 qui
710 3648 966 3717 impietati
996 3662 1210 3717 operam
1239 3656 1415 3701 navat.

321 3720 379 3773 3.
406 3717 630 3773 sanctus
653 3728 826 3774 tamen
848 3733 990 3788 saepe
1013 3719 1186 3774 dictus
1205 3719 1484 3787 episcopus
1505 3717 1829 3789 Augustinus

246 3803 349 3843 sex
387 3790 496 3843 suis
525 3789 674 3844 libris
708 3787 935 3858 quatuor
959 3790 1097 3843 illius
1123 3789 1328 3858 priores
1357 3787 1547 3859 evertit
1575 3787 1673 3859 (ὲ),
1707 3799 1830 3843 octo

246 3874 464 3929 quoque
501 3860 821 3929 posteriores
864 3858 1566 3929 singulisresponsionihus
1609 3858 1719 3913 Suis
1761 3859 1829 3913 ad

247 3928 458 3999 singula
493 3928 719 3999 capitula
766 3929 1020 4001 subjectis
1054 3928 1154 4001 (Ι),
1196 3945 1257 4001 ac
1296 3929 1375 3983 sic
1413 3942 1578 4001 vanos
1610 3929 1726 3996 ejus
1767 3945 1831 3985 ac

248 4000 529 4070 plumbeos
554 4001 811 4070 pugiones
831 3999 1024 4055 malleo
1046 3999 1321 4054 catholicae
1340 4000 1576 4054 veritatis
1598 4000 1824 4065 obludit,

244 4070 362 4125 imo
385 4069 663 4141 confregit.
694 4070 847 4137 Quod
870 4071 1167 4142 utriusque
1210 4085 1343 4139 opus
1370 4070 1587 4142 Acum‘in
1620 4082 1828 4142 nostras

244 4156 442 4194 manus
482 4139 747 4207 venisset,
793 4140 933 4211 quia,
962 4139 1093 4195 tota'
1117 4154 1321 4195 summa
1367 4139 1531 4211 inepti
1569 4148 1624 4211 et
1661 4139 1828 4209 magis

244 4211 397 4280 impii
429 4211 621 4265 Juliani
653 4212 847 4267 laboris
876 4210 943 4266 ad
986 4226 1143 4265 uuam
1184 4224 1395 4280 pravam
1425 4210 1592 4280 redigi
1623 4211 1829 4264 videtur

242 4283 569 4336 sententiam
592 4323 606 4344 ,
655 4300 673 4331 ι
698 4282 828 4347 Adge
850 4299 868 4333 ο
902 4281 1144 4336 videlicet
1176 4299 1194 4332 ι
1215 4290 1265 4335 et
1295 4281 1417 4334 Eva:
1448 4282 1826 4350 transgressio-

242 4367 372 4405 nem
401 4366 494 4406 eos
524 4366 627 4405 non
660 4350 847 4407 fecisse
876 4353 1161 4415 mortales;
1195 4366 1292 4406 nec
1322 4365 1513 4405 noxam
1548 4366 1732 4405 eorum
1759 4352 1824 4406 ad

242 4433 494 4491 p05teros
521 4423 802 4491 originaria
834 4423 1170 4477 successione
1198 4423 1473 4487 transisse,
1507 4425 1617 4476 sola
1646 4430 1825 4478 autem

243 4493 540 4546 imitatione
564 4493 774 4546 illorum
803 4492 895 4562 qui
922 4492 1096 4547 divina
1135 4493 1378 4547 mandata
1405 4494 1783 4561 contempserit
1807 4535 1822 4556 ,

241 4562 385 4616 eliiei
430 4578 580 4618 reum
606 4580 618 4616 :
649 4583 667 4614 ι
715 4562 819 4617 hoe
859 4578 1007 4632 ergo,
1057 4571 1112 4616 ut
1148 4564 1291 4627 dixi,
1339 4571 1505 4616 totum
1544 4577 1679 4632 opus
1704 4578 1824 4617 cum

239 4633 535 4704 studiosius
556 4634 921 4704 perlegissem,
946 4633 1178 4687 breviter
1200 4650 1295 4701 pro
1317 4644 1615 4704 nostrarum
1635 4633 1823 4704 virium

240 4703 497 4757 facultate
531 4702 990 4758 sobnotationibus
1031 4717 1095 4757 ex
1125 4703 1275 4757 libris
1301 4703 1446 4773 ejus,
1480 4702 1569 4756 ubi
1601 4703 1687 4756 ubi
1725 4718 1823 4772 op-

237 4775 542 4843 portunitas
582 4776 774 4844 exegit,
818 4773 1094 4844 appositis,
1141 4789 1239 4843 ego
1281 4788 1493 4844 quoque
1537 4774 1821 4842 respondi:

237 4861 351 4913 quo
376 4844 544 4898 lector
571 4843 697 4913 post
719 4843 862 4898 tanti
896 4844 1069 4898 Patris
1111 4852 1165 4899 et
1205 4843 1442 4912 magistri
1471 4844 1682 4911 tubam,
1723 4859 1822 4898 no-

234 4923 409 4969 stram
439 4916 597 4969 etiam
626 4916 887 4983 palearem
920 4914 1147 4968 fistulam
1190 4930 1291 4968 non
1331 4925 1641 4983 aspernatus
1669 4928 1824 4968 assu-

237 5000 416 5049 mere,
442 4994 548 5038 tota
575 4985 831 5053 intelligat
848 4984 1104 5039 brevitate
1120 4984 1387 5039 Iulianum
1412 4985 1462 5037 in
1487 4985 1824 5039 elaborandis

234 5055 694 5111 numerosissimis
710 5056 855 5110 libris
873 5056 1083 5110 inanem
1108 5064 1162 5110 et
1189 5057 1397 5126 plenam
1428 5056 1602 5125 potius
1620 5054 1826 5126 jactan-

297 5276 377 5338 (α)
410 5281 567 5339 Ipsum
588 5282 666 5327 est
688 5276 935 5339 Augustini
967 5282 1095 5339 opus
1123 5273 1480 5339 imperfectum,
1509 5287 1608 5339 quo
1634 5274 1825 5326 refellit

231 5335 329 5389 sei:
357 5335 549 5399 priores
567 5351 632 5387 ex
654 5335 799 5399 supr'a
816 5336 955 5387 dictis
970 5335 1108 5399 libris
1133 5344 1241 5399 octo
1260 5336 1448 5399 Juliani.

324 5397 377 5459 b)
397 5399 513 5448 Vide
530 5397 783 5450 exordium
799 5411 961 5459 supra,
985 5397 1078 5446 col.
1102 5397 1389 5448 1680-1682.

322 5459 373 5522 c)
406 5460 577 5522 Juliani
599 5473 722 5522 opus
732 5461 935 5522 primum
961 5459 1107 5508 libros
1127 5465 1329 5522 quatuor
1344 5459 1599 5509 continens
1619 5461 1824 5522 scriptos

227 5520 405 5584 contra
422 5520 595 5570 librum
620 5520 824 5584 primum
841 5521 905 5570 de
928 5520 1183 5584 Nuptiisct
1201 5522 1605 5583 concupiscentia.

295 5581 379 5644 (ά)
411 5581 770 5646 Opusejusdem
792 5581 1087 5646 postremum
1110 5583 1338 5646 librorum
1353 5581 1462 5633 ceto
1471 5581 1823 5633 centralibrutn

226 5646 507 5699 secundum
527 5645 593 5694 de
614 5645 795 5705 Nuptiis
812 5650 864 5692 et
886 5645 1297 5705 Concupiseentia.

317 5710 367 5769 e)
403 5707 652 5769 Augustini
673 5716 795 5769 opus
816 5706 1020 5766 primum
1038 5714 1204 5755 contra
1224 5705 1480 5755 Julianum.

326 5720 346 5756 ε
403 5710 652 5769 Augustini
673 5716 795 5767 opus
816 5710 1020 5766 primum
1038 5714 1204 5755 contra
1224 5710 1480 5755 Julianum.

326 5710 376 5830 1))
409 5776 538 5830 Opus
573 5767 839 5817 secundum
870 5776 1035 5816 contra
1059 5769 1303 5831 eumdem,
1341 5768 1467 5831 quod
1506 5766 1701 5831 reliquit
1731 5769 1820 5817 im-

231 5832 522 5893 perl‘ccttnn.

475 5912 702 5976 Saxcr.
752 5915 795 5973 Λ
808 5932 1025 5979 uocsr.
1074 5914 1153 5974 Χ.

794 344 1001 402 VARIA
1037 337 1322 398 SCRIPTA
1355 352 1448 409 AD
1487 351 1856 410 HISTORIAM
1892 353 2427 413 PELAGIANORUM
2467 359 2948 420 PERTINENTIA.

3351 366 3521 423 ,1758

1954 468 2047 549 tia:
2085 484 2205 549 e_t_nn
2248 485 2453 525 summa
2481 472 2752 549 impietate
2779 492 2992 547 operam
3025 478 3376 549 impendisse,
3413 493 3518 537 etc.

2018 540 2071 593 4.
2098 539 2251 594 Tune
2292 550 2490 597 sancta:
2535 539 2597 596 a'e
2641 539 2831 599 beata!
2850 539 3231 605 recordationis
3271 539 3521 607 Memoris

1946 610 2179 693 episcopi
2210 611 2381 693 titius?
2409 622 2461 693 tu
2482 611 2712 693 Juliana:
2738 617 3003 693 primaria:
3045 621 3255 677 femina:
3275 663 3288 686 ,
3335 632 3390 677 et
3416 636 3518 693 qua

1948 680 2079 733 nihil
2112 679 2387 735 honestius
2418 683 2554 738 inter
2588 679 3042 741 reverentissimas
3067 679 3336 747 matronas
3362 679 3517 749 inve-

1947 750 2082 829 nias,
2108 760 2259 829 utero
2283 752 2494 829 editus?
2520 754 2689 816 Absit,
2718 757 2850 810 absit
2873 768 2977 829 ,Aut
3005 761 3095 814 tibi
3141 762 3275 816 istud
3300 763 3522 820 credere

1946 821 2505 894 ausim._Vernularum
2530 833 2579 878 te
2599 840 2781 878 eorum
2808 827 2980 894 potius
2998 831 3310 887 crediderim
3330 834 3518 893 lilimn.

1948 892 2382 973 suppositumque
2398 894 2541 973 illis,
2551 902 2609 948 ut
2626 910 2770 973 saepe
2794 892 2986 973 dicitur
3004 898 3219 973 factum,
3239 912 3292 957 et
3306 905 3443 973 quod
3465 892 3521 959 tu

1947 964 2123 1084 potius
2164 971 2303 1044 tanta
2334 964 2443 1017 oris
2471 966 2543 1017 tui
2569 967 2859 1047 petulantia
2887 976 2941 1021 et
2968 969 3293 1027 obscenitate
3317 964 3516 1044 appro-

1969 1045 2075 1084 ias:
2098 1040 2185 1084 aut
2215 1047 2258 1084 SI
2290 1034 2340 1084 td
2373 1048 2476 1084 non
2506 1046 2638 1084 erit-
2667 1035 3019 1084 degenerasse.
3046 1040 3163 1084 illo:
3191 1043 3239 1084 in
3270 1050 3322 1084 in
3387 1046 3516 1084 nulli

1969 1045 2075 1113 tas;
2098 1040 2185 1086 aut
2215 1034 2270 1113 si.
2284 1033 2340 1113 id
2373 1048 2476 1113 non
2506 1033 2639 1101 erit,
2667 1035 3021 1113 degenerasse
3046 1040 3163 1113 illos
3190 1043 3239 1095 in
3270 1050 3322 1097 te
3338 1033 3366 1110 ,’
3386 1033 3516 1100 nulli

1946 1101 2164 1155 dubium
2197 1103 2298 1179 erit
2320 1145 2336 1171 ,
2377 1106 2486 1179 qui
2514 1116 2724 1179 sanctos
2740 1101 2976 1162 'illorum
3010 1101 3517 1179 hominummores,

1946 1182 2182 1227 sanetam
2233 1173 2423 1255 vitam,
2474 1175 2874 1255 institutumque
2924 1190 3217 1255 noverunt,
3265 1173 3521 1255 tuumque

1946 1256 2248 1323 sermonem
2290 1245 2342 1299 in
2390 1246 2601 1323 scriptis
2646 1245 2804 1301 hisce'
2831 1250 3122 1323 prudenter
3169 1245 3518 1323 inspexerint.

1946 1312 2179 1385 Quorum
2204 1329 2331 1370 sane
2351 1324 2469 1385 post
2487 1312 2686 1370 obitum
2710 1312 3010 1373 sanctorum
3034 1312 3306 1377 hominum
3328 1312 3523 1381 merito

1949 1392 2000 1459 tu
2023 1384 2153 1459 duas
2172 1384 2384 1459 sorores
2403 1394 2519 1441 tuas
2536 1386 2728 1459 talibus
2747 1389 3038 1459 disciplinis
3056 1393 3128 1446 tui
3148 1394 3257 1449 oris
3273 1395 3493 1451 erudisti
3505 1437 3518 1451 .

1945 1452 2224 1527 Novimus,
2252 1456 2497 1527 novimus
2515 1457 2639 1527 quid
2665 1458 2753 1512 tibi
2778 1452 3101 1527 una-earum,
3134 1477 3255 1518 cum
3284 1472 3336 1519 tu
3362 1467 3521 1521 nimis

1945 1538 2163 1605 severus
2193 1526 2247 1605 in
2275 1525 2391 1595 ejus
2419 1525 2620 1605 ruinam
2656 1528 2873 1596 pudoris
2905 1525 3232 1605 insurget-es,
3265 1535 3525 1605 objecerit

1946 1595 2028 1649 vel
2066 1595 2493 1665 exprobraverit;
2537 1595 2697 1666 atque
2738 1609 2791 1652 tu
2835 1611 3008 1655 mutus
3043 1602 3185 1658 illico
3213 1595 3523 1661 nort'ausus

1945 1679 2003 1744 es
2029 1665 2247 1744 ulterius
2274 1680 2513 1722 censura:
2539 1665 2642 1722 tua:
2668 1670 2801 1724 ullas
2829 1670 3000 1744 dolori
3030 1673 3145 1744 ejus
3172 1673 3373 1732 inferre
3400 1692 3520 1733 mo-

1945 1734 2125 1790 lestias
2138 1778 2152 1803 ,
2183 1746 2288 1792 etc.
2986 1740 3001 1753 ⁹

2014 1806 2236 1889 5..Αιιᾲἱ
2263 1823 2403 1864 nunc
2426 1815 2483 1864 et
2504 1816 2597 1889 tu_,
2626 1818 2681 1864 et
2708 1810 2798 1879 qui
2828 1827 2915 1889 me
2951 1822 3007 1869 et
3043 1821 3096 1869 te
3120 1813 3401 1886 dignanter
3422 1818 3521 1873 ha-

1944 1875 2152 1949 buerint
2194 1878 2371 1949 legere
2397 1921 2409 1940 .
2459 1879 2585 1948 quid
2612 1875 2797 1935 contra
2828 1883 2967 1938 hunc
2993 1875 3209 1940 sensum
3241 1896 3385 1942 tuum
3418 1890 3522 1944 im-

1944 1948 2263 2030 piissimum,
2286 1949 2675 2030 pravissimum;
2706 1952 3239 2030 impudentissimum,
3272 1958 3516 2028 petulan-

1945 2021 2205 2098 tissimum
2224 2060 2239 2086 ,
2270 2035 2390 2090 quae
2415 2021 2540 2074 olim
2584 2021 2702 2098 ipse
2726 2021 3169 2098 prmiuntiaveris,
3213 2021 3517 2098 in'epistola

1942 2088 2186 2144 videlicet
2215 2088 2304 2144 tua
2324 2131 2337 2152 ,
2387 2105 2544 2163 quam
2575 2088 2641 2145 ad
2672 2088 2863 2148 Sédem
2896 2088 3240 2163 apostolicam
3269 2088 3358 2153 illo
3386 2101 3519 2155 tem;

1943 2174 2070 2227 pore
2098 2175 2259 2233 ausus
2288 2175 2347 2215 es
2382 2161 2622 2233 mittere,
2650 2164 2861 2233 quando
2890 2161 3183 2221 conventus
3210 2168 3519 2226 detrectasti

1941 2245 2059 2309 gum
2095 2232 2339 2309 universa
2390 2232 2622 2309 E_eclesia
2668 2249 2763 2304 per
2807 2245 2974 2290 totum
3019 2238 3202 2293 orbem
3249 2239 3517 2309 Pelagium

1940 2298 2367 2376 leestiumque
2400 2298 2691 2376 damnare}
2737 2320 2856 2376 qua:
2901 2317 3180 2376 antequam
3231 2310 3280 2363 in
3328 2298 3518 2367 manus

1941 2381 2137 2424 sancta:
2168 2372 2305 2426 illius
2332 2371 2586 2427 Rotuana:
2624 2371 2877 2429 Ecclesia:
2914 2371 3121 2432 veniret
3148 2380 3429 2441 antistitis.
3466 2394 3517 2439 to

1939 2451 2188 2520 agente}:
2221 2442 2489 2520 nonnullis
2517 2458 2545 2496 a
2578 2451 2629 2498 te
2652 2444 2891 2516 deceptis
2932 2462 3027 2516 per
3057 2457 3220 2503 totam
3248 2465 3385 2520 pene
3413 2453 3517 2506 Ita-

1941 2509 2067 2593 liam
2110 2512 2419 2593 circumlata
2467 2521 2597 2593 c_st,_
2627 2523 2682 2569 et
2729 2509 2975 2585 tanquam
3022 2509 3268 2593 magnum
3318 2522 3514 2593 aliquid

1942 2582 2227 2663 multorum
2253 2582 2763 2663 auribus-insinuata
2791 2582 3149 2663 cognoscitur.
3182 2589 3258 2644 lbi
3289 2582 3515 2663 namque

1939 2651 2079 2707 inter
2104 2662 2295 2708 caetera
2326 2654 2398 2708 ita
2439 2653 2518 2707 ais
2539 2672 2595 2733 :_c
2617 2656 2716 2733 Qui
2754 2664 2839 2712 est
2860 2651 3037 2726 igitur
3071 2669 3338 2733 assertor,
3376 2651 3517 2733 quod

1941 2737 2111 2797 neque
2148 2738 2246 2793 per
2283 2733 2508 2778 mortem
2553 2725 2682 2780 Ada:
2720 2742 2878 2781 omne
2902 2725 3070 2797 genus
3097 2725 3371 2786 hominum
3394 2725 3510 2787 ino-

1938 2795 2124 2864 riatur,
2155 2809 2325 2863 neque
2355 2810 2449 2864 per
2474 2795 2922 2852 resurrectionem
2948 2798 3142 2854 Christi
3169 2815 3328 2856 omne
3348 2818 3516 2864 genus

1938 2863 2211 2937 hominum
2241 2863 2514 2937 resurgat,
2560 2876 2745 2921 contra
2788 2869 3100 2937 Apostolum
3149 2873 3310 2927 sentit
3334 2863 3511 2929 dicen-

1906 2944 1913 2951 ‘
1941 2943 2066 3000 tem,
2095 2934 2239 2989 Sicut
2266 2936 2320 2988 in
2344 2935 2510 2988 Adam
2542 2951 2713 2991 omnes
2734 2934 3049 3005 moriuntur;
3070 2941 3142 2994 ita
3167 2951 3213 2995 et
3236 2943 3290 2997 in
3316 2943 3512 3000 Christo

1936 3020 2109 3059 omnes
2136 3005 2523 3081 vivificabuntur
2559 3025 2579 3058 ι
2597 3006 2639 3077 (1
2665 3005 2781 3081 Cor.
2812 3024 2906 3075 xv,
2932 3009 3048 3080 2:2).
3082 3011 3178 3067 llic
3201 3028 3300 3081 qua
3329 3013 3510 3073 fraude

1937 3085 1990 3129 et
2015 3089 2121 3144 quo
2148 3076 2272 3130 dolo
2302 3091 2438 3145 quos
2467 3090 2654 3132 omnes
2676 3077 2823 3133 dicas
2853 3088 2905 3133 et
2933 3076 3151 3146 sentias,
3184 3076 3428 3139 novimus
3456 3098 3507 3143 ct

1938 3153 2211 3209 tenemus,
2241 3146 2486 3220 videlicet
2514 3162 2618 3200 non
2648 3163 2835 3204 omnes
2860 3152 3079 3205 omnino
3107 3150 3379 3220 homines,
3412 3155 3514 3212 hoc

1935 3223 2037 3281 est,
2067 3226 2236 3293 totum
2265 3230 2433 3287 genus
2455 3215 2744 3293 humanum
2766 3259 2779 3283 ,
2813 3220 2907 3273 sed
2940 3221 3036 3274 hos
3063 3236 3248 3279 omnes
3276 3215 3512 3293 quiimi-

1938 3294 2132 3359 tatores
2160 3286 2287 3340 Ada:
2319 3301 2448 3359 esse
2478 3287 2742 3359 voluerint
2766 3304 2780 3341 :
2806 3298 2858 3344 et
2891 3307 2910 3341 ι
2941 3305 3035 3359 per
3070 3286 3511 3353 resurrectionem

1935 3355 2152 3439 Christi,
2175 3375 2194 3411 ι
2230 3356 2486 3439 quoilille
2516 3358 2801 3439 Apostolus
2826 3355 2980 3439 dixit,
3015 3380 3034 3413 ‹
3055 3377 3241 3418 omnes
3266 3380 3512 3424 resurre-

1935 3436 2137 3494 ctnros,
2162 3445 2180 3479 ι
2229 3427 2473 3481 similiter
2510 3428 2625 3504 sine
2653 3430 2813 3484 dubio
2837 3430 2986 3485 dicas
3015 3447 3236 3489 necesse
3262 3446 3375 3504 est,
3405 3454 3513 3493 non

1934 3512 2093 3576 omne
2122 3512 2343 3568 prorsus
2368 3512 2547 3576 genus
2588 3498 2878 3555 humanum
2909 3514 3330 3576 resurrecturum
3360 3498 3510 3576 esse,

1934 3567 2029 3648 sed
2054 3567 2418 3648 tantummodo
2439 3568 2613 3648 jus_tos
2631 3579 2708 3648 ‘et
2723 3581 2948 3648 sanctos
2971 3614 2986 3638 ,
3016 3574 3104 3642 qui
3129 3574 3324 3631 Christi
3350 3567 3511 3648 justi-'-

1936 3639 2059 3692 tiam
2081 3646 2135 3693 et
2159 3637 2489 3693 sanctitatem
2513 3637 2705 3696 fuerint
2722 3642 2937 3708 imitati;
2963 3637 3082 3698 euin
3101 3655 3309 3702 constet
3327 3637 3512 3706 o'mnes

1934 3709 2156 3788 omnino
2195 3718 2590 3788 resurrecturos
2626 3726 2744 3788 esse
2779 3727 2881 3788 per
2924 3712 3225 3783 Christum,
3270 3721 3511 3788 quamvis
3551 3725 3558 3733 “

1934 3780 2068 3833 alios
2092 3780 2156 3833 ad
2185 3779 2590 3851 regnunualios
2615 3782 2679 3835 ad
2704 3779 2978 3851 judicium.

2004 3851 2061 3926 6ἶ
2089 3851 2153 3904 Et
2171 3849 2320 3903 addis
2341 3849 2548 3926 ;_¢_.lure
2577 3849 2732 3926 igitur
2760 3853 3106 3926 improbatur,
3129 3856 3217 3926 qui
3241 3857 3367 3914 huic
3386 3875 3510 3915 sen-

1935 3920 2112 4001 tentia:
2136 3920 2479 4001 contradicit,
2499 3920 2618 3990 ane
2643 3923 2736 3986 ait,
2764 3920 2872 4001 Per
2898 3920 3324 4001 horninéttt'mors,
3348 3941 3394 4001 et
3421 3949 3512 4001 per

1932 3991 2185 4044 hominem
2213 3992 2510 4069 resurrectio
2531 4003 2841 4069 mortuorum
2859 3992 3020 4069 (ibid.
3047 3996 3160 4065 21).
3184 3991 3334 4067 item,
3358 3991 3510 4069 Quod

1932 4061 2365 4138 peccatutn__Ad:e
2392 4061 2563 4132 ipsum
2589 4065 2763 4138 solum
2804 4065 2959 4138 hesit,
2991 4075 3047 4120 et
3075 4061 3181 4122 non
3215 4061 3510 4138 genusho-

1932 4130 2167 4205 insnum.
2200 4131 2273 4205 Et
2281 4130 2428 4205 _h;cc_
2445 4133 2729 4205 sententia,
2753 4153 2772 4186 ι
2808 4135 3002 4205 inquis,
3040 4155 3058 4188 ι
3080 4151 3109 4191 a
3136 4130 3290 4194 nobis
3318 4144 3508 4198 merito

1931 4202 2207 4275 refellitur.
2253 4200 2367 4275 Non
2413 4202 2554 4275 enim
2602 4205 2703 4258 soli
2743 4200 3007 4274 ipsifsed
3047 4211 3228 4275 generi
3276 4209 3511 4267 humano

1930 4272 2165 4350 obfuisse
2211 4272 2536 4329 credendum
2576 4285 2676 4330 est.
2701 4293 2720 4327 ι
2753 4272 2819 4350 Et
2861 4275 2947 4350 hic
2993 4272 3116 4347 quid
3163 4294 3322 4350 agas,
3364 4284 3511 4339 salvo

1933 4343 2047 4420 tibi,
2077 4351 2139 4396 ut
2167 4352 2339 4412 putas,
2366 4357 2528 4398 sensu
2556 4353 2647 4420 tuo
2672 4346 2990 4420 pravissimo
3011 4343 3070 4402 ct
3097 4343 3505 4420 tortuosissimi),

1931 4415 2096 4469 latere
2127 4428 2237 4490 _nos
2282 4430 2386 4490 non
2431 4416 2831 4490 potuisti:quia
2877 4417 2998 4490 ipsi,
3051 4428 3108 4473 ut
3153 4419 3231 4473 vis
3271 4415 3505 4490 docere,

1930 4484 2171 4554 quamvis
2193 4486 2344 4552 pauci
2371 4484 2423 4539 in
2450 4487 2845 4556 comparatione
2871 4484 3032 4542 totius
3054 4490 3286 4558 generis,
3317 4484 3506 4549 humal

1930 4570 2055 4608 num
2083 4563 2209 4609 sunt
2235 4568 2420 4624 genus.
2688 4568 2691 4571 λ
3220 4598 3221 4601 η

2003 4626 2053 4678 7.
2080 4624 2213 4698 item
2238 4665 2252 4686 .
2292 4643 2310 4677 ι
2341 4624 2490 4698 Quod
2512 4624 2768 4698 _iofantes
2791 4665 2806 4690 ,
2842 4645 2861 4679 ι
2894 4625 3068 4698 inquis
3092 4670 3107 4692 ,
3140 4647 3160 4681 ‹
3192 4628 3245 4685 in
3271 4646 3338 4687 eo
3362 4643 3502 4690 Statu

1930 4695 2052 4768 sint,
2076 4694 2280 4768 inquo
2310 4694 2476 4768 Adam
2506 4694 2602 4751 fuit
2645 4705 2769 4751 ante
2812 4694 3297 4767 prmvaricationem
3318 4743 3335 4768 ,
3372 4705 3505 4761 inter

1932 4764 2338 4836 indiciplinatas,
2378 4782 2397 4817 ι
2429 4767 2508 4820 ais
2535 4807 2549 4831 ,
2585 4784 2604 4817 ι
2638 4764 2825 4834 reputo
2848 4769 3186 4836 quzcstiones.
3215 4764 3332 4827 Non
3358 4778 3502 4831 enim

1932 4850 2026 4905 per
2046 4835 2222 4910 omnia
2255 4837 2316 4910 in
2339 4850 2405 4890 eo
2434 4845 2571 4892 statu
2610 4846 2766 4901 sunt,
2810 4835 2897 4907 qui
2927 4849 3218 4895 nascuntur
3242 4842 3420 4910 hodie,
3453 4850 3505 4902 in

1930 4920 2034 4988 quo
2056 4906 2222 4959 Adam
2249 4906 2818 4988 l’uit‘antepcccatumi;
2832 4906 3082 4977 quamvis
3112 4923 3166 4988 et
3204 4912 3334 4988 istos
3371 4906 3508 4988 opus

1934 4976 2026 5053 _D_ei
2051 4990 2191 5041 esse,
2222 4977 2358 5053 sicut
2384 4986 2439 5032 et
2477 4976 2585 5040 ille,
2627 4978 2807 5053 negari
2851 4976 2956 5053 non
2984 4982 3169 5050 possit.
3208 5000 3229 5035 ι
3258 4976 3425 5053 Queui
3455 5001 3510 5043 et

1930 5046 2017 5101 hic
2041 5056 2234 5100 statum
2274 5046 2419 5120 dicas
2458 5057 2510 5103 et
2549 5046 2766 5120 sentias,
2805 5046 3361 5115 salvo,‘utarbitra?is
3384 5058 3496 5120 tibi.

1931 5132 2092 5172 sensu
2135 5126 2241 5182 tuo,
2271 5118 2470 5186 optime
2498 5118 2760 5184 novimus,
2805 5133 2910 5173 non
2938 5120 3067 5176 Ada:
3097 5121 3343 5181 videlicet
3378 5118 3503 5184 ante

1932 5197 2223 5263 peceatum,
2259 5187 2351 5242 sed
2377 5188 2674 5259 exiguitatis
2694 5196 2750 5244 et
2768 5190 3037 5259 parvitatis
3067 5193 3118 5247 in
3148 5208 3251 5263 qua
3276 5212 3507 5252 nascun-

1931 5267 2016 5313 tur
2041 5258 2283 5325 infantes,
2308 5266 2411 5313 etc.

2000 5328 2054 5401 8.
2078 5328 2213 5401 item
2240 5327 2543 5401 subnectis,
2575 5328 2742 5384 Adam
2783 5329 2943 5386 etiam
2970 5334 3247 5388 mortalem
3280 5335 3500 5401 factum,

1929 5399 2018 5469 qui
2047 5399 2157 5453 sive
2178 5409 2441 5469 peccaret,
2470 5399 2584 5454 sive
2608 5415 2714 5454 non
2752 5412 2994 5469 peccaret
3014 5446 3028 5469 ,
3057 5404 3244 5459 fuisset
3283 5399 3506 5462 moritué

1930 5468 2019 5523 rus
2046 5487 2061 5525 :
2091 5484 2188 5524 nec
2214 5468 2313 5523 hoc
2337 5484 2455 5524 esse
2483 5489 2503 5522 ι
2539 5469 2715 5525 dixisti
2748 5468 2767 5522 ὁ
2804 5468 3336 5529 τειίοιιεευὺηίκυιη.
3379 5478 3510 5534 Cre-

1928 5540 2156 5617 dendum
2205 5550 2288 5617 es}
2337 5540 2503 5617 enim,
2538 5558 2559 5592 ι
2614 5541 2821 5611 inquis,
2858 5561 2878 5594 ‹
2910 5543 3264 5599 immortalem
3291 5548 3504 5617 quidem

1931 5610 2148 5683 factum,
2186 5609 2279 5664 sed
2318 5612 2407 5680 qui
2435 5611 2480 5664 si
2523 5627 2625 5666 non
2656 5609 2958 5680 peccasset,
3002 5630 3097 5683 per
3123 5609 3337 5683 gustum
3380 5619 3509 5683 ligni

1928 5682 2052 5755 vita:
2084 5681 2327 5755 virtutem
2375 5691 2567 5755 posset
2609 5681 3017 5737 immortalitatis
3076 5681 3318 5755 adipisci.
3371 5681 3508 5745 Male

1930 5750 2087 5830 igitur
2137 5750 2333 5830 dictum
2378 5750 2464 5807 est
2485 5794 2501 5819 ,
2528 5754 2640 5807 sive
2665 5762 2937 5823 peccaret,
2968 5754 3080 5810 sive
3105 5750 3209 5810 no'n
3240 5769 3506 5830 peccaret,

1930 5821 2090 5876 fuisse
2118 5822 2450 5889 moriiurum,
2477 5841 2495 5874 ι
2525 5832 2626 5877 etc.

2658 5914 3275 6000 {Cinquante-cinq.)
