4030 6464
1177 505 1479 565 EDICTUM

709 613 1032 654 PROPOSI'I'UI
1071 615 1101 653 Α
1145 613 1434 653 νοιυειΛΝο
1472 611 1757 651 ΡΒᾸΞΓΕΩΤΟ
1796 610 1938 652 1111131.

808 689 1136 747 Vowsuxus
1167 691 1442 758 praefectus
1472 687 1600 746 Urbi
1631 688 1836 743 edixit:

605 780 872 836 llactcnus
895 781 1203 836 Ctelestium
1225 781 1418 834 divinae
1447 779 1569 833 lidei
1593 788 1648 833 et
1672 777 1866 848 quietis
1896 777 2118 837 pttblicze

535 852 857 907 turbatorem
884 851 1099 922 judieiis
1119 893 1132 912 ,
1163 853 1331 905 amica
1360 851 1465 904 reis
1495 858 1696 903 secreta
1710 849 2113 922 _sul;&uxeruut.

533 922 829 996 Jam_leg_es
853 919 906 976 et
925 923 1034 992 jam
1066 922 1236 977 edicta
1265 932 1650 996 persequentur
1675 919 1970 996 absentem.
1999 919 2116 996 Cui,

533 991 673 1064 quod
702 989 939 1064 primum
963 1001 1044 1047 est
1063 1035 1077 1058 ,
1109 989 1323 1064 acterna:
1369 990 1527 1064 Urbis
1557 999 1778 1064 negatur
1818 989 2115 1064 habitatio;

534 1058 592 1116 tit
633 1063 677 1116 si
704 1058 788 1118 vel
821 1064 871 1116 in
902 1063 1158 1132 proximis
1190 1061 1345 1116 fuerit
1371 1058 1668 1132 diversatu's
1688 1101 1703 1123 ,
1746 1058 1982 1132 debitum
2012 1073 2117 1113 non

534 1133 722 1188 evadat
755 1130 996 1188 exitium.
1045 1133 1148 1186 Pro
1178 1132 1369 1186 merito
1414 1131 1572 1184 ctiam
1603 1130 1915 1190 temeritatis
1960 1140 2120 1198 atque

535 1217 697 1257 ausus
718 1205 796 1256 sui
827 1213 1046 1258 cunctos
1073 1203 1228 1271 hujus
1245 1201 1402 1256 edicti
1433 1201 1677 1256 cautione
1708 1215 2116 1271 pra'monemus,

533 1289 604 1326 ne
620 1274 738 1343 quis
755 1274 964 1340 iniquus
985 1268 1414 1328 noxioilatebram
1439 1281 1584 1340 putet
1601 1285 1720 1325 esse
1733 1268 2118 1343 pra‘bendam:

536 1359 604 1424 ne
631 1339 750 1398 cum
780 1344 1078 1424 hujusmodi
1106 1344 1181 1424 sit
1199 1343 1368 1424 posita
1397 1339 1572 1424 penna,
1597 1341 1919 1421 supplicium
1938 1355 2000 1393 ae
2025 1339 2120 1392 sti-

535 1413 644 1467 lum
664 1411 881 1468 necesse
897 1415 968 1468 sit
985 1411 1382 1482 proscriptionis
1402 1411 1694 1482 incurrere,
1714 1411 1953 1482 quisquis
1973 1425 2120 1482 reum

535 1483 733 1538 divinis
762 1480 1108 1554 butuanisque
1140 1480 1342 1553 legibus
1371 1481 1508 1553 apttd
1548 1495 1606 1537 se
1639 1481 1908 1551 putaverit
1935 1480 2118 1535 occul-

536 1553 754 1608 tandum
765 1593 778 1605 .

776 1644 1221 1702 CONSTITUTIO
1264 1643 1741 1699 VALENTINIANI
1781 1643 1884 1706 lll,

536 1753 603 1790 AD
655 1751 887 1792 AIACIUH
942 1753 1021 1790 PP.
1077 1751 1371 1792 (ιλιιιλῐιωι
1402 1778 1418 1799 ,
1471 1752 1537 1790 DE
1590 1750 1970 1790 CONVENIENDIS
2020 1749 2123 1788 PER

607 1823 916 1862 PATROCIJJI!
957 1821 1338 1862 ARELATl-ZNSEI
1388 1820 1648 1862 EPISCOPIS
1684 1820 1980 1868 QUIBUSDAI
2024 1821 2120 1858 PE-

609 1893 868 1933 LAGlA-NIS.

535 1965 889 2038 Imperatores
941 1967 1269 2022 TttttonOstus
1320 1965 1851 2038 etivatsa'rmuxus
1903 1963 2123 2030 Ctesar,

877 2042 1081 2093 Ameto
1115 2038 1173 2090 V.
1209 2038 1295 2091 inl.
1333 2037 1435 2092 PP.
1467 2036 1778 2092 Galliarum.

609 2129 659 2182 l.
694 2129 974 2200 Privilegia
1003 2129 1381 2189 Ecclesiarum.
1406 2128 1490 2200 vel
1508 2128 1832 2200 clericorum
1861 2127 2119 2200 omnium,

534 2214 653 2268 qua:
681 2200 875 2256 sacculo
901 2197 1085 2255 nostro
1131 2208 1385 2270 tyrannus
1412 2197 1706 2264 iuviderat,
1752 2212 1916 2267 prona
1955 2197 2122 2252 devo-

535 2270 682 2325 tione
711 2285 1023 2324 revocamus
1046 2312 1061 2335 ,
1093 2279 1198 2324 etc.

606 2339 662 2392 2.
698 2341 1099 2411 Diversosvcro
1147 2340 1426 2408 episcopos
1458 2338 1718 2394 nefarium
1751 2337 2020 2411 Pelagiani
2069 2347 2123 2392 et

535 2408 840 2466 Caslestiatti
881 2408 1145 2480 dogmatis
1188 2425 1422 2464 errorem
1453 2418 1771 2480 sequentes,
1801 2423 1897 2477 per
1935 2408 2122 2463 Patro-

536 2481 678 2534 clum
706 2478 1056 2535 Sacrosanctzn
1090 2481 1218 2550 legis
1244 2481 1532 2533 antistitem
1564 2478 1901 2550 percipimus
1926 2493 2123 2550 conve-

537 2551 638 2603 niri
674 2568 688 2607 :
719 2566 854 2618 quos
881 2551 1004 2620 quia
1045 2549 1364 2606 conlidimus
1401 2549 1709 2614 emendari,
1742 2549 1840 2606 nisi
1873 2550 2010 2620 intra
2037 2549 2120 2620 vi-

537 2621 669 2688 ginti
707 2621 823 2676 dies
859 2619 924 2676 ex
954 2621 1324 2676 conventionis
1352 2624 1591 2689 tempore
1612 2661 1624 2681 ,
1658 2620 1794 2672 intra
1823 2635 1956 2686 quos
1981 2619 2120 2673 deli-

537 2689 758 2745 berandi
792 2692 1068 2745 tribuimus
1097 2690 1418 2753 facultatem,
1453 2698 1625 2744 errata
1649 2690 2002 2754 correxerint,
2031 2704 2121 2744 se-

545 2775 709 2830 seque
737 2761 1011 2816 catbolicac
1044 2761 1160 2815 lidei
1189 2760 1546 2824 reddiderint,
1577 2760 1865 2830 Gallicanis
1893 2760 2124 2828 regioni-

541 2829 641 2884 bus
676 2832 892 2900 expelli,
914 2841 1071 2901 atque
1098 2833 1147 2885 in
1175 2847 1356 2886 eorum
1395 2831 1512 2885 loco
1532 2829 1887 2885 sacerdotium
1916 2830 2123 2901 fidelius

540 2901 818 2971 subrogari
859 2920 873 2956 ε
909 2900 1170 2971 quatenus
1221 2901 1745 2971 prmscntisierroris
1797 2901 2001 2953 macula
2053 2900 2122 2955 de

538 2970 852 3040 populerum
885 2970 1076 3026 animis
1105 2981 1403 3041 tergentur,
1430 2980 1483 3026 et
1514 2970 1702 3025 futura:
1729 2970 1925 3026 bonum
1956 2971 2120 3025 disci-

539 3041 700 3110 plina:
723 3041 963 3112 justiori‘s
994 3043 1314 3096 instituatur.

613 3113 666 3166 5.
700 3109 842 3168 Sane
869 3113 990 3182 quia
1018 3114 1293 3183 religiosos
1318 3112 1542 3181 populos
1566 3109 1726 3166 nullis
1754 3110 1914 3183 decet
1931 3127 2121 3182 super-

541 3183 844 3238 stitionibm
883 3182 1194 3253 depravari,
1226 3183 1545 3237 Manichaeos
1574 3197 1867 3252 omnesque
1906 3182 2122 3237 lucreti-

539 3268 632 3307 eos
651 3255 730 3308 vel
755 3253 1121 3309 schismaticos
1141 3255 1252 3308 sive
1270 3254 1672 3309 mathematicos
1696 3268 2017 3322 nantemque
2039 3269 2123 3307 sc-

539 3335 679 3377 etam
705 3324 991 3378 Catltolicis
1019 3325 1285 3379 inimicam
1317 3325 1383 3378 ab
1410 3323 1526 3393 ipso
1553 3333 1766 3393 aspectu
1798 3323 2004 3376 urbium
2038 3324 2122 3376 di-

538 3407 813 3448 versarum
833 3395 1175 3450 exterminari
1193 3395 1387 3449 debere
1414 3395 1770 3463 prtecipimus,
1790 3402 1851 3448 ut
1875 3409 1972 3448 nec
1988 3410 2124 3461 prm-

539 3465 729 3534 sentize
769 3465 982 3534 quidem
1023 3465 1429 3519 criminosorum
1471 3464 1788 3534 contagione
1833 3463 2119 3519 focd‘ntur.

539 3533 740 3605 Judteis
765 3533 977 3605 quoque
1003 3535 1091 3590 vel
1122 3536 1346 3605 Paganis
1383 3549 1572 3590 causas
1595 3534 1784 3600 agendi
1805 3573 1822 3598 ,
1852 3535 1939 3589 vel
1981 3536 2123 3588 mili-

540 3603 686 3658 laudi
733 3603 998 3659 licentiam
1029 3603 1385 3674 denegamus;
1417 3605 1608 3674 quibus
1633 3605 1948 3659 Christianae
1992 3606 2123 3674 legis

539 3675 789 3728 nohnnus
815 3676 1020 3746 servire
1050 3690 1302 3746 personas
1322 3717 1337 3740 ,
1371 3692 1438 3730 ne
1463 3675 1755 3746 occasione,
1776 3675 1994 3730 dominii
2035 3691 2124 3730 se-

539 3755 678 3802 etam
727 3744 1346 3815 venerandzc‘religionis
1390 3747 1691 3816 immutent.
1723 3745 1920 3800 Omnes
1969 3747 2126 3816 igitur

538 3830 796 3884 personas
841 3817 1039 3871 erroris
1069 3816 1282 3870 infauSti
1321 3815 1572 3884 jubemus
1601 3815 1845 3880 excludi,
1898 3815 2005 3869 nisi
2043 3816 2124 3870 his

539 3887 841 3942 emendatio
861 3897 1064 3941 matura
1092 3887 1416 3942 subvenerit.
1445 3887 1568 3940 Data
1597 3887 1822 3955 septimo
1847 3886 2120 3955 idusjulii,

537 3958 829 4028 ,Aquileire,
859 3973 998 4028 coss.
1031 3957 1330 4013 Theodosio
1359 3957 1597 4028 Augusto
1625 3956 1876 4012 undecies
1917 3966 1972 4013 et
2019 3956 2123 4011 Va-

538 4025 830 4083 lentini-ano
865 4027 1076 4082 Caesare
1109 4027 1206 4098 (a).

667 4117 754 4171 DE
794 4117 1068 4173 llASllESl
1109 4119 1291 4174 APUD
1332 4118 1726 4175 BELIGARUM
1765 4119 1996 4175 UllBEM

852 4225 916 4263 EX
955 4225 1248 4266 PELAGIANO
1285 4224 1494 4266 IBROBE
1533 4227 1816 4266 DERIVA'I'A.

611 4302 902 4364 Cassianus,
926 4302 977 4355 in
1001 4303 1126 4356 libro
1152 4303 1173 4355 l
1203 4302 1265 4355 de
1286 4300 1666 4366 Incarnatioue,
1692 4317 1842 4370 capp.
1865 4301 1902 4356 2
1921 4311 1966 4355 et
1991 4304 2040 4357 ’5.

610 4373 788 4442 Nuper
814 4388 1048 4444 quoque,
1082 4374 1130 4426 id
1162 4381 1264 4436 est,
1295 4374 1344 4425 in
1381 4373 1568 4444 diebus
1607 4375 1802 4426 n05tris
1839 4374 2138 4444 emersisse'

540 4443 788 4499 lucresim
811 4443 1153 4506 venenosam,
1177 4443 1470 4498 ettnaxime
1492 4443 1787 4512 Deligarum
1806 4443 1937 4497 urbe
1961 4444 1976 4474 ¹
1993 4458 2118 4497 con-

538 4515 1002 4584 speximus,eerti
1049 4516 1268 4578 erroris,
1317 4513 1502 4569 iuccrti
1550 4514 1799 4584 nominis.
1859 4523 1962 4568 etc.
1982 4513 2119 4584 lllud

538 4583 668 4639 sane
691 4601 854 4639 unmn
887 4585 1313 4654 przntcreundum
1346 4600 1449 4638 non
1484 4583 1824 4646 arbitramur,
1851 4583 1989 4653 quod
2024 4600 2121 4652 pe-

537 4656 739 4709 culiare
764 4671 825 4709 ac
857 4657 1125 4724 proprium
1158 4655 1492 4724 supradicta:
1520 4655 1659 4709 illius
1684 4654 1973 4718 luereseos,
2002 4672 2123 4724 qua:

537 4741 605 4780 ex
630 4725 910 4794 Pelagiauo
935 4742 1116 4779 errore
1142 4725 1511 4787 descenderat,
1542 4725 1638 4777 fuit
1671 4741 1684 4776 :
1711 4726 1849 4794 quod
1881 4725 2122 4780 dicentes

537 4795 752 4864 quidam
775 4797 1066 4850 solitarium
1091 4796 1358 4849 hominem
1381 4797 1561 4849 .lesum
1583 4794 1852 4849 Christum
1877 4797 1991 4850 sine
2014 4798 2119 4850 ulla

533 4866 740 4930 peccati
768 4867 1080 4934 contagione
1106 4868 1319 4930 vixisse,
1346 4880 1412 4920 eo
1438 4867 1701 4935 progressi
1730 4875 1870 4926 sunt,
1897 4876 1952 4920 ut
1975 4882 2122 4920 asse-

535 4944 736 4999 rerent,
778 4937 1038 5002 homines,
1079 4938 1121 4990 si
1159 4937 1346 4996 velint,
1392 4937 1507 4989 sine
1547 4945 1764 5005 peccato
1791 4952 1910 4990 esse
1943 4953 2117 5003 posse.

537 5007 880 5076 Consequens
909 5009 1048 5061 enim
1080 5007 1471 5066 exisumabant,
1507 5016 1563 5058 ut
1592 5007 1633 5058 si
1669 5006 1825 5059 homo
1851 5009 2119 5062 solitarius

534 5077 690 5131 Jesus
711 5077 949 5132 Christus
970 5079 1084 5132 sine
1107 5086 1324 5145 peccato
1353 5077 1556 5140 fuisset,
1581 5091 1769 5131 omnes
1790 5093 1998 5146 quoque
2022 5078 2117 5132 lto-

534 5149 707 5202 mines
738 5148 853 5202 sine
881 5148 973 5202 Dei
1019 5147 1280 5216 adjutorio
1321 5163 1440 5202 esse
1483 5149 1706 5216 possint,
1737 5148 1989 5217 quidquid
2031 5150 2118 5204 ille

535 5217 699 5274 homo
725 5218 993 5272 solitarius
1018 5219 1133 5272 sine
1157 5219 1426 5272 consortio
1456 5218 1547 5272 Dei
1578 5233 1698 5272 esse
1730 5219 2007 5286 potuisset.
2039 5223 2115 5274 Ac

534 5290 612 5343 sic
640 5289 838 5344 nullam
874 5288 1110 5344 facerent
1139 5290 1275 5344 inter
1299 5303 1512 5344 onmem
1543 5289 1810 5343 hominem
1843 5305 1905 5343 ac
1931 5289 2114 5342 Domi-

534 5376 659 5413 num
689 5368 928 5415 nostrum
955 5359 1133 5414 Iesum
1164 5357 1432 5414 Christum
1462 5375 1582 5415 esse
1611 5360 1918 5414 distantiam
1950 5377 1961 5412 :
1995 5375 2114 5413 cum

534 5431 672 5484 idem
712 5432 892 5502 utique
921 5431 1096 5502 Abomo
1136 5431 1256 5486 nisu
1291 5441 1448 5502 atque
1490 5431 1745 5486 industria
1785 5447 1878 5485 sua
1922 5431 2114 5502 mereri

532 5504 721 5570 possit,
745 5499 884 5572 quod
907 5499 1150 5556 Christus
1177 5499 1440 5558 studio’ac
1465 5502 1646 5558 labore
1672 5503 1974 5556 meruisset.
1998 5501 2116 5566 Quo

533 5575 728 5626 factum
750 5582 850 5638 est,
876 5581 932 5626 ut
957 5573 1008 5626 itt
1033 5574 1288 5644 majorem
1315 5588 1530 5645 quoque
1553 5588 1615 5628 ac
1635 5573 2112 5628 monstruosiorem

596 5794 607 5818 t
656 5788 785 5843 alias,
811 5801 874 5837 ex
898 5800 1112 5851 maxima
1141 5787 1411 5851 Vch'qarum
1439 5788 1554 5851 urbe

593 5854 663 5910 (tl)
701 5861 827 5898 .tnuo
843 5851 1010 5898 Christi
1038 5850 1144 5909 423,
1167 5849 1394 5899 dienono
1407 5849 1531 5912 jttlii.

1688 385 2085 448 APPENDICIS
2122 382 2299 440 PARS
2334 380 2675 441 SECUNDA.

3671 395 3696 450 ‘l
3709 395 3815 450 753

2226 495 2485 573 insaniam
2515 511 2958 573 prorumpentes,
2984 503 3223 560 dicerent
3253 505 3532 561 Dominum
3562 517 3808 563 nostrum

2225 573 2408 646 Jesum
2429 572 2700 646 Christum
2718 574 2857 646 hunc
2879 575 3203 646 inmundum
3227 592 3330 630 non
3360 577 3426 630 ad
3455 578 3815 646 prmstandam

2223 643 2456 698 humano
2481 644 2659 714 generi
2689 643 3111 714 redemptionem
3134 687 3149 708 ,
3179 646 3274 701 sed
3303 646 3367 700 ad
3398 643 3682 715 prtebettda
3714 650 3815 701 bo-

2224 730 2414 768 norum
2459 724 2674 768 actuum
2712 716 2953 783 exempla
2989 717 3236 782 venisse;
3271 718 3518 772 videlicet
3557 726 3619 772 ut
3647 718 3804 772 disci-

2225 783 2420 859 plinam
2465 784 2582 859 ejus
2624 795 2911 859 sequentes
2959 785 3224 859 homines,
3263 787 3386 840 dum
3428 804 3526 859 per
3564 804 3812 842 eamoem

2223 855 2434 927 virtutis
2454 856 2590 908 viam
2623 855 2950 921 incederent,
2988 856 3052 910 ad
3090 858 3275 912 eadem
3309 855 3562 912 virttitum
3594 861 3810 927 pne-acia

2225 926 2598 997 pervenirent:
2622 937 2962 997 evacuantes,
2985 937 3240 996 quantum
3269 927 3321 981 in
3351 929 3480 997 ipsis
3509 926 3628 988 fuit,
3652 944 3812 982 omne

2225 996 2360 1066 sacri
2391 995 2648 1050 adventus
2675 995 2896 1060 donum,
2927 1005 2982 1051 et
3008 995 3222 1052 amnem
3247 995 3442 1052 divinae
3483 999 3814 1066 redemptio-

2225 1065 2308 1120 nis
2335 1067 2556 1135 gratiam
2582 1081 2748 1137 ;eum
2797 1066 2936 1122 idem
2978 1067 3217 1122 dicerent
3263 1068 3508 1124 homines
3552 1065 3812 1137 consequi

2225 1149 2383 1210 posse
2421 1136 2666 1210 vivendo,
2695 1137 2834 1207 quod
2882 1138 3215 1207 prmstitisset
3253 1139 3393 1194 Deus
3435 1153 3532 1210 pro
3573 1136 3814 1194 humana

2225 1205 2396 1263 salute
2422 1207 2716 1262 moriendo.

2847 1294 2915 1334 DE
2953 1295 3193 1336 LEPORIO.

2679 1348 2970 1414 Cassianus,
3003 1352 3150 1413 ibid.,
3173 1367 3286 1420 cap.
3305 1352 3360 1407 4.

2299 1416 2557 1494 Leporius
2594 1427 2719 1473 tunc
2747 1420 3058 1494 monachus,
3097 1416 3257 1494 modo
3296 1423 3596 1494 presbyter,
3629 1421 3720 1492 qui
3749 1439 3813 1478 ex

2226 1484 2449 1570 Pelagii,
2495 1497 2553 1570 u_t
2593 1504 2751 1570 supra
2799 1484 3474 1570 diximusgin-stitutionc:
3513 1484 3595 1548 vel
3639 1484 3817 1570 potius

2226 1558 2483 1632 pravitate
2508 1558 2858 1632 descendens,
2887 1561 3026 1632 apud
3051 1561 3250 1616 Gallias
3275 1573 3516 1618 assertor
3545 1558 3816 1632 praidieta:

2227 1627 2635 1700 haereseos,iaut
2671 1631 2809 1686 inter
2845 1627 3062 1700 primos,
3092 1641 3184 1686 aut
3217 1632 3356 1688 inter
3383 1627 3650 1687 maximos
3689 1633 3812 1700 fuit,

2225 1713 2258 1751 a
2285 1699 2438 1753 nobis
2474 1699 2797 1765 admonitus,
2829 1699 2860 1754 a
2888 1703 2999 1756 Deo
3027 1702 3361 1769 emendatus,
3401 1705 3470 1758 ita
3510 1705 3652 1758 male
3680 1699 3817 1759 con;

2225 1777 2432 1841 coptam
2465 1772 2859 1839 persuasionem
2891 1771 3169 1838 magnifice
3197 1774 3593 1841 condemnavit,
3624 1785 3683 1828 ut
3709 1789 3817 1829 non

2225 1840 2404 1914 minus
2434 1855 2569 1914 pene
2611 1841 2920 1914 admiranda
2959 1843 3028 1914 sit
3063 1845 3327 1898 correctio
3365 1845 3527 1909 illius,
3561 1860 3723 1914 quam
3756 1845 3818 1898 il-

2226 1909 2350 1985 laesa
2381 1910 2667 1985 multorum
2702 1911 2831 1966 fides
2860 1930 2873 1966 :
2904 1913 3027 1982 quia
3058 1914 3283 1985 primum
3315 1924 3418 1979 est,
3447 1909 3691 1985 errorem
3721 1930 3815 1985 pe.

2227 1981 2370 2035 nitus
2404 1995 2516 2054 non
2559 1981 2863 2048 incurrere;
2895 1981 3211 2049 secundum,
3253 1985 3388 2039 bene
3433 1981 3740 2054 repudiare:
3768 1985 3820 2040 ls

2225 2064 2355 2120 ergo
2402 2051 2454 2104 in
2499 2066 2559 2106 se
2603 2067 2872 2116 reversus,
2899 2068 3006 2108 non
3036 2054 3206 2108 solum
3249 2055 3301 2108 in
3332 2051 3532 2121 Africa,
3565 2054 3655 2109 ubi
3688 2065 3820 2110 tunc

2225 2131 2340 2192 erat
2371 2121 2471 2191 (a),
2497 2131 2656 2192 atque
2682 2138 2822 2178 nunc
2846 2132 2948 2189 est,
2983 2135 3089 2178 tam
3116 2139 3354 2180 errorem
3381 2141 3534 2180 suum
3560 2141 3683 2180 cum
3709 2125 3817 2180 do-

2226 2189 2360 2256 lore,
2382 2189 2712 2262 'quam'sine
2743 2193 2948 2262 pudore
2983 2194 3262 2249 confessus
3288 2205 3399 2259 est;
3430 2195 3524 2252 sed
3556 2197 3721 2250 etiam
3750 2195 3817 2250 ad

2226 2275 2414 2316 omnes
2433 2261 2718 2316 admodum
2739 2263 2924 2318 Gallia:
2948 2264 3208 2325 civitates,
3233 2264 3436 2321 flebiles
3459 2267 3818 2321 confessionis

2227 2345 2289 2385 ae
2320 2333 2563 2400 planctus
2591 2334 2671 2387 sui
2702 2333 2902 2388 litteras
2925 2333 3100 2398 dedit,
3132 2335 3335 2391 scilicet
3367 2347 3423 2390 ut
3457 2337 3546 2391 ubi
3577 2337 3817 2392 deviatio

2226 2400 2343 2470 ejus
2371 2403 2515 2471 prius
2548 2405 2759 2474 cognita
2786 2411 2928 2470 erat,
2963 2406 3070 2460 illic
3095 2405 3254 2460 etiam
3287 2407 3590 2462 emendatio
3629 2422 3819 2463 nosce-

2227 2483 2412 2535 retur;
2441 2483 2496 2526 et
2530 2477 2616 2550 qui
2656 2483 2819 2550 testes
2848 2476 3045 2530 erroris
3080 2484 3233 2531 antea
3261 2476 3502 2545 fuerant,
3531 2478 3696 2533 iidem
3724 2494 3815 2550 po-

2215 2553 2337 2596 .stea
2367 2545 2713 2600 corrcCtionis
2736 2553 2935 2600 essent.

2226 2612 2306 2667 De
2331 2613 2504 2668 eodem
2529 2613 2840 2681 Gennadius,
2860 2617 2930 2689 in
2964 2615 3092 2670 libro
3117 2616 3182 2671 de
3201 2617 3544 2689 Scriptor-ibus
3571 2620 3816 2676 ecclesia-

2805 2687 2961 2750 sticis,
2982 2703 3103 2758 rcap.
3129 2689 3220 2743 59.

2298 2753 2557 2830 Leporias
2584 2754 2756 2830 adhuc
2784 2753 3095 2830 monachus,
3127 2767 3308 2826 postea
3343 2759 3646 2830 presbyter,
3680 2775 3815 2828 pra:-

2228 2840 2444 2880 sumens
2485 2826 2553 2882 de
2601 2827 2833 2894 puritate
2869 2829 2990 2882 vitae
3033 2844 3192 2898 quam
3237 2830 3461 2883 arbitrio
3507 2826 3720 2884 tantum
3763 2841 3816 2886 et

2227 2905 2418 2954 conatu
2450 2898 2685 2966 proprio,
2711 2912 2814 2952 non
2842 2899 2932 2953 Dei
2959 2914 3017 2953 se
3042 2899 3306 2966 adjutorio
3327 2900 3623 2955 obtinuisse
3643 2902 3816 2956 credi-

2225 2965 2398 3040 derat,
2415 2965 2762 3040 Pelagianum
2782 2967 2978 3040 dogma
3006 2965 3241 3037 cmperat
3263 2973 3410 3040 sequi
3437 2989 3449 3023 :
3475 2971 3574 3026 sed
3600 2987 3630 3024 a
3652 2970 3813 3027 Galli-

2226 3039 2374 3090 canis
2395 3037 2703 3111 doetoribus
2729 3037 3050 3111 admunitus,
3079 3051 3130 3094 et
3163 3041 3215 3111 in
3242 3037 3416 3095 Africa
3444 3057 3542 3111 per
3563 3043 3815 3111 Augusti-

2229 3122 2365 3180 num
2395 3122 2426 3161 a
2472 3109 2579 3162 Deo
2622 3109 2963 3172 emendatus.
3009 3110 3222 3180 scripsit
3263 3109 3672 3167 emendationis
3706 3129 3815 3169 sua:

2229 3177 2691 3255 lilwllum,_in_quo
2717 3190 2771 3234 et
2797 3180 3053 3235 satisfacit
3075 3177 3143 3235 de
3169 3195 3374 3249 errore,
3403 3193 3458 3238 et
3483 3183 3689 3253 gratias
3709 3185 3815 3255 agit

2225 3247 2293 3302 de
2320 3249 2709 3304 emendatione.

2376 3318 2454 3372 De
2481 3336 2534 3372 se
2561 3322 2667 3388 ipse
2692 3319 2957 3389 chorius,
2989 3322 3040 3375 in
3071 3321 3238 3376 libello
3264 3322 3672 3378 Emendatiom's.

2305 3389 2436 3464 illud
2485 3391 2644 3464 etiam
2691 3393 2910 3464 minime
2946 3393 3274 3464 reticendum
3321 3409 3535 3459 censeo,
3570 3395 3717 3464 quod
3762 3395 3811 3450 in

2223 3460 2422 3534 eadem
2442 3461 2664 3534 epistola
2694 3461 2850 3515 simili
2881 3462 3102 3534 devians
3131 3478 3314 3518 errore
3337 3460 3620 3534 subjuttxi',
3655 3466 3810 3520 Chri-

2225 3540 2366 3585 stum
2396 3531 2676 3606 Dominum
2707 3533 3051 3606 nostrumusic
3075 3534 3251 3606 omnia
3279 3551 3396 3603 qua:
3423 3531 3581 3590 erant
3609 3538 3812 3606 passio-

2225 3616 2351 3675 num
2378 3601 2752 3675 _implesse,__ut
2793 3603 2846 3675 in
2882 3603 3048 3668 nullo,
3079 3605 3229 3675 quasi
3277 3601 3544 3674 perfectus
3575 3601 3762 3674 homo,
3785 3622 3812 3660 a

2227 3670 2520 3742 divinitatis
2563 3673 2760 3727 auxilio
2797 3670 3118 3742 juvaretur':
3150 3670 3338 3730 volens
3379 3677 3604 3742 scilicet,
3645 3677 3721 3731 ita
3745 3670 3811 3731 in

2227 3739 2442 3815 Christo
2462 3741 2730 3815 hominem
2753 3739 3022 3815 assignare
3039 3745 3351 3814 perfectum,
3374 3762 3481 3815 quo
3499 3756 3555 3800 et
3578 3739 3810 3802 alienum

2226 3811 2296 3864 ab
2336 3811 2418 3865 bis
2458 3813 2789 3880 passionibus
2815 3811 3055 3868 Verbum
3077 3815 3248 3870 Patris
3287 3811 3585 3872 assererem
3605 3860 3619 3879 ,
3649 3828 3708 3872 et
3731 3833 3814 3872 ss-

2228 3882 2334 3934 lum
2383 3897 2475 3950 per
2512 3898 2570 3937 se
2608 3883 2876 3958 hominem
2896 3885 3089 3958 egisse
3113 3885 3431 3958 baacomnia
3460 3889 3810 3958 possibilitate

2228 3962 2432 4077 natalia-
2455 3955 2696 4010 mortalis
2721 3955 2838 4010 sine
2861 3953 3038 4025 aliquo
3059 3955 3273 4012 deitatis
3297 3953 3565 4028 adjutorio
3589 3959 3810 4030 probare

2228 4035 2358 4077 enna
2397 4038 2477 4077 ar.

2227 4035 2477 4078 ennabar.

2458 4111 2543 4167 DE
2583 4113 2986 4190 PELAGIANlS
3024 4115 3251 4172 ITALIA
3291 4117 3499 4174 EJECT
3505 4117 3584 4185 IS,

2231 4197 2296 4236 ετ
2320 4199 2386 4237 οε
2408 4199 2697 4239 BRITANNIIS
2730 4201 2904 4240 Εοιιωι
2936 4202 3142 4242 ERRORE
3174 4205 3468 4256 LIBERATIS,
3499 4205 3647 4260 ETC.,
3678 4205 3808 4247 CUM

2759 4271 3055 4312 C(ELESTINI
3108 4274 3275 4314 ΡΑΡᾸΞ.

2303 4343 2546 4412 Prosper,
2573 4347 2625 4400 in
2657 4346 2782 4402 libro
2811 4360 2988 4402 contra
3009 4349 3335 4418 Collatorem,
3361 4368 3513 4422 capp.
3538 4353 3628 4416 41,
3653 4354 3745 4408 42.

2300 4436 2348 4512 i.
2393 4434 3036 4512 Venerabilismemorim
3080 4441 3314 4508 pontifex
3359 4443 3686 4499 leestinus
3712 4445 3801 4512 (ὁ),

2227 4506 2308 4558 cui
2341 4506 2402 4580 ad
2432 4507 2705 4580 catholica:
2736 4510 2987 4564 Ecclesize
3022 4506 3327 4580 praesidium
3365 4515 3530 4568 multa
3561 4506 3810 4570 Dominus

2225 4576 2408 4644 gratia:
2453 4577 2739 4649 suaedona
2788 4576 3147 4649 largitus'esl,
3185 4586 3362 4638 sciens
3401 4584 3672 4640 damnatis
3710 4603 3806 4640 non

2225 4662 2444 4699 examen
2471 4647 2676 4720 judicii,
2702 4650 2794 4704 sed
2821 4647 2993 4704 solum
3017 4647 3342 4720 penitenth
3369 4656 3674 4710 remedium
3697 4673 3808 4711 esse

2227 4718 2607 4797 pra-standum,
2635 4720 2964 4797 Cwlestium,
2993 4718 3141 4797 quasi
3171 4739 3276 4797 non
3304 4724 3551 4797 discusso
3575 4730 3805 4797 negotio,

2225 4787 2544 4864 audientiam
2588 4791 2942 4864 postulantem
2971 4833 2984 4856 ,
3010 4787 3184 4848 'totius
3226 4794 3388 4849 Italia:
3431 4797 3626 4851 finibus
3644 4787 3808 4864 vjusait

2223 4857 2431 4930 extrudi
2464 4859 2531 4928 (ε)
2563 4877 2575 4912 :
2607 4860 2741 4930 adeo
2771 4869 2824 4915 et
2853 4877 3241 4930 prmcessorum
3284 4880 3499 4920 suorum
3537 4857 3734 4922 statuta
3761 4878 3808 4922 et

2223 4927 2437 5001 decreta
2465 4927 2736 5000 synodalia
2766 4927 3141 4987 inviolabiliter
3168 4936 3430 4990 servanda
3459 4941 3735 5001 censebat,
3760 4949 3809 4991 ut

2223 4999 2364 5066 quod
2405 4999 2569 5054 semel
2596 5011 2880 5076 ‘tneruerat
2904 5003 3164 5070 abscindi,
3193 5020 3527 5076 nequaquam
3568 4999 3808 5063 admitte.

2225 5077 2306 5122 ret
2335 5071 2630 5125 retractari.

2293 5139 2348 5191 2.
2389 5139 2497 5194 Nec
2529 5157 2653 5195 vero
2694 5143 2940 5211 segniore
2979 5158 3104 5199 cura
3145 5145 3213 5199 ab
3253 5146 3352 5200 hoc
3388 5148 3582 5202 eodem
3627 5150 3807 5203 morbo

2223 5209 2522 5289 Britannias
2548 5209 2812 5289 liberavit,
2837 5215 3050 5282 quando
3076 5216 3333 5285 qttosdam
3361 5217 3608 5272 inimicos
3626 5222 3805 5289 gratia:

2222 5281 2533 5354 solumsuze
2559 5283 2779 5352 originis
2808 5281 3149 5354 occupantes,
3188 5289 3347 5340 etiam
3382 5289 3450 5342 ab
3482 5289 3578 5342 illo
3605 5281 3806 5343 εἰει-«τιο

2222 5351 2445 5428 exclusit
2485 5351 2719 5428 Oceani;
2765 5363 2819 5408 ct
2861 5351 3106 5428 ordinato
3144 5355 3316 5412 Scotis
3355 5359 3644 5428 episcopo,
3685 5361 3802 5413 dum

2222 5419 2514 5495 Romanam
2557 5423 2782 5495 insulam
2828 5425 3008 5481 studet
3051 5441 3266 5482 servare
3301 5419 3654 5495 catholicam,
3691 5431 3808 5485 fecit

2221 5491 2381 5546 etiam
2407 5492 2683 5547 barbaram
2711 5494 3076 5551 Christianam.

2283 5603 2356 5665 (a)
2385 5605 2584 5654 circiter
2604 5618 2782 5656 annum
2803 5608 2973 5658 Christi
2990 5610 3083 5660 495
3103 5617 3186 5661 aut
3209 5611 3321 5661 426.

2283 5666 2353 5736 (ὁ)
2390 5667 2622 5716 Bonifaeio
2635 5669 2924 5736 leestinus
2943 5675 3178 5722 successit
3200 5687 3329 5723 anno
3343 5674 3515 5725 Christi
3539 5675 3649 5736 423,
3673 5688 3806 5725 crea-

2220 5734 2300 5776 tus
2337 5735 2568 5798 Romanus
2605 5732 2821 5791 pontifex
2857 5733 2940 5798 die
2983 5737 3131 5783 tertio
3167 5736 3482 5798 novembris;
3526 5732 3648 5789 obiit
3689 5749 3805 5786 vero

2223 5801 2355 5854 anno;
2373 5788 2479 5854 432,
2502 5791 2584 5854 die
2607 5788 2750 5840 Sexto
2773 5793 2952 5854 aprilis.

2289 5851 2359 5912 (ε)
2395 5852 2591 5901 circiter
2615 5851 2982 5907 annum'christi
3017 5855 3122 5909 ω
