4030 6474
528 397 670 456 1763

527 510 842 567 clericorum
863 507 933 563 ab
957 506 1192 562 Ecclesia
1213 506 1278 560 ad
1302 506 1589 561 Ecclesium
1611 507 1854 575 cuiquam
1878 508 2104 562 transire

531 581 601 636 sit
633 582 852 634 liberum
877 618 894 644 ,
916 587 978 632 ut
1002 578 1057 632 in
1088 578 1348 646 integrum
1374 592 1620 642 revoces,
1648 578 2012 633 admonemus.
2041 579 2109 632 Et

530 648 895 718 unusquisque
920 664 1026 701 non
1061 648 1349 718 ambitione
1392 648 1596 718 illectus
1620 688 1635 712 ,
1658 661 1783 718 non
1821 649 2107 717 cupiditate

529 716 822 784 seductus,
842 733 945 771 non
970 719 1315 786 persuasione
1337 717 1607 771 hominum
1638 716 1956 785 depravatus
1974 758 1990 785 ,
2014 719 2104 772 ubi

531 788 808 844 ordinatus
836 796 919 842 est
938 827 954 853 ,
986 796 1293 859 perseveret
1321 804 1341 859 :7
1367 788 1437 859 ita
1467 796 1535 859 ut
1559 786 1633 859 si
1664 789 1784 857 quis
1826 803 1919 859 sua
1950 800 2106 859 quase

528 874 691 923 rens,
741 855 1007 929 non_qua§
1051 856 1177 912 Jesu
1222 857 1415 911 Christi
1457 857 1475 929 (
1499 855 1728 927 Philipp.
1762 873 1833 922 ιι,
1861 855 1993 929 2i),
2041 858 2106 911 ad

530 929 740 996 plebem
768 938 821 982 et
847 927 1145 982 Ecclesium
1188 942 1337 981 suam
1383 927 1560 981 redire
1605 927 2012 995 neglexeritzet
2041 930 2109 983 ab

529 999 749 1052 honoris
775 998 1049 1067 privilegio
1071 1039 1087 1059 ,
1116 1006 1170 1052 et
1196 1012 1226 1050 a
1254 997 1644 1052 communionis
1669 999 1879 1052 vinculo
1906 997 2102 1051 habea-

530 1076 619 1121 tur
646 1066 951 1123 extraneos.
984 1066 1099 1121 Non
1127 1075 1303 1121 autem
1335 1069 1537 1120 dubitet
1565 1068 1782 1121 Dilectio
1813 1078 1897 1122 tua
1922 1109 1938 1135 ,
1968 1083 2067 1122 nos
2088 1109 2104 1127 .

528 1139 575 1191 si
606 1136 789 1209 (quod
820 1152 926 1191 non
955 1135 1312 1208 arbitramur)
1340 1138 1576 1209 neglecta
1607 1137 1801 1192 fuerint
1824 1177 1841 1204 ,
1869 1154 1985 1209 qua-
2013 1154 2109 1206 pro

529 1207 769 1262 custodia
799 1222 1062 1262 canonum
1087 1248 1102 1271 ,
1132 1217 1187 1261 et
1225 1223 1320 1272 pro
1366 1207 1484 1261 fidei
1530 1207 1829 1277 integritate
1871 1208 2104 1262 decerni-

531 1291 650 1331 mus
675 1317 689 1339 ,
735 1278 1102 1331 vehementius
1137 1277 1591 1332 commovendos:
1634 1279 1756 1346 quia
1796 1277 2106 1332 inferiorum

532 1347 781 1401 ordinum
832 1348 1002 1416 culpa:
1048 1346 1114 1401 ad
1161 1348 1334 1401 nullos
1384 1347 1552 1416 magis
1601 1347 1898 1402 referenda:
1941 1359 2103 1413 sunt,

531 1431 689 1486 quam
716 1417 781 1470 ad
811 1417 1018 1472 desides
1041 1457 1057 1483 ,
1088 1417 1524 1487 negligentesque
1551 1427 1787 1472 rectores
1813 1458 1830 1483 ,
1852 1419 1942 1486 qui
1970 1419 2110 1471 mul-

529 1495 637 1539 tam
687 1501 828 1555 strpe
863 1487 1101 1540 nutriunt
1139 1488 1527 1555 pestilentiam,
1575 1486 1702 1542 dum
1755 1487 2106 1543 austeriorem

527 1555 859 1612 dissimulant
884 1556 1135 1611 adhibere
1165 1556 1503 1611 medicinam.
2054 1582 2062 1593 ο

947 1646 1280 1702 EPISTOLA
1320 1646 1628 1703 EIUSDEM
1651 1688 1666 1712 ,

754 1754 823 1793 an
860 1752 1145 1793 εεῐιτηιιωι
1182 1754 1468 1794 EPISCOPUI
1507 1756 1735 1795 ALTINUI
1777 1739 1878 1813 (a).

645 1831 759 1887 Leo
784 1833 1065 1902 episcOpus
1087 1874 1101 1898 ,
1130 1832 1386 1888 SEPTIIIIO
1409 1832 1661 1903 episcopo
1684 1874 1699 1901 ,
1730 1835 1977 1890 salutem.

597 1924 775 1996 Lectis
790 1924 1167 1996 ,Fraternitatis
1196 1934 1298 1980 tua:
1318 1924 1508 1996 litteris
1527 1965 1543 1991 ,
1567 1926 1799 1996 vigorem
1822 1925 1944 1981 fidei
1967 1934 2070 1980 tua:
2087 1966 2104 1994 ,

528 2009 687 2067 quam
729 1995 856 2067 olim
898 2009 1249 2067 noveramus,
1289 1995 1642 2067 agnovitnusi
1679 1996 2108 2067 congratulantes

527 2063 662 2130 tibi,
695 2065 833 2134 quod
862 2064 929 2119 ad
957 2066 1251 2121 cusmdiam
1293 2063 1510 2136 gregum
1554 2063 1751 2121 Christi
1786 2063 2106 2136 pastoralem

525 2149 709 2207 curam
741 2135 1020 2207 vigilanter
1048 2135 1356 2207 exsequeris
1378 2135 1406 2202 ,’
1424 2151 1491 2190 ne
1517 2136 1661 2207 lupi,
1693 2135 1905 2207 quisub
1929 2136 2109 2207 specie

525 2205 705 2277 ovium
748 2205 1113 2277 subintrarunt
1150 2204 1378 2277 (Matth.
1406 2221 1475 2260 vn
1500 2246 1515 2269 ,
1545 2204 1611 2260 15
1633 2206 1678 2277 ),
1707 2204 1914 2261 bestiali
1948 2204 2106 2277 saevis

529 2275 599 2330 tia
627 2275 895 2343 simplices
921 2275 1515 2346 quosque'dilacerent;
1554 2275 1757 2331 etnon
1793 2277 1963 2331 solum
2006 2276 2107 2346 ipsi

526 2345 672 2399 nulla
700 2344 1030 2401 correctidne
1060 2344 1334 2417 proficiant
1357 2387 1372 2412 ,
1394 2344 1490 2417 sed
1516 2347 1676 2401 etiam
1704 2362 1766 2402 ea
1791 2387 1807 2413 ,
1835 2362 1955 2417 quae
1980 2344 2106 2401 sunt

524 2429 652 2486 sana
679 2456 696 2486 ,
727 2423 1089 2486 corrumpant.
1131 2415 1283 2483 Quod
1322 2432 1391 2471 ne
1424 2416 1640 2486 viperea
1671 2415 2108 2486 possit'obtincre

526 2485 765 2557 fallacia,
818 2486 895 2557 ad~
935 2485 1400 2557 metropolitanum
1456 2485 1765 2557 episcopum
1821 2487 2107 2557 provincia:

530 2555 766 2627 venetiac
793 2555 988 2624 scripta
1010 2556 1302 2627 direximus
1324 2573 1337 2609 :
1366 2556 1557 2627 quibus
1578 2557 1647 2611 ad
1667 2555 1837 2612 status
1855 2558 1937 2612 sui
1960 2558 2105 2627 peri-

526 2626 704 2697 culum
734 2634 1078 2697 cognosceret
1102 2626 1404 2697 pertinere,
1449 2628 1495 2682 si
1533 2627 1810 2697 quisquam
1852 2627 1921 2682 de
1954 2626 2108 2683 Pela-

525 2695 802 2766 gianorum
854 2703 908 2749 et
953 2695 1392 2766 Ctelestianorum
1449 2695 1721 2753 consortio
1767 2697 2021 2762 veniens,
2052 2698 2104 2751 in

526 2765 1183 2839 communionecatltolica
1221 2767 1339 2839 sine
1353 2767 1697 2839 professione
1733 2767 1984 2839 legitima:
2021 2783 2107 2822 sa-

529 2834 842 2890 tisfactionis
896 2835 1169 2891 habeatur.
1223 2834 1642 2893 Salnlierrimum
1692 2834 1833 2893 enim
1877 2848 1998 2905 est,
2051 2846 2107 2892 et

526 2906 815 2975 spiritualis
857 2906 1135 2961 medicinae
1176 2907 1409 2962 utilitate
1446 2908 1845 2976 plenissimum,
1899 2916 1957 2962 ιιι
1993 2907 2108 2962 sive

529 2976 825 3059 presbyteri
847 2977 1004 3058 “sive
1029 2976 1279 3059 diaconi,
1310 2977 1425 3059 sive
1444 2978 1542 3059 alii
1571 2977 1854 3059 cujuslibet
1898 2977 2102 3033 ordinis

524 3045 747 3115 clerici,
801 3046 891 3116 qui
941 3061 1002 3102 se
1051 3057 1320 3102 correctos
1375 3048 1545 3103 videri
1596 3045 1811 3112 volunt,
1866 3063 2104 3103 errorem

525 3130 681 3171 suum
705 3158 721 3182 ,
749 3125 805 3170 et
833 3118 976 3186 ipsos
1016 3117 1218 3173 erroris
1252 3125 1499 3173 auctores
1537 3117 1775 3172 damnari
1814 3133 1845 3172 a
1888 3133 1946 3172 se
1988 3119 2105 3172 sine

525 3184 869 3257 ambiguitate
896 3184 1163 3242 fateantur
1191 3204 1205 3240 :
1238 3195 1297 3241 ut
1321 3188 1565 3243 sensibus
1602 3189 1775 3257 pravis
1811 3196 1865 3242 et
1903 3188 2103 3243 dudttm

527 3256 879 3329 peremptis,_
907 3258 1085 3329 nullai
1103 3257 1341 3329 spirandi
1363 3257 1387 3329 ιγ
1435 3256 1666 3329 supersit
1733 3259 1983 3324 occasio,
2036 3274 2104 3314 ne

526 3327 692 3398 ullum
724 3326 1019 3383 membrum
1049 3326 1303 3383 Ecclesiae
1326 3326 1515 3383 talitth
1529 3329 1694 3398 possit
1713 3330 1967 3384 societate
1989 3330 2103 3382 vin-

527 3397 666 3469 larii,
698 3412 830 3469 cum_
848 3412 944 3466 per
970 3399 1147 3452 omnia
1186 3398 1294 3469 illis
1328 3397 1587 3468 professio
1626 3400 1841 3469 propria
1881 3399 2106 3469 creperit

527 3466 765 3522 obviare.
793 3467 945 3522 Circa
972 3483 1106 3538 quos
1127 3468 1285 3521 etiam
1316 3466 1459 3522 illam
1485 3466 1746 3522 canonum
1769 3466 2104 3523 constitutio-

529 3551 653 3591 nem
683 3538 1021 3607 praecipimus
1055 3538 1347 3605 custodiri,
1385 3554 1454 3593 ne
1485 3540 1551 3594 ab
1592 3539 1672 3593 his
1718 3539 1969 3595 Ecclesiis
1992 3579 2007 3603 ,
2036 3540 2102 3593 ad

528 3622 662 3676 quas
691 3609 907 3677 prepric
932 3609 1236 3678 pertinent,
1276 3608 1517 3664 sinantur
1558 3610 1845 3664 abscedere
1871 3651 1886 3676 ,
1925 3617 1980 3664 et
2008 3625 2104 3678 pro

526 3690 625 3732 suo
650 3678 872 3733 arbitrio
895 3677 963 3734 ad
994 3679 1110 3733 loca
1138 3677 1237 3733 sibi
1269 3694 1373 3733 non
1404 3679 1652 3748 deputata
1682 3681 1925 3735 transire.
1952 3679 2103 3748 Quod

525 3761 645 3818 cum
676 3755 821 3802 recte
851 3764 956 3803 non
1005 3748 1324 3818 permittitur
1361 3749 1643 3817 inculpatis
1667 3791 1681 3814 ,
1720 3750 1888 3805 multo
1928 3752 2104 3804 minus

525 3816 687 3889 debet
723 3818 886 3873 licere
925 3816 1206 3889 suspectis.
1255 3820 1483 3874 Proinde
1510 3816 1731 3874 Dilectio
1780 3830 1865 3875 tua
1891 3861 1906 3885 ,
1951 3821 2104 3889 cujus

525 3887 810 3961 devotione
837 3887 1130 3958 gaudemus
1154 3931 1167 3953 ,
1195 3889 1382 3960 jungat
1402 3906 1589 3961 curam
1621 3904 1770 3945 Suam
1796 3887 2103 3961 disposit‘io‘

526 3958 684 4013 nibus
708 3962 904 4014 nostris
928 4001 940 4017 .
969 3968 1024 4014 et
1052 3975 1172 4014 eum
1198 3958 1520 4029 supradicto
1564 3958 1975 4030 metropolitano
2017 3963 2107 4016 tlet

524 4041 743 4100 operam
769 4070 784 4091 ,
812 4037 870 4082 ut
896 4030 1282 4100 circumstiecte
1305 4046 1367 4085 ac
1386 4032 1642 4086 velociter
1661 4032 1978 4100 impleantur
2000 4047 2060 4086 ea
2086 4072 2102 4097 ,

524 4113 646 4167 quze
674 4098 741 4151 ad
769 4099 928 4153 totius
958 4098 1213 4155 EccleSitc
1242 4101 1659 4156 incolumitatem
1690 4098 1751 4157 et
1771 4102 2107 4159 laudabiliter

525 4177 651 4223 sunt
679 4179 827 4239 gesta
849 4171 892 4232 ²,
922 4178 977 4223 et
1002 4171 1288 4225 salubriter
1310 4171 1573 4226 ordinata.

752 4255 1024 4313 CONTRA
1068 4258 1508 4315 PELAGIANAM
1552 4260 1876 4316 llAERESlM

526 4364 578 4405 IN
617 4364 882 4404 ωιιιλτιΑ
921 4364 1305 4404 BENASCENTEI
1329 4391 1343 4415 ,
1386 4364 1639 4405 EPISTOLA
1675 4367 1878 4407 GELASII
1917 4367 2063 4407 ΡΛΡᾸΞ
2087 4394 2104 4420 ,

732 4436 801 4475 an
838 4434 1107 4476 nosontnu
1147 4435 1430 4475 nrtscoruu
1472 4437 1754 4476 DALIATIE
1794 4422 1900 4491 (ὁ).

734 4511 1092 4567 Dilectissimo
1122 4511 1268 4566 fratri
1298 4510 1540 4568 HONORIO
1562 4553 1576 4578 ,
1608 4510 1891 4568 Gnusws.

593 4603 647 4657 1.
692 4603 841 4657 Licet
869 4603 1006 4657 inter
1041 4602 1214 4656 varias
1241 4611 1536 4670 temporum
1567 4602 1904 4657 difficultates
1930 4602 2102 4656 conti-

522 4674 642 4729 nuis
681 4673 1119 4741 occupationibus
1163 4672 1445 4740 implicati,
1484 4673 1567 4727 vix
1613 4674 1877 4741 respirare
1928 4673 2106 4726 valea-

525 4758 645 4798 mus
668 4760 682 4807 ;
715 4758 809 4812 pro
833 4742 989 4797 Sedis
1016 4751 1191 4797 tamen
1220 4743 1525 4812 apostolicae
1552 4743 1919 4798 moderamine
1946 4743 2106 4798 tctins

520 4814 675 4868 ovilis
699 4812 947 4883 dominici
972 4826 1152 4883 curam
1179 4813 1297 4868 sine
1317 4812 1616 4867 cessatione
1643 4821 1930 4867 tractantes
1948 4853 1965 4878 ,
1987 4829 2109 4883 quae

524 4885 680 4954 beato
701 4883 860 4938 Petro
879 4881 1171 4939 Salvatoris
1196 4883 1361 4954 ipsius
1385 4884 1554 4938 nostri
1577 4898 1708 4954 voce
1727 4884 1967 4953 delegata
1988 4881 2069 4954 est
2088 4926 2103 4949 ,

525 4953 591 5008 Et
614 4964 668 5007 tu
692 4969 959 5025 conversus
985 4952 1232 5023 conﬁrmd
1252 4957 1435 5025 fratres
1457 4963 1569 5007 tuos
1589 4955 1607 5024 (
1630 4952 1756 5007 Luc.
1787 4952 1897 5008 ιω
1921 4994 1938 5019 ,
1959 4952 2041 5025 _32
2061 4953 2103 5024 );

519 5034 576 5079 et
605 5027 729 5079 item
757 5065 775 5094 ,
807 5022 971 5094 Petrei
990 5060 1005 5086 ,
1034 5022 1176 5077 amas
1214 5022 1341 5078 me?
1381 5023 1543 5077 Posce
1587 5022 1703 5077 om
1740 5039 1876 5077 meas
1905 5022 2103 5094 (latnt.

521 5110 611 5149 χχι
636 5136 651 5159 ,
687 5093 787 5164 l7)
813 5108 827 5148 :
848 5092 1193 5164 dissimulare
1215 5109 1313 5149 nec
1335 5107 1619 5164 possumus
1643 5132 1661 5159 ,
1689 5108 1790 5149 nec
1810 5092 2065 5149 debemus
2088 5135 2103 5158 ,

520 5179 641 5235 quas
670 5162 908 5235 nostram
938 5162 1350 5235 sollicitudinem
1395 5163 1563 5219 forma
1587 5165 1947 5235 perstringat;
1983 5180 2104 5218 cutn

521 5234 681 5305 beato
737 5234 901 5289 Paulo
942 5234 1186 5304 apostolo
1231 5235 1553 5299 sentientes,
1590 5234 1771 5305 ’atque
1820 5235 2062 5289 dicentes
2088 5276 2103 5298 ,

522 5304 652 5371 Qui:
675 5305 966 5375 inﬁrmatur
989 5346 1004 5372 ,
1022 5313 1084 5359 ,ει
1111 5319 1203 5375 ego
1228 5321 1330 5375 non
1358 5306 1589 5373 inﬁrmor
1608 5305 1634 5375 .9
1652 5307 1763 5375 quis
1788 5305 2107 5359 scandaliza-

522 5322 652 5371 wm
675 5322 966 5375 tnprmamr
989 5346 1004 5372 ,
1022 5322 1084 5359 ,ει
1111 5322 1139 5358 e
1174 5322 1203 5357 ο
1228 5322 1330 5358 non
1358 5322 1589 5373 mprmor
1610 5322 1633 5359 .1
1652 5322 1763 5375 quis
1788 5322 2106 5359 scanaauza-

522 5386 606 5429 tur
627 5417 641 5440 ,
669 5386 717 5429 et
745 5391 837 5448 ego
862 5391 963 5428 non
995 5390 1116 5448 uror
1136 5322 1228 5448 ἴῃ
1249 5373 1367 5429 Cor.
1388 5390 1444 5435 ιι
1471 5416 1486 5441 ,
1514 5375 1586 5430 29
1606 5374 1651 5448 )?
1679 5376 2106 5448 ﬁltaqnippenos

520 5458 739 5514 repente
765 5444 930 5500 tristis
954 5486 969 5510 ,
1003 5444 1297 5509 horrenda,
1347 5454 1400 5499 et
1436 5448 1520 5498 vix
1569 5444 1837 5501 credibilis
1879 5446 2108 5499 confecit

518 5518 698 5585 opinio
722 5560 738 5584 ,
770 5526 827 5570 ut
850 5528 1084 5571 utentem
1123 5524 1358 5571 nostram
1391 5514 1779 5585 confunderet,
1807 5515 2068 5571 sauciaret
2088 5560 2104 5582 ,

582 5630 598 5691 ἕ
634 5627 777 5691 Alias,
801 5626 1050 5691 sperandi.

582 5690 604 5720 ι
640 5688 780 5746 Alias,
805 5688 1046 5799 suggesta.

584 5749 655 5799 (ai
688 5750 809 5799 Olim
831 5764 886 5799 or
921 5752 1003 5799 ine
1136 5764 1264 5799 nunc
1292 5752 1341 5799 7.
1366 5754 1543 5799 Scripta
1563 5753 1755 5799 circiter
1777 5765 1955 5799 annum
1974 5752 2080 5799 cbri

519 5749 809 5859 su(gi‘olim
831 5749 1003 5801 ordine
1023 5751 1103 5813 83,
1136 5764 1264 5802 nunc
1292 5752 1341 5802 7.
1366 5754 1543 5815 Scripta
1563 5753 1755 5804 circiter
1777 5765 1955 5803 annum
1974 5752 2107 5803 chri-

584 5870 655 5934 (b)
687 5870 1009 5934 Interpelasii
1034 5872 1263 5937 epistolas
1283 5875 1454 5928 ordine
1475 5876 1521 5928 5.

1658 393 2056 451 APPENDlClS
2094 393 2270 450 PARS
2306 390 2643 453 SECUNDA.

3662 403 3803 462 1764

2213 510 2491 591 afﬂigeret.
2518 512 2825 591 Nuntiatum
2861 515 3313 591 nobi_s__est_enim
3335 559 3351 583 ,
3389 520 3442 575 in
3490 520 3804 591 regionibus

2215 581 2589 663 Dalmatiarum
2616 586 2872 654 quosdam
2895 581 3446 663 recidiva__l’elagian:e
3472 581 3637 660 pestis
3661 594 3807 647 ziza-

2213 655 2299 730 nia
2349 655 2681 730 seminasse;
2737 664 3047 730 tantumque
3102 658 3214 714 illic
3266 655 3808 730 eorum-prtevalet'e

2213 720 2639 803 blasphemiam,
2669 733 2726 803 ut
2745 720 3026 803 _simpl_ices
3051 743 3291 803 quosque
3317 720 3573 803 mortiferi
3603 730 3805 803 furoris

2213 794 2876 871 insinuatiouedecipiantI
2896 797 2993 871 Est
3016 794 3230 871 quidem
3251 815 3402 855 error
3428 801 3541 871 ipse
3561 801 3805 857 nefarius

2215 870 2360 952 tanto
2387 864 2734 952 perniciosior
2754 866 2817 952 ad
2846 864 3240 952 subrependum
3260 911 3277 935 ,
3297 864 3497 952 quanio
3518 872 3585 924 ad
3612 871 3805 952 fallen-

2218 929 2362 1013 dum.
2388 929 2502 988 veri
2544 936 2903 1013 similitudinis
2928 929 3444 1013 colere-versutior;
3474 941 3492 973 ¹
3510 951 3807 1012 ρι-τεειειιιο

2214 1001 2438 1077 gemino
2458 1043 2477 1077 ε
2510 1004 2660 1060 adest
2692 1006 2813 1061 tldei
2846 1008 3120 1063 catholica:
3158 1024 3287 1077 pura
3315 1001 3527 1065 veritas'
3575 1025 3806 1066 concor-

2211 1070 2371 1154 dibus
2391 1074 2757 1154 universorum
2782 1078 2994 1133 Patrum
3013 1070 3326 1154 deprompta
3347 1080 3613 1136 sententia
3636 1122 3656 1148 ,
3680 1098 3802 1154 qua:

2211 1149 2267 1195 et
2292 1142 2487 1198 subtile
2515 1145 2919 1220 vi_rus_funest:e
2965 1142 3254 1218 pravitatis
3278 1161 3552 1220 exponat,
3598 1142 3656 1206 et
3701 1142 3803 1205 int-

2214 1226 2372 1290 r_nano
2394 1214 2573 1283 generi
2588 1214 3123 1290 _sa_lvaudo_cotiferat
3147 1220 3213 1275 de
3235 1214 3633 1290 Scriptum-um
3663 1237 3801 1277 oon-

2212 1280 2440 1337 fectione
2482 1285 3176 1361 medicin_am._Nullatenus
3218 1280 3377 1361 igitur
3413 1290 3800 1347 discretionem

2212 1366 2389 1425 rerum
2415 1354 2648 1409 nondum
2671 1358 2994 1413 abundantia
3016 1358 3178 1414 corda
3208 1354 3489 1417 conturbet
3510 1403 3525 1425 ,
3548 1361 3728 1417 donec
3747 1373 3803 1417 et

2211 1424 2478 1502 occultum
2508 1425 2699 1502 vulnus
2726 1438 3012 1502 appareat,
3039 1439 3093 1484 et
3119 1430 3342 1502 salvatio
3370 1431 3658 1502 singularis
3681 1434 3801 1486 elu-

2211 1500 2330 1573 ceat
2353 1497 2644 1573 :_quoniam
2678 1498 3012 1573 quantalibet
3033 1508 3150 1573 arte
3168 1499 3396 1573 fallacias
3419 1497 3641 1573 spiritus
3674 1518 3802 1573 per-

2211 1560 2429 1642 ditionis
2453 1560 2729 1631 armetur';
2755 1576 2940 1624 sancto
2966 1568 3141 1641 gladio
3160 1569 3386 1641 Spiritus
3410 1560 3727 1642 principalis
3748 1582 3803 1627 et

2210 1630 2479 1702 detegitur
2499 1647 2554 1690 et
2577 1630 2817 1693 necatur.

2283 1702 2337 1755 2.
2352 1705 2703 1788 Quaprypter
2729 1724 2823 1788 per
2858 1708 3205 1788 Dilectionem
3243 1718 3389 1766 tuam
3431 1721 3662 1788 cunctus
3700 1712 3803 1767 ibi-

2212 1770 2333 1855 dem
2352 1770 2563 1855 Domini
2578 1770 2883 1855 sacerdotes
2902 1778 3140 1855 fraterno
3150 1795 3556 1855 commonemus
3567 1782 3761 1855 affectu
3781 1825 3798 1845 ,

2213 1852 2272 1896 ut
2296 1848 2557 1926 qttiqum
2596 1848 2873 1926 erudiente
2919 1864 3013 1904 vos
3060 1851 3285 1926 Domino
3328 1862 3515 1907 contra
3562 1854 3798 1926 novitios

2212 1918 2459 1983 pugnetis
2480 1930 2694 1990 errores
2715 1959 2731 1986 ,
2758 1918 2887 1975 olim
2931 1922 3332 1990 perversitatem
3377 1931 3489 1978 toto
3514 1923 3650 1979 orbe
3697 1923 3800 1978 da-

2212 1993 2469 2064 mnatam,
2488 2002 2585 2042 nec
2598 1988 2741 2064 ipsos
2754 1988 2995 2064 recipere
3016 1990 3288 2064 debeatis:
3311 2003 3402 2047 aut
3423 1993 3568 2064 quod
3591 2003 3800 2050 temere

2212 2063 2572 2137 putatur'esse
2594 2056 2897 2137 faciendum
2920 2103 2937 2128 ,
2962 2078 3095 2137 _qu:e
3122 2078 3227 2117 non
3253 2056 3477 2119 haeresis
3500 2064 3799 2133 majoribus

2213 2130 2409 2202 nostris
2436 2130 2815 2202 convenienter
2841 2132 3101 2188 exstincta
3141 2148 3329 2189 rursus
3366 2130 3662 2202 provocare
3700 2150 3801 2189 nos

2212 2195 2403 2274 audeat
2425 2237 2441 2263 ,
2470 2199 2901 2274 etpalamnovis
2924 2202 3214 2274 resumptis
3256 2195 3459 2258 viribus
3496 2214 3796 2274 aperteque

2212 2265 2493 2351 confligat?
2511 2265 2901 2351 Numquidnam
2919 2272 3042 2328 licet
3066 2265 3223 2351 nobis
3230 2288 3282 2351 _a_
3292 2265 3612 2351 venerandis
3630 2265 3800 2351 ι)ξίτῇ-

2211 2333 2312 2409 bus
2344 2333 2590 2395 damnata
2628 2333 2962 2409 dissolvere,
3003 2351 3058 2398 et
3098 2343 3168 2398 ab
3209 2342 3314 2400 illis
3361 2344 3540 2399 excisa
3590 2333 3797 2400 nefaria

2210 2403 2456 2476 dogmata
2484 2412 2813 2467 retractare?
2836 2403 2980 2485 Quid,
2994 2422 3078 2469 est
3102 2428 3230 2485 ergo
3249 2457 3264 2479 ,
3293 2413 3435 2484 quod
3464 2429 3798 2485 magnopere

2210 2489 2572 2561 prazcavemus
2594 2521 2610 2546 ,
2665 2497 2734 2536 ne
2775 2483 3058 2561 cujuslibet
3102 2483 3322 2561 luet-esis
3365 2485 3535 2561 semel
3561 2483 3797 2561 Vdejeeta

2212 2550 2472 2629 pernicies
2499 2550 2566 2605 ad
2587 2566 2809 2629 examen
2837 2550 3013 2629 denuo
3036 2554 3220 2610 venire
3242 2554 3569 2629 contendat;
3602 2550 3798 2626 si'qua‘.

2210 2623 2500 2695 antiquitus
2526 2636 2558 2675 a
2585 2623 2781 2677 nostris
2806 2623 3096 2695 majoribus
3118 2625 3327 2695 cognita
3348 2666 3365 2692 ,
3391 2625 3636 2680 discussa
3660 2623 3799 2692 {rc-

2211 2686 2390 2766 fututa
2406 2700 2531 2766 sunt
2553 2733 2568 2757 ,
2613 2686 2961 2766 restauranda
2998 2686 3275 2750 nitamur?
3319 2686 3497 2750 nonne
3531 2686 3678 2766 ipsi'
3701 2711 3800 2752 nos

2211 2756 2231 2826 (
2244 2756 2562 2841 .qll9d‘absit
2579 2805 2594 2828 ,
2617 2773 2671 2818 et
2689 2763 2831 2841 quod
2857 2780 3126 2841 nunquam
3149 2765 3413 2841 catholica
3436 2756 3673 2834 patietur
3696 2766 3800 2821 Ec-

2210 2828 2418 2902 clesia)
2466 2828 2785 2902 adversariis
2837 2828 3076 2890 veritatis
3129 2836 3395 2891 universis
3436 2828 3639 2890 contra
3696 2852 3803 2891 nos

2211 2901 2522 2977 resurgendi
2558 2904 2904 2977 proponimus
2941 2905 3287 2975 exemplum?
3330 2905 3432 2962 Ubi
3479 2914 3605 2973 est,
3652 2907 3799 2977 quod

2208 2971 2470 3050 scriptum
2488 2971 2571 3028 est
2591 3015 2606 3038 ,
2639 2973 2897 3050 Termirtus
2922 2971 3123 3050 patrum
3164 2987 3365 3031 tuorum
3393 2992 3495 3030 non
3530 2971 3798 3049 trime—gre—

2209 3038 2362 3096 dieris
2389 3041 2579 3118 (Prov.
2605 3060 2718 3118 sint
2739 3086 2753 3109 ,
2776 3044 2846 3100 28
2866 3038 2991 3118 );'et
3016 3086 3031 3110 ,
3061 3044 3333 3118 Interroga
3368 3056 3537 3118 patres
3565 3038 3722 3118 tuos',
3749 3057 3799 3101 et

2208 3113 2585 3187 annuntiobunt
2600 3114 2688 3187 tibi
2704 3132 2725 3181 ;
2744 3125 2790 3169 et
2810 3113 3030 3172 seniores
3051 3126 3164 3171 tuos
3186 3158 3201 3182 ,
3227 3113 3461 3187 et'dtéent
3479 3116 3611 3187 tibi(
3636 3116 3793 3172 Deut.

2208 3194 2396 3258 χχχιι,
2424 3186 2455 3239 7
2481 3185 2526 3254 )?
2553 3184 2689 3252 Quid
2719 3200 2846 3258 ergo
2872 3187 3140 3258 tendimus
3183 3188 3321 3243 ultra
3362 3184 3800 3258 definita'majov

2207 3253 2371 3332 rem?
2399 3263 2491 3309 aut
2517 3270 2614 3332 cur
2659 3253 2810 3311 nobis
2848 3272 2954 3332 non
2992 3256 3232 3332 sufficit,
3256 3257 3456 3332 siquid
3483 3253 3797 3332 ignoranies

2208 3320 2421 3398 discere
2438 3325 2713 3398 cupiamus
2737 3367 2752 3389 ,
2793 3327 3020 3396 qualiter
3040 3327 3110 3382 ab
3134 3320 3447 3384 ortltodoxis
3471 3320 3714 3398 patribus
3739 3340 3797 3384 et

2208 3393 2980 3468 senioribus—singulaquaeque
2999 3399 3083 3452 vel
3106 3398 3317 3453 vitanda
3340 3393 3606 3468 praecepta
3632 3409 3758 3453 sunt
3775 3441 3795 3462 ,

2209 3463 2292 3519 vel
2318 3466 2544 3538 aptanda
2572 3463 2848 3538 catholica:
2870 3463 3075 3523 veritati
3092 3468 3117 3522 τ
3134 3483 3231 3523 cur
3256 3463 3361 3524 non
3386 3467 3470 3522 liis
3497 3463 3797 3538 probantur

2208 3548 2328 3589 esse
2354 3535 2610 3609 decreta?
2639 3536 2901 3609 Numquid
2932 3548 3026 3609 aut
3052 3540 3401 3609 sapientiores
3430 3535 3538 3595 illis
3566 3553 3757 3595 sumus
3777 3581 3795 3604 ,

2208 3608 2635 3681 antupoterimus
2676 3607 2827 3662 firma
2864 3607 3153 3681 stabilitate
3192 3618 3475 3677 constare,
3505 3609 3554 3665 si
3581 3625 3648 3666 ea
3676 3626 3799 3681 qua:

2207 3675 2276 3730 ab
2303 3676 2406 3731 illis
2434 3679 2721 3733 constituta
2750 3687 2906 3742 sunt,
2937 3679 3297 3735 snbruamus?

2278 3748 2332 3821 ξ).
2364 3748 2445 3801 An
2475 3745 2699 3821 fortasse
2728 3749 2945 3821 nescitis
2970 3749 3108 3821 hanc
3134 3750 3379 3821 hteresim
3405 3791 3422 3817 ,
3459 3750 3531 3806 de
3563 3765 3669 3821 qua
3712 3751 3797 3805 lo-

2208 3817 2451 3891 quimur,
2481 3828 2536 3873 et
2561 3819 2627 3874 ab
2654 3820 2943 3891 apostolica
2966 3819 3167 3891 dudum
3196 3820 3338 3891 sede
3366 3836 3462 3891 per
3484 3817 3661 3876 beatae
3684 3837 3797 3874 me-

2210 3888 2391 3942 moriae
2428 3888 2791 3944 Innocentium
2817 3930 2832 3955 ,
2879 3905 2944 3946 ac
2985 3889 3177 3946 deinde
3218 3888 3529 3958 Zosimum,
3582 3891 3798 3945 Bonifa-

2208 3958 2346 4013 cium
2367 4001 2383 4026 ,
2422 3959 2768 4016 Caelestinum
2792 4002 2807 4026 ,
2839 3960 3046 4016 Sixtum
3066 4002 3082 4029 ,
3116 3961 3347 4017 Leonem
3368 4001 3386 4027 ,
3428 3961 3703 4019 continuis
3740 3972 3796 4015 et

2210 4030 2608 4102 incessabilibus
2638 4032 2913 4086 sententiis
2953 4030 3115 4086 fuisse
3149 4040 3512 4102 prostratam;
3544 4046 3651 4102 nec
3674 4040 3795 4085 tan-

2210 4109 2320 4155 tum
2378 4101 2630 4156 Ecclesiae
2682 4102 2955 4156 catholica:
3021 4100 3262 4171 legibus,
3327 4101 3423 4157 sed
3489 4100 3790 4172 principum

2209 4185 2421 4243 quoque
2470 4171 2829 4226 Romanorum
2867 4186 2934 4243 eo
2962 4181 3165 4243 tenore
3185 4174 3207 4204 ³
3232 4172 3539 4243 damnatam
3563 4211 3578 4235 ,
3595 4181 3679 4243 ut
3696 4187 3797 4227 nec

2211 4241 2430 4311 usquam
2452 4252 2713 4297 terrarum
2730 4242 2937 4297 vivendi
2958 4242 3131 4296 locum
3153 4251 3445 4312 sectatores
3460 4241 3579 4312 eius
3594 4241 3798 4297 habere

2210 4312 2549 4368 sinerentur?
2574 4311 2704 4378 Qua:
2728 4312 2903 4367 omnia
2931 4320 3037 4366 tam
3065 4312 3229 4382 gestis
3259 4311 3514 4367 Ecclesia:
3553 4327 3656 4382 per
3682 4314 3798 4367 εἰη-

2210 4384 2359 4452 gulas
2386 4397 2623 4454 quasque
2647 4383 2888 4454 regiones
2910 4382 2978 4438 de
2998 4381 3190 4454 eorum
3206 4383 3466 4454 pravitate
3486 4381 3754 4454 confectis
3775 4424 3792 4447 ,

2211 4467 2366 4522 quam
2396 4452 2636 4508 censura:
2665 4453 2889 4521 publica:
2912 4452 3277 4508 sanctionibus
3303 4453 3622 4508 edocenter.
3654 4453 3796 4508 Ecce

2210 4539 2435 4593 quorum
2489 4523 2620 4578 libet
2668 4538 2825 4579 aures
2875 4522 3166 4579 catholicas
3214 4522 3401 4579 audire
3449 4523 3793 4587 doctrinam,

2209 4595 2530 4664 quiestiones
2553 4593 2795 4664 accipere
2815 4635 2831 4661 ,
2861 4602 3092 4664 tractare
3116 4594 3409 4649 tendiculas
3429 4634 3445 4659 ,
3469 4603 3526 4648 et
3542 4593 3799 4663 blasphe-

2210 4663 2345 4719 mias
2371 4664 2631 4734 patienter
2655 4663 2954 4720 admittere.
2977 4663 3022 4720 0
3047 4664 3091 4719 si
3118 4664 3395 4720 studerent
3412 4664 3679 4720 adversus
3702 4680 3734 4719 e
3758 4679 3799 4717 is

2212 4735 2469 4804 majorum
2501 4744 2800 4790 nostrorum
2832 4736 2997 4791 libros
3026 4750 3392 4806 responsaque
3417 4750 3748 4806 cognoscere
3779 4738 3794 4790 ι

2212 4806 2321 4860 illic
2347 4806 2521 4860 modis
2545 4806 2793 4876 omnibus
2817 4805 3131 4861 cerneretur
3149 4846 3166 4871 ,
3195 4805 3328 4860 nihil
3363 4805 3504 4876 esse;
3534 4821 3757 4876 prorsus
3779 4847 3796 4870 ,

2210 4877 2353 4946 quod
2382 4891 2491 4930 non
2520 4874 2662 4930 etab
2690 4876 2806 4931 istis
2834 4876 2995 4931 fuerit
3011 4877 3321 4931 ventilatum
3344 4918 3361 4944 ,
3388 4883 3445 4930 et
3461 4874 3667 4930 abillis
3686 4892 3799 4930 ma-

2210 4948 2398 5017 gnifica
2426 4947 2649 5017 veritate
2672 4947 2957 5017 contritum
2986 4964 3001 4999 :
3030 4947 3213 5016 sicque
3255 4947 3327 5002 de
3605 4961 3799 5002 eorum

2211 5015 2461 5088 nequitiis
2507 5015 2801 5088 refutandis
2830 5016 3031 5088 fideles
3076 5015 3274 5087 quique
3309 5016 3797 5088 redderenturrin-

2210 5086 2436 5152 structi,
2468 5096 2525 5141 ut
2551 5087 2680 5142 nihil
2703 5087 2930 5157 amplius
2953 5086 3304 5158 quaereretur.
3333 5086 3442 5143 Sed
3478 5088 3526 5143 si
3568 5087 3795 5142 forsitan

2212 5159 2504 5213 ineruditos
2527 5159 2733 5213 animos
2757 5157 2999 5228 quaedam
3025 5159 3095 5214 de
3118 5173 3303 5214 eorum
3330 5159 3581 5213 sensibus
3599 5172 3800 5228 propo-

2211 5229 2310 5283 sita
2334 5238 2776 5294 commoverunt;
2805 5230 2874 5283 ita
2913 5228 3296 5284 venerabilium
3334 5236 3546 5296 patrum
3587 5228 3799 5282 doctri-

2211 5301 2294 5353 nis
2317 5339 2332 5364 ,
2364 5307 2419 5353 et
2464 5301 2638 5354 omnis
2675 5314 2861 5353 eorum
2902 5299 3199 5368 publicatur
3241 5299 3443 5353 insania
3468 5340 3485 5364 ,
3516 5308 3574 5354 et
3598 5298 3801 5368 quibus

2211 5370 2460 5424 remediis
2503 5378 2754 5436 curetur,
2804 5370 3134 5436 ostenditur,
3182 5380 3241 5425 ut
3265 5384 3333 5424 ex
3370 5369 3455 5424 his
3499 5369 3616 5424 Deo
3657 5384 3801 5439 pra:-

2210 5449 2383 5495 stante
2421 5440 2685 5510 praevisis.
2722 5449 2908 5495 cuncta
2956 5456 3078 5511 qua:
3112 5441 3180 5495 de
3217 5454 3406 5495 eorum
3435 5441 3577 5511 serie
3604 5447 3804 5495 texue-

2209 5520 2371 5576 runt,
2402 5509 2456 5564 et
2479 5510 2779 5580 periculosa
2804 5509 3128 5567 sectantibus
3147 5550 3163 5576 ,
3207 5520 3262 5565 et
3298 5511 3457 5565 stulta
3484 5509 3805 5581 deprehen-

2210 5582 2459 5637 dentibus
2506 5595 2627 5636 esse
2671 5581 2993 5637 videantur:
3047 5587 3117 5636 tta
3161 5592 3221 5636 ut
3258 5581 3318 5635 .si
3361 5584 3480 5651 quis
3520 5581 3806 5636 existimet.

2210 5651 2615 5718 reluctandum,
2648 5666 2753 5708 non
2781 5661 2959 5708 tamen
2996 5661 3234 5709 veterum
3270 5651 3546 5717 sententiis
3564 5657 3805 5709 ‘contra-

2274 5812 2291 5844 ι
2327 5816 2466 5859 Forte
2487 5807 2781 5870 addendum,
2800 5808 2904 5860 sed.

2277 5874 2297 5905 ι
2328 5871 2469 5933 Alias,
2492 5878 2722 5934 tempore:
