4030 6462
146 374 285 441 ίτϐδ

142 494 318 550 dietor
344 490 571 553 existat;
594 488 687 544 sed
710 488 954 543 humanze
977 488 1133 544 saluti
1159 529 1174 555 ,
1196 486 1575 554 catholicmque
1595 485 1722 541 doc-

143 564 300 617 trina:
323 561 581 631 palamise
610 569 898 631 aperteque
929 558 1237 627 profiteatur
1266 557 1573 631 inimicum;
1618 573 1724 626 quo

142 628 590 701 magis'attentius
615 628 835 701 pervigil
858 644 986 682 cura
1011 637 1282 701 pastorum
1306 643 1351 701 _a
1391 628 1556 701 sacris
1576 642 1722 701 _gre-_

140 696 299 772 gibus
327 702 569 772 luporum
599 696 1274 772 debet'arceres'mvitiam.
1305 696 1436 772 Nam
1467 697 1721 772 quidquid

142 766 331 839 ovibus
361 766 556 825 sanctis
579 770 831 824 acciderit
856 768 1195 835 detrimenti,
1224 766 1506 837 praesuium
1540 766 1722 839 (quod

141 842 281 914 absit
307 838 328 914 )
357 841 575 914 damnet
600 840 853 914 iucuriam
878 856 907 914 ;_
921 840 1058 914 sicut
1085 854 1114 892 a
1139 838 1466 914 regeneratis
1495 838 1721 908 agmini-

141 912 241 990 bus
273 907 577 966 nocentium
620 909 876 990 depulsio_
894 907 1225 990 bestiarum,
1262 907 1547 990 custodum
1581 923 1722 990 pra:-

140 983 264 1035 miis
291 990 603 1050 perpetuum
633 977 943 1050 procurahit
968 989 1325 1050 augmentum.
1365 977 1523 1050 Certe
1552 977 1595 1050 s_i
1620 1018 1635 1042 ,
1668 985 1725 1032 ut

141 1048 318 1121 magis
366 1048 649 1121 optamus,
680 1049 826 1103 falsis
866 1048 979 1103 hmo
1019 1048 1322 1105 rumoribus
1365 1048 1471 1121 sint
1515 1048 1679 1121 relata
1706 1089 1721 1112 ,

141 1118 461 1193 quantocius
477 1119 850 1193 desideramus
875 1133 1200 1193 agnoscere;
1230 1125 1286 1173 ut
1320 1118 1410 1193 qui
1452 1118 1724 1193 membro-

140 1188 485 1245 mm‘Cliristi
518 1188 797 1245 vexatione
836 1189 1194 1258 trepidamus,
1246 1188 1411 1242 multo
1449 1189 1614 1259 magis
1657 1188 1725 1241 de

140 1276 332 1316 eorum
370 1261 656 1314 stabilitate
684 1260 945 1314 lmtemur.
978 1260 1103 1312 Data
1141 1259 1325 1327 quinto
1348 1260 1723 1327 calendasgau-

138 1332 283 1402 gnati
306 1372 321 1397 ,
350 1331 543 1385 Albino
570 1331 766 1396 fausto,
803 1331 917 1384 viro
943 1326 1242 1384 clarissimo
1264 1370 1279 1395 ,
1309 1329 1527 1384 consule
1554 1326 1651 1402 (a).

432 1444 756 1502 EPISTULA
799 1442 1101 1498 EJUSDEM
1138 1441 1439 1509 ALTERA,

569 1553 637 1592 Αιι
666 1552 883 1592 annos):
909 1550 1173 1591 noxontun
1202 1534 1299 1608 (b).

369 1628 723 1684 Dilectissimo
751 1625 901 1682 fratri
931 1627 1196 1693 llononto.
1214 1625 1497 1683 Gsusws.

215 1748 270 1801 1.
305 1744 558 1798 Miramur
584 1741 919 1796 dilectionem
957 1749 1100 1795 luam
1135 1740 1297 1795 fuisse
1325 1740 1601 1804 miratam,
1627 1754 1724 1793 cu.

142 1830 260 1871 ram
282 1815 440 1871 Sedis
460 1812 784 1883 apostolicre,
806 1827 925 1882 qum
946 1825 1094 1866 more
1115 1810 1373 1879 majorum
1402 1810 1607 1864 cunctis
1633 1825 1727 1883 per

142 1886 406 1941 mundum
432 1884 657 1939 debetur
683 1882 957 1946 Ecclesiis,
986 1896 1085 1951 pro
1104 1891 1298 1935 vestra:
1319 1894 1528 1950 quoque
1552 1882 1726 1947 regio-

142 1958 231 2012 nis
268 1957 374 2011 fide
414 1954 577 2009 fuisse
609 1953 887 2007 sollicitam
918 1970 933 2006 :
964 1967 1191 2021 cumque
1218 1951 1283 2005 ad
1315 1966 1433 2005 eam
1463 1951 1723 2020 perlatum

142 2036 310 2092 esset,
334 2024 475 2094 quod
496 2023 710 2093 quidam
734 2038 829 2093 per
851 2021 1514 2094 Dalmatiasintegritatem
1537 2024 1726 2094 catho-

143 2091 305 2151 licam
336 2091 527 2150 vitiare
554 2091 879 2156 niterentur,
913 2102 968 2148 et
996 2092 1188 2146 divinis
1217 2092 1567 2159 humanisque
1594 2091 1727 2159 legi-

138 2167 243 2222 bus
263 2177 389 2221 ante
409 2166 712 2220 damnatum
736 2163 1030 2233 Pelagiana:
1053 2162 1362 2233 pestilentia:
1383 2161 1559 2233 denuo
1582 2162 1724 2217 virus

140 2238 381 2301 inferre;
408 2252 510 2290 nou
534 2230 892 2303 putaverimus
913 2230 1180 2287 ullatenus
1198 2230 1571 2303 differendum,
1594 2246 1725 2301 quo-

139 2309 324 2363 minus
363 2307 479 2362 hmc
517 2300 821 2375 diligentius
861 2303 1227 2373 inquirentes,
1270 2312 1359 2356 aut
1404 2302 1450 2357 si
1495 2300 1723 2375 fortasse

138 2373 640 2447 subrepserant,idé
660 2375 901 2447 proximo
924 2381 1260 2447 sanarentur,
1287 2382 1377 2427 aut
1400 2373 1721 2447 anxietatem

139 2442 384 2504 nostram
410 2490 426 2513 ,
455 2448 501 2503 si
541 2442 674 2501 falso
719 2446 1068 2515 probarentur
1103 2443 1340 2515 iactata,
1380 2442 1720 2515 relevarent;

140 2523 474 2574 aestimantes
497 2517 689 2572 melius
721 2513 817 2569 nos
844 2515 1011 2569 videri
1037 2514 1396 2585 impatientius
1423 2513 1544 2585 talia
1570 2514 1721 2567 inve-

139 2591 342 2660 stigare
380 2588 638 2660 voluisse,
672 2601 830 2660 quam
849 2582 1516 2660 crescere—dissimulando
1537 2585 1723 2660 perni-

141 2653 306 2716 cie'm.
337 2653 703 2730 Nequeenim:
714 2657 797 2730 vel
819 2656 1028 2730 silentio
1042 2669 1296 2730 premere
1321 2668 1509 2708 causas
1533 2653 1720 2730 hujus-

140 2732 314 2794 modi,
339 2732 420 2786 vel
433 2723 741 2783 'dilferendo
765 2727 943 2780 fovere
973 2726 1287 2780 deberemus
1310 2742 1322 2777 :
1347 2739 1489 2789 cum,
1514 2723 1724 2779 dicente

140 2802 400 2872 Magistro
424 2800 712 2872 Gentium,
738 2796 1093 2872 Sollicitudine
1112 2811 1213 2872 nou
1240 2795 1407 2866 pigri;
1434 2802 1592 2872 atque
1620 2795 1722 2872 ue-

138 2864 262 2925 rum
284 2913 300 2939 ,
332 2872 433 2939 Qui
460 2878 635 2939 prwest
677 2870 731 2921 in
766 2867 1106 2939 sollicitudine
1145 2864 1320 2939 (Rom.
1352 2880 1446 2929 xu,
1476 2866 1534 2919 ll
1563 2874 1607 2918 et
1628 2864 1720 2934 8);

138 2888 262 2925 rum
284 2913 300 2939 ,
332 2888 432 2939 um
496 2888 635 2923 rwest
677 2888 731 2921 tn
766 2888 1106 2921 sauwuuame
1145 2888 1320 2933 mam.
1354 2888 1446 2929 xu,
1476 2888 1534 2919 ιι
1563 2888 1606 2918 et
1628 2888 1719 2934 0};

138 2958 269 2997 reos
302 2888 494 3011 procqu
520 2939 683 2994 dubio
712 2953 810 2993 nos
836 2979 851 3003 ,
880 2938 981 3011 uisi
1023 2937 1278 3011 continuo
1316 2950 1679 3011 qurereremus
1702 2975 1719 3000 ,

138 3004 356 3068 etiamsi
379 3011 606 3065 inaniter
629 3018 809 3064 essent
833 3008 1062 3077 vulgata,
1085 3004 1481 3061 convincerent.
1507 3004 1616 3059 Nec
1644 3007 1724 3060 in-

139 3091 316 3138 terest
362 3097 458 3151 per
492 3095 627 3150 quos
667 3076 941 3151 adaures
968 3085 1181 3151 nostras
1219 3076 1406 3151 eadem
1450 3077 1726 3144 pervenis-

138 3163 268 3209 sent
289 3195 306 3217 ,
334 3146 460 3207 dum
484 3146 881 3221 quomodolibet
906 3149 1003 3202 ista
1027 3146 1419 3221 referentibus,
1441 3155 1722 3221 postquam

139 3234 386 3279 nostram
427 3216 806 3276 conscientiam
850 3226 1230 3289 penetrarent,
1261 3218 1314 3271 in
1356 3216 1440 3271 his
1468 3217 1724 3289 veraciter

141 3293 464 3364 indagandis
493 3291 785 3362 pastorales
831 3286 1082 3364 excubias
1109 3302 1229 3364 esse
1275 3302 1382 3341 non
1429 3286 1727 3364 oportuerit

140 3357 516 3448 negligentes}
543 3371 806 3448 quatenus
834 3359 933 3448 vel.
948 3368 1003 3414 et
1029 3358 1464 3448 vestigiolpos‘set
1482 3357 1627 3437 lupis.
1646 3357 1724 3409 iu-

142 3426 424 3490 liiantibus
451 3426 673 3495 obviari,
701 3432 779 3486 vel
802 3430 965 3484 nullis
991 3426 1343 3483 existentibus
1365 3426 1517 3493 feris,
1545 3427 1724 3481 ovium

139 3505 388 3581 custodia
414 3516 598 3558 secura
627 3502 955 3581 persisteret.
977 3499 1062 3553 Ab
1085 3498 1166 3553 his
1193 3499 1283 3581 qui
1303 3506 1490 3581 essent;
1508 3496 1721 3581 Chioes,

138 3575 545 3629 Corinthiorum
572 3569 1011 3627 se'dissensiones
1038 3569 1317 3639 agnovisse
1337 3576 1559 3639 testatur
1581 3569 1724 3635 Apo-

139 3649 323 3701 stolus
366 3645 423 3715 (Ι
452 3646 569 3698 Cor.
601 3658 635 3715 γι
658 3684 674 3709 ,
722 3640 811 3712 ll)
836 3680 851 3704 ,
885 3638 1283 3715 confestimque
1316 3638 1571 3715 scribere
1621 3654 1725 3692 non

141 3707 385 3776 omittiti
435 3724 494 3769 ut
532 3714 616 3767 vel
659 3707 1002 3767 nascentibus
1042 3707 1233 3780 jurgiis
1278 3710 1397 3779 pius
1435 3707 1727 3763 medicatur

142 3795 481 3850 occurreret,
506 3784 586 3837 vel
612 3783 679 3838 de
703 3797 886 3837 eorum
913 3779 1183 3849 comperta
1212 3796 1334 3834 mox
1364 3779 1726 3850 incolumitate

138 3857 411 3928 gauderet
438 3848 625 3925 {quod
666 3868 764 3928 nos
801 3866 1013 3928 quoque
1043 3848 1268 3928 litteris,
1292 3865 1416 3928 qua:
1440 3864 1599 3918 super
1628 3848 1728 3928 hac

142 3919 303 3998 parte
332 3919 548 3981 directa:
574 3932 716 3998 sunt,
748 3919 1013 3998 iudicaSSe
1038 3919 1429 3998 reminiscimur
1456 3938 1470 3974 :
1505 3919 1730 3998 uisci“:

140 3989 235 4053 cet
256 4007 354 4052 aut
377 3995 730 4064 irrepentibus
750 3994 1130 4064 obsistet-emus
1153 3992 1394 4064 insaniis,
1418 3989 1573 4064 autsi
1596 3990 1727 4064 nihil

146 4070 349 4124 horum
377 4061 587 4137 penitus
609 4064 905 4137 accidisset,
933 4063 1002 4116 de
1022 4061 1300 4137 catholicae
1328 4061 1730 4137 verjgtisinte-

143 4141 348 4209 gritate
370 4131 692 4209 laxarentur.
717 4135 1051 4209 Quapropter
1071 4148 1175 4186 non
1202 4132 1374 4209 solum
1400 4131 1621 4209 [)ilectio
1642 4140 1727 4209 tua

144 4201 339 4264 nostra
365 4223 472 4261 non
500 4206 657 4260 debet
684 4201 952 4276 vigilantia
978 4203 1308 4276 permoveri;
1332 4201 1426 4256 sed
1455 4203 1730 4276 prmseutis

142 4279 406 4350 colloquii
428 4271 1043 4350 salutationeipercept'a,
1068 4272 1350 4350 nobiscum
1382 4271 1731 4350 potiusintln-

143 4341 340 4405 striam
382 4348 611 4417 propria:
651 4341 859 4401 sociare
897 4341 1128 4417 solertiae
1153 4382 1169 4407 ,
1210 4351 1471 4417 quatenus
1495 4341 1578 4395 vel
1616 4341 1731 4417 sive

144 4429 356 4475 tentata
381 4412 499 4473 sint
520 4417 641 4471 talia
660 4458 676 4483 ,
711 4416 947 4486 protinus
976 4414 1326 4486 corrigautor,
1359 4413 1442 4467 vel
1469 4426 1536 4466 ne
1564 4412 1733 4486 quali-

142 4491 245 4545 bet
293 4490 614 4558 obreptione
663 4480 974 4558 tentantur,
1030 4480 1286 4539 attentius
1338 4480 1726 4552 praecavenda,

140 4562 458 4615 snbiutrare
484 4573 589 4612 non
615 4557 844 4611 valeant.

222 4632 278 4685 2.
312 4633 388 4685 De
416 4628 614 4700 quibus
630 4637 805 4700 autem
837 4626 905 4700 ii,
935 4639 1071 4700 quos
1105 4632 1192 4678 tua
1217 4621 1735 4700 Cliaritas_destina-

140 4703 228 4755 vit
247 4744 263 4767 ,
290 4700 339 4755 si
371 4692 579 4769 plenius
603 4698 801 4769 instrui
821 4692 1105 4769 voluerint.
1132 4692 1583 4769 sequentes_tituli
1613 4706 1733 4769 cum

139 4761 266 4827 suis
310 4761 751 4839 responsionibus
792 4766 1108 4822 iutimabunt
1148 4782 1164 4818 :
1204 4761 1532 4839 etquoniam
1564 4761 1736 4839 se_his

138 4832 503 4909 acquiescere
532 4837 736 4907 praefati
768 4845 988 4909 eatenus
1015 4843 1140 4888 stult
1178 4832 1434 4909 professi,
1466 4832 1734 4909 uteadetn

138 4930 211 4968 se
239 4903 299 4967 et
340 4903 588 4982 primitus
614 4910 847 4982 tenuisse
871 4907 1178 4982 firmarent,
1205 4904 1299 4982 sed
1336 4903 1644 4982 aniculiius
1684 4904 1735 4956 iu

137 4974 512 5054 quarstionem
537 4989 722 5054 vocata
752 4976 1297 5054 vellent-mauilestius
1322 4974 1590 5054 expediri;
1622 4982 1737 5026 stu-

138 5044 392 5117 Juimus,
416 5049 833 5121 quantuminter
855 5045 1229 5121 occupationes
1259 5044 1370 5121 fieri
1402 5045 1591 5121 potuit,
1608 5058 1738 5121 qua:

139 5140 258 5179 nos
301 5114 525 5178 minime
552 5120 821 5189 respirare
848 5114 1444 5189 patiu:nturi,glargicntc
1473 5114 1696 5189 Domino
1720 5153 1736 5189 ε

137 5202 449 5265 sequentes
468 5185 690 5261 paterna
711 5185 952 5265 vestigia,
975 5187 1043 5241 de
1063 5186 1260 5265 talibus
1278 5226 1296 5252 ,
1317 5185 1736 5265 quiecepiinusf

136 5254 263 5319 non
292 5254 502 5319 silere':
529 5276 688 5332 quam
723 5254 958 5332 regulam
1000 5256 1177 5332 sobrie
1213 5256 1476 5332 sentiendi
1500 5254 1740 5332 quisquis

134 5336 299 5392 ﬁdeli
331 5333 497 5391 corde
520 5324 756 5387 sectatur
774 5324 958 5395 finter
982 5326 1307 5382 orthodoxos
1330 5324 1529 5381 merito
1552 5324 1742 5379 debeat

135 5405 440 5462 mstimari.
467 5402 719 5472 Quisquis
742 5414 873 5472 vero
898 5398 1161 5472 putaverit
1187 5396 1487 5472 abnuenda,
1517 5395 1584 5472 ab
1607 5410 1740 5472 apo:

133 5478 368 5532 stolicis
390 5465 513 5529 sese
538 5465 641 5526 non
670 5465 912 5541 ambigat
926 5469 1171 5525 exsulare
1205 5467 1479 5541 doctrinis.
1512 5468 1666 5541 Certe
1695 5465 1740 5519 si

130 5548 287 5619 quid
312 5558 397 5601 est
420 5544 561 5613 quod
588 5543 764 5599 valeat
789 5536 1023 5595 animum
1052 5552 1383 5608 permovere,
1417 5536 1742 5591 Frateruitas

223 5730 240 5758 ι
277 5731 443 5779 Forte,
466 5718 751 5782 accepinms.

222 5788 298 5848 (α)
334 5776 680 5848 υἱενὶεεξρἶιιιο
702 5787 868 5848 octavo
885 5776 1161 5848 julii,qann‘o
1183 5777 1349 5826 Christi
1384 5776 1481 5825 lf‘5.

225 5840 299 5912 (ὁ)
334 5853 464 5903 inter
681 5840 908 5906 epistolas
929 5841 1097 5891 ordine
1114 5840 1161 5891 Β.

697 374 900 431 νΑιιιΑ
942 373 1227 450 εβΒΙΡΤΛ
1265 372 1357 427 AD
1398 371 1764 427 iilSTORlMl
1805 372 2335 432 PBLAGIANORUM
2374 375 2849 436 PERTINENTIA.

3267 386 3405 445 l766

1837 497 1921 568 tua
1951 488 2232 569 consulere
2260 488 2570 569 ﬁduciaiiter
2598 492 2625 569 ’_
2645 494 2887 569 omittat,
2919 503 2977 569 ut
3007 496 3210 569 Domini
3236 502 3407 569 gratia

1835 557 2208 641 ministrante,
2242 560 2400 641 totius
2437 560 2685 617 discutiat
2722 564 3059 621 obscuritatis
3095 557 3402 641 ambiguum

1831 626 2067 683 fraterna
2097 630 2330 684 collatio.

2148 724 2234 774 DE
2272 724 2478 786 SENE,
2517 724 2776 776 NOMINE
2813 724 3101 791 SENECA,

1832 803 1883 841 IN
1904 804 2234 845 PELAGIANAII
2263 806 2502 845 twnsstn
2526 807 2706 854 urso,
2724 806 2827 847 cun
2851 809 3214 852 BEFUTATIONE
3240 816 3405 856 τιιιυιι

1904 875 2147 914 ειιιιοιιωι
2174 875 2303 923 QUOS
2340 877 2458 915 ILLE
2488 877 2793 916 Ριιιεεειιτιδι
2824 877 3154 921 ευδοεριειιλτ
3184 884 3215 922 Α
3242 885 3408 925 Ρεωι-

1902 944 2092 991 GIANIS,
2118 944 2368 985 EPISTOLA
2395 946 2625 987 uusosn
2647 947 2849 988 csusu
2879 932 2977 1004 (a),
3002 951 3070 989 Αι)
3095 952 3265 993 ouans
3292 957 3408 995 stu--

1901 1013 2090 1054 SCOPOS
2115 1014 2217 1054 PER
2244 1014 2492 1056 PICENUI.

1831 1088 2096 1166 Geusws
2140 1090 2765 1166 episcopustuniversis
2802 1094 3067 1165 episcopis
3111 1111 3207 1166 per
3252 1098 3409 1156 Pice-

1902 1176 2050 1224 num,
2084 1162 2135 1215 in
2164 1162 2389 1216 Domino
2416 1162 2663 1219 salutem.
2835 1162 2854 1165 ’
2985 1162 3001 1164 ⁷
3062 1184 3065 1187 π

1904 1252 1956 1306 1.
1980 1251 2279 1323 Barbaricis
2309 1252 2569 1309 hactenus
2597 1252 2911 1309 dolebamus
2940 1255 3263 1323 incursibus,
3294 1274 3409 1314 ma-

1831 1322 1975 1376 xime
1995 1322 2195 1375 vicinas
2221 1322 2345 1394 Urbi
2371 1324 2671 1394 provincias
2690 1365 2707 1390 ,
2729 1336 2780 1380 et
2812 1326 3068 1380 bellorum
3096 1322 3404 1384 szevatem-

1833 1400 2036 1465 pestate
2073 1393 2266 1465 vastari
2305 1409 2320 1445 :
2360 1392 2455 1465 sed
2493 1404 2745 1465 quantum
2789 1395 2928 1449 inter
2962 1397 3075 1465 ipsa
3111 1401 3406 1454 recentium

1831 1461 2203 1537 calamitatum
2233 1461 2489 1537 ferventia
2510 1461 2759 1537 iper-iouia
2802 1461 3191 1537 comperimus,
3234 1472 3413 1537 periti-

1832 1531 2113 1587 ciosiorem
2152 1531 2394 1606 diabolus
2431 1531 2856 1606 Christianorum
2894 1531 3405 1606 mentibns’la'bem,

1831 1615 1989 1674 quam
2018 1604 2331 1674 corporibus
2358 1602 2565 1657 hostilis
2600 1600 2779 1658 feﬁtas
2808 1604 3079 1674 irrogavit.
3115 1607 3264 1672 Quod
3293 1600 3407 1663 nia-'-

1833 1671 1940 1754 lum
1951 1672 2319 1756 principaliter
2335 1674 2538 1756 illarum
2562 1674 2833 1756 regionum
2852 1671 3066 1756 respicit
3081 1671 3405 1756 sacerdotes,

1832 1743 1921 1811 qui
1948 1751 2090 1796 tanta
2116 1742 2374 1813 segnitie,
2404 1750 2655 1812 tantaque
2682 1742 2962 1799 ministerii
2987 1742 3412 1804 dissimulatione

1832 1813 2084 1882 suscepti,
2112 1814 2512 1886 commissarum
2538 1813 2643 1886 sibi
2660 1814 2929 1886 negligunt
2949 1816 3181 1886 regimen
3203 1819 3410 1873 anima-

1831 1896 1970 1946 rum,
2001 1891 2057 1954 ut
2079 1897 2171 1939 eas
2197 1884 2355 1937 etiam
2383 1884 2451 1936 ah
2476 1884 2678 1953 exiguis
2697 1884 2991 1954 quibusque
3012 1884 3251 1942 bestiolis
3271 1888 3413 1944 lace-

1831 1954 1936 2028 rari
1977 1953 2078 2028 sub
2113 1954 2498 2028 conspectibus‘
2523 1955 2633 2028 suis
2669 1954 2883 2028 impune
2906 1953 3187 2028 patiantur
3229 1975 3242 2011 :
3284 1961 3412 2028 quin

1832 2021 1940 2096 imo
1966 2021 2315 2096 subrepent'es
2336 2024 2605 2096 nequitias
2633 2021 2986 2096 confovendo,
3012 2035 3067 2080 et
3095 2021 3411 2096 depravatu-

1831 2093 1977 2147 ribus
2001 2093 2386 2164 acquiesCendo
2424 2093 2692 2157 fidelium,
2722 2110 2827 2149 non
2857 2095 3029 2149 solitm
3073 2093 3413 2154 eas—minime

1832 2163 2124 2235 retrahant,
2143 2164 2235 2218 sed
2260 2164 2358 2234 ipsi
2379 2165 2544 2235 magis
2569 2165 2842 2233 praebeant
2856 2166 3065 2235 propria
3086 2166 3409 2224 nutrimenta

1832 2234 2141 2301 perditionis
2169 2236 2437 2304 exemplo.
2474 2234 2609 2301 Quid
2650 2245 2826 2290 autem
2862 2234 2993 2290 tales
3018 2245 3198 2291 essent
3235 2241 3404 2293 acturi

1832 2304 2107 2377 pontifices
2129 2344 2146 2370 ,
2173 2305 2218 2357 si
2256 2305 2419 2377 (quod
2447 2305 2605 2376 absit)
2643 2305 2724 2360 vel
2763 2306 2940 2376 aliqua
2979 2321 3115 2361 nova
3157 2310 3320 2377 pestis
3355 2319 3409 2364 et

1831 2374 2078 2443 primitus
2097 2374 2333 2443 ignorata
2357 2374 2741 2444 prorumperet,
2759 2374 3088 2444 vel—ingeniis
3107 2374 3407 2434 acrioribus

1830 2445 2179 2513 sensibusque
2206 2445 2431 2498 versutis
2459 2454 2550 2498 aut
2574 2445 2745 2514 aliqua
2776 2445 3109 2501 stccularium
3135 2446 3406 2505 doctrina-

1829 2528 1948 2568 rum
1981 2516 2167 2585 peritia
2202 2515 2441 2580 callidis,
2483 2515 2739 2585 sacrilega
2779 2516 3228 2586 blasphemiarum
3270 2519 3410 2575 dicta

1830 2594 2218 2657 promerentur,
2234 2586 2323 2657 qui
2340 2595 2445 2657 tam
2460 2585 2654 2657 veteris
2670 2587 2866 2639 erroris
2882 2585 3071 2657 detrita
3089 2599 3411 2657 commenta,

1829 2664 2042 2725 tamque
2065 2655 2351 2725 majoribus
2379 2656 2732 2727 Ecclesiarum
2759 2656 3044 2727 magistris,
3064 2673 3219 2727 quam
3247 2655 3405 2713 etiam

1830 2735 2009 2779 nostra
2052 2735 2208 2780 artate
2244 2726 2485 2781 convicta
2531 2743 2635 2779 non
2676 2726 2952 2793 recolunt,
2996 2726 3096 2782 nec
3134 2728 3365 2783 refutant
3394 2772 3411 2795 ,

1828 2806 1986 2868 atque
2027 2796 2093 2851 ab
2123 2797 2379 2864 imperitis
2416 2796 2702 2868 stultisque
2736 2797 2936 2866 prolata
2971 2812 3077 2852 non
3112 2803 3413 2868 respuunt?

1829 2866 2037 2938 Gratias
2077 2867 2427 2938 omnipotenti
2472 2867 2584 2922 Deo
2614 2866 2830 2937 agimus
2851 2907 2867 2934 ,
2896 2869 3146 2938 quoniam
3190 2866 3407 2938 suorum

1827 2937 1990 2992 corda
2012 2952 2112 3010 per
2142 2937 2442 3010 huiusmodi
2471 2951 2726 3010 personas
2752 2937 3053 3010 examinat;
3081 2937 3303 3010 quihoc
3332 2942 3413 3010 ip-

1828 3022 1946 3063 sum
1974 3008 2415 3079 virusrnesciunt,
2447 3007 2587 3079 quod
2616 3008 2919 3079 loquantur.
2951 3008 3082 3079 Nam
3109 3009 3231 3079 quid
3263 3007 3410 3064 face-

1830 3087 1949 3133 rent
1987 3078 2297 3147 pepulerunt
2329 3078 2583 3148 prassules
2620 3082 2719 3134 sub
2754 3078 3097 3148 astutioribus
3136 3078 3367 3133 inimicis
3392 3122 3406 3144 ,

1829 3150 1917 3217 qui
1961 3163 2031 3219 se
2058 3147 2345 3216 subjiciunt
2390 3147 2927 3219 libenterrindoctis?
2965 3148 3187 3216 Quando
3232 3150 3413 3219 utique

1830 3218 2035 3273 etiamsi
2064 3226 2207 3272 tanta
2235 3227 2349 3272 erat
2372 3219 2425 3272 in
2457 3217 2754 3272 rectoribus
2780 3218 3028 3273 dominici
3053 3218 3230 3289 gregis
3259 3217 3410 3289 prur-

1829 3303 1921 3344 sus
1949 3290 2192 3359 ignavia,
2225 3296 2282 3342 ut
2310 3304 2378 3343 ne
2415 3297 2541 3359 tam,
2561 3289 2717 3342 vilem
2746 3289 3094 3359 liebetemque
3124 3304 3407 3359 personam

1829 3360 2131 3429 possintvel
2154 3358 2447 3428 intelligere
2463 3358 2544 3413 vel
2568 3359 2797 3425 frenare,
2820 3358 2993 3429 potius
3013 3358 3262 3428 pastorali
3281 3374 3407 3416 cura

1829 3428 2111 3485 debuerint
2138 3443 2167 3481 a
2196 3429 2348 3500 nobis
2376 3429 2743 3498 cognoscenda
2768 3428 3077 3500 perquirere
3102 3444 3259 3500 quam
3286 3441 3413 3485 stla-

1830 3500 2068 3555 sionibus
2097 3494 2555 3554 inconsideranter
2583 3494 2828 3555 absurdis
2855 3494 3066 3555 facilem
3097 3494 3412 3556 submittere

1829 3572 2179 3625 voluntatem.

1900 3640 1954 3695 2.
1984 3639 2201 3695 Oblatus
2226 3648 2309 3694 est
2328 3639 2468 3693 enim
2492 3638 2645 3694 nobis
2670 3639 2988 3695 miserabilis
3017 3655 3179 3697 senex
3206 3641 3409 3698 Seneca

1831 3712 2067 3777 nomine,
2094 3710 2182 3780 qui
2207 3724 2311 3763 nou
2339 3709 2497 3780 modo
2529 3711 2686 3764 totius
2714 3719 2796 3765 est
2821 3710 3132 3767 eruditionis
3160 3714 3365 3768 alienus
3391 3755 3409 3777 ,

1832 3782 1928 3837 sed
1970 3779 2136 3852 ipsius
2180 3795 2390 3852 quoque
2434 3779 2797 3852 intelligentiae
2850 3783 3148 3836 communis
3193 3798 3415 3851 prorsus

1832 3849 2115 3908 extraneos
2138 3892 2154 3917 ,
2198 3849 2255 3905 in
2294 3849 2593 3920 Pelagianae
2611 3849 2895 3921 'voraginis
2934 3865 3090 3907 caeno
3113 3894 3127 3918 ,
3168 3849 3306 3907 sicut
3343 3857 3412 3908 de

1832 3922 2146 3993 quibusdam
2172 3922 2223 3993 in
2250 3921 2566 3993 Apocalypsi
2593 3921 2835 3991 legimus,
2866 3923 3010 3993 velut
3033 3937 3136 3976 una
3161 3939 3411 3978 ranarum

1834 3991 2170 4062 impudenter
2197 3991 2479 4045 immersus
2501 3991 2683 4062 (Apoc.
2708 4008 2819 4056 xvr,
2846 3992 2957 4061 l5),
2987 3993 3147 4062 inque
3169 3993 3255 4047 illa
3281 3995 3415 4049 fa‘ce

1834 4063 2159 4117 horribiliter
2182 4062 2469 4125 volutatus,
2502 4063 2804 4117 nullatenus
2832 4063 2954 4117 inde
2980 4064 3207 4133 qualiter
3231 4079 3411 4119 emcr-

1834 4149 1959 4203 gere
2009 4142 2185 4202 posset
2234 4132 2550 4205 inveniens;
2600 4134 2722 4202 quia
2770 4132 3052 4205 puritatem
3106 4135 3418 4205 relinquens

1834 4204 2109 4259 catholicae
2135 4203 2372 4257 veritatis
2396 4244 2410 4267 ,
2440 4212 2639 4273 quanto
2664 4217 2723 4258 se
2751 4217 2849 4273 per
2875 4203 3137 4257 lubricum
3169 4203 3417 4260 falsitatis

1835 4283 2058 4329 conatur
2086 4274 2329 4328 attollere
2348 4314 2362 4333 ,
2393 4282 2539 4344 tanto
2568 4274 2735 4344 magis
2760 4273 2874 4342 ejus
2901 4274 3087 4328 lutosis
3113 4275 3280 4329 foveis
3302 4276 3413 4329 cir-

1836 4344 2137 4399 comclusus
2162 4344 2441 4414 obruitur:
2474 4342 2677 4414 deiillis'
2699 4359 2834 4398 unus
2852 4345 3107 4410 existens,
3130 4345 3197 4398 de
3221 4345 3408 4414 quibus

1838 4416 2029 4470 Petrus
2049 4415 2176 4469 dicit
2201 4413 2474 4482 apostolus
2493 4454 2507 4474 .
2538 4412 2612 4467 Hi
2635 4429 2749 4467 vero
2774 4415 2907 4468 velut
2933 4412 3301 4468 irrationabiiia
3328 4432 3398 4484 pe.

1837 4503 1956 4539 cora
1983 4485 2283 4555 naturaliter
2301 4485 2354 4537 in
2374 4485 2656 4555 captionem
2676 4494 2723 4538 et
2742 4484 2795 4536 in
2817 4484 3107 4555 perniciem,
3136 4484 3187 4537 in
3207 4486 3286 4538 liis
3306 4499 3410 4555 qua

1836 4557 2069 4626 ignorant
2097 4554 2501 4626 blasphemuntes
2519 4554 2629 4626 ,gin
2652 4554 2982 4626 corruptique
3016 4570 3109 4607 sua
3145 4554 3373 4626 peribunt
3401 4598 3415 4618 ,

1837 4621 2445 4696 recipientesmercedem
2483 4624 2747 4696 injustilia:
2786 4621 2861 4696 (ll
2893 4621 3034 4676 Petr.
3067 4640 3102 4677 ιι
3124 4621 3271 4690 {12,
3300 4628 3415 4696 15).

1842 4693 2043 4750 Revera
2073 4695 2213 4749 enim
2237 4693 2313 4747 sic
2333 4694 2448 4762 ejus
2470 4693 2693 4747 stulidus
2714 4703 2766 4748 et
2795 4693 3053 4749 Obtunsus
3078 4705 3158 4749 est
3179 4693 3411 4762 animus,

1842 4776 1899 4821 ut
1918 4766 1986 4821 de
2007 4766 2089 4820 his
2118 4765 2358 4827 venenis,
2388 4779 2505 4833 qua:
2530 4765 2669 4818 male
2690 4763 2865 4818 hausit
2887 4773 2941 4818 et
2967 4766 3189 4832 vomuit,
3217 4768 3419 4821 nullam

1840 4838 2100 4892 rationem
2127 4835 2208 4889 vel
2248 4834 2490 4904 accipere
2528 4835 2697 4888 valeat
2739 4835 2957 4889 omnino
2981 4875 2996 4901 ,
3028 4837 3111 4890 vel
3150 4837 3373 4892 reddere
3403 4857 3418 4893 :

1842 4908 1937 4963 sed
1962 4907 2236 4977 induratus
2262 4904 2619 4977 obcatcatione
2637 4904 2922 4977 diabolica,
2950 4905 3161 4977 fsibique
3178 4908 3288 4977 jam
3313 4918 3420 4962 tra-

1842 4979 1986 5034 ditus
2023 4976 2201 5032 cordis
2229 4976 2309 5029 sui
2359 4975 2564 5029 funesta
2605 4975 2675 5029 sit
2710 4975 3417 5043 obstinationeidamnatus;

1844 5048 2083 5117 nihilque
2111 5047 2341 5117 supersit
2366 5046 2414 5100 ei
2441 5086 2456 5111 ,
2484 5045 2671 5117 nisiut
2707 5046 2845 5100 Deus
2882 5056 3067 5101 uoster
3088 5088 3103 5109 ,
3130 5049 3221 5117 qui
3249 5049 3419 5115 dixit,

1844 5134 1963 5188 qua:
1993 5115 2294 5174 hominibus
2327 5115 2669 5188 impossibilia
2708 5116 2985 5185 videntur,
3021 5115 3163 5188 apud
3199 5133 3259 5173 se
3301 5133 3421 5173 esse

1844 5187 2015 5244 facilia
2044 5230 2060 5255 ,
2116 5187 2415 5257 hujusmodi
2444 5196 2697 5257 fruentem
2758 5189 2958 5256 potenti
3014 5187 3425 5256 cumpuuctioic

1848 5260 2153 5329 trausligat;
2182 5256 2247 5329 ut,
2261 5256 2552 5329 secundum
2580 5257 2792 5329 beatum
2831 5258 3129 5328 apostolum
3159 5258 3379 5313 Paulum
3406 5302 3421 5325 ,

1846 5327 2122 5399 resipiscat
2144 5343 2175 5399 a
2199 5328 2395 5399 diaboli
2412 5327 2646 5399 laqueis,
2668 5327 2881 5399 quibus
2892 5330 3429 5399 captivusﬁdetinetur

1848 5396 2107 5456 sententia
2132 5396 2295 5457 divini
2330 5396 2537 5467 judicii.
2576 5398 2737 5452 Multa
2777 5399 2849 5453 illi
2882 5396 2999 5467 quin
3023 5400 3091 5453 de
3125 5398 3427 5469 Pelagianis

1849 5472 2093 5527 sensibus
2123 5485 2221 5524 nec
2246 5470 2297 5523 in
2326 5469 2527 5523 somnis
2553 5470 2771 5523 omnino
2797 5470 3146 5537 contigerant,
3180 5485 3277 5522 nos
3309 5486 3425 5523 ma-

1849 5542 1929 5611 gis
1949 5540 2208 5611 patefacta
2232 5539 2582 5611 prodidimus,
2598 5553 2766 5608 eaque
2786 5540 2981 5594 dudum
3003 5540 3241 5611 convicta
3266 5541 3429 5594 fuis~e

1852 5610 2280 5667 uioustravimus.
2311 5610 2436 5665 Haec
2474 5610 2633 5666 etiam
2676 5611 2785 5679 ipsa
2810 5652 2826 5677 ,
2863 5625 2980 5680 qua:
3015 5610 3153 5664 idem
3196 5613 3433 5681 proferre

1921 5771 1937 5802 ⁸
1971 5775 2110 5818 Forte
2146 5766 2434 5824 addendum,
2457 5778 2567 5815 non.

1920 5832 1995 5899 ζα)
2027 5837 2153 5882 tuter
2177 5832 2207 5891 i,
2223 5832 2323 5879 sius
2344 5844 2390 5891 ej
2408 5828 2569 5878 istolas
2591 5826 2759 5877 ordine
2787 5825 2833 5875 7.
