4064 6518
492 423 636 483 1⁸183

492 542 669 614 ipsum
685 540 941 614 Dominus
968 548 1222 614 operatur
1240 539 1293 614 in
1314 539 1447 594 suis.
1464 538 1540 614 Ac
1558 553 1652 607 per
1673 538 1793 603 hoc,
1827 538 2078 614 quoniam

491 610 652 669 habet
671 610 1068 668 homoliberum
1088 612 1386 675 arbitrium,
1408 611 1554 665 audit
1570 622 1851 679 pra-cepta,
1868 625 1987 679 qua:
2004 610 2081 664 fa-

490 684 595 739 ciat
616 702 629 738 :
648 684 742 740 sed
763 685 827 739 ad
847 683 1109 753 implenda
1128 693 1388 753 pricccpta
1420 683 1641 736 liberant
1656 681 1941 753 arbitrium
1963 680 2077 753 ido-

489 771 650 811 neum
670 752 969 811 nullatenus
980 752 1905 821 efficitur,nisidivinitnsadjnvetur.
1928 752 2001 806 Ita
2021 752 2078 807 fit

491 836 549 881 ιιι
564 841 622 882 se
637 826 845 896 operari
866 826 1062 891 debere
1105 826 1264 880 homo
1278 832 1585 894 cognoscat,
1607 823 1732 896 dum
1752 833 2075 896 pra-ceptum

487 894 685 967 accipit
709 916 723 952 :
748 907 803 953 et
822 898 930 953 Deo
956 912 1015 951 se
1039 897 1173 952 sciat
1195 911 1406 964 semper
1430 910 1588 949 omne
1629 894 1825 948 bonum
1853 894 2069 959 debere,

487 968 630 1039 quod
660 969 772 1023 vu!t
809 984 883 1025 ac
926 968 1069 1031 facit,
1117 982 1279 1039 quem
1323 975 1458 1022 teste
1486 966 1759 1039 Apostolo
1800 967 2076 1039 cognoscit

514 1036 697 1109 parari
725 1040 777 1094 in
812 1040 1025 1095 homine
1052 1047 1107 1093 et
1134 1036 1268 1093 velle
1293 1047 1346 1093 et
1375 1037 1649 1109 perficere.
1682 1053 1777 1106 pro
1808 1036 1947 1092 bona
1974 1052 2071 1092 vo-

487 1108 726 1173 luiitate;
755 1111 845 1181 qui
872 1112 983 1166 suis
1010 1109 1253 1181 fidelibus
1296 1108 1432 1181 hanc
1456 1108 1704 1181 dignatus
1737 1118 1821 1181 est
1846 1109 2071 1178 gratiam

488 1178 800 1250 promittere
846 1197 939 1250 per
986 1180 1304 1249 Prophetam
1352 1178 1555 1238 dicens.
1607 1178 1859 1250 Spiritum
1906 1196 2072 1234 meum

401 1292 412 1315 ι
486 1249 618 1307 dabo
661 1254 712 1306 in
757 1249 913 1319 vobis,
966 1262 1014 1307 et
1058 1252 1244 1321 faciam
1273 1259 1327 1303 ut
1373 1250 1426 1304 in
1456 1249 1921 1321 justiﬁcatianibus
1947 1252 2071 1306 meis

406 1340 420 1395 ε
485 1324 770 1395 ambuletis,
798 1334 869 1395 et_
874 1324 1073 1393 judicia
1102 1339 1212 1377 mea
1240 1320 1583 1395 obserpetisict
1614 1321 1823 1395 faciatis
1854 1320 2067 1395 (Ezecli.

410 1459 419 1466 ι
452 1448 457 1449 ,
486 1409 668 1466 xxx“,
696 1394 812 1463 9.7).
841 1392 973 1448 Cum
992 1395 1280 1466 ergoDeus
1304 1395 1353 1448 in
1382 1392 1596 1466 homine
1617 1392 1826 1463 operari
1847 1394 2071 1466 emperit

485 1465 645 1531 velle,
677 1462 801 1521 tunc
848 1465 1007 1520 homo
1032 1462 1099 1520 ad
1129 1465 1291 1520 Deum
1335 1462 1680 1530 convertitur,
1708 1472 1763 1517 et
1785 1463 1973 1519 eodem
2015 1465 2065 1520 in

424 1584 427 1591 .
484 1550 546 1590 se
564 1546 839 1606 operante,
862 1536 1001 1592 unde
1027 1537 1123 1606 ipsi
1148 1536 1370 1605 placeat,
1392 1543 1661 1606 operatur.
1694 1536 1768 1590 De
1795 1535 1903 1590 Deo
1924 1536 2066 1590 enim

486 1605 615 1678 dicit
657 1608 961 1677 Apostolus,
1004 1605 1152 1676 Aptet
1178 1623 1263 1660 vos
1304 1607 1355 1660 in
1382 1606 1517 1660 omni
1554 1605 1682 1678 bona
1709 1606 1748 1667 ι,
1779 1615 1833 1659 ut
1867 1607 2067 1678 faciatis

427 1694 435 1701 '
484 1676 791 1749 uniuntatem
819 1680 951 1745 eius,
984 1679 1175 1749 faciens
1202 1679 1252 1732 in
1277 1679 1413 1731 vobis
1437 1676 1572 1749 quod
1602 1676 1797 1747 placeat
1824 1676 1997 1731 coram
2014 1694 2069 1733 se

484 1747 670 1874 Σηρῶν.
704 1765 818 1816 xm,
848 1750 961 1820 21).
985 1747 1089 1805 λά
1122 1750 1281 1804 vitam
1308 1764 1519 1818 quoque
1550 1747 1600 1802 in
1648 1758 1850 1802 tantum
1894 1758 2067 1817 potest

526 1835 650 1874 omo
676 1836 890 1874 manum
924 1823 1212 1874 norriaere.
1247 1820 1298 1874 in
1324 1829 1578 1874 onantum
1607 1819 1847 1873 habuerit
1886 1820 2067 1874 Domi-

526 1835 650 1875 omo
676 1836 890 1876 manum
923 1819 1212 1890 porrigere,
1247 1820 1298 1875 in
1324 1829 1578 1890 quantum
1607 1819 1847 1890 habuerit
1886 1820 2069 1874 Domi-

484 1906 609 2016 ?Itim
619 1893 1015 2016 Protectignem
1035 1906 1186 1947 suam
1205 1889 1367 1962 super
1386 1905 1599 1945 manum
1620 1889 1892 1946 dexteram
1914 1905 2064 1946 suam

558 1979 615 2016 sa
643 2004 655 2015 .
683 1979 807 2016 cxx.
900 2004 914 2016 .

558 1965 655 2016 sal.
683 1979 807 2029 cxx,
835 1965 914 2029 5).

483 1961 655 2035 (Psal.
683 1979 807 2029 cxx,
835 1964 914 2087 5).
1270 2033 1281 2045 ⁸
1343 2032 1355 2044 ⁸

554 2034 779 2090 CAPUT
822 2036 869 2089 Χ
900 2034 959 2088 Il.
987 2065 1056 2076 —
1103 2034 1188 2090 15.
1221 2032 1388 2087 Nimis
1428 2040 1604 2087 autem
1645 2030 1931 2087 absurdum
1958 2042 2062 2102 est,

485 2103 606 2175 illos
652 2118 838 2175 putare
891 2121 1013 2161 vasa
1064 2103 1482 2169 misericordias,
1527 2104 1616 2174 qui
1644 2104 1728 2157 vel
1755 2104 2061 2159 szecularem

482 2174 715 2243 habent,
764 2178 849 2233 vel
896 2176 1310 2233 ecclesiasticam
1357 2175 1705 2244 dignitatem;
1759 2189 1885 2228 vasa
1938 2191 2065 2229 vero

480 2248 838 2311 contumeliic,
858 2248 1083 2304 clericos
1109 2262 1170 2302 ac
1186 2246 1478 2302 monachos
1499 2255 1551 2299 et
1576 2246 1739 2300 Iaicos
1763 2247 2063 2302 aestimare:

479 2332 603 2375 eum
636 2320 817 2388 utique
848 2320 1133 2388 Apostolus
1174 2333 1297 2372 vasa
1342 2316 1722 2388 misericordia:
1763 2316 2061 2388 iliadicat,

479 2403 601 2457 quae
630 2384 943 2458 prie'paravit
974 2391 1112 2446 Deus
1142 2389 1195 2444 in
1232 2388 1453 2459 gloriam
1483 2385 1656 2459 (Rom.
1687 2384 1885 2459 ιιηὲὄ)
1910 2427 1925 2452 ,
1952 2402 2062 2459 non

482 2405 601 2457 quae
630 2405 943 2458 ρτςιτιιειηινιι
974 2405 1112 2446 ueus
1144 2406 1195 2444 in
1226 2405 1453 2514 gloriam
1483 2405 1656 2452 uiam.
1687 2405 1761 2451 ix,
1794 2405 1885 2459 το)
1910 2427 1925 2452 ,
1959 2405 2062 2443 non

482 2469 799 2531 praesentem
827 2462 1008 2531 utique
1028 2502 1042 2524 ,
1084 2460 1178 2515 sed
1250 2468 1489 2521 uturam;
1536 2458 1727 2528 quibus
1755 2456 1901 2521 dicit,
1934 2456 2063 2531 Cum

479 2528 711 2585 Christus
738 2528 1051 2603 apparuerit,
1079 2533 1179 2586 vita
1201 2540 1363 2603 vestra
1382 2571 1397 2592 ,
1429 2539 1547 2583 tunc
1574 2538 1620 2603 et
1647 2544 1731 2603 vos
1756 2528 2064 2603 appttreiiitis

477 2617 594 2655 cum
620 2604 729 2672 ipso
757 2600 817 2656 in
843 2604 1026 2673 gloria.
1078 2603 1199 2656 Ideo
1228 2601 1385 2670 paulo
1410 2600 1655 2669 superius
1683 2600 1861 2673 eisAait
1884 2640 1900 2665 ,
1936 2600 2066 2665 Qua:

475 2668 677 2744 sursum
693 2684 820 2744 sunt
843 2668 1028 2743 sapite,
1062 2690 1161 2727 non
1189 2668 1304 2744 quae
1328 2668 1491 2744 super
1519 2668 1946 2744 terram__(Colo_ss.
1980 2688 2059 2738 ιιι,

477 2742 547 2814 ί,
578 2743 655 2811 2).
690 2743 826 2798 Vasa
852 2741 1049 2814 quippe
1075 2741 1458 2799 misericordia:
1480 2750 1604 2797 sunt
1628 2741 1821 2811 quibus
1848 2742 2059 2807 dicitur,

490 2810 695 2877 Venite,
726 2810 969 2870 benedicti
985 2810 1172 2870 'Patris
1208 2815 1340 2879 mei,
1375 2814 1616 2884 percipite
1648 2810 1857 2884 regnum
1881 2828 1907 2884 7:
1936 2830 2060 2869 vasa

479 2898 609 2956 vero
634 2887 971 2941 contumelia:
997 2894 1152 2953 sunt,
1178 2882 1623 2956 quibusdicitur,
1653 2882 1752 2956 Ite,
1781 2883 2059 2956 maledicti,

474 2954 529 3028 in
554 2954 719 3028 ignem
745 2965 1006 3024 wternum,
1030 2958 1115 3028 qui
1145 2954 1459 3028 prteparatus
1485 2964 1556 3008 est
1581 2954 1783 3028 diabolo
1808 2955 2062 3028 etangelis

474 3025 586 3095 ejus
615 3025 828 3096 (Matth.
859 3044 962 3082 xxv
986 3071 1001 3095 ,
1030 3025 1269 3098 34,“).
1319 3026 1453 3079 Vasa
1476 3028 1654 3098 itaque
1681 3025 2062 3098 misericordia:

479 3112 585 3151 non
610 3095 968 3155 ecclesiastica
988 3140 1002 3162 ,
1050 3101 1130 3154 vel
1159 3095 1432 3153 saecularis
1456 3095 1687 3165 dignitas
1706 3138 1722 3161 ,
1752 3096 1846 3151 sed
1871 3097 1923 3150 in
1953 3096 2061 3153 Ec-

475 3167 638 3222 clesia
684 3170 977 3238 spiritualis
1016 3169 1248 3224 charitas
1285 3168 1430 3223 facit.
1474 3168 1811 3236 Quapropter
1844 3167 1895 3221 in
1924 3184 2059 3238 qua-

473 3252 703 3309 cumque
748 3240 1081 3309 professione
1124 3240 1354 3295 tcnuerit
1383 3238 1543 3309 homo
1578 3238 1733 3292 tidem
1755 3279 1771 3302 ,
1814 3254 1934 3309 qua:
1966 3256 2061 3309 per

475 3306 791 3366 charitatem
817 3310 1287 3381 operatur(Galat.
1320 3326 1373 3374 v,
1401 3306 1478 3381 6),
1500 3310 1594 3362 erit
1622 3325 1709 3362 vas
1737 3309 1791 3362 in
1815 3306 2060 3381 honorem

475 3380 885 3449 sanctiﬁcatum,
913 3394 959 3438 et
990 3382 1112 3438 utile
1143 3381 1394 3449 Domino,
1434 3380 1501 3434 tul
1531 3396 1678 3435 omne
1709 3397 1838 3452 opus
1871 3380 2059 3435 bonum

472 3460 702 3524 patulam
731 3453 791 3521 (ll
823 3453 955 3509 Tim.
984 3470 1041 3520 tt,
1072 3454 1184 3524 Ἢ).

544 3520 626 3577 CA
638 3520 769 3579 PU'I‘
800 3524 938 3579 XIV.
959 3555 1027 3565 —
1051 3520 1356 3581 “(Contra
1379 3522 1900 3595 praedestinationem
1928 3537 2059 3579 vero

472 3603 778 3666 sanctorum
811 3611 1014 3666 magna:
1043 3595 1352 3665 pervicacia:
1379 3592 1461 3649 est
1497 3594 1726 3661 aliquem
1757 3592 1851 3666 vel
1872 3608 2058 3666 parare

472 3665 557 3719 vel
584 3664 781 3720 habere
821 3663 1164 3730 conflictum;
1209 3682 1332 3721 cum
1362 3666 1665 3735 apostolicae
1691 3663 2055 3735 praidicationi

479 3735 892 3808 nullusaudeat
928 3737 1218 3808 refragari,
1265 3751 1367 3807 qua
1412 3753 1518 3808 non
1558 3735 1728 3808 solum
1769 3734 1962 3789 dicitur
1989 3736 2057 3791 de

471 3805 584 3878 Deo
610 3848 621 3867 ,
655 3806 793 3874 Quos
813 3819 980 3863 autem
1016 3805 1264 3878 praesciuit
1284 3805 1343 3862 ἐι
1372 3805 1742 3878 prazdtjslinarit
1773 3808 2056 3878 conformes

472 3876 585 3945 ﬁeri
611 3878 846 3948 imaginis
871 3878 994 3933 Filii
1016 3875 1129 3960 ejus
1147 3879 1331 4003 (SRom.
1361 3875 1449 3933 nn
1470 3919 1483 3942 ,
1512 3876 1643 3948 29);
1694 3885 1747 3930 ct
1773 3875 1878 3932 alio
1912 3877 2052 3942 loco,

472 3946 859 4003 Prwdestinavit
902 3966 994 4003 nos
1032 3967 1085 4003 nt
1113 3967 1143 4003 a
1184 3950 1436 4003 cntionem
1477 3948 1699 4003 ﬁliorum
1748 3964 1836 4003 ver
1876 3946 2052 4001 Jesum

472 3946 859 4022 fragdestinavit
902 3966 994 4004 nos
1032 3946 1096 4022 iit
1113 3946 1436 4022 adeptionem
1475 3946 1699 4017 ﬁliorum
1747 3964 1836 4022 per
1876 3946 2055 4022 .lesum

469 4014 726 4073 Christum
750 4029 802 4074 tn
831 4021 995 4093 ipsum
1026 4014 1239 4093 (Ephesi.
1275 4038 1322 4082 ι.
1354 4021 1409 4090 5)
1436 4037 1453 4093 γε
1475 4014 1669 4093 verum
1697 4014 1855 4093 etiam
1881 4021 2052 4093 ipsum

469 4099 632 4162 caput
657 4088 923 4162 nostrum,
957 4088 1127 4161 ipsum
1154 4088 1561 4162 primogenitum
1590 4092 1640 4145 in
1670 4088 2054 4162 multisfratri-

472 4158 792 4232 bus_(Rom.
839 4158 1097 4232 vin,'29)
1149 4158 1574 4232 beatns'l’aulus
1616 4160 2053 4231 prindeStin-atum

472 4230 808 4303 confidenter
846 4230 1098 4303 praedicat
1139 4232 1353 4296 dicens,
1402 4231 1501 4298 Qui
1521 4230 1779 4303 fact’usest
1808 4232 1852 4284 ei
1878 4247 1944 4285 ea:
1969 4247 2052 4285 se-

470 4302 606 4372 mine
632 4300 800 4356 David
838 4300 1112 4357 secundum
1153 4318 1356 4357 carnem
1379 4343 1394 4369 ,
1428 4303 1523 4372 qui
1569 4300 1953 4372 prwdestinatus
1980 4311 2055 4357 est

470 4370 641 4437 Filius
665 4374 757 4428 Dei
783 4375 837 4428 in
867 4380 1072 4437 virtute,
1100 4372 1376 4427 secundum
1410 4370 1660 4442 Spiritum
1689 4372 2050 4442 sanctiﬁcatto~

468 4442 552 4497 nis
581 4442 712 4514 (Ida
734 4486 748 4509 ,
781 4446 873 4501 ὕει
900 4445 977 4517 4).
1008 4445 1258 4517 Quisquis
1287 4459 1414 4515 ergo
1446 4439 1874 4517 priedestinatnm
1902 4439 2054 4497 Chri-

472 4512 611 4569 stum
648 4525 702 4570 ct
728 4512 945 4571 sanctos
968 4516 1082 4586 ejus
1121 4512 1313 4586 negat,
1353 4512 1697 4586 apostolicam
1741 4512 1900 4586 fidem
1930 4530 2051 4583 per-

469 4601 657 4641 versus
683 4594 970 4668 oppugnat.
987 4585 1187 4668 pontes
1198 4584 1766 4668 'autem'praedestinati
1786 4584 1883 4668 ipsi
1904 4595 2047 4668 Sunt,

513 4673 607 4711 uos
636 4658 740 4713 vult
758 4656 765 4657 7
784 4656 949 4712 salvos
973 4659 1082 4727 ﬁeri
1099 4699 1113 4720 ,
1146 4666 1188 4712 et
1217 4659 1283 4710 ad
1311 4656 1614 4726 agnitionem
1638 4656 1858 4711 veritatis
1883 4657 2052 4712 venire

550 4727 683 4784 Tim.
713 4744 771 4793 Il,
799 4730 854 4799 4)
889 4747 901 4783 ;
934 4729 1025 4799 qui
1046 4736 1321 4799 prepterea
1344 4745 1513 4783 omnes
1539 4727 1814 4791 dicuntur,
1842 4728 2049 4799 quia_in

471 4796 700 4870 utroque
748 4796 880 4854 sexu
924 4796 990 4854 ex
1044 4796 1191 4854 omni
1245 4800 1516 4853 hominum
1571 4813 1803 4870 genere.
1857 4796 2049 4868 gradu,

470 4879 651 4937 aetate,
679 4877 735 4926 et
753 4870 1055 4926 conditione
1076 4870 1368 4925 salvantur.
1406 4870 1631 4939 Semper
1649 4870 1843 4939 quippe
1863 4870 2051 4925 volun-

471 4952 556 4996 tas
600 4941 694 4997 Dei
735 4940 1116 5008 omnipotentis
1159 4941 1451 5011 impletur:
1485 4941 1609 5011 quia
1654 4947 1890 5010 potestas
1933 4939 2051 5009 ejus

469 5013 777 5084 nullatenus
792 5012 1041 5084 vincitur.
1072 5012 1188 5084 Ipse
1207 5023 1290 5067 est
1312 5012 1452 5084 enim
1473 5014 1565 5080 qui
1588 5011 1762 5084 omnia
1789 5026 2053 5084 quincum-

471 5100 576 5156 que
620 5083 808 5156 voluit_
840 5083 963 5156 fecit
1009 5084 1061 5156 in
1093 5081 1242 5156 caelo
1267 5092 1321 5137 et
1359 5083 1412 5136 in
1455 5092 1624 5156 terra,
1671 5081 1725 5137 in
1753 5081 1885 5156 mari
1915 5091 1970 5156 et
1998 5084 2050 5136 in

470 5152 720 5212 omnibus
763 5154 970 5226 abyssis
997 5152 1167 5226 (Psal.
1199 5169 1439 5226 cxxxiv.
1471 5152 1529 5226 ti)
1562 5171 1575 5208 :
1602 5160 1658 5209 et
1680 5154 1831 5221 cujus
1858 5153 2049 5207 volun-

470 5228 565 5282 tati
591 5243 749 5282 nemo
776 5224 979 5282 resistit
1004 5224 1264 5297 (Romth
1284 5265 1297 5287 ,
1330 5224 1438 5296 l9).
1470 5224 1664 5279 Verum
1694 5239 1929 5297 namque
1946 5232 2047 5297 est,

512 5299 613 5353 und
648 5299 714 5353 de
738 5313 798 5354 se
828 5294 1047 5353 testatus
1072 5307 1153 5353 est
1178 5295 1377 5367 Filius,
1400 5294 1529 5365 quia
1554 5311 1685 5367 quos
1706 5294 1809 5348 vult
1838 5295 2053 5367 riui/isat

512 5314 613 5353 ιιοα
648 5314 714 5353 tte
738 5314 798 5354 se
828 5314 1047 5353 ιθειιιιιιε
1072 5314 1153 5353 851
1178 5314 1207 5351 1⁸
1224 5314 1344 5349 IIIUS
1363 5337 1377 5357 ,
1409 5314 1529 5365 (IIIIa
1554 5314 1680 5367 quos
1706 5314 1809 5348 vutt
1838 5314 2053 5363 υιιημεαι

469 5314 656 5494 ileon.
688 5384 760 5436 v,
810 5368 904 5440 21)
935 5388 949 5422 :
977 5368 1096 5439 quia
1140 5368 1189 5422 in
1230 5366 1556 5421 vivificandis
1602 5365 1801 5420 nullum
1844 5366 2053 5420 initium

514 5456 719 5494 uinanze
747 5441 1036 5494 voluntatis
1060 5446 1371 5494 exspectat:
1409 5437 1500 5492 sed
1530 5438 1697 5494 ipsam
1724 5437 2053 5491 voluntatem

514 5456 719 5495 umanze
747 5437 1036 5495 voluntatis
1060 5446 1371 5509 exspectat;
1409 5437 1500 5492 sed
1530 5438 1697 5506 ipsam
1724 5437 2053 5509 voluntatem

472 5513 613 5567 bona
658 5511 901 5567 faciendo
930 5508 1176 5565 vivificat.
1228 5508 1337 5563 Hoc
1367 5509 1418 5563 in
1450 5509 1778 5575 majoribus:
1810 5508 2056 5575 parvulos

474 5593 674 5649 autent,
711 5583 763 5637 in
788 5583 979 5653 quibus
1004 5581 1229 5637 necdum
1258 5589 1433 5653 potest
1473 5579 1609 5653 bona
1640 5580 1885 5633 voluntas
1914 5577 2053 5647 ﬁeri,

473 5654 638 5708 solius
659 5651 847 5725 gratiae
873 5653 998 5725 facit
1021 5653 1330 5725 operatione
1354 5651 1569 5706 salvari.

545 5720 771 5781 CAPUT
810 5724 926 5781 XV.
948 5755 1021 5765 —
1046 5720 1135 5781 15.
1168 5724 1415 5779 Liberum
1442 5736 1570 5778 vero
1594 5720 1890 5787 arbitrium,
1913 5720 2055 5792 quod

538 5898 553 5928 ¹
587 5899 783 5964 Aliquot
816 5908 945 5958 Mss.
965 5901 1017 5953 in
1051 5900 1184 5952 muri
1203 5913 1344 5967 apere
1370 5900 1515 5963 bona,
1538 5901 1681 5964 juxta
1703 5912 1936 5965 graecum.

1616 413 2015 473 APPENDICIS
2052 416 2229 476 PARS
2266 419 2599 479 SECUNDA.

3631 424 3774 484 1781

2186 537 2285 613 fuit
2311 540 2363 613 in
2394 540 2566 609 primo
2600 540 2817 598 homine
2851 556 3037 597 sanum
3064 550 3186 598 ante
3214 551 3483 613 peceatum
3505 586 3519 605 ,
3553 558 3693 599 nunc
3715 544 3768 599 in

2185 610 2306 683 filiis
2339 612 2459 675 Dei,
2492 614 2709 682 propria
2738 613 2951 683 quidem
2982 610 3288 669 infirmitate
3314 616 3637 683 concutitur,
3671 615 3768 671 sed

2182 681 2575 755 majoredivini
2602 681 2837 739 muneris
2857 686 3023 755 gratia
3055 686 3383 741 sublevatur.

2252 753 2477 810 CAPUT
2516 754 2653 809 XVI.
2690 786 2761 795 —
2789 753 2880 811 16.
2906 755 3262 825 Qumstionem
3294 772 3421 812 vero
3467 758 3766 813 animarum

2179 832 2272 879 aut
2304 825 2519 879 tacitam
2540 826 2799 881 debemus
2822 828 3144 896 relinquere,
3168 839 3259 883 aut
3284 830 3399 884 sine
3426 830 3769 885 contentione

2182 902 2413 969 tractare
2447 914 2459 949 :
2489 898 2610 966 quia
2638 899 2757 953 sive
2784 913 2848 953 ex
2882 899 3170 969 propagine
3194 901 3442 965 veniant,
3473 901 3588 955 sive
3616 916 3767 954 nova:

2178 965 2398 1035 singulis
2420 965 2739 1037 corporibus
2767 965 2932 1033 fiant;
2959 965 3099 1040 quod
3129 980 3432 1025 sanctarum
3460 970 3761 1040 Scriptura-

2178 1052 2296 1110 ru_m
2327 1040 2615 1110 auctoritas
2640 1056 2746 1095 non
2784 1042 3063 1096 manifeste
3109 1043 3414 1110 pronuntiat
3435 1083 3449 1106 ,
3484 1057 3605 1096 cum
3634 1058 3764 1095 can-

2179 1107 2280 1161 tela
2308 1108 2467 1182 debet
2493 1110 2690 1182 inquiri
2714 1126 2729 1174 ;
2754 1112 2983 1167 maxime
2998 1107 3137 1180 quod
3165 1114 3281 1168 sine
3302 1113 3424 1168 fidei
3441 1112 3765 1168 detrimento

2176 1187 2401 1253 potesta
2434 1179 2680 1237 fidelibus
2704 1183 2956 1252 ignorari.
3002 1179 3135 1239 Illud
3176 1187 3442 1253 praecipue
3469 1185 3764 1239 observan-

2174 1250 2301 1303 dum
2326 1260 2409 1305 est
2432 1262 2486 1307 et
2514 1250 2819 1325 tenendum,
2838 1250 3532 1325 nascentium—parvulorum
3558 1257 3764 1310 animas

2176 1336 2315 1396 nexu
2335 1324 2537 1391 peccati
2564 1325 2837 1394 originalis
2861 1325 3171 1391 obstrictas;
3196 1324 3554 1396 Omnibusque
3578 1342 3764 1381 ncces-

2174 1393 2373 1468 sarium
2418 1409 2541 1468 esse
2590 1393 2758 1468 sancti
2788 1395 3128 1468 Baptismatis
3172 1393 3608 1464 sacramentum,
3651 1413 3759 1467 quo

2174 1461 2522 1537 disrumpitur
2547 1466 2747 1537 peccati
2771 1461 3042 1537 originalis
3072 1468 3343 1524 vinculum
3362 1512 3377 1532 ,
3403 1478 3455 1523 et
3476 1461 3683 1523 amissa"
3707 1471 3759 1523 in

2175 1534 2347 1610 primo
2392 1534 2635 1610 homine,
2689 1552 2791 1609 per
2836 1534 3131 1594 secundum
3186 1540 3458 1595 hominem
3504 1540 3760 1610 recipitur

2171 1603 2385 1673 adeptio
2429 1607 2675 1665 filiorum.

2242 1674 2470 1733 CAPUT
2510 1678 2672 1753 xvii.
2698 1710 2770 1753 -ς
2796 1680 2883 1753 t7.
2917 1680 3024 1736 Vos
3053 1681 3264 1753 itaque,
3292 1681 3622 1738 dilectissimi
3649 1680 3758 1736 fra-

2173 1753 2316 1812 tres,
2359 1763 2454 1818 per
2480 1752 2703 1819 gratiam
2737 1752 2829 1806 Dei
2874 1760 3047 1807 estote
3088 1752 3305 1810 stabiles
3332 1763 3386 1807 et
3415 1752 3755 1818 immobiles;

2170 1831 2235 1871 ac
2263 1828 2507 1876 tenentes
2544 1837 2722 1876 veram
2766 1822 2923 1878 fidem
2950 1863 2967 1891 ,
3014 1824 3265 1881 exhibete
3306 1824 3559 1879 fratribus
3600 1824 3760 1880 aliter

2170 1890 2543 1964 sentientibus
2572 1894 2929 1959 charitatem;
2978 1910 3076 1949 nec
3100 1894 3169 1949 de
3206 1896 3383 1964 aliquo
3418 1895 3753 1963 desperetis;

2169 1959 2292 2027 quia
2323 1962 2409 2031 qui
2442 1962 2600 2036 hodie
2633 1964 2907 2020 veritatem
2936 1964 2989 2020 in
3026 1966 3204 2036 aliquo
3233 1959 3339 2022 non
3359 1959 3627 2034 agnoscit,

2174 2039 2277 2085 test
2295 2047 2418 2106 cras
2442 2032 2551 2088 Deo
2580 2036 2853 2090 revelante
2873 2032 3216 2106 cognoscere.
3244 2038 3353 2092 Deo
3378 2032 3518 2090 eiiim
3546 2032 3753 2100 subest,

2169 2114 2291 2182 cum
2338 2105 2520 2168 volet,
2578 2120 2733 2174 posse
2760 2105 2916 2177 (Sap.
2946 2104 3048 2175 xu,
3078 2104 3190 2231 18).
3248 2107 3475 2165 Oremus
3503 2123 3633 2175 ergo
3658 2123 3756 2178 pro

2169 2185 2248 2229 eis
2268 2214 2282 2231 .
2311 2184 2373 2228 ut
2399 2175 2537 2229 Deus
2563 2186 2819 2231 oneretur
2846 2179 2896 2231 in
2923 2178 3021 2231 eis.
3055 2178 3134 2231 Ex
3157 2179 3416 2231 iibeamns
3445 2178 3523 2231 eis
3554 2179 3753 2231 bonam

2168 2175 2249 2245 eis
2268 2214 2282 2237 ,
2311 2184 2373 2228 ut
2399 2175 2537 2229 Deus
2563 2175 2819 2245 operetur
2846 2175 2896 2232 in
2923 2178 3021 2233 eis.
3055 2175 3416 2233 Exhibeamus
3445 2178 3523 2233 eis
3554 2175 3753 2234 bonam

2168 2244 2516 2319 voluntatem,
2544 2244 2613 2319 de
2642 2262 2745 2319 qua
2770 2264 2867 2303 nos
2888 2264 3169 2318 possumus
3186 2249 3383 2304 habere
3410 2250 3714 2305 mercedem
3738 2268 3752 2305 :

2170 2315 2403 2371 scientes
2431 2315 2680 2390 quoniam
2726 2319 2777 2373 in
2820 2315 3110 2390 conspectu
3154 2320 3247 2375 Dei
3292 2320 3531 2390 quisquis
3556 2320 3627 2376 de
3654 2338 3753 2375 nu-

2170 2399 2320 2460 inero
2342 2388 2835 2460 prmdestinatorum
2860 2388 3037 2457 fuerit,
3065 2407 3170 2445 non
3191 2388 3409 2460 peribit;
3432 2388 3561 2447 etin
3577 2392 3755 2446 omni-

2169 2454 2269 2533 bus
2287 2454 2537 2533 voluntas
2562 2460 2939 2533 omnipotentis
2964 2454 3290 2530 implebiiur.
3320 2471 3379 2517 ut
3400 2454 3498 2531 per
3516 2463 3751 2533 gratiam

2168 2526 2310 2601 salvi
2344 2530 2474 2601 fiant
2498 2571 2514 2597 ,
2534 2538 2609 2601 iet
2647 2526 2969 2601 agnitionem
3000 2526 3239 2587 veritatis
3267 2533 3377 2587 Deo
3406 2526 3753 2588 'illur'ninante

2170 2598 2483 2674 percipiant.
2531 2600 2647 2655 Prie
2674 2598 2925 2674 omnibus
2944 2604 3177 2659 studium
3198 2604 3369 2674 gerite
3392 2604 3555 2658 libros
3579 2606 3752 2660 sancti

2168 2669 2448 2745 Augustini
2473 2713 2489 2737 ,
2506 2742 2519 2745 Α
2538 2687 2671 2745 quos
2695 2673 3110 2745 adAPrOSperum
3136 2684 3191 2730 et
3202 2669 3475 2745 'Hilarium
3509 2676 3746 2745 scripsit,

2168 2742 2477 2815 memoratis
2499 2742 2750 2799 fratribus
2769 2742 3023 2812 legendos
3051 2746 3313 2815 ingerere.
3335 2744 3570 2813 Quorum
3600 2742 3753 2802 men-

2168 2810 2369 2886 tionem
2417 2814 2591 2886 beatie
2626 2810 2898 2886 memoria:
2937 2810 3216 2871 llormisda
3250 2810 3403 2871 Sedis
3442 2818 3751 2886 apostolica:

2166 2881 2432 2957 gloriosus
2484 2884 2707 2957 antistes
2756 2885 2807 2940 in
2859 2886 3119 2955 epistola,
3164 2903 3324 2957 quam
3353 2881 3654 2942 cons—olenti
3689 2903 3749 2944 se

2166 2962 2353 3027 sancto
2400 2954 2547 3009 fratri
2594 2954 3067 3027 consacerdotique
3107 2954 3292 3013 ntistro
3323 2958 3627 3014 Possessori
3653 2975 3742 3013 re-

2166 3024 2381 3097 scripsit
2401 3040 2561 3097 ._cum
2591 3043 2781 3097 magno
2807 3024 3074 3096 praeconio
3101 3029 3378 3085 catholica:
3404 3030 3574 3084 laudis
3601 3030 3749 3085 inse-

2166 3095 2290 3165 ruit.
2344 3094 2506 3165 Cujus
2550 3094 2865 3153 hicc'verba
2911 3110 3033 3153 sunt
3066 3119 3079 3155 :
3118 3118 3137 3151 ι
3177 3102 3251 3156 De
3296 3100 3518 3155 arbitrio
3564 3110 3744 3156 tamen

2166 3164 2357 3232 libero,
2386 3164 2442 3222 et
2464 3169 2629 3236 gratia
2664 3169 2776 3234 Dei,
2804 3170 2927 3240 quid
2954 3170 3210 3237 Romana,
3238 3171 3339 3225 hoc
3353 3179 3454 3234 est,
3485 3172 3747 3227 catholica

2166 3247 2420 3308 sequatur
2442 3248 2497 3293 et
2522 3249 2701 3294 servet
2739 3241 2997 3308 Ecclesia,
3021 3242 3147 3296 licet
3170 3242 3222 3296 in
3246 3242 3404 3297 variis
3425 3243 3575 3297 libris
3605 3243 3746 3299 beati

2163 3307 2483 3382 Augustini,
2532 3319 2588 3382 et
2634 3311 2863 3367 maxime
2906 3312 2973 3366 ad
3023 3312 3345 3382 Prosperum
3386 3322 3445 3369 et
3490 3314 3748 3371 Hilarium

2164 3377 2377 3459 abunde
2404 3380 2569 3450 possit
2596 3384 2847 3459 agnosci,
2887 3392 3062 3459 tamen
3092 3377 3228 3439 et'in
3254 3384 3464 3440 scriniis
3489 3386 3747 3441 ecclesia-

2164 3453 2314 3504 sticis
2343 3465 2593 3515 expressa
2623 3453 2851 3520 Capitula
2877 3454 3237 3511 continentur.
3273 3473 3295 3509 ι

2236 3520 2462 3596 CAPUT
2508 3521 2692 3578 XVIII.
2723 3552 2795 3596 -νττ
2848 3526 2937 3580 18.
2977 3525 3102 3580 Haec
3144 3526 3362 3596 itaque,
3410 3527 3748 3584 dilectissimi

2164 3587 2352 3663 fratres
2373 3633 2386 3654 ,
2429 3592 2878 3663 interrogantibus
2908 3596 3058 3651 vobis
3084 3587 3315 3653 breviter
3342 3587 3611 3653 communi
3645 3616 3742 3653 vo-

2165 3660 2359 3735 luimus
2388 3660 2712 3732 respondére
2760 3666 3041 3735 rescripto.
3087 3666 3349 3723 Cieterum
3377 3685 3512 3723 untts
3546 3685 3611 3724 ex
3644 3686 3747 3725 no-

2274 3730 2370 3804 (a),
2396 3735 2456 3811 in_
2473 3730 2728 3803 quantum
2752 3730 3006 3811 Dominus
3020 3739 3192 3811 servis
3221 3741 3333 3811 suis
3359 3740 3488 3795 recti
3517 3742 3747 3811 gratiam

2162 3801 2409 3881 dignatur
2427 3801 2641 3881 donare
2655 3810 2937 3873 sermonis,
2974 3809 3080 3881 illis
3105 3810 3372 3877 omnibus,
3395 3801 3749 3881 quie'memo-

2162 3884 2307 3954 ratos
2350 3874 2556 3954 fratres
2576 3877 2835 3954 adversus
2875 3879 3098 3954 gratiam
3127 3890 3182 3935 et
3222 3874 3746 3954 p_ricdestinati011eni

2162 3945 2448 4000 intimastis
2474 3946 2561 4001 vel
2584 3949 2803 4012 sentire,
2832 3945 2918 4005 vel
2947 3950 3147 4015 dicere,
3179 3945 3349 4006 tribus
3379 3953 3527 4010 libris
3555 3967 3741 4010 vestro

2161 4015 2380 4095 nomine
2402 4015 2660 4095 dedicatis
2678 4059 2697 4095 ,_
2732 4018 3019 4095 sufficienti
3045 4021 3401 4095 disputatione
3422 4026 3703 4095 respondit
3728 4043 3744 4081 :

2158 4086 2356 4169 quique
2383 4087 2639 4169 adversus
2667 4091 2801 4144 duos
2844 4089 3007 4147 libros
3052 4086 3235 4149 Fausti
3271 4093 3407 4169 Calli
3429 4086 3746 4167 (bfseptem

2164 4157 2326 4236 ibros
2377 4159 2578 4225 edidit;
2629 4175 2933 4236 quos‘cnm
2979 4164 3390 4236 recensueritis,
3437 4157 3749 4236 agnoscens

2161 4229 2403 4297 protinus
2440 4230 2887 4299 quemadmodum
2925 4236 3205 4290 memorati
3231 4229 3411 4292 Fausti
3438 4229 3748 4293 commenta

2157 4298 2380 4379 veritati
2418 4298 2717 4379 contraria,
2769 4302 3207 4379 catholiciefidei
3250 4308 3460 4377 penitus
3503 4309 3746 4375 inimica,

2157 4369 2419 4445 discnssio
2447 4371 2708 4440 prodidit,
2738 4374 2874 4445 ratio
2899 4376 3176 4431 manifesta
3206 4369 3469 4445 convicit,
3509 4369 3751 4434 auctori:

2158 4449 2239 4494 tas
2268 4441 2443 4494 divina
2472 4444 2813 4510 compressit,
2840 4453 2895 4501 et
2922 4447 3333 4514 prazcedentiom
3365 4441 3581 4503 Patrum
3607 4464 3745 4504 con-

2155 4526 2286 4590 sena
2309 4526 2529 4590 prorsus
2555 4515 2823 4590 attestatio
2862 4517 3173 4590 confutavit.
3229 4520 3519 4590 Speramus
3554 4530 3741 4575 autem

2156 4582 2207 4656 in
2240 4583 2483 4649 Domino,
2520 4585 2769 4654 quoniam
2814 4588 2999 4656 gratia:
3028 4603 3139 4644 Suae
3185 4590 3254 4644 ita
3270 4582 3585 4645 'subsidium
3632 4592 3747 4645 Iar-

2153 4654 2356 4732 gietur,
2387 4663 2444 4708 ut
2469 4663 2523 4710 et
2564 4657 2700 4711 bene
2724 4654 3078 4732 sentientibus
3108 4660 3302 4732 tribuat
3327 4671 3670 4732 augmentum
3701 4663 3743 4728 ί,

2153 4731 2211 4779 et
2247 4725 2401 4781 aliter
2443 4741 2603 4797 quam
2648 4737 2861 4799 oportet
2898 4729 3242 4787 credentibus
3283 4725 3450 4789 donét
3492 4725 3743 4790 veritatis

2218 4948 2237 4980 ι
2269 4946 2467 5009 Quidam
2485 4954 2613 5011 Mss,
2640 4955 2822 5001 sancite
2842 4950 3057 5004 scientia
3077 4952 3257 5006 tribuat
3278 4961 3603 5020 augmentum.

2218 5030 2291 5111 ζει.)
2324 5030 2868 5111 mastiter/ﬁesﬁes.
2884 5035 3147 5111 βρὶεφρυξ
3176 5038 3433 5111 “escensis
3508 5039 3594 5111 «ιιιί
3618 5050 3751 5102 opus

2153 5091 2292 5153 illud,
2342 5110 2365 5139 ι
2385 5091 2450 5143 de
2488 5096 2701 5163 veritate
2739 5091 3176 5163 praideétinationis
3198 5106 3249 5149 et
3270 5091 3585 5162 gnitiae'uei:
3619 5091 3751 5163 pra:-

2154 5162 2375 5225 notatum
2390 5168 2419 5204 a
2442 5157 2606 5225 verbis
2626 5157 3027 5225 istis’incboavit:
3061 5178 3084 5206 ai
3100 5166 3201 5210 Deo
3223 5157 3403 5225 gratias
3424 5174 3517 5225 ago
3534 5197 3549 5222 ,
3583 5157 3748 5214 sancti

2163 5236 2186 5264 ι
2210 5218 2413 5289 fratres,
2448 5224 2659 5289 Joannes
2686 5221 2985 5289 presbyter,
3033 5228 3085 5272 et
3110 5218 3287 5289 veneri
3327 5218 3555 5284 diaoobe,
3605 5228 3752 5289 cujus

2164 5298 2189 5326 ι
2205 5293 2304 5353 0pc
2322 5279 2448 5353 tales
2465 5279 2585 5328 estis
2598 5316 2612 5339 ,
2646 5279 2811 5353 ut‘ipro
2827 5279 2980 5345 gratia
3003 5296 3099 5347 qua
3119 5283 3360 5334 salvamur
3373 5323 3387 5347 ,
3431 5279 3609 5350 magno
3644 5279 3751 5352 s'pi-

2164 5358 2190 5388 ι
2210 5340 2308 5392 ritu
2329 5353 2387 5390 ac
2407 5340 2601 5392 fervore
2624 5340 2854 5393 certetis:
2870 5360 2893 5389 ι

2222 5402 2695 5477 (b).H2ec_adve_rsus
2739 5411 2960 5477 haustum
2982 5404 3250 5477 lucubratio
3271 5407 3507 5477 Fulgentii
3542 5425 3752 5477 magno-

2159 5463 3204 5545 tste’leﬂcalienasset?ipsius.
3239 5463 3481 5545 ων-ῗεδν
3506 5475 3592 5545 qui
3622 5463 3752 5525 ‘énm

2160 5524 2271 5592 plus
2285 5526 2537 5596 iaboijasse
2558 5528 2702 5596 dicit,
2741 5536 2797 5596 ut
2819 5524 3096 5593 exponeret
3113 5567 3129 5591 ,
3154 5524 3309 5596 quam'
3320 5540 3375 5584 ut
3395 5524 3746 5588 convinceret.

2168 5589 2193 5637 ii
2213 5591 2327 5659 quia
2349 5589 2590 5659 dubios,»
2619 5590 2805 5653 inquit,
2833 5609 2855 5637 ι
2877 5589 3132 5659 sermones
3172 5589 3284 5657 'ejus
3329 5609 3614 5659 exponere,
3658 5599 3752 5651 hoc

2170 5670 2193 5699 ι
2215 5657 2321 5702 erat
2341 5651 2594 5702 delirantis
2615 5651 2918 5722 argumenta
2927 5651 3238 5722 convincere.
3256 5673 3279 5703 ι
3331 5651 3568 5722 Additque
3588 5651 3752 5711 eontt-

2161 5722 2340 5785 neuter
2364 5728 2377 5764 :
2412 5722 2652 5785 {Magnus
2674 5713 2817 5785 plane
2840 5716 2983 5780 hujus
3002 5718 3167 5785 operis
3182 5717 3334 5785 labori
3354 5713 3638 5785 mei-deder];
3657 5724 3751 5773 de.

2169 5794 2191 5821 α
2214 5777 2362 5846 bitam
2400 5778 2733 5846 cito‘suscepit
2752 5777 2917 5846 :_mox_'
2945 5777 3075 5846 enim
3098 5788 3151 5829 ut
3184 5783 3485 5846 estdictatio
3507 5784 3662 5846 ipsius
3692 5784 3751 5834 Il-

2170 5840 2348 5898 «nita,
2394 5840 2611 5900 protinus
2656 5838 2733 5890 est
2774 5838 3066 5905 longissima:
3110 5844 3399 5907 captivitatis
3437 5838 3611 5898 catena

2170 5918 2195 5947 ι
2215 5908 2369 5965 rupta.
2394 5916 2417 5948 »
