4030 6466
209 386 350 445 I785

203 503 556 576 agnoscendae
595 502 886 576 subsidium
915 501 955 576 ⁸.
1006 501 1124 576 Ipse
1149 501 1288 576 enim
1318 499 1444 556 facit
1467 499 1652 576 gratia:
1679 512 1790 576 suae

241 569 516 644 articipes,
547 589 680 643 quos
710 569 1106 643 pmdestinavit
1130 573 1194 628 ad
1228 573 1386 627 vitam
1412 588 1426 635 ;
1455 569 1586 644 utin
1616 569 1789 644 omniv

246 662 306 699 us
335 641 490 700 bonis
537 641 646 698 sitis
687 641 933 698 humanm
971 645 1248 699 arbitrium
1291 642 1578 697 voluntatis
1605 641 1789 709 gratias

204 715 298 771 Dei
327 716 608 784 subjiciaut
631 758 644 778 ,
673 715 814 770 etab
843 715 958 785 ipso
983 715 1081 768 sibi
1117 722 1443 785 cognoscant
1462 711 1791 785 descendere

201 802 364 841 omne
391 781 568 842 datum
612 781 908 856 optimum,
952 796 1009 842 et
1047 781 1208 840 omne
1250 786 1448 840 donum
1491 781 1788 856 perfectum

202 856 408 928 (Jacobi
435 874 448 912 ι
471 899 486 924 ,
535 858 621 926 I7)
652 853 666 911 Ξ
703 861 874 912 sciant
922 858 1081 912 etiam
1120 858 1188 911 ab
1227 857 1344 927 ipso
1369 853 1790 928 exspectandum

199 926 420 996 semper
461 928 844 997 auxilium,qui
891 926 1278 997 praedestinatis
1326 928 1437 983 suis
1481 934 1535 981 et
1562 926 1790 995 gratiam

201 1008 260 1054 et
282 1001 733 1070 persevcrantiam
760 996 922 1054 donat
945 1017 958 1063 ;
991 999 1282 1070 utgratiam
1302 1014 1398 1068 pro
1416 999 1586 1070 gratia
1607 996 1787 1064 (Joan.

197 1085 254 1137 ι,
285 1069 392 1143 ίὶϐ)
435 1071 634 1127 donum
672 1073 793 1126 vita:
840 1069 1088 1142 perennis
1115 1069 1394 1140 accipiant.

494 1183 858 1241 CONCILIUM
897 1184 1032 1239 ΔΒΑ
1045 1182 1389 1241 υδΙΟΑΝυΜ
1429 1183 1492 1240 ll.

521 1313 587 1354 ot:
614 1313 804 1354 cum
834 1313 904 1353 ετ
937 1311 1123 1352 Ltnsao
1153 1311 1403 1354 Αιιιιιτιιιο
1424 1298 1466 1351 ⁸.

195 1412 268 1471 In
315 1413 630 1469 dedicatione
670 1412 890 1466 basilica:
927 1428 958 1464 a
997 1410 1197 1464 Liberio
1245 1410 1458 1471 patricio
1495 1417 1793 1464 constructa

315 1427 630 1469 dedicatione
670 1427 890 1466 oasmctc
927 1428 958 1464 a
997 1427 1197 1464 moeno
1281 1427 1458 1463 atracia
1495 1427 1790 1464 constructa

271 1485 575 1540 celebratum
619 1484 792 1554 quinto
819 1499 980 1537 nonas
1003 1482 1198 1552 julias,
1235 1427 1384 1554 ὄρσεο
1406 1479 1658 1554 laniare,
1683 1480 1790 1554 uiro

268 1555 574 1615 clarissimo.
603 1550 843 1616 consule;
871 1554 925 1608 id
950 1550 1044 1619 est,
1073 1569 1211 1607 anno
1228 1551 1415 1608 Christi
1440 1550 1567 1619 529,
1601 1550 1790 1606 Felicis

271 1626 299 1682 Ι
323 1625 361 1681 γ
386 1641 533 1698 papa!
558 1641 693 1680 anno
717 1627 880 1680 tertio.

269 1721 579 1776 Procrxrto.
607 1749 678 1760 —
700 1718 834 1774 Cum
851 1719 917 1774 ad
939 1718 1328 1774 dedicationem
1355 1715 1606 1778 basilicae.
1629 1731 1789 1787 quam

197 1792 599 1849 illustrissimus
629 1790 908 1863 prml‘cctus
941 1798 997 1846 et
1023 1790 1277 1863 patricius
1322 1788 1462 1863 ﬁlius
1497 1786 1679 1863 noster
1703 1786 1793 1842 Li-

197 1864 384 1920 berius
417 1864 467 1917 iu
508 1858 760 1917 Arausica
784 1862 1003 1916 civitate
1024 1858 1334 1915 ﬁdelissima
1363 1858 1643 1914 devotione
1663 1873 1793 1913 con-

194 1937 391 1991 struxit
411 1977 424 1998 ,
458 1935 566 1988 Deo
593 1933 914 2003 propitiante
940 1941 995 1987 et
1017 1932 1132 1999 ipso
1161 1931 1417 2003 invitante
1445 1929 1789 2003 convenisse-

197 2022 356 2069 mus,
403 2013 459 2060 et
501 2005 567 2059 de
596 2000 772 2058 rebus
815 2019 934 2074 quae
969 2003 1036 2056 ad
1085 2002 1502 2074 ecclesiasticam
1546 2000 1788 2074 regulam

199 2079 472 2144 pertinent
493 2116 508 2141 ,
558 2075 696 2129 inter
729 2071 1045 2130 nos‘fuisset
1075 2072 1363 2143 spiritualis
1404 2072 1594 2144 oborta
1623 2071 1790 2144 colla-

198 2143 274 2201 tio
301 2165 315 2211 ;
361 2146 602 2216 pervenit
626 2145 691 2199 ad
720 2161 816 2200 nos
837 2187 851 2210 ,
886 2159 1005 2200 esse
1047 2145 1296 2216 aliquos,
1327 2143 1416 2214 qui
1442 2143 1507 2198 de
1538 2143 1706 2213 gratia
1735 2150 1791 2196 et

199 2217 372 2272 libero
393 2217 616 2272 arbitrio
648 2232 741 2286 per
771 2216 1165 2284 simplicitatem
1198 2215 1372 2270 minus
1393 2224 1570 2286 caute,
1602 2222 1786 2286 etnon

197 2289 496 2344 secundum
557 2287 677 2341 ﬁdei
716 2287 998 2341 catholica:
1051 2286 1288 2356 regulam
1346 2285 1548 2356 sentire
1599 2285 1785 2356 velint.

197 2358 354 2415 Unde
383 2359 433 2416 id
472 2359 626 2413 nobis
667 2357 961 2413 secundum
991 2355 1359 2412 ancteritatem
1390 2355 1788 2410 et'admonitio-

196 2446 322 2485 nem
347 2429 504 2485 Sedis
520 2430 824 2498 apostolica:
851 2429 1050 2497 justum
1078 2437 1133 2484 et
1155 2426 1467 2498 rationabile
1493 2427 1665 2498 visum
1683 2435 1786 2494 est,

196 2512 254 2555 ut
297 2517 462 2570 pauca
493 2496 721 2570 capitula
747 2542 762 2565 ,
799 2496 866 2553 ab
909 2500 1197 2569 apostolica
1241 2497 1394 2570 nobis
1435 2496 1573 2554 Sede
1616 2507 1789 2553 trans-

199 2568 367 2626 missa
396 2613 412 2637 ,
468 2568 585 2642 quze
662 2571 728 2624 ab
789 2568 1018 2642 antiquis
1062 2570 1316 2642 Patribus
1363 2568 1430 2623 de
1460 2578 1787 2642 sanctarum

194 2640 592 2712 Scripturarum
643 2641 1005 2712 voluminibus
1059 2641 1110 2694 in
1167 2640 1266 2695 hac
1315 2640 1579 2712 prmcipuc
1627 2655 1787 2695 causa

192 2711 391 2770 collata
422 2722 546 2768 sunt
566 2755 580 2778 ,
611 2712 675 2767 ad
698 2711 970 2767 docendos
995 2727 1089 2768 eos
1111 2753 1126 2778 ,
1156 2713 1243 2782 qui
1271 2711 1424 2764 aliter
1443 2727 1601 2780 quam
1626 2726 1788 2781 Opor-

194 2795 275 2841 tet
304 2786 563 2848 sentiunt,
592 2784 660 2838 ab
689 2783 936 2838 omnibus
962 2782 1290 2837 observanda
1314 2783 1576 2852 proferre,
1600 2792 1652 2835 et
1677 2797 1792 2836 ma-

196 2858 358 2910 nibus
389 2857 588 2911 nostris
626 2855 966 2910 subscribere
998 2853 1339 2910 deberemus.
1388 2852 1594 2922 Quibus
1616 2853 1785 2919 lectis,

192 2929 288 2998 qui
309 2929 600 2998 hucusque
632 2940 736 2998 non
767 2926 906 2998 sicut
932 2924 1234 2998 Oportebat,
1259 2923 1325 2979 de
1353 2925 1520 2998 gratia
1548 2934 1601 2978 et
1620 2923 1789 2979 libero

193 2995 425 3053 arbitrio
462 2995 722 3064 credidit,
770 2996 837 3051 ad
864 3011 925 3051 ca
958 3012 1078 3065 qua:
1116 2995 1239 3050 ﬁdei
1270 2995 1550 3065 catholicae
1590 3008 1788 3050 conve-

193 3072 374 3136 niunt,
408 3069 644 3124 animum
672 3063 826 3124 suum
855 3063 1112 3123 inclinare
1141 3082 1245 3122 non
1273 3063 1501 3122 diﬁerat.

200 3185 359 3254 Quod
387 3201 477 3256 per
503 3194 763 3255 peccatum
788 3183 917 3256 Adae
938 3199 1039 3238 non
1065 3182 1229 3256 solum
1255 3197 1472 3256 corpus,
1503 3181 1592 3236 sed
1617 3181 1792 3236 anima

701 3257 852 3310 etiam
879 3255 1000 3310 ttesa
1028 3254 1180 3329 fuerit
1207 3252 1308 3328 (a).

267 3372 314 3429 1.
360 3371 418 3428 Si
461 3371 578 3440 quis
615 3385 710 3441 per
748 3368 1007 3424 oll'eusam
1038 3367 1494 3441 praevaricationis
1527 3365 1669 3441 Adae
1685 3381 1791 3422 non

194 3454 373 3501 totum
394 3486 409 3506 ,
442 3437 494 3498 id
525 3437 629 3506 est,
655 3441 948 3497 secundum
977 3437 1174 3511 corpus
1195 3449 1251 3494 et
1273 3439 1528 3511 animam,
1563 3437 1790 3511 indele-

192 3518 318 3572 rius
343 3515 474 3570 dicit
501 3513 769 3567 hominem
799 3508 1218 3576 commutatum;
1263 3509 1356 3565 sed
1404 3513 1597 3564 animae
1627 3508 1790 3563 liber-

195 3597 311 3642 tate
331 3587 498 3640 illzesa
537 3584 763 3638 durante
785 3625 799 3646 ,
830 3598 1024 3652 corpus
1053 3580 1421 3636 tantummodo
1451 3579 1791 3652 corruptioni

191 3658 374 3714 credit
426 3656 715 3711 obnoxium
751 3673 764 3708 :
800 3651 996 3724 Pelagii
1038 3667 1222 3708 errore
1266 3652 1520 3722 deceptus
1545 3692 1560 3716 ,
1602 3651 1792 3724 adver-

192 3738 352 3783 satur
384 3728 674 3789 Scriptum
703 3726 898 3780 dicenti
919 3723 947 3784 ,ί
980 3725 1162 3778 Anima
1201 3739 1315 3793 qua:
1357 3723 1654 3792 peccaverit,
1681 3723 1794 3793 ipsa

199 3740 352 3783 satur
384 3740 674 3789 Scrtuturze
703 3740 932 3784 dicenti,
980 3740 1162 3778 annua
1201 3740 1315 3846 qua:
1357 3740 1654 3792 peccaverit,
1681 3740 1794 3793 ipsa

199 3797 682 3868 morietar(Ezech.
717 3796 1032 3866 xvttt,20);
1085 3805 1174 3868 et,
1243 3793 1424 3868 ’cscitis
1450 3794 1688 3868 quoniam
1713 3795 1795 3868 cui

189 3871 445 3926 exhibetis
466 3865 551 3923 tios
572 3885 738 3923 servos
770 3868 840 3921 ad
867 3865 1198 3922 obediendant
1218 3905 1234 3931 ,
1266 3865 1397 3918 serri
1428 3867 1546 3919 estis
1582 3865 1691 3935 ejus
1713 3865 1795 3918 cui

189 3941 415 3998 obeditis
441 3941 618 4012 (Itoni.
642 3956 716 4004 VI,
751 3938 887 4012 Ili)?
921 3947 974 3994 et
991 3979 1008 4003 ,
1039 3938 1085 3991 Α
1109 3953 1207 4012 quo
1233 3936 1344 4006 quis
1369 3945 1658 4007 superatur,
1685 3935 1795 4008 ejus

191 4025 241 4068 et
263 4008 724 4068 servus'addicitur
750 4009 815 4083 (ll
846 4008 988 4063 Petr.
1020 4025 1090 4076 ιι,
1125 4008 1237 4077 19).

197 4105 362 4172 Quod
392 4112 650 4175 peccatum
680 4101 806 4156 Adae
830 4118 930 4154 non
952 4100 1049 4170 ipsi
1076 4097 1238 4175 solum
1261 4097 1431 4175 nocuit
1448 4137 1464 4163 ,
1493 4096 1586 4152 sed
1607 4097 1676 4151 ad
1703 4113 1794 4167 po-

630 4183 789 4228 steros
815 4168 1010 4243 quoque
1042 4170 1239 4224 transiit
1269 4168 1368 4240 (b).

272 4266 342 4323 II.
383 4265 440 4323 Si
482 4266 601 4337 quis
643 4265 742 4320 soli
767 4260 1431 4337 Aquprazvaricationem
1459 4275 1612 4316 suam
1636 4299 1652 4326 ,
1689 4273 1794 4314 non

191 4347 253 4396 et
281 4338 405 4408 ejus
429 4333 729 4408 propagini,
757 4335 952 4390 asserit
981 4333 1364 4408 nocuisse;_aut
1393 4341 1537 4387 certe
1565 4341 1794 4386 mortem

194 4404 414 4466 tantum
431 4404 684 4479 corporis
709 4447 724 4470 ,
756 4423 876 4476 qua:
902 4420 1058 4476 pteua
1086 4404 1286 4479 peccati
1311 4411 1395 4458 est
1419 4445 1435 4470 ,
1480 4419 1585 4457 non
1617 4413 1796 4479 autem

192 4494 254 4538 et
301 4473 584 4552 peccatum
607 4519 622 4543 ,
654 4473 794 4549 quod
825 4473 966 4552 mors
998 4473 1298 4532 estanimze
1323 4515 1339 4540 ,
1382 4490 1476 4552 per
1505 4489 1667 4527 unum
1701 4473 1798 4527 lio-

195 4545 409 4607 tnitiem
443 4553 495 4606 in
522 4545 686 4606 omne
706 4564 873 4618 genus
903 4549 1190 4602 humanum
1237 4545 1501 4618 transisse
1536 4549 1830 4618 testatur_;’

195 4623 525 4692 iniustitiam
550 4622 661 4676 Deo
685 4615 851 4684 dabit,
881 4618 1255 4692 contradicens
1285 4615 1544 4692 Apostolo
1571 4615 1794 4692 dicenti,

195 4685 314 4749 Ρὲιν
343 4711 502 4749 unum
543 4693 794 4747 hominem
831 4699 1087 4760 peccatum
1115 4685 1405 4760 intravit’in
1443 4685 1686 4740 mundum
1706 4728 1722 4751 ,
1752 4693 1801 4739 et

193 4783 296 4835 per
328 4775 592 4836 peccatum
612 4777 780 4827 mors;
817 4759 864 4816 et
889 4762 961 4815 ita
993 4762 1047 4814 in
1073 4777 1244 4836 omnes
1256 4759 1496 4836 homines
1515 4774 1656 4836 mors
1683 4774 1801 4830 pero

193 4827 446 4903 transiit,
473 4836 525 4890 in
551 4851 650 4907 quo
671 4849 842 4888 omnes
865 4840 1195 4904 peccaverunt
1223 4830 1399 4901 (Rom.
1426 4845 1476 4894 ν,
1507 4827 1620 4902 12).

195 4949 364 5019 Quod
401 4948 569 5022 gratia
595 4946 691 5002 Dei
721 4945 917 5022 nonad
954 4943 1320 5022 invocationem
1357 4941 1535 5008 detur,
1575 4941 1664 4996 sed
1689 4941 1802 5012 ipsa

742 5018 896 5090 faciat
920 5025 974 5070 ut
999 5016 1272 5070 invocetur.

284 5111 374 5168 III.
408 5110 464 5166 Si
493 5109 612 5175 quis
654 5109 988 5164 invocatione
1028 5105 1258 5161 humana
1293 5105 1518 5175 gratiam
1551 5103 1643 5159 Dei
1674 5104 1804 5160 dicit

400 5181 670 5267 εξοητθτνῖξ
693 5194 806 5263 ,ηοη
833 5188 1010 5267 suae
1027 5176 1678 5267 .iesle__teti_ae,tusrc
1698 5186 1807 5267 2'3?

195 5246 499 5310 invocetur
526 5269 555 5304 a
583 5251 774 5315 nobis;
820 5249 1140 5318 contradicit
1183 5247 1331 5303 Isaiae
1375 5246 1648 5318 prOphette
1671 5288 1688 5312 ,
1719 5247 1804 5302 vel

194 5327 477 5396 Apostolo
506 5323 648 5396 idem
688 5321 886 5376 dicenti
907 5361 945 5396 ,_
967 5317 1212 5396 Inventus
1239 5334 1352 5372 sum
1380 5335 1413 5371 a
1433 5334 1538 5396 non
1571 5334 1806 5396 quwren-

193 5389 347 5450 tibus
377 5414 457 5452 me
474 5438 489 5458 ,
525 5395 696 5466 palam
725 5392 945 5466 apparui
982 5391 1061 5466 his
1086 5391 1171 5461 qui
1197 5405 1277 5444 me
1301 5405 1404 5444 non
1427 5389 1806 5461 interrogabant

195 5468 372 5542 (lsai.
407 5461 535 5534 uv,
562 5467 616 5534 I,
647 5473 694 5520 et
715 5463 869 5519 Rom.
893 5479 949 5530 's,
977 5461 1093 5534 20).

279 5609 295 5642 ι
337 5605 482 5667 Alias,
503 5605 746 5656 intuitum.

280 5673 300 5704 *
337 5676 582 5720 tnvetere
603 5665 791 5726 codice,
808 5661 1114 5726 Lugdunensi
1127 5659 1382 5726 inscriptio
1405 5664 1484 5710 est
1515 5671 1530 5726 ξ
1565 5665 1806 5726 Constitu-

193 5734 293 5805 tio‘
311 5729 651 5805 episcoporum
671 5726 722 5780 in
746 5720 935 5778 civitate
969 5720 1296 5784 arausicana,’
1316 5720 1377 5773 de
1397 5720 1560 5788 gratia
1592 5728 1638 5773 et
1661 5721 1811 5774 libero

195 5796 508 5914 ωιειιῖιεῖαε
533 5856 617 5905 lib.
657 5852 690 5904 2
724 5854 789 5904 de
809 5837 990 5914 nuptiis
1013 5858 1066 5902 et
1085 5847 1478 5914 concupiscentia
1496 5885 1512 5908 ,
1535 5860 1642 5910 cap.
1665 5848 1745 5899 3t.

304 5872 336 5906 a
394 5859 508 5905 vide
533 5859 617 5905 lib.
657 5859 690 5904 2
724 5859 789 5904 de
809 5859 990 5914 Nuptiis
1013 5859 1066 5902 et
1085 5859 1478 5912 concupiscentia
1496 5885 1512 5908 ,
1535 5860 1642 5910 cap.
1665 5859 1745 5899 3s.

283 5859 362 5984 lo;
395 5926 460 5972 Ex
487 5920 571 5971 tib.
585 5917 617 5968 4
637 5923 804 5969 contra
825 5924 950 5968 Duas
970 5913 1200 5979 Epistolas
1221 5912 1602 5976 Pelagianorum,
1630 5924 1735 5976 cap.
1759 5912 1808 5963 4.

741 383 951 440 νΑιιιΑ
991 382 1274 440 SCRIPTA
1316 383 1408 438 AD
1447 377 1821 437 HISTORIAM
1863 377 2402 436 PBLAGIANUIKUM
2445 383 2928 442 PER'I‘INENTIA.

3349 389 3370 444 I
3382 389 3483 449 786

1901 495 2052 564 Quod
2079 497 2236 564 Deus,
2252 509 2307 554 ut
2330 517 2362 554 a
2387 511 2588 572 peccato
2611 519 2900 573 purgentur,
2924 505 3230 560 voluntatem
3258 515 3483 560 nostram

2284 589 2385 626 non
2411 583 2678 641 exspectet,
2701 575 2791 629 εεά
2819 587 3086 648 prteparet.

1971 663 2058 718 IV.
2091 663 2146 720 Si
2177 666 2316 738 quis,
2365 676 2480 720 uta
2522 675 2740 735 peccato
2787 683 3093 738 purgemur,
3150 669 3478 724 voluntatem

1899 744 2135 808 nostram
2187 737 2355 791 Deum
2400 752 2712 808 exspectare
2753 737 3046 804 contendit,
3088 757 3190 795 non
3221 751 3396 794 autem
3421 752 3476 794 ut

1897 806 2056 860 etiam
2085 809 2296 876 purgari
2317 806 2559 874 velimus,
2588 824 2682 878 per
2699 812 2867 865 sancti
2895 809 3126 880 Spiritus
3151 809 3470 866 infusioncn.

1897 886 1953 932 et
1995 880 2356 946 operationem
2403 880 2457 934 in
2521 880 2675 935 nobis
2751 881 2863 935 ﬁeri
2910 882 3231 946 conﬁtetur;
3280 883 3480 936 resistit

1899 948 1997 1018 ipsi
2026 948 2243 1018 Spiritui
2263 960 2467 1011 sancto.
2503 967 2598 1020 per
2646 950 2988 1008 Salomonem
3023 951 3237 1017 dicenti,
3261 952 3478 1020 Praepa-

1897 1029 2040 1095 ratur
2067 1021 2298 1095 voluntas
2320 1038 2352 1095 ᾳ
2371 1020 2590 1095 Domino
2621 1021 2640 1092 (
2667 1020 2822 1095 Prov.
2853 1039 2970 1095 vm,
3001 1023 3092 1090 55,
3115 1039 3213 1076 sec.
3239 1023 3382 1078 LXX
3409 1020 3428 1095 )
3455 1041 3469 1088 ;

1897 1099 1953 1146 et
1979 1091 2233 1165 Apostolo
2279 1092 2560 1148 salubriter
2583 1092 2914 1164 praedicanti,
2937 1094 3075 1148 Deus
3103 1103 3176 1148 est
3202 1095 3288 1165 qui
3307 1091 3482 1164 opera-

1899 1162 2215 1237 turiirpobis
2242 1164 2458 1237 etpelle
2497 1173 2546 1220 et
2586 1162 2854 1237 perﬁcere,
2910 1181 3003 1237 pro
3053 1165 3185 1220 bona
3216 1162 3476 1220 voluntate

1897 1233 1918 1303 (
1949 1231 2180 1306 Philipp.
2208 1251 2265 1300 tt,
2295 1235 2363 1290 15
2383 1233 2425 1306 ).

1899 1323 2050 1392 Quod
2076 1327 2274 1382 initiunt
2317 1327 2439 1398 ﬁdei
2458 1343 2558 1384 non
2603 1327 2879 1472 eq:(i$obis,
2926 1329 3014 1383 sed
3066 1343 3129 1382 ea:
3177 1327 3344 1398 gratia
3386 1325 3480 1382 Dei

2587 1413 2628 1454 st
2699 1416 2730 1451 a
2761 1440 2773 1452 .

2587 1399 2650 1454 sit
2677 1399 2773 1454 (al.

1970 1490 2034 1545 V.
2052 1490 2107 1546 Si
2135 1491 2254 1561 quis
2277 1491 2791 1558 sicutaugmentum,
2816 1493 2886 1547 ita
2911 1492 3072 1548 etiam
3093 1492 3302 1546 initium
3331 1489 3474 1554 lidci,

1897 1563 2178 1632 ipsumque
2226 1563 2554 1618 credulitatis
2598 1562 2863 1627 allectum,
2913 1579 3018 1634 quo
3072 1565 3122 1618 in
3151 1579 3274 1618 eum
3298 1561 3478 1616 credi-

1896 1648 2015 1689 mus
2043 1634 2131 1702 qui
2156 1633 2410 1703 justiﬁcat.
2439 1634 2680 1705 impium,
2709 1645 2762 1689 et
2792 1634 2858 1689 ad
2909 1633 3365 1705 regenerationem
3389 1647 3476 1686 sa-

1895 1705 1972 1760 cri
2000 1705 2359 1776 Baptismatis
2381 1705 2739 1773 pervenimus,
2773 1721 2875 1759 non
2905 1720 2998 1774 per
3025 1707 3210 1774 gratia:
3247 1705 3471 1776 donum,

1895 1776 1948 1831 id
1976 1775 2089 1840 est,
2110 1792 2204 1844 per
2229 1775 2626 1846 inspirationem
2671 1776 2900 1844 Spiritus
2926 1778 3101 1846 sancti
3123 1775 3478 1845 corrigentem

1894 1847 2223 1902 voluntatem
2269 1845 2504 1900 nestram
2532 1846 2600 1901 ab
2645 1846 2953 1902 inﬁdelitate
2982 1847 3046 1900 ad
3078 1845 3258 1911 ﬁdem,
3286 1847 3352 1899 ab
3375 1847 3476 1906 im-

1894 1919 2091 1989 pietate
2134 1917 2199 1972 ad
2259 1919 2548 1989 pietatem,
2599 1918 2692 1972 sed
2746 1917 3055 1972 naturaliter
3110 1918 3262 1972 nobis
3303 1917 3478 1989 inesse

1894 1987 2056 2055 dicit;
2085 1987 2386 2059 apostolicis
2413 1988 2750 2059 dogmatibus
2774 1989 3114 2043 adversarius
3133 1987 3475 2059 approbatur.

1893 2059 2050 2131 beato
2073 2058 2235 2115 Paulo
2260 2058 2835 2130 dicente,Conﬁdimus
2861 2060 2978 2130 quia
3015 2059 3104 2131 qui
3131 2059 3275 2130 ctepit
3299 2058 3352 2112 in
3387 2075 3476 2131 vo-_

1892 2130 1967 2202 bis
1985 2132 2164 2202 bonum
2196 2148 2342 2202 Opus,
2376 2127 2776 2202 perﬁciet__usque
2800 2131 2853 2202 in
2873 2127 3039 2185 'diem'
3071 2127 3479 2202 Domininostri

1893 2201 2018 2257 Jesu
2043 2199 2350 2266 Christi';et
2378 2199 2540 2263 illud,
2588 2199 2733 2257 Vobis
2777 2201 2950 2255 datum
2997 2210 3068 2255 est
3112 2217 3203 2257 ora
3252 2199 3472 2264 Christo,

1894 2290 1993 2327 non
2019 2275 2182 2328 solum
2207 2283 2260 2326 ut
2285 2273 2337 2326 in
2368 2289 2480 2327 eum
2509 2273 2747 2337 credatis,
2778 2273 2866 2326 sed
2886 2272 3036 2325 etiam
3073 2282 3128 2324 ut
3155 2287 3246 2340 pro
3271 2271 3358 2324 illo
3383 2288 3476 2338 pa-

1891 2344 2122 2413 tiamini(
2162 2341 2244 2398 Id.
2297 2359 2334 2406 I,
2385 2343 2439 2410 6,
2481 2342 2638 2413 29);
2679 2352 2753 2406 et.
2797 2341 2974 2413 Gratia
3020 2343 3148 2398 salvi
3205 2342 3327 2411 facti
3355 2343 3478 2395 estis

1893 2432 1984 2487 per
2007 2412 2181 2487 fidem,
2211 2424 2259 2470 et
2301 2415 2407 2487 hoc
2432 2431 2534 2487 non
2574 2412 2643 2487 ea:
2683 2414 2857 2487 vobis;
2885 2412 2978 2468 Dei
3023 2413 3381 2487 enim_donum
3405 2423 3477 2466 est

1893 2483 2131 2558 (Ep/tes.
2163 2503 2221 2558 ιι,
2250 2483 2342 2550 8).
2376 2484 2476 2552 Qui
2532 2485 2674 2540 enim
2720 2484 2899 2558 ﬁdem,
2929 2500 3031 2553 qua
3073 2485 3125 2538 in
3164 2484 3329 2538 Deum
3357 2497 3479 2558 cre-

1893 2554 2103 2618 dinius.
2149 2557 2334 2612 dicunt
2375 2571 2496 2611 esse
2548 2555 2864 2617 naturalem,
2920 2570 3108 2610 omnes
3143 2569 3238 2608 eos
3280 2554 3369 2624 qui
3401 2555 3470 2607 ab

1893 2629 2134 2755 Ec‘clesia
2155 2627 2355 2684 Christi
2381 2627 2536 2682 alieni
2559 2634 2703 2694 sunt,
2726 2625 3118 2698 quodammodo
3155 2625 3337 2681 ﬁdeles
3359 2639 3480 2680 esse

1931 2716 1959 2755 e
1983 2709 2176 2754 ιιιιιιιιι.

1931 2700 2176 2755 eﬁniunt.

1897 2791 2046 2858 Quod
2065 2792 2173 2862 sine
2192 2791 2356 2862 gratia
2387 2789 2484 2844 Dei
2507 2789 2823 2845 credentibus
2861 2798 2919 2862 et
2951 2787 3252 2862 petentibus
3279 2787 3480 2857 miscri-

1964 2861 2140 2918 cordia
2167 2859 2266 2916 non
2287 2865 2599 2934 conferatur,
2626 2877 2743 2915 cum
2786 2859 2957 2933 gratia
2976 2860 3088 2931 ipsa
3116 2859 3273 2930 faciat
3300 2869 3354 2913 ut
3375 2875 3484 2914 cre-

1966 2934 2147 2988 damus
2175 2941 2219 2986 et
2250 2932 2476 3002 petamus
2504 2932 2602 3006 (ὁ).

1966 3026 2055 3081 Vl.
2080 3027 2138 3082 Si
2159 3027 2279 3097 quis
2307 3026 2423 3082 sine
2449 3026 2616 3097 gratia
2638 3026 2754 3093 Dei,
2774 3026 3136 3092 credentibus,
3156 3025 3480 3092 volentibus,

1896 3097 2346 3163 desiderantibus,
2402 3097 2740 3164 conantibus,
2794 3097 3177 3162 laborantibus,
3211 3097 3480 3167 vigilanti-

1896 3170 2018 3236 bus,
2051 3168 2406 3226 studentibus.
2457 3169 2776 3238 petentibus,
2820 3168 3204 3237 qumreutibus,
3228 3169 3485 3238 pulsanti-

1896 3239 1996 3295 bus
2021 3239 2173 3294 nobis
2198 3238 2616 3294 misericordiam
2644 3237 2771 3294 dicit
2815 3239 3047 3294 conferri
3072 3237 3347 3304 divinitus,
3371 3253 3477 3293 non

1895 3320 2072 3366 autem
2119 3317 2179 3364 ut
2222 3310 2525 3374 credamus,
2558 3309 2802 3375 velimus,
2829 3311 2913 3364 vel
2961 3310 3077 3365 haec
3117 3311 3292 3364 omnia
3347 3310 3485 3365 sicut

1896 3390 2109 3453 oportet
2143 3395 2301 3451 agere
2352 3381 2658 3453 valeamus,
2694 3379 3135 3453 perinlusionem
3165 3391 3219 3453 et
3255 3381 3484 3452 inSpira-

1897 3450 2095 3509 tionem
2137 3450 2305 3507 sancti
2345 3450 2576 3522 Spiritus
2614 3451 2687 3522 in
2720 3451 2874 3507 nobis
2918 3450 3035 3506 ﬁeri
3077 3450 3361 3506 conﬁtetur
3385 3469 3400 3517 ;
3427 3460 3483 3506 et

1896 3533 1987 3579 aut
2040 3523 2362 3588 humilitati,
2391 3521 2508 3576 ’aut
2556 3521 2876 3577 obedientize
2920 3523 3164 3576 humana:
3216 3523 3487 3592 subjungit

1895 3595 2079 3666 gratia:
2102 3594 2450 3666 adiutorium,
2485 3608 2585 3666 nec
2625 3603 2680 3647 ut
2722 3593 3032 3648 obedientes
3070 3603 3123 3649 et
3163 3593 3386 3666 humiles
3415 3593 3487 3666 si-

1897 3664 2018 3722 inus
2067 3667 2233 3738 ipsius
2275 3665 2456 3738 gratia}
2509 3664 2708 3738 donum
2767 3679 2887 3738 esse
2936 3665 3488 3738 consentitaresistit

1897 3734 2154 3804 Aposttilo
2179 3734 2397 3807 dicenti,
2420 3735 2558 3807 Quid
2583 3735 2733 3789 habes
2753 3735 2888 3806 quod
2911 3752 3008 3807 non
3029 3736 3266 3807 accepisti
3291 3735 3331 3807 (Ι
3355 3734 3476 3807 Cor.

1899 3823 1973 3874 tv,
1995 3808 2103 3880 7)?
2130 3818 2204 3868 et.
2237 3805 2414 3862 Gratia
2439 3805 2536 3860 Dei
2575 3823 2690 3860 sum
2709 3804 2773 3859 id
2786 3805 2922 3874 quod
2947 3823 3058 3860 sunt
3081 3804 3193 3876 (Id.
3224 3804 3315 3873 xv,
3342 3806 3457 3876 I0).
3553 3845 3556 3850 .

1902 3898 2051 3966 Quod
2078 3897 2264 3952 uiribus
2311 3906 2508 3950 natura
2548 3896 2731 3950 bonunt
2756 3896 2984 3966 aliquod,
3012 3898 3148 3967 quod
3171 3896 3239 3949 ad
3259 3895 3476 3950 salutem

1971 3971 2236 4040 pertineat,
2259 3969 2480 4040 cogitare
2502 3977 2590 4022 aut
2634 3967 2817 4037 eligere
2857 3968 2965 4023 sine
3001 3968 3168 4039 gratia
3194 3984 3297 4022 non
3325 3967 3490 4040 possi-

1970 4057 2082 4095 mus
2106 4038 2194 4113 (c).

1972 4132 2085 4188 VII.
2113 4131 2170 4188 Si
2195 4129 2314 4203 quis
2335 4145 2432 4202 per
2470 4139 2675 4186 naturae
2724 4129 2964 4202 vigorem
3005 4131 3206 4188 bonum
3253 4129 3488 4203 aliquod,

1900 4203 2150 4275 quodad
2193 4201 2418 4275 salutem
2474 4203 2707 4275 pertinet
2733 4201 2854 4275 vita:
2878 4211 3114 4275 teter-nae,
3151 4201 3400 4275 cogitare,
3432 4212 3494 4259 ut.

1901 4273 2137 4345 espcdit,
2177 4283 2270 4328 aut
2293 4273 2654 4345 eligere,sive
2675 4273 2918 4338 salutari,
2947 4273 2998 4327 id
3042 4283 3145 4338 est,
3165 4273 3491 4343 evangelica}

1902 4344 2265 4417 priedicationi
2293 4344 2596 4417 consentire
2625 4359 2780 4417 posse
2809 4346 3120 4417 conﬁrmat,
3145 4344 3352 4417 absque
3371 4345 3491 4417 illu-

1904 4413 2196 4473 minatioue
2237 4426 2292 4471 et
2338 4413 2684 4484 inspiratione
2729 4415 2956 4485 Spiritus
3009 4414 3215 4485 sancti,
3260 4413 3356 4485 qui
3397 4413 3490 4468 dat

1903 4488 2154 4542 oumibus
2176 4487 2488 4541 suavitatem
2519 4485 2569 4538 in
2590 4484 2973 4540 consentiendo
3011 4495 3065 4538 et
3094 4484 3365 4539 credendo
3394 4500 3485 4539 ve-

1905 4559 2046 4613 ritati
2071 4574 2086 4624 ;
2117 4559 2366 4612 lueretico
2399 4555 2597 4626 fallitur
2621 4557 2831 4626 spiritu,
2854 4572 2959 4610 non
2983 4555 3284 4624 intelligens
3305 4570 3492 4615 vocem

1908 4630 1998 4683 Dei
2029 4630 2081 4683 in
2127 4628 2412 4697 EVangelio
2439 4625 2690 4691 dicentis,
2721 4627 2845 4681 Sine
2895 4643 2973 4679 me
3009 4627 3138 4697 nihil
3169 4627 3374 4695 potestis
3403 4631 3486 4697 fa—

1904 4716 2017 4754 cere
2039 4700 2052 4762 (
2074 4697 2232 4752 Joan.
2265 4695 2353 4764 iv,
2380 4698 2414 4754 5
2438 4697 2459 4766 )
2486 4715 2500 4761 ;
2533 4706 2589 4752 et
2618 4697 2743 4752 illud
2767 4698 3031 4766 Apostoli,
3066 4695 3189 4752 Non
3209 4700 3345 4767 quod
3371 4695 3489 4751 ido-

1905 4771 1986 4825 nei
2011 4771 2170 4824 simus
2189 4770 2412 4840 cogitare
2456 4768 2650 4840 aliquid
2675 4785 2706 4821 a
2735 4769 2898 4840 nobis,
2943 4769 3088 4839 quasi
3112 4785 3176 4824 ea:
3214 4769 3377 4836 nobis,
3407 4786 3496 4823 sea

1905 4841 2200 4912 sufficientia
2224 4838 2395 4894 nostra
2419 4856 2483 4896 ea:
2504 4838 2612 4894 Deo
2639 4849 2713 4895 est
2736 4838 2802 4909 (Il
2829 4838 2962 4894 Cor.
2979 4856 3058 4907 ιιι,
3086 4840 3166 4910 5).

1909 4933 2063 5004 Quod
2087 4949 2177 5003 per
2223 4931 2434 4986 liberum
2463 4931 2726 5004 arbitrium
2763 4931 2832 4984 ad
2865 4931 3083 5004 gratiam
3109 4930 3360 5002 Baptismi
3381 4948 3496 5004 per-

2387 5003 2552 5057 venire
2571 5001 2744 5056 nullus
2759 5001 2917 5073 possit
2930 5002 3031 5075 (ά).

1979 5096 2113 5154 VIII.
2143 5096 2338 5168 Siquis
2367 5095 2499 5151 alios
2548 5095 2933 5168 misericordia,
2977 5096 3111 5168 alios
3152 5111 3287 5168 vero
3316 5111 3411 5166 per
3436 5096 3500 5151 li-

1909 5169 2096 5226 berum
2119 5166 2437 5237 arbitrium(
2460 5166 2600 5236 quod
2655 5167 2708 5220 in
2737 5168 2986 5222 omnibus
3015 5167 3104 5237 qui
3135 5166 3206 5222 de
3243 5169 3496 5237 przevari-

1909 5243 2120 5298 catioue
2147 5239 2301 5310 primi
2335 5238 2566 5310 hominis
2591 5237 2724 5310 gnati
2749 5247 2894 5304 sunt,
2943 5247 3153 5293 constat
3171 5253 3292 5294 esse
3344 5239 3500 5310 vitia-

1912 5323 2022 5369 tum
2051 5307 2160 5382 )ad
2188 5310 2412 5382 gratiam
2454 5307 2708 5382 Baptismi
2739 5323 2898 5382 posse
2923 5309 3106 5382 venire
3130 5307 3403 5382 contendit
3429 5326 3498 5382 ;a

1911 5379 2060 5464 recta
2087 5379 2478 5464 ﬁdejprobatur
2515 5379 2743 5436 alienus.
2777 5380 2827 5436 Is
2865 5381 3016 5463 enirn
3045 5396 3150 5464 non
3171 5381 3410 5462 omnium
3437 5381 3469 5464 Ii

1910 5455 2097 5514 berum
2124 5451 2403 5510 arbitriqu
2445 5466 2540 5524 per
2558 5461 2836 5524 peccatum
2864 5452 3020 5521 primi
3049 5451 3281 5506 hominis
3308 5452 3504 5507 asserit

1974 5597 2048 5722 εει
2063 5591 2373 5711 tas:

1999 5652 2048 5740 ρ)
2215 5655 2531 5740 limenque
2547 5654 2950 5740 Psmevemﬁm,
2975 5652 3082 5718 cap.
3105 5652 3185 5715 25,
3211 5652 3265 5704 et
3298 5660 3502 5716 Prosper

1912 5717 2078 5775 contra
2106 5722 2392 5772 (Jollatorem
2410 5753 2426 5779 ,
2443 5731 2550 5780 cap.
2575 5717 2624 5766 6.
2950 5743 2959 5748 —

1978 5785 2050 5898 (9
2088 5785 2201 5834 vide
2219 5784 2300 5836 lib.
2324 5781 2390 5831 de
2411 5781 2564 5863 Gratia
2580 5780 2779 5838 Christi,
2796 5791 2903 5842 cap.
2921 5778 3001 5831 38.

1978 5851 1994 5897 l
2044 5855 2057 5898 ι
2092 5854 2292 5898 Prosper
2309 5851 2476 5893 contra
2491 5843 2802 5898 collatorem,
2822 5855 2958 5898 capp.
2989 5845 3001 5894 I

1978 5840 2057 5912 id)
2083 5854 2292 5912 Prosper
2309 5851 2476 5893 contra
2491 5843 2776 5894 collatoretn
2789 5878 2802 5905 ,
2822 5840 2958 5907 capp.
2989 5843 3063 5908 I5,
3086 5840 3168 5906 58,
3188 5847 3242 5896 et
3275 5847 3509 5912 Respons.

1919 5911 1979 5963 ad
1999 5911 2184 5962 deﬁnit.
2209 5911 2240 5960 6
2261 5919 2488 5959 easstam.
3313 5911 3322 5921 -
