4030 6482
244 375 412 439 ’1809

270 518 309 560 ιι
327 543 344 567 ο
377 500 491 568 igl-
518 497 651 567 Quid
677 498 745 552 de
769 494 1554 568 elisarumargumeptationum
1580 493 1845 568 ratiuncu-

272 563 340 628 lis
369 563 738 626 fraeta'vstudes
766 582 912 621 arma
942 564 1227 634 colligere?
1251 563 1386 634 Quid
1412 565 1617 634 cineres
1645 564 1845 618 exstin-

269 643 341 698 αἱ
382 640 641 710 dogmatis
683 636 1001 701 refovendo,
1042 632 1338 710 deﬁcientis
1364 632 1761 710 l‘tnni_t_tidorem
1792 635 1843 688 in

269 702 560 767 rediriiam
600 707 863 763 dammam
901 706 1110 761 conaris
1144 704 1473 758 accendere?
1502 702 1614 757 Non
1645 713 1728 758 est
1757 719 1847 773 pe-

270 782 497 836 riculum
529 779 677 833 liberi
704 777 904 831 arbitrii
931 792 996 830 ex
1021 776 1188 845 gratia
1220 775 1308 829 Dei
1332 814 1346 837 ,
1371 789 1467 828 nec
1490 774 1733 845 voluntas
1750 788 1847 845 au-

271 854 440 905 fertur
462 891 479 917 ,
508 866 628 904 cum
657 850 707 903 in
738 848 847 918 ipsa
872 847 1005 902 bene
1026 841 1484 918 vellegeneratur.
1509 843 1637 918 Nam
1659 844 1703 897 si
1725 841 1846 901 ideo

269 938 377 976 non
410 914 637 990 putanda
668 914 953 974 est'nostra
978 915 1141 990 ,__quia
1171 917 1457 990 formatur,
1481 914 1719 990 regiinr,
1751 927 1842 990 or-_

266 984 485 1046 dinat'ur
506 1030 523 1053 ,
570 990 859 1053 imbuitur;
886 984 1181 1057 spoliantur
1208 984 1449 1039 libertate
1476 984 1566 1057 ﬁlii
1592 984 1727 1057 Dei,
1754 985 1843 1057 qui

266 1073 498 1132 aguntur
516 1062 711 1132 Spiritu
738 1058 860 1132 Dei;
887 1054 1112 1132 perdunt
1132 1056 1363 1132 vigorem
1389 1054 1661 1132 raiionalis
1683 1055 1844 1132 animi

266 1125 329 1187 ei
365 1132 507 1187 omni
552 1125 860 1184 voluntaria:
884 1126 1182 1183 devotionis
1212 1125 1363 1179 laude
1391 1125 1662 1193 privantur
1683 1165 1699 1190 ,
1727 1125 1846 1194 qui-

264 1204 367 1257 bus
405 1203 561 1256 datur
599 1201 827 1269 Spiritus
864 1197 1135 1265 sapientia:
1176 1204 1232 1269 et
1271 1196 1601 1269 intellectus,
1637 1196 1843 1269 consilii

266 1284 323 1326 et
370 1265 725 1337 fortitudinis,
771 1270 1007 1323 scientim
1044 1283 1107 1321 ac
1149 1266 1395 1337 pietatis,
1428 1276 1481 1320 et
1508 1265 1844 1337 timorisDo-

267 1344 399 1396 inini
443 1342 597 1414 (lsai.
644 1335 731 1405 xI,
775 1340 843 1414 2,
872 1340 950 1414 5).
981 1338 1207 1414 Prorsus
1232 1338 1319 1406 qui
1350 1336 1432 1414 his
1457 1335 1845 1414 reformationi—

267 1414 369 1465 lous
394 1407 463 1467 se.
482 1427 590 1467 non
622 1420 803 1480 putant
830 1407 1083 1480 indigere,
1114 1407 1182 1461 de
1208 1408 1402 1461 veteris
1428 1407 1595 1459 morbi
1619 1421 1844 1480 consue-

267 1483 452 1538 tudine
477 1484 528 1538 in
558 1476 856 1549 phronesim
879 1476 1231 1540 transierunt;
1255 1486 1511 1549 resriuunt
1527 1476 1841 1549 remedium,

265 1555 540 1619 clamant,
559 1545 870 1614 insaniunt,
898 1549 1240 1619 reluctantur.
1270 1546 1374 1601 Sed
1403 1547 1445 1601 si
1476 1545 1855 1616 promissionis

265 1633 394 1677 Sunt
424 1618 548 1680 lilii.
576 1623 848 1689 quiescent
868 1660 883 1679 .
912 1629 962 1673 et
991 1618 1335 1689 sanabuntur.

340 1692 566 1749 CAPUT
596 1684 711 1745 ’γιι
740 1720 815 1730 -
842 1691 929 1744 17.
974 1688 1077 1743 Sed
1104 1688 1211 1756 jam
1253 1686 1521 1741 videamus
1547 1685 1673 1756 quid
1702 1684 1840 1740 infe-

268 1773 355 1818 rat
382 1763 642 1817 sobrietas
666 1760 980 1829 diSputantis
1005 1777 1018 1813 :
1042 1758 1131 1827 qui
1161 1766 1216 1810 ut
1242 1757 1578 1829 vitiumvitio
1601 1757 1857 1829 pelleret,

267 1844 325 1887 et
346 1848 585 1888 errorem
607 1826 790 1885 errore
814 1839 1041 1892 curaret,
1064 1826 1363 1881 contrarias
1386 1828 1483 1882 sibi
1508 1826 1845 1881 deﬁnitiones

269 1919 409 1957 nova
438 1914 552 1957 arte
578 1900 848 1961 confudit;
881 1910 1039 1967 utque
1064 1897 1166 1952 hue
1193 1898 1601 1967 compositionis
1617 1911 1727 1950 sua:
1751 1911 1844 1963 po-

272 1975 454 2027 culum
475 1971 678 2027 securis
702 1966 1029 2024 auditoribus
1058 1969 1381 2038 propinaret,
1397 1966 1656 2038 exemplis
1682 1967 1846 2021 voluit

267 2044 512 2097 colorare
539 2040 935 2112 quodmiscuit.
965 2037 1217 2112 Aitienim
1250 2038 1348 2112 :‘Si
1370 2038 1502 2112 enim
1529 2037 1842 2112 digerimus,

272 2124 503 2166 nostrum
539 2107 647 2166 e'sse
680 2109 825 2165 bona:
853 2109 1154 2179 principium
1180 2108 1462 2179 voluntatis
1485 2108 1642 2177 :quid
1674 2108 1766 2177 fuit
1793 2107 1845 2161 in

268 2192 585 2254 persecutore
611 2180 806 2254 Paulo,
839 2177 961 2250 quid
998 2178 1363 2254 inpublicano
1403 2177 1646 2254 Matt/nco
1679 2192 1845 2254 :quo-

266 2247 384 2306 imm
412 2270 548 2307 unus
568 2251 736 2305 cruori
774 2266 834 2303 ac
853 2247 1116 2319 suppliciis
1138 2249 1452 2302 innocentum
1467 2287 1482 2312 ,
1503 2249 1634 2319 alius
1658 2247 1848 2319 violeng

268 2324 357 2394 liis
382 2339 443 2375 ac
466 2323 659 2394 rapinis
685 2321 900 2394 publicis
921 2316 1179 2394 incubans
1204 2319 1472 2394 attrahitur
1495 2317 1562 2370 ad
1597 2316 1847 2394 salutem?

269 2393 373 2448 Sin
413 2388 538 2446 vero
565 2388 728 2458 gratia
754 2390 849 2443 Dei
896 2405 1091 2458 semper
1115 2388 1353 2457 inspirari
1395 2388 1538 2441 bona
1578 2388 1847 2442 voluntatis

269 2464 525 2534 principia
539 2458 845 2534 dixerimus;
864 2460 1065 2534 quidae
1084 2458 1332 2534 Zaochazi
1343 2458 1463 2534 ﬁde,
1477 2458 1597 2534 quid
1622 2458 1683 2510 de
1706 2458 1847 2534 illius

265 2527 326 2585 in
363 2527 509 2587 cruce
528 2532 737 2586 latronis
764 2532 942 2601 pietate
966 2530 1177 2601 dicimus
1205 2544 1226 2582 :
1249 2529 1333 2597 qui
1358 2527 1724 2601 desideriousuo
1745 2529 1845 2581 vim

263 2606 541 2672 quamdam
580 2602 746 2672 regnis
765 2598 1397 2672 'cmlestibusjnferentcs,
1424 2598 1663 2669 specialia
1700 2613 1847 2652 voca-

265 2669 425 2727 iionis
449 2669 1003 2742 monita'prtevenerunt
1033 2669 1183 2742 (Cap.
1215 2670 1323 2742 il).

348 2742 436 2797 18.
463 2744 561 2797 Per
587 2736 739 2797 istam
777 2755 906 2811 ergo
943 2736 1200 2811 bonorum
1227 2740 1243 2771 ¹
1283 2736 1656 2811 principiorum
1686 2736 1846 2792 dissi-

266 2812 623 2867 militudinem
651 2807 875 2881 probare
901 2812 1115 2876 nititur,
1149 2808 1250 2881 hoc
1278 2807 1433 2881 posse
1474 2807 1848 2881 quosdamper

266 2882 498 2937 liberum
525 2878 800 2936 arbitrium
854 2884 971 2935 sine
994 2880 1257 2947 adjutorio
1280 2878 1386 2933 ’Dei
1408 2878 1594 2947 ,quod
1632 2879 1845 2947 quidam

268 2954 378 3007 nisi
410 2954 517 3008 Deo
539 2961 861 3021 cooperante
882 2966 985 3005 non
1016 2952 1219 3019 possint
1248 2958 1341 3005 :ct
1368 2950 1468 3003 hoc
1496 2948 1697 3021 vultde
1722 2964 1849 3019 quo-

264 3024 516 3077 rumdam
545 3019 776 3077 tardiore
817 3021 1115 3076 obedientia
1159 3031 1209 3074 et
1251 3019 1600 3089 quorumdam
1649 3034 1844 3089 sequa-

263 3093 420 3148 ciore
453 3108 715 3147 consensu
767 3092 1009 3162 intelligi.
1049 3091 1209 3160 Quasi
1259 3090 1345 3162 ubi
1373 3090 1515 3162 dura
1564 3089 1846 3162 inﬁdelitas

266 3162 390 3218 Deo
426 3163 702 3230 subditur,
731 3172 785 3218 et
810 3160 1097 3233 Evangelia
1121 3202 1136 3227 ,
1167 3160 1307 3233 quod
1354 3160 1443 3233 diu
1484 3160 1847 3233 impugnavit,

260 3243 492 3302 repente
529 3229 853 3302 succumbit,
878 3229 1341 3286 ihi'mutationem
1372 3229 1600 3302 hominis
1626 3231 1844 3285 dextera

259 3301 521 3375 operetur
549 3301 1138 3375 Excelsii(Psal..t.xxVI
1159 3302 1336 3371 ,.11),;
1364 3301 1451 3355 ubi
1492 3309 1669 3375 autem
1692 3308 1845 3375 tran-

260 3369 487 3442 quillam
523 3369 941 3429 cohortationem
971 3374 1209 3427 solumve
1249 3369 1515 3442 rumorem
1546 3369 1662 3425 sine
1692 3371 1846 3442 laesi-

263 3440 473 3498 tatione
500 3446 521 3476 ³
546 3443 851 3499 difﬁdentia:
889 3442 1079 3498 docilis
1119 3442 1328 3496 auditor
1353 3440 1713 3511 amplectitur,
1746 3441 1844 3511 bo-

259 3529 413 3569 num.
449 3514 568 3568 talis
636 3514 997 3569 conversionis
1049 3513 1295 3567 humana:
1346 3512 1413 3565 sit
1452 3510 1845 3567 tantummodo

261 3584 583 3640 voluntatis.
630 3584 797 3652 Quasi.
814 3599 941 3640 vero
973 3584 1203 3652 potentia
1244 3581 1338 3636 Dei
1364 3588 1385 3621 ⁸
1413 3596 1507 3637 eos
1547 3591 1747 3636 tantum
1775 3581 1842 3635 ad

260 3652 467 3710 Filium
490 3654 697 3720 trahat,
719 3670 854 3724 quos
877 3664 965 3708 aut
998 3668 1128 3708 voce
1157 3654 1512 3724 increpaverit
1530 3692 1544 3715 ,
1572 3662 1663 3706 aut
1687 3666 1843 3721 poena

260 3724 553 3780 obtriverit
574 3767 589 3792 ,
620 3734 711 3779 aut
740 3722 955 3779 terrore
1003 3723 1393 3789 tremefecerit,
1422 3722 1633 3776 illorum
1667 3730 1844 3777 autem

259 3796 539 3850 mentibus
588 3795 719 3849 nihil
744 3811 854 3849 sua:
880 3795 1090 3850 virtutis
1134 3794 1450 3858 admoveat,
1480 3792 1672 3863 quirad
1715 3807 1844 3863 pro-

260 3866 555 3921 missiones
584 3865 955 3935 Redemptoris
1000 3866 1080 3935 sui
1121 3880 1216 3933 spe
1243 3863 1405 3935 alacri
1435 3862 1668 3935 e_t’avido
1702 3862 1845 3935 desit

258 3935 420 3989 derio
450 3931 811 3991 cucurrerunt.
854 3935 957 3991 Sed
986 3931 1198 3989 Veritas
1229 3933 1394 3999 dicit,
1429 3931 1592 3987 Nemo
1624 3934 1754 3986 venit
1779 3932 1845 3988 ad

258 4021 369 4076 me,
401 4007 497 4076 nisi
520 4006 693 4071 Pater,
718 4007 804 4076 qui
837 4006 970 4059 misit
1013 4021 1129 4069 me,
1167 4004 1370 4076 traxerit
1399 4002 1719 4071 eumlloan.
1750 4018 1800 4057 VI
1825 4044 1845 4068 ,

257 4074 383 4147 44).
409 4075 466 4131 Si
509 4091 639 4148 ergo
688 4074 844 4148 nemo
873 4076 1047 4148 venit,
1078 4075 1178 4131 nisi
1223 4082 1514 4148 attractus_;
1540 4088 1725 4148 omnes
1754 4075 1842 4143 qui

257 4143 605 4217 quocumque
635 4146 793 4201 modo
821 4146 1058 4211 veniunt,
1088 4143 1643 4217 attralnmtur.'I‘_rahit
1668 4144 1843 4213 itaque

256 4213 331 4270 ad
359 4213 917 4285 Deum'contemplatio
937 4218 1320 4270 elementorum
1334 4256 1348 4277 ,
1363 4213 1709 4285 omniumque
1726 4230 1843 4285 qua:

258 4286 347 4357 in,
374 4287 663 4357 eisisunt,
707 4284 1115 4357 ordinatissima
1143 4284 1501 4357 pulchritudo.
1548 4284 1843 4357 invisibilia

256 4356 410 4426 enim
437 4356 553 4426 ejus
574 4396 590 4423 ,
618 4373 647 4410 a
673 4368 914 4411 creatura
940 4356 1120 4426 mundi
1142 4353 1162 4422 ξ
1186 4371 1280 4426 per
1304 4370 1365 4409 ea
1392 4371 1518 4426 quae
1540 4353 1675 4409 facta
1696 4364 1840 4421 sunt,

257 4425 536 4481 intellecta
556 4428 953 4495 conspiciuntur
978 4425 1151 4498 (Rom.
1177 4425 1229 4492 ι,
1247 4425 1640 4498 20).)Γιξιι1ιυιιι
1666 4440 1841 4498 rerum

255 4505 537 4563 gestarum
582 4494 865 4561 relatori-5;
895 4494 1129 4551 animum
1161 4494 1425 4551 audientis
1469 4495 1799 4550 inﬂammant
1823 4494 1845 4526 ⁸

258 4577 550 4622 narrantes
576 4567 758 4622 laudes
781 4567 988 4622 Domini
1016 4576 1070 4621 et
1097 4568 1317 4620 virtutes
1341 4566 1477 4635 ejus,
1508 4574 1563 4619 et
1582 4565 1841 4619 mirabilia

168 4676 177 4683 .
254 4637 381 4709 ejus
408 4652 527 4706 qua:
557 4636 680 4692 fecit
703 4637 870 4709 (Prol.
900 4652 1078 4693 uxvn
1101 4680 1114 4701 ,
1144 4634 1630 4709 4).‘Trahi_t_ti_mor
1655 4654 1668 4691 :
1701 4634 1845 4709 Prin-

253 4705 455 4778 cipiam
481 4710 646 4778 enim
690 4705 950 4778 sapientia:
969 4750 984 4775 ,
1036 4705 1188 4778 timor
1218 4706 1459 4777 Domini(
1485 4705 1640 4778 Prov.
1674 4722 1720 4768 I,
1742 4706 1839 4778 7i).

253 4775 451 4829 Trahit
480 4776 658 4832 Izntitia
688 4775 1000 4848 :Aquoniant,
1033 4776 1257 4848 Lanatus
1283 4793 1396 4831 sum
1429 4775 1482 4830 in
1517 4776 1595 4848 his
1622 4792 1734 4848 qua:
1759 4776 1840 4829 di-

250 4854 343 4898 cta
370 4857 484 4899 sunt
512 4848 632 4901 mihi
654 4889 665 4908 ,
691 4846 760 4901 In
800 4849 1003 4901 domum
1025 4847 1228 4901 Domini
1266 4848 1446 4900 ibimus
1468 4848 1484 4916 (
1510 4846 1654 4901 Psal.
1682 4862 1803 4901 cut
1823 4889 1838 4911 ,

254 4917 345 4983 1).
378 4916 562 4971 Trahit
588 4919 909 4973 desiderium
940 4937 953 4972 :
982 4919 1231 4987 quoniam
1250 4959 1264 4982 ,
1287 4916 1604 4986 Concupiscit
1630 4928 1676 4969 et
1702 4917 1836 4980 deli-

252 4988 326 5040 cit
360 4988 533 5041 anima
556 4989 607 5042 in
633 4990 764 5043 atria
792 4987 994 5042 Domini
1026 4987 1197 5062 (Psal.
1228 5003 1458 5054 LXXXIII,
1497 4988 1577 5058 5).
1601 4987 1643 5042 Τ
1648 4988 1842 5041 raltttnl.

327 5162 347 5193 ι
372 5166 518 5221 loco,
542 5158 791 5223 bonorum,
817 5161 1121 5224 posteriores
1138 5158 1596 5217 editioneshabent,
1613 5169 1841 5208 auorum-

250 5221 442 5332 daznsic
467 5284 725 5345 Issaeorb.
752 5289 805 5345 et
844 5282 992 5345 editio
1016 5288 1225 5345 Mog.,_At
1245 5282 1542 5344 posteriores
1576 5279 1837 5345 editiones,

345 5342 693 5414 ttranquillam
715 5340 1259 5395 cohortationem'soluni
1282 5356 1415 5393 veros
1438 5355 1592 5392 mores
1614 5342 1715 5392 sine
1738 5340 1840 5393 ulla

268 5412 573 5465 haesitatione,
604 5414 698 5455 etc.

280 5527 294 5538 ο
325 5470 347 5499 ³
372 5470 667 5538 Posteriores
684 5467 941 5538 editiones,
971 5464 1176 5529 potentia
1208 5462 1387 5530 gratim
1408 5462 1509 5514 Dei.
1541 5465 1706 5525 Abest,
1727 5477 1839 5530 gra-

1002 5542 1020 5563 ν

247 5529 359 5589 tite,
382 5541 410 5577 a
433 5535 515 5578 Ms.
540 5531 678 5578 Corb.
705 5535 757 5578 et
780 5529 895 5578 edit.
921 5538 1038 5591 Mog.
1211 5529 1216 5530 ’
1735 5529 1742 5530 ί

323 5593 347 5623 δ
368 5591 441 5660 sic
462 5598 620 5660 vetus
638 5590 814 5660 codex--
828 5589 1146 5660 Oorbeiensis,
1162 5601 1267 5660 _ne_c
1296 5587 1533 5660 dissentit
1555 5586 1703 5660 editio
1737 5594 1829 5660 Mog

246 5653 552 5714 guntiensis,
576 5652 666 5702 nisi
690 5651 835 5714 quod,
868 5647 1139 5714 relationes,
1162 5650 1345 5714 habet;
1366 5662 1474 5707 non,
1500 5647 1745 5698 relaturos.
1780 5656 1837 5700 At

249 5710 561 5781 fosteriores
583 5710 824 5781 editiones
847 5713 1095 5781 ferebant,
1127 5710 1290 5761 Trahit
1313 5723 1475 5781 rerum
1496 5716 1736 5781 gestarum
1753 5723 1835 5779 co-

246 5771 780 5895 gntiOwtldivtinorum
802 5786 1002 5839 operum
1024 5772 1251 5825 rclaturw
1274 5772 1484 5825 animum
1498 5771 1743 5823 audientis
1766 5771 1835 5822 in-

306 5848 483 5886 mtman
506 5872 521 5898 ,
546 5851 575 5887 e
597 5852 643 5887 c.

1384 371 1587 430 LlBER
1623 373 1891 431 CONTRA
1932 374 2402 431 COLLATOREM.

3392 378 3532 440 l8l0

1955 492 2333 548 delectationes
2353 491 2377 562 γ’
2400 488 2564 555 Quam
2586 488 2752 562 dulcia
2777 489 2917 546 enim
2942 490 3167 562 [nucibus
3193 491 3315 548 meis
3334 492 3531 562 eloquia

1954 563 2063 617 tua!
2087 579 2237 633 super
2262 561 2358 615 mel
2391 571 2437 614 et
2466 564 2634 632 favum
2659 561 2737 614 ori
2789 577 2896 614 meo
2919 561 3090 631 (Psal.
3121 577 3285 619 cxmt
3305 604 3320 627 ,
3368 564 3528 688 103).

1954 633 2020 687 Et
2048 634 2166 688 ouis
2193 632 2497 688 nersnicere
2524 639 2616 684 aut
2639 646 2888 688 enarrare
2930 633 3129 688 possit.
3156 649 3252 688 ncr
3275 649 3410 688 auos
3443 649 3473 687 a
3499 664 3525 675 -

1953 633 2020 704 Et
2048 634 2166 703 quis
2193 632 2497 704 perSpieere
2524 639 2616 704 aut
2639 646 2888 704 enarrare
2930 633 3129 704 possit,
3156 649 3252 702 per
3275 649 3410 704 quos
3443 632 3525 688 af-

1952 700 2122 758 fectus
2148 700 2377 757 visitatio
2404 701 2497 757 Dei
2524 702 2757 772 animum
2785 700 2945 772 ducat
2972 700 3258 759 humanum
3280 700 3387 770 {ut
3409 720 3529 772 quae

1951 773 2474 843 fugiebatsequatur;
2502 788 2617 843 quite
2645 771 2833 826 oderat
2853 812 2868 837 ,
2899 771 3113 843 diligat;
3138 790 3257 843 quae
3288 771 3525 829 fastidie-

1951 842 2061 907 bat,
2090 842 2291 914 esuriat
2319 861 2332 897 :
2365 858 2427 897 ac
2460 842 2637 914 subito
2676 844 3089 897 commutatione
3115 842 3375 910 mirabili,
3407 860 3529 914 qum

1950 915 2130 969 clausa
2152 913 2198 968 ei
2229 914 2455 980 fuerant,
2489 913 2615 965 ﬁant
2645 922 2856 980 aperta;
2886 928 3007 981 qua:
3029 927 3276 979 onerosa,
3308 913 3526 968 sintie-

1950 986 2033 1039 via
2058 1002 2072 1049 ;
2101 998 2220 1053 qua:
2257 999 2435 1037 amara
2461 1025 2477 1050 ,
2508 983 2614 1036 sint
2634 983 2833 1047 dulcia;
2862 997 2981 1052 quae
3019 983 3243 1039 obscura
3264 1026 3278 1047 ,
3310 985 3416 1039 sint
3444 985 3526 1038 lu-

1949 1054 2105 1137 cida?
2132 1053 2259 1138 [llr-ec.
2280 1063 2448 1138 autem
2464 1055 2643 1138 omnia
2662 1063 2903 1124 operatur
2927 1063 3227 1138 umis-atquc
3248 1054 3379 1109 idem
3552 1058 3555 1061 ’

1950 1127 2110 1188 ritus,
2158 1124 2383 1196 dividens
2431 1125 2641 1194 singulis
2676 1123 2832 1196 prout
2860 1123 3032 1196 rrult(
3062 1123 3083 1178 Ι
3122 1123 3242 1196 Cor.
3268 1140 3377 1189 xit,
3411 1126 3523 1196 ll).

1953 1196 2203 1260 Quoniam
2228 1194 2368 1248 Deus
2391 1196 2476 1263 qui
2495 1195 2621 1249 dixit
2650 1194 2712 1247 de
2740 1195 2950 1264 tenebris
2975 1194 3142 1248 lumen
3162 1194 3525 1264 splendescere,

1950 1266 2117 1319 illuxit
2141 1268 2195 1319 in
2238 1264 2473 1319 cordibus
2516 1265 2698 1319 nostris
2718 1307 2732 1326 ,
2762 1263 2830 1317 ad
2863 1263 3277 1319 illuminationem
3306 1266 3525 1319 scientia!

1949 1337 2198 1390 claritatis
2227 1335 2339 1398 Dei,
2365 1336 2417 1388 in
2440 1336 2568 1405 facie
2596 1337 2616 1367 ²¹
2645 1333 2835 1406 Christi
2857 1333 3078 1404 Jesu(ll
3102 1335 3217 1406 (lor.
3249 1349 3325 1406 Iv,
3355 1335 3410 1406 6)
3436 1354 3448 1385 τ
3474 1335 3527 1390 id

1950 1417 2051 1507 ast,
2070 1407 2137 1507 .in
2168 1406 2591 1461 manifestatione
2626 1404 2744 1460 Filii
2770 1406 2849 1461 sui
2870 1448 2885 1474 ,
2918 1407 3008 1475 qui
3042 1415 3126 1461 est
3154 1405 3208 1460 in
3235 1404 3399 1477 gloria
3425 1406 3525 1459 Pa-

1951 1477 2045 1530 tris
2070 1477 2110 1529 ³.

2026 1546 2106 1600 l9.
2135 1545 2235 1614 Qui
2255 1560 2399 1613 ergo
2419 1545 2590 1601 illuxit
2619 1546 2671 1599 in
2706 1544 2868 1600 corde
2896 1545 3124 1617 Matthmi
3154 1545 3415 1617 publicani
3435 1590 3447 1609 ,
3472 1555 3527 1601 et

1951 1615 2095 1671 Pauli
2128 1628 2251 1671 tunc
2292 1616 2578 1671 Ecclesiam
2608 1617 2971 1685 persequentis
2995 1658 3009 1681 ,
3042 1615 3236 1682 ipse‘et
3279 1616 3331 1671 in
3362 1616 3526 1672 corde

1951 1686 2189 1741 Zacchmi
2214 1727 2229 1751 ,
2258 1696 2313 1740 et
2352 1686 2403 1740 in
2430 1686 2589 1740 corde
2627 1686 2864 1740 cruciﬁxi
2900 1702 3020 1740 cum
3053 1686 3277 1741 Domino
3305 1687 3525 1741 latronis

1952 1756 2123 1812 illuxit
2153 1775 2167 1811 :
2200 1756 2301 1810 nisi
2347 1756 2485 1810 forte
2511 1756 2677 1809 otiosa
2710 1755 2919 1809 Domini
2946 1772 3055 1810 vox
3080 1754 3212 1821 fuit,
3244 1773 3363 1812 cum
3395 1757 3525 1814 Zac-

1950 1826 2177 1893 chreum,
2208 1826 2603 1897 qniqmnrebat
2622 1824 2802 1897 videre
2823 1825 3009 1897 lesitm
3041 1829 3158 1896 quis
3190 1839 3352 1893 esset,
3376 1843 3525 1882 com-

1950 1898 2148 1969 pellare
2198 1895 2444 1966 dignatus
2485 1906 2601 1969 est,
2640 1896 2824 1969 dicens
2849 1912 2861 1948 :
2892 1895 3135 1951 lace/aee
3158 1940 3172 1962 ,
3203 1900 3383 1969 festina
3402 1940 3416 1964 ,
3445 1899 3526 1952 de-

1949 1965 2165 2035 mendo;
2203 1965 2439 2039 quoni_am
2482 1966 2632 2020 hodie
2659 1967 2710 2020 in
2738 1965 2887 2039 domo
2932 1977 3019 2039 tua
3070 1984 3149 2021 nte
3191 1965 3385 2039 oportet
3417 1986 3519 2022 ma-

1951 2053 2090 2110 nere;
2111 2048 2165 2110 et
2189 2036 2292 2092 non
2315 2037 2753 2110 sihipraeparavit
2776 2036 2890 2106 ejus
2910 2038 3166 2102 animmn,
3193 2036 3343 2107 cujus
3370 2040 3528 2110 elegit

1952 2107 2261 2177 hospitium.
2312 2107 2546 2177 Denique
2588 2122 2706 2161 cum
2735 2117 3126 2163 murmurarent
3168 2123 3353 2164 omnes
3377 2151 3391 2172 ,
3428 2107 3527 2164 cur

1950 2177 2017 2232 ad
2066 2180 2236 2233 virum
2278 2188 2610 2247 peccatorem
2657 2178 2924 2232 introisset
2971 2178 3258 2247 hospitari;
3300 2189 3354 2235 et
3395 2179 3527 2235 Zac-

1950 2248 2129 2303 clonus
2175 2249 2281 2317 jam
2334 2248 2695 2318 paenitentiam
2749 2263 2934 2318 agens,
2990 2248 3209 2303 dimidio
3261 2250 3537 2305 bonorum,

1950 2332 2166 2373 suorum
2198 2320 2248 2374 in
2288 2334 2547 2389 pauperes
2594 2328 2838 2388 crogato,
2867 2318 3196 2374 redditurum
3228 2336 3286 2375 se
3314 2321 3364 2374 in
3392 2337 3526 2389 qua-

1951 2388 2200 2457 druplum
2239 2388 2473 2443 fraudata
2517 2390 2881 2457 promitteret,
2921 2389 3177 2445 Dominus
3210 2391 3328 2444 ait:
3368 2388 3535 2445 Hodie

1950 2462 2088 2514 salus
2115 2460 2232 2512 huic
2256 2459 2429 2512 domui
2457 2466 2591 2529 {acta
2611 2469 2702 2529 est,
2731 2460 2848 2528 quia
2867 2469 2921 2513 et
2934 2460 3013 2513 hic
3037 2470 3108 2514 est
3129 2460 3268 2529 ﬁlius
3291 2460 3523 2516 Abrahte.

1952 2530 2019 2584 Et
2048 2545 2117 2599 ne
2141 2529 2332 2584 lateret
2369 2544 2527 2583 causa
2562 2528 2717 2599 hujus
2752 2529 2966 2594 salutis,
2994 2528 3187 2599 adjeéit
3217 2548 3231 2585 :
3264 2529 3408 2585 Venit
3429 2548 3525 2585 au-

1952 2609 2049 2671 tem
2072 2598 2478 2671 Filiushominis
2506 2598 2891 2671 salvumifacere
2928 2610 2974 2653 et
3000 2598 3224 2670 qutvrere
3247 2602 3382 2671 quod
3406 2618 3525 2671 per-

1950 2670 2077 2724 ierat
2120 2670 2266 2794 μηδ.
2296 2685 2422 2734 xIx,
2464 2669 2644 2738 2-10).
2678 2668 2742 2724 Ut
2776 2684 2932 2738 quem
2977 2668 3527 2740 agnoscebamussal-

1952 2755 2076 2794 vum
2140 2748 2350 2794 actum.
2392 2741 2649 2794 scirenms
2698 2755 2725 2791 a
2775 2750 3047 2794 nuwrente
3090 2752 3435 2794 praeventum.
3469 2741 3526 2794 In

1952 2755 2076 2811 )‘tlm
2120 2741 2350 2807 factum,
2392 2741 2649 2811 sciremus
2698 2755 2725 2811 ξι
2775 2750 3047 2810 quaerente
3090 2752 3435 2811 praeventum.
3469 2741 3526 2797 In

1950 2809 2171 2883 latronis
2209 2825 2420 2883 quoque
2442 2809 2862 2883 justiticatione,
2890 2809 3102 2865 etiamsi
3131 2811 3271 2867 nulla
3299 2828 3524 2883 operam

1954 2880 2021 2935 tis
2042 2882 2225 2951 gratiae
2247 2878 2664 2950 intelligerentur
2689 2878 2903 2947 indicia,
2937 2897 3110 2936 nonne
3136 2897 3256 2937 cum
3282 2878 3529 2939 omnibus

1951 2950 2292 3007 credentibus
2319 2952 2478 3021 etiam
2512 2951 2683 3018 ipsum
2723 2952 3083 3021 acciperemus
3107 2960 3411 3021 attractum,
3446 2954 3530 3009 di-

1950 3032 2106 3076 cente
2134 3022 2358 3076 Domino
2379 3062 2394 3088 ,
2422 3020 2605 3075 Omnia
2648 3020 2771 3074 mihi
2800 3022 2986 3075 tradita
3031 3034 3147 3077 sunt
3172 3040 3203 3076 a
3235 3020 3533 3078 Patremen

1952 3091 2063 3165 (Id.
2095 3108 2127 3146 x
2150 3133 2164 3158 ,
2203 3091 2299 3165 22)
2334 3109 2348 3145 :
2376 3100 2468 3165 et,
2503 3090 2626 3144 Cum
2667 3092 3085 3165 exaltatuafuero
3106 3110 3137 3147 a
3160 3102 3329 3160 terra,
3358 3096 3530 3149 omnia

1951 3160 2153 3235 ira/iam
2195 3163 2263 3235 ad
2283 3160 2388 3235 'qu
2407 3160 2587 3235 (Joan.
2632 3177 2707 3216 xu
2727 3204 2741 3229 ,
2768 3162 2901 3235 δεμ
2923 3160 3066 3218 Inter
3103 3165 3282 3219 omnia
3306 3176 3482 3220 autem
3510 3207 3531 3230 ,,

1950 3232 2092 3288 hunc
2144 3232 2506 3305 veltraditutn
2537 3246 2688 3305 esse,
2730 3233 2822 3305 vel
2860 3242 3083 3305 tractum
3108 3274 3123 3305 ,
3160 3236 3319 3290 etiam
3364 3236 3526 3305 ipsius

1951 3304 2213 3376 confessio
2238 3303 2397 3376 docet
2428 3303 2552 3373 :qui
2597 3318 2719 3357 eum
2758 3302 3059 3372 aliquandiu
3108 3302 3529 3376 blamhemassct

1952 3375 2004 3442 in
2045 3374 2226 3430 Jesum
2268 3372 2536 3428 Christum
2558 3414 2571 3436 ,
2604 3381 2821 3442 repente
2848 3382 2932 3428 est
2972 3372 3239 3442 mutatus,
3270 3386 3320 3430 et
3350 3377 3481 3431 dixit
3508 3396 3522 3432 :

1949 3440 2169 3517 Domine
2185 3485 2200 3510 ,
2224 3460 2412 3517 memor
2432 3440 2689 3517 ertomei,
2715 3460 2827 3517 cum
2856 3445 3045 3517 veneris
3073 3447 3125 3499 in
3152 3440 3361 3517 regnum
3385 3458 3527 3501 tuum

1953 3514 2103 3588 (Luc.
2138 3531 2291 3588 xxnI,
2323 3514 2437 3586 42).
2457 3513 2561 3570 Sed
2588 3515 2727 3588 unde
2753 3515 2804 3569 in
2837 3528 2941 3588 uno
2964 3514 3179 3588 homine
3207 3513 3350 3572 tanta
3379 3532 3525 3572 com-

1951 3585 2295 3709 pugnantium
2326 3585 2514 3640 voCum
2567 3586 2637 3640 sit
2675 3594 2789 3640 orta
2820 3585 3130 3652 diversitas,
3162 3587 3384 3642 instruat
3428 3604 3527 3653 nqs

1990 3666 2140 3709 eatus
2175 3657 2446 3709 anostolus
2484 3656 2676 3709 Paulus
2700 3696 2717 3709 .
2748 3664 2802 3709 et
2830 3657 3006 3709 dicat:
3041 3656 3204 3709 Nemo
3228 3659 3285 3709 in
3325 3659 3525 3709 Spiritu

1990 3666 2140 3729 catus
2175 3657 2446 3729 apostolus
2484 3656 2676 3729 Paulus
2700 3696 2717 3722 ,
2748 3664 2802 3729 e_t
2830 3657 3006 3711 dicat:
3041 3656 3204 3711 Nemo
3228 3659 3285 3712 in
3325 3659 3525 3729 Spiritu

1952 3726 2049 3779 Dei
2074 3725 2299 3796 loquens,
2324 3727 2444 3780 dicit
2467 3727 2733 3779 anathema
2755 3725 2906 3793 Iesu;
2933 3736 2977 3780 et
3005 3744 3148 3781 nemo
3171 3738 3329 3796 potest
3359 3725 3526 3784 dicere

1955 3796 2224 3871 Dominum
2250 3796 2449 3871 desunt,
2478 3798 2577 3871 nisi
2604 3798 2659 3871 in
2679 3796 2875 3871 Spiritu
2889 3797 3133 3871 _sanctoi(l
3162 3797 3279 3871 cor.
3312 3815 3383 3853 ιιι
3402 3843 3416 3863 ,
3441 3802 3525 3871 5).

1950 3865 2021 3923 Ut
2044 3883 2150 3921 non
2190 3867 2491 3923 dubitemus
2521 3868 2574 3921 in
2613 3867 2855 3936 ejusdem
2889 3865 3120 3923 hominis
3141 3870 3441 3936 voluntate,
3472 3865 3526 3926 et

1949 3937 2017 3992 de
2055 3938 2268 4011 proprio
2296 3937 2457 3993 fuisse
2475 3936 3055 4011 _qnod__biaspliemavit
3081 3948 3175 4011 ,Aet
3215 3940 3281 3995 de
3321 3941 3523 4011 Spiritu

1949 4006 2321 4081 sanetoiuisse
2349 4006 2499 4081 quod
2520 4008 2762 4081 credidit.
2793 4008 3011 4081 Frustra
3044 4009 3203 4081 igitur
3228 4006 3528 4081 disputator:

1951 4078 2050 4133 iste
2087 4078 2152 4132 ad
2180 4079 2575 4152 inscirutabilem
2604 4079 2778 4152 unius
2805 4079 2986 4152 gratiae
3021 4078 3328 4136 varietatem
3361 4097 3525 4152 argue

1950 4162 2183 4222 mentum
2214 4148 2533 4222 deﬁnitionis
2563 4165 2671 4222 sua:
2696 4148 2863 4222 voluit
2899 4156 3083 4218 aptare
3102 4162 3201 4222 ,iut
3229 4153 3403 4222 portio
3426 4148 3525 4222 ju-

1949 4218 2293 4273 Stiﬁcatornm
2332 4218 2496 4273 solius
2531 4220 2813 4273 voluntatis
2856 4234 2967 4274 sua:
3012 4218 3245 4276 motibus
3269 4222 3335 4277 ad
3365 4218 3526 4277 Ch'ri-

1949 4299 2089 4344 Stutn
2119 4289 2301 4345 venire
2335 4290 2609 4355 credatur;
2653 4291 3320 4359 portioautemreluctans
3349 4293 3527 4358 trahi,

1950 4360 2193 4415 ctinvita
2230 4360 2478 4427 compelli
2508 4379 2522 4415 :
2553 4376 2676 4416 cum
2704 4361 2844 4415 Deus
2868 4362 2936 4415 sit
2960 4361 3048 4429 qui
3074 4372 3323 4430 operatur
3342 4364 3521 4417 omnia

1950 4430 2002 4485 in
2030 4431 2276 4486 omnibus
2305 4430 2487 4501 (Ibid.,
2519 4431 2603 4500 6),
2624 4431 2735 4486 sive
2760 4432 2891 4485 alios
2924 4431 3034 4495 sic,
3065 4433 3198 4487 alios
3241 4444 3415 4487 autem
3442 4433 3522 4489 sic

1948 4501 2214 4556 attrahere
2239 4501 2396 4566 velit;
2424 4501 2491 4556 ad
2517 4517 2674 4572 quem
2704 4516 2881 4569 nemo,
2911 4502 3014 4557 nisi
3051 4501 3230 4572 aliquo
3257 4502 3417 4559 modo
3441 4513 3525 4559 at-

1950 4572 2207 4633 trahatur,
2236 4572 2398 4625 venit.

2018 4640 2243 4712 CAPUT
2276 4640 2410 4695 Vlll.
2437 4671 2510 4682 —
2531 4640 2621 4697 20.
2652 4640 2780 4697 Post
2818 4640 2933 4698 haec
2960 4641 3187 4712 subjecit
3221 4643 3523 4701 testimonia

1948 4725 2113 4766 sacra:
2144 4710 2410 4782 historiae,
2440 4712 2630 4782 quibus
2670 4712 2936 4780 ostendit,
2976 4710 3339 4768 observantiam
3374 4732 3522 4770 man-

1948 4783 2182 4853 datorum
2246 4780 2369 4847 Dei,
2415 4780 2987 4853 consummationemque
3041 4785 3281 4838 virtutum
3338 4787 3523 4841 divina:

1947 4854 2124 4923 gratia:
2148 4852 2492 4924 deputandum
2518 4868 2537 4906 :
2560 4853 2698 4923 quod
2738 4863 2791 4907 ct
2818 4852 2913 4907 nos
2938 4856 3330 4924 promptissime
3355 4857 3524 4915 conﬂ:

1951 4922 2141 4997 temur.
2170 4922 2238 4977 Et
2263 4922 2693 4997 commemoratis
2712 4926 2969 4997 exemplis
2996 4925 3061 4981 de
3086 4922 3296 4981 Balaam
3318 4969 3332 4992 ,
3360 4944 3518 4997 quem

1947 4995 2212 5049 volentem
2266 4992 2444 5048 lsraeli
2475 4995 2828 5059 maledicere,
2858 4992 3005 5050 Deus.
3038 4997 3088 5049 in
3138 4992 3524 5055 benedictionis

1947 5064 2106 5118 verba
2134 5064 2466 5120 transtulerit
2482 5062 2688 5139 _(Num._
2703 5064 2881 5139 xxiii);
2895 5075 2963 5139 _et
2988 5066 3052 5120 de
3079 5068 3409 5139 Abimelech,
3430 5070 3517 5139 qui

1948 5148 2168 5213 peccare
2196 5150 2305 5213 non.
2328 5134 2715 5213 permissussit
2739 5134 3107 5213 iniiebeccam
3130 5138 3151 5169 ⁸
3170 5137 3318 5213 (an.
3346 5134 3525 5211 xxvi);

1945 5212 2000 5260 et
2038 5204 2105 5258 de
2132 5203 2380 5273 Joseph'a
2409 5204 2655 5276 fratribus
2683 5205 2897 5260 vendito
2915 5248 2931 5271 ,
2953 5203 3392 5276 quorum'inalam
3420 5203 3517 5263 vo;

1945 5279 2214 5350 luntatem_
2236 5275 2288 5328 in
2327 5275 2693 5350 bonumDeus
2718 5275 3068 5350 verteritt’ld.
3097 5282 3361 5350 xxxvn-L)
3392 5297 3403 5332 :
3436 5296 3520 5334 re.-

1945 5345 2110 5400 currit
2151 5344 2705 5415 ad~conhrmationem
2753 5344 3076 5402 deﬁnitionis
3110 5364 3260 5415 suae,
3294 5344 3516 5404 utlibe-

1944 5414 2557 5490 rmn_arbi_trium,quod
2581 5418 2763 5490 gratia:
2792 5433 2851 5473 se
2885 5417 3021 5490 dicit,
3045 5414 3285 5489 jungere,
3313 5435 3340 5472 a
3368 5433 3518 5490 parte

1944 5486 2169 5555 quadam
2198 5486 2411 5542 humani
2442 5486 2665 5557 generis
2685 5530 2698 5551 ,
2727 5498 2978 5558 quantum
3012 5486 3061 5541 in
3107 5486 3220 5557 ipso
3262 5500 3343 5545 est
3368 5486 3503 5546 antes

1945 5567 2059 5622 rat,
2091 5566 2143 5611 et
2182 5558 2235 5610 in
2281 5558 2508 5627 quadam
2568 5569 2716 5628 parte
2768 5559 3086 5621 constituat,
3132 5560 3352 5615 dicens:
3388 5560 3515 5616 Παῖς

2007 5650 2024 5680 ι
2050 5651 2344 5701 Posteriores
2368 5649 2627 5711 editiones,
2658 5647 2819 5701 Trahit
2854 5648 3103 5702 delectatio
3126 5650 3359 5704 lectionis.

2006 5714 2027 5781 ξ
2054 5718 2130 5781 iis.
2156 5714 2292 5781 Corb.
2320 5718 2371 5761 et
2396 5714 2512 5781 e_dit-
2539 5719 2683 5781 Μοὲζορ
2702 5712 2984 5781 ίη.Ῑαείεη²·.

2009 5773 2029 5836 Ξ
2054 5775 2349 5823 Posteriores
2373 5773 2634 5836 editiones,
2651 5775 2703 5825 in
2718 5773 2829 5824 sinu
2854 5773 3024 5826 Patris.

2009 5834 2027 5866 ἰ
2055 5837 2350 5887 Posteriores
2371 5834 2626 5901 editiones,
2652 5845 2837 5887 Soram.
