4030 6458
490 461 642 530 1839

491 585 638 659 quod
667 585 720 642 in
750 583 955 659 semine
992 581 1107 652 ejus
1143 577 1523 659 benedicendum:
1553 587 1733 634 essent
1762 593 1950 635 omnes
1983 581 2079 633 tri-

402 666 411 685 ί
490 652 596 715 bus
622 665 777 712 terrze
807 654 960 724 (Gen.
988 652 1257 724 mnis).

566 729 686 784 0m.
729 720 994 793 XfQuod
1030 720 1347 794 quibusdam
1383 721 1655 794 Evangelii
1699 720 2006 794 praedicatio
2050 737 2082 776 a

491 800 722 858 Domino
751 792 1111 862 subtrahatur,
1146 811 1212 850 ne
1240 803 1491 866 percepta
1521 793 1794 864 Evangelii
1825 792 2082 863 prredica-

492 871 642 927 tione
667 868 960 924 salventur.

566 941 729 998 Res».
773 939 828 992 Si
865 937 1077 1008 probari
1111 935 1477 1008 potest,_quod
1505 951 1569 991 ex
1599 950 1707 1008 quo
1735 935 2078 1008 Evangelium

491 1011 835 1086 praedicatur,
867 1006 1026 1064 nemo
1059 1006 1278 1086 prorsus
1303 1006 1497 1073 fuerit,
1529 1008 1611 1062 cui
1631 1006 1934 1086 christiana
1959 1022 2078 1075 gra-

493 1077 570 1138 iia
598 1083 911 1138 annuntiata
939 1095 1046 1136 non
1065 1077 1235 1135 fuerit
1259 1096 1273 1144 ;
1307 1094 1412 1132 non
1444 1088 1588 1134 recte
1613 1077 1808 1132 dicitur
1838 1077 2076 1140 tacitum,

494 1153 641 1225 _quod
663 1152 967 1225 ostenditur
992 1150 1354 1225 pratdicatnm.
1385 1150 1652 1225 siautem
1673 1148 1852 1219 aliquo
1881 1146 2075 1225 modo}

492 1217 838 1280 inveniuntur
878 1217 1143 1285 homines,
1171 1221 1364 1291 quibus
1403 1217 1881 1291 Evangeliumiion
1923 1217 2082 1271 fuerit

493 1295 868 1366 praedicatum;
898 1309 999 1366 non
1024 1289 1201 1364 potest
1223 1291 1329 1366 dici
1357 1291 1473 1366 sine
1491 1290 1692 1366 judicio
1719 1291 1809 1343 Dei
1839 1289 2036 1344 factum
2065 1305 2077 1340 :

493 1362 640 1436 quod
665 1364 811 1420 nefas
836 1374 917 1418 est
941 1362 1062 1419 ideo
1089 1362 1429 1434 reprehendi,
1456 1362 1577 1432 quia
1605 1376 1708 1415 non
1739 1369 1913 1430 potest
1935 1375 2080 1414 com-

535 1436 772 1492 reliendi.

492 1451 825 1563 prgﬁiaiil.
867 1504 1016 1572 Quod
1065 1520 1160 1574 per
1203 1503 1488 1574 potentiam
1537 1503 1677 1558 Deus
1725 1501 1971 1556 homines
2015 1499 2080 1554 ad

492 1589 712 1649 peccata
742 1577 1045 1649 compellat.

568 1649 730 1704 anv.
772 1642 957 1703 Nullus
998 1646 1380 1702 catholicorum
1425 1645 1558 1699 dixit
1598 1653 1691 1698 aut
1730 1643 1889 1707 dicit,
1938 1642 2080 1712 quod

493 1719 639 1775 Deus
673 1720 918 1774 homines
960 1717 1043 1788 pie
1071 1726 1320 1786 recteque
1346 1716 1606 1788 viventes,
1646 1730 1740 1785 per
1792 1715 2079 1784 potentiam

495 1790 550 1844 in
581 1799 795 1858 peccata
823 1785 1128 1858 compellat,
1154 1797 1206 1842 et
1234 1785 1549 1842 innocentiae
1574 1785 1820 1858 humanae
1847 1793 2081 1854 potestas
2125 1839 2130 1844 ,

494 1857 671 1915 divina
701 1861 806 1915 vim
837 1857 1024 1923 faciat,
1055 1868 1112 1913 ut
1135 1873 1253 1914 eam
1273 1874 1302 1912 a
1325 1858 1596 1928 proposito
1621 1857 1774 1911 bonae
1795 1869 2080 1928 conversa-

493 1931 656 1986 tionis
679 1931 932 1986 excutiat.
960 1929 1078 1985 Non
1104 1936 1229 1982 sunt
1255 1925 1350 1983 Dei
1381 1925 1544 1997 opera
1577 1929 1695 1988 ista,
1725 1927 1818 1980 sed
1845 1925 2038 1980 diaboli
2061 1943 2075 1990 ;

493 2003 646 2070 cujus
682 2001 931 2073 gaudium
958 2011 1040 2055 est
1070 2000 1220 2055 ruina
1255 2007 1561 2073 sanctorum
1587 1997 1719 2073 :_sed
1755 1997 2081 2073 allevat__Do-

491 2067 890 2128 mi'nus'omncs
931 2073 1019 2142 qui
1061 2081 1350 2142 corruunt,
1391 2078 1446 2124 et
1489 2069 1652 2142 erigit,
1682 2084 1868 2123 omnes
1913 2067 2077 2142 elisos

492 2143 855 2212 (Ρωμαίων,
889 2137 1016 2211 14⁷);
1048 2142 1236 2211 quibus
1262 2139 1354 2195 dat
1380 2137 1764 2212 paenitentiam,
1791 2147 1854 2212 _ut
1881 2137 2075 2212 resipi-_

493 2209 647 2270 Scant
684 2230 714 2267 a
751 2214 946 2268 diaboli
965 2209 1212 2282 laqueis,
1243 2227 1273 2264 a
1301 2227 1415 2282 quo
1436 2211 1632 2282 captivi
1666 2209 1984 2282 tenebantur
2011 2209 2077 2282 ad

492 2285 663 2356 ipsius
693 2287 1018 2340 voluntatem
1045 2279 1118 2352 (ll
1143 2281 1278 2356 Tim.
1313 2279 1375 2356 it,
1397 2281 1488 2356 ‘2‘9’,
1518 2280 1633 2356 ‘26).
1665 2281 1799 2356 Cum
1829 2279 2078 2356 vero_a_l_i-

493 2350 632 2426 quos
658 2372 686 2409 a
720 2357 827 2410 Deo
856 2364 956 2410 aut'
976 2350 1199 2408 traditos
1229 2353 1510 2426 desideriis
1536 2350 1648 2407 suis
1679 2351 1854 2426 (Rom.
1889 2367 1925 2415 t,
1954 2350 2072 2426 24),

491 2423 588 2481 aut
616 2426 906 2482 obduratos
931 2426 1176 2490 legimus,
1209 2432 1299 2476 aut
1328 2423 1540 2478 relictos
1565 2440 1579 2487 ;
1612 2424 1818 2490 magnis
1849 2423 2078 2491 peccatis

491 2498 606 2552 suis
631 2497 731 2553 hoc
760 2498 904 2566 ipsos
932 2495 1193 2550 meruisse
1219 2493 1531 2566 profitemur
1559 2509 1572 2545 :
1597 2493 1718 2562 quia
1747 2493 1866 2566 talia
1893 2507 2076 2566 eorum

492 2567 719 2624 crimina
746 2562 1154 2638 prgecesserunt,
1186 2575 1245 2618 ut
1275 2564 1374 2634 ipsi
1398 2564 1496 2618 sibi
1526 2578 1709 2638 ptnnas
1734 2562 2073 2638 debuerint”,

489 2655 614 2710 quas
636 2639 716 2695 eis
739 2634 899 2710 etiam
916 2637 1242 2710 supplicium
1270 2643 1539 2710 verterent
1566 2635 1619 2688 in
1648 2643 1874 2710 reatum.
1904 2634 2078 2710 Atque

490 2705 568 2765 i'ta
595 2725 695 2765 nec
724 2709 790 2764 de
813 2708 1012 2778 judicio
1032 2705 1147 2778 Dei
1165 2705 1456 2778 querimur,
1492 2720 1598 2778 quo
1629 2705 1827 2778 deserit
1857 2705 2076 2778 meritos

490 2779 708 2845 deseri;
740 2791 794 2834 et
815 2774 1202 2833 misericordiae
1231 2775 1347 2846 ejus
1373 2774 1573 2846 gratias
1597 2776 1827 2845 agimus,
1867 2789 1969 2846 qua
2006 2774 2075 2830 li-

488 2850 644 2906 berat
671 2866 777 2905 non
804 2853 1024 2904 meritos
1053 2846 1285 2902 liberari.

563 2921 684 2976 0m.
719 2919 830 2975 ΧΠ.
863 2917 1014 2985 Quod
1041 2917 1359 2988 quibusdam
1387 2916 1609 2979 vocatis,
1640 2915 1810 2988 etpie
1827 2915 2077 2988 justeque

488 2991 797 3048 viventibus
830 2984 1132 3046 obedientia
1163 2987 1506 3042 subtrahatur
1529 3029 1544 3054 ,
1576 2996 1634 3041 ut
1662 2984 1882 3042 obedire
1933 2984 2077 3042 desi-

488 3073 654 3118 stant.

563 3134 724 3190 Resr.
766 3133 822 3190 Si
851 3132 995 3187 Deus
1024 3130 1294 3186 hominem
1324 3128 1426 3184 sibi
1453 3127 1790 3184 obedientem
1823 3142 1851 3181 a
1881 3127 2077 3197 pietate

488 3205 778 3271 deturbat,
810 3212 862 3258 et
898 3204 1036 3258 bene
1071 3209 1376 3256 currentem
1406 3200 1597 3254 cadere
1633 3200 1792 3264 facit;
1823 3214 1950 3271 ergo
1980 3214 2077 3271 pro

489 3275 648 3330 bonis
686 3268 823 3329 mala
858 3273 1136 3337 retribuit,
1169 3281 1225 3326 et
1260 3271 1454 3339 injuste
1493 3271 1676 3340 punit,
1719 3268 1860 3336 quod
1895 3268 1956 3322 ut
1985 3270 2078 3323 fiat

488 3346 734 3416 impellit.
767 3344 903 3416 Quid
931 3352 1036 3397 tam
1070 3357 1398 3416 perversum,
1435 3341 1558 3416 quid
1588 3352 1694 3394 tam
1725 3341 1966 3416 insanum
1995 3341 2077 3394 di-

488 3419 538 3470 ci
569 3409 659 3470 aut
685 3409 904 3485 cogitari
938 3409 1153 3482 potest?
1182 3413 1288 3485 Sed
1326 3409 1570 3485 intalem
1601 3427 1817 3466 sensum
1853 3409 2073 3485 trahun-

488 3496 600 3551 tur,
650 3488 737 3555 qui
757 3483 970 3556 _putant
1016 3485 1066 3537 in
1110 3483 1358 3538 omnibus
1394 3483 1495 3556 hoc
1531 3497 1648 3536 esse
1683 3483 2075 3552 praiscicntiam

490 3557 609 3623 Dei,
632 3554 852 3628 quodet
874 3555 1196 3628 voluntatem
1222 3572 1236 3608 :
1260 3569 1380 3628 eum
1403 3554 1646 3628 voluntas
1667 3556 1781 3621 ejus
1806 3569 2072 3628 nunquam

488 3629 621 3682 velit
647 3624 747 3682 nisi
779 3629 951 3690 bona;
980 3625 1314 3696 prrescientia
1343 3633 1518 3696 autem
1547 3634 1602 3678 et
1627 3624 1763 3677 bona
1791 3624 1999 3678 noverit
2023 3634 2078 3678 et

486 3699 630 3753 mala
654 3715 668 3751 :
694 3697 787 3753 sed
817 3693 1121 3765 bona,'quaz
1145 3706 1236 3749 aut
1257 3697 1369 3764 ipse
1396 3693 1572 3760 faciat,
1599 3703 1690 3748 aut
1715 3696 1875 3750 etiam
1902 3704 1958 3747 ut
1980 3709 2077 3749 nos

488 3767 748 3823 faciamus
767 3811 782 3836 ,
817 3768 1050 3836 impertit
1071 3767 1131 3832 ³;
1161 3767 1296 3820 mala
1324 3775 1499 3819 autem
1523 3806 1536 3829 ,
1567 3780 1684 3834 quae
1714 3765 1932 3836 omnino
1963 3766 2076 3832 ipse

488 3854 598 3894 non
625 3835 775 3906 fecit,
799 3835 972 3908 neque
996 3837 1110 3892 fieri
1135 3838 1322 3908 suasit,
1346 3846 1438 3891 aut
1463 3837 1688 3908 impulit.
1721 3835 1873 3890 Vires
1901 3836 2076 3905 itaque

489 3911 807 3966 obedientize
839 3907 942 3963 non
972 3908 1094 3963 ideo
1129 3907 1376 3978 cuiquam
1420 3907 1720 3970 subtraxit,
1785 3907 1908 3978 quia
1952 3922 2073 3960 eum

491 3996 601 4035 non
633 3981 1070 4050 praedestinavit:
1096 3979 1188 4034 sed
1221 3975 1340 4050 ideo
1364 3993 1501 4050 eum
1523 3994 1627 4032 non
1656 3975 2073 4050 praedestinavit,

489 4054 612 4122 quia
633 4047 972 4122 recessurum
1005 4051 1073 4122 ab
1097 4050 1208 4122 ipsa
1239 4049 1541 4122 obedientia
1571 4062 1690 4102 esse
1720 4047 1977 4122 praevidit,

562 4122 680 4177 Ou.
725 4121 856 4177 Xlll.
894 4119 1046 4187 Quod
1073 4120 1283 4188 quidam
1309 4120 1550 4173 homines
1573 4135 1675 4172 non
1701 4119 1765 4172 ad
1791 4119 1890 4172 hoc
1912 4135 1940 4171 a
1968 4119 2076 4174 Deo

489 4194 657 4247 creati
683 4201 826 4257 sunt,
857 4202 912 4245 ut
940 4192 1098 4260 vitam
1127 4190 1552 4260 adipiscerentur
1578 4199 1866 4255 azternam;
1895 4191 1988 4244 sed
2021 4198 2076 4244 ut

487 4262 728 4317 habitum
772 4259 1138 4316 tantummodo
1173 4259 1350 4315 saiculi
1392 4261 1673 4331 praesentis
1711 4271 1981 4326 ornarent,
2023 4269 2077 4314 et

489 4333 555 4387 ad
585 4333 860 4387 utilitatem
893 4339 1238 4386 nascerentur
1262 4331 1507 4385 aliorum.

561 4404 723 4458 Resp.
771 4403 1059 4460 Universos
1107 4402 1350 4456 homines
1397 4417 1500 4454 non
1547 4401 1852 4471 ignoramus
1895 4416 1924 4455 a
1967 4401 2076 4458 Deo

487 4475 796 4544 singillatim
825 4474 992 4544 creari
1017 4513 1034 4539 ,
1066 4481 1118 4528 et
1146 4473 1212 4527 de
1263 4473 1360 4527 hac
1407 4473 1751 4526 universitate
1791 4472 1953 4544 aliosi
1972 4472 2075 4544 da-

485 4543 751 4600 mnandos
767 4559 885 4600 cum
903 4543 1133 4606 diabolo,
1151 4545 1282 4597 alios
1309 4552 1620 4614 regnaturos
1649 4558 1893 4614 essecum
1922 4543 2076 4614 Chri-

487 4626 592 4671 sto.
625 4615 776 4684 Quod
813 4630 940 4684 ergo
977 4614 1137 4669 etiam
1173 4613 1226 4667 lii
1263 4613 1533 4676 creantur.
1573 4613 1665 4684 qui,
1702 4623 1916 4668 aeterna:
1953 4613 2074 4669 vitae

487 4683 774 4756 participes
803 4683 906 4740 non
934 4694 1129 4749 erunt,
1173 4684 1312 4738 nulla
1335 4696 1429 4756 est
1462 4683 1614 4754 culpa
1646 4683 1915 4740 Creatoris
1935 4726 1950 4750 ,
1983 4686 2072 4754 qui

488 4755 695 4813 natura:
733 4765 919 4811 auctor
956 4764 1058 4819 est,
1088 4771 1191 4810 non
1232 4755 1346 4810 vitii
1376 4757 1516 4826 quod
1555 4764 1743 4809 natura
1783 4757 2068 4826 contraxit.

487 4826 679 4883 Ornari
715 4836 892 4882 autem
925 4827 1084 4882 etiam
1124 4826 1304 4880 talium
1347 4825 1875 4896 cenditionemundi
1910 4825 2074 4896 hujus

484 4900 840 4966 varietatem,
871 4899 988 4968 quis
1019 4912 1124 4952 non
1154 4897 1411 4967 intelligat
1438 4939 1450 4960 ,
1484 4897 1573 4967 qui
1599 4895 1775 4950 videat
1803 4895 1995 4950 studiis
2019 4905 2074 4952 et

487 4969 741 5042 operibus
778 4969 1126 5042 quorumdam
1160 4969 1453 5042 impiorum
1495 4977 1595 5042 tot,
1621 4968 1900 5042 commoda
1951 4969 2072 5022 vita:

485 5039 767 5110 przesentis
797 5041 1050 5094 instructa
1078 5041 1131 5094 in
1158 5039 1462 5094 inventione
1499 5039 1728 5110 artium,
1758 5039 1808 5092 in
1850 5047 2071 5110 exstru-

485 5107 668 5166 ctione
695 5111 926 5174 urbium,
947 5112 996 5163 in
1028 5111 1404 5164 constitutione
1435 5111 1628 5180 legum,
1662 5107 1714 5163 in
1735 5108 2071 5164 confwdera-

485 5183 634 5237 tione
660 5181 1014 5252 populorum?
1039 5179 1188 5249 Quod
1217 5181 1260 5235 si
1284 5179 1559 5251 quaeritur,
1589 5196 1654 5234 an
1682 5181 1748 5235 de
1774 5181 1907 5242 istis,
1936 5196 2072 5304 quos

485 5267 516 5304 a
560 5268 685 5304 vera
731 5252 987 5304 religione
1031 5252 1224 5304 imoius
1266 5268 1417 5304 error
1454 5251 1664 5304 avertit.
1709 5251 1906 5304 aliuuid
1981 5251 2068 5304 oni

484 5267 516 5307 a
560 5251 685 5306 vera
731 5252 987 5321 religione
1031 5252 1224 5319 impius
1266 5268 1417 5307 error
1454 5251 1664 5316 avertit,
1709 5251 1906 5320 aliquid
1945 5251 2068 5306 boni

483 5323 813 5395 profectibus
838 5331 1142 5395 sanctorum
1168 5330 1230 5395 et
1248 5323 1589 5395 incrementis
1614 5323 1867 5395 Ecclesiae
1896 5324 2071 5391 provi-

485 5393 665 5450 dentia
685 5394 860 5448 divina
883 5393 1199 5447 contulerit:
1221 5393 1530 5460 inspiciatur
1551 5398 1778 5463 primum
1803 5393 1914 5462 ipsa
1937 5408 2068 5448 crux

483 5465 680 5520 Christi
706 5507 721 5530 ,
765 5465 816 5519 in
855 5479 955 5534 qua
986 5479 1179 5534 magno
1205 5464 1404 5534 scelere
1427 5463 1734 5518 Judaeorum
1764 5465 2068 5520 misericors

482 5537 730 5594 voluntas
754 5533 948 5600 Dei,’ut
969 5550 1066 5606 pro
1082 5533 1452 5604 redemptione
1473 5543 1652 5590 nostra
1682 5534 1868 5590 unicus
1894 5535 2068 5590 Filius

547 5719 563 5751 ί
617 5718 920 5780 Remigianus
981 5721 1061 5767 Ms.
1114 5715 1177 5766 ab
1217 5714 1413 5779 antiqua
1450 5727 1593 5764 manu
1641 5719 1927 5774 correctus,
1971 5709 2064 5762 ali-

477 5782 724 5910 quﬂilliiin
758 5841 914 5910 _codex
939 5848 1205 5910 correctus,
1243 5853 1386 5910 patrui
1399 5837 1509 5905 ﬁeri
1550 5839 1849 5910 debuerint:
1945 5901 1954 5910 .

475 5973 510 6011 η
539 5902 560 5932 ³
594 5906 728 5964 aliti,
753 5904 969 5965 imperat.
996 5900 1296 5966 Castigantur
1330 5900 1409 5953 ad'
1429 5904 1803 5964 manusuiptum
1829 5900 2063 5962 Remigia-

511 5974 608 6013 um.

1657 461 2055 523 APPENDICIS
2093 459 2270 522 PARS
2308 461 2588 520 TERTIA.

3647 463 3787 522 1840

2188 577 2306 649 ejus
2334 578 2704 650 occideretur,
2743 573 2959 650 impleta
2987 585 3090 633 est.
3133 572 3450 650 Inspiciatur
3483 578 3779 650 Apostolo-

2190 665 2306 704 rum
2331 649 2560 719 gloriosa
2587 650 2888 713 tolerantia,
2915 649 3054 704 inter
3072 649 3508 719 persequentium
3531 649 3782 706 fremitus

2189 721 2444 775 unianimi
2472 721 2489 752 ⁸
2515 720 2584 774 ad
2625 721 2792 775 Deum
2830 735 2962 776 voce
3004 721 3348 774 clamantium
3379 738 3391 773 :
3425 719 3780 775 Convenerunt

2189 791 2319 846 enim
2362 807 2474 847 vere
2517 792 2568 845 in
2612 791 2808 845 civitate
2845 791 2974 858 ista,
3021 792 3260 846 adversus
3297 800 3530 846 sanctum
3565 809 3781 860 puerum

2189 873 2327 916 tuum
2346 862 2544 928 Iesum,
2571 880 2714 933 quem
2742 863 2950 933 tinxisti,
2981 861 3210 917 Herodes
3235 873 3280 917 et
3303 860 3522 916 Pontius
3549 861 3777 929 Pilatus,

2187 951 2302 987 cum
2328 933 2553 1006 gentibus
2583 932 2628 986 et
2657 932 2858 1006 pupulis
2889 932 3071 998 Israel,
3106 944 3170 1006 rut
3200 936 3424 1006 {narrent
3453 949 3567 1006 qun:
3595 951 3782 1006 manus

2189 1014 2277 1058 tua
2304 1003 2349 1058 et
2375 1003 2642 1058 consilium
2678 1003 3046 1074 praedestinavit
3080 1003 3372 1075 [ieri'(Act.
3420 1020 3491 1068 tv,
3531 1004 3626 1071 27,
3661 1005 3781 1072 28).

2190 1075 2541 1147 Inspiciantur
2570 1075 2800 1147 denique
2836 1075 3303 1131 innumerabilium
3337 1085 3631 1147 martyrum
3667 1080 3782 1144 pal-

2189 1163 2312 1214 mze,
2343 1146 2536 1214 quibus
2569 1146 2636 1200 de
2673 1146 3036 1201 crudelissima
3079 1147 3368 1201 infidelium
3411 1146 3614 1201 saivitia
3654 1149 3782 1202 l‘clix

2189 1227 2272 1272 est
2300 1217 2488 1272 collata
2518 1218 2760 1288 victoria.
2790 1217 3057 1272 Audiatur
3085 1218 3243 1272 etiam
3273 1219 3561 1288 Apostolus
3593 1220 3783 1272 Eccle-

2190 1289 2321 1342 siam
2373 1288 2465 1342 Dei
2503 1287 2569 1342 ad
2614 1291 3064 1358 perseverantiam
3106 1287 3331 1357 pietatis
3362 1290 3666 1344 instituens.
3721 1289 3784 1344 In

2187 1358 2330 1413 nullo
2354 1399 2367 1422 ,
2405 1359 2613 1426 inquit,
2655 1359 2941 1413 terreamini
2967 1359 3027 1413 ab
3054 1360 3358 1414 adversariis
3379 1401 3394 1422 ,
3434 1377 3548 1426 qua:
3573 1371 3648 1414 est
3679 1361 3785 1414 illis

2189 1447 2342 1483 causa
2386 1429 2700 1498 perditionis,
2739 1430 2875 1484 vobis
2911 1441 3081 1485 autem
3114 1431 3312 1495 salutis,
3357 1441 3406 1484 et
3443 1432 3538 1485 hoc
3578 1448 3610 1484 a
3646 1430 3779 1485 Deo.

2199 1499 2348 1553 Vobis
2388 1503 2519 1573 enim
2557 1500 2799 1555 donatum
2837 1511 2906 1554 est
2946 1519 3036 1573 pro
3066 1499 3262 1556 Christo
3293 1519 3393 1556 non
3429 1505 3597 1573 solum
3629 1513 3687 1555 ut
3729 1504 3785 1556 in

2189 1571 2567 1644 eumcredatis,
2595 1573 2687 1644 sed
2712 1573 2862 1625 etiam
2890 1571 2954 1626 ut
2979 1590 3072 1644 pro
3100 1573 3190 1626 illo
3216 1574 3481 1642 patiamini
3511 1572 3780 1643 (Philipp.

2187 1657 2227 1703 ι.
2254 1641 2345 1703 28.
2371 1640 2440 1695 29
2462 1643 2502 1712 ).
2535 1643 2608 1697 De
2640 1643 2741 1697 illis
2765 1640 3276 1712 quoque'erroribus
3303 1640 3593 1699 consulens
3621 1640 3784 1699 nobis

2189 1713 2281 1766 Dei
2322 1712 2530 1767 bonitas
2568 1714 2860 1779 sentiatur,
2888 1730 3023 1783 quos
3055 1716 3192 1768 Deus
3229 1718 3280 1767 in
3321 1715 3554 1769 Ecclesia
3587 1725 3782 1770 contra

2188 1783 2477 1838 Ecclesiam
2509 1784 2745 1853 permisit
2770 1799 3058 1853 exsurgere
3084 1803 3096 1838 :
3123 1802 3224 1838 non
3256 1787 3438 1854 utique
3463 1801 3556 1840 eos
3583 1801 3784 1841 creans

2186 1864 2278 1908 aut
2307 1856 2508 1926 fovens,
2536 1854 2630 1910 sed
2660 1871 2752 1923 per
2779 1855 2922 1923 ipsos
2946 1856 3271 1926 diligentiam
3298 1856 3529 1911 filiorum
3558 1874 3781 1913 suorum

2187 1926 2252 1980 ad
2282 1925 2673 1996 inquisitionem
2701 1935 2754 1979 et
2781 1925 3076 1981 custodiam
3110 1928 3344 1981 veritatis
3371 1943 3668 1993 exercens;
3697 1929 3785 1982 di-

2188 2007 2342 2068 cente
2369 1998 2646 2065 Apostolo,
2679 1997 2886 2067 Oportet
2909 1998 3122 2052 ha'reses
3149 2015 3281 2060 esse,
3311 2009 3362 2051 ut
3387 2001 3585 2068 probati
3610 2001 3781 2053 mani-

2186 2067 2300 2139 festi
2329 2068 2454 2139 ﬁant
2483 2068 2533 2120 in
2563 2068 2698 2121 vobis
2727 2071 2744 2137 (
2773 2068 2792 2122 ι
2822 2067 2938 2122 Cor.
2969 2085 3042 2131 χι,
3080 2070 3144 2122 19
3167 2069 3207 2138 ).
3237 2067 3367 2136 Quis
3388 2067 3575 2123 autem
3605 2072 3783 2139 respi-

2186 2137 2334 2193 ciens
2360 2137 2425 2191 ad
2468 2139 2718 2194 tenebras
2762 2139 3044 2206 impiorum
3069 2181 3085 2206 ,
3128 2137 3181 2194 et
3219 2140 3286 2193 ad
3329 2137 3780 2196 illuminationem

2186 2207 2456 2281 ﬁliorum,
2494 2225 2598 2281 non
2625 2209 2690 2262 ad
2725 2211 2922 2279 gratias
2958 2210 3191 2281 agendas
3235 2212 3382 2276 Deo,
3425 2227 3490 2264 ex
3531 2212 3643 2280 ipsa
3685 2213 3783 2266 fiat

2185 2280 2466 2352 collatione
2494 2280 2816 2352 ferventior;
2855 2291 2908 2335 et
2935 2280 3165 2335 in'ruina
3200 2283 3534 2352 pereuntium
3563 2282 3778 2350 discat,

2186 2350 2236 2423 in
2266 2366 2382 2423 qua:
2405 2352 2541 2404 mala
2573 2367 2664 2418 per
2691 2350 2912 2423 liberum
2944 2350 3222 2423 arbitrium
3249 2363 3446 2415 rueret,
3477 2353 3577 2406 nisi
3605 2355 3654 2407 ei
3681 2370 3783 2423 per

2187 2419 2467 2546 borniynum
2496 2432 2736 2477 nostrum
2761 2420 2943 2476 Jesum
2969 2422 3241 2478 Christum
3269 2423 3360 2477 Dei
3386 2424 3554 2493 gratia
3579 2419 3778 2480 subve-

2187 2507 2299 2546 mre

2185 2491 2322 2546 niret

2255 2561 2375 2635 Οω.
2416 2561 2555 2618 XIV.
2597 2562 2748 2629 Quod
2783 2565 2869 2635 qui
2905 2565 3225 2634 evangelicae
3263 2563 3630 2635 praadicalioni
3664 2582 3772 2621 non

2185 2633 2429 2707 credunt,
2453 2635 2638 2707 exDei
2663 2633 3124 2703 praedestinatione
3149 2633 3492 2690 nou’credaut
3520 2647 3605 2691 :et
3629 2638 3775 2707 quod

2185 2702 2326 2779 Deus
2352 2706 2419 2758 ita
2447 2702 2732 2779 definierit,
2761 2714 2818 2759 ut
2845 2707 3164 2779 quicumque
3190 2722 3294 2762 non
3322 2707 3570 2776 credunt,
3596 2702 3664 2764 ex
3690 2709 3776 2779 ip-

2183 2775 2297 2830 sius
2323 2776 2700 2830 constitutione
2732 2792 2834 2830 llOll
2866 2777 3104 2831 credant.

2252 2844 2416 2902 ﬁsse.
2438 2844 2723 2920 Infidelitas
2742 2863 2848 2920 non
2865 2847 3198 2920 credentium
3225 2848 3515 2919 Evangelio
3541 2861 3774 2920 ‘nequa-

2185 2932 2343 2987 quam
2377 2932 2456 2989 ex
2499 2918 2592 2972 Dei
2639 2918 3104 2986 praedestinatione
3153 2918 3458 2989 generatur.
3494 2918 3773 2976 Bonorum

2185 2989 2327 3043 enim
2375 2988 2514 3043 Deus
2541 2998 2728 3044 auctor
2754 2999 2856 3054 est,
2906 3006 3012 3044 non
3046 2988 3329 3046 malorum.
3356 2990 3775 3048 Praedestinatio

2185 3058 2344 3128 igitur
2370 3059 2462 3114 Dei
2493 3074 2705 3128 semper
2729 3060 2780 3112 in
2818 3060 2960 3114 bono
2995 3071 3096 3127 est,
3139 3070 3233 3116 aut
3261 3062 3327 3115 ad
3355 3064 3775 3119 retributionem

2179 3128 2422 3198 justitiae,
2463 3138 2556 3204 aut
2601 3132 2667 3204 ad
2717 3130 3374 3204 donationempertinens
3403 3136 3609 3204 gratiae.
3648 3135 3777 3191 Uni-
3810 3160 3816 3166 ο

2186 3215 2355 3255 versa:
2408 3200 2549 3255 enim
2595 3203 2695 3256 vite
2755 3202 2961 3256 Domini
3021 3200 3509 3260 misericordia'et
3570 3207 3776 3262 veritas

2189 3269 2536 3345 (Psalnxxw,
2563 3271 2936 3345 10).7Proinde
2962 3274 3243 3329 infidelitas
3273 3291 3380 3329 non
3403 3275 3773 3344 credentium,

2185 3357 2293 3416 non
2321 3341 2386 3416 ad
2425 3341 2856 3416 constitutionem
2876 3345 2976 3416 Dei
2997 3387 3010 3411 ,
3039 3345 3134 3400 sed
3161 3345 3227 3398 ad
3256 3347 3654 3416 praescientiam
3680 3341 3777 3402 re;

2184 3411 2399 3467 ferenda
2425 3425 2525 3468 est.
2552 3414 2682 3482 Qum
2703 3429 2807 3468 non
2840 3415 2958 3470 ideo
2988 3411 3362 3470 necessitaicm
3388 3432 3493 3472 non
3513 3419 3781 3474 credendi

2185 3485 2380 3549 intulit,
2409 3485 2661 3557 quia_la|li
2687 3484 2754 3540 de
2777 3500 2838 3540 ea
2863 3527 2881 3553 ,
2925 3502 3046 3557 qua:
3069 3485 3243 3542 futura
3271 3496 3386 3542 erat
3410 3530 3426 3553 ,
3453 3489 3781 3545 infidelitate

2185 3569 2290 3628 non
2322 3555 2509 3621 potuit.
2535 3555 2693 3628 Fides
2728 3565 2905 3612 autem
2935 3555 2988 3612 et
3015 3560 3293 3613 citaritatis
3321 3574 3505 3628 opera,
3527 3570 3694 3628 atque
3722 3563 3783 3616 in

2183 3626 2277 3702 eis
2305 3642 2474 3702 usque
2496 3628 2546 3680 in
2577 3627 2736 3702 finem
2767 3630 3165 3696 perseverantia
3190 3670 3206 3696 ,
3247 3626 3372 3702 quia
3420 3626 3626 3686 homini
3675 3647 3786 3702 per

2188 3696 2280 3751 Dei
2300 3699 2530 3770 gratiam
2574 3697 2951 3765 conferuntur,
2988 3708 3132 3755 recte
3161 3709 3216 3754 et
3260 3696 3373 3769 ipsa
3396 3741 3412 3768 ,
3444 3710 3499 3755 et
3527 3717 3650 3770 qua:
3675 3696 3784 3758 ἐἰς

2183 3767 2526 3822 retribueuda
2555 3778 2698 3836 sunt,
2731 3771 3101 3838 pmdestinata
3127 3767 3403 3834 dicuntur,
3428 3788 3492 3826 ex
3525 3767 3787 3827 auctori-

2185 3846 2292 3913 tate
2319 3840 2560 3913 Apostoli
2583 3881 2597 3905 ,
2629 3841 2718 3907 qui
2749 3841 2826 3894 ait
2855 3857 2868 3888 τ
2897 3838 3198 3913 GratiaDei
3219 3841 3343 3895 salvi
3383 3843 3505 3913 facti
3529 3845 3650 3898 estis
3680 3862 3790 3913 per

2183 3909 2374 3977 ﬁdem;
2403 3919 2455 3977 ει
2481 3910 2574 3963 hoc
2595 3927 2694 3964 non
2717 3927 2778 3965 ex
2804 3911 2940 3965 vobis
2961 3953 2975 3976 ,
3005 3911 3095 3965 sed
3141 3911 3236 3965 Dei
3280 3909 3472 3966 donum
3515 3925 3588 3967 est
3616 3930 3635 3968 :
3664 3909 3786 3970 rion

2183 3995 2246 4033 ea:
2279 3981 2514 4053 operibus
2537 4022 2552 4047 ,
2593 3997 2655 4035 ne
2683 3984 2812 4052 forte
2857 3983 2970 4053 quis
2997 3981 3289 4037 extollatur.
3320 3982 3493 4053 Ipsius
3519 3987 3654 4039 enim
3682 4004 3786 4040 su-

2183 4066 2293 4126 mus
2329 4050 2638 4126 ﬁgmentum,
2664 4050 2822 4126 creati
2855 4050 2908 4108 in
2937 4053 3168 4126 aperibus
3217 4050 3392 4126 bonis,
3420 4071 3533 4126 qua
3561 4074 3788 4126 praepa-

2181 4121 2310 4199 i_~_avit
2357 4121 2534 4199 Deus,
2581 4122 2710 4176 utin
2746 4123 2850 4177 illis
2900 4121 3786 4199 anibulemnsllipltei,"(8-10).

2182 4190 2328 4267 Tam_
2343 4207 2473 4267 ergo
2505 4194 2556 4247 in
2583 4207 2766 4267 errore
2793 4203 2876 4248 est
2897 4235 2910 4258 ,
2939 4195 3028 4267 qui
3061 4190 3426 4251 inﬁdelitatem
3476 4190 3788 4267 impiorum

2182 4261 2247 4338 ad
2296 4261 2389 4317 Dei
2413 4261 2870 4320 constitutionem
2900 4261 3098 4338 refert;
3128 4281 3288 4336 quam
3317 4268 3408 4336 qui
3439 4261 3569 4323 lidei
3608 4269 3791 4338 justi-

2183 4333 2384 4405 tizeque
2404 4345 2732 4400 sanctorum,
2785 4351 2890 4390 non
2945 4336 3110 4391 Deum
3141 4333 3419 4405 proliteiur
3463 4333 3789 4397 auctorem.

2181 4403 2281 4477 Qui
2301 4404 2444 4477 enim
2469 4405 2608 4474 quod
2637 4416 2916 4477 aeneperat
2945 4403 3199 4477 perdidit,
3244 4425 3351 4462 non
3383 4410 3504 4463 inde
3535 4411 3590 4465 id
3631 4415 3791 4467 rcci-

2181 4474 2259 4543 pit
2302 4474 2444 4529 unde
2474 4475 2704 4554 perdidit
2729 4494 2742 4541 ;
2768 4474 2864 4532 sed
2892 4474 2961 4531 ab
3019 4477 3113 4532 illo
3142 4479 3328 4549 recipit
3355 4481 3493 4550 quod
3545 4483 3789 4554 habeat,

2179 4559 2210 4597 a
2232 4558 2337 4618 quo
2359 4548 2500 4618 quod
2526 4547 2705 4602 atnisit
2740 4558 3038 4618 acceperat.

2211 4613 2514 4739 ιίἓξΰῇν.
2545 4618 2699 4686 Quod
2733 4613 2884 4674 idem
2903 4621 2974 4674 sit
3002 4622 3360 4691 prarscientia,
3390 4622 3533 4694 quod
3560 4627 3795 4695 ρηωυ-

2179 4696 2411 4741 stinatio.

2251 4756 2422 4837 Ιῖβερ..
2435 4758 2535 4826 Qui
2561 4761 2946 4837 praescientiam
2976 4762 3068 4837 Dei
3091 4763 3145 4837 in
3173 4764 3316 4837 nullo
3336 4763 3404 4819 ab
3433 4765 3602 4834 ipsius
3625 4782 3796 4837 prm-

2179 4825 2533 4909 destinatione
2547 4825 2814 4909 discernit
2837 4873 2851 4896 ,
2893 4834 3034 4909 quod
3066 4835 3404 4909 tribuendum
3543 4825 3665 4892 Deo
3714 4842 3794 4898 de

2179 4896 2353 4960 bonis.
2390 4901 2489 4953 hoc
2513 4902 2562 4955 ei
2587 4901 2748 4956 etiam
2773 4901 2841 4958 de
2868 4896 3022 4958 malis
3046 4915 3271 4960 conatur
3295 4906 3632 4962 adscribere.
3664 4896 3792 4966 Leti

2177 4981 2296 5048 cum
2339 4969 2497 5048 bona_
2523 4971 2589 5026 ad
2631 4973 2934 5048 largitorem
2966 4987 3512 5048 _cooperatoremque
3573 4995 3795 5038 eorum

2180 5038 2365 5106 Deum,
2399 5042 2534 5096 mala
2567 5038 2744 5097 autem
2779 5044 2845 5099 ad
2897 5038 3250 5100 voluntariam
3293 5038 3575 5103 rationalis
3618 5069 3798 5107 crea-

2179 5119 2309 5187 turae
2337 5113 2923 5187 nequitiamreferenda
2947 5117 3056 5171 sint
3085 5135 3098 5171 :
3129 5117 3351 5174 dubium
3374 5135 3478 5175 non
3512 5130 3622 5187 est,
3657 5127 3797 5180 sine

2177 5181 2282 5235 ulla
2301 5184 2578 5264 temporali
2606 5183 2904 5264 differentia
2935 5187 3103 5243 Deum
3121 5198 3174 5244 et
3194 5191 3476 5264 przescisse
3492 5181 3696 5264 simul,
3735 5207 3802 5252 et

2177 5252 2604 5330 prmdestinasse.
2639 5273 2757 5330 quae
2775 5258 2902 5330 ipso
2941 5269 3094 5315 erant
3132 5252 3351 5316 auctore
3380 5252 3802 5330 facienda,'vel

2175 5339 2294 5390 qua:
2323 5325 2478 5404 malis
2529 5327 2731 5381 meritis
2764 5327 2912 5398 justo
2940 5338 3093 5404 erant
3137 5331 3341 5400 judicio
3368 5325 3737 5391 retribueuda
3775 5357 3796 5404 ;

2176 5396 2452 5462 praescisse
2493 5407 2669 5452 autem
2699 5396 3066 5474 tantummodo
3089 5444 3106 5468 ,
3138 5396 3262 5456 'nou
3289 5404 3450 5458 etiam
3485 5396 3804 5474 przedesti;

2176 5481 2352 5545 nasse,
2384 5483 2503 5545 qna}
2534 5485 2731 5545 non‘cx
2762 5471 2880 5540 ipso
2900 5480 3285 5528 erantcausam
3313 5471 3656 5544 operaiionis
3685 5479 3804 5534 ha-

2172 5536 2366 5619 bitura.
2409 5537 2612 5619 Potest_
2638 5536 2828 5619 itaque
2842 5547 2957 5597 sine
2984 5536 3450 5619 predestinatione
3476 5561 3597 5602 esse
3634 5566 3804 5619 pra:-

2173 5611 2394 5663 scientia
2425 5627 2436 5662 :
2470 5611 2868 5680 praedestinatio
2888 5611 3066 5670 autem
3095 5618 3212 5671 sine
3253 5619 3587 5687 pnescientia
3634 5611 3807 5679 'esse

2172 5692 2278 5732 non
2309 5689 2502 5749 potest.

2247 5749 2338 5822 (a)
2407 5752 2662 5820 Quamvis
2723 5770 2850 5827 ergo
2903 5755 2967 5812 ad
3023 5773 3212 5814 omnes
3279 5759 3614 5830 objectiones
3681 5777 3808 5822 seu

2232 5843 2250 5912 ξ
2284 5843 2422 5912 βόίιί,
2445 5844 2538 5912 hoc
2559 5847 2724 5912 mtimi.
2740 5848 2920 5912 Melius
2949 5852 3131 5912 Remig.
3159 5859 3262 5912 Ms,

2165 5903 2546 6020 tSingulis
2569 5911 2898 5974 objectionutn
2919 5903 3144 5976 capitulis
3164 5903 3384 5978 singulas
3421 5914 3628 5978 opponit
3653 5929 3808 5971 son-
