4030 6460
294 423 427 481 1841

290 538 532 610 querulae
554 534 894 610 imperitia,
948 545 1043 589 seu
1096 530 1298 610 falla_cis
1338 530 1604 610 _invidi_:e_._
1628 529 1877 610 planissi-

289 600 379 666 me
422 626 485 665 ac
512 600 822 679 plenissime
841 647 856 672 ,
880 600 1163 679 quantum
1200 603 1457 679 Dominus
1484 600 1651 668 dedit,
1682 600 1876 656 existi-

294 697 439 737 mem
466 673 587 736 esse
638 673 957 747 responsum
984 694 996 728 :
1028 673 1413 745 professionem
1467 682 1644 747 tamen
1686 686 1877 727 sensus

291 752 461 808 nostri
488 752 650 807 etiam
692 744 746 803 in
772 747 954 803 brevia
980 744 1311 802 cnarctemus
1335 760 1350 809 ;
1377 753 1435 799 ut
1462 744 1562 800 sub
1589 756 1878 812 paucorum

290 824 577 880 verborum
602 820 942 891 simplicitate
956 816 1424 891 magismagisque
1434 821 1728 891 appareat,
1774 828 1872 891 nos

291 893 433 966 quod
489 893 556 949 de
584 885 745 966 supra
784 889 999 961 scriptis
1025 885 1270 958 capitulis
1302 885 1644 966 intelligimus
1669 925 1683 949 ,
1729 885 1873 966 nulla

292 956 748 1035 circumloque'ndi
772 956 1233 1031 arte—praeiere,
1274 956 1369 1013 sed
1416 957 1661 1035 absolute
1678 971 1787 1035 ac“
1803 956 1872 1011 li-

286 1037 416 1092 bere
445 1045 500 1092 et
549 1026 710 1105 prava
752 1026 1007 1104 respuere
1025 1071 1042 1099 ,
1073 1039 1131 1086 et
1155 1043 1477 1086 consensum
1507 1026 1873 1100 probabilibus

288 1122 395 1163 non
426 1120 643 1178 negare.

360 1200 402 1256 l.
450 1199 698 1268 Quisquis
730 1197 889 1267 igitur
928 1211 994 1252 ex
1041 1193 1512 1268 prtedestinatione
1558 1192 1691 1268 Dei,
1726 1191 1874 1268 velut

287 1270 436 1326 fatali
458 1262 796 1334 necessitate,
822 1262 1066 1323 homines
1097 1267 1148 1319 in
1180 1274 1407 1336 peccata
1419 1264 1727 1336 compulsos
1753 1262 1871 1336 cogi

288 1342 417 1397 dicit
437 1342 489 1396 in
507 1348 755 1403 mortem,
776 1354 883 1394 non
907 1347 991 1395 est
1017 1334 1333 1392 catholicus.
1364 1334 1521 1391 Nullo
1548 1334 1692 1390 enim
1713 1334 1874 1388 modo

287 1412 688 1484 praedestinatio
739 1410 832 1467 Dei
878 1410 1090 1484 iniquos
1156 1408 1301 1475 facit,
1347 1422 1520 1477 neque
1556 1405 1873 1476 cujusquam

284 1481 509 1540 emnino
534 1492 616 1538 est
644 1495 802 1537 causa
831 1481 1055 1551 peccati.

361 1578 426 1632 ll.
469 1576 621 1639 ltem,
664 1574 754 1644 qui
784 1573 912 1629 dicit
943 1572 1087 1643 quod
1112 1573 1181 1644 ab
1202 1570 1288 1625 his
1312 1569 1405 1642 qui
1434 1584 1543 1624 non
1583 1575 1707 1644 sunt
1734 1583 1875 1644 ρτωτ

285 1648 537 1703 destinati
575 1638 642 1701 ad
679 1638 841 1699 vitam
868 1686 883 1712 ,
940 1638 1045 1697 non
1076 1640 1286 1698 auferat
1318 1638 1569 1712 percepta
1616 1638 1875 1710 Baptismi

283 1719 458 1789 gratia
485 1711 1067 1789 originale_peccatum,
1099 1727 1207 1768 non
1232 1719 1316 1766 est
1343 1711 1657 1789 catholicus.
1683 1711 1873 1765 Sacra-

286 1783 528 1870 inentum
555 1783 699 1843 enim
727 1783 1100 1870 Baptismatis,
1136 1799 1244 1856 quo
1289 1783 1470 1870 omnia
1506 1796 1724 1865 prorsus
1753 1796 1876 1870 pec:

284 1869 408 1916 cata
432 1860 678 1915 delentur
700 1901 714 1923 ,
746 1853 908 1912 etiam
936 1856 988 1910 in
1018 1857 1095 1911 eis
1121 1853 1310 1911 verum
1358 1863 1460 1919 est,
1489 1853 1578 1924 qui
1615 1869 1720 1906 non
1750 1861 1877 1908 sunt

294 1931 349 1985 in
380 1930 609 1985 veritate
636 1928 903 1991 mansuri,
950 1938 1005 1983 et
1039 1926 1110 1982 ob
1140 1927 1242 1981 hoc
1264 1925 1331 1980 ad
1354 1926 1518 1980 vitam
1557 1938 1738 1979 verant
1768 1939 1875 1978 non

285 2011 415 2057 sunt
445 1999 826 2071 prtedestinati.

363 2092 447 2148 Ill.
475 2091 626 2158 Item,
654 2091 744 2161 qui
769 2089 898 2161 dicit
917 2088 1058 2159 quod
1088 2104 1193 2143 non
1223 2087 1586 2161 prcedestinati
1602 2087 1668 2141 ad
1686 2088 1871 2155 vitam,

363 2103 447 2148 Ill.
476 2103 626 2158 Item,
654 2106 744 2161 qut
769 2103 898 2145 dicit
917 2103 1058 2159 quoa
1088 2104 1193 2143 non
1223 2103 1668 2214 grauesunauao
1686 2103 1871 2155 Vitam,

287 2163 498 2242 etiamsi
519 2161 726 2242 fuerint
755 2161 807 2215 in
838 2160 1072 2242 Christo.
1096 2174 1193 2242 per
1228 2160 1558 2242 "aptisinnm
1585 2174 1874 2242 regenera:

290 2235 351 2299 ti,
382 2244 436 2289 et
481 2235 564 2304 pie
613 2232 858 2303 justeth
911 2229 1156 2304 vixerint,
1190 2230 1318 2285 nihil
1373 2231 1454 2285 eis
1526 2229 1722 2299 prosit,
1777 2229 1876 2285 sed

293 2302 497 2360 tamdiu
523 2302 885 2369 reserventur,
918 2302 1093 2357 donec
1139 2310 1330 2368 ruant;
1373 2315 1472 2355 nec
1514 2309 1640 2355 ante
1684 2316 1777 2357 eos
1806 2316 1874 2357 ex

290 2377 393 2431 hac
421 2377 560 2438 vita,
591 2390 748 2444 quam
779 2372 882 2429 hoc
905 2374 985 2429 eis
1010 2374 1281 2444 contingat
1308 2416 1324 2439 ,
1356 2371 1572 2437 auferri,
1622 2382 1872 2444 tanquam

288 2448 358 2503 ad
386 2443 816 2503 constitutionem
866 2446 959 2499 Dei
1000 2445 1181 2499 talium
1235 2443 1508 2498 hominum
1537 2444 1689 2498 ruina
1729 2443 1873 2499 refe-

291 2517 458 2573 renda
487 2518 560 2572 sit
587 2535 600 2571 :
630 2532 733 2571 non
763 2525 844 2572 est
868 2515 1180 2571 catholicus.
1209 2515 1343 2582 Quia
1391 2530 1493 2569 non
1549 2515 1671 2569 ideo
1730 2513 1871 2570 Deus

290 2598 502 2659 tempus
526 2588 697 2643 aetatis
734 2586 980 2659 cuiquam
1032 2587 1398 2659 prolongavit,
1427 2594 1483 2639 ut
1522 2583 1620 2659 diu
1645 2585 1871 2659 vivendo

288 2656 597 2724 corrueret,
628 2667 683 2713 et
708 2674 735 2712 n
766 2656 869 2713 fide
899 2668 1043 2712 recta
1082 2658 1133 2711 in
1168 2672 1263 2711 sua
1316 2656 1650 2728 lo'ngtevitate
1674 2656 1872 2728 delice-

290 2740 419 2786 ret:
453 2746 573 2785 enm
615 2731 754 2785 inter
793 2728 1049 2784 beneficia
1109 2728 1201 2783 Dei
1251 2726 1579 2798 numeranda
1632 2727 1702 2781 sit
1755 2726 1870 2798 ipsa

289 2801 628 2885 longrevitas,
687 2815 789 2872 qua
843 2799 1007 2855 homo
1079 2798 1269 2855 melior
1309 2797 1492 2854 debuit
1536 2811 1656 2854 esse
1685 2838 1703 2866 ,
1763 2814 1870 2853 non

327 2888 461 2928 8l0l'.

290 2889 461 2998 pei‘ii.’
482 2943 633 3006 Item,
666 2942 756 3012 qui
808 2940 937 2997 dicit
973 2941 1116 3013 quod
1145 2954 1263 3013 non
1282 2955 1469 3013 omnes
1492 2948 1757 3013 vocentur
1801 2940 1869 2996 ad

290 3014 553 3087 gratiam,
598 3014 640 3067 si
671 3010 739 3069 de
782 3012 866 3068 his
904 3010 1137 3083 loqititur
1158 3011 1351 3087 quibus
1376 3010 1623 3087 Qhristus
1658 3027 1869 3087 annun-

293 3080 453 3141 tiatus
479 3101 583 3140 non
623 3092 724 3150 est,
757 3100 862 3139 non
914 3080 1089 3154 potest
1117 3080 1458 3152 reprehendi.
1489 3080 1626 3150 Quia
1670 3083 1870 3138 scimus

291 3158 502 3227 quidem
522 3157 575 3211 in
596 3171 782 3211 omnes
810 3156 941 3210 flues
958 3164 1114 3227 terra:
1139 3154 1484 3227 Evangelium
1510 3153 1867 3227 destinatum;

287 3223 387 3283 sed
415 3243 517 3283 non
550 3238 793 3296 putamus
827 3227 937 3297 jam
967 3226 1019 3280 in
1058 3225 1309 3297 omnibus
1334 3233 1491 3297 terra!1
1517 3223 1713 3297 linibus
1735 3239 1872 3294 prte-

282 3298 521 3355 dicatum
548 3294 563 3352 Ξ
594 3313 692 3353 nec
735 3294 1021 3369 possumus
1053 3295 1235 3369 dicere
1258 3295 1411 3369 quod
1457 3294 1538 3369 ibi
1575 3295 1646 3347 sit
1687 3297 1872 3365 gratia:
1924 3300 1928 3305 ‘

282 3371 498 3426 vocatio
525 3411 539 3436 ,
572 3369 661 3424 ubi
691 3365 879 3426 matris
906 3368 1158 3423 Ecclesiae
1207 3366 1383 3421 adhuc
1432 3365 1572 3420 nulla
1611 3375 1694 3420 est
1721 3381 1872 3437 rege—

282 3443 517 3498 neratio.

363 3513 426 3566 V.
482 3511 644 3577 ltem,
696 3510 784 3583 qui
830 3510 961 3566 dicit
997 3510 1274 3583 quodqui
1330 3508 1507 3583 vocati
1544 3517 1873 3583 sunt,___non

280 3584 561 3653 aequaliter
585 3579 759 3637 vocati
802 3591 956 3646 sunt,
996 3579 1092 3637 sed
1120 3579 1214 3635 alii
1252 3589 1310 3635 ut
1334 3579 1655 3653 crederent,
1688 3580 1773 3653 alii
1818 3591 1875 3653 ut

281 3649 397 3709 non
425 3654 749 3720 crederent,
793 3653 945 3723 quasi
983 3653 1232 3722 cuiquam
1260 3650 1467 3723 vocatio
1515 3664 1675 3723 causa
1713 3649 1875 3723 fuerit

281 3741 397 3782 non
427 3724 714 3789 credendi;
743 3721 849 3779 non
879 3732 1023 3779 recte
1065 3723 1215 3778 dicit.
1244 3721 1498 3789 Quamvis
1542 3721 1686 3776 enim
1736 3722 1870 3778 fides

282 3812 397 3850 non
443 3797 514 3850 sit
548 3796 647 3850 nisi
675 3810 741 3850 ex
786 3794 882 3850 Dei
910 3794 1070 3859 dono,
1100 3802 1155 3849 et
1184 3793 1415 3849 hominis
1444 3791 1753 3859 voluntate;
1788 3792 1873 3847 in-

284 3866 520 3922 fidelitas
551 3877 728 3922 tamen
757 3880 863 3920 non
895 3874 979 3921 est
1013 3864 1118 3920 nisi
1163 3881 1228 3921 ex
1276 3864 1391 3919 sola
1419 3862 1651 3919 hominis
1678 3865 1871 3919 volun-

368 4009 451 4064 Vl.
481 4010 632 4092 Item,
664 4009 752 4092 qui
780 4006 1077 4092 dicit'quod
1106 4007 1334 4092 liberum
1363 4004 1638 4092 arbitrium
1687 4006 1739 4059 in
1764 4006 1873 4092 ‘ho-

286 4081 437 4135 mine
478 4075 625 4135 nihil
658 4075 746 4143 sit,
779 4078 872 4135 sed
917 4075 1031 4134 sive
1065 4078 1129 4134 ad
1166 4078 1363 4133 bonum
1400 4077 1513 4130 sive
1554 4075 1621 4130 ad
1675 4077 1871 4131 malum

285 4151 686 4230 lirzedestinatio
720 4150 840 4230 _Dei_
874 4152 926 4205 in
971 4143 1609 4230 hominibus-operetur;
1645 4162 1765 4230 “non
1793 4157 1877 4203 est

281 4218 610 4278 eatholicus.
643 4221 936 4277 Arbitrium
985 4222 1128 4277 enim
1178 4218 1408 4275 hominis
1447 4218 1615 4288 gratia
1645 4218 1735 4273 Dei
1767 4235 1873 4273 non

289 4293 498 4360 abolet,
527 4293 622 4348 sed
646 4292 859 4357 adolet;
888 4301 943 4347 et
983 4292 1052 4347 ab
1078 4306 1265 4347 errore
1294 4291 1344 4345 in
1377 4289 1518 4343 viam
1549 4297 1764 4344 revocat
1810 4304 1875 4345 ac

282 4365 503 4420 reducit
536 4382 549 4417 :
583 4373 641 4419 ut
667 4363 810 4433 quod
838 4378 933 4418 sua
962 4364 1209 4418 libertate
1232 4370 1348 4416 erat
1376 4374 1596 4429 pravum
1618 4402 1639 4433 ξ
1673 4360 1872 4428 Spiritu

287 4436 387 4491 Dei
408 4444 596 4506 agente
621 4432 929 4490 sitrectum.
961 4432 1370 4506 Praedestinatio
1387 4445 1598 4506 quoque
1617 4432 1710 4506 Dei
1729 4446 1876 4506 sem-

285 4522 392 4576 per
421 4501 473 4561 in
502 4506 642 4562 bono
667 4516 748 4561 est
777 4523 789 4560 :
817 4521 935 4575 quze
966 4513 1276 4576 peccatum,
1295 4502 1406 4557 sola
1431 4502 1661 4576 hominis
1685 4501 1877 4576 volun-

288 4572 405 4632 tate
444 4577 788 4633 commissum
812 4572 849 4639 ,’
882 4572 979 4629 aut
1000 4574 1374 4630 remittendum
1402 4572 1549 4625 novit
1567 4586 1689 4626 cum
1718 4572 1876 4627 laude

284 4649 693 4715 misericordize,
720 4656 812 4702 aut
831 4647 1168 4718 plectendum
1195 4659 1314 4699 cum
1346 4641 1503 4718 laude
1527 4642 1766 4718 justitiae.

370 4719 478 4775 Vll.
506 4720 653 4781 Item,
678 4712 771 4789 qui
795 4712 924 4772 dicit
950 4716 1092 4787 quod
1122 4712 1594 4789 Deuslquibu_sdam
1620 4712 1741 4767 filiis
1766 4714 1876 4789 suis

285 4806 431 4862 quos
458 4784 791 4862 regeneravit
817 4789 871 4862 in
900 4784 1132 4862 Christo,
1164 4786 1355 4862 quibus
1384 4784 1561 4848 fidem,
1587 4798 1736 4854 spem
1748 4823 1778 4862 _,
1797 4784 1880 4838 di-

290 4856 580 4917 lectionem
606 4860 773 4927 dedit,
811 4860 881 4914 ob
907 4858 1010 4914 hoc
1036 4874 1140 4913 non
1166 4856 1373 4913 dederit
1399 4857 1874 4927 perseverantiam,

287 4934 420 5003 quia
451 4949 557 4989 non
587 4940 710 4987 sunt
729 4926 765 4985 a7
787 4945 962 5003 massa
992 4929 1309 5003 perditionis
1328 4926 1664 5003 priescientia
1699 4927 1790 4980 Dei
1822 4935 1878 5003 et

288 4996 766 5074 przedestinatione
786 4996 1010 5074 discreti
1043 5020 1057 5074 ς
1082 5001 1142 5074 si_
1167 5000 1271 5074 hoc
1315 4996 1428 5052 vult
1453 4996 1667 5074 firmare
1688 5039 1702 5063 ,
1734 4997 1878 5067 quod

293 5068 441 5130 Dens
461 5073 761 5145 hujusmodi
784 5072 1028 5145 homines
1050 5073 1101 5125 in
1130 5071 1284 5126 bonis
1312 5083 1433 5139 quae
1458 5068 1750 5145 donaverat
1776 5084 1875 5145 nn-

289 5147 459 5202 luerit
496 5139 813 5216 permanere
835 5150 938 5216 ,let
969 5142 1084 5216 ipse
1111 5144 1189 5197 eis
1217 5155 1376 5216 causa
1401 5139 1696 5216 aversioitis
1715 5139 1879 5194 exsti-

290 5219 455 5283 terit;
485 5209 668 5272 contra
716 5214 967 5284 iustitiam
992 5209 1083 5267 Dei
1110 5212 1291 5268 sentit.
1319 5209 1572 5284 Quamvis
1599 5210 1742 5284 enim
1762 5224 1882 5264 om-

290 5281 594 5357 nipotentia
623 5281 725 5342 Dei
773 5286 1005 5356 potuerit
1032 5286 1172 5340 vires
1199 5282 1373 5357 standi
1414 5281 1653 5357 praebere
1702 5282 1900 5351 lapsn-.

292 5351 377 5414 ris
401 5378 415 5423 ;
444 5361 611 5429 gratia
646 5351 823 5412 tamen
863 5358 980 5429 ejus
1004 5369 1112 5429 non
1144 5354 1294 5429 prius
1317 5366 1412 5407 eos
1439 5351 1693 5429 deseruit,
1719 5367 1882 5429 qualn

293 5430 371 5485 ab
390 5422 474 5486 eis
497 5429 860 5485 desereretur.
895 5422 973 5481 'Et
1001 5426 1123 5497 quia
1146 5422 1255 5497 hoc
1282 5424 1427 5497 ipsos
1469 5422 1766 5497 voluntaria
1817 5423 1888 5497 fa-

295 5510 483 5557 cturos
508 5499 806 5556 defectione
854 5492 1101 5565 pratvidit
1124 5537 1140 5565 ,
1173 5492 1379 5550 ideo'in
1402 5492 1886 5565 praedestinationis

296 5572 568 5628 electione
592 5571 714 5625 illos
741 5584 845 5623 non
868 5569 1071 5624 habuit.

375 5642 507 5698 Vlll.
531 5643 682 5707 Item,
697 5642 788 5711 qui
806 5640 934 5711 dicit
959 5638 1102 5711 quod
1118 5652 1224 5694 non
1251 5652 1440 5693 omnes
1457 5636 1703 5711 homines
1716 5637 1882 5711 velit-

297 5715 449 5771 Deus
470 5714 644 5769 salvos
674 5708 811 5779 ﬁeri,
835 5710 930 5767 sed
949 5708 1155 5766 certum
1176 5724 1454 5765 numerum
1481 5708 1885 5777 praedestinato—

297 5802 455 5853 rum;
477 5785 664 5841 durius
686 5780 1462 5855 loquitur,quamlloquendum
1483 5788 1587 5846 est,
1616 5780 1681 5855 de
1706 5780 1887 5855 altitu-

295 5858 429 5913 dine
443 5850 805 5912 inscrutabilis
830 5850 1015 5924 gratia:
1036 5851 1162 5908 Dei:
1191 5850 1357 5924 quiet
1381 5866 1567 5924 omnes
1578 5850 1698 5924 ltuit
1714 5852 1891 5924 salvos

297 5927 442 5997 fieri,
460 5928 683 5999 atquein
699 5921 1021 5998 agnitionem
1048 5921 1285 5980 veritatis
1306 5923 1491 5981 venire
1502 5921 1548 5996 (ι
1576 5921 1798 5979 Timoth.
1828 5940 1885 5992 ιι,

1144 410 1649 473 RESPONSIONES
1684 410 1779 469 AD
1815 408 2157 470 CAPITULA
2195 412 2592 475 GALLORUM.

3433 424 3576 484 {8‘2

1994 528 2089 600 4);
2120 538 2179 613 et
2192 531 2487 613 voluntatis
2512 546 2623 613 sine
2651 534 3071 613 propositumlin
3095 538 3175 594 eis
3206 537 3410 610 implet,
3435 556 3575 613 quos

1992 603 2286 677 praescitosl
2307 603 2733 677 praedestinavit,
2754 603 3163 675 'prtedestinatos
3214 603 3574 677 vocavit-vo-

1993 673 2492 751 catosjustilicavit,
2524 673 2849 751 justiﬁcaltos
2873 679 3193 751 glorificavit
3223 673 3567 751 (Romfvm,

1991 740 2084 822 29,
2125 742 2214 815 50)
2236 760 2255 822 3
2289 745 2426 822 nihil
2462 740 2712 822 amittens
2737 746 2807 822 de
2837 740 3164 817 plenitudine
3189 740 3424 822 gentium
3447 795 3463 819 ,
3513 740 3571 810 et

1990 812 2059 867 de
2106 812 2250 869 omni
2298 817 2500 871 semine
2519 817 2701 885 Israel,
2724 818 2810 872 cui
2839 812 3306 891 'praeparatumvest
3332 824 3386 877 in
3410 812 3571 879 Chri-

1990 893 2075 955 sto
2124 900 2346 955 regnum
2399 897 2658 942 aeternum
2712 897 2836 944 ante
2882 893 3312 948 constitutionem
3381 895 3567 950 mundi

1992 952 2209 1038 (illeilli:
2236 972 2360 1024 xxv,
2384 956 2498 1028 34).
2530 958 2914 1038 Ex_toto_enim
2941 963 3141 1038 mundo
3172 974 3310 1019 totus
3334 965 3568 1038 mundus

1990 1025 2232 1097 eligitur,
2262 1038 2317 1083 et
2362 1044 2429 1083 ex
2459 1025 2708 1086 Omnibus
2753 1029 3057 1088 hominibus
3106 1048 3291 1088 omnes
3323 1037 3567 1092 homines

1988 1096 2330 1174 adoptantur.
2352 1099 2493 1174 __Nec
2520 1109 2715 1174 potest
2737 1101 2844 1157 ullo
2887 1102 3047 1174 modo
3076 1118 3169 1174 per
3198 1105 3564 1163 infidelitatem

1989 1177 2149 1243 atque
2171 1169 2923 1243 inohedientiammultorum,
2956 1173 3049 1229 Dei
3076 1169 3366 1243 promissio
3394 1179 3558 1232 vacil-

1992 1238 2123 1306 lare,
2154 1238 2380 1295 dicentis
2415 1242 2480 1294 ad
2510 1242 2808 1309 Abraham,
2842 1242 2907 1297 In
2945 1238 3132 1299 semine
3157 1257 3242 1299 tuo
3271 1246 3565 1302 benedicen-

1988 1318 2070 1363 tur
2089 1311 2613 1386 omneslgenteswen.
2641 1329 2779 1378 xxn,
2809 1314 3084 1386 l8;xxvt,
3112 1316 3188 1386 4).
3211 1316 3364 1386 Quod
3384 1327 3562 1373 autent

1989 1382 2395 1459 promisitlDetls
2417 1425 2433 1449 ,
2474 1382 2667 1459 potens
2714 1393 2799 1440 est
2828 1394 2891 1459 let
2915 1385 3091 1459 facere
3115 1382 3289 1459 (Rom.
3316 1403 3386 1455 tv,
3416 1388 3508 1459 2i)
3542 1406 3559 1444 :

1988 1463 2047 1528 ut
2074 1460 2129 1507 et
2174 1454 2262 1528 qui
2295 1454 2586 1528 salvantur,
2620 1455 2740 1510 ideo
2765 1456 2895 1510 salvi
2932 1457 3071 1528 sint,
3104 1454 3222 1528 quia
3253 1454 3560 1514 illosvolt'iit

1986 1522 2130 1605 Deus
2155 1525 2329 1578 salvos
2359 1524 2502 1589 tieri;
2536 1535 2589 1580 et
2618 1527 2706 1595 qui
2735 1536 2977 1596 pereunt,
3011 1522 3138 1583 ideo
3152 1540 3404 1599 pereant,
3436 1531 3561 1602 quia

1987 1608 2166 1663 perire
2194 1605 2519 1651 meruerunt.

2060 1664 2148 1741 lX.
2186 1665 2353 1741 Item,
2401 1668 2490 1741 qui
2526 1667 2653 1721 dicit
2694 1667 2838 1741 quod
2885 1683 2993 1741 non
3028 1684 3124 1741 pro
3170 1670 3335 1728 totius
3374 1672 3560 1726 mundi

2060 1682 2148 1720 ιλ.
2186 1682 2353 1735 item,
2401 1682 2490 1793 gini
2526 1682 2653 1721 uicit
2694 1682 2838 1737 quoa
2885 1683 2993 1724 non
3028 1684 3124 1741 pro
3170 1682 3335 1728 totius
3374 1682 3557 1726 mundi

1984 1735 2353 1806 redemptione
2475 1739 2644 1792 lvator
2674 1738 2742 1792 sit
2771 1740 3053 1794 cruciﬁxus
3075 1782 3088 1805 ,
3138 1755 3243 1796 non
3275 1742 3339 1796 ad
3379 1756 3557 1797 sacra-

1984 1809 2149 1863 menti
2195 1808 2443 1882 virtutem
2468 1850 2482 1873 ,
2529 1808 2626 1882 sed
2652 1808 2716 1863 ad
2757 1808 3047 1882 infidelium
3070 1813 3509 1882 respicitpartetn
3537 1825 3556 1868 :

1974 1891 2105 1954 .c_um
2135 1879 2598 1954 sanguis_Domini
2628 1880 2796 1954 nostri
2821 1879 2948 1934 Jesn
2988 1879 3184 1937 Christi
3209 1879 3440 1954 pretium
3467 1894 3547 1939 too

1985 1949 2089 2024 tius
2126 1950 2305 2024 mundi
2334 1950 2403 2024 sit
2417 1966 2490 2024 ;a
2517 1967 2622 2020 quo
2662 1951 2831 2024 pretio
2878 1954 3116 2024 extranei
3160 1949 3283 2008 sunt
3305 1996 3320 2021 ,
3352 1955 3443 2024 qui
3463 1965 3558 2010 aut

1982 2019 2233 2094 delectati
2269 2019 2597 2094 captivitate,
2627 2019 2815 2076 redimi
2847 2023 3132 2078 noluerunt
3154 2066 3169 2091 ,
3197 2032 3290 2079 aut
3308 2019 3437 2094 post
3463 2040 3551 2081 m-

1981 2090 2347 2162 demptioueni
2369 2092 2435 2147 ad
2452 2093 2691 2147 eamdem
2718 2102 2840 2147 sunt
2862 2090 3169 2150 servitutem
3192 2090 3410 2151 reversi.
3435 2094 3553 2152 Non

1981 2172 2159 2236 autem
2197 2162 2395 2236 excidit
2435 2164 2655 2236 verbum
2706 2164 2949 2236 Domini,
2994 2181 3165 2236 neque
3193 2177 3445 2222 cvacuata
3468 2177 3554 2223 est

1980 2233 2511 2306 mundiredemptio.
2561 2233 2692 2303 Quia
2736 2235 2834 2288 etsi
2874 2251 2979 2290 non
3024 2233 3273 2306 cognovit
3323 2236 3552 2293 mundus

1984 2304 2149 2359 Deum
2176 2305 2233 2359 in
2258 2306 2396 2360 vasis
2427 2305 2537 2371 irae,
2568 2307 2815 2375 cognovit
2849 2316 3026 2361 tamen
3050 2304 3280 2363 iu‘undus
3301 2305 3467 2364 Deum
3495 2309 3551 2365 in

1979 2376 2540 2447 vasistmisericordim
2570 2394 2585 2429 :
2615 2392 2734 2447 quae
2778 2376 2917 2432 Deus
2954 2377 3114 2433 nullis
3167 2394 3351 2434 eorum
3395 2378 3550 2435 bonis

1980 2446 2184 2501 meritis
2213 2446 2653 2517 przecedentiltus,
2698 2448 2839 2501 eruit
2884 2447 2953 2502 de
2994 2457 3251 2516 potestate
3297 2448 3548 2506 tenebra-

2164 2527 2218 2573 ct
2260 2518 2528 2643 ll‘g?sllllll
2553 2518 2605 2571 in
2650 2533 2869 2588 regnum
2914 2518 3034 2574 Filii
3088 2519 3387 2575 dilectionis
3435 2535 3549 2576 suae

2044 2605 2253 2643 0088.1.
2371 2629 2384 2641 .

2044 2605 2196 2643 οιοδε.
2216 2605 2253 2643 1.
2276 2605 2384 2643 101.

1981 2587 2196 2660 (Coloss.
2216 2605 2253 2653 ι,
2276 2590 2384 2659 l3).
2718 2587 2730 2588 ί

1981 2658 3547 2752 ,εἒς,ειεξιιλίψῑέῑςίξξξξθὲθείέξιωθξη,ἓῐξῑιξεεέίὴρεεεέ

1976 2728 2171 2785 dicatio
2209 2747 2238 2784 a
2276 2728 2509 2802 Domino
2552 2728 2916 2798 subtrahatur,
2962 2747 3031 2787 ne
3080 2728 3325 2802 percepta
3374 2728 3551 2788 Evam-

2011 2803 2097 2856 elii
2148 2801 2521 2871 praedicatione
2544 2802 2846 2868 salventnr;
2875 2810 3049 2872 potest
3073 2801 3385 2872 objectionis
3414 2803 3550 2859 invi-

2011 2816 2097 2856 eln
2148 2816 2521 2871 pra-nicanone
2544 2816 2846 2868 salventur;
2875 2816 3049 2872 p0test
3073 2816 3385 2872 onjccttonts
3414 2819 3545 2859 inrt-

1974 2816 2415 2956 sliam‘declinarc
2439 2873 2730 2956 patrocinio
2758 2873 2922 2956 ipsius
2941 2870 3253 2955 Salvatoris,
3276 2874 3545 2956 nui-apud

1977 2942 2268 3013 quosdam,
2301 2958 2435 3013 quos
2472 2944 2545 2997 ait
2572 2944 2734 3013 fuisse
2776 2942 3094 3011 credituros,
3144 2944 3188 2997 si
3217 2942 3542 3000 mirabilium

1976 3012 2093 3083 ejus
2121 3015 2270 3085 signa
2290 3012 2545 3069 vidissent
2572 3012 2779 3085 (Matth,
2808 3030 2880 3080 xi,
2908 3015 2971 3070 21
3000 3032 3016 3077 ;
3048 3014 3174 3068 Luc.
3206 3031 3261 3082 x,
3284 3016 3375 3085 l5)
3396 3055 3415 3083 ,
3445 3031 3546 3071 no-

1978 3086 2077 3139 luit
2119 3085 2337 3154 0pcrari
2356 3104 2386 3156 ;l
2414 3095 2469 3139 et
2496 3085 2808 3156 quibusdam
2837 3087 3043 3155 populis
3066 3086 3233 3140 vetuit
3262 3087 3549 3156 Apostolus

1978 3157 2341 3228 evangelizare
2368 3154 2644 3228 (Acuxvt,
2676 3156 2734 3228 6,
2757 3155 2845 3227 7);
2878 3154 2934 3210 et
2960 3170 3102 3228 nunc
3124 3154 3326 3226 aliquas
3371 3156 3547 3213 adhuc

1976 3238 2165 3297 gentes
2196 3226 2394 3297 patitur
2432 3227 2831 3298 extragratiam
2858 3242 3008 3281 suam
3032 3226 3229 3298 degere
3260 3245 3274 3281 :
3308 3241 3429 3284 cum
3467 3234 3549 3282 ta-

1976 3296 2101 3353 men
2128 3297 2552 3353 constantissima
2575 3296 2678 3351 fide
2702 3306 3011 3366 perceptum
3031 3296 3335 3364 habeamus,
3368 3299 3418 3353 in
3434 3313 3553 3354 om-

1978 3382 2075 3441 nes
2104 3367 2283 3441 mundi
2328 3377 2504 3438 partes
2532 3367 2823 3441 Ecclesiam
2851 3367 3209 3441 dilatandam(
3235 3367 3545 3437 Psal.xvnt,

1978 3440 2042 3506 5;
2072 3455 2183 3506 xm,
2213 3438 2305 3504 28;
2325 3437 2468 3512 ιω,
2500 3442 2567 3504 8;
2601 3437 2729 3512 luti.
2761 3438 3041 3512 xt,_9,10_;
3074 3437 3236 3504 xxvii,
3259 3440 3291 3494 6
3318 3481 3333 3505 ,
3361 3451 3461 3495 etc.
3484 3441 3545 3512 );

1978 3525 2081 3566 nec
2106 3519 2231 3564 ante
2258 3524 2378 3565 esse
2405 3509 2505 3565 hoc
2529 3509 2781 3565 secutum
2810 3510 3107 3581 finiendum
3127 3551 3143 3577 ,
3165 3526 3324 3581 quam
3353 3512 3407 3566 in
3428 3509 3553 3567 uni-

1978 3595 2164 3653 versos
2192 3581 2324 3653 lines
2374 3590 2528 3635 terrae
2568 3580 2913 3653 Evangelium
2940 3580 3219 3653 dirigatur,
3270 3590 3333 3653 et
3375 3582 3553 3638 omnis

1979 3651 2157 3723 lingua
2185 3651 2500 3723 confiteatur
2526 3651 2777 3723 quoniam
2816 3651 2972 3709 Iesus
3018 3651 3072 3706 in
3112 3652 3281 3723 gloria
3322 3652 3418 3709 Dei
3444 3653 3551 3708 Pa-

1981 3721 2185 3795 trisest
2206 3721 2559 3795 (Philipp._tt,
2592 3723 2705 3793 Η).

2052 3793 2146 3877 Xl.
2170 3790 2322 3859 Item,
2340 3790 2430 3877 qui
2449 3793 2579 3848 dicit
2602 3790 2744 3877 quod
2771 3808 2866 3865 per
2886 3794 3174 3877 potentiam
3206 3794 3350 3877 Deus
3378 3794 3554 3877 hopli-

1981 3879 2079 3936 nes
2102 3864 2156 3919 in
2185 3872 2400 3933 peccata
2435 3864 2740 3936 compellat,
2771 3864 2964 3921 merito
2986 3865 3413 3934 reprehenditur.
3443 3866 3555 3922 Nec

1980 3935 2123 3990 enim
2147 3936 2304 3997 Dens,
2343 3936 2432 4005 qui
2481 3935 2701 4004 justitia:
2732 3945 2787 3991 et
2823 3936 3076 3990 bonitatis
3112 3945 3299 3991 auctor
3321 3946 3443 4003 est,
3499 3946 3558 3994 et

1982 4006 2133 4076 cujus
2171 4006 2347 4060 omnia
2403 4015 2596 4080 statuta
2645 4016 2695 4062 et
2749 4007 2995 4080 mandata
3037 4018 3221 4062 contra
3278 4017 3555 4080 peccatum

1980 4086 2125 4140 sunt,
2158 4091 2476 4149 quemquam
2503 4077 2569 4131 ad
2601 4077 2925 4146 peccandum
2969 4077 3376 4149 cogere,,et‘ab
3404 4079 3560 4135 inno-

1989 4150 2164 4204 centia
2209 4149 2259 4202 in
2293 4148 2532 4220 facinora,
2553 4149 2887 4218 prmcipitare
2921 4148 3218 4205 credendus
3247 4159 3350 4205 est.
3382 4150 3439 4207 Si
3464 4151 3555 4220 qui

1981 4228 2160 4275 autem
2185 4229 2290 4273 tam
2317 4218 2588 4288 profundae
2609 4220 2893 4289 impietatis
2921 4228 3078 4285 sunt,
3111 4229 3168 4275 ut
3194 4230 3344 4276 extra
3384 4218 3558 4276 reme.

1986 4290 2132 4344 dium
2162 4290 2512 4345 correctionis
2540 4291 2862 4354 habeantur;
2896 4306 3002 4344 non
3029 4306 3058 4345 a
3098 4290 3208 4346 Deo
3229 4292 3557 4346 incrementa

1990 4360 2282 4431 iniquitatis
2322 4362 2628 4430 accipiunt,
2672 4361 2765 4415 sed
2796 4376 2892 4431 per
2916 4362 3232 4430 semetipsos
3261 4361 3560 4417 deteriores

1982 4430 2117 4486 ﬁunt
2147 4449 2161 4486 :
2188 4431 2310 4501 quia
2340 4432 2562 4501 relinqui
2614 4447 2644 4486 a
2680 4430 2825 4496 Deo,
2854 4443 2908 4485 et
2940 4432 3037 4486 sibi
3077 4446 3140 4485 ac
3182 4431 3559 4501 deceptoribtts

1982 4502 2094 4556 suis
2130 4502 2264 4556 tradi
2300 4510 2518 4570 propter
2559 4502 2908 4570 praecedentia
2967 4512 3180 4571 pecmta
3210 4512 3557 4567 meruerunt,

1985 4581 2044 4627 ut
2068 4573 2146 4642 eis
2170 4582 2444 4642 peccatum
2471 4572 2539 4625 sit
2566 4573 2676 4640 ipsa
2700 4574 2859 4626 etiam
2890 4587 3042 4640 ptena
3077 4575 3302 4642 peccati.
3592 4628 3597 4633 _

2056 4641 2171 4697 Xll.
2200 4641 2351 4716 ltem,
2382 4643 2470 4716 qui
2495 4643 2779 4716 dicitqnod
2805 4641 3120 4711 quibusdam
3140 4646 3360 4716 vocatis,
3391 4656 3446 4702 et
3475 4646 3565 4716 pi!

1979 4716 2227 4784 justeque
2255 4714 2552 4768 viventibus
2574 4755 2587 4775 ,
2619 4714 2917 4768 ohedientia
2948 4715 3291 4771 subtrahatur
3310 4758 3325 4780 .
3358 4726 3415 4772 ut
3438 4714 3562 4774 obe-

1986 4785 2106 4859 dire
2129 4784 2425 4859 desistant;
2453 4784 2593 4839 male
2627 4786 2876 4859 opinatur
2904 4786 2971 4840 de
2996 4786 3233 4859 bonitate
3261 4787 3354 4843 Dei
3397 4798 3562 4859 atque

1980 4855 2185 4926 juStitia
2210 4896 2225 4921 ,
2248 4864 2314 4928 ut
2342 4856 2581 4928 videatur
2605 4857 2671 4928 ad
2701 4856 3023 4928 impietatem
3069 4857 3186 4927 pios
3227 4873 3422 4928 cogere
3444 4855 3485 4926 ,'
3508 4869 3565 4915 et

1988 4925 2346 4999 innocentiam
2369 4926 2538 4999 bonis
2557 4925 2793 4999 adimere
2820 4945 2832 4981 :
2858 4942 2979 4981 cum
3012 4925 3124 4996 ipSe
3148 4928 3218 4999 sit
3247 4925 3459 4999 pietatis
3477 4939 3562 4984 at-

1986 5014 2089 5071 que
2114 4997 2430 5071 innocentiae
2477 5006 2532 5071 et
2580 4997 2797 5071 largitor
2834 5006 2889 5053 et
2914 5007 3116 5071 custos.
3143 4997 3262 5066 Qui
3284 5015 3416 5071 ergo
3445 5000 3558 5056 Deo

1987 5068 2475 5142 adhaeret,_Spiritu
2506 5068 2598 5121 Dei
2627 5068 2845 5142 agitari:
2873 5068 2962 5142 qui
3000 5084 3176 5142 autem
3221 5086 3252 5124 a
3277 5068 3386 5127 Deo
3414 5085 3565 5127 rece-

1988 5140 2097 5202 dit,
2136 5138 2350 5207 propria
2376 5139 2647 5193 voluntate
2667 5138 3136 5194 obedire—desistit.

2060 5160 2097 5202 μ,
2173 5154 2350 5207 roprta
2376 5154 2647 5193 VOIllllltlle
2667 5154 2884 5194 οοθαιτθ
2908 5154 3136 5194 αεειειιι.

2060 5154 2197 5265 Χιῧ.
2224 5211 2371 5275 Item,
2403 5211 2492 5280 qui
2520 5208 2647 5263 dicit
2674 5210 2815 5279 quod
2840 5211 3052 5280 quidam
3082 5211 3326 5267 homines
3369 5226 3475 5268 non
3497 5212 3565 5268 ad

1991 5281 2094 5337 hoc
2117 5297 2146 5335 a
2177 5281 2285 5336 Deo
2312 5282 2476 5335 creati
2500 5289 2658 5348 sunt,
2687 5291 2747 5335 ut
2770 5282 2933 5336 vitam
2961 5283 3385 5351 adipiscerentur
3407 5292 3569 5338 atter-

1992 5368 2134 5418 nam,
2163 5351 2256 5406 sed
2298 5362 2357 5406 ut
2400 5351 2640 5424 habitum
2668 5352 3034 5407 tantummodo
3063 5352 3245 5424 szeculi
3287 5354 3567 5424 praesentis

1992 5433 2264 5487 ornarent,
2297 5432 2349 5476 et
2388 5422 2453 5477 ad
2491 5424 2767 5478 utilitatem
2800 5431 3142 5477 nascerentur
3166 5422 3423 5490 aliorum;
3456 5438 3571 5479 me-
3639 5459 3649 5468 -

1995 5496 2096 5551 lius
2141 5496 2445 5563 loqueretur
2468 5564 2475 5565 ί
2495 5495 2708 5558 dicens,
2763 5493 2906 5565 quod
2938 5493 3101 5560 Deus,
3129 5496 3216 5563 qui
3248 5505 3458 5551 creator
3486 5503 3571 5550 est

1996 5567 2268 5630 omnium,
2301 5581 2406 5620 non
2455 5564 2649 5620 frustra
2686 5564 2846 5620 etiam
2893 5569 3248 5637 eoslcondat,
3271 5581 3407 5637 quos
3436 5581 3573 5636 prae-

1996 5637 2125 5692 vidit
2151 5638 2273 5691 vita:
2300 5646 2514 5692 :eternae
2545 5637 2829 5707 participes
2858 5651 2964 5690 non
2994 5633 3203 5692 futuros
3228 5655 3241 5691 :
3269 5633 3389 5708 quia
3409 5633 3569 5691 etiam

1999 5711 2051 5764 in
2079 5709 2231 5762 malis
2262 5708 2568 5765 hominibus
2587 5708 2783 5762 bonum
2808 5708 2897 5763 Dei
2927 5721 3061 5777 opus
3088 5719 3168 5763 est
3196 5709 3308 5778 ipsa
3334 5717 3522 5764 natura
3553 5749 3573 5776 ,

1998 5790 2053 5836 et
2078 5780 2354 5834 laudabilis
2378 5789 2460 5834 est
2477 5779 2533 5834 in
2554 5779 2834 5848 impiorum
2850 5777 3196 5834 damnatione
3205 5777 3432 5850 justitia.
3454 5778 3575 5835 Non

1998 5860 2176 5923 potest
2220 5858 2396 5923 autem
2446 5851 2637 5923 merito
2687 5850 3043 5923 reprehendi,
3097 5852 3187 5922 qui
3218 5851 3387 5919 dicit,

2001 5921 2161 5981 etiam
2189 5922 2375 5978 talium
2398 5921 2704 5979 conditione
2728 5922 2959 5978 mundus
2973 5934 3227 5991 ornetur;
3255 5932 3310 5979 et
3332 5921 3471 5994 quod
3498 5921 3579 5988 bi,

3471 5848 3679 5910 uOd'
