4030 6486
299 531 437 596 1845

293 650 405 705 ista
454 647 714 703 sententia
765 654 868 710 est,
896 641 1274 698 sollicitissime
1317 640 1591 709 prrecipit,
1635 635 1787 710 quod
1823 637 1873 688 in

299 721 552 775 omnibus
584 709 1110 784 Ecclesiis’piissime
1157 712 1489 784 cnsunlitur,
1539 709 1736 784 ut_Deo
1785 723 1878 775 pro

299 779 1294 854 oninibushominibussupplicetur(l
1326 783 1453 859 ’I'im.
1502 798 1560 843 ιι.
1610 779 1728 859 1-4)
1773 795 1877 832 :ex

302 865 496 933 quibus
521 860 662 929 quod
686 859 835 934 multi
855 866 1100 934 pereunt,
1133 855 1465 934 pereuntium
1496 862 1578 906 est
1597 855 1876 934 meritum;

225 971 234 980 κ
301 921 444 1004 quod
474 921 622 988 multi
647 921 936 1004 salvantur,
960 921 1221 1004 Sit-llialtlis.
1245 933 1326 1004 est
1366 924 1588 1004 donum.
1641 921 1707 1004 Ut
1736 921 1878 1004 enim

304 995 428 1059 rens
454 1006 755 1063 damnetur,
775 998 1103 1066 incnlpahilis
1135 997 1224 1049 Dei
1250 995 1453 1064 justitia
1479 1005 1559 1049 est
1582 1013 1594 1046 :
1621 1002 1677 1048 ut
1705 1002 1880 1046 autem

303 1091 428 1130 reus
455 1074 786 1141 justiﬁcetnr,
820 1069 1105 1141 inellabilis
1129 1067 1218 1120 Dei
1250 1068 1412 1135 gratia
1441 1076 1538 1120 est.

378 1133 493 1202 (lui.
531 1146 614 1199 lll.
647 1144 775 1208 Quia
825 1143 963 1195 Deus
1007 1133 1269 1207 majorem
1290 1146 1492 1205 partem
1537 1136 1749 1205 generis
1779 1133 1881 1188 hu-

305 1221 450 1272 mani
479 1218 542 1270 ad
577 1218 674 1269 hoc
705 1223 870 1275 creet,
899 1221 954 1264 ttt
983 1211 1124 1263 illam
1151 1208 1332 1276 perdat
1357 1209 1406 1260 in
1425 1219 1704 1262 :rtcruutn.

382 1290 543 1343 lisse.
566 1285 812 1340 Omnium
838 1282 1051 1351 quidem
1078 1279 1348 1332 hominum
1370 1289 1581 1333 creator
1596 1288 1676 1351 est
1713 1277 1880 1351 Deus:

302 1360 400 1413 sed
433 1374 590 1416 nemo
617 1358 684 1410 ab
715 1372 778 1408 co
807 1348 922 1408 ideo
946 1361 1156 1406 creatus
1181 1361 1283 1416 est,
1318 1358 1374 1404 ut
1401 1351 1606 1418 periret.
1629 1349 1760 1412 Quia
1785 1348 1885 1400 alia

305 1440 394 1488 est
436 1443 596 1483 causa
637 1426 908 1489 nascendi,
962 1432 1015 1476 et
1039 1423 1139 1476 alia
1190 1432 1270 1475 cst
1321 1437 1490 1479 causa
1512 1418 1784 1488 pereundi.
1815 1418 1887 1474 Ut

305 1502 453 1554 enim
486 1506 770 1553 nascantur
798 1494 1058 1557 homines,
1089 1492 1395 1546 Conditoris
1420 1500 1502 1543 cst
1533 1490 1881 1544 beneﬁcium:

308 1581 556 1626 titantem
573 1578 810 1636 pereant,
832 1580 1001 1634 przcva
1011 1565 1111 1617 rica
1121 1563 1250 1636 toris
1263 1573 1344 1616 est
1360 1566 1625 1636 meritum.
1649 1561 1703 1614 lu
1721 1561 1884 1614 Adam

305 1631 599 1710 quippe,in
619 1655 724 1708 quo
742 1631 976 1690 omnium
1003 1635 1274 1710 hominum
1321 1631 1653 1710 prasformata
1701 1641 1885 1685 natura

306 1703 418 1776 est,
441 1703 1041 1778 omnes-peccaverunt;
1071 1704 1363 1778 eademque
1403 1703 1700 1778 sententia,
1731 1720 1887 1778 quam

309 1774 407 1838 ille
449 1774 675 1851 excepit,
712 1779 948 1833 obstricti
981 1785 1122 1851 sunt.
1171 1775 1351 1843 Neque
1398 1774 1466 1851 ab
1518 1775 1616 1827 hoc
1656 1775 1882 1851 vinculo,

309 1856 522 1910 etiamsi
553 1845 776 1920 propriis
809 1850 1036 1917 peccatis
1060 1857 1297 1910 careant,
1332 1846 1689 1920 resolvuntur,
1711 1846 1806 1920 nisi
1835 1845 1888 1920 in

307 1914 664 1980 Sacramento
689 1914 875 1975 mortis
895 1928 949 1975 et
975 1918 1380 1974 resurrectionis
1409 1915 1602 1969 Christi
1632 1932 1726 1985 per
1765 1914 1889 1982 Spi-

309 1999 474 2051 ritum
518 2003 760 2048 sanctum
811 1998 1175 2046 renascantur.
1230 1988 1398 2042 Nimis
1441 2001 1569 2055 ergo
1614 1988 1806 2055 impius
1837 1996 1891 2040 et

299 2067 558 2122 indoctus
592 2075 709 2129 est,
741 2061 830 2132 qui
862 2063 1040 2115 vitium
1097 2066 1321 2132 nature
1350 2073 1452 2111 non
1515 2058 1769 2132 discernit

308 2149 527 2192 auctore
556 2127 794 2190 natnrtc':
826 2149 854 2185 a
883 2149 986 2200 quo
1016 2144 1230 2200 prorsus
1258 2129 1486 2183 alit-num
1515 2138 1615 2192 est,
1635 2127 1890 2198 quidquid

309 2210 364 2264 in
393 2222 711 2277 unoquoque
739 2199 1096 2258 damnandum
1115 2209 1245 2277 _e_st._
1264 2200 1422 2277 Creat
1449 2201 1588 2253 enim
1628 2199 1888 2277 homines,

307 2289 372 2336 ut
417 2271 536 2334 sint
567 2271 844 2332 homineS'
877 2289 975 2328 nec
1022 2271 1436 2340 multiplicandis
1487 2271 1889 2340 generationum

308 2349 741 2406 successionibus
765 2346 1034 2414 opiﬁcium
1084 2359 1236 2396 suum
1266 2341 1546 2404 subtrahit,
1597 2341 1889 2414 secundum

305 2423 592 2480 consilium
621 2421 771 2473 bonae
795 2412 1084 2471 voluntatis
1106 2431 1213 2466 sua:
1257 2425 1599 2478 reparaturns
1628 2413 1681 2466 in
1711 2412 1892 2466 multis

307 2493 454 2562 quod
483 2493 596 2560 ipse
627 2491 766 2553 fecit,
797 2485 1153 2562 ptltlilltl‘u5__lll
1179 2484 1359 2562 multis
1386 2483 1524 2562 quod
1543 2485 1656 2562 ipse
1683 2500 1785 2562 uou
1817 2483 1893 2537 fe-

306 2553 402 2619 cit.
431 2553 576 2618 Sicut
603 2562 743 2615 enim
774 2553 867 2628 per
893 2554 1305 2628 inobedientiatn
1335 2555 1487 2608 unius
1509 2553 1740 2628 hominis
1772 2569 1894 2628 pec-

309 2646 524 2689 catores
545 2623 815 2688 constituti
857 2640 980 2682 sunt
1007 2627 1189 2690 multi;
1215 2623 1286 2678 ita
1313 2633 1366 2678 et
1413 2642 1505 2693 ρετ
1537 2625 1692 2680 unius
1723 2626 1893 2680 homi-

309 2707 396 2759 nis
437 2703 792 2762 obedientiatn
817 2701 944 2770 justi
989 2697 1386 2754 constituuntur
1433 2695 1584 2750 multi
1621 2695 1795 2766 (Rom.
1840 2712 1890 2763 v,

389 2819 400 2836 .
431 2775 537 2847 l9).
1365 2836 1377 2848 ο
1652 2839 1662 2849 .

382 2846 501 2902 Οω.
533 2844 620 2900 IV.
665 2842 795 2909 Quia
823 2839 993 2909 major
1031 2852 1153 2909 pars
1195 2852 1414 2909 generis,
1451 2836 1664 2909 humani
1695 2837 1760 2909 ad
1795 2837 1895 2892 hoc

311 2927 585 2974 creetnra
625 2908 777 2979 Deo,
836 2908 1054 2967 utnon
1113 2908 1240 2974 Dei,
1325 2908 1418 2962 sed
1481 2908 1676 2964 diaboli
1741 2908 1897 2963 faciat

309 2991 656 3044 voluntatem.

389 3063 546 3115 lisse.
574 3058 818 3111 lnsauum
850 3052 1067 3107 omnino
1089 3057 1144 3104 et
1170 3057 1353 3102 contra
1388 3049 1644 3102 ratiOncm
1668 3058 1772 3115 est,
1805 3048 1890 3104 di-

317 3146 464 3196 cere,
505 3130 830 3184 voluntatem
866 3123 1054 3196 Deiex
1082 3119 1182 3196 Dei
1204 3120 1475 3196 voluntate
1522 3135 1631 3196 non
1658 3119 1898 3196 ﬁet'i;__et

314 3191 681 3256 damnatorem
703 3195 901 3251 diaboli
921 3194 1143 3264 ejusque
1163 3191 1497 3264 famulorum,
1531 3191 1671 3264 velle
1695 3199 1754 3245 ut
1779 3191 1894 3244 dia-

313 3273 442 3328 bolo
492 3271 772 3326 serviatur.
802 3266 906 3320 Sed
938 3261 1040 3319 hoc
1062 3261 1354 3318 Catholicis
1398 3261 1673 3332 Pelagiani
1701 3277 1894 3317 ροηδε-

309 3353 541 3412 quenter
569 3356 628 3396 se
676 3339 908 3408 objicere
938 3334 1262 3412 egistimant,
1318 3331 1407 3402 qui
1443 3331 1894 3412 _Adte_|;ieccatum

314 3403 596 3470 transiisse
629 3413 680 3465 in
711 3403 899 3463 omnes
923 3405 1216 3461 difﬁtentur
1250 3421 1261 3456 :
1297 3403 1542 3472 quoniam
1571 3403 1617 3456 si
1673 3405 1892 3472 primam

315 3486 645 3539 nativitatem
674 3479 944 3550 originalis
960 3477 1128 3550 culpa
1145 3490 1248 3550 non
1277 3473 1496 3542 obliget,
1514 3489 1630 3550 non
1659 3475 1766 3529 sint
1795 3476 1892 3528 ob-

313 3557 464 3611 noxii
493 3553 704 3609 diabolo
732 3545 968 3620 pitrvuli;
998 3563 1097 3602 nec
1118 3545 1384 3613 indigeant
1413 3546 1524 3598 erui
1547 3545 1614 3620 de
1631 3552 1895 3620 potestate

314 3628 679 3687 tenebrarum,
703 3615 795 3694 qui
819 3635 1086 3694 nunquam
1107 3632 1260 3694 a_s_no
1288 3627 1505 3694 auctore
1531 3615 1892 3694 discesserint.

314 3698 429 3753 Nos
449 3708 647 3761 autem,
681 3687 769 3761 qui
812 3687 999 3746 omnes
1041 3690 1094 3743 in
1121 3687 1288 3742 Adam
1329 3687 1896 3761 periiSseAproﬁtemur

315 3771 491 3838 (venit
512 3757 654 3838 enim
684 3757 847 3819 Filius
876 3761 1104 3838 hominis
1133 3772 1392 3838 quaerere
1415 3768 1469 3811 et
1498 3757 1705 3838 salvare
1754 3759 1895 3828 quod

316 3827 549 3911 perierat
575 3837 721 3911 [Lata
746 3849 862 3900 xu,
884 3827 1275 3911 10]),“necideo
1293 3827 1706 3911 dicimns‘creari
1721 3827 1896 3911 quem-

315 3897 478 3980 quam
533 3897 856 3968 hominem,
893 3897 1187 3980 utwdiaboli
1237 3897 1414 3980 faciat_
1444 3899 1772 3980 voluntatem
1790 3915 1813 3980 _;
1845 3910 1896 3980 et

317 3969 658 4052 agnoscimus
679 3991 891 4052 omnem
911 3974 1178 4052 hominem
1202 3986 1305 4052 non
1325 3971 1678 4052 redemptum,
1698 3969 1892 4052 diaboli

317 4039 440 4108 esse
461 4051 748 4121 captivum.
765 4044 1133 4121 Praivaricatio
1155 4042 1296 4096 enim
1318 4039 1602 4121 hominum
1623 4039 1895 4121 dispositae

317 4139 350 4176 a
383 4112 592 4179 smculis
634 4118 918 4176 creationis
946 4115 1188 4170 ordinem
1230 4112 1445 4166 turbare
1488 4127 1592 4165 non
1626 4112 1815 4179 potuit,
1842 4121 1896 4165 et

317 4195 515 4250 merito
558 4200 800 4248 creatura
841 4189 1105 4257 peccatrix
1156 4183 1425 4257 poenalem
1477 4183 1893 4257 dominationem

317 4266 461 4320 illius
493 4266 704 4332 patitur,
757 4253 876 4332 cui,
927 4257 1112 4332 relicto
1160 4253 1298 4310 ivero
1348 4253 1811 4332 D_omi_no,_sponte
1839 4268 1897 4332 se

316 4324 575 4392 vendidit.
604 4324 729 4389 Haec
753 4331 946 4402 quippe
974 4328 1201 4402 servitus
1237 4339 1340 4402 nou
1383 4324 1749 4402 institutionem
1777 4324 1894 4388 Dei,

315 4407 416 4465 sed
452 4407 743 4476 judicium;
767 4393 1367 4476 quo-fransdcceptoris
1397 4395 1591 4449 diaboli
1624 4393 1769 4476 facta
1818 4405 1900 4449 εει

318 4466 546 4549 decepto
566 4487 619 4549 et
646 4466 798 4530 male'
809 4470 1028 4549 credulo
1048 4467 1249 4549 homini
1272 4467 1676 4549 poma-peccati.
1699 4466 1770 4547 υς
1795 4481 1897 4535 qua

320 4535 482 4604 nemo
511 4548 734 4609 eruitur,
767 4543 870 4598 nisi
905 4557 997 4611 per
1045 4535 1392 4611 mediatorum
1423 4536 1512 4590 Dei
1540 4545 1596 4611 et
1623 4535 1896 4611 hominum

320 4605 602 4676 hominem
640 4605 916 4672 Christum
952 4610 1130 4668 Jesnm
1157 4625 1172 4674 ;
1202 4607 1353 4677 cujus
1381 4605 1609 4676 gratuita
1638 4607 1805 4677 gratia
1846 4617 1898 4660 et

321 4692 611 4745 multorum
661 4688 812 4740 malis
861 4683 1066 4736 meritis
1108 4695 1212 4733 non
1247 4676 1514 4745 tribuitur,
1544 4684 1600 4731 et
1629 4676 1897 4732 nullorum

320 4763 478 4816 bonis
501 4755 1070 4830 meritisipra‘venitur.
1140 4823 1147 4830 ι
1229 4829 1235 4830 7
1542 4825 1549 4830 Δ
1668 4817 1680 4830 .

392 4834 513 4888 ΟΝ.
539 4832 600 4885 γ.
622 4817 754 4897 Quia
769 4836 1104 4897 peccatorum
1122 4823 1422 4897 nostrorum
1435 4825 1620 4897 auctor
1639 4817 1720 4897 sit_
1735 4817 1896 4884 Deus,

315 4920 386 4958 eo
407 4887 548 4974 quod
581 4887 780 4957 malum
819 4897 976 4951 faciat
1003 4895 1323 4974 voluntatem
1372 4889 1641 4974 hominum
1672 4887 1899 4974 plasmet

316 4959 674 5030 substantiam
741 4983 857 5039 qua;
922 4965 1146 5020 naturali
1189 4971 1335 5016 motu
1395 4959 1528 5014 nihil
1577 4967 1743 5028 possit
1797 4959 1899 5013 nisi

388 5062 478 5100 cca
485 5063 559 5100 re.

579 5113 750 5182 Hujus
769 5123 979 5180 quoque
1007 5103 1318 5182 objectionis
1341 5103 1543 5182 vanitas
1565 5099 1743 5182 deilla
1775 5114 1899 5170 pro-

316 5173 680 5248 ceditschola,
723 5173 911 5249 in'qna
962 5173 1400 5249 naturahltnmana
1439 5173 1690 5249 immunis
1718 5187 1744 5223 a
1769 5185 1897 5249 pec-

316 5271 441 5312 cato
470 5258 618 5312 Adae.
666 5242 719 5308 et
768 5242 930 5305 illaesa
960 5246 1296 5307 defenditur;
1347 5251 1401 5296 tit
1431 5245 1553 5313 quia
1593 5257 1782 5295 omnes
1804 5242 1897 5294 ho-

319 5331 497 5384 mines
529 5321 984 5394 praevaricationis
1010 5326 1247 5394 _r_cos___ct_
1267 5315 1590 5369 damnationi
1632 5313 1898 5394 obnoxios

319 5402 490 5465 nasci,
524 5386 898 5469 periturosque
919 5391 1022 5469 nisi
1047 5391 1098 5442 in
1129 5386 1338 5469 Christo
1365 5393 1711 5469 renascantur
1754 5399 1900 5469 asse-

318 5455 1122 5536 ritritts,'etttntletti'videamur
1160 5459 1336 5510 dicere
1376 5465 1644 5536 auctorem
1704 5455 1896 5536 culpre,

317 5524 476 5612 quem
500 5524 811 5609 proﬁtemur
838 5532 1166 5612 conditorem
1185 5542 1303 5581 esse
1333 5534 1567 5612 natm-re.
1596 5524 1898 5612 Quod-nos

318 5597 534 5667 :isensh
562 5618 746 5664 nostro
775 5605 984 5674 penitus
1021 5600 1350 5674 abdicaruus,
1381 5597 1470 5674 qui
1504 5597 1666 5674 Deum
1695 5597 1895 5660 justum

317 5695 374 5740 et
402 5683 598 5736 bonum
627 5681 705 5734 sic
735 5667 980 5731 humana:
1001 5669 1311 5726 substantia:
1340 5676 1392 5722 et
1415 5667 1725 5720 interiorum
1747 5676 1899 5720 cxte—

319 5758 627 5822 riorumque
653 5761 906 5822 sensuum
934 5743 1174 5822 novimus
1200 5747 1566 5822 ‘crealorem,
1593 5745 1649 5791 ut
1676 5752 1896 5822 prorsus

319 5808 387 5880 ab
417 5825 506 5878 illo
534 5808 876 5892 sitquidquid
902 5814 1130 5892 pertinet
1150 5811 1215 5866 ad
1243 5816 1572 5892 naturam,e_t
1594 5822 1810 5892 prorsus
1828 5808 1898 5862 ab

319 5877 412 5956 illo
438 5877 921 5961 nonsit'qttidquid
969 5898 1161 5961 contra
1200 5893 1438 5936 naturam
1479 5888 1579 5933 est.
1612 5877 1894 5959 Peccatum

320 5955 498 6024 autem
519 5955 701 6020 contra
734 5955 975 6015 naturam
1002 5965 1102 6033 est,
1120 5955 1197 6033 de
1220 5968 1321 6024 quo
1337 5965 1484 6033 mors
1503 5960 1555 6003 et
1576 5955 1752 6033 omnia
1779 5964 1896 6018 qua)

317 6019 676 6096 suisaut
725 6033 988 6089 oriuntur.
1033 6019 1248 6095 Quibus
1274 6023 1426 6078 malis
1470 6028 1596 6075 tunc
1638 6033 1699 6075 se
1737 6019 1897 6075 homo

563 6217 608 6274 ἦ

1113 522 1614 582 RESPONSIONES
1651 524 1738 578 AD
1774 511 2226 574 UBJECTIOMZS
2266 514 2781 574 VINCENTIANAS.

3425 518 3568 578 1846

1987 633 2178 700 induit,
2209 635 2421 710 quando
2448 635 2590 710 illum
2621 634 2727 710 ﬁde
2752 635 3158 710 obedientiaque
3185 639 3469 710 privatum,
3514 642 3567 698 in

1983 721 2109 762 snas
2129 709 2511 782 promissiones
2532 707 2773 782 diabolus
2795 723 2825 761 a
2860 709 2947 782 Dei
2971 707 3084 782 lege
3100 707 3350 782 traduxit,
3370 714 3571 768 omnia-

1985 795 2086 850 que
2135 780 2232 833 sibi
2280 780 2600 847 ptrstcritatis
2639 778 2755 848 ejus
2783 778 3043 850 germina,
3088 779 3183 850 per
3207 781 3569 838 Conditionem

1986 849 2285 919 depravata:
2316 851 2516 919 stirpis,
2541 850 2843 922 obstrinxit.
2871 849 3022 906 Unde
3058 849 3101 906 si
3129 870 3229 922 qua
3258 855 3310 908 in
3353 854 3570 910 Christo

1987 937 2122 994 nova
2162 931 2403 994 creatura
2435 932 2552 994 est,
2583 921 2748 994 libera
2777 920 2835 975 ﬁt
2864 937 2892 974 a
2923 920 3158 987 diabolo,
3188 934 3243 979 et
3285 925 3571 994 subjicitur

1989 992 2120 1066 Deo,
2156 991 2438 1066 reformata
2472 1008 2499 1046 a
2525 992 2864 1066 deformitate
2890 1008 2982 1048 sua
3024 994 3090 1048 ad
3143 991 3422 1066 imaginem
3455 998 3568 1065 ejus

1988 1065 2076 1133 qui
2116 1063 2315 1118 creavit
2362 1079 2498 1116 eam.
2543 1064 2692 1131 Quod
2735 1063 2833 1118 nisi
2891 1066 2999 1131 ﬁat,
3048 1063 3287 1120 remanet
3317 1068 3368 1120 in
3403 1063 3496 1122 illo
3514 1070 3568 1122 in

1987 1149 2092 1205 quo
2115 1149 2305 1207 omnes
2327 1137 2648 1207 moriuntur,
2671 1150 2771 1207 non
2788 1133 2994 1207 habens
3014 1145 3211 1191 sortem
3233 1138 3283 1190 in
3306 1153 3369 1192 eo
3392 1139 3442 1192 in
3465 1155 3570 1207 quo

1989 1221 2176 1260 omnes
2209 1205 2630 1279 viviﬁcabuntur.
2669 1205 2784 1260 Non
2830 1205 2986 1276 igitur
3022 1207 3333 1279 cujusquam
3366 1205 3568 1279 pet-rati

1988 1288 2174 1330 auctor
2223 1277 2380 1350 Deus,
2440 1279 2530 1332 sed
2582 1286 2780 1350 natura;
2811 1288 3021 1332 creator
3049 1277 3150 1334 εει.
3180 1277 3307 1349 Qum
3329 1277 3446 1333 cum
3478 1296 3571 1350 po-

1989 1354 2238 1420 testatem
2275 1347 2521 1420 habuerit
2547 1364 2649 1401 non
2677 1349 3054 1417 delinquendi,
3096 1347 3282 1419 Sponte
3313 1347 3566 1420 deliquit,

1991 1429 2044 1472 et
2070 1418 2339 1487 deceptori
2385 1435 2482 1473 suo
2524 1420 2732 1490 propria
2762 1431 3030 1474 votnntate
3070 1418 3136 1476 se,
3164 1422 3408 1475 subdidit.
3442 1418 3572 1475 Nec

1993 1490 2240 1555 naturali,
2289 1490 2383 1544 sed
2431 1491 2640 1560 captivo
2668 1499 2811 1543 motu
2853 1500 3091 1545 versatur
3117 1493 3166 1546 in
3201 1493 3357 1558 vitio,
3403 1492 3571 1545 donec

1991 1562 2249 1632 moriatur
2280 1570 2498 1630 peccato
2527 1570 2580 1615 et
2608 1561 2750 1614 vivat
2779 1562 2885 1615 Deo
2921 1581 2932 1617 :
2967 1563 3105 1630 quod
3129 1565 3242 1617 sine
3279 1565 3444 1632 gratia
3477 1564 3570 1616 Dei

1992 1631 2167 1685 facere
2198 1646 2298 1684 non
2322 1639 2524 1700 potest;
2551 1632 2984 1702 quialibertatem
3009 1650 3162 1702 quam
3185 1631 3425 1688 libertate
3458 1650 3573 1701 μετ-

1993 1702 2141 1774 didit,
2177 1702 2504 1757 nisiChristo
2533 1703 2788 1758 liberante
2811 1719 2912 1756 non
2945 1706 3148 1774 recipit.
3187 1704 3300 1760 Non
3321 1716 3403 1758 est
3431 1706 3571 1758 enim

1992 1773 2132 1826 aliud
2163 1789 2353 1846 nomen
2379 1775 2475 1828 sub
2502 1775 2638 1829 coelo
2659 1774 2835 1846 datum
2863 1775 3183 1845 hominibus,
3210 1778 3259 1828 in
3288 1792 3392 1846 quo
3416 1791 3574 1846 opor-

1995 1854 2101 1916 teat
2130 1845 2305 1899 salvos
2334 1846 2443 1916 ﬁeri
2468 1845 2599 1916 (Act.
2630 1861 2697 1900 IV.
2724 1843 2832 1915 ιε).

2063 1915 2182 1970 Οω.
2221 1916 2302 1969 Ἠ.
2330 1915 2461 1983 Quia
2494 1916 2634 1987 Deus
2660 1917 2763 1971 tale
2788 1923 2835 1970 in
2867 1917 3167 1970 hominibus
3185 1918 3411 1987 plasmet
3435 1917 3565 1970 arln.

1996 1985 2176 2050 trium,
2206 1987 2360 2055 quale
2378 1996 2459 2042 est
2484 1985 2809 2051 dmntonnm,
2842 1987 2982 2056 quod
3010 1985 3225 2058 proprio
3263 1998 3406 2043 motu
3442 1989 3573 2043 nihil

1994 2058 2134 2112 aliud
2164 2059 2617 2127 possitvelle,nisi
2647 2059 2862 2111 malum.

2069 2130 2227 2183 llESP.
2261 2127 2419 2200 Totus
2445 2129 2655 2198 quidem
2685 2132 2919 2193 mundus,
2942 2129 3075 2200 sicut
3096 2131 3167 2183 ait
3191 2129 3422 2185 Joannes
3449 2146 3576 2200 apo-

1995 2200 2182 2262 stolus,
2202 2199 2513 2272 iinmaliguo
2540 2203 2734 2270 positus
2760 2211 2831 2254 est
2874 2202 2912 2270 (l
2938 2199 3093 2254 Joan.
3125 2218 3179 2264 ν,
3218 2202 3299 2272 l9)
3323 2221 3336 2256 :
3360 2213 3412 2255 et
3443 2199 3576 2256 mul-

1997 2278 2170 2326 torum
2200 2271 2472 2324 hominum
2505 2273 2622 2324 talis
2646 2281 2727 2325 est
2749 2272 2966 2329 malitia,
2993 2271 3164 2340 qualis
3185 2272 3316 2326 etda
3337 2289 3385 2326 m
3416 2288 3574 2326 num.

1996 2341 2252 2415 Qualibus
2283 2342 2491 2396 dicebat
2516 2343 2789 2415 Dominus,
2829 2341 3099 2413 Rogantes
3119 2346 3422 2414 viperarum,
3453 2361 3578 2415 quo-

1996 2413 2147 2484 modo
2177 2415 2381 2484 potestis
2423 2415 2551 2466 bona
2604 2414 2760 2481 loqui,
2785 2430 2896 2466 cum
2943 2415 3053 2467 sitis
3092 2413 3212 2468 muli
3240 2413 3569 2484 (Matt/Litt,

1997 2484 2232 2553 54)?et,
2289 2483 2387 2536 Vos
2432 2485 2493 2536 de
2533 2484 2733 2538 diabolo
2771 2495 2913 2552 patre
2947 2486 3051 2537 nuli
3079 2487 3214 2548 estis,
3247 2483 3292 2539 et
3341 2488 3576 2554 concupi-

2003 2556 2219 2626 st‘entias
2251 2555 2409 2624 patris
2435 2555 2583 2626 vestri
2620 2555 2787 2626 facere
2811 2554 2960 2609 vultis
2983 2555 3158 2622 (Jouu.
3185 2573 3298 2619 vui,
3326 2559 3436 2624 44).
3473 2556 3578 2610 Sed

2000 2625 2102 2680 hoc
2132 2628 2268 2680 inter
2295 2625 2462 2679 malos
2493 2625 2737 2680 homines
2760 2625 2917 2680 distat
2937 2627 3290 2692 etda-mones,
3312 2627 3451 2696 quod
3482 2629 3576 2681 ho-

1997 2697 2234 2751 minibus
2257 2698 2416 2752 etiam
2451 2696 2602 2751 valde
2628 2697 2780 2752 malis
2808 2705 3071 2766 Superest,
3100 2698 3142 2751 si
3176 2700 3581 2753 lleusmiserea-

2001 2777 2123 2830 tur,
2167 2769 2530 2822 reconciliatio
2565 2784 2579 2820 :
2613 2768 2946 2823 daemonibus
2993 2778 3169 2823 autem
3215 2769 3356 2822 nulla
3407 2778 3486 2823 est
3524 2771 3574 2822 in

1999 2850 2257 2910 aztcrnutn
2279 2851 2482 2910 servata
2514 2839 2980 2910 conversio,Sicnt
2999 2854 3126 2910 ergo
3157 2840 3579 2909 pnevaricatori-

2000 2908 2100 2963 bus
2128 2908 2330 2978 angelis
2374 2925 2478 2963 non
2511 2907 2652 2962 Deus
2689 2909 2876 2963 indidit
2910 2907 3081 2975 illam,
3103 2907 3220 2980 quae
3260 2912 3315 2964 in
3358 2913 3582 2966 veritate

2001 2996 2106 3034 non
2139 2981 2307 3046 stetit,
2340 2981 2667 3035 voluntatem
2695 2997 2707 3032 :
2735 2981 2802 3032 ita
2828 2996 2925 3035 nec
2953 2981 3252 3036 hominibus
3289 2984 3428 3036 hunc
3453 2981 3583 3036 aﬂ'e-

2000 3062 2166 3114 ctum,
2197 3068 2303 3121 quo
2343 3051 2614 3106 diabolum
2670 3051 3021 3112 imitarentur,
3070 3053 3309 3107 inseruit.
3360 3051 3582 3107 Mendax

2001 3124 2141 3176 enim
2167 3124 2235 3177 de
2281 3124 2494 3191 prpprio
2533 3122 2800 3191 loquitur;
2853 3132 2904 3176 et
2947 3122 3081 3191 liber
3108 3139 3136 3174 a
3168 3121 3445 3177 mendacio
3475 3139 3581 3177 non

2001 3195 2123 3258 erit,
2149 3195 2246 3247 nisi
2271 3190 2390 3247 eum
2422 3190 2617 3246 veritas
2642 3192 2947 3247 liberaverit
2969 3190 3156 3260 (Ibid,
3183 3192 3294 3262 36).

2070 3264 2191 3318 OBJ.
2224 3263 2334 3317 VII.
2364 3263 2497 3332 Quia
2527 3263 2638 3317 brcc
2663 3263 2723 3315 sit
2759 3264 3001 3317 voluntas
3032 3263 3217 3328 Dei,ut
3241 3279 3426 3334 magna
3459 3278 3582 3334 pars

1999 3332 2418 3390 Christianorum
2443 3335 2585 3387 salva
2601 3348 2722 3388 esse
2752 3349 2851 3389 nec
2874 3335 3020 3399 velit,
3053 3350 3150 3390 nec
3179 3332 3363 3403 possit.

2075 3406 2232 3460 Resp.
2251 3406 2304 3460 Si
2331 3404 2496 3459 dehis
2527 3405 2626 3458 hoc
2652 3404 2861 3464 dicitur,
2882 3406 2970 3474 qui
2995 3406 3245 3475 pietatem
3279 3407 3582 3463 christiana:

2000 3477 2423 3532 conversationis
2445 3483 2499 3529 et
2521 3476 2640 3529 fidei
2659 3475 2990 3538 deserentes,
3011 3479 3060 3530 in
3082 3477 3329 3544 profanos
3343 3494 3575 3544 errores,

2001 3557 2092 3602 aut
2121 3549 2170 3602 in
2203 3547 2532 3602 damnabiles
2564 3562 2740 3600 mores
2769 3547 3186 3603 irrevocabiliter
3214 3551 3575 3613 transierunt;

2001 3635 2108 3674 non
2151 3619 2369 3674 dubium
2415 3626 2500 3674 est
2545 3617 2685 3687 quod
2745 3619 2904 3671 talem
2955 3620 3276 3674 voluntatem
3327 3620 3584 3678 habentes

2001 3691 2135 3745 salvi
2164 3706 2283 3745 esse
2311 3690 2496 3744 nolunt
2521 3707 2533 3751 ;
2565 3697 2617 3744 et
2638 3690 2890 3758 quamdiu
2913 3690 3042 3743 salvi
3072 3706 3191 3746 csse
3213 3693 3420 3758 nolunt,
3445 3694 3575 3746 salvi

1999 3777 2120 3816 esse
2163 3777 2266 3814 non
2319 3769 2560 3830 possunt.
2605 3759 2709 3813 Sed
2741 3759 2886 3813 nullo
2915 3759 3074 3814 modo
3113 3762 3436 3816 credendum
3477 3772 3580 3829 est,

2004 3832 2304 3902 hujusmodi
2361 3831 2603 3886 homines
2659 3831 2709 3883 in
2760 3831 2896 3885 hanc
2934 3831 3358 3902 desperationem
3391 3849 3456 3888 ex
3487 3833 3579 3888 Dei

2001 3902 2273 3958 voluntate
2337 3902 2623 3968 recidisse;
2672 3917 2793 3956 cum
2849 3904 3021 3970 potius
3084 3904 3277 3958 allcvet
3332 3905 3585 3959 Dominus

2001 3990 2190 4029 omnes
2237 3975 2323 4042 qui
2369 3981 2644 4036 corruunt,
2696 3979 2750 4025 ct
2799 3974 2968 4041 erigat
2998 3987 3183 4028 omnes
3225 3975 3383 4028 elisos
3411 3973 3582 4043 (Psal.

2000 4062 2180 4109 cxuv,
2213 4045 2321 4112 14).
2349 4043 2516 4116 Nemo
2546 4044 2686 4116 enim
2710 4043 2970 4116 nisi_ilh'us
2993 4046 3157 4112 gratia
3173 4045 3408 4116 erigitur,
3427 4060 3587 4100 nemo

2005 4119 2103 4171 nisi
2134 4117 2269 4171 illius
2292 4115 2458 4185 gratia
2488 4115 2768 4167 stabilttur.
2806 4113 2896 4169 Dei
2917 4129 3044 4184 ergo
3071 4113 3313 4170 voluntas
3343 4128 3425 4170 est
3455 4123 3509 4170 ut
3531 4117 3586 4171 in

2003 4188 2140 4242 bona
2175 4187 2446 4241 voluntate
2473 4195 2786 4258 maneatur:
2816 4186 2902 4258 qui
2931 4193 2983 4258 et
3009 4186 3314 4258 priusquam
3368 4185 3586 4242 desera-

2004 4267 2110 4324 tur,
2163 4258 2430 4312 netuinem
2474 4255 2703 4322 deserit;
2753 4265 2808 4310 et
2845 4255 3042 4310 inultos
3085 4255 3391 4315 desertores
3441 4273 3585 4327 sarpe

2003 4331 2284 4385 convertit.

2075 4421 2194 4476 Om.
2222 4420 2353 4475 Vill.
2375 4419 2506 4486 Quia
2527 4419 2656 4474 nolit
2681 4420 2819 4474 Deus
2839 4428 3100 4475 utomnes
3119 4418 3378 4474 Catholici
3407 4420 3462 4475 in
3484 4419 3588 4476 ﬁde

2005 4493 2265 4546 catholica
2293 4498 2656 4560 perseverent,
2679 4489 2774 4544 sed
2801 4490 2926 4546 velit
2952 4500 3009 4544 ut
3035 4505 3226 4560 magna
3251 4491 3442 4546 exinde
3464 4507 3588 4562 pars

2004 4572 2285 4632 apostatet.

2081 4653 2236 4706 Rnsr.
2271 4651 2384 4706 Non
2414 4663 2494 4706 est
2531 4649 2808 4705 dissimilis
2827 4650 3170 4720 blasphemiae
3210 4650 3370 4722 hujus
3397 4652 3587 4721 impie-

2007 4731 2106 4784 tas,
2159 4739 2187 4776 a
2237 4723 2569 4792 praecedente
2615 4724 2875 4777 sententia
2919 4740 2932 4777 :
2961 4722 3105 4792 quod
3134 4737 3262 4794 ergo
3297 4722 3366 4777 ad
3402 4723 3585 4791 illam,

2007 4794 2108 4847 hoc
2135 4795 2294 4848 etiam
2320 4794 2400 4876 ad
2437 4794 2612 4859 istam,
2662 4806 2782 4860 qua:
2830 4795 2884 4849 in
2915 4795 3059 4849 nullo
3103 4793 3462 4861 est'diversa,
3503 4809 3591 4850 re-

2007 4877 2260 4934 Sponsum
2289 4875 2375 4919 sit.

2077 4957 2196 5014 Oet.
2228 4956 2318 5013 IX.
2360 4959 2492 5025 Quia
2515 4958 2642 5013 velit
2672 4959 2810 5014 Dens
2837 4967 2894 5014 ut
2921 4972 3109 5029 magna
3137 4973 3260 5030 pars
3283 4967 3588 5014 sanctorum

2006 5044 2035 5084 a
2066 5031 2359 5086 sanctitatis
2391 5032 2661 5100 proposito
2689 5039 2828 5085 ruat.

2081 5124 2240 5179 Ruso.
2280 5123 2389 5178 Nec
2443 5123 2596 5189 ltnjns
2642 5123 2968 5178 deﬁnitionis
2997 5123 3200 5178 insania
3231 5123 3374 5177 aliud
3414 5131 3584 5189 sonat,

2008 5210 2165 5265 quam
2189 5196 2392 5262 gemina
2422 5193 2650 5264 objectio
2679 5195 2962 5264 przelocnta
2985 5203 3088 5250 est.
3112 5193 3263 5265 Unde
3287 5193 3590 5265 mirandum

2009 5263 2107 5326 est,
2134 5265 2469 5333 objicictttem
2494 5263 2648 5320 tertio
2674 5265 2972 5335 repetiisse,
3004 5264 3144 5334 quod
3190 5265 3352 5319 semel
3392 5263 3591 5320 dixisse

2008 5336 2320 5391 suffecerat:
2347 5336 2462 5400 st'd,
2494 5345 2656 5392 utres
2675 5347 2777 5398 est,
2798 5351 3072 5390 numerum
3099 5335 3483 5390 critni'tationis
3497 5349 3592 5389 au-

2006 5423 2133 5478 gere
2155 5408 2336 5470 voluit,
2371 5408 2490 5476 quia
2518 5421 2733 5461 sensum
2768 5408 2972 5461 variare
3003 5421 3105 5460 non
3134 5413 3305 5476 potuit

2078 5501 2198 5556 Om.
2238 5499 2305 5555 X.
2347 5500 2476 5567 Quia
2500 5500 2758 5555 adulteria
2798 5509 2852 5554 et
2879 5498 3193 5567 corruptelae
3217 5499 3477 5568 virginum
3503 5513 3594 5556 sa-

2007 5587 2218 5628 crarum
2247 5570 2366 5625 ideo
2398 5571 2728 5640 contingant,
2757 5571 2880 5640 quia
2905 5569 3024 5624 illas
3053 5569 3198 5625 Deus
3222 5569 3292 5625 ad
3320 5571 3424 5626 hoc
3448 5585 3591 5641 prae-

2008 5643 2292 5698 destinavit
2319 5652 2375 5695 ut
2397 5641 2669 5697 caderent.

2080 5735 2239 5790 833p.
2282 5733 2596 5790 Detestanda
2617 5741 2672 5806 et
2690 5731 3043 5806 abominanda
3063 5731 3264 5803 opinio,
3282 5749 3400 5806 quae
3423 5735 3591 5791 Deum

2008 5806 2317 5876 cujusquam
2365 5807 2515 5859 malae
2554 5803 2842 5876 voluntatis
2868 5814 2959 5859 aut
2987 5806 3140 5859 malm
3169 5803 3393 5861 actionis
3419 5806 3591 5862 credit

2008 5875 2309 5941 auctorem;
2339 5875 2491 5946 cujus
2531 5875 2926 5946 praedestiuat-io
2953 5893 3218 5940 nunquam
3250 5889 3397 5932 extra
3439 5877 3592 5932 boni-

2012 5958 2196 6013 tatem,
2227 5965 2490 6020 nunquam
2530 5947 2980 6020 extrajnsttnam
3019 5958 3098 6001 est
3120 5951 3415 6020 {universae
3446 5948 3589 6003 enim

2013 6022 2110 6074 vite
2159 6018 2368 6075 Domini
2397 6018 2764 6078 misericordia
2791 6027 2846 6073 et
2873 6020 3068 6074 veritas
3096 6019 3266 6091 (Psal.
3298 6036 3442 6086 xxiv,
3476 6022 3590 6086 lii).
