4030 6462
533 461 676 521 1847

531 575 810 637 Adulteria
834 573 992 645 igitur
1028 570 1398 645 maritatarum
1421 568 1462 633 ι,
1503 574 1560 645 et
1586 563 2120 645 eorruptclas_virgi-

533 634 665 706 itum
691 662 796 703 non
822 634 1100 701 inistituere
1126 642 1271 697 novit
1290 648 1471 695 sancta
1500 634 1768 698 divinitas,
1795 636 1889 691 sed
1911 634 2123 690 damna-

533 736 625 780 re:
643 734 746 776 nec
766 719 1071 790 disponere,
1090 713 1184 770 sed
1206 711 1564 790 punire.__Qu:e
1582 708 1724 790 mala
1742 707 1985 790 homines
2000 720 2123 760 cum

533 778 839 853 admittunt,
855 778 866 788 ’
882 788 992 842 suis
1030 778 1475 854 concupiscentiis
1512 789 1583 854 et
1606 778 2125 854 cupiditatibusser-

533 864 705 925 viunt,
738 848 869 931 quas
894 858 962 913 ab
988 856 1077 914 illa
1119 848 1290 926 prima
1323 851 1651 931 voluntarize
1675 848 2123 931 praevaricatioois

532 933 658 989 labe
694 918 1015 988 traxerunt:
1036 918 1159 983 cum
1185 932 1364 981 autem
1391 918 1727 978 declinant'a
1774 921 1937 985 malo,
1964 918 2125 975 etfa-

534 1006 681 1060 ciuut
700 1003 923 1063 bonum,
947 1017 977 1054 a
1000 999 1226 1055 Domino
1244 994 1703 1067 gressushominis
1727 991 2043 1067 diriguntur,
2071 997 2126 1067 e_t

532 1074 675 1129 viam
704 1073 820 1142 ejus
845 1061 989 1128 volet
1029 1068 1200 1144 (13ml.
1234 1061 1419 1131 ixxvi,
1450 1066 1543 1144 2⁸1ι
1569 1064 1684 1144 ἓό).
1732 1061 2117 1144 Propter‘quod

534 1145 667 1202 dicit
694 1133 985 1215 Apostolus
1004 1159 1018 1197 :
1036 1133 1267 1215 ‘Oramus
1287 1146 1453 1215 autem
1474 1136 1543 1189 ad
1567 1133 1753 1197 Deum,
1777 1143 1831 1215 ut
1848 1133 1978 1215 nihil
1997 1133 2123 1215 mali

563 1204 773 1281 'aciatis';
792 1231 894 1270 non
913 1224 968 1268 ut
988 1228 1079 1267 nos
1106 1210 1302 1280 probati
1321 1224 1687 1281 apponuntur,
1697 1206 1796 1281 sed
1815 1214 1868 1258 ut
1888 1220 1972 1259 vos
1990 1204 2125 1274 quod

563 1221 773 1281 aeiatis;
792 1231 894 1270 non
913 1224 968 1268 ut
988 1228 1079 1267 nos
1106 1221 1301 1280 probati
1321 1224 1679 1280 appareamus,
1708 1221 1794 1259 sea
1815 1221 1868 1258 ut
1888 1221 1972 1259 vos
1990 1221 2124 1274 quoa

536 1221 723 1342 {onum
754 1295 824 1342 est
853 1285 1050 1356 faciatis
1077 1282 1167 1357 __(ll
1189 1281 1330 1357 Δ(ἐοιν.
1387 1295 1504 1357 x_u_t,
1547 1279 1626 1348 7).
1670 1277 1783 1332 Non
1815 1290 1943 1345 ergo
1967 1289 2124 1357 casus

537 1358 829 1423 ruentium,
853 1351 961 1411 'nec
989 1351 1381 1424 malignitatem,
1408 1351 1730 1424 iniquorum,
1770 1351 2123 1424 nequecupi-

536 1428 735 1485 ditates
764 1418 1096 1498 peccantium
1118 1418 1534 1498 'prtedestinatio
1584 1421 1808 1498 Dei_aut
1848 1418 2122 1498 exeitavit,

535 1507 631 1555 aut
659 1488 849 1564 suasit,
872 1506 965 1552 aut
990 1494 1194 1565 impulit
1217 1511 1229 1547 :
1258 1494 1351 1547 sed
1378 1493 1535 1565 plane
1560 1489 1958 1562 prmdestinavit
1981 1488 2126 1557 judi-

536 1572 679 1626 cium
706 1562 881 1634 suum,
905 1583 1008 1637 quo
1034 1562 1320 1637 unicuique
1346 1562 1810 1637 retributurus‘e‘st
1832 1568 2124 1637 proutges-

536 1641 627 1707 sit,
657 1641 771 1696 sive
799 1631 1018 1702 bonum,
1053 1638 1162 1692 sive
1190 1631 1410 1707 malum.
1429 1632 1581 1707 Quod
1605 1633 1860 1707 judicium
1889 1631 2124 1686 futurum

535 1704 756 1771 omnino
790 1725 896 1766 non
932 1718 1095 1773 esset,
1136 1708 1181 1762 si
1214 1705 1457 1761 homines
1491 1704 1581 1759 Dei
1624 1706 1897 1757 voluntate
1932 1716 2124 1774 pecea-

534 1791 677 1838 rent.
703 1782 817 1843 Erit
839 1788 1015 1835 autem
1038 1776 1504 1834 manifestissime:
1528 1784 1582 1830 et
1598 1774 1772 1829 omnis
1790 1774 1948 1828 homo
1967 1786 2122 1842 quem

535 1852 788 1909 discretio
809 1852 1001 1907 divinae
1026 1850 1262 1905 scientiae
1284 1848 1336 1902 in
1357 1847 1572 1903 sinistra
1594 1844 1931 1901 constituerit
1951 1854 2121 1913 parte,

536 1922 906 1987 damnabitur;
938 1923 1062 1993 quia
1089 1935 1196 1975 non
1227 1919 1340 1984 Dei,
1388 1916 1485 1973 sed
1521 1932 1670 1972 suam
1717 1922 2004 1971 exsecutus
2042 1923 2127 1971 est

533 1994 885 2049 voluntatem.

607 2064 727 2122 Osi.
769 2063 859 2120 XI.
901 2062 1033 2133 Quia
1054 2061 1266 2134 quando
1291 2060 1755 2134 incestantpatres
1773 2056 2126 2134 ﬁ_li_as,et_n_ia-

534 2145 649 2192 tres
692 2136 848 2196 ﬁlios,
880 2127 967 2190 vel
994 2127 1386 2205 quandoservi
1431 2127 1677 2205 dominos
1702 2127 1970 2192 occidunt,
2003 2128 2125 2183 ideo

535 2207 650 2272 ﬁat,
682 2207 804 2278 quia
827 2201 1067 2278 itaDeus
1094 2202 1508 2278 praedestinavit,
1538 2210 1594 2255 ut
1618 2201 1789 2278 fieret:

609 2269 773 2334 lisse.
816 2277 872 2333 Si
898 2269 1110 2331 diabolo
1130 2275 1470 2345 objiceretur,
1517 2272 1656 2342 quod
1698 2271 1880 2325 talium
1920 2269 2124 2345 facino-

535 2364 657 2404 rum
689 2350 802 2420 ipse
838 2356 1044 2413 auctor,
1079 2340 1368 2420 ipse'esset
1394 2340 1666 2420 incentor;
1697 2350 1823 2420 prtio
1850 2340 2124 2420 quod__ali-

539 2434 645 2490 qua
665 2411 869 2474 ratione
886 2411 1183 2490 exonerare
1204 2430 1264 2490 se
1292 2414 1392 2470 hac
1411 2412 1835 2490 possetinvidia,
1861 2411 1913 2467 et
1941 2411 2123 2490 talium

539 2483 804 2546 scelerum
832 2497 1127 2559 patratorcs
1152 2486 1221 2542 de
1251 2483 1488 2559 ipsorum
1535 2484 1806 2539 voluntate
1842 2483 2127 2538 convince-

537 2570 652 2626 ret;
702 2556 959 2632 quia’etsi
989 2558 1294 2632 delectatus
1309 2565 1393 2612 est
1420 2556 1610 2632 furore
1633 2564 1966 2632 peccantem,
1997 2569 2124 2624 pro-

538 2625 695 2687 baret
718 2625 898 2687 tamen
921 2645 980 2685 se
1010 2645 1114 2684 non
1142 2627 1385 2683 intulisse
1408 2627 1513 2681 vim
1535 2626 1838 2681 criminum.
1865 2625 1976 2695 Qua
1997 2639 2125 2695 ergo

538 2703 863 2773 insipientia,
888 2715 1060 2773 quave
1087 2698 1355 2773 dementia
1380 2696 1749 2773 deﬁn_itur,_ad_
1769 2697 1856 2750 Dei
1885 2694 2124 2773 referen-

538 2766 668 2827 dum
711 2789 831 2828 esse
851 2766 1172 2837 consilium,
1203 2768 1344 2840 quod
1372 2783 1473 2823 nec
1497 2768 1710 2840 diabolo
1737 2768 1788 2821 in
1830 2777 1996 2840 totum
2026 2766 2124 2821 ad-

538 2844 702 2915 scribi
733 2852 926 2915 potest,
966 2844 1054 2912 qui
1088 2843 1139 2895 in
1173 2838 1489 2915 peccantum
1518 2838 1732 2915 ﬁagitiis
1758 2839 2123 2894 illecebrarum

537 2909 770 2983 adjutor,
802 2929 904 2969 non
938 2909 1265 2968 voluntatum
1314 2909 1610 2983 credendus
1637 2917 1721 2965 est
1748 2924 1870 2983 esse
1894 2924 2122 2983 genera-

540 2980 664 3040 tor?
692 2985 834 3041 Nihil
856 2982 984 3053 ergo
1010 2983 1193 3039 talium
1222 2980 1713 3053 negotiorumDeus
1730 2980 2126 3053 praedestinavit

537 3064 600 3111 ιιι
628 3058 778 3112 tieret
805 3075 818 3112 :
846 3050 946 3111 nec
979 3056 1122 3110 illam
1150 3050 1380 3108 animam
1412 3052 1654 3121 nequiter
1685 3051 2013 3121 turpiterque
2042 3050 2122 3105 vi-

539 3135 766 3188 cturam,
813 3128 879 3180 ad
923 3127 1022 3181 hoc
1066 3136 1124 3179 ut
1153 3124 1330 3179 taliter
1372 3123 1593 3186 viveret,
1642 3122 1988 3190 prmjiaravit;
2030 3121 2126 3177 sed

538 3198 699 3253 talem
732 3198 956 3253 futuram
982 3212 1092 3252 non
1121 3196 1404 3265 ignoravit,
1442 3194 1588 3249 etde
1614 3192 1706 3248 tali
1726 3193 1872 3265 juste
1898 3208 1956 3247 se
1979 3192 2127 3265 judi-

537 3278 779 3324 caturum
822 3284 946 3324 esse
975 3263 1258 3337 prmscivit,
1288 3266 1461 3337 Atque
1492 3267 1561 3318 ita
1592 3265 1657 3337 ad
1702 3263 2126 3337 praedestinatiof

536 3354 664 3410 nem
692 3340 807 3410 ejus
831 3334 1137 3394 nihil'aliud
1164 3335 1353 3410 referri
1380 3334 1577 3405 potest,
1611 3336 1713 3410 nisi
1756 3335 1896 3410 quod
1937 3342 2029 3388 aut
2056 3334 2123 3389 ad

538 3406 773 3465 debitam
787 3410 1007 3480 justitice
1036 3407 1459 3471 retributionem,
1488 3415 1581 3460 aut
1601 3406 1666 3460 ad
1694 3406 1981 3462 indchitam
2001 3421 2125 3476 per-

540 3481 672 3551 tinet
698 3482 883 3551 gratiae
913 3480 1230 3551 largitatem.

608 3546 727 3608 Osi.
779 3549 896 3607 ΧΠ.
949 3546 1082 3617 Quia
1150 3549 1246 3605 Dei
1298 3546 1764 3619 prtedestinalione
1825 3546 2126 3619 efﬁciantur

537 3622 606 3678 de
651 3621 774 3678 ﬁliis
815 3622 908 3677 Dei
952 3621 1047 3676 lilii
1088 3618 1309 3685 diaboli,
1354 3628 1410 3675 et
1437 3618 1503 3674 de
1534 3618 1728 3689 templo
1757 3619 1925 3674 sancti
1955 3618 2123 3689 Spiri-

540 3703 623 3748 tus
643 3694 838 3764 templa
859 3691 1187 3760 dremonum,
1208 3699 1263 3747 et
1284 3691 1352 3746 de
1378 3689 1634 3745 membris
1657 3688 1853 3744 Christi
1885 3688 2123 3746 membra

535 3766 856 3821 meretricis.

610 3836 770 3891 Raso.
811 3834 1217 3891 Pra‘destinatio
1265 3832 1381 3900 Dei,
1429 3831 1528 3887 etsi
1577 3831 1715 3900 apud
1760 3845 1878 3895 nos,
1909 3829 2036 3886 dum
2069 3832 2121 3887 in

535 3908 818 3989 praesentis
846 3907 968 3961 vita:
997 3905 1245 3989 peeiculis
1275 3918 1571 3989 versamur,
1600 3902 1798 3989 incerta
1841 3910 1957 3965 est;
1982 3904 2122 3989 apud

537 3974 689 4033 illum
720 3987 919 4043 tamen,
947 3974 1195 4048 quifecit
1218 3974 1552 4048 qureufutura
1595 3974 2126 4048 sunt,_iucommuta-

536 4048 660 4102 bilis
698 4044 993 4130 permanet.
1043 4046 1154 4130 ﬁse
1194 4044 1313 4130 quae
1344 4045 1678 4130 illuminavit,
1710 4044 1978 4130 obcaecat;
2019 4061 2124 4130 nec

539 4134 661 4187 qua:
695 4116 998 4185 aediﬁcavit,
1029 4116 1287 4181 destruit;
1319 4132 1419 4172 nec
1443 4131 1564 4186 qua:
1591 4116 1868 4185 plantavit,
1902 4117 2117 4187 evellit.

538 4185 668 4245 Sine
687 4190 1000 4260 paenitentia
1021 4189 1318 4260 enimsunt
1343 4185 1480 4243 dona
1510 4196 1565 4241 et
1584 4187 1792 4260 vocatio
1822 4185 2117 4260 Dei_(l_iom.

538 4277 616 4332 xi,
642 4257 736 4332 29)
770 4279 782 4314 :
815 4268 869 4315 et
915 4258 1124 4332 ﬁrmum
1171 4257 1569 4332 fundamentum
1613 4257 1706 4311 Dei
1752 4265 1877 4332 stat,
1924 4257 2123 4332 habens

538 4328 871 4400 signaculum
916 4330 1042 4394 hoc;
1101 4329 1350 4400 cognovit
1398 4328 1653 4400 Dominus
1688 4328 1794 4400 qui
1844 4336 1967 4400 sunt
2006 4329 2123 4397 ejus

540 4397 615 4473 (If
631 4402 765 4457 Tim.
798 4417 858 4469 ιι,
907 4401 1019 4473 19).
1048 4397 1203 4473 Nullo
1230 4397 1575 4473 igituromodo
1604 4399 1700 4473 Dei
1725 4397 2123 4473 prmtlestinatio

538 4472 665 4530 facit
693 4482 752 4529 ut
778 4468 939 4543 aliqui
967 4468 1032 4528 ex
1066 4471 1188 4527 ﬁliis
1234 4468 1325 4525 Dei
1358 4470 1452 4525 ﬁlii
1494 4470 1618 4543 osint
1648 4468 1865 4536 diaboli,
1913 4477 2007 4523 aut
2054 4485 2120 4525 ex

537 4545 743 4616 templo
767 4541 936 4616 saneti
961 4544 1190 4616 Spiritus
1222 4542 1416 4616 templa
1459 4542 1566 4596 sint
1589 4541 2120 4616 darmonum,aut_ex

536 4610 796 4671 membris
814 4610 1013 4670 Christi
1044 4613 1173 4668 ﬁant
1196 4610 1438 4668 membra
1468 4610 1801 4667 meretricis:
1832 4610 1925 4665 sed
1949 4610 2123 4678 potius

537 4686 933 4753 praedestinatio
962 4684 1085 4740 facit
1114 4694 1172 4738 ut
1196 4699 1261 4739 ex
1293 4681 1415 4739 ﬁliis
1441 4682 1635 4753 diaboli
1664 4680 1790 4735 ﬁant
1815 4680 1904 4736 ﬁlii
1937 4682 2047 4745 Dei,
2069 4691 2124 4738 et

537 4752 829 4826 extemplo
852 4756 1155 4810 daemonum
1188 4755 1447 4826 templum
1464 4753 1573 4807 sint
1595 4752 1824 4826 Spiritus
1844 4754 2039 4826 sancti,
2071 4762 2125 4826 et

538 4843 606 4881 ex
650 4822 906 4883 membris
951 4826 1249 4881 meretricis
1290 4822 1529 4880 membra
1578 4822 1686 4877 siut
1729 4822 1945 4878 Christi.
1988 4822 2122 4891 Quia

537 4898 655 4967 ipse
684 4896 1097 4969 alligat‘forlcm,
1129 4907 1184 4951 et
1209 4910 1333 4951 vasa
1362 4896 1478 4969 ejus
1515 4895 1655 4964 rapit
1680 4891 1974 4969 (Marc._m,
2006 4894 2120 4969 27),

536 4964 735 5024 eruens
761 4964 822 5023 ea
853 4967 922 5023 de
952 4975 1212 5037 potestate
1243 4964 1699 5037 tenebrarum,et‘
1719 4964 2040 5037 transferens
2058 4965 2123 5021 de

536 5038 862 5094 contumelia
895 5035 1206 5109 iii—gloriam,
1238 5036 1454 5109 (Colon.
1488 5052 1526 5101 ι,
1578 5035 1685 5109 15).
1730 5035 1793 5089 lli
1840 5045 2017 5091 autem
2055 5037 2123 5092 de

535 5111 729 5180 quibus
759 5106 1096 5172 dicitur,'E:t:
1122 5106 1264 5163 nobis
1289 5109 1538 5180 exierunt,
1577 5107 1666 5180 sed
1694 5123 1796 5160 non
1826 5110 2032 5180 [uerum
2061 5124 2125 5161 ea:

533 5178 716 5246 nobis;
740 5182 783 5236 si
806 5182 938 5234 enim
969 5180 1182 5250 fuissent
1207 5195 1269 5233 ex
1306 5179 1469 5243 nobis,
1501 5178 1800 5250 mansissent
1836 5179 2006 5248 utique
2032 5195 2125 5232 no-

535 5252 728 5324 biscum
750 5251 793 5324 (l
826 5247 982 5324 Joou.
1015 5266 1072 5324 ιι,
1106 5247 1192 5321 l9)
1214 5267 1228 5304 :
1254 5250 1526 5324 voluntate
1549 5249 1816 5324 exierunt,
1850 5247 2122 5305 voluntate

534 5320 864 5379 ceciderunt.
886 5322 951 5376 Et
969 5321 1090 5391 quia
1111 5320 1337 5390 priesciti
1358 5330 1482 5391 sunt
1499 5321 1693 5386 casuri,
1724 5336 1829 5374 non
1855 5330 1977 5375 sunt
1995 5336 2125 5388 prte-

535 5394 808 5448 destinati.
832 5390 1028 5447 Essent
1055 5401 1231 5446 autem
1260 5390 1639 5459 praedestinati,
1670 5394 1715 5445 si
1744 5400 2124 5447 essentrever—

536 5466 667 5528 suri,
697 5472 755 5521 et
779 5466 830 5519 in
862 5464 1143 5517 sanctitate
1169 5477 1233 5516 ac
1256 5463 1480 5516 veritate
1504 5463 1761 5533 mansuri.
1789 5463 1867 5517 Ac
1898 5477 1992 5533 per
2023 5463 2123 5518 hoc

532 5536 933 5607 praedestinatio
961 5535 1077 5600 Dei,
1108 5534 1289 5588 multis
1316 5540 1578 5588 estcausa
1601 5532 1795 5601 standi,
1825 5532 2123 5590 neiniuiest

533 5606 693 5662 causa
724 5606 954 5661 labendi.

603 5677 724 5733 Om.
755 5675 894 5732 Xlll.
927 5677 1063 5745 Quia
1090 5690 1278 5733 omnes
1305 5675 1380 5730 illi
1409 5674 1592 5730 ﬁdeles
1619 5684 1674 5731 et
1701 5675 1905 5742 sancti,
1935 5678 2023 5746 qui
2055 5676 2121 5732 ad

534 5757 791 5802 aeternam
823 5758 1049 5803 mortem
1074 5748 1433 5817 praedestinati
1459 5756 1602 5810 sunt,
1625 5748 1837 5816 quando
1861 5748 1927 5802 ad
1956 5749 2124 5803 vomi-

533 5825 648 5873 tum
677 5833 831 5873 suum
873 5818 1213 5884 relabuntur,
1261 5819 1391 5873 vitio
1418 5817 1632 5889 quidem
1670 5833 1768 5875 suo
1807 5818 1907 5874 hoc
1947 5819 2122 5875 facere

608 5968 631 6005 ⁸
655 5973 959 6039 monuimus
979 5982 1083 6036 ttts.,
1107 5975 1405 6027 maritam.

2214 342 2497 373 Wwah

1709 444 2110 507 APPENDICIS
2146 444 2327 503 PARS
2363 441 2639 501 TERTlA.

3679 440 3825 504 I848

2235 560 2512 624 videntur;
2554 559 2648 616 sed
2679 559 2860 632 ipsius
2902 559 3015 615 vitii
3041 564 3317 632 causaest
3337 557 3517 616 divina
3540 558 3828 632 praedesti-

2235 633 2379 688 natio
2399 673 2414 697 ,
2455 647 2574 702 qua:
2618 631 2720 687 illis
2751 632 2978 686 latenter
3010 631 3279 688 subtrahit
3305 631 3475 688 bonas
3500 631 3827 690 voluntates.

2306 702 2467 758 Rssr.
2485 703 2645 774 fidem
2673 703 3122 774 blasphemiarum
3150 703 3370 774 spiritus
3397 713 3742 774 perseverat,
3773 714 3830 761 et

2232 789 2261 828 a
2289 773 2715 847 prrecedentihus
2754 773 3046 830 mendaciis
3082 773 3417 847 subSequens
3443 775 3693 847 impietas
3716 791 3828 832 non

2231 845 2471 901 recedit:
2495 861 2658 916 quam
2686 859 2905 916 prorsus
2931 860 3054 900 vera
3068 846 3216 914 ratio
3246 845 3604 916 reprobatfet
3636 847 3830 902 incun-

2232 925 2459 990 c_tanter_
2471 931 2598 990 sana
2614 916 2866 990 doctrina
2897 917 3237 972 condemnat.
3265 916 3397 984 Quia
3422 919 3677 990 omnibus
3701 919 3827 990 qui-

2230 988 2354 1043 dem
2378 1002 2408 1043 a
2432 986 2537 1042 ﬁde
2563 986 2627 1041 ad
2661 986 3049 1053 inﬁdelitatem,
3078 1003 3107 1042 a
3136 990 3417 1044 sanctitate
3443 988 3511 1043 ad
3539 986 3821 1055 turpitudi-

2235 1075 2355 1115 nem
2387 1059 2611 1128 relapsis
2632 1100 2647 1122 ,
2683 1068 2736 1114 et
2779 1068 2903 1114 ante
2930 1058 3087 1114 ﬁnem
3126 1060 3250 1114 vita:
3277 1060 3419 1115 nulla
3445 1061 3826 1117 emendatione

2234 1131 2487 1201 purgatis,
2520 1130 2650 1184 nihil
2680 1129 2823 1184 aliud
2848 1146 3006 1199 quam
3035 1145 3182 1186 mors
3208 1140 3406 1187 aeterna
3435 1131 3705 1188 debetur:
3727 1132 3824 1188 sed

2230 1202 2381 1257 nefas
2425 1210 2508 1256 est
2550 1201 2661 1256 Deo
2698 1201 3002 1257 adscribere
3042 1216 3231 1257 causas
3279 1202 3457 1257 talium
3511 1204 3822 1269 ruinarum,

2230 1273 2321 1345 qui
2357 1272 2475 1345 etsi
2499 1288 2565 1328 ex
2601 1281 2799 1327 teterna
2840 1273 3063 1328 scientia
3091 1274 3472 1344 praeeognitum
3503 1273 3671 1331 habet
3698 1274 3823 1345 quid

2232 1343 2650 1414 uniuscujusque
2679 1344 2887 1399 meritis
2911 1343 3378 1409 retributurus’sit,
3412 1345 3612 1401 nemini
3641 1343 3822 1402 tamen

2230 1430 2330 1486 per
2358 1416 2459 1469 hoc
2486 1414 2626 1484 quod
2655 1414 2761 1469 falli
2793 1430 2898 1470 non
2937 1425 3141 1484 potest,
3173 1424 3265 1472 aut
3295 1417 3702 1483 necessitatem,
3733 1425 3824 1473 aut

2229 1487 2554 1558 voluntatem
2606 1486 2782 1558 intulit
2824 1487 3188 1558 delinquendi.
3230 1487 3287 1543 Si
3316 1502 3445 1558 ergo
3471 1503 3499 1541 a
3522 1487 3739 1558 jnstitia
3764 1496 3818 1544 et

2230 1557 2428 1628 pietate
2457 1558 2577 1628 quis
2612 1557 2822 1625 deﬁcit,
2863 1574 2961 1611 suo
2996 1558 3047 1611 in
3080 1572 3316 1629 praeceps
3352 1557 3533 1614 fertur
3557 1559 3819 1624 arbitrio,

2229 1644 2326 1683 sua
2353 1629 2782 1701 concupiscentia
2814 1629 3083 1701 trahitur,
3124 1645 3219 1701 sua
3252 1630 3595 1700 persuasione
3620 1630 3823 1701 decipi-

2232 1707 2340 1754 tur.
2377 1698 2623 1755 Nihilibi
2648 1700 2835 1765 Pater,
2878 1700 3011 1755 nihil
3048 1698 3263 1767 Filius,
3286 1701 3417 1755 nihil
3443 1701 3554 1771 agit
3588 1698 3823 1771 Spiritus

2230 1780 2478 1835 sanctus;
2508 1785 2609 1826 nec
2633 1771 2725 1842 tali
2755 1772 2968 1841 negotio
2993 1772 3279 1842 quidquam
3309 1771 3502 1827 divina:
3527 1773 3820 1828 voluntatis

2231 1841 2518 1897 intervenit
2538 1860 2551 1896 :
2569 1841 2719 1909 cujus
2739 1856 2903 1912 opere
2922 1843 3121 1897 multos
3147 1843 3366 1907 scimus,
3395 1858 3463 1898 ne
3484 1843 3817 1909 laberentur,

2230 1921 2473 1986 retentos
2478 1913 2922 1986 ;_o_ullosoantem,
2958 1923 3017 1967 ut
3032 1913 3368 1986 laberentur,
3400 1914 3687 1986 impulsos.

2300 1983 2419 2040 Osi.
2450 1983 2589 2040 XIV.
2620 1983 2755 2050 Quia
2783 1999 2972 2055 magna
3010 1999 3131 2055 pars
3157 1984 3248 2040 illa
3271 1983 3698 2041 Christianorum
3722 2001 3817 2042 ca-

2230 2053 2575 2127 tholicorum,
2602 2055 2832 2109 ﬁdelium
2856 2053 3363 2124 atque‘sanctorum,
3380 2070 3501 2127 quae
3521 2057 3587 2111 ad
3609 2057 3820 2115 ruinam

2229 2135 2284 2181 et
2314 2126 2664 2197 perditionem
2694 2126 3067 2196 prmdestinata
3095 2134 3198 2192 est,
3241 2126 3449 2182 etiamSi
3479 2136 3631 2197 petat
3653 2143 3684 2182 a
3710 2128 3822 2185 Deo

2229 2196 2527 2280 sanctitatis
2556 2199 3003 2283 perseveraritiam
3026 2240 3041 2264 ,
3077 2196 3519 2283 non_impetrabit
3539 2217 3555 2254 :
3577 2214 3649 2255 eo
3678 2200 3823 2283 qopd

2230 2269 2577 2340 mutariﬂnon
2627 2278 2804 2338 potest
2839 2268 3015 2324 divina
3061 2268 3489 2339 praedestinatio,
3536 2285 3662 2340 quae
3698 2268 3822 2326 illos

2230 2339 2637 2411 prmordinavit,
2663 2340 3016 2411 praeparavit,
3049 2341 3361 2411 prmaptavit
3385 2348 3445 2394 ut
3468 2339 3748 2397 caderent.

2305 2410 2465 2483 Busa.
2498 2410 2578 2483 Ad
2608 2410 3096 2483 praevaricationem
3126 2410 3279 2483 legis,
3311 2411 3377 2466 ad
3402 2412 3710 2483 neglectum
3732 2428 3820 2470 re-

2231 2479 2477 2552 ligionis,
2511 2481 2578 2536 ad
2603 2481 2962 2551 corruptelam
3006 2479 3330 2552 disciplinae,
3359 2480 3425 2537 ad
3450 2479 3812 2540 desertionem

2232 2550 2376 2617 ﬁdei,
2406 2551 2474 2606 ad
2507 2550 2957 2625 perpetrationem
2983 2550 3385 2625 qualiscumque
3411 2555 3644 2625 peccati,
3675 2556 3817 2611 nulla

2230 2625 2448 2709 omnino
2476 2622 2980 2709 esiprtedestinatio
3012 2624 3104 2709 Dei
3124 2642 3138 2680 :
3159 2639 3260 2680 nec
3287 2622 3612 2709 ﬁeri—potest
3639 2635 3709 2709 ut_
3726 2642 3818 2709 per

2228 2708 2390 2820 quem
2416 2709 2447 2748 a
2472 2694 2859 2778 talibus-malis
2887 2695 3136 2778 surgitur,
3159 2709 3266 2778 per
3286 2711 3408 2779 eum
3436 2694 3493 2751 in
3511 2695 3644 2779 talia
3674 2694 3817 2753 deci-

2266 2773 2402 2820 atur.
2429 2764 2487 2820 St
2512 2780 2641 2820 eruo
2681 2782 2734 2820 in
2760 2774 3040 2820 sanctitate
3068 2776 3291 2820 Vivitur.
3320 2782 3367 2820 si
3391 2783 3445 2820 in
3473 2774 3675 2820 Virtute
3695 2783 3817 2820 nro-

2266 2773 2402 2840 atur.
2429 2764 2661 2840 Siet-go
2681 2766 2734 2821 in
2758 2764 3040 2840 sanctitate
3068 2767 3291 2829 vivitur,
3320 2766 3367 2821 si
3391 2767 3445 2822 in
3473 2767 3675 2840 virtute
3695 2783 3818 2840 pro-

2230 2836 2427 2901 ﬁcitur,
2466 2836 2511 2891 si
2555 2836 2609 2891 in
2649 2836 2802 2892 bonis
2842 2836 3032 2893 studiis
3067 2846 3440 2907 permanetur;
3473 2836 3814 2897 manifestum

2228 2921 2423 2962 munus
2449 2915 2536 2963 est
2563 2908 2685 2975 Dei,
2736 2908 2850 2963 sine
2881 2924 2987 2976 quo
3014 2908 3211 2963 nullius
3239 2908 3366 2964 boni
3403 2910 3585 2978 aperis
3615 2909 3814 2966 fructus

2228 2979 2558 3049 acquiritur:
2584 2979 2630 3034 si
2669 2987 2844 3049 autem
2872 2979 2941 3033 ab
2981 2979 3043 3034 iis
3072 2979 3374 3045 reeeditur,
3413 2988 3469 3035 et
3508 2979 3576 3035 ad
3603 2981 3733 3036 vitia
3755 2997 3815 3038 ac

2230 3048 2447 3118 peccata
2475 3050 2756 3115 transitur;
2787 3048 2919 3104 nihil
2943 3050 3012 3105 ibi
3041 3050 3179 3105 Deus
3201 3051 3354 3105 mala:
3380 3051 3695 3107 tentationis
3714 3053 3812 3107 im-

2231 3119 2389 3192 mittit
2412 3163 2425 3183 ,
2470 3131 2521 3175 et
2546 3135 2882 3177 recessurum
2911 3136 3016 3176 non
3040 3122 3238 3179 deserit
3261 3131 3546 3192 antequam
3572 3123 3810 3190 deserat;

2229 3199 2284 3245 et
2307 3190 2433 3247 facit
2455 3192 2783 3263 plerumque,
2814 3208 2879 3247 ne
2898 3192 3132 3259 deserat,
3160 3201 3252 3248 aut
3272 3190 3453 3255 etiam,
3477 3193 3523 3247 si
3543 3192 3806 3260 discessit,

2230 3273 2287 3316 ut
2312 3263 2511 3318 redeat.
2551 3263 2658 3319 Cur
2693 3272 2873 3318 autem
2904 3264 3050 3319 illum
3079 3264 3345 3331 retineat,
3374 3264 3523 3318 illum
3552 3279 3663 3319 non
3693 3266 3809 3320 reti-

2229 3344 2382 3395 neat;
2413 3348 2512 3390 nec
2555 3335 2808 3406 possibile
2839 3343 2921 3390 est
2949 3334 3439 3406 comprehendere,
3486 3349 3588 3391 nec
3616 3336 3808 3392 licitum

2228 3407 2525 3475 vestigare;
2571 3405 2874 3479 cumseire
2910 3406 3170 3479 sufﬁciat,
3199 3406 3362 3479 etab
3398 3406 3489 3461 illo
3513 3420 3641 3463 esse
3677 3409 3809 3479 quod

2228 3485 2419 3548 Stagur,
2448 3486 2503 3548 et
2528 3492 2634 3548 non
2670 3477 2738 3531 ab
2766 3477 2857 3533 illo
2880 3492 2999 3533 esse
3024 3477 3164 3548 quod
3193 3478 3385 3532 ruitur.

2299 3545 2417 3603 031.
2446 3546 2565 3602 XV.
2591 3548 2725 3617 Quia
2752 3563 2940 3603 omnes
2967 3545 3054 3603 illi
3086 3548 3270 3603 ﬁdeles
3299 3558 3353 3603 et
3377 3548 3550 3603 sancti
3574 3590 3590 3612 ,
3633 3549 3724 3620 qui
3750 3550 3809 3605 ad

2229 3627 2484 3674 aeternam
2514 3630 2738 3674 mortem
2783 3620 3141 3690 praedestinati
3171 3627 3330 3685 sunt,
3354 3629 3707 3690 posteaquam
3731 3635 3811 3676 ce-

2228 3690 2475 3755 ciderint,
2503 3690 2578 3745 sic
2599 3706 2629 3745 a
2660 3690 2769 3746 Deo
2784 3691 3191 3762 dispensentur,
3219 3707 3286 3747 ne
3315 3692 3522 3761 possint
3542 3692 3632 3746 vel
3657 3692 3812 3747 velint

2228 3774 2325 3831 per
2347 3761 2712 3831 paenitentiam
2740 3761 2971 3817 liberari.

2300 3831 2461 3903 Resp.
2485 3831 2599 3888 Non
2626 3833 2906 3897 veraciter,
2931 3848 3030 3888 nec
3055 3833 3324 3903 sapienter
3348 3833 3451 3888 hoc
3475 3832 3693 3889 dicitur.
3714 3833 3813 3901 Qui

2228 3901 2371 3959 enim
2407 3919 2436 3956 a
2469 3903 2572 3958 ﬁde
2599 3912 2653 3959 et
2680 3905 2962 3959 sanctitate
2986 3901 3337 3970 exciderunt,
3368 3905 3512 3959 sicut
3545 3908 3815 3961 voluntate

2228 3974 2460 4045 prolapsi
2489 3983 2649 4041 sunt,
2679 3975 2749 4029 ita
2781 3976 3054 4031 voluntate
3082 3991 3184 4029 non
3217 3984 3462 4043 surgunt,
3497 3984 3554 4030 et
3583 3976 3817 4031 domina-

2231 4055 2341 4119 tum
2369 4047 2940 4119 concupisecntiarum,
2967 4047 3606 4119 quibussuoculmeruut,
3636 4056 3818 4119 sponte

2227 4118 2519 4191 patiuntur.
2543 4112 2618 4173 Si
2658 4118 2747 4188 qui
2786 4112 2961 4191 autem
2987 4112 3537 4191 captivitatemosuam
3566 4112 3816 4188 gemunt,

2227 4188 2282 4242 et
2297 4188 2597 4259 judicantes
2616 4188 2954 4259 semetipsos,
2973 4189 3040 4244 ad
3058 4189 3478 4244 misericordiam
3501 4189 3599 4244 Dei
3624 4199 3820 4246 mutato

2229 4258 2393 4331 corde
2418 4259 2749 4331 confugiunt,
2782 4273 2888 4314 non
2914 4261 3030 4315 sine
3059 4261 3248 4328 spiritu
3273 4259 3471 4314 divinae
3498 4260 3821 4331 visitationis

2230 4328 2346 4383 hmo
2367 4328 2733 4387 faciuntfﬂaic
2752 4331 2894 4385 enim
2916 4331 3139 4385 mutatio
3158 4330 3395 4386 dexterae
3411 4331 3628 4386 Excelsi
3653 4330 3821 4401 (Paul.

2229 4415 2414 4473 Lxxvi,
2450 4400 2538 4464 il)
2566 4419 2578 4455 :
2602 4402 2692 4473 qui
2719 4402 3015 4456 innumeris
3054 4402 3217 4472 lapsis
3244 4401 3338 4456 dat
3362 4400 3742 4473 ptenitentiam
3772 4412 3825 4457 ut

2230 4472 2546 4544 resipiscam
2570 4487 2598 4525 a
2626 4471 2823 4527 diaboli
2850 4472 3071 4544 laqueis,
3091 4471 3120 4528 a
3144 4471 3473 4544 quocaptivi
3504 4474 3824 4529 tenebantur

2228 4542 2293 4597 ad
2310 4541 2476 4612 ipsius
2488 4544 2809 4599 voluntatem
2828 4543 2846 4613 (
2856 4542 2899 4598 II
2915 4541 3046 4597 Tim.
3061 4560 3120 4612 ιι,
3131 4543 3247 4614 26).
3264 4541 3474 4599 Nemini
3492 4553 3677 4599 autem
3691 4544 3826 4600 Deus

2230 4614 2579 4685 correctionis
2606 4614 2791 4669 adimit
2816 4616 2977 4680 viam,
3012 4629 3111 4671 nec
3136 4630 3460 4685 quemquam
3488 4615 3618 4670 boni
3651 4616 3824 4685 possi-

2229 4684 2435 4740 bilitate
2477 4684 2745 4756 dispoliat.
2774 4685 2906 4754 Quia
2947 4686 3036 4756 qui
3082 4684 3197 4742 sea
3231 4687 3338 4740 Deo
3363 4686 3593 4750 avertit,
3633 4684 3749 4755 ipse
3776 4695 3824 4740 et

2232 4700 2435 4740 minare
2477 4700 2745 4810 uisggnat.
2774 4700 2906 4754 Quia
2947 4702 3036 4756 qut
3082 4701 3141 4742 se
3167 4702 3197 4741 a
3231 4700 3338 4740 Deo
3363 4700 3593 4750 avertit,
3633 4701 3749 4755 ipse
3776 4700 3824 4740 et

2232 4756 2371 4810 Vt'lic
2396 4756 2537 4826 quod
2639 4773 2761 4811 num
2791 4766 2908 4823 est,
2951 4766 3006 4812 et
3034 4770 3191 4827 posse
3216 4757 3312 4811 sibi
3344 4756 3581 4811 sustulit.
3604 4756 3724 4812 Non
3749 4765 3826 4814 εει

2230 4841 2358 4896 ergo
2385 4842 2751 4896 consequens,
2789 4829 2927 4883 sicut
2951 4828 3262 4898 putant-qui
3289 4828 3412 4881 talia
3440 4828 3739 4898 objiciunt,
3773 4836 3828 4882 ut

2233 4897 2394 4969 Deus,
2418 4899 2608 4969 quibus
2630 4900 2995 4969 paenitentiam
3023 4913 3129 4954 non
3149 4897 3377 4958 dederit.
3400 4900 3825 4969 resipiscentiam

2231 4968 2536 5033 abstulerit;
2568 4978 2624 5024 et
2638 4968 2775 5039 quos
2797 4987 2899 5025 non
2929 4970 3137 5034 levarit,
3164 4969 3421 5024 alliserit:
3445 4968 3567 5024 cum
3590 4970 3738 5026 aliud
3761 4969 3828 5026 sit

2233 5040 2497 5112 insontem
2528 5041 2579 5095 in
2606 5042 2808 5095 crimen
2841 5041 3034 5112 egisse,
3067 5040 3208 5112 quod
3239 5040 3474 5095 alienum
3505 5051 3593 5112 est
3616 5057 3647 5096 a
3680 5042 3816 5105 Deo;

2230 5110 2372 5193 aliud
2397 5111 2686 5193 criminose
2712 5110 2918 5167 veniam
2957 5127 3064 5166 non
3093 5111 3335 5178 dedisse,
3379 5111 3522 5183 quod
3548 5111 3619 5167 de
3643 5128 3829 5183 pecca-

2233 5184 2362 5235 toris
2390 5192 2473 5238 est
2501 5184 2712 5238 merito.

2302 5249 2422 5309 Oet.
2448 5251 2588 5309 XVI.
2618 5254 2750 5322 Quia
2777 5268 2963 5324 magna
2987 5263 3111 5325 pars
3132 5253 3218 5309 illa
3245 5252 3480 5309 ﬁdelium
3507 5264 3676 5325 atque
3704 5268 3830 5310 san-

2229 5332 2462 5392 ctorum,
2489 5340 2607 5395 qum
2650 5325 2715 5380 ad
2744 5324 3001 5381 aeternam
3027 5334 3252 5380 mortem
3296 5324 3680 5395 prtedestinata
3720 5335 3828 5391 est,

2230 5396 2443 5465 quando
2480 5397 2608 5452 dicit
2633 5396 2746 5452 Deo
2774 5396 2824 5450 in
2856 5396 3097 5451 oratione
3126 5395 3414 5459 dominica,
3449 5395 3573 5450 Fiat
3598 5398 3831 5451 voluntas

2232 5475 2320 5539 tuo
2343 5466 2556 5538 (Matth.
2586 5484 2658 5539 vi,
2688 5467 2809 5537 10);
2842 5466 2972 5521 nihil
3001 5467 3144 5522 aliud
3170 5482 3328 5537 quam
3354 5477 3541 5539 contra
3573 5482 3634 5539 se
3661 5478 3830 5539 petat,

2232 5537 2283 5591 id
2314 5537 2416 5605 est,
2450 5547 2505 5593 ut
2530 5538 2721 5594 cadant
2745 5547 2797 5594 et
2823 5549 3008 5603 ruant;
3034 5541 3159 5609 quia
3186 5538 3432 5593 voluntas
3457 5538 3551 5593 Dei
3581 5537 3703 5593 huic
3727 5548 3831 5605 est,

2234 5618 2290 5663 ιιι
2320 5619 2516 5665 mterua
2549 5619 2718 5664 morte
2745 5618 2985 5677 pereant.

2304 5680 2464 5736 Resp.
2497 5681 2610 5735 Non
2645 5682 2744 5735 hoc
2768 5680 2975 5736 Veritas
2998 5679 3147 5748 dicit,
3179 5680 3320 5751 quod
3353 5680 3469 5735 haec
3488 5682 3558 5735 sit
3583 5682 3836 5735 voluntas

2234 5752 2350 5816 Dei,
2385 5761 2441 5807 ut
2467 5752 2648 5807 ﬁdeles
2673 5762 2727 5807 et
2752 5752 2918 5806 sancti
2944 5768 2973 5806 a
3003 5752 3105 5806 ﬁde
3136 5761 3296 5819 atque
3318 5753 3624 5807 innocentia
3650 5763 3833 5816 ruant,

2232 5831 2288 5878 et
2328 5832 2547 5892 pereant
2582 5824 2632 5878 in
2677 5831 2936 5878 aeternum
2964 5842 2977 5877 :
3006 5823 3099 5878 sed
3150 5823 3355 5878 Veritas
3395 5823 3561 5890 dicit,
3606 5821 3737 5877 Ηιεε
3762 5832 3837 5877 est

2233 5895 2465 5948 voluntas
2495 5897 2604 5965 ejus
2631 5897 2714 5965 qui
2742 5910 2819 5948 me
2845 5895 2981 5948 misit
3017 5894 3189 5949 Patris
3212 5937 3227 5961 ,
3268 5904 3324 5948 ut
3348 5910 3496 5949 omne
3521 5896 3662 5963 quod
3693 5895 3837 5965 dedit

2236 5965 2382 6033 mihi,
2409 5963 2523 6020 non‘
2540 5963 2749 6037 perdant
2776 5983 2837 6022 ea:
2866 5983 2923 6021 eo
2945 5967 3242 6047 quidquam,
3268 5965 3357 6021 sed
3385 5966 3681 6020 resuscitem
3705 5963 3837 6019 illud

3413 6197 3477 6261 θ
