4064 6502
439 462 464 518 1
474 460 580 519 875

662 572 988 632 CLXXXVI.
1015 571 1099 644 Ne
1115 573 1255 644 juste
1279 570 1565 644 ﬂagellatus
1591 568 1776 644 doleat.

505 646 620 700 Non
650 655 1005 715 conqueratur
1033 634 1211 715 homo,
1243 634 1454 715 quando
1498 641 1548 693 in
1591 639 1674 693 his
1712 651 1830 705 qtae
1855 634 2013 715 iuste

437 717 618 783 habet,
661 704 856 782 patilur
897 715 1099 784 aliquas
1139 704 1484 784 adversitates
1518 727 1531 763 :
1568 725 1662 778 per
1704 704 2012 784 amaritudi-

423 803 559 842 .ltem
603 779 746 842 enim
791 779 1106 841 inferiorum
1150 783 1374 838 docetur
1415 795 1597 834 amare
1643 779 1898 840 meliora;
1944 788 2014 834 ne

437 859 607 912 viator
653 857 872 912 tendens
914 855 983 911 ad
1023 854 1267 925 patriam,
1305 851 1568 906 stabulum
1611 865 1708 920 pro
1739 847 1900 903 domo
1929 844 2015 899 di-

437 929 580 982 Iittat.
615 929 710 982 (al.

472 937 580 999 gat.
615 927 1008 1052 “CLXXXVII.
1039 991 1107 1050 Ut
1134 1000 1362 1064 peccator
1383 990 1476 1044 sibi
1503 989 1785 1058 displiceat.

508 1067 649 1122 Bene
690 1069 854 1121 currit
875 1066 939 1120 ad
987 1055 1348 1120 remissionem
1389 1055 1744 1129 peccatorum,
1774 1055 2008 1129 quidis-

439 1137 601 1207 plicet
652 1138 776 1191 sibi.
803 1135 956 1206 Apud
976 1135 1207 1206 judicem
1233 1127 1600 1207 enirn—justum
1628 1139 1682 1186 et
1711 1127 2011 1183 misericor-

434 1200 554 1263 dem
577 1208 666 1278 qui
690 1223 750 1278 se
775 1200 1248 1278 acetisat,_ex_t:usat
1277 1200 1371 1275 (b).

679 1275 1048 1333 CLXXXVIII.
1083 1274 1155 1328 De
1177 1269 1458 1344 qttterendis
1484 1269 1752 1344 prasidiis.

509 1347 566 1402 In
597 1348 978 1418 tranquillitate
1001 1346 1146 1416 pacis
1171 1336 1664 1418 comprehendenda
1693 1348 1776 1418 est
1807 1336 2008 1418 doctgi-

434 1433 500 1471 na
545 1407 840 1487 sapieniire,
867 1433 985 1487 quae
1004 1407 1153 1487 inter
1182 1407 1575 1487 tribulationnm
1606 1410 1844 1487 turbines
1869 1407 2008 1487 difli-

433 1478 972 1558 culter'agnoseitur:
1003 1501 1103 1540 nec
1131 1484 1282 1558 (acile
1324 1480 1665 1558 inveniuntur
1693 1481 1744 1558 in
1775 1478 2010 1558 adversi-

434 1567 543 1613 tate
570 1547 833 1629 praesidia,
860 1553 1403 1629 qttnp_n_oi_i_fuerint_in
1430 1552 1799 1629 pacequmsita
1823 1547 1920 1622 (c).

844 1621 1169 1683 CLXXXIX.
1203 1624 1279 1678 De
1302 1623 1452 1677 altari
1479 1621 1592 1674 Dei.

506 1697 586 1752 Ad
621 1698 788 1753 altare
814 1699 910 1754 Dei
938 1697 1218 1756 invisibile.
1250 1710 1358 1765 quo
1389 1709 1493 1765 non
1521 1691 1724 1765 accedit
1755 1689 2004 1765 injustns,

435 1767 524 1839 ille
555 1769 812 1838 pervenit,
837 1769 927 1839 qui
953 1766 1020 1839 ad
1051 1768 1150 1839 hoc
1177 1760 1411 1834 prtesens
1433 1763 1752 1839 justilicatus
1779 1760 2003 1839 accedit.

431 1829 669 1893 lnve'niet
709 1829 869 1894 enim'
896 1837 1002 1894 illic
1038 1829 1201 1891 vitam
1245 1829 1534 1905 suaquui
1578 1832 1664 1887 hic
1699 1829 2009 1887 discreverit

430 1922 642 1964 causam
675 1925 824 1964 suam
855 1907 955 1982 (d).

1009 1975 1162 2032 CXC.
1199 1974 1274 2031 De
1301 1975 1425 2046 lege.

501 2047 649 2104 Finis
671 2049 804 2120 legis
825 2047 1066 2120 Christus
1089 2056 1171 2120 est
1197 2048 1246 2100 in
1269 2043 1373 2120 quo
1399 2046 1479 2120 lex
1505 2043 1726 2120 justititc
1751 2058 1856 2120 non
1878 2056 2008 2120 con—

428 2119 676 2185 sumitur,
705 2111 797 2175 scd
830 2118 1101 2191 impletur.
1128 2111 1312 2173 Omnis
1340 2115 1480 2169 enim
1508 2111 1766 2191 perfectio
1801 2113 1852 2191 in
1891 2111 2008 2191 ipso

429 2198 514 2260 est
538 2207 553 2244 :
583 2184 714 2244 ultra
736 2184 1030 2260 quem'non
1055 2198 1157 2254 est,
1183 2202 1288 2260 quo
1312 2201 1370 2242 se
1395 2201 1521 2256 spes
1547 2185 1668 2240 lidei
1694 2193 1748 2241 et
1775 2184 2008 2238 charita—

431 2259 502 2316 tis
525 2259 777 2317 extendat
803 2259 896 2333 (c).

875 2328 1008 2384 XCI.
1035 2327 1113 2383 De
1135 2327 1271 2382 mala
1297 2326 1616 2381 conscientia.

501 2398 670 2455 Nullze
697 2415 870 2470 patum
896 2401 1169 2470 graviores
1196 2407 1338 2464 sunt,
1366 2413 1523 2468 quam
1555 2395 1708 2470 m_al.fe
1733 2393 2007 2470 conscien-

501 2416 670 2455 nume
697 2416 870 2470 pmnze
935 2416 1169 2455 ravtores
1196 2416 1338 2464 sunt,
1366 2416 1523 2468 quam
1555 2416 1708 2450 manu
1733 2416 2005 2449 COHSCICII-

429 2469 520 2541 tite
538 2485 554 2524 :
574 2471 626 2524 in
643 2486 744 2541 qua
764 2487 884 2528 cum
896 2416 1038 2526 Deus
1050 2485 1155 2541 non
1174 2470 1413 2541 habetur,
1428 2465 1718 2523 consolatio
1739 2480 1841 2518 non
1858 2465 2005 2541 inve-

428 2539 611 2595 nitur:
638 2535 692 2596 et
719 2541 840 2597 ideo
869 2539 1194 2597 invocandus
1217 2548 1299 2593 est
1325 2540 1599 2601 liberator,
1628 2545 1683 2590 ut
1717 2551 1874 2605 quem
1911 2535 2006 2588 tri-

429 2606 630 2664 bulatio
653 2611 892 2668 exercuit
915 2612 981 2668 ad
1010 2609 1398 2667 confessionem
1417 2649 1435 2675 ,
1461 2606 1724 2665 confessio
1751 2605 2005 2677 perducat

428 2679 498 2735 ad
521 2681 723 2736 veniam
750 2682 844 2755 (ι’).

971 2747 1168 2807 CXCII.
1203 2749 1280 2805 De
1307 2765 1463 2832 a’gro.

500 2819 651 2888 Quod
691 2821 901 2891 gravius
942 2831 1215 2891 peccatum
1243 2815 1392 2891 πει-ἶ,
1423 2833 1578 2891 quam
1609 2815 1798 2891 medici
1827 2815 2004 2891 inter-

500 2836 651 2888 υυθα
691 2836 901 2891 gravms
942 2836 1215 2891 peccatum
1243 2836 1288 2875 ω
1328 2838 1392 2882 I'I,
1461 2836 1578 2872 nam
1609 2836 1798 2873 IIIBIIICI
1839 2836 2004 2870 ιιιιει-

430 2889 630 2962 fectio?
650 2891 756 2962 Sed
785 2907 905 2962 eum
931 2891 984 2947 in
1008 2837 1407 2962 BaptismoItoc
1423 2836 1728 2952 dimittitur,
1751 2885 1877 2958 quid
1899 2902 2005 2940 non

429 2960 712 3018 dimittitur
733 2959 848 3032 (g)?

761 3026 938 3089 XCIII.
965 3031 1044 3087 De
1067 3031 1350 3086 ruminante
1381 3028 1580 3084 uerbum
1612 3026 1722 3080 Dei.

502 3101 727 3158 Auditor
753 3102 902 3159 verbi
943 3103 1134 3158 similis
1170 3101 1327 3156 debet
1372 3115 1491 3154 esse
1529 3097 1862 3161 animalibus,
1886 3112 2007 3166 quae

429 3171 502 3245 ob
531 3171 634 3245 hoc
660 3173 1103 3245 quiarnminant,
1135 3171 1474 3245 munda‘esse
1498 3169 1745 3245 dicuntur
1773 3185 1786 3222 :
1820 3178 1873 3220 ut
1900 3183 2004 3245 n_on

428 3243 500 3298 sit
527 3237 766 3316 piger'de
792 3243 876 3299 his
901 3237 1152 3316 cogitare,
1183 3258 1300 3316 quae
1329 3242 1380 3316 in
1411 3242 1529 3295 alvo
1554 3237 1731 3294 cordis
1759 3238 1966 3316 accepit
1990 3255 2004 3290 :

430 3321 487 3368 et
512 3307 632 3368 cuin
671 3315 840 3382 audit,
879 3315 951 3370 sit
967 3307 1175 3368 'simili’s
1201 3307 1412 3376 edenti;
1441 3327 1559 3366 cum
1592 3324 1718 3382 vero
1746 3308 1922 3363 audita
1953 3307 2006 3362 in

429 3385 741 3440 memoriam
767 3377 1000 3443 revocat.
1027 3385 1097 3439 sit
1122 3383 1308 3436 similis
1334 3380 1617 3452 ruminanti
1644 3377 1742 3452 (Ιι).

812 3452 1035 3510 CXCIV.
1068 3452 1144 3507 De
1170 3453 1339 3506 anima
1367 3451 1621 3506 rationali.

504 3523 796 3579 Rationalis
839 3525 1014 3579 anima
1055 3523 1264 3578 domina
1313 3531 1396 3576 est
1436 3519 1677 3590 corporis
1723 3518 1844 3582 sui;
1888 3535 2008 3587 qua:

429 3593 666 3650 inferiori
707 3610 812 3648 non
855 3594 991 3649 bene
1033 3593 1340 3662 imperabit,
1382 3591 1481 3646 nisi
1521 3590 1780 3661 superiori
1811 3604 1870 3644 se
1900 3591 2007 3644 Deo

431 3672 541 3720 tota
566 3665 844 3720 charitatis
871 3664 1199 3730 subiectione
1225 3663 1467 3718 servierit
1497 3662 1579 3784 (Β.

807 3733 1007 3784 CXCV.
1040 3734 1116 3784 De
1147 3733 1488 3784 misericordia
1560 3749 1579 3784 ε

807 3733 1007 3791 CXCV.
1040 3734 1116 3789 De
1147 3733 1488 3786 misericordia
1507 3731 1623 3786 Dei.

501 3805 652 3860 Sicut
692 3815 830 3862 terra
859 3806 927 3860 de
954 3805 1091 3860 caelo
1120 3811 1392 3872 exspectat
1417 3803 1674 3872 pluviam,
1701 3809 1754 3854 et
1783 3798 1956 3872 lucem
1989 3817 2004 3854 :

429 3875 508 3930 sic
539 3878 697 3931 homo
725 3892 788 3932 ex
820 3877 930 3932 Deo
955 3875 1113 3932 debet
1141 3871 1450 3944 exspectare
1479 3871 1925 3937 misericordiam,
1952 3879 2008 3926 et

429 3945 706 4002 veritatem
736 3946 902 4034 (ᾕὸΠὶ

760 4011 981 4073 CXCVI.
1011 4014 1087 4069 De
1111 4015 1251 4069 bonis
1278 4012 1517 4068 Ecclesia!
1541 4011 1679 4082 ﬁliis.

501 4084 850 4141 Gaudendum
870 4096 948 4141 est
971 4087 1121 4141 bonis
1141 4086 1388 4140 Ecclesia:
1410 4079 1549 4145 filiis,
1570 4080 1708 4152 quod
1732 4079 1782 4135 in
1806 4080 2007 4135 discre—

431 4154 578 4210 tione
627 4170 811 4210 eorum
859 4171 964 4210 non
1012 4156 1207 4210 fallitur
1249 4155 1424 4209 divina
1473 4153 1693 4222 jnstitia.
1743 4152 1847 4206 Sed
1900 4167 2003 4204 non

431 4235 633 4280 temere
661 4225 897 4280 dividant
933 4233 1315 4295 congregatos:
1343 4226 1462 4294 quia
1494 4224 1728 4293 ipsorum
1756 4233 1838 4276 est
1868 4223 2006 4276 velle

429 4297 698 4368 colligere,
723 4293 1206 4368 DorniniAsepara're
1235 4293 1337 4364 (Ιι).

827 4364 1074 4422 CXCVII.
1107 4363 1180 4418 De
1207 4375 1400 4416 terreno
1420 4377 1607 4415 amore.

502 4436 757 4492 Dominus
793 4446 876 4493 est
912 4451 1090 4490 rerum
1121 4449 1254 4504 quas
1297 4433 1481 4498 habet,
1509 4431 1596 4502 qui
1626 4429 1764 4504 nulla
1796 4429 2004 4504 cupidi-

430 4515 540 4562 tate
569 4507 825 4562 irretitur.
851 4506 980 4561 Nam
1006 4507 1097 4575 qui
1137 4501 1465 4575 ierrenorum
1501 4501 1684 4556 amore
1717 4501 2004 4572 obstringi-

430 4585 536 4642 tur,
562 4591 668 4634 non
696 4574 1394 4649 possidet.sed_possidetur
1425 4574 1506 4649 (Ι)ἐ

761 4645 1033 4703 CXCVIII.
1061 4642 1136 4698 De
1165 4642 1452 4697 Ita’reditate
1469 4642 1674 4697 Christi.

502 4715 838 4783 Htereditas,
891 4717 945 4770 in
1001 4731 1109 4786 qua
1160 4713 1467 4786 cohmredes
1521 4712 1715 4786 Christi
1779 4727 2000 4786 sumus,

430 4798 537 4842 nan
569 4787 825 4842 minuitur
849 4783 1184 4841 multitudine
1227 4784 1452 4838 ﬁliorum
1473 4825 1488 4849 ,
1521 4799 1619 4837 nec
1650 4783 1710 4836 tit
1734 4784 2006 4852 angustior

428 4857 810 4912 numerositate
862 4856 1200 4912 cohmrednm
1249 4873 1263 4909 :
1309 4855 1402 4908 sed
1455 4862 1596 4907 tanta
1647 4863 1728 4907 est
1781 4854 2001 4918 multis,

427 4937 627 4998 quanta
646 4929 858 4998 paucis;
885 4926 1294 4998 ta‘ntausingnlis,
1325 4933 1519 4998 quanta
1547 4924 1790 4978 omnibus
1814 4924 1932 4996 (ιη).

909 4995 1242 5051 οχοιχίοε
1269 4996 1524 5066 prima.

497 5067 780 5139 Nunquam
811 5065 970 5122 debet
995 5081 1178 5121 secura
1215 5063 1333 5121 esse
1361 5065 1618 5130 felicitas;
1647 5063 1765 5134 quia
1793 5063 2002 5133 pericu.

512 5176 566 5233 ιι)
595 5183 664 5229 lx
682 5183 846 5226 Enarr.
869 5176 920 5226 in
935 5173 1053 5223 Psal.
1079 5187 1156 5233 xc,
1181 5187 1230 5222 ιι.
1253 5173 1301 5232 5.

515 5234 564 5296 bl
598 5241 854 5289 Ex’Enarr.
879 5238 929 5287 in
952 5235 1068 5285 Psal.
1103 5249 1200 5296 xu,
1223 5249 1273 5284 ιι.
1317 5234 1391 5289 12.

513 5297 563 5350 cl
595 5301 711 5350 vide
732 5299 848 5350 ibid.
873 5311 922 5348 ιι.
950 5297 1025 5347 16.

603 5368 666 5411 Ex
689 5368 850 5411 Enarr.
870 5361 920 5410 in
939 5357 1056 5409 Psal.
1081 5371 1195 5415 xui,
1226 5370 1276 5406 ιι.
1309 5357 1358 5406 5.

515 5418 564 5479 el
597 5424 712 5473 vide
735 5430 896 5472 Enarr.
923 5423 973 5471 in
990 5418 1107 5470 Psal.
1130 5433 1240 5479 xcv,
1266 5433 1314 5467 ιι.
1342 5419 1386 5468 1.

597 5485 712 5534 vide
729 5484 843 5534 ibid.
868 5497 918 5533 ιι.
943 5483 988 5532 2.

598 5545 716 5596 υιὶίΙ.
740 5559 790 5595 ιι.
814 5544 863 5593 4.

598 5614 661 5656 Ex
695 5613 854 5656 Bnarr.
885 5607 936 5655 in
958 5604 1079 5655 Psal.
1105 5619 1228 5663 xm,
1252 5617 1302 5652 ιι.
1329 5603 1374 5652 1.

600 5667 714 5719 vide
735 5668 849 5719 ibid.
874 5681 923 5716 ιι.
951 5667 1025 5717 10.

491 5721 564 5794 (ἢ
595 5730 710 5781 Ibid.
735 5745 783 5780 ιι.
810 5730 885 5794 l3.

596 5798 662 5840 Ex
681 5797 840 5841 Enarr.
865 5792 914 5839 in
937 5787 1054 5839 Psal.
1083 5802 1222 5846 nm,
1256 5801 1304 5836 ιι.
1345 5787 1416 5836 11.

596 5857 658 5902 Ex
683 5859 842 5901 Enarr.
869 5853 918 5900 in
940 5849 1054 5899 Psal.
1084 5864 1236 5905 man,
1260 5863 1406 5897 serm.
1446 5848 1488 5909 1,
1518 5862 1565 5897 ιι.
1589 5845 1618 5894 9

564 5914 671 5977 )Ex
689 5919 848 5963 mur.
881 5913 930 5961 in
954 5911 1069 5961 l‘sal.
1095 5925 1222 5968 sua,
1250 5924 1296 5958 ιι.
1324 5911 1368 5958 2.

518 5530 566 5914 δὲ

1593 447 1987 508 APPENDICIS
2025 446 2200 502 PARS
2239 447 2514 506 TERTIA.

3558 452 3695 508 I876

2123 563 2313 645 losiora
2344 573 2466 645 sunt
2491 566 2672 621 animo
2707 565 2967 630 secunda,
2990 582 3148 636 quam
3187 567 3392 645 corpori
3424 567 3689 645 adversa:

2120 637 2266 702 prius
2311 637 2846 708 enim_corrumpunt
2887 651 3161 708 prospera,
3199 647 3255 692 ut
3295 638 3564 694 inveniant
3593 639 3692 692 ad-

2119 719 2270 760 versa
2296 705 2437 776 quod
2463 705 2706 777 frangant
2722 705 2829 777 '(a).

2491 776 2598 832 CC.
2627 776 2705 831 De
2731 776 2962 832 remediis
2992 777 3310 846 paenitentia.

2187 844 2362 918 Prima
2391 847 2534 904 salus
2560 857 2660 914 est,
2683 847 2951 918 declinare
2984 844 3252 918 peccatum
3281 865 3295 900 :
3321 846 3552 902 secunda
3581 857 3686 914 est,

2117 931 2224 987 non
2262 915 2547 987 desperare
2585 919 2654 972 de
2687 920 2860 973 venia.
2895 915 3027 973 Nam
3073 919 3186 986 ipse
3233 933 3292 972 se
3335 919 3388 972 in
3437 929 3690 974 etet-unm

2113 986 2326 1060 perimit
2347 986 2499 1060 ,iquiA
2523 987 2663 1057 apud
2704 989 3097 1060 misericordem
3133 988 3364 1059 iudicem
3413 988 3481 1043 ad
3519 993 3692 1060 paeni-

2117 1057 2294 1111 tentia:
2320 1058 2553 1142 retiiedia
2585 1074 2694 1142 noni
2720 1060 2943 1142 recurrit

2416 1127 2545 1183 CCI.
2574 1127 2652 1183 De
2677 1129 2818 1184 bonis
2845 1127 3050 1184 occultis
3077 1139 3384 1185 sanctorum.

2184 1196 2541 1270 Bonilatent,
2573 1201 2694 1270 quia
2734 1200 2927 1255 bonum
2969 1201 3202 1268 ipsorum
3239 1201 3292 1254 in
3321 1199 3531 1254 occulto
3555 1209 3639 1256 est
3668 1218 3686 1256 :

2111 1281 2212 1322 nec
2244 1268 2448 1323 visibile
2477 1268 2615 1324 enim
2645 1279 2748 1336 est,
2779 1284 2876 1325 nec
2901 1270 3208 1340 corporale,
3247 1271 3384 1338 quod
3425 1270 3683 1338 diligunt;

2111 1347 2165 1391 et
2204 1346 2310 1392 tam
2345 1340 2754 1411 merita_eorum
2794 1349 2918 1396 sunt
2945 1342 2997 1396 in
3035 1340 3347 1396 abscondito
3373 1345 3685 1411 constituta,

2111 1423 2268 1479 quam
2297 1410 2512 1479 prazmia
2536 1410 2629 1479 (c).

2552 1480 2654 1536 CII.
2688 1479 2765 1534 De
2788 1481 2999 1535 inimicis
3023 1480 3284 1535 bonorum.

2180 1547 2367 1604 Nullus
2418 1547 2679 1606 bonorum
2736 1552 3005 1606 inimicum
3060 1551 3237 1615 habet,
3291 1551 3390 1606 nisi
3440 1552 3682 1608 malum:

2109 1619 2200 1689 qui
2248 1620 2367 1692 ideo
2413 1635 2531 1692 esse
2574 1623 2920 1690 permittitur,
2973 1629 3032 1676 ut
3082 1631 3175 1676 aut
3226 1624 3542 1692 corrigatur,
3594 1634 3685 1678 aut

2110 1705 2208 1760 per
2259 1691 2662 1772 ipspnpbonus
2723 1702 3053 1772 exerceatur.
3104 1691 3387 1747 Orandum’
3422 1705 3506 1747 est
3555 1710 3685 1763 ergo

2112 1775 2206 1828 pro
2269 1763 2530 1824 inimicis,
2588 1772 2644 1816 ut
2703 1771 2796 1816 aut
2859 1763 3163 1817 obtineatur
3221 1778 3402 1817 eorum
3455 1779 3686 1820 conver-

2110 1832 2210 1955 siili,
2396 1830 2449 1886 in
2495 1832 2650 1889 nobis
2691 1833 2882 1888 divina:
2926 1834 3177 1888 bonitatis
3223 1834 3518 1888 inveniatur
3561 1835 3683 1889 inii-

2132 1917 2238 1957 ato
2353 1940 2366 1955 .

2111 1910 2238 1957 talio
2266 1910 2366 1957 Idl.

2415 1970 2590 2044 CCIII.
2622 1972 2698 2028 De
2723 1973 2889 2044 vigore
2917 1972 3036 2044 fidei
3069 1973 3371 2028 christiame.

2181 2041 2342 2112 Vigor
2377 2042 2496 2097 fidei
2527 2041 2826 2100 christiante
2853 2041 3019 2100 tribus
3049 2045 3374 2113 temporibus
3404 2044 3636 2100 initiatur
3665 2064 3681 2100 :

2109 2128 2350 2194 vespere,
2383 2129 2558 2179 mane,
2592 2125 2657 2194 _et
2701 2114 3203 2194 meridie._Vespere
3241 2116 3683 2194 enim-Dominus

2109 2185 2164 2237 in
2191 2199 2371 2248 cruce,
2397 2200 2552 2239 mane
2592 2185 2642 2239 in
2684 2185 3105 2248 resurrectione,
3136 2185 3360 2240 meridie
3400 2186 3452 2240 in
3491 2202 3682 2242 ascen-

2108 2256 2278 2308 sione.
2309 2254 2478 2309 Unum
2505 2254 2572 2309 ad
2595 2257 2898 2325 patientiam
2929 2256 3109 2318 occisi,
3142 2255 3283 2310 aliud
3308 2257 3371 2309 ad
3405 2259 3561 2310 vitam
3593 2274 3682 2312 re-

2109 2325 2370 2398 suscitati,
2404 2327 2613 2381 tertium
2660 2325 2986 2398 adAglofriam
3032 2326 3262 2396 pertinet
3299 2327 3590 2398 majestatis
3628 2328 3682 2382 in

2109 2393 2280 2450 Patris
2307 2395 2530 2469 dextera
2553 2393 2894 2469 consedéntis
2919 2397 3009 2469 (ε).

2496 2466 2665 2521 CCIV.
2698 2466 2774 2521 De
2800 2466 3077 2538 purgandis
3102 2468 3289 2522 electis.

2179 2535 2262 2590 Ad
2312 2535 2425 2608 hoc,
2468 2535 2809 2608 exagitantur
2847 2535 3089 2594 homines
3137 2537 3583 2604 tribulationibus,
3624 2547 3682 2594 ut

2108 2621 2237 2688 vasa
2278 2607 2551 2746 e(l;)ctionis
2579 2607 2916 2664 'evacuentur
2961 2609 3224 2680 nequitia,
3265 2619 3320 2664 et
3364 2609 3682 2680 impleantur

2108 2688 2273 2746 grana
2381 2716 2394 2729 .

2106 2680 2273 2749 gratia
2304 2680 2394 2749 ([)_.

2311 2745 2460 2803 CCV.
2492 2745 2570 2802 De
2591 2747 2733 2801 bonis
2759 2763 2871 2817 quae
2897 2764 3042 2802 nemo
3066 2749 3252 2802 amittit
3278 2749 3480 2805 invitas.

2181 2817 2363 2875 Potest
2410 2819 2572 2873 homo
2619 2819 2814 2874 invitus
2855 2819 3099 2875 amittere
3144 2821 3450 2888 temporalia
3493 2820 3630 2876 bona
3665 2839 3678 2875 :

2109 2904 2378 2960 nunquam
2406 2889 2911 2962 vero,_njsi_vo_lens.
2938 2890 3330 2962 perditaeterna
3360 2891 3458 2962 (g).

2551 2958 2725 3014 CCVI.
2759 2959 2836 3013 De
2863 2961 2964 3028 [ine
2988 2960 3235 3026 ﬁdelium.

2182 3029 2326 3084 Finis
2371 3029 2603 3084 fidelium
2650 3030 2894 3102 Christus
2941 3038 3040 3095 est,
3081 3030 3146 3084 ad
3187 3046 3352 3102 quem
3396 3046 3516 3102 cum
3558 3047 3682 3102 per-

2109 3102 2315 3155 venerit
2357 3101 2618 3172 currentis
2670 3101 2916 3172 intentio,
2962 3115 3068 3155 non
3117 3101 3276 3156 habet
3325 3101 3464 3169 quod
3517 3101 3684 3172 possit

2109 3171 2336 3244 amplius
2374 3171 2629 3239 invenire,
2669 3171 2764 3226 sed
2807 3171 2964 3227 habet
3011 3172 3062 3226 in
3103 3186 3210 3242 quo
3250 3172 3442 3226 debeat
3469 3171 3684 3244 perma-

2110 3257 2253 3328 ηοω·
2269 3241 2368 3314 (ἡ).
2621 3308 2704 3365 CC
2713 3309 2816 3366 VII.
2850 3310 2928 3366 De
2950 3312 3171 3366 tristitia.

2181 3381 2366 3436 Melior
2401 3391 2487 3454 est
2527 3382 2737 3454 tristitia
2783 3383 2960 3454 iniqua
3002 3383 3267 3454 patientis,
3302 3398 3458 3454 quam
3502 3381 3684 3440 laetitia

2110 3451 2288 3523 iniqua
2319 3453 2554 3539 facientis
2577 3451 2659 3577 (ἰῖ.

2465 3523 2611 3577 CCVI
2639 3522 2659 3576 Ι

2465 3523 2544 3577 CC
2555 3522 2679 3577 VIII.
2709 3522 2784 3578 De
2807 3523 3020 3595 peccatis
3048 3525 3327 3595 praeteritis.

2182 3591 2529 3647 Revocandus
2556 3605 2633 3648 est
2663 3591 2868 3648 animus
2889 3610 2917 3647 a
2946 3591 3286 3648 recordandis
3311 3609 3431 3648 cum
3456 3595 3686 3663 quadam

2107 3661 2462 3736 delectatione
2492 3679 2590 3736 pra
2603 3665 2792 3736 teritis,
2819 3681 2885 3719 ne
2913 3665 3232 3736 subrepente
3257 3661 3683 3736 concupiscentia

2109 3734 2391 3790 redeamus
2414 3735 2575 3790 corde
2602 3735 2655 3806 in
2676 3733 2958 3806 Ajlgyptum
2992 3735 3082 3805 (j).

2624 3804 2801 3859 CCIX.
2834 3805 2909 3860 De
2944 3804 3162 3858 veritate.

2181 3874 2384 3928 Bonum
2451 3885 2534 3929 est
2585 3889 2614 3929 a
2665 3877 2886 3929 veritate
2937 3875 3096 3930 vinci.
3151 3874 3228 3929 Ad
3292 3877 3680 3946 corrcptionem

2107 3954 2346 4087 sulpelrfb
2377 3947 2570 4000 veritas
2595 3946 2860 4001 volentem
2882 3963 2894 4000 :
2915 3961 3036 4000 nam
3067 3954 3120 4000 et
3150 3946 3367 4000 invitum
3398 3948 3506 4019 ipsa
3528 3963 3683 4017 διψῶ

2109 4032 2165 4070 ra
2207 4034 2218 4070 ι
2354 4054 2366 4067 .

2109 4025 2246 4070 rabit
2273 4025 2366 4070 (Ιι).

2273 4017 2366 4087 (Β).
2423 4084 2575 4140 CCX.
2603 4084 2680 4139 De
2703 4086 3002 4157 impunitate
3030 4095 3364 4156 peccatorum.

2180 4155 2396 4210 Peccavi
2428 4157 2540 4211 sive
2572 4172 2750 4226 parva,
2775 4155 2886 4210 Sive
2916 4173 3124 4226 magna,
3150 4157 3403 4226 impunita
3430 4172 3550 4212 esse
3577 4173 3682 4212 non

2109 4236 2368 4297 possunt;
2397 4227 2514 4296 quia
2554 4235 2643 4280 aut
2683 4227 2898 4282 homine
2927 4229 3236 4297 ptenitcnte.
3265 4239 3354 4281 aut
3397 4229 3505 4281 Deo
3540 4229 3682 4297 judi-

2107 4295 2262 4351 eante
2307 4295 2625 4364 plectuntur.
2667 4297 2853 4352 Cessat
2892 4295 3067 4352 autem
3112 4298 3340 4351 vindicta
3381 4295 3592 4362 divina,
3637 4299 3682 4352 si

2107 4368 2386 4420 converslo
2414 4377 2700 4435 pra-currat
2727 4369 2972 4421 humana.
2997 4371 3154 4422 Amat
3181 4369 3321 4421 enim
3357 4370 3493 4422 Dens
3520 4368 3684 4424 coali-

2109 4437 2345 4508 tentibus
2385 4452 2635 4508 parcere;
2681 4446 2736 4493 et
2777 4453 2891 4504 eos,
2929 4438 3019 4508 qui
3057 4438 3376 4507 semetipsos
3420 4439 3682 4508 judicant,

2108 4521 2214 4562 non
2238 4505 2477 4577 judicare
2507 4507 2588 4578 (ι).

2634 4577 2814 4634 CCXI.
2843 4577 2921 4632 De
2954 4578 3152 4632 misero.

2177 4647 2365 4702 Nullus
2403 4647 2566 4702 miser
2592 4647 2658 4702 de
2687 4661 3113 4718 quantacumque
3151 4647 3365 4704 miseria
3404 4649 3682 4713 liberatur,

2109 4719 2207 4773 nisi
2233 4720 2320 4788 qui
2345 4718 2435 4773 Dei
2465 4719 2820 4789 misericordia
2849 4718 3167 4788 przevenitur
3188 4719 3306 4789 (ιη).

2398 4785 2598 4841 CCXII.
2631 4787 2705 4841 De
2729 4785 2958 4854 remediis
2987 4785 3386 4843 tribulationum.

2181 4857 2436 4914 Fideliter
2479 4859 2779 4927 sopplicans
2825 4859 2934 4914 Deo
2989 4873 3082 4927 pro
3131 4860 3533 4913 necessitatibus
3583 4859 3684 4911 hu-

2103 4929 2192 5000 jus
2221 4934 2359 4994 vitae,
2391 4937 2445 4984 et
2472 4929 2887 4983 misericorditer
2920 4929 3151 4996 auditur,
3181 4941 3234 4984 et
3274 4930 3684 4984 misericorditer

2170 5023 2243 5102 (ὰ)
2275 5048 2340 5090 Ex
2358 5047 2519 5090 Enarr.
2545 5039 2596 5090 in
2617 5037 2735 5090 Psal.
2759 5055 2806 5100 ιι,
2830 5053 2881 5090 ιι.
2904 5038 2953 5089 4.

2191 5102 2240 5153 ω
2274 5103 2389 5152 Vide
2413 5102 2530 5152 ibid.
2555 5115 2605 5150 ιι.
2630 5103 2675 5152 5.

2191 5161 2239 5220 cl
2271 5165 2388 5213 vide
2411 5170 2571 5212 Enarr.
2589 5164 2639 5211 in
2659 5161 2776 5212 Psal.
2801 5175 2896 5220 Lm,
2921 5175 2970 5211 ιι.
2994 5161 3041 5211 7.

2229 5219 2246 5288 )
2278 5231 2342 5274 Ex
2367 5231 2527 5273 Enarr.
2554 5224 2604 5274 in
2783 5219 2948 5284 una.
2985 5222 3034 5284 4,
3060 5229 3112 5273 et
3130 5219 3312 5286 legitur
3336 5223 3385 5272 in
3422 5222 3625 5286 epistola
3661 5222 3681 5272 1

2105 5287 2282 5338 Callisti
2306 5293 2320 5334 t
2342 5298 2495 5348 papae.

2193 5354 2238 5411 ε)
2272 5344 2570 5411 videi-man.
2596 5346 2643 5395 in
2675 5344 2794 5411 Psal.
2825 5359 2918 5405 ιιν,
2941 5357 2999 5411 ιι.
3016 5345 3090 5394 18.

2192 5406 2246 5533 fg
2368 5415 2526 5481 Enarr.
2551 5409 2600 5458 in
2622 5406 2742 5456 Psal.
2763 5423 2840 5466 sv,
2868 5421 2918 5456 ιι.
2945 5408 3018 5455 15.

2192 5483 2222 5533 g
2278 5472 2392 5533 \ule
2416 5470 2531 5518 Ibid.
2556 5484 2614 5533 ιι.
2633 5469 2710 5518 19.

2191 5483 2244 5580 7)
2278 5483 2392 5552 vine
2416 5483 2531 5518 IDIU.
2556 5483 2710 5542 n._w.

2209 5537 2246 5581 tl
2281 5532 2396 5581 \Ide
2417 5538 2579 5580 Enarr.
2604 5545 2654 5579 ιιι
2677 5537 2796 5580 Psat.
2830 5545 2921 5580 va.
2949 5543 2998 5578 ιι.
3018 5528 3064 5577 2.

2193 5589 2241 5655 ί)
2274 5600 2336 5642 Ex
2359 5599 2517 5655 Enarr.
2542 5594 2593 5641 in
2617 5592 2842 5655 eumdem
2864 5589 2985 5655 psal.
3011 5605 3059 5640 ιι.
3091 5589 3163 5639 ll.

2192 5653 2247 5766 il
2632 5668 2682 5703 πο
2717 5653 2790 5703 “’-

2274 5716 2388 5765 lbirl.
2415 5729 2464 5763 ιι.
2486 5715 2561 5765 9.0.

2169 5719 2242 5838 ék)
2274 5719 2388 5802 lhirl.
2415 5729 2464 5763 ιι.
2486 5719 2561 5765 9.0.
2602 5776 2613 5788 α

2201 5780 2239 5840 t)
2274 5778 2388 5827 \ide
2412 5782 2573 5826 Enarr.
2600 5789 2650 5840 ιιι
2672 5773 2792 5840 ιἐιιι.
2826 5791 2952 5840 ιιιιιι,
2976 5787 3124 5840 serra.
3160 5773 3206 5832 I,
3230 5786 3281 5840 n_.
3315 5773 3389 5822 l5.

2170 5831 2262 5949 (ut:
2280 5840 2395 5888 vide
2416 5851 2564 5887 serm.
2595 5838 2643 5887 ll
2673 5839 2721 5888 in
2744 5831 2969 5887 eumdem
2987 5833 3126 5899 psal,
3146 5849 3192 5884 ιι.
3223 5836 3296 5884 11.
3323 5842 3400 5884 t‘st
3424 5831 3690 5884 animum}

2170 5903 2241 5949 ιιρί
2264 5901 2291 5949 ii
2315 5913 2485 5949 canon.
2516 5899 2588 5949 H.

2115 5899 2291 5952 concilii
2315 5913 2485 5951 canon.
2516 5899 2588 5949 14.
