4064 6486
483 397 622 455 ητο

477 509 723 576 moritur,
754 509 797 565 si
825 504 1200 580 deseratDmS
1219 506 1321 580 (a).

929 577 1285 634 CCXXXVII.
1304 578 1379 632 De
1407 578 1623 632 homine.

550 654 589 704 Α
619 668 726 720 quo
755 651 914 706 habet
939 651 1100 706 homo
1138 662 1194 704 ut
1223 650 1313 717 sit,
1349 650 1487 720 apud
1527 649 1675 703 illum
1716 647 1874 702 habet
1923 655 1980 702 ut
2019 649 2068 704 ei

478 721 617 778 bene
644 723 714 776 sit
735 722 830 778 (bl.

551 740 617 777 ne
644 723 714 776 sit
735 723 830 777 lbi.

735 722 830 793 (θ’
864 788 1241 847 ccxxxvut.
1271 790 1350 846 De
1374 789 1672 844 obedientia.

514 863 789 925 .Po'rfecte
836 863 978 919 Deus
1016 863 1399 931 evidenterque
1430 861 1764 925 monstravit,
1807 868 2063 930 quantum

473 935 544 988 sit
575 935 770 988 bonum
800 933 1100 989 obedienlia
1135 951 1148 986 :
1176 948 1294 986 cum
1325 932 1593 986 hominem
1618 933 1668 986 in
1701 932 1945 1000 paradiso
1973 948 2067 1002 po-

473 1007 633 1058 situm
660 1006 729 1060 ah
753 1021 813 1060 ea
844 1020 902 1059 re
928 1003 1218 1073 prohibuit.
1237 1019 1355 1072 qua;
1381 1018 1484 1056 non
1512 1011 1628 1058 erat
1650 1003 1808 1056 mala.
1844 1002 1966 1057 Sola
1996 1003 2066 1057 ibi

473 1076 778 1146 nlicdientia
822 1077 992 1146 potuit
1018 1085 1211 1146 tenere
1254 1074 1486 1144 palmam
1516 1090 1530 1128 :
1558 1075 1673 1128 sola
1705 1073 2062 1129 inobedicntia

474 1145 698 1201 incidit‘
729 1144 938 1233 priet—iam
967 1144 1059 1269 (ἱ).

711 1216 996 1269 CCXXXI.
1029 1255 1041 1267 .

711 1214 1041 1274 CCXXXIX.
1078 1215 1342 1283 Quomodo
1367 1215 1667 1268 erudiuntur
1691 1214 1826 1269 boni.

545 1287 815 1343 Interdum
834 1289 971 1343 Deus
993 1303 1088 1356 per
1114 1287 1282 1340 malos
1306 1286 1482 1340 erudit
1511 1287 1700 1351 bonos,
1724 1298 1775 1339 et
1805 1301 1899 1354 per
1931 1297 2064 1342 tem-

475 1361 712 1429 poralem
737 1357 1023 1429 potentiam
1051 1356 1470 1424 damnandorum
1496 1357 2060 1428 exercetdisciplinam

471 1427 866 1485 liberandorum
896 1429 993 1506 (ἀλ.

937 1497 1134 1555 CCXL.
1169 1497 1243 1552 De
1265 1498 1596 1568 confessione.

545 1570 698 1634 Apud
727 1571 1144 1626 niiserictirdiatn
1183 1571 1276 1624 Dei
1306 1567 1586 1638 plurimum
1619 1569 1759 1624 valet
1795 1567 2062 1622 confessio

471 1643 780 1712 poniitentis
795 1684 808 1706 ,
832 1657 987 1712 quem
1010 1641 1132 1695 facit
1161 1650 1407 1710 peccator
1425 1640 1728 1712 confitendo
1748 1640 2056 1712 pr0pitium,

471 1728 630 1782 quem
660 1711 899 1784 negando
928 1713 1194 1784 nonifaeit
1223 1712 1459 1784 nescium
1487 1711 1584 1784 (ε).

977 1783 1198 1838 CCXLI.
1225 1780 1305 1834 De
1321 1780 1548 1834 scientia.

542 1852 826 1908 lInmilium
881 1853 1046 1908 virtus
1093 1862 1204 1914 est.
1261 1852 1328 1908 de
1375 1851 1597 1924 scientia
1648 1868 1753 1906 non
1798 1851 2054 1924 gloriari:

469 1924 592 1992 quia
621 1926 922 1979 communis
945 1934 1024 1979 est
1053 1924 1335 1991 omnibus,
1383 1923 1520 1979 sicut
1545 1924 1711 1992 lucis,
1743 1923 1817 1978 ita
1841 1923 2056 1993 partici-

469 1995 609 2064 patin
641 1997 876 2050 veritatis
905 1996 994 2066 (ο.

754 2064 990 2121 CCXLI].
1023 2064 1254 2133 Qualiter
1272 2073 1512 2137 regantur
1535 2080 1766 2137 corpora.

538 2134 653 2190 Non
683 2150 828 2190 caret
859 2139 999 2207 regia
1041 2146 1299 2206 potestate
1317 2134 1450 2206 {qui
1475 2135 1684 2203 corpori
1711 2150 1810 2189 suo
1843 2134 2056 2207 noverit

469 2207 802 2262 rationaliter
822 2205 1103 2278 imperare.
1142 2208 1273 2262 Vere
1293 2205 1604 2278 dominator,
1620 2215 1703 2278 est
1743 2215 1896 2261 terra
1917 2247 1932 2272 ,
1963 2205 2053 2275 qui

467 2293 684 2333 carnem
712 2296 861 2350 suam
885 2276 1247 2350 regitlcgibus
1271 2277 1566 2350 disciplinae
1587 2276 1686 2346 (g).

821 2347 1200 2405 CCXLIII.'l)e
1236 2364 1382 2418 poena
1407 2357 1450 2402 et
1465 2347 1685 2418 justitia.

537 2418 801 2487 Quantum
820 2421 884 2475 ad
913 2436 1074 2492 opera
1104 2417 1292 2492 attinet
1320 2434 1439 2489 qua:
1466 2417 1762 2492 forinsecus
1790 2423 2078 2492 aguntur,

466 2497 522 2543 et
546 2493 633 2560 qui
668 2496 814 2545 timet
846 2487 1078 2560 puniant,
1109 2499 1164 2546 et
1189 2491 1278 2560 qui
1307 2487 1450 2544 ainat
1471 2488 1759 2560 justitiam,
1795 2503 1900 2541 non
1930 2487 2056 2542 facit

465 2558 648 2614 contra
677 2558 978 2616 mandatum
1005 2579 1017 2614 :
1043 2570 1098 2616 et
1127 2558 1246 2615 ideo
1273 2575 1427 2629 pares
1462 2558 1675 2628 quidem
1702 2567 1826 2613 sunt
1852 2573 2010 2611 manu
2031 2598 2048 2624 ,

467 2632 560 2754 ῗιξιΙ
589 2633 827 2756 όὶδνῗὶξε
857 2633 1053 2698 corde;
1103 2631 1304 2686 similes
1346 2630 1584 2696 actione,
1632 2629 1921 2685 dissimiles
1952 2643 2052 2683 vo-

490 2712 670 2756 untale
797 2745 811 2756 .

490 2712 670 2757 untale
708 2712 811 2758 (nl.

708 2701 811 2775 (ﬁ).
894 2771 1162 2829 CCXLIV.
1198 2770 1336 2838 Quid
1360 2771 1620 2844 diligatur.

541 2840 654 2898 IInc
679 2843 747 2896 ab
776 2844 991 2900 homine
1032 2845 1260 2910 colitur,
1307 2839 1473 2914 quod'
1494 2843 1684 2913 diligit.
1727 2839 1881 2914 Unde
1924 2843 2051 2912 quia

467 2913 883 2986 DCUS_OIIIIIIIIIIS
909 2915 1068 2970 rebus
1094 2915 1263 2986 major
1286 2914 1571 2986 et_melio_r_
1605 2913 1902 2981 invenitur,
1933 2914 2052 2983 plus

465 2984 715 3040 omnibus
737 2985 1136 3057 diligendusest
1159 2982 1196 3057 ,ί
1211 2984 1494 3057 ut_colatur
1521 2982 1605 3057 (ἱ).

979 3055 1222 3113 CCXLV.
1251 3054 1331 3110 De
1357 3055 1525 3110 corde.

539 3125 760 3182 Rectum
789 3142 884 3184 cor
910 3141 1031 3183 cum
1064 3129 1172 3184 Deo
1214 3136 1330 3195 est,
1367 3124 1586 3198 quando
1623 3131 1842 3198 propter
1880 3123 2048 3181 Deum

465 3199 717 3265 quaeritur
749 3199 887 3255 Deus
917 3198 1006 3269 (j).

878 3267 1147 3325 CCXLVI.
1178 3268 1258 3324 De
1281 3268 1639 3323 benevolentia.

539 3340 620 3393 De
647 3338 1010 3395 benevolentia
1041 3351 1158 3406 est,
1201 3355 1306 3394 non
1333 3339 1401 3394 de
1429 3339 1648 3406 malitia,
1691 3353 1811 3392 cum
1846 3336 2054 3392 laetatur

467 3409 636 3479 iustus
663 3411 712 3464 in
740 3411 930 3478 impios
948 3411 1272 3482 processisse
1293 3410 1577 3482 vindictam
1602 3427 1616 3464 :
1643 3409 1767 3482 quia
1793 3422 2050 3482 nn_n_pec_-

469 3477 666 3552 caloris
695 3477 914 3536 exitium
934 3477 1137 3552 placet,
1164 3497 1322 3552 quem
1344 3481 1512 3535 voluit
1529 3477 1720 3552 corrigi
1740 3497 1756 3544 ;
1779 3477 1876 3534 sed
1897 3477 2054 3550 justi-

467 3551 539 3604 tia
570 3551 697 3620 Dei,
726 3568 829 3622 qua
856 3548 954 3606 scii
981 3548 1358 3623 multos'posse
1382 3552 1619 3606 converti
1649 3548 1753 3623 (It).

881 3623 1175 3679 CCXLVII.
1203 3622 1280 3678 De
1304 3623 1642 3678 simulatione.

540 3690 656 3746 Non
685 3693 849 3748 vineit
874 3694 923 3748 in
953 3695 1092 3748 bono
1113 3695 1336 3759 malum,
1370 3694 1460 3764 qui
1490 3694 1542 3746 in
1572 3689 1854 3764 superﬁcie
1883 3689 2056 3764 bonus

467 3771 579 3826 est,
611 3774 664 3818 et
694 3765 745 3818 in
773 3766 885 3820 alto
912 3766 1114 3830 malus;
1143 3781 1306 3835 apere
1334 3762 1580 3835 parcens,
1608 3762 1770 3818 corde
1795 3762 2053 3828 saeviens;

468 3849 629 3889 manu
659 3837 800 3891 mitis
816 3877 844 3907 ,Α
861 3837 1128 3907 voluntate
1151 3834 1381 3907 crudelis
1399 3834 1483 3907 (ι).

816 3905 1131 3962 CCXLVIII.
1160 3906 1239 3961 Dc
1257 3905 1496 3960 amore'et
1521 3906 1718 3959 timore.

545 3975 622 4033 Ad
651 3991 811 4032 omne
849 3993 981 4047 Opus
1026 3979 1224 4033 bonum
1262 3992 1414 4031 amor
1456 3976 1600 4030 ducit
1626 3983 1680 4028 et
1725 3973 2054 4047 timor-Dei:

472 4046 541 4100 ad
571 4064 729 4102 omne
774 4042 1050 4118 peceatum
1085 4064 1238 4103 amor
1275 4047 1420 4103 ducit
1451 4056 1513 4118 et
1543 4047 1702 4118 timor
1741 4043 1945 4118 mundi.
1989 4042 2060 4100 Ut

473 4133 603 4186 ergo
636 4115 1065 4186 apprehendatur
1102 4119 1334 4181 bonutn,
1385 4126 1440 4173 et
1484 4116 1782 4172 declinetur
1824 4115 2056 4186 n'ialum;

471 4184 878 4243 discernendum
893 4189 1222 4259 εεικςιιιῆιθι
1242 4189 1388 4259 diligi
1415 4187 1627 4259 debeat,
1655 4195 1710 4241 et
1737 4187 1910 4240 timeri
1939 4184 2052 4259 (nt).

911 4256 1184 4315 CCX'LIX.
1227 4257 1304 4311 De
1343 4256 1601 4327 felicitate.

545 4328 699 4386 Nulla
723 4328 1007 4401 infelicitas
1035 4329 1260 4401 frangit,
1297 4325 1454 4399 quem
1487 4327 1710 4383 felicitas
1745 4325 1890 4380 nulla
1939 4340 2061 4379 cor—

473 4402 670 4466 rumpit
701 4402 801 4466 (η).

599 4411 670 4472 μη
701 4400 801 4473 (η).
901 4471 1047 4528 CCL.
1089 4471 1168 4526 De
1203 4471 1352 4526 divite
1394 4485 1632 4542 paupere.

551 4542 707 4598 Dives
755 4543 841 4612 qui
891 4545 1008 4598 talis
1054 4552 1154 4606 est,
1197 4552 1254 4596 ut
1292 4537 1598 4612 contemnat
1640 4539 1690 4592 in
1722 4553 1780 4592 se
1805 4537 2060 4609 quidquid

475 4613 626 4757 ill’lud(
657 4610 783 4755 ἵει.
821 4614 961 4669 unde
1006 4613 1178 4668 inflari
1223 4612 1474 4683 superbia
1520 4610 1678 4676 solet,
1729 4624 1928 4680 pauper
1981 4619 2063 4664 est

525 4702 572 4740 et
630 4701 658 4738 ο
691 4723 704 4736 .

525 4702 572 4740 ω
608 4701 704 4740 (Ol.

665 4686 704 4755 ).
857 4754 1027 4812 CCLI.
1073 4754 1148 4808 De
1176 4753 1416 4826 gradibus
1460 4752 1678 4826 pietatis.

548 4827 936 4882 Ascensionum
1001 4826 1070 4881 ad
1137 4820 1304 4881 Diaum
1353 4820 1480 4878 sunt
1545 4822 1774 4894 gradus,
1852 4820 2064 4892 pietatis

538 4961 554 4993 ¹
594 4960 901 5023 Augustinus,
922 4965 1114 5023 invenit.

541 5023 615 5082 (a)
638 5019 702 5072 E'x
728 5019 894 5072 Euarr.
911 5024 961 5072 in
985 5021 1105 5072 I’sal.
1131 5035 1245 5082 cxx,
1269 5033 1418 5072 serm.
1438 5019 1486 5081 2,
1505 5031 1554 5068 ιι.
1575 5019 1624 5069 5.

537 5084 610 5145 (ὁ)
635 5084 748 5134 Ibid.
773 5098 822 5134 ιι.
843 5084 892 5133 6.

561 5147 610 5197 ε)
631 5147 748 5196 Ibid.
773 5161 824 5196 ιι.
849 5148 898 5196 7.

600 5212 618 5272 )
644 5216 708 5258 Ex
727 5215 888 5258 Enarr.
917 5209 964 5257 in
981 5206 1101 5272 PsaI.
1125 5220 1289 5265 txxnt,
1307 5218 1357 5254 ιι.
1383 5205 1433 5272 8_.

562 5268 610 5333 e)'
639 5278 703 5320 Ex
727 5277 888 5320 Enarr.
912 5272 961 5320 in
985 5268 1290 5333 Psal._t.xxtv,
1317 5282 1367 5316 ιι.
1392 5268 1440 5333 5.

539 5329 617 5396 (Γ)
641 5333 756 5382 Vide
775 5341 933 5383 Enarr.
957 5334 1005 5381 in
1027 5329 1145 5396 Psal.
1173 5343 1320 5388 Lxxv,
1342 5343 1390 5379 ιι.
1412 5331 1488 5379 17.

541 5393 616 5456 ty)
641 5396 757 5445 vide
780 5396 918 5455 ibid.,
944 5409 992 5443 ιι.
1020 5393 1095 5456 is.

541 5397 616 5520 lg;
641 5397 757 5445 Vide
780 5397 918 5455 ibid.,
944 5409 992 5443 ιι.
1020 5397 1095 5442 18.

540 5461 592 5520 (ι
640 5463 701 5506 Ex
720 5464 888 5520 Ilnarr.
915 5459 964 5507 in
989 5453 1108 5506 Psal.
1139 5465 1322 5512 Lxxvu,
1345 5465 1395 5501 ιι.
1425 5453 1502 5502 tl.

561 5519 611 5580 t)
634 5519 748 5570 Ibid.
769 5534 818 5568 ιι.
843 5519 921 5568 20.

561 5523 611 5580 ι)
634 5523 748 5570 Ibid.
769 5534 818 5568 ιι.
843 5523 921 5568 ‘20.

539 5523 612 5646 ii)
638 5581 755 5630 Ibid.
790 5596 838 5630 ιι.
863 5581 940 5632 2i.

545 5636 615 5706 Ἲς)
641 5651 707 5718 Ex
726 5649 886 5692 l-‘narr.
906 5658 955 5692 ιιι
976 5639 1096 5692 Psal.
1124 5653 1320 5700 Lxxvm,
1341 5651 1391 5688 ιι.
1422 5636 1498 5687 LI.

538 5649 909 5826 iii?)ltl;)itdi-‘narr.
941 5767 990 5816 in
1011 5764 1132 5826 Psal.
1155 5776 1322 5823 ιιικιι,
1346 5775 1396 5812 ιι.
1427 5761 1498 5826 13.

571 5708 621 5767 t)
647 5707 760 5756 Ibid.

565 5761 633 5830 ni)
657 5775 721 5818 Ex
747 5773 909 5816 Fnarr.
932 5767 990 5830 in
1011 5764 1132 5830 Psal.
1155 5776 1322 5823 ιιικιι,
1346 5775 1396 5812 ιι.
1426 5761 1506 5830 13.

541 5823 627 5890 (ιη’
651 5836 713 5878 Ex
739 5836 901 5878 Enarr.
927 5829 975 5878 in
992 5825 1109 5890 I‘saI.
1130 5841 1330 5887 Lxxxtn,
1354 5838 1403 5873 ιι.
1426 5823 1474 5890 ξ.

545 5886 613 5952 ςο)
651 5898 715 5942 Ex
738 5897 898 5941 Enarr.
927 5891 975 5940 in
1001 5889 1118 5940 Pszil.
1145 5886 1325 5948 “xxv,
1351 5900 1399 5935 ιι.
1425 5886 1473 5935 5.

1653 391 2046 450 AI'PENDICIS
2085 393 2262 451 PARS
2297 395 2574 452 TERTIA.

3616 400 3756 458 I880

2179 504 2419 578 abiectus.
2445 505 2552 562 lter
2579 516 2725 562 tuum
2751 507 2995 563 voluntas
3017 517 3102 563 tua
3127 515 3207 564 est
3227 525 3244 576 ;
3266 509 3496 564 amando
3519 514 3754 578 accedis,

2181 576 2495 654 negligenda
2523 579 2730 654 recedis
2761 580 3231 654 :_constitutus_in_
3263 593 3400 654 terra
3428 583 3536 636 Deo
3559 576 3754 654 iunge;

2179 647 2276 715 ris,
2315 650 2446 724 quia
2462 664 2586 724 quin
2617 649 2727 724 Deo
2755 649 2917 724 chara
2941 661 3064 724 sunt
3088 650 3263 720 diligis
3293 650 3392 724 (a).

2407 718 2602 774 CCLll.
2647 719 2724 774 De
2751 721 3070 790 petitionibus
3089 718 3358 775 contrariis
3396 721 3524 776 Deo.

2251 790 2392 862 Deus
2419 805 2539 862 cum
2570 790 2769 862 aliquid
2805 792 2945 847 male
2974 794 3228 862 poscitur,
3257 792 3437 847 dando
3484 794 3754 862 irascitur,

2177 875 2284 915 non
2313 861 2490 916 dando
2519 861 2806 933 miseretur
2819 862 2932 933 μυ).

2634 931 2852 987 CCLIII.
2894 931 2972 987 De
3010 933 3293 988 mendacio.

2247 1000 2560 1078 Incredibile
2585 1013 2666 1059 est
2694 1019 2800 1078 non
2825 1005 3040 1078 mentiri
3063 1005 3354 1073 hominem,
3379 1021 3449 1062 ne
3473 1007 3754 1078 capiatur;

2173 1073 2262 1142 qui
2281 1076 2556 1139 mentitur,
2576 1084 2638 1146 ut
2669 1076 2841 1146 capiat
2867 1076 2960 1146 (c).

2177 1150 2184 1158 '
2547 1145 2768 1200 CCLIV.
2810 1144 2941 1199 Item
2985 1145 3048 1200 de
3083 1146 3364 1200 mendacio.

2242 1211 2497 1282 Quamvis
2538 1217 2712 1270 omnis
2767 1218 2860 1287 qui
2915 1218 3190 1284 mentitur,
3242 1219 3367 1271 velit
3407 1218 3583 1273 celare
3612 1220 3755 1288 quod

2170 1300 2354 1339 verum
2377 1297 2500 1358 est;
2526 1301 2636 1358 non
2665 1298 2838 1344 tamen
2867 1289 3040 1342 omnis
3081 1290 3170 1358 qni
3201 1289 3310 1342 vult
3335 1289 3514 1343 celare
3541 1305 3622 1345 ve:
3641 1307 3752 1352 um,

2171 1358 2446 1428 mentitur.
2479 1357 2796 1428 Plertnnqne
2822 1359 2963 1413 enim
2986 1357 3170 1414 verum
3194 1375 3301 1413 non
3329 1359 3563 1414 fallendo
3592 1376 3725 1416 occu
3745 1395 3757 1406 .

2170 1425 2349 1491 limus,
2381 1428 2473 1482 sed
2503 1425 2744 1484 tacendo.
2780 1429 2961 1498 Neque
2989 1430 3130 1494 enim
3180 1432 3433 1486 mentitus
3455 1441 3536 1485 est
3572 1431 3754 1486 Domi-

2171 1514 2289 1573 nus,
2321 1514 2441 1573 cum
2475 1499 2588 1554 ait:
2631 1499 2800 1553 Multa
2841 1500 2997 1573 habeo
3014 1501 3159 1573 trabis
3182 1502 3366 1565 dicere,
3392 1503 3485 1573 sed
3513 1519 3612 1556 non
3661 1521 3755 1573 po—

2169 1569 2310 1622 testis
2337 1569 2429 1622 illa
2458 1569 3152 1645 pOI'ltLI'EJIthO-(tl)[10011.
3180 1588 3294 1636 xw,
3322 1572 3432 1645 12].

2580 1640 2778 1696 CCLV.
2818 1640 2897 1696 De
2923 1640 3076 1696 libero
3110 1645 3336 1696 arbitrio.

2237 1708 2293 1764 In
2326 1709 2497 1784 primo
2520 1709 2736 1784 homine
2763 1714 2926 1782 patuit
2952 1713 3076 1784 quid
3106 1712 3336 1768 hominis
3363 1713 3638 1768 arbitrium
3660 1729 3754 1767 va-

2165 1779 2298 1854 leret
2324 1779 2389 1836 ad
2421 1791 2647 1854 mortem
2675 1801 2686 1854 ;
2720 1779 2775 1836 in
2803 1779 3041 1839 secundo
3073 1793 3274 1848 autem,
3304 1784 3432 1853 quid
3473 1784 3567 1839 Dei
3600 1784 3753 1854 adjuo

2165 1852 2359 1905 torium
2394 1853 2592 1906 valeret
2619 1853 2684 1908 ad
2716 1855 2896 1908 vitam.
2930 1855 3140 1910 Primus
3167 1855 3308 1909 enim
3323 1852 3518 1918 homo,
3538 1852 3757 1910 nonnisi

2162 1920 2325 1976 homo
2344 1941 2358 1977 :
2377 1924 2641 1978 secundus
2663 1940 2787 1978 vero
2809 1926 2988 1990 homo,
3020 1925 3156 1979 Deus
3177 1937 3228 1980 et
3258 1924 3440 1980 homo.
3468 1925 3752 1980 Peccatum

2161 1995 2528 2136 Brgo(f;ictum
2578 2003 2659 2049 est
2701 1996 2888 2051 relicto
2929 1995 3040 2050 Deo
3075 1995 3318 2065 :justitia
3364 2011 3472 2051 non
3524 1997 3586 2051 Iit
3630 1997 3754 2052 sine

2208 2079 2272 2119 eo
2323 2082 2350 2118 e
2376 2103 2391 2118 .

2208 2079 2272 2119 ΘΟ
2301 2079 2391 2119 (ε).

2553 2133 2766 2190 CCLV].
2814 2135 2890 2208 De
2915 2135 3024 2208 lege
3052 2145 3098 2190 et
3129 2146 3354 2207 peccata.

2233 2202 2388 2278 Legis
2428 2205 2606 2261 littera
2650 2225 2769 2274 qua:
2810 2202 3100 2262 docet'non
3129 2202 3266 2262 'esse
3305 2206 3656 2278 peccandum,
3701 2207 3754 2262 si

2159 2277 2377 2345 spiritus
2407 2278 2704 2333 vivilicator
2745 2279 2902 2344 desit,
2950 2279 3162 2332 occidit.
3200 2277 3351 2334 Scire
3380 2279 3520 2333 enim
3553 2293 3748 2347 pecca-

2163 2355 2273 2402 tum
2299 2349 2473 2417 potius
2502 2349 2644 2414 facit,
2679 2365 2837 2420 quam
2879 2364 3102 2413 cavere;
3133 2357 3189 2403 et
3217 2350 3336 2404 ideo
3355 2351 3521 2418 magis
3541 2349 3748 2418 augeri,

2158 2434 2316 2492 quam
2351 2420 2519 2492 minui
2545 2437 2560 2472 :
2591 2419 2711 2490 quia
2739 2421 2906 2492 imahe
2935 2419 3384 2492 concupiscentia:
3413 2422 3575 2476 etiam
3602 2435 3746 2491 pne-

2159 2490 2414 2545 varicatio
2434 2491 2796 2562 legisaccedit
2819 2491 2910 2562 (ί).

2408 2561 2653 2616 CCLVII.
2693 2562 2774 2615 De
2819 2560 3060 2615 mandato
3104 2560 3199 2616 Dei
3217 2570 3268 2616 et
3293 2561 3493 2616 timore.

2228 2630 2530 2686 Mandatum
2556 2633 2648 2687 Dei
2672 2634 2716 2687 si
2740 2633 2928 2687 timore
2953 2633 3010 2686 lit
3037 2647 3231 2700 pense,
3258 2649 3360 2685 non
3383 2647 3574 2687 amore
3587 2631 3747 2701 justi-

2159 2701 2267 2768 the,
2297 2703 2563 2759 serviliter
2589 2704 2666 2769 lit,
2700 2721 2803 2758 non
2833 2704 3152 2768 liberaliter;
3177 2714 3230 2757 et
3254 2703 3375 2758 ideo
3396 2717 3498 2758 nec
3525 2701 3603 2756 fit.
3631 2702 3754 2756 Non

2158 2774 2300 2828 enim
2330 2774 2500 2846 bonus
2541 2775 2743 2831 fructus
2772 2784 2875 2842 est,
2907 2775 2994 2846 qui
3025 2791 3130 2829 non
3157 2773 3224 2830 de
3264 2774 3540 2830 charitatis
3568 2773 3749 2828 radice

2160 2844 2402 2915 procedit
2429 2844 2529 2916 (g).

2680 2915 2951 2974 CCLVIII.
2993 2914 3070 2970 De
3099 2915 3226 2988 lege.

2230 2985 2338 3043 Lex
2366 2986 2456 3042 Dei
2488 2988 2778 3043 secundum
2810 2998 3053 3042 naturam
3076 2984 3180 3050 esi,
3209 3002 3329 3041 cum
3362 2984 3607 3042 homines
3627 3000 3752 3055 qua:

2159 3056 2290 3126 legis
2313 3066 2437 3110 sunt
2467 3058 2684 3122 faciunt,
2719 3058 3033 3112 naturaliter
3062 3056 3281 3120 faciunt,
3313 3067 3566 3126 superato
3596 3057 3750 3120 vitio,

2157 3127 2299 3197 quod
2343 3144 2444 3185 nec
2497 3129 2805 3198 praesidium
2851 3129 2982 3198 legis
3030 3129 3340 3183 abstulerat.
3384 3126 3517 3182 Cum
3568 3127 3757 3198 itaque

2159 3214 2254 3269 per
2277 3197 2509 3269 gratiam
2531 3200 2615 3256 lex
2645 3200 2737 3256 Dei
2776 3199 2828 3254 in
2878 3197 3130 3254 cordibus
3166 3199 3437 3264 scribitur,
3467 3213 3589 3267 qua:
3618 3197 3754 3267 legis

2156 3281 2281 3324 sunt
2309 3271 2622 3325 naturaliter
2651 3270 2785 3325 fiunt
2817 3289 2830 3325 :
2875 3286 2980 3325 non
3021 3271 3144 3340 quia
3184 3285 3280 3340 per
3312 3277 3556 3324 naturam
3609 3283 3752 3337 pra:-

2157 3343 2423 3413 venta_sit
2445 3343 2644 3412 gratia,
2687 3342 2782 3397 sed
2822 3341 2946 3413 quia
2977 3356 3072 3412 per
3114 3342 3339 3412 gratiam
3367 3347 3618 3411 reparata
3647 3353 3749 3394 na-

2159 3420 2273 3468 tura
2301 3411 2399 3468 (It).

2564 3482 2641 3537 De
2662 3481 2827 3554 gloria
2865 3499 2965 3536 non
3003 3481 3233 3554 habenda
3261 3481 3360 3554 nisi
3384 3479 3436 3554 in
3468 3477 3600 3535 Deo.

2229 3552 2396 3610 Nemo
2424 3571 2489 3608 ex
2537 3571 2601 3608 eo
2629 3551 2769 3624 quod
2808 3554 3017 3608 videtur
3058 3552 3253 3607 habere
3297 3551 3577 3622 glorietur,
3625 3559 3752 3624 tan-

2158 3641 2318 3696 quam
2364 3642 2470 3679 non
2522 3623 2817 3694 acceperit;
2867 3635 2968 3696 aut,
2998 3624 3117 3677 ideo
3157 3633 3302 3691 putet
3353 3638 3412 3677 se
3456 3623 3750 3696 accepisse.

2159 3691 2282 3766 quia
2313 3697 2484 3750 littera
2507 3691 2858 3766 extrinsvcus,
2892 3695 2974 3749 vel
3006 3706 3060 3748 ut
3085 3697 3348 3764 legeretur
3367 3693 3630 3766 apparuit,
3660 3691 3749 3745 vel

2160 3763 2219 3819 ut
2241 3767 2513 3821 audiretur
2545 3766 2792 3821 insonuit.
2815 3765 2947 3820 Nam
2975 3766 3018 3820 si
3051 3763 3153 3833 per
3176 3763 3590 3833 legemjustitia,
3619 3777 3746 3830 ergo

2160 3836 2404 3892 Christus
2427 3838 2593 3906 gratis
2622 3847 2860 3891 mortuus
2885 3843 2988 3891 est.
3021 3836 3186 3890 Porro
3212 3845 3389 3888 autem
3416 3834 3462 3888 si
3489 3850 3595 3888 non
3617 3849 3747 3906 grat-

2164 3911 2231 3962 tis
2261 3903 2500 3962 mortuus
2537 3917 2643 3971 est,
2684 3907 2980 3962 ascendens
3024 3907 3074 3960 in
3114 3906 3278 3960 altum
3305 3909 3572 3975 captivam
3596 3903 3751 3975 duxit

2162 3977 2542 4048 Captivitatem,
2566 3978 2713 4033 dedit
2741 3977 2880 4032 dona
2919 3974 3398 4048 h0tninibus._Iude
3427 3974 3589 4029 habet
3625 3974 3750 4042 qui-

2162 4046 2392 4118 cumque
2419 4050 2594 4103 habet.
2627 4049 2875 4118 Quisquis
2901 4058 3075 4118 autem
3104 4046 3226 4118 inde
3251 4046 3532 4118 habere_se
3558 4053 3737 4118 negat,

2163 4115 2409 4262 autniion
2465 4115 2668 4182 habet,_
2699 4115 2789 4174 aut
2841 4119 2891 4173 id
2939 4117 3081 4189 quod
3138 4116 3318 4182 habet,
3374 4115 3647 4172 auferetur
3679 4115 3751 4169 ab

2165 4206 2232 4246 ει»
2279 4207 2293 4244 t
2326 4231 2338 4244 .

2165 4206 2232 4246 ει»
2256 4206 2338 4246 ltl.

2256 4193 2338 4262 (ἲ).
2503 4259 2703 4315 CCLX.
2750 4259 2824 4313 De
2848 4260 3049 4313 nomine
3078 4269 3127 4312 et
3146 4257 3401 4328 superbia.

2236 4331 2410 4386 llonio
2453 4331 2620 4386 factus
2657 4339 2771 4385 erat
2813 4330 3146 4384 inunortalis.
3194 4325 3334 4384 Deus
3373 4343 3494 4383 esse
3536 4325 3751 4381 voluit:

2167 4418 2272 4456 non
2301 4403 2526 4470 perdidit
2550 4402 2688 4470 quod
2721 4403 2878 4455 homo
2908 4411 3042 4467 erat,
3076 4399 3168 4454 sed
3205 4399 3432 4469 perdidit
3475 4398 3619 4468 quod
3646 4399 3752 4452 im-

2168 4475 2409 4528 mortalis
2437 4483 2582 4537 erat;
2610 4483 2664 4526 et
2699 4473 2767 4527 de
2798 4471 3171 4527 inobedientia:
3197 4471 3446 4540 superbia
3472 4479 3752 4528 contracta

2165 4555 2250 4600 est
2278 4560 2433 4615 poma
2460 4555 2680 4615 naturai.

2171 4679 2177 4685 _
2280 4609 2294 4615 ⁷
2612 4611 2827 4668 CCLXI.
2874 4613 2948 4668 De
2975 4609 3126 4685 laude
3155 4613 3296 4681 ﬁdei.

2240 4686 2378 4740 Laus
2420 4685 2540 4739 fidei
2567 4695 2668 4742 e~t.
2713 4701 2817 4738 non
2844 4686 2950 4738 visa
2987 4678 3209 4740 credere
3245 4701 3258 4738 :
3305 4680 3582 4754 pratntium
3623 4678 3752 4747 erit,

2168 4759 2492 4813 creditorum
2518 4756 2799 4824 adeptione
2819 4754 3069 4821 gaudere.

2628 4826 2870 4880 βείω.
2914 4825 2991 4878 De
3011 4824 3277 4892 sapientia.

2240 4898 2384 4957 Sicut
2427 4899 2507 4952 lac
2555 4913 2662 4951 non
2692 4899 2876 4950 transit
2925 4897 3024 4949 nisi
3058 4912 3149 4962 per
3177 4909 3415 4956 carnem,
3457 4901 3516 4948 ut
3557 4907 3754 4960 parvu-

2170 4971 2279 5026 lum
2327 4981 2503 5039 pascat
2549 4968 2636 5038 qui
2691 4984 2878 5036 panem
2930 4967 3088 5039 edere
3137 4982 3242 5039 non
3285 4965 3609 5039 potest_:_sic
3640 4963 3755 5039 nisi

2170 5033 2428 5110 sapientia
2455 5033 2710 5107 Deifrpne
2743 5041 2892 5106 panis
2919 5049 2999 5092 est
3037 5037 3387 5110 Angelorum,_
3509 5033 3757 5110 homines

2171 5105 2480 5182 dignaretur
2524 5105 2831 5182 venireper
2873 5124 3108 5166 carnem,
3133 5105 3300 5182 nemo
3323 5106 3391 5160 ad
3423 5105 3580 5182 Verbi
3611 5121 3746 5157 cun-

2173 5175 2532 5253 teinplandani
2567 5175 2895 5234 divinitatem
2927 5189 3106 5250 posset
3135 5177 3410 5232 accedere.
3454 5175 3586 5244 Quia
3617 5189 3752 5243 ergo

2235 5314 2308 5376 (a)
2328 5322 2392 5363 Ex
2417 5321 2578 5362 Enarr.
2603 5315 2652 5362 in
2676 5313 2794 5364 I‘sal.
2818 5326 3000 5372 cxxxv,
3027 5325 3074 5361 ιι.
3098 5312 3145 5361 6.

2235 5376 2305 5439 (ὁ)
2330 5376 2446 5426 Vide
2478 5377 2592 5425 ibid.
2627 5391 2707 5424 tm.
2725 5379 2756 5421 8
2773 5385 2822 5425 et
2838 5377 2884 5424 9.

2257 5436 2306 5500 c)
2331 5445 2391 5488 Ex
2419 5438 2539 5486 libro
2570 5449 2735 5487 contra
2760 5437 3065 5496 Mendacium,
3089 5448 3194 5500 cap.
3216 5436 3264 5484 4.

2257 5444 2306 5552 9
2331 5445 2391 5488 Ex
2419 5444 2539 5486 libro
2570 5449 2688 5487 conti

2235 5444 2254 5562 ξ
2297 5500 2455 5564 )lbid.
2484 5512 2588 5561 cap.
2620 5501 2688 5564 III.

2259 5558 2308 5626 ej
2332 5569 2395 5611 Ex
2422 5558 2842 5626 sttg.'ep’st.7187,
2865 5560 2924 5608 ad
2948 5561 3233 5626 Dardanum,
3266 5573 3314 5626 ιι.
3337 5558 3419 5607 30.

2335 5631 2399 5673 Ex
2431 5622 2553 5673 lit-ro
2573 5622 2635 5671 de
2655 5625 2827 5686 Spiritu
2848 5632 2897 5672 et
2925 5625 3120 5681 Littera,
3149 5635 3254 5684 cap.
3279 5622 3326 5670 ὅ.

2236 5686 2309 5747 (g)
2334 5687 2447 5734 Ibid.
2478 5700 2582 5747 cap.
2614 5686 2684 5734 lt.

2237 5701 2249 5744 ί
2334 5701 2447 5734 uno.
2478 5701 2582 5747 cap.
2614 5701 2684 5734 ι-ι.

2237 5701 2313 5812 ἅς
2339 5749 2454 5798 vide
2481 5747 2596 5812 ibid.
2629 5761 2734 5812 cap.
2759 5747 2838 5797 Ἣ.
2966 5807 3008 5812 __
3479 5803 3532 5812 η

2239 5801 2308 5876 (if
2329 5818 2398 5876 Ex
2433 5810 2608 5860 etulem
2640 5801 2763 5860 lilio
2813 5823 2918 5870 cap.
2954 5807 3046 5868 '29,
3087 5815 3138 5858 et
3169 5815 3247 5858 est
3286 5818 3440 5857 canon
3475 5803 3534 5855 16
3574 5801 3773 5854 concilia

2182 5875 2442 5926 transicatn
2463 5879 2511 5920 II.
