4006 6148
1311 183 1898 277 TRADITIO
1987 183 2696 278 CATHOLICA.

1497 463 1836 528 SxECULA
1879 465 2067 541 IV-V,
2113 464 2384 532 ANNUS
2424 468 2561 530 ItOI.

1545 737 2484 866 ELENCHUS

571 1053 1075 1120 AUCTORUM
1114 1053 1230 1116 ET
1274 1053 1662 1117 OPERUM
1702 1058 1857 1133 ρυι
1899 1056 1997 1116 IN
2033 1057 2214 1118 HOC
2257 1057 2515 1119 TOMO
2553 1058 2736 1121 XLV
2777 1059 3447 1127 CONTINENTUR.

887 1308 1004 1366 Qua:
1032 1305 1217 1360 stetluta
1236 1313 1580 1370 prtenotantur,
1604 1320 1661 1359 ea
1691 1319 1812 1357 nunc
1830 1308 2042 1368 primum
2073 1307 2193 1358 inter
2216 1320 2363 1374 opera
2383 1308 2604 1373 Gregorii
2629 1310 2838 1372 Νεβεεηὶ
2864 1318 3157 1375 comparent.

1248 1768 1308 1828 S.
1355 1767 1830 1841 GREGOBIUS,
1878 1769 2278 1831 NYSSENUS
2326 1771 2771 1836 EPISCOPUS.

398 1933 714 1998 Monitum
744 1934 811 1994 in
842 1934 1080 2011 scripta
1103 1930 1413 2002 nonnulla
1446 1951 1577 2012 qua:
1606 1933 1672 1993 in
1704 1931 1944 2012 duplici
1974 1933 2246 1995 editione
2279 1934 2575 2015 Gregorii
2606 1937 2873 2015 Nysseni
2909 1940 3164 2003 deerant

481 2048 536 2100 et
571 2040 716 2101 huic
759 2039 1109 2099 novissima:
1150 2037 1470 2098 accedunt.
3396 2047 3515 2109 co].
3601 2047 3636 2106 9

559 2168 623 2228 S.
656 2169 966 2231 GnEGonn
995 2171 1269 2231 NYSSENI
1306 2171 1569 2230 SCRIPTA
1603 2187 1981 2231 DOGMATICA.

401 2293 612 2357 Oratio
651 2294 1038 2358 catechetica
1069 2314 1315 2375 magna.
3569 2303 3633 2367 ll

401 2400 489 2460 De
522 2400 894 2479 Pythonissa
932 2402 1008 2465 ad
1039 2401 1465 2465 Theodosium
1503 2403 1902 2482 episcopum.
3529 2409 3635 2471 107

403 2506 582 2580 Quod
613 2523 743 2568 non
774 2507 898 2568 sint
928 2519 1055 2569 tres
1090 2508 1205 2582 Dii,
1237 2508 1312 2568 ad
1351 2506 1696 2570 Ablabium.
3174 2534 3180 2540 ·
3532 2513 3640 2576 115

401 2611 489 2672 De
530 2613 653 2673 ﬁde
681 2611 758 2673 ad
787 2613 1205 2691 Simplicium.
3529 2617 3640 2681 135

404 2722 635 2784 Contra
667 2721 888 2794 fatum,
921 2721 1262 2800 disputatio
1302 2738 1446 2782 cum
1479 2719 1732 2782 ethnico
1773 2719 2182 2802 phi1050pho.
3530 2723 3640 2785 145

403 2827 724 2890 Tractatus
753 2827 1050 2890 adversus
1079 2829 1349 2890 Graecos.
2989 2831 2997 2841 ‘
3529 2827 3642 2891 175

403 2932 491 2993 De
530 2936 757 2996 anima.
3531 2932 3638 2994 187

403 3038 684 3119 Epistoia
719 3039 1025 3102 canonica
1059 3041 1136 3100 ad
1167 3042 1448 3102 Letoium
1487 3038 1966 3102 Melitinensem.
3529 3037 3638 3099 221

403 3143 685 3224 Epistola
713 3146 792 3207 ad
823 3147 1077 3208 Petrum
1108 3145 1517 3207 Sebastenum
1550 3164 1691 3208 cum
1727 3146 1894 3207 Petri
1928 3145 2261 3225 rescripto.
3529 3143 3642 3205 237

406 3251 632 3313 Contra
663 3252 1046 3312 Eunomium
1078 3250 1222 3310 libri
1259 3249 1618 3312 duodecim.
3529 3247 3646 3310 243

405 3355 439 3390 ⁸
470 3355 789 3416 Adversus
818 3356 1270 3434 Apollinarem,
1315 3355 1658 3434 interprete
1693 3362 1752 3418 et
1782 3354 2118 3417 scholiaste
2148 3356 2330 3416 Laur.
2360 3352 2681 3430 Zacagnio.
3496 3352 3645 3418 1123

406 3460 719 3524 Adversus
755 3460 1068 3523 eumdem.

3496 3455 3645 3519 1269

409 3563 442 3597 ⁸
469 3563 778 3625 Adversus
807 3562 1023 3624 Arium
1055 3567 1118 3624 et
1153 3561 1518 3634 Sabellium,
1553 3579 1626 3622 ex
1667 3578 1908 3640 nupera
1949 3560 2224 3622 editione
2265 3562 2570 3622 Romana.
3495 3557 3647 3618 1275

411 3667 450 3703 ⁸
481 3667 565 3730 De
598 3667 835 3748 Spiritu
864 3676 1083 3731 sancto
1113 3667 1410 3731 adversus
1447 3667 2056 3730 Pncumatomaclios
2087 3666 2591 3729 Macedonianos.
3497 3659 3644 3724 1301

419 3773 748 3836 Variorum
777 3780 956 3836 ποίεε.

3495 3764 3650 3829 1335

2363 5538 2606 5600 Parisiis.
2635 5569 2705 5586 -
2731 5540 2812 5601 Ex
2840 5539 3006 5615 Typis
3029 5539 3173 5602 .L-P.
3202 5540 3435 5602 “IGNE.
