4006 6148
386 260 3635 369 Ἥ

823 537 828 543 ’
890 531 1381 655 PARS
1470 546 1672 659 II.
1749 594 1883 628 --
1955 556 3117 690 DOGMATICA-

1320 1008 1890 1127 ANDRE/E
2006 1023 2703 1142 GALLANDII

1709 1288 2286 1387 MONITUM

448 1510 530 1568 IN
552 1513 915 1571 GREGORII
952 1508 1283 1574 NYSSENI
1318 1519 1630 1578 SCRIPTA
1673 1524 1933 1584 ΝΟΝΜ

2044 1531 2089 1585 Α
2136 1531 2315 1599 QUAE
2350 1534 2437 1590 IN
2504 1539 2813 1600 DUPLICI
2851 1544 3233 1607 EDITIONE
3262 1552 3563 1612 OPERUM

1530 1637 1592 1697 s.
1657 1640 1929 1700 PATRIS
1989 1645 2345 1705 DEERANT
2366 1652 2468 1724 (a).

444 2037 485 2093 1.
521 2036 695 2093 Editis
720 2036 1040 2107 jamdudum
1104 2038 1360 2111 Gregorii
1389 2037 1625 2112 Nysseni
1647 2041 1945 2115 Operibus,
1980 2049 2023 2107 Α
2053 2055 2173 2116 tur;
2207 2066 2331 2107 cum
2365 2053 2529 2110 verba
2557 2054 2647 2110 illa
2673 2055 3051 2129 Chrysostomi
3086 2074 3324 2130 pannum
3355 2078 3479 2119 esse
3509 2063 3635 2122 huic

367 2132 608 2202 plurima
641 2146 787 2186 nunc
844 2131 1065 2189 demum
1102 2132 1161 2187 fit
1191 2136 1478 2197 accessio:
1516 2138 1665 2208 quod
1724 2139 1945 2209 quidem

362 2224 621 2293 superius
673 2224 741 2280 de
792 2221 853 2281 S.
896 2221 1162 2295 Gregorio
1194 2224 1545 2285 Nazianzeno
1604 2229 1946 2289 disserentes

359 2316 815 2386 prtemonuimus.
910 2315 1155 2374 Primum
1250 2320 1434 2393 itaque
1522 2324 1701 2379 sancti
1767 2323 1945 2383 Patris

356 2409 776 2464 Antirrheticum
809 2408 1003 2464 librum
1037 2412 1287 2469 adversus
1318 2414 1681 2484 Apollinarem
1711 2417 1946 2488 proferi-

354 2516 502 2568 mus,
543 2517 707 2573 quem
748 2503 952 2558 saeculo
1003 2504 1253 2575 proxime
1298 2506 1486 2577 elapso
1517 2522 1585 2563 ex
1632 2510 1945 2581 septingen-

352 2598 537 2646 torum
598 2591 824 2647 circiter
877 2606 1147 2648 annorum
1199 2594 1393 2651 codice
1418 2595 1702 2665 Vaticano,
1755 2597 1945 2656 Romae

353 2682 410 2735 in
437 2681 615 2737 lucem
646 2680 873 2752 protulit
889 2696 1013 2737 cum
1038 2683 1163 2740 aliis
1184 2685 1428 2754 ejusdem
1465 2686 1696 2759 Nysseni
1722 2689 1943 2760 episco~

353 2774 407 2845 pi
458 2774 687 2845 scriptis
737 2790 794 2829 v.
844 2774 916 2830 cl.
986 2774 1316 2835 Laurentius
1388 2779 1699 2837 Alexander
1767 2781 1940 2838 Zaca-

352 2866 515 2936 gnius
572 2865 676 2935 (1).
731 2864 1060 2922 Praeclarum
1139 2868 1455 2939 hujusmodi
1507 2887 1648 2943 opus
1705 2876 1941 2931 vetustis

352 2956 621 3013 Ecclesiae
652 2957 1022 3027 scriptoribus
1067 2970 1429 3015 memoratum
1464 2962 1677 3027 videas,
1712 2961 1941 3020 Leontio

353 3048 607 3105 videlicet
660 3047 964 3119 Byzantin
1028 3048 1127 3121 (2),
1200 3049 1400 3105 Joanni
1448 3051 1789 3110 Damasceno
1838 3055 1940 3127 (3),

352 3137 646 3211 Euthymio
677 3138 955 3209 Zigabeno
983 3140 1082 3211 (4),
1111 3156 1326 3197 necnon
1357 3143 1412 3198 in
1442 3144 1596 3202 Actis
1629 3153 1797 3202 sextae
1822 3163 1945 3218 syn-

352 3230 443 3288 odi
486 3238 596 3287 act.
627 3247 659 3286 ι
688 3230 790 3302 (5),
824 3240 885 3286 ut
944 3232 1228 3290 mittamus
1260 3232 1628 3306 Nicephorum
1665 3237 1768 3309 (6).
1819 3238 1941 3305 Quo

351 3336 485 3378 vero
546 3330 795 3393 tempore
857 3323 1276 3380 Antirrheticum
1330 3327 1555 3399 scripsit
1630 3327 1936 3402 Nyssenus,

352 3411 498 3467 haud
517 3418 601 3467 est
629 3390 995 3482 exploratum.
1029 3413 1086 3468 Si
1126 3415 1395 3472 editorem
1444 3390 1645 3475 audias
1672 3390 1771 3491 (7),
1798 3390 1937 3492 opus
1968 3390 2011 3446 Β
2041 3426 2193 3466 ηυω-
2272 3409 2380 3466 424
2440 3409 2695 3466 laudalus
2742 3409 3051 3482 Zacasnius
3107 3425 3123 3466 ε

353 3500 501 3559 istud
530 3503 939 3559 elucubraverit
966 3512 1191 3562 sanctus
1246 3506 1409 3563 Pater
1442 3518 1570 3565 ante
1600 3511 1937 3581 Apollinaris

349 3595 584 3660 obitum,
618 3610 782 3666 quem
816 3596 962 3652 circa
1013 3612 1139 3653 terte
1195 3598 1529 3657 Christianae
1573 3618 1777 3659 annum
1832 3606 1938 3662 580

348 3685 621 3742 accidisse
654 3693 865 3757 putant.
889 3685 1193 3745 Nonnullos
1224 3698 1488 3759 praeterea
1507 3691 1721 3750 dicendi
1744 3697 1936 3755 modos

348 3778 603 3850 pluribus
637 3779 894 3850 explanat
928 3780 1070 3838 idem
1091 3782 1179 3837 vir
1193 3783 1465 3849 eruditus,
1494 3788 1588 3857 qui
1612 3803 1721 3843 non
1747 3790 1935 3846 admo.

266 3948 269 3949 ν
349 3869 483 3926 dum
510 3871 828 3927 exercitatis
875 3872 934 3927 in
986 3869 1219 3944 Nysseni
1259 3876 1482 3946 scriptis
1522 3881 1934 3949 pervolutandis

352 3960 553 4033 aliquid
588 3964 791 4034 negotii
814 3964 1088 4022 facessere
1110 3967 1324 4023 valeant
1355 3988 1370 4025 :
1407 3977 1468 4025 ut
1516 3981 1804 4045 propterea
1851 3977 1933 4049 ip-

350 4070 472 4114 sum
505 4055 611 4111 hac
645 4056 713 4111 de
734 4071 796 4114 re
820 4058 1109 4115 consulere
1133 4059 1360 4130 juverit.

415 4190 918 4249 ILAntirrIteticum
957 4195 1242 4269 excipiunt
1296 4196 1619 4257 Testimonia
1677 4205 1929 4264 adversus

343 4281 584 4351 Judteos,
636 4300 758 4356 qua:
812 4284 1007 4343 Latine
1049 4295 1263 4344 tantum
1301 4306 1369 4347 ex
1427 4291 1706 4352 Laurentii
1754 4296 1929 4356 Sifani

344 4375 596 4433 versione
650 4376 781 4432 olim
835 4376 984 4435 edita
1045 4376 1283 4436 fuerant.
1342 4380 1421 4438 Ea
1451 4398 1584 4441 vero
1613 4400 1679 4442 ex
1711 4387 1927 4447 duobus

342 4466 625 4521 Vaticanis
654 4466 941 4525 codicibus
970 4468 1206 4526 invicem
1267 4471 1483 4529 collatis
1515 4475 1758 4547 vulgavit
1783 4479 1923 4535 idem

341 4558 647 4630 Zacagnius
695 4558 792 4630 (8).
832 4557 910 4616 De
956 4559 1187 4631 hujusce
1227 4563 1413 4634 operis
1434 4565 1750 4638 integritate
1788 4585 1926 4626 non-

2048 2140 2279 2212 Nysseni
2364 2146 2514 2215 operi
2597 2158 2869 2215 assutum,
2952 2166 3018 2206 ex
3113 2150 3378 2209 Vaticano
3446 2157 3634 2212 codice

2050 2248 2202 2288 num.
2235 2235 2373 2292 1907
2405 2237 2563 2308 plane
2599 2247 2836 2296 constet.

2118 2368 2208 2423 111.
2242 2367 2562 2440 Sequuntur
2602 2368 2891 2429 Orationes
2921 2374 3041 2428 duae
3068 2374 3453 2447 (10),quarum
3485 2379 3633 2448 prior

2045 2472 2131 2518 est
2181 2462 2421 2518 Homilia
2448 2479 2486 2518 ll
2524 2464 2578 2518 in
2605 2474 2848 2519 sanctum
2902 2464 3225 2535 Stephanum
3269 2480 3631 2542 protomartyc

2046 2572 2176 2623 rem,
2221 2573 2288 2611 ex
2322 2573 2425 2612 ms.
2474 2556 2737 2612 Vaticano
2755 2575 2909 2615 num.
2943 2560 3048 2614 446
3079 2561 3357 2632 descripta
3390 2579 3403 2616 :
3458 2564 3631 2633 siqui-

2045 2646 2168 2703 dem
2236 2647 2469 2704 Homilia
2505 2665 2521 2703 ι
2554 2649 2882 2721 jampridem
2914 2652 3058 2707 inter
3090 2668 3255 2721 opera
3289 2652 3629 2724 Nysseniann

2044 2740 2342 2811 prodierat.
2382 2740 2695 2800 Orationem
2738 2758 2868 2800 vero
2900 2746 3261 2815 posteriorem
3298 2745 3376 2800 De
3426 2744 3629 2813 Spiritu

2043 2841 2251 2900 sancto,
2281 2847 2403 2901 quae
2434 2844 2592 2890 antea
2625 2850 2691 2890 ex
2745 2834 3026 2891 Fraucisci
3064 2834 3185 2890 Zini
3219 2836 3473 2892 versione
3523 2836 3627 2890 La-

2042 2924 2157 2980 tine
2188 2932 2398 2979 tantum
2452 2926 2729 2991 exstabat,
2785 2940 2980 2984 nactus
3013 2936 3098 2984 est
3129 2929 3309 2984 editor
3360 2928 3413 2981 in
3447 2929 3627 2983 tribus

2043 3015 2330 3073 codicibus
2360 3015 2662 3084 Vaticanis,
2693 3034 2923 3090 eamque
2973 3034 3116 3075 nova
3177 3019 3626 3089 interpretatione

2043 3107 2285 3163 donavit.

2113 3223 2204 3279 ιν.
2241 3222 2337 3279 His
2378 3240 2541 3295 porro
2582 3225 2950 3294 subjiciuntur
2987 3225 3238 3295 Epistolaz
3258 3224 3456 3291 XXII,
3492 3240 3624 3296 qua-

2042 3332 2164 3373 rum
2190 3316 2505 3388 quindecim
2545 3316 2758 3386 priores
2813 3316 3000 3372 hausit
3055 3331 3122 3371 ex
3146 3318 3332 3372 codice
3363 3317 3624 3373 Vaticano

3185 3416 3392 3481 septem
3440 3418 3623 3465 autem

2039 3502 2378 3575 posteriores
2405 3519 2435 3559 e
2465 3512 2647 3561 vetere
2675 3504 2816 3560 libro
2841 3505 3257 3560 membranaceo
3281 3504 3623 3558 hibliotlieca‘

2038 3593 2291 3650 Medieeae
2322 3593 2535 3665 primus
2561 3594 2616 3650 in
2672 3595 2851 3651 lucem
2900 3594 3090 3650 eduxit
3118 3596 3467 3666 vulgavitque
3494 3592 3621 3648 Flo-

2035 3686 2247 3752 rentiae,
2273 3701 2420 3742 anno
2453 3687 2614 3753 1751,
2636 3703 2689 3742 v.
2721 3687 2792 3742 cl.
2821 3685 3064 3743 Joannes
3094 3685 3339 3757 Baptista
3362 3687 3620 3741 Caracioc

2034 3777 2124 3833 lus
2161 3796 2175 3832 :
2210 3776 2304 3847 qui
2331 3784 2594 3848 praeterea
2620 3777 2884 3847 epistolas
2906 3792 2936 3830 a
2970 3777 3243 3849 Zacagnio
3272 3776 3449 3833 editas
3498 3792 3619 3832 cum

2032 3869 2222 3925 eodem
2256 3869 2446 3924 codice
2476 3866 2719 3924 Mediceo
2772 3868 3117 3940 elegantibus
3148 3869 3348 3925 litteris
3390 3879 3618 3925 exarata

2030 3962 2291 4028 contulit,
2345 3960 2705 4032 pluribusque
2745 3960 2797 4015 in
2857 3961 2995 4017 locis
3040 3961 3373 4020 emendavit.
3418 3961 3616 4018 Nostra

2032 4054 2216 4124 itaque
2237 4052 2504 4110 interesse
2532 4053 2811 4118 duximus,
2845 4053 2948 4108 viri
2982 4053 3614 4110 eruditissimiadnotata

2030 4149 2262 4222 singulis
2292 4149 2568 4221 subjicere
2618 4148 2889 4220 epistolis,
2924 4164 3065 4220 quas
3095 4158 3385 4222 propterea
3442 4149 3615 4203 multo

2026 4240 2429 4297 emendatiores
2477 4256 2644 4312 quam
2680 4242 2736 4297 in
2774 4240 3033 4313 Zacagnii
3071 4241 3219 4298 edito
3266 4240 3612 4299 exhibemus.

2096 4378 2163 4449 Y.
2197 4377 2520 4445 Sermonem,
2561 4395 2659 4437 seu
2693 4379 2876 4451 potius
2925 4379 3236 4450 epistolam,
3291 4378 3369 4433 De
3415 4379 3611 4434 divini-

2028 4482 2155 4537 tate,
2188 4472 2259 4526 ad
2282 4470 2569 4541 Evagrium
2606 4470 2939 4534 monachum,
2964 4485 3086 4540 qua:
3120 4469 3261 4525 inter
3282 4468 3610 4528 Nazianzeni

2024 4579 2187 4636 opera
2206 4562 2594 4619 circumfertur
2616 4562 2634 4626 (
2641 4562 2750 4632 11),
2769 4577 2895 4617 cum
2918 4563 3157 4618 virorum
3180 4563 3467 4620 doctorum
3484 4580 3613 4620 sen-

341 4651 472 4707 nulli
503 4666 572 4707 eo
611 4651 835 4707 nomine
873 4650 1220 4722 dubitarunt,
1245 4655 1395 4726 quod
1433 4658 1558 4727 ,sub
1605 4659 1727 4730 ejus
1759 4661 1921 4720 ﬁnem
2021 4658 2273 4724 tentiam,
2307 4664 2418 4709 tum
2446 4670 2582 4711 mss.
2616 4655 2865 4711 codicum
2889 4663 3247 4727 veterumque
3275 4657 3609 4729 scriptorum

342 4745 537 4799 citetur
561 4740 993 4813 Chrysostomus
1028 4744 1121 4816 qui
1157 4753 1281 4816 post
1309 4744 1538 4818 Nysseni
1572 4759 1785 4808 aetatem
1809 4755 1921 4812 cla-
1947 4752 1990 4812 C
2023 4751 2406 4807 auctoritatem
2474 4749 2671 4816 secuti,
2748 4748 2996 4823 Nysseno
3047 4748 3412 4807 vindicamus.
3471 4748 3606 4804 Nam

348 4836 466 4902 ruit,
493 4835 549 4889 in
580 4833 715 4889 illud
742 4832 901 4892 Joan.
928 4852 1040 4905 χιχ,
1076 4837 1167 4903 54,
1194 4836 1392 4893 Statim
1428 4840 1588 4897 exivit
1629 4847 1848 4913 sanguis
1868 4856 1919 4904 et

349 4941 496 4994 aqua.
527 4924 731 4983 Verum
789 4926 868 4998 (9)
917 4942 1028 4983 non
1093 4939 1176 4984 est
1204 4942 1307 4984 cur
1338 4932 1575 5003 amplius
1634 4933 1739 4990 huc
1780 4952 1917 5009 opus

348 5014 581 5088 Nysseno
611 5019 950 5091 abjudicent,
982 5023 1117 5079 sieo
1146 5030 1360 5080 tantum
1391 5038 1714 5097 argumento
1737 5033 1917 5088 nitan-

518 5152 668 5232 μιᾳ,
701 5154 923 5232 Qollect.
948 5171 1089 5210 mon.
1122 5166 1221 5212 vet.
1248 5155 1396 5232 Eccl.
1422 5158 1529 5232 ﬁt.
1564 5176 1617 5232 p.
1655 5161 1913 5222 125—287.

414 5224 493 5295 (2)
517 5222 705 5281 Leont.
736 5227 831 5282 lib.
875 5224 953 5280 De
997 5236 1124 5280 sect.
1168 5237 1272 5281 act.
1306 5228 1339 5282 8
1360 5270 1375 5293 ,
1408 5222 1705 5287 Bibt.'PP.
1738 5233 1913 5291 Paris.

343 5294 501 5351 I6“.
542 5303 673 5352 tom.
707 5296 798 5363 XI,
827 5296 1103 5367 pag.5‘26.
1150 5294 1226 5352 Id.
1252 5299 1348 5354 lib.
1378 5316 1392 5353 ι
1417 5341 1431 5365 ,
1456 5311 1643 5356 contra
1696 5303 1912 5361 Nestor.

335 5377 384 5421 et
417 5369 645 5440 Eutych.
694 5366 877 5440 tom].
908 5366 1065 5440 Thes.
1099 5367 1284 5440 Canis.
1327 5387 1450 5440 pag.
1490 5372 1616 5427 552.

417 5387 645 5491 nutjtlcn.
694 5387 808 5423 tom
838 5387 877 5421 ι.
918 5387 1065 5422 mes.
1099 5387 1284 5423 canis.
1327 5387 1450 5496 pag.
1490 5387 1616 5427 θυι.

403 5439 481 5511 (ξ)
515 5478 561 5511 _.
599 5438 755 5511 Qum.
785 5438 863 5511 Qa
883 5437 1047 5511 daal).
1076 5439 1176 5492 vol.
1205 5440 1232 5508 §
1260 5440 1369 5511 35._
1427 5458 1519 5511 pp.
1551 5452 1593 5498 t.
1616 5445 1635 5497 Ι
1662 5484 1673 5502 .
1711 5461 1764 5506 υ.
1787 5446 1914 5504 518.

802 5503 1024 5573 Ραηορι,
1059 5501 1296 5578 partiti,
1330 5501 1516 5566 ιῑι.’1’5
1542 5520 1596 5567 et
1631 5501 1745 5576 15⁷(
1755 5501 1909 5568 Patr.

318 5583 433 5632 tam.
466 5572 723 5642 CXXX).

2027 4852 2321 4916 utrumque
2343 4842 2687 4915 Gregorium,
2749 4843 3097 4900 librariorum
3148 4844 3263 4900 sive
3313 4843 3458 4909 dolo,
3492 4843 3609 4899 sive

2024 4940 2257 5005 incuria,
2292 4955 2434 5012 saepe
2485 4939 2659 4998 fuisse
2707 4940 2968 4998 confusos
3000 4941 3145 4997 haud
3186 4948 3270 4997 est
3298 4940 3604 5010 incomper-

2024 5044 2162 5090 tum.
2189 5032 2446 5091 Petavius
2502 5037 2783 5091 enimvero
2806 5036 2890 5091 vir
2915 5035 3272 5093 doctissimus
3303 5036 3482 5091 locum
3516 5050 3601 5089 rc-

2089 5168 2167 5241 (5)
2189 5166 2391 5241 goncil.
2419 5176 2550 5241 tom.
2584 5167 2692 5232 VII,
2721 5184 2842 5241 pag.
2867 5170 2972 5225 822
3000 5170 3132 5225 edit.
3174 5170 3311 5226 Ven.
3350 5169 3518 5228 Labb.

2090 5237 2165 5303 (6)
2197 5237 2422 5310 ῌίεθρὶι.
2456 5237 2749 5310 ῌὶειερεεί.
2781 5237 2874 5296 lib.
2899 5257 2977 5307 χι,
3005 5256 3127 5307 cap.
3156 5241 3245 5296 19.

2088 5310 2165 5389 (ἶ)
2195 5307 2437 5389 _Z_acagn.
2468 5307 3001 5389 Praefat;§n19,pag.
3032 5311 3099 5369 19
3119 5327 3274 5381 seqq.

2090 5381 2169 5451 (8)
2195 5379 2270 5451 id.
2307 5379 2445 5445 ιζτ..
2482 5396 2639 5451 pagg.
2665 5379 2921 5437 288-999.

2111 5449 2279 5522 9);»ld.
2320 5451 2355 5504 Ι.
2394 5449 2528 5522 (λίς
2557 5449 2646 5517 31,
2672 5468 2795 5522 pag.
2829 5454 2917 5507 58.

2118 5520 2200 5590 10)
2229 5519 2303 5591 Id.
2339 5522 2374 5574 ι.
2405 5538 2473 5585 c.,
2507 5519 2960 5591 pagg—530555.

2092 5589 2205 5663 (ll)
2235 5590 2329 5647 Gr.
2356 5591 2487 5647 Νη.
2510 5589 2671 5649 Orat.
2707 5609 2830 5659 va,
2867 5593 3004 5660 Opp.
3035 5596 3079 5647 t.
3111 5589 3153 5659 1,
3209 5604 3261 5662 p.
3301 5589 3406 5649 717
3440 5609 3590 5670 seqq.

397 5735 476 5805 (α)
552 5734 790 5793 Veterum
836 5733 1062 5790 Patrum
1112 5736 1459 5809 Bibliotheca,
1524 5739 1612 5809 \‘l,
1676 5739 1889 5815 Prolcg.
1931 5760 2054 5818 pag.
2081 5760 2196 5802 11v.
