4006 6148
319 417 3565 484 W
687 466 2663 482 ψ
2677 471 2780 479 _._.
2817 471 3559 488 _-_.__._.______._____

1457 467 2015 476 __....~.—_..___._.—_—_
2029 467 2080 475 ε.-
2108 466 3000 481 ν--ῌ-ῇ-οᾜ-ᾞΣ

1108 639 1339 726 ΤΟΥ
1375 640 1522 726 ΕΝ
1559 636 1921 725 ΑΓΙΟΙΣ
1960 633 2393 724 ΠΑΤΡΟΣ
2447 639 2771 726 ΗΜΩΝ
2807 565 2818 600 Ι

1471 851 2442 988 ΓΡΗΓΟΡΙΟΥ

1584 1105 1979 1160 ΕΠΙΣΚΟΠΟΥ
2017 1106 2062 1158 Ν
2067 1105 2285 1159 ΥΣΣΗΣ

1018 1300 1544 1423 ΛΟΓΟΣ
1691 1304 2832 1422 ΚΑΤΗΧΗΤΙΚΟΣ

1684 1555 1758 1636 Ο
1831 1553 2195 1640 ΜΕΓΑΣ

1116 1762 1220 1819 ΕΝ
1249 1764 1684 1820 ΚΕΦΑΛΑΙΟῙΣ
1729 1763 2267 1819 ΤΕΣΣΑΡΑΚΟΝΤΑ
2312 1763 2792 1819 ΔΙΗΡΗΜΕΝΟΣ.

958 2153 1120 2308 s.
1264 2159 1436 2308 P.
1559 2160 1743 2311 N.
1865 2104 2990 2310 GBEGORII'

1606 2435 1916 2496 EPISCOPI
1968 2437 2266 2495 NYSSENI

656 2615 1245 2732 ORATIO
1383 2613 2540 2732 CATECHETICA

2676 2620 3218 2733 MAGNA

1297 2835 1554 2891 bIVlSA
1587 2835 1675 2889 IN
1703 2835 2236 2902 QUADRAGINTA
2277 2839 2566 2895 CAPITA.

1532 3193 1792 3249 Gentiano
1829 3192 2050 3249 Herveto
2073 3197 2368 3265 interprete.

911 3525 1286 3581 ΠΡΟΛΟΓΟΣ.

395 3621 453 3675 '0
476 3619 574 3690 τῆς
606 3617 956 3688 κατηχήσεως
980 3617 1134 3686 λόγος
1151 3659 1166 3685 ,
1192 3619 1486 3686 ἀναγκαῖος
1516 3620 1613 3691 μέν
1638 3622 1752 3675 ἐστι
1778 3624 1889 3686 τοῖς

309 3709 684 3782 προεστηκόσι
735 3708 827 3761 τοῦ
882 3708 995 3779 βίου
1037 3709 1136 3780 τῆς
1171 3709 1472 3776 εὐσεϐείας,
1527 3711 1602 3775 ὡς
1635 3712 1701 3766 ἂν
1748 3714 1888 3785 πλη-

310 3799 525 3854 Θύνοιτο
567 3801 634 3869 τῇ
673 3799 954 3871 προσθήκῃ
997 3798 1104 3852 τῶν
1134 3797 1455 3869 σωζομένων
1492 3802 1525 3872 ἠ
1571 3802 1886 3874 Ἐκκλησία,

307 3892 408 3945 τοῦ
457 3891 602 3944 κατὰ
631 3890 729 3961 τὴν
776 3890 996 3961 διδαχὴν
1044 3889 1234 3943 πιστοῦ
1277 3891 1434 3959 λόγου
1484 3895 1548 3963 τῇ
1592 3893 1727 3965 ἀκοῇ
1779 3895 1888 3947 τῶν

307 3983 560 4038 ἀπίστων
606 3982 1052 4053 προσαγομένου·
1101 3983 1160 4035 οὐ
1209 3984 1314 4054 μὴν
1353 3986 1382 4037 ὁ
1419 3983 1577 4048 αὐτὸς
1617 3985 1716 4055 τῆς
1745 3986 1888 4040 διδα-

309 4073 542 4136 σκαλίας
570 4073 770 4143 τρόπος
801 4072 892 4124 ἐπὶ
924 4071 1140 4125 πάντων
1168 4073 1398 4143 ἁρμόσει
1423 4074 1532 4126 τῶν
1561 4076 1887 4145 προσιόντων

308 4165 392 4235 τῷ
427 4163 591 4234 λόγῳ.
641 4163 798 4216 Ἀλλὰ
832 4163 972 4216 κατὰ
1009 4162 1106 4226 τὰς
1136 4164 1241 4216 τῶν
1284 4164 1584 4233 Θρησκειῶν
1627 4165 1887 4238 διαφορὰς

311 4253 685 4325 μεθαρμόζειν
714 4254 977 4323 προσήκει
1008 4253 1106 4322 τὴν
1146 4255 1466 4324 κατήχησιν,
1506 4255 1642 4326 πρὸς
1665 4257 1755 4309 τὸν
1788 4258 1885 4310 αὺ-

307 4345 404 4400 τδν
434 4346 530 4415 μὲν
558 4343 800 4415 ὁρῶντας
831 4343 922 4396 τοῦ
955 4343 1112 4411 λόγου
1143 4344 1342 4396 σκοπὸν
1361 4385 1376 4408 ,
1402 4344 1499 4415 οὐχ
1521 4347 1886 4417 ὁμοιοτρόπως

301 4437 367 4492 δὲ
398 4427 914 4500 ταῖςκατασκευαίς
942 4435 1276 4506 χρωμένους.
1314 4435 1534 4500 ’Λλλαις
1554 4437 1661 4509 γὰρ
1685 4439 1885 4510 ὑπολή-

299 4527 467 4596 ψεσιν
495 4525 523 4577 ό
555 4525 858 4589 Ἰουδαῒζων
889 4524 1244 4595 προείληπται
1263 4565 1278 4590 ,
1321 4525 1413 4578 καὶ
1434 4525 1510 4595 τῷ
1552 4527 1886 4599 Ἑλληνισμῷ

303 4618 487 4684 συζῶν
522 4617 737 4689 ἑτέραις
755 4634 768 4647 ·
804 4616 834 4669 ὃ
858 4632 920 4670 τε
964 4615 1238 4686 ’Λνόμοιος
1270 4616 1362 4668 καὶ
1389 4618 1417 4669 ὁ
1447 4618 1764 4688 Μανιχαῖος,
1793 4620 1886 4673 κα)¹

299 4713 355 4764 οἱ
394 4709 535 4764 κατὰ
563 4707 888 4780 Μαρκίωνα,
929 4705 1022 4761 atati.
1049 4701 1415 4772 Οὑαλεντίνον,
1453 4706 1547 4760 καὶ
1581 4707 1882 4780 Βασιλίδην,

307 4803 403 4855 καὶ
426 4805 454 4855 ὁ
472 4800 660 4864 λοιπὸς
682 4800 977 4866 κατάλογος
997 4798 1106 4850 τῶν
1133 4798 1270 4850 κατὰ
1293 4798 1388 4860 τὰς
1410 4797 1648 4868 αἱρέσεις
1673 4798 1884 4852 πλανω-

311 4893 506 4963 μένων,
563 4892 723 4954 ἰδίαις
777 4882 1006 4954 ἕκαστος
1061 4891 1358 4959 ὑπολήψεσι
1420 4889 1879 4961 προειλημμένοί,

308 4985 610 5051 ἀναγκαίαν
665 4981 877 5038 ποιοῦσι
917 4984 1014 5054 τὴν
1047 4982 1182 5052 πρὸς
1223 4983 1320 5045 τὰς
1370 4981 1589 5035 ἐκείνων
1634 4983 1886 5049 ὑπονοίας

1916 3526 1962 3581 Α

1917 4860 1957 4914 Β

2583 3469 2971 3584 ΡΒᾹἚΑΤΙΟῘ

2059 3619 2192 3687 Quae
2234 3622 2298 3677 ad
2335 3620 2648 3678 eatechesin
2693 3621 2924 3691 pertinet
2976 3618 3172 3684 oratio,
3227 3628 3309 3676 est
3340 3619 3556 3692 quidem

1989 3709 2305 3762 necessaria
2348 3708 2418 3763 iis
2457 3709 2549 3779 qui
2597 3717 2841 3778 praesunt
2885 3708 3030 3772 vitaz,
3078 3709 3260 3779 pietati
3301 3725 3364 3767 ac
3415 3728 3560 3767 verae

1991 3797 2265 3868 religioni,
2297 3805 2358 3853 ut
2380 3813 2568 3853 eorum
2599 3799 2692 3868 qui
2718 3799 2948 3854 salutem
2973 3810 3338 3870 assequuntur
3372 3817 3559 3857 acces-

1989 3889 2144 3944 sione
2176 3890 2572 3960 multiplicetur
2613 3888 2889 3946 Ecclesia:
2927 3891 3071 3961 quod
3106 3893 3215 3959 ﬁet,
3274 3893 3321 3947 si
3381 3893 3558 3968 ﬁdelis

1987 3981 2251 4037 doctrinae
2275 3998 2454 4038 sermo
2487 3982 2554 4037 ad
2605 3980 2905 4038 inﬁdelium
2937 3999 3098 4038 aures
3149 3983 3412 4052 accedat;
3448 4001 3555 4039 non
3629 4013 3634 4016 -

1987 4073 2134 4128 idem
2185 4082 2364 4129 tamen
2425 4074 2688 4129 doctrinae
2740 4073 2935 4130 modus
2982 4076 3238 4128 convenit
3301 4075 3556 4130 omnibus

1988 4164 2138 4219 vcrbi
2171 4165 2531 4230 auditoribus,
2584 4163 2681 4219 sed
2716 4179 2816 4234 pro
2851 4165 3176 4235 religionum
3241 4164 3558 4220 diversitate

1988 4255 2246 4309 mutanda
2286 4263 2340 4311 et
2374 4254 2834 4310 accommodanda
2870 4256 2974 4310 erit
2999 4257 3321 4318 catechcsis,
3353 4255 3560 4308 oratio-

1988 4347 2074 4401 nis
2104 4346 2321 4415 quidem
2357 4342 2610 4401 eumdem
2643 4347 2748 4400 sibi
2793 4346 3146 4416 proponendo
3201 4361 3447 4415 scopum,
3503 4357 3558 4401 et

1989 4436 2056 4490 ad
2089 4451 2211 4490 eum
2250 4435 2551 4502 intuendo;
2589 4436 2679 4490 sed
2709 4451 2817 4489 non
2850 4435 3039 4490 eodem
3073 4433 3232 4489 modo
3279 4437 3556 4505 probando

1989 4535 2042 4582 ct
2073 4526 2465 4582 conﬁrmando.
2504 4525 2640 4580 Aliis
2667 4528 2810 4579 enim
2845 4525 3194 4594 opinionibus
3230 4537 3315 4582 cst
3355 4529 3555 4583 antici-

1989 4629 2147 4688 patus
2178 4618 2268 4687 qui
2305 4624 2413 4672 stat
2462 4632 2491 4668 a
2520 4615 2766 4686 partibus
2795 4613 3126 4685 Iudaeorum,
3170 4626 3224 4674 et
3288 4619 3410 4674 aliis
3462 4622 3556 4690 qui

1990 4708 2133 4763 favet
2162 4707 2383 4768 Grtecis,
2417 4706 2820 4777 Auomteusque
2851 4714 2904 4761 et
2934 4705 3289 4772 Manichacus,
3323 4717 3376 4764 ct
3412 4709 3557 4763 Mar-

1988 4801 2253 4866 cionistu',
2287 4809 2340 4855 et
2368 4798 2753 4862 Valentiniani,
2790 4807 2842 4853 et
2882 4798 3233 4864 Basilidiani,
3271 4811 3324 4856 et
3377 4805 3558 4857 caueri

1991 4890 2307 4944 aberrantes
2340 4891 2564 4945 asseclae
2603 4899 2877 4944 sectarum
2929 4896 2982 4943 et
3028 4890 3318 4953 limresum,
3356 4893 3554 4963 singuli

1987 4981 2262 5050 propriam
2288 4981 2636 5050 anticipatam
2667 4981 2926 5035 habentes
2953 4981 3288 5050 Opinionem,
3320 4982 3558 5038 cﬂiciunt

310 5077 516 5146 μάχην.
554 5076 708 5129 Κατὰ
741 5074 849 5145 γὰρ
878 5070 939 5127 τὺ
966 5071 1103 5136 εἶδος
1132 5068 1231 5142 τῆς
1258 5073 1412 5126 νόσου
1443 5073 1536 5125 καὶ
1563 5073 1654 5126 τὸν
1685 5077 1884 5146 τρόπον

1987 5080 2044 5123 ιιι
2084 5071 2153 5124 sit
2195 5073 2510 5125 necessario
2573 5070 2962 5124 dccertandum
3024 5072 3287 5127 adversus
3324 5088 3387 5126 ea
3437 5088 3557 5142 quae

304 5166 412 5234 τῆς
455 5163 744 5234 θεραπείας
778 5161 1237 5234 προσαρμοστέον.
1272 5161 1344 5213 Οὐ
1375 5163 1485 5224 τοῖς
1513 5161 1694 5225 αὐτοῖς
1723 5162 1882 5235 θερα-

302 5253 534 5316 πεύσεις
576 5253 666 5305 τοῦ
705 5251 966 5320 ’Ἕλληνος
997 5249 1093 5321 τὴν
1136 5249 1444 5315 πολυθεῖαν,
1487 5252 1579 5304 καὶ
1608 5250 1702 5304 τοῦ
1753 5254 1884 5305 Ἰου-

298 5347 452 5403 δαίου
478 5351 577 5414 τὴν
604 5347 726 5416 περὶ
751 5345 842 5398 τὸν
875 5346 1130 5416 μονογενῆ
1160 5342 1290 5396 Θεὸν
1319 5342 1570 5395 ἀπιστίαν
1592 5359 1605 5371 ·
1633 5342 1752 5396 οὐδὲ
1773 5345 1880 5397 ἀπὸ

300 5439 408 5492 τῶν
452 5437 634 5491 αὐτῶν
682 5437 794 5498 τοῖς
845 5434 982 5488 κατὰ
1018 5434 1116 5497 τὰς
1153 5432 1390 5504 αίρέσεις
1444 5433 1878 5504 πεπλανημένοις

302 5531 625 5602 ἀνατρέψεις
651 5528 750 5592 τὰς
783 5527 1134 5597 ἦπατημένας
1164 5526 1291 5595 περὶ
1320 5523 1426 5578 τῶν
1463 5523 1743 5596 δογμάτων
1774 5545 1876 5596 μυη

303 5624 560 5688 ὓοποιίας.
605 5624 682 5677 Οὐ
725 5620 833 5690 γὰρ
877 5621 942 5673 δι’
966 5614 1038 5671 ὧν
1077 5619 1140 5673 ἂν
1189 5636 1273 5682 τις
1317 5617 1751 5689 ὲπανορθὼσαιτο
1789 5621 1878 5673 τὸν

629 5715 903 5773 ΡΑτιιοι.
939 5711 1053 5770 Gn.
1095 5710 1266 5770 XLV.

1982 5163 2294 5230 opinantur.
2325 5159 2458 5214 Nam
2483 5163 2872 5215 convenienter
2926 5164 3109 5231 generi
3165 5164 3340 5217 morbi
3380 5164 3554 5217 medi-

1982 5253 2103 5305 cina
2131 5259 2214 5306 est
2242 5251 2566 5307 adhibenda.
2595 5250 2712 5304 Non
2756 5253 2942 5306 eodem
2977 5251 3137 5307 modo
3167 5253 3470 5308 medcberis
3503 5261 3555 5306 ct

1987 5343 2196 5412 Graeco,
2229 5345 2319 5414 qui
2351 5345 2549 5399 multos
2578 5361 2698 5400 esse
2737 5345 2869 5400 deos
2918 5347 3193 5415 opinatur,
3235 5352 3287 5397 et
3331 5342 3554 5405 Judazo.

1988 5438 2080 5506 qui
2130 5453 2238 5491 non
2274 5436 2450 5491 credit
2503 5435 2614 5491 Deo
2674 5437 2975 5506 unigenito.
3019 5435 3202 5502 Neque
3249 5433 3301 5485 in
3336 5433 3403 5489 iis
3462 5437 3554 5506 qui

1987 5529 2199 5600 decepti
2231 5538 2362 5585 sunt
2394 5545 2490 5599 per
2519 5529 2780 5592 hmreses,
2817 5528 3009 5582 iisdem
3053 5523 3271 5580 refelles
3306 5541 3368 5581 ae
3403 5543 3556 5584 ever-

1986 5628 2072 5678 tes
2104 5621 2273 5677 falsas
2305 5637 2358 5676 et
2387 5620 2655 5676 conlictas
2687 5620 2754 5674 dc
2785 5615 3134 5686 dogmatibus
3169 5615 3406 5675 fabulas.
3436 5619 3554 5678 Non

3215 5712 3242 5771 1
