3980 6198
420 310 474 363 Η
1644 285 1700 340 S.
1739 280 2068 340 GREGORII
2107 279 2393 336 NYSSENI
3608 267 3664 322 1“.

417 426 565 481 enim
601 434 699 495 per
758 431 882 489 qua:
944 413 1255 483 corrigetur
1309 405 1609 470 Sabellius,
1662 418 1760 476 per
1799 406 2028 459 eadem.

2133 399 2410 463 αϐέλλιον,
2459 395 2545 450 διὰ
2590 395 2696 448 τῶν
2735 393 2913 450 αὑτῶν
2960 391 3230 461 ὠφελήσει
3275 390 3370 445 καὶ
3407 387 3500 444 τὸν
3557 389 3681 441 Ἀνσ

418 517 584 572 etiam
606 494 869 585 proderis
904 510 1183 563 Anomoeo.
1217 501 1405 573 Neque
1446 514 1567 570 quae
1595 497 1862 553 adversus
1888 494 1996 548 Illa-

425 610 696 665 uichaL-um
747 603 1050 673 suscipitur
1100 595 1404 653 decertatio
1450 592 1675 664 prodest
1705 592 1867 646 etiam
1902 586 1997 643 Ju-

424 704 564 765 dzeo,
600 698 694 756 sed
729 704 964 769 oportet,
1002 693 1150 749 sicut
1178 689 1385 745 dictum
1417 694 1524 754 est,
1579 683 1744 740 verba
1795 681 1996 746 facere,

426 793 692 850 intuendo
724 791 791 846 ad
823 789 1107 844 hominum
1148 781 1460 853 opiniones,
1489 776 1881 834 convenienter
1912 787 2002 827 er-

428 888 543 944 rori
594 883 961 955 singulorum,
995 873 1328 948 proferendo
1364 873 1419 926 in
1455 868 1703 942 qualibet
1752 865 2002 937 disputa-

431 981 581 1037 tione
613 976 862 1049 quredam
907 969 1180 1044 principia
1241 975 1296 1022 et
1352 962 1767 1036 propositiones
1802 956 2003 1013 rationi

430 1048 856 1131 consentaneas,
891 1073 952 1118 ut
982 1078 1080 1134 per
1107 1077 1170 1117 ea
1201 1074 1325 1131 qua:
1356 1058 1517 1111 ambo
1551 1054 1814 1117 fatentur,
1858 1058 1913 1106 et
1938 1048 2006 1105 de

430 1164 635 1235 quibus
664 1164 901 1223 constat,
936 1158 1342 1222 consequenter
1374 1147 1653 1217 aperiatur
1682 1142 1812 1214 quid
1854 1140 1999 1211 cogi-

431 1234 635 1314 tentet
667 1250 933 1307 sentiant.
978 1245 1210 1313 Quando
1263 1257 1394 1314 ergo
1451 1239 1560 1295 erit
1612 1234 2005 1308 disputandum

432 1366 559 1407 cum
592 1347 778 1417 aliquo
803 1360 869 1399 ex
897 1342 966 1397 iis
992 1341 1085 1411 qui
1111 1337 1319 1395 Graecis
1362 1335 1570 1398 favent,
1606 1339 1757 1386 recte
1803 1327 1908 1384 crit
1960 1328 2009 1383 si

373 1440 378 1445 ’
435 1440 656 1499 dicendi
685 1439 791 1494 hoc
825 1440 1077 1492 sumatur
1123 1430 1382 1486 initium:
1435 1433 1621 1480 utrum
1660 1423 1828 1478 Deum
1889 1432 2012 1474 esse

436 1536 737 1596 existimat,
774 1546 842 1585 an
872 1535 958 1585 est
992 1528 1048 1582 in
1075 1525 1332 1595 opinione
1365 1535 1556 1577 eorum
1597 1519 1691 1589 qui
1753 1515 2013 1571 dicuntur

436 1629 604 1695 athei,
652 1623 798 1696 quod
837 1621 1005 1676 Deum
1054 1632 1165 1672 non
1223 1629 1346 1670 esse
1405 1617 1682 1666 censeant.
1740 1606 1913 1675 Atque
1967 1603 2014 1658 si

436 1723 607 1776 Deum
640 1715 861 1788 quidem
888 1727 1001 1767 non
1030 1725 1155 1766 esse
1192 1706 1374 1762 dicat:
1403 1720 1467 1759 ex
1497 1702 1565 1758 iis
1600 1715 1717 1772 quae
1753 1696 2015 1753 artiﬁcio-

439 1828 500 1870 se
532 1819 588 1868 et
619 1809 899 1880 sapienter
930 1804 985 1857 in
1018 1798 1223 1856 mundo
1270 1795 1750 1856 administrantur,
1786 1788 2012 1843 induce-

434 1914 531 1960 tur
562 1908 619 1956 nt
655 1915 753 1970 per
783 1912 845 1952 ea
888 1894 1125 1949 fateatur
1160 1904 1283 1944 esse
1318 1882 1616 1958 quamdam
1644 1882 1777 1948 vim,
1805 1893 1926 1951 quae
1957 1876 2011 1931 in

438 1998 507 2053 iis
550 1990 863 2050 ostenditur
922 1982 1174 2054 superior
1235 1977 1616 2034 universitate.
1682 1971 1777 2027 Sin
1829 1976 2012 2025 autem

442 2090 611 2145 Deum
646 2080 864 2154 quidem
892 2092 1001 2132 non
1031 2087 1155 2129 esse
1186 2070 1418 2130 dubitet,
1453 2067 1550 2122 sed
1600 2079 1665 2119 eo
1721 2061 2013 2119 delabitur.

445 2189 504 2234 ut
537 2149 761 2232 deorum
800 2174 953 2241 putet
990 2178 1113 2221 esse
1147 2158 1576 2217 multitudinem,
1620 2154 1726 2207 hac
1755 2149 2018 2205 adversus

445 2286 571 2328 eum
605 2274 824 2322 utemur
849 2252 1266 2326 consequentia,
1299 2248 1544 2303 Deumne
1568 2242 1867 2314 perfectum
1898 2254 2020 2295 esse

446 2370 621 2434 putet,
654 2373 723 2412 an
755 2354 843 2410 eui
877 2350 1017 2406 desit
1061 2343 1292 2415 aliquid.
1328 2338 1489 2406 Quod
1520 2338 1589 2401 si,
1628 2343 1688 2392 ut
1741 2342 1826 2391 est
1883 2348 2019 2388 con-

448 2422 795 2511 sentaneum,
838 2443 931 2499 Dei
997 2445 1208 2494 naturzn
1243 2432 1637 2503 perfectionem
1673 2440 1775 2482 suo
1812 2422 2023 2479 tribuat

448 2543 789 2603 testimonio,
815 2536 1031 2605 exigam
1058 2537 1118 2583 ut
1145 2528 1261 2597 ipse
1283 2524 1355 2579 sit
1380 2520 1654 2594 perfectus
1684 2518 1740 2573 in
1766 2516 2023 2573 omnibus

444 2654 571 2710 qua:
606 2632 1027 2691 considerantur
1058 2624 1111 2676 in
1149 2616 1456 2678 divinitate,
1487 2628 1555 2667 ne
1582 2609 1726 2667 Deus
1772 2606 2027 2665 conside-

448 2704 602 2788 retur
630 2722 955 2781 commistus
975 2732 1039 2772 ex
1069 2715 1139 2768 iis
1173 2726 1295 2782 quae
1322 2716 1453 2764 sunt
1481 2704 1784 2769 contraria,
1831 2714 2028 2770 nempe

450 2841 518 2882 cx
549 2837 616 2877 eo
647 2815 792 2889 quod
823 2821 907 2866 cst
934 2818 1218 2867 mancum,
1255 2808 1312 2857 et
1339 2815 1402 2856 ex
1443 2814 1509 2855 eo
1542 2796 1689 2869 quod
1716 2803 1802 2851 est
1847 2794 2030 2863 perfe-

456 2925 630 2972 ctum.
662 2884 770 2963 Sed
806 2904 922 2959 sive
952 2901 1007 2954 in
1036 2900 1327 2968 potestate,
1362 2893 1477 2946 sive
1512 2889 1567 2943 in
1600 2886 1728 2943 boni
1782 2884 2027 2947 notione,
2058 2942 2063 2947 ,

455 3009 571 3064 sive
604 3004 660 3057 in
715 2992 1002 3068 sapientia,
1037 2995 1092 3044 et
1131 2985 1459 3047 aeternitate,
1491 2988 1545 3037 et
1594 2976 2029 3048 incorruptione,

449 3081 509 3155 et
538 3097 584 3152 si
609 3094 792 3163 aliqua
816 3087 923 3141 alia
941 3097 1062 3155 qua:
1092 3079 1261 3135 Deum
1291 3076 1447 3131 decet
1468 3070 1825 3143 intelligentia
1846 3069 2031 3124 veniat
2062 3104 2103 3163 Ο

459 3198 513 3245 in
551 3159 1089 3253 contemplationem,
1127 3168 1354 3226 omnino
1391 3161 1805 3221 assentieturin
1843 3159 2030 3215 divina

458 3286 656 3335 natura
722 3252 1063 3327 censiderari
1108 3257 1500 3332 perfectionem
1564 3269 1630 3309 ex
1678 3252 1782 3307 hac
1837 3263 2035 3303 cense.

454 3368 681 3442 quentia
707 3361 908 3418 rationi
929 3364 1322 3411 consentanea.
1345 3346 1462 3402 Hoc
1488 3352 1667 3399 autem
1693 3341 1851 3397 nobis
1881 3340 2032 3403 dato,

462 3433 570 3516 non
602 3456 707 3513 erit
741 3450 977 3521 amplius
1020 3442 1238 3501 dilIicile
1291 3438 1680 3510 cogitationem
1730 3433 2038 3502 dispersam

462 3568 529 3607 ac
568 3547 890 3616 dissipatam
938 3538 995 3593 in
1036 3536 1262 3591 deorum
1320 3526 1723 3585 multitudinem
1770 3522 2040 3578 deducere

465 3644 531 3699 ad
559 3614 860 3697 divinitatis
886 3632 1052 3687 unius
1081 3622 1511 3683 confessionem.
1543 3618 1601 3674 Si
1637 3619 1781 3674 enim
1811 3614 2038 3670 omnino

463 3733 678 3792 dederit
703 3746 761 3784 se
798 3723 1187 3798 perfectionem
1226 3715 1386 3771 fateri
1441 3713 1497 3768 in
1545 3708 1832 3780 subjecto:
1895 3705 2043 3760 dicat

467 3835 649 3885 autem
678 3796 849 3879 multa
884 3832 1007 3873 esse
1040 3812 1305 3885 perfecta,
1340 3822 1461 3879 quae
1491 3820 1589 3875 per
1632 3802 1823 3859 eadem
1856 3796 2042 3867 expri-

469 3924 715 3979 muntur,
762 3922 1034 3978 suumque
1067 3902 1347 3974 accipiunt
1394 3898 1769 3952 characterem
1820 3904 1884 3943 ac.
1940 3887 2047 3942 for-

2102 494 2308 565 όμοιον.
2347 490 2479 544 Οὐδὲ
2518 491 2552 560 ὴ
2599 486 2734 560 πρὸς
2777 486 2871 541 τὸν
2914 486 3213 555 Μανιχαῖον
3262 482 3408 554 μάχη
3436 485 3550 561 ⁷καὶ
3587 491 3682 533 τον

2113 558 2365 639 ’ίουδαῑον
2399 558 2674 652 ὀνίνησιν⁹
2700 578 2838 632 ἀλλὰ
2869 578 2975 649 χρὴ
2999 617 3014 643 ,
3057 573 3239 637 καθὼς
3272 558 3509 645 εἴρηται,
3546 570 3683 642 πρὸς

2099 674 2197 739 τὰς
2229 672 2524 744 ὑπολήψεις
2550 670 2659 724 τῶν
2692 667 2993 737 ἀνθρώπων
3027 664 3264 736 βλέπειν,
3297 664 3393 717 καὶ
3420 660 3562 716 κατὰ
3584 663 3684 731 τὴν

2102 764 2431 837 ἐγκειμένην
2483 762 2696 833 ἑκάστῳ
2755 759 2963 830 πλάνην
3027 755 3296 810 ποιεῖσθαι
3357 754 3449 807 τὸν
3502 751 3682 820 λόγον,

2102 860 2277 932 ἀρχάς
2304 873 2458 921 τινας
2487 854 2581 909 καὶ
2609 853 2898 925 προτάσεις
2922 850 3175 919 εὐλόγους
3200 848 3284 916 ἐφ’
3309 845 3544 911 ἑκάστης
3572 842 3687 895 δια-

2102 949 2301 1015 λέξεως
2326 945 2762 1019 προϐαλλόμενον
2780 984 2796 1009 ,
2822 942 2894 1007 ὡς
2934 941 3001 995 ἂν
3042 939 3130 994 διὰ
3158 938 3267 990 τῶν
3293 935 3422 1007 παρ’
3449 932 3689 1006 ἀμφοτέ-

2108 1059 2220 1114 ροις
2251 1038 2699 1112 ὁμολογουμένων
2733 1031 3099 1103 ὲκκαλυφθείη
3130 1028 3271 1084 κατὰ
3303 1028 3364 1081 τὸ
3397 1024 3690 1081 ἀκόλουθον

2107 1112 2386 1203 ηδιάνοια.
2416 1127 2624 1183 Οὐκοῦν
2660 1127 2787 1179 ὅταν
2810 1123 2945 1195 πρός
2973 1138 3094 1175 τινα
3125 1118 3231 1172 τῶν
3263 1112 3682 1187 Ἐλληνιζόντων

2106 1228 2140 1296 ἡ
2172 1224 2401 1289 διάλεξις
2420 1218 2475 1295 ᾖ,
2507 1218 2684 1282 καλῶς
2716 1216 2781 1271 ἂν
2805 1215 2918 1287 ἔχοι
2948 1213 3151 1283 ταύτην
3181 1207 3451 1265 ποιεῖσθαι
3480 1206 3576 1259 τοῦ
3600 1203 3691 1257 λό-

2108 1294 2207 1387 γου
2243 1316 2342 1388 τὴν
2379 1294 2576 1386 ἀρχὴν,
2616 1310 2844 1381 πότερον
2882 1301 3020 1361 εἶναι
3056 1305 3117 1359 τὸ
3143 1305 3296 1358 Θεῖον
3330 1298 3616 1369 ὑπείληφε,
3656 1294 3692 1366 ἧ

2110 1407 2188 1479 τῷ
2224 1407 2332 1460 τῶν
2378 1404 2551 1459 ἀθέων
2600 1400 2934 1473 συμφέρεται
2963 1397 3213 1466 δόγματι.
3251 1393 3314 1447 El
3344 1392 3443 1463 μὲν
3482 1387 3575 1443 οὖν
3618 1387 3696 1457 μὴ

2112 1497 2252 1555 εἶναι
2292 1498 2475 1567 λέγει,
2513 1496 2577 1549 ἐκ
2618 1495 2727 1547 τῶν
2774 1490 3035 1563 τεχνικῶς
3070 1488 3166 1542 καὶ
3210 1480 3390 1556 σοφῶς
3432 1480 3572 1536 κατὰ
3602 1479 3696 1532 τὸν

2113 1592 2315 1661 κόσμον
2353 1584 2818 1657 οἰκονομουμένων
2852 1578 3309 1653 προσαχθήσεται,
3348 1573 3486 1644 πρὸς
3517 1571 3577 1624 τὸ
3608 1567 3697 1621 διὰ

2114 1684 2319 1738 τούτων
2349 1676 2487 1735 εἷναί
2511 1694 2634 1732 τινα
2666 1675 2894 1747 δύναμιν
2930 1671 3028 1743 τὴν
3060 1672 3115 1724 ὲν
3152 1668 3360 1731 τούτοις
3397 1663 3699 1718 διαδεικνυο

2048 1751 2089 1806 Β
2124 1777 2290 1850 μένην
2315 1772 2408 1827 τοῦ
2436 1771 2634 1834 παντὸς
2659 1766 3063 1840 ὑπερκειμένην
3089 1760 3441 1834 ὁμολογῆσαι.
3469 1758 3533 1810 Εἰ
3554 1754 3612 1809 δὲ
3638 1752 3701 1807 τὸ

2125 1870 2223 1940 μὲν
2256 1862 2394 1921 εἶναι
2441 1864 2517 1936 μὴ
2565 1860 2931 1933 ἀμφιϐάλλοι,
2972 1859 3052 1921 είς
3096 1854 3301 1925 πλῆθος
3330 1852 3384 1904 δὲ
3432 1850 3703 1919 θεοτήτων

2122 1938 2239 2024 ταῖς
2279 1957 2551 2019 ὑπονοίαις
2580 1954 2861 2025 ὲκφέροιτο
2885 1991 2899 2015 ,
2943 1946 3164 2018 τοιαύτῃ
3207 1940 3526 2016 χρησόμεθα
3565 1938 3704 2008 πρὸς

2124 2051 2285 2106 αὑτὸν
2324 2052 2389 2121 τῇ
2441 2044 2763 2117 ἀκολουθίᾳ,
2824 2044 3051 2114 πότερον
3108 2039 3311 2092 τέλειον
3367 2036 3401 2106 ἢ
3460 2030 3702 2094 ὲλλειπὲς

2125 2143 2338 2212 ἡγεῖται
2365 2138 2425 2192 τδ
2449 2139 2621 2191 Θείον.
2638 2135 2745 2189 Τοῦ
2771 2136 2828 2188 δὲ
2854 2133 2995 2186 κατὰ
3024 2131 3083 2184 τὸ
3103 2130 3248 2193 εἰκὸς
3272 2130 3369 2200 τὴν
3392 2126 3705 2195 τελειότητα

2127 2228 2673 2302 προσμαρτυροῦντος
2701 2229 2767 2296 τῇ
2796 2224 2915 2294 θείᾳ
2956 2222 3137 2292 φύσει,
3170 2220 3231 2273 τὸ
3261 2221 3349 2273 διὰ
3378 2218 3593 2272 πάντων
3617 2217 3706 2270 αύ-

2127 2319 2219 2373 τὸν
2248 2317 2356 2371 τῶν
2379 2315 2825 2388 ὲνθεωρουμένων
2853 2316 2918 2384 τῇ
2945 2312 3156 2382 θεότητι
3182 2309 3384 2364 τέλειον
3410 2308 3707 2379 ἀπαιτήσο-

2134 2429 2265 2487 μαι,
2295 2410 2373 2472 ὡς
2398 2412 2463 2464 ἂν
2500 2409 2574 2480 μὴ
2606 2406 2908 2477 σύμμικτον
2934 2406 2999 2459 ἐκ
3029 2403 3136 2458 τῶν
3175 2401 3426 2457 ἐναντίων
3457 2400 3710 2472 θεωροῖτο

2130 2505 2192 2561 τὸ
2206 2504 2377 2567 Θεϊον,
2401 2502 2463 2567 ἐξ
2478 2499 2759 2562 ὲλλειποῦς
2778 2499 2871 2552 καὶ
2889 2496 3116 2550 τελείου.
3151 2495 3291 2549 Ἀλλ’
3316 2493 3425 2548 εἴτε
3446 2492 3589 2547 κατὰ
3610 2491 3711 2560 τὴν

2132 2596 2380 2670 δύναμιν,
2403 2595 2512 2648 εἴτε
2543 2592 2685 2648 κατὰ
2711 2591 2807 2663 τὴν
2828 2589 2923 2644 τοῦ
2953 2587 3158 2661 ἀγαθοῦ
3180 2587 3407 2652 ἔννοιαν,
3428 2584 3539 2639 εἴτε
3569 2582 3713 2637 κατᾶ

2133 2691 2194 2745 τὸ
2232 2689 2393 2759 σοφόν
2413 2703 2471 2740 τε
2506 2685 2600 2740 καὶ
2630 2683 2901 2753 ἄφθαρτον
2925 2680 3019 2734 καὶ
3057 2679 3246 2743 ἀΐδιον,
3284 2675 3380 2730 καὶ
3409 2674 3461 2728 εί
3500 2691 3553 2727 τι
3586 2671 3713 2727 ἄλλο

2136 2780 2436 2853 θεοπρεπὲς
2473 2779 2649 2849 νόημα
2676 2777 2741 2847 τῇ
2772 2773 2974 2845 θεωρίᾳ
3016 2770 3408 2842 προσκείμενον
3446 2765 3619 2837 τύχοι,
3658 2766 3719 2816 ἐν

2138 2874 2296 2929 παντὶ
2348 2872 2443 2943 τὴν
2490 2868 2804 2939 τελειότητα
2861 2864 3182 2936 θεωρεῖσθαι
3240 2861 3369 2933 περὶ
3421 2859 3518 2931 τὴν
3564 2856 3716 2911 θείαν

2139 2968 2300 3038 φύσιν
2325 2964 2466 3020 κατὰ
2490 2963 2551 3016 τὸ
2576 2960 2793 3029 εὔλογον
2820 2958 2919 3029 τῆς
2941 2954 3259 3017 ἀκολουθίας
3286 2951 3489 3021 ταύτης
3512 2963 3725 3018 συγκαέ

2138 3037 2449 3130 ταθὴσεται.
2485 3052 2685 3107 Τούτου
2720 3051 2778 3103 δὲ
2822 3048 3065 3111 δοθέντος
3117 3047 3270 3116 ἡμῖν,
3290 3039 3474 3095 ούκέτι
3520 3039 3589 3094 ἂν
3634 3037 3719 3107 εἴη

2137 3149 2370 3223 χαλεπὸν
2416 3147 2477 3201 τὸ
2520 3141 2916 3212 ἐσκεδασμένον
2964 3140 3062 3209 τῆς
3109 3134 3347 3197 διανοίας
3394 3132 3475 3195 είς
3515 3130 3721 3200 πλῆθος

2140 3221 2277 3295 θεῶν
2310 3240 2443 3311 πρὸς
2480 3237 2608 3307 μιᾶς
2640 3233 2890 3303 θεότητος
2932 3228 3286 3301 περιαγαγεῖν
3314 3221 3621 3294 ὁμολογίαν.
3658 3221 3721 3273 El

2140 3332 2249 3404 γὰρ
2288 3331 2349 3384 τὸ
2390 3328 2593 3382 τέλειον
2640 3326 2697 3378 ὲν
2747 3323 2907 3377 παντὶ
2938 3322 3052 3392 δοίη
3099 3320 3228 3388 περὶ
3273 3316 3333 3370 τὸ
3363 3313 3726 3385 ὑποκείμενον

2140 3419 2536 3494 ὁμολογεῖσθαι,
2577 3415 2747 3470 πολλὰ
2786 3415 2843 3468 δὲ
2870 3409 3008 3470 εἶναι
3042 3412 3108 3465 τὰ
3144 3411 3325 3463 τέλεια
3368 3406 3456 3461 διὰ
3491 3405 3600 3459 τῶν
3625 3405 3730 3458 αὑ-

2141 3516 2248 3570 τῶν
2290 3508 2803 3585 χαρακτηριζόμενα
2825 3505 2975 3574 λέγοι
2999 3518 3012 3534 ·
3058 3502 3273 3571 ἀνάγκη
3305 3501 3454 3553 πᾶσα
3484 3499 3578 3551 ἐπὶ
3614 3497 3733 3551 τῶν

2147 3603 2382 3678 μηδεμιᾷ
2415 3598 2735 3670 παραλλαγῇ
2770 3592 3218 3666 διακρινομένων,
3250 3590 3364 3645 ἀλλ’
3395 3591 3454 3644 ὲν
3484 3591 3599 3651 τοῖς
3622 3589 3731 3642 αὑ-

2142 3698 2255 3759 τοῖς
2285 3689 2672 3764 θεωρουμένων
2694 3728 2709 3752 ,
2758 3687 2792 3758 ἢ
2827 3685 3091 3749 ἐπιδεῖξαι
3113 3686 3173 3738 τὸ
3201 3684 3358 3748 ἴδιον,
3393 3681 3427 3754 ἢ
3475 3682 3523 3734 εἰ
3558 3681 3734 3753 μηδὲν

2149 3785 2456 3851 ἰδιαζόντως
2491 3780 2781 3837 καταλάϐοι
2822 3780 2856 3851 ἡ
2888 3779 3086 3841 ἔννοια,
3115 3776 3200 3847 ἐφ’
3241 3770 3317 3830 ὧν
3354 3774 3416 3828 τὸ
3452 3774 3735 3845 διακρῖνον

2145 3880 2246 3933 οὑκ
2281 3876 2396 3931 ἐστι
2446 3875 2521 3947 μὴ
2564 3875 2808 3928 ὑπονοεῖν
2853 3869 2952 3942 τὴν
2990 3868 3281 3941 διάκρισιν.
3328 3866 3393 3921 Εἰ
3439 3865 3548 3937 γάρ
3592 3866 3736 3936 μήτε

470 3958 715 3979 ...υ......,
763 3958 1027 3978 -__---.,_-
1120 3958 1123 3959 ν
1194 3958 1209 3974 ,

470 4025 613 4065 mam
644 4027 657 4062 :
690 4017 913 4061 necesse
946 4006 1030 4054 est
1061 3995 1290 4050 omnino
1321 3998 1379 4045 ut
1402 3989 1470 4044 iis
1505 4001 1627 4058 quae
1660 3982 1809 4038 nulla
1840 3979 2028 4036 discer-

2149 3972 2301 4042 παρὰ
2327 3970 2388 4024 τὸ
2417 3968 2576 4021 πλέον
2605 3966 2699 4019 καὶ
2726 3963 2946 4017 ἔλαττον
2974 3961 3073 4034 τὴν
3099 3960 3363 4032 διαφορὰν
3400 3958 3735 4029 ὲξευρίσκοι,

472 4110 681 4159 nuntur
728 4094 1031 4152 mutatione
1093 4103 1157 4143 ac
1205 4082 1541 4144 diversitate,
1584 4076 1680 4133 sed
1737 4075 1791 4129 in
1854 4070 2048 4127 iisdem

472 4192 915 4254 considerantur,
949 4190 1043 4238 aut
1076 4177 1359 4252 pr0prium
1385 4171 1715 4236 ostendere;
1752 4174 1847 4221 aut
1879 4165 1927 4220 si
1961 4164 2049 4218 ni-

476 4289 550 4344 hil
579 4282 798 4359 proprie
846 4294 910 4332 ac
952 4271 1304 4345 peculiariter
1358 4267 1560 4321 mentis
1622 4258 2053 4330 comprehendat

475 4352 761 4449 conceptio
788 4394 800 4428 :
833 4374 888 4429 in
924 4369 991 4423 iis
1022 4367 1076 4421 in
1108 4363 1307 4434 quibus
1335 4374 1444 4413 non
1474 4363 1557 4413 est
1585 4353 1731 4425 quod
1751 4352 2050 4413 discernat,

476 4490 585 4528 non
607 4468 922 4525 existimare
943 4474 1065 4517 esse
1092 4453 1506 4513 discretionem.

482 4568 536 4620 in
567 4577 633 4619 eo
656 4558 804 4632 quod
864 4562 947 4610 est
977 4552 1100 4623 plus
1135 4554 1229 4601 aut
1258 4546 1443 4600 minus
1490 4538 1733 4595 inveniat
1798 4533 2057 4589 differen-

2149 4064 2283 4118 διότι
2321 4062 2418 4131 τὴν
2450 4059 2747 4113 ἐλάττωσιν
2780 4054 2809 4108 ὁ
2835 4053 2934 4124 τῆς
2964 4052 3298 4122 τελειότητος
3335 4052 3395 4104 οὑ
3430 4049 3741 4121 παραδέχε-

2151 4173 2239 4210 ται
2276 4153 2432 4220 λόγος
2451 4169 2464 4181 ·
2505 4152 2638 4221 μήτε
2669 4148 2766 4220 τὴν
2795 4145 2947 4219 παρὰ
2973 4146 3033 4199 τὸ
3065 4146 3247 4217 χεῖρον
3279 4145 3375 4198 καὶ
3413 4141 3746 4214 προτιμότε-

2157 4261 2249 4317 ρον
2268 4256 2283 4274 ”
2326 4242 2387 4295 ού
2414 4240 2523 4312 γὰρ
2551 4239 2615 4293 ἂν
2658 4237 2737 4291 ἔτι
2771 4235 3023 4308 θεότητός
3048 4252 3132 4298 τις
3162 4233 3315 4305 σχοίη
3344 4230 3634 4303 ὑπόληψιν,
3674 4224 3743 4287 οὗ

2156 4339 2189 4406 ἡ
2226 4332 2320 4388 τοῦ
2358 4332 2597 4406 χείρονος
2624 4331 2723 4383 οὑκ
2766 4330 2959 4384 ἄπεστι
2998 4326 3370 4399 προσηγορίαο
3414 4324 3551 4396 μήτε
3594 4323 3745 4377 κατὰ

1567 4445 1624 4502 Si
1674 4444 1818 4500 enim
1878 4457 2028 4511 nequ:

2157 4428 2218 4481 τὸ
2247 4426 2470 4498 ἀρχαῖον
2495 4424 2588 4477 καὶ
2614 4423 2953 4495 πρόσφατον
2982 4420 3043 4473 τὸ
3066 4417 3173 4491 γὰρ
3197 4418 3272 4491 μὴ
3297 4419 3383 4471 ἀεὶ
3402 4415 3481 4481 δν,
3510 4416 3616 4483 ἔξω
3639 4418 3747 4489 τῆς

2154 4522 2283 4594 περὶ
2313 4519 2375 4573 τὸ
2404 4516 2556 4571 Θεῖόν
2603 4516 2750 4568 ἐστιν
2785 4512 3105 4583 ὑπολήψεως
3124 4528 3138 4541 ·
3185 4510 3300 4565 ἀλλ’
3338 4505 3419 4572 εἷς
3449 4507 3541 4562 καὶ
3582 4509 3610 4561 ὁ
3640 4510 3748 4563 αὑ-

567 4603 632 4619 υν
657 4603 804 4632 ,μν-
868 4603 945 4610 ---
978 4603 1096 4623 τη-

484 4658 637 4720 tiam,
672 4650 931 4723 quoniam
975 4638 1396 4699 diminutionem
1463 4650 1568 4689 non
1625 4629 1865 4685 admittit
1920 4624 2028 4679 ratil

2154 4616 2245 4679 τὸς
2271 4614 2372 4684 τῆς
2404 4613 2654 4681 θεότητος
2689 4607 2865 4676 λόγος,
2896 4606 3151 4677 οὐδεμιᾶς
3183 4603 3443 4674 ἰδιότητος
3478 4604 3538 4657 ὲν
3568 4603 3753 4659 οὐδενὶ

2273 4706 2285 4723 ι
2364 4706 2380 4723 ι
2436 4703 2647 4723 mm-..
2685 4699 3106 4723 -_o.-.----.-1-...--
3154 4696 3359 4723 LL“..-
3414 4696 3559 4723 ..ιη
3608 4696 3752 4723 --ι-

483 4742 856 4820 perfectionis,
880 4752 1057 4809 neque
1078 4734 1133 4788 in
1169 4746 1234 4786 eo
1263 4727 1409 4800 quod
1434 4733 1518 4780 est
1549 4722 1797 4778 deterius
1829 4734 1891 4772 ac
1915 4732 2058 4787 pra:-

484 4808 744 4897 stantius.
796 4808 983 4903 Neque
1013 4825 1356 4883 divinitatem
1411 4818 1479 4873 de
1512 4830 1577 4871 eo
1615 4812 1821 4883 poteris
1881 4808 2062 4877 suspi-

482 4934 809 5000 cari,aquo
842 4921 1132 4982 deterioris
1177 4924 1385 4972 remota
1444 4926 1551 4965 non
1605 4917 1691 4963 est
1743 4903 2055 4976 appellatio.

483 4995 671 5096 Neque
702 4995 756 5076 in
783 5034 849 5075 eo
878 5015 1025 5088 quod
1076 5019 1161 5068 est
1218 5007 1505 5076 antiquum
1556 5008 1619 5056 'et
1656 5012 1870 5055 recens.
1925 4995 2057 5050 Nam

484 5089 627 5193 quod
657 5131 763 5171 non
797 5124 1012 5180 semper
1038 5114 1141 5170 est,
1177 5100 1423 5157 divinum
1480 5110 1590 5150 non
1634 5098 1814 5164 potest
1869 5089 2061 5145 existi-

485 5179 645 5268 mari.
694 5205 803 5261 Sed
841 5202 886 5257 si
918 5179 1044 5255 luna
1089 5203 1172 5251 est
1199 5202 1253 5247 et
1281 5189 1468 5246 eadem
1525 5185 1665 5241 ratio
1714 5179 2059 5266 divinitatis;

2157 4706 2300 4762 κατὰ
2330 4706 2391 4759 τὸ
2430 4703 2648 4771 εὑλογον
2682 4699 3106 4772 εὑρισκομένης’
3150 4696 3364 4767 ἀνάγκη
3414 4696 3563 4749 πᾶσα
3608 4696 3752 4766 πρὸς

2163 4805 2291 4875 μιᾶς
2329 4801 2580 4872 θεότητος
2617 4796 2907 4868 ὁμολογίαν
2951 4791 3301 4863 συνθλιϐἧναι
3331 4790 3429 4862 τὴν
3468 4787 3755 4861 πεπλανη-

2166 4897 2336 4968 μένην
2385 4893 2515 4965 περὶ
2559 4890 2654 4945 τοῦ
2706 4889 2944 4960 πλήθους
2988 4885 3096 4940 τῶν
3143 4884 3281 4939 θεῶν
3327 4881 3648 4955 φαντασίαν.
3687 4883 3754 4935 Εἰ

2164 4988 2272 5059 γὰρ
2314 4988 2374 5040 τὸ
2407 4984 2605 5055 ἀγαθὸν
2637 4982 2731 5037 καὶ
2757 4980 2816 5035 τὸ
2843 4979 3068 5046 δίκαιον,
3091 4978 3153 5031 τό
3177 4995 3235 5031 τε
3269 4976 3431 5045 σοφὸν
3457 4975 3553 5027 καὶ
3574 4974 3636 5027 τὸ
3661 4973 3760 5027 δυο

2166 5082 2324 5137 νατὸν
2362 5077 2620 5139 ὡσαύτως
2647 5074 2876 5144 λέγοιτο,
2911 5071 2946 5141 ἦ
2972 5088 3030 5123 τε
3061 5067 3336 5140 ἀφθαρσία
3367 5066 3460 5119 καὶ
3488 5065 3757 5135 ἀῖδιότης,

2168 5178 2264 5231 καὶ
2297 5176 2445 5228 πᾶσα
2491 5167 2719 5239 εὐσεϐὴς
2761 5165 2999 5228 διάνοια,
3050 5159 3193 5215 κατὰ
3223 5159 3313 5213 τὸν
3354 5157 3518 5212 αὑτὸν
3560 5155 3764 5226 ὁμολο⁴

484 5320 609 5361 eum
659 5301 807 5358 nulla
867 5297 921 5350 in
962 5292 1075 5348 ullo
1129 5284 1439 5344 inveniatur
1493 5259 1828 5352 proprietas,
1887 5281 1947 5328 ut
1978 5287 2028 5328 es

2171 5272 2319 5340 γοῖτο
2370 5264 2601 5338 τρόπον·
2654 5261 2833 5330 πάσης
2877 5255 3017 5312 κατὰ
3058 5254 3239 5312 πάντα
3286 5252 3444 5322 λόγον
3492 5250 3765 5321 διαφορᾶς

485 5341 609 5361 ιω..
660 5341 807 5358 ........
967 5341 1070 5348 --η
1235 5341 1245 5342 ,
1493 5341 1509 5352 _
1597 5341 1615 5350 _

485 5401 961 5452 consentaneum;
1020 5393 1247 5437 necesse
1276 5384 1361 5431 est
1416 5371 1642 5428 omnino
1699 5375 1761 5423 ut
1800 5365 2028 5421 aherran

2174 5356 2611 5433 ὑφαιρουμένης,
2659 5351 3068 5422 συναφαιρεῖται
3098 5348 3217 5400 κατ’
3269 5345 3517 5415 ἀνάγκην
3547 5341 3613 5396 τὺ
3650 5341 3770 5397 τῶν

488 5498 543 5545 et
571 5488 707 5541 falsa
733 5485 799 5539 de
837 5474 1188 5535 multitudine
1219 5470 1448 5526 deorum
1484 5460 1774 5535 phantasia
1829 5454 2069 5526 compel-

2177 5454 2314 5509 θεῶν
2349 5449 2553 5520 πλῆθος
2587 5444 2695 5501 ἀπὸ
2721 5442 2814 5497 τοῦ
2838 5442 3125 5514 δόγματος,
3153 5441 3250 5511 τῆς
3276 5439 3365 5493 διὰ
3388 5438 3606 5492 πάντων
3634 5454 3774 5491 ταυ-

490 5525 543 5545 ι.
572 5525 707 5541 ..υσ-
733 5525 799 5539 ac
838 5525 1181 5535 ..._.-----_-__
1233 5525 1236 5526 ,
1486 5525 1501 5535 _
1961 5525 1969 5526 η

490 5583 635 5636 iatur
685 5576 755 5631 ad
808 5568 1173 5629 confitendam
1237 5576 1400 5617 unam
1438 5557 1803 5613 divinitatem.
1841 5549 1977 5604 Nam
2019 5565 2028 5603 ι

2176 5545 2418 5615 τότητος,
2449 5540 2529 5601 εἰς
2559 5537 2618 5589 τὸ
2650 5534 2707 5588 ἓν
2738 5533 2799 5586 τὸ
2823 5532 2997 5603 δόγμα
3022 5531 3119 5604 τὴν
3151 5532 3332 5585 πίστιν
3362 5525 3775 5599 περιαγούσης,

490 5672 709 5729 bonitas
732 5674 785 5725 et
808 5665 1050 5739 justitia,
1096 5658 1478 5731 sapientiaque
1508 5658 1561 5707 et
1587 5646 1831 5721 potentia
1901 5642 2155 5700 similiter
2190 5647 2243 5696 et
2273 5635 2463 5694 eodem
2507 5632 2667 5688 modo
2696 5628 2920 5693 dicitur,
2952 5625 3403 5697 incorruptioque
3436 5631 3490 5679 et
3540 5621 3779 5678 aeterni-

2316 5734 2327 5739 -
2608 5735 2619 5739 _
2733 5725 2767 5739 -.
3011 5724 3061 5739 ..
3102 5730 3145 5739 .-
3218 5719 3505 5739 ,ιιι-,μμ
3597 5716 3773 5739 -ε.,...

490 5778 593 5835 tas,
644 5716 935 5836 omnisque
996 5773 1151 5818 mens
1186 5757 1274 5827 pia
1333 5751 1525 5810 eodem
1590 5745 1753 5802 modo
1803 5742 2134 5798 confitetur:
2181 5734 2331 5793 omni
2380 5729 2626 5804 qualibet
2668 5725 2881 5783 ratione
2942 5724 3157 5781 sublata
3203 5719 3545 5788 differentia,
3595 5716 3777 5774 simul
