4006 6148
324 353 414 411 ’13
1554 366 1812 426 ORATIO
1854 370 2348 431 CATECHETICA.
3516 385 3583 440 Η

333 469 651 525 necessario
698 470 908 525 tollitur
956 486 986 525 a
1039 472 1292 546 dogmate
1357 479 1581 538 deorum
1629 487 1942 553 multitudo,
1996 505 2120 543 cum
2158 507 2279 560 quae
2316 500 2401 546 cst
2446 507 2541 561 per
2582 495 2790 560 omnia,
2838 504 2896 550 ut
2942 497 3015 551 ita
3060 496 3272 561 dicam,
3328 496 3582 553 identitas

334 565 501 619 tidem
535 562 604 617 ad
634 578 801 617 unum
845 565 1040 635 d0gma
1065 569 1320 630 deducat.

926 658 1173 713 ΚΕΦΑΛ.
1226 663 1306 715 A'.

415 740 557 794 Ἀλλ’
588 742 775 813 ἐπειδὴ
808 744 901 797 καὶ
936 747 964 798 6
993 750 1093 816 τῆς
1139 749 1419 813 εὐσεϐείας
1458 751 1613 821 λόγος
1643 751 1750 809 οῗδὲ
1791 776 1911 812 τινα

318 832 602 903 διάκρισιν
632 835 980 889 ύποστάσεων
1011 839 1069 891 ὲν
1092 843 1158 911 τῇ
1190 841 1397 911 ὲνὸτητι
1426 843 1524 915 τῆς
1551 844 1764 914 φύσεως
1791 848 1913 919 βλέ-

325 941 474 987 πειν,
503 925 579 989 ὡς
616 926 680 978 ἂν
710 926 783 997 μὴ
814 931 877 997 τῇ
912 930 1046 999 πρὸς
1090 933 1214 994 τοὺς
1248 933 1517 1006 ’Έλληνας
1558 939 1726 1010 μάχῃ,
1775 942 1911 1013 πρὸς

321 1015 417 1066 τὸν
446 1016 777 1086 Ἰουδαῖσμὸν
799 1020 928 1088 ἡμῖν
955 1022 983 1072 ὁ
1007 1021 1161 1090 λόγος
1183 1025 1521 1100 ύπενεχθείη,
1550 1032 1712 1086 πάλιν
1740 1053 1908 1105 προσ·

322 1107 449 1174 ήκει
496 1107 752 1179 διαστολῇ
806 1126 913 1162 τινι
975 1117 1224 1184 τεχνικῇ,
1279 1119 1372 1170 καὶ
1417 1120 1515 1190 τὴν
1570 1126 1698 1195 περὶ
1752 1126 1909 1181 τοῦτο

322 1198 534 1269 πλάνην
564 1200 1069 1269 ἐπανορθώσασθαι.
1103 1207 1237 1259 Οὐδὲ
1260 1208 1369 1280 γάρ
1398 1214 1509 1276 τοῖς
1540 1212 1642 1278 ἔξω
1665 1216 1757 1268 τοῦ
1784 1217 1906 1271 καθ’

322 1291 474 1359 ἡμᾶς
520 1291 793 1360 δόγματος
839 1293 1028 1361 ἄλογον
1065 1291 1201 1350 εἶναι
1237 1300 1298 1351 τὸ
1342 1303 1494 1355 Θεῖον
1542 1304 1903 1377 ύπείληπται’

321 1379 485 1432 τοῦτο
517 1380 573 1433 δὲ
615 1381 745 1452 παρ’
783 1382 1005 1437 ἐκείνων
1044 1386 1474 1459 ὁμολογούμενον
1520 1395 1717 1459 ἱκανῶς
1750 1397 1904 1469 διαρ-

318 1468 524 1540 θρώσει
572 1471 664 1559 τὸν
695 1472 966 1543 ἡμέτερον
1010 1474 1186 1544 λόγον.
1248 1480 1305 1533 '0
1349 1482 1455 1553 γὰρ
1502 1485 1778 1555 ὁμολογῶν
1829 1490 1903 1559 μὴ

319 1560 513 1627 ἄλογον
548 1557 684 1615 εἶναι
726 1562 817 1615 τὸν
846 1563 1011 1629 Θεὸν,
1046 1568 1263 1632 πάντως
1306 1566 1461 1641 λόγον
1506 1574 1648 1645 ἔχειν
1690 1578 1783 1630 τὸν

318 1652 513 1719 ἄλογον
553 1653 1044 1723 συγκαταθήσεται.
1111 1658 1270 1712 Ἀλλά
1304 1661 1408 1732 μὴν
1433 1664 1769 1736 ἀνθρώπινος
1810 1672 1905 1741 ὁμ-

314 1741 550 1810 ωνύμως
580 1743 795 1810 λέγεται
810 1744 985 1812 λόγος.
1015 1747 1220 1802 Οὐκοῦν
1236 1752 1283 1803 εί
1300 1751 1445 1819 λέγοι
1465 1754 1585 1807 καθ’
1607 1758 1901 1828 ὁμοιότητα

316 1832 427 1885 τῶν
465 1834 591 1904 παρ’
617 1836 745 1905 ἡμῖν
767 1837 861 1889 καὶ
893 1836 982 1890 τὸν
1013 1839 1106 1892 τοῦ
1135 1841 1269 1895 Θεοῦ
1300 1844 1563 1913 ὑπονοεῖν,
1593 1849 1735 1903 οὕτω
1773 1869 1902 1921 μετ-

318 1924 620 1993 αχθήσεται
658 1926 791 1995 πρὸς
827 1926 925 1999 τὴν
952 1928 1285 2002 ὑψηλοτέραν
1325 1935 1608 2007 ὑπόληψιν.
1664 1940 1900 2012 Ἀνάγκη

316 2013 433 2083 γὰρ
474 2016 622 2068 πᾶσα
656 2017 980 2087 κατάλληλον
1012 2016 1153 2073 εἶναι
1182 2025 1457 2079 πιστεύειν
1502 2031 1569 2098 τῇ
1616 2028 1774 2097 φύσει
1808 2032 1899 2086 τὸν
1932 2031 1973 2085 Β

316 2102 498 2169 λόγον,
534 2105 611 2167 ὡς
641 2106 729 2159 καὶ
765 2108 831 2161 τὰ
862 2109 997 2163 ἀλλα
1028 2112 1223 2167 πάντα.
1261 2116 1369 2168 Καὶ
1398 2118 1505 2189 γὰρ
1543 2119 1771 2190 δύναμίς
1811 2141 1895 2187 τις

312 2190 412 2243 καὶ
446 2190 580 2261 ζωὴ,
621 2194 711 2246 καὶ
745 2196 927 2264 σοφία,
971 2201 1099 2269 περὶ
1127 2200 1187 2254 τὸ
1219 2202 1556 2273 ἀνθρώπινον
1601 2206 1890 2277 βλέπεται·

312 2281 453 2334 ἀλλά
492 2282 590 2334 ούκ
637 2284 702 2337 ἀν
748 2298 834 2348 τις
881 2288 944 2339 ὲκ
993 2289 1090 2360 τῆς
1131 2292 1448 2363 ὁμωνυμίας
1498 2296 1753 2367 τοιαύτην
1799 2302 1892 2353 καὶ

311 2372 408 2424 ἐπὶ
444 2373 538 2425 τοῦ
573 2373 705 2426 Θεοῦ
755 2376 853 2447 τὴν
883 2375 1048 2448 ζωὴν,
1086 2381 1119 2446 ἢ
1146 2381 1243 2451 τὴν
1273 2382 1536 2455 δύναμιν,
1584 2387 1616 2458 ἦ
1667 2388 1762 2459 τὴν
1800 2406 1889 2441 σο-

311 2462 441 2528 φίαν
473 2464 817 2535 ὑπονοήσειεν
850 2466 988 2520 ἀλλὰ
1013 2472 1146 2540 πρὸς
1174 2471 1233 2525 τὸ
1257 2474 1356 2544 τῆς
1390 2475 1600 2543 φύσεως
1628 2478 1725 2546 τῆς
1755 2479 1890 2549 ἡμεο

308 2552 474 2622 τέρας
532 2554 763 2625 μέτρον,
818 2560 1288 2616 συνταπεινοῦνται
1348 2566 1404 2617 αἱ
1472 2566 1581 2619 τῶν
1636 2568 1890 2624 τοιούτων

306 2646 586 2714 ὀνομάτων
607 2649 894 2717 ἐμφάσεις.
930 2650 1143 2723 Ἐπειδὴ
1167 2654 1275 2725 γὰρ
1294 2655 1505 2727 φθαρτὴ
1528 2659 1622 2711 καὶ
1651 2660 1886 2732 ἀσθενὴς

310 2734 467 2803 ἡμῶν
499 2738 533 2804 ἡ
558 2736 741 2803 φύσις,
760 2738 853 2790 διὰ
873 2738 1030 2793 τοῦτο
1052 2742 1338 2814 ὠκύμορος
1358 2747 1391 2821 ὴ
1414 2747 1546 2818 ζωὴ,
1577 2749 1884 2803 ἀνυπόστα-

305 2843 398 2888 τος
424 2828 456 2896 ἡ
488 2826 743 2896 δύναμις,
796 2830 1011 2900 ἀπαγὴς
1042 2834 1070 2884 ὁ
1101 2832 1275 2901 λόγος.
1324 2837 1448 2891 Ἐπὶ
1493 2838 1549 2892 δὲ
1588 2841 1684 2910 τῆς
1714 2840 1883 2910 ὑπερο

310 2918 573 2987 κειμένης
599 2917 813 2986 φύσεως
841 2918 917 2988 τῷ
948 2923 1215 2993 μεγαλείῳ
1254 2925 1350 2979 τοῦ
1378 2926 1751 2999 θεωρουμένου
1775 2933 1884 2985 πᾶν

305 3009 369 3060 τὸ
402 3010 530 3078 περὶ
564 3008 734 3077 αὐτὴν
771 3008 1061 3078 λεγόμενον
1109 3015 1511 3085 συνεπαίρεται.
1546 3021 1751 3074 Οὐκοῦν
1781 3023 1883 3076 κᾶν

306 3099 482 3168 Λόγος
514 3098 650 3153 Θεοῦ
684 3099 927 3170 λέγηται,
963 3101 1061 3154 ούκ
1093 3104 1151 3155 ἐν
1178 3106 1242 3174 τῇ
1275 3106 1417 3177 ὁρμῇ
1452 3106 1546 3161 τοῦ
1586 3109 1885 3182 φθεγγομέ-

300 3208 399 3245 νου
450 3192 547 3245 καὶ
591 3192 690 3262 τὴν
739 3192 1035 3246 ὑπόστασιν
1087 3193 1229 3264 ἔχειν
1281 3197 1703 3268 νομισθήσεται,
1762 3202 1883 3257 καθ’

301 3271 600 3354 ὁμοιότητα
630 3282 723 3337 τοῦ
749 3284 1015 3354 ἡμετέρου
1048 3286 1376 3356 μεταχωριῖΝ
1405 3290 1483 3351 εἰς
1514 3289 1877 3362 ἀνύπαρκτον.

2648 673 2880 730 CAPUT
2912 676 2950 731 1.

2084 803 2191 859 Sed
2218 806 2474 876 quoniam
2535 808 2753 877 pietatis
2788 812 2926 865 ratio
2977 813 3080 869 scit
3118 815 3279 869 etiam
3338 816 3578 887 aliquam

2013 894 2404 965 hypostaseon,
2436 914 2531 955 seu
2577 900 3056 958 subsistentiarum
3097 921 3161 961 ac
3219 922 3576 977 personarum

2008 998 2236 1040 cernere
2260 985 2620 1043 differentiam
2653 989 2708 1043 in
2743 993 2951 1048 unitate
2986 1004 3212 1060 naturae,
3233 1012 3298 1051 ne
3324 997 3452 1053 dum
3483 998 3583 1053 ad-

2010 1090 2199 1130 versus
2226 1074 2446 1133 Graecos
2480 1079 2878 1149 depugnamus,
2917 1084 2983 1139 ad
3013 1083 3355 1141 Judaismum
3392 1097 3576 1145 nostra
3678 1160 3681 1163 _

2009 1164 2314 1222 deducatur
2337 1171 2532 1233 oratio,
2557 1187 2753 1228 rursus
2784 1178 3036 1231 convenit
3064 1178 3361 1236 artiliciosa
3392 1184 3576 1254 aliqua

2007 1254 2359 1314 distinctione
2385 1261 2505 1330 ejus
2528 1263 2606 1318 rei
2631 1279 2871 1319 errorem
2896 1268 3188 1338 corrigere.
3211 1269 3397 1342 Neque
3428 1274 3572 1329 enim

2010 1346 2041 1398 ii
2068 1350 2161 1417 qui
2193 1364 2222 1403 ιι
2252 1359 2442 1406 nostro
2472 1354 2722 1424 dogmate
2753 1365 2881 1411 sunt
2917 1360 3101 1425 alieni,
3157 1360 3325 1417 Deum
3380 1363 3575 1419 existi-

2005 1447 2227 1495 marunt
2258 1457 2448 1498 carere
2482 1446 2730 1502 ratione:
2762 1448 2865 1504 hoc
2893 1459 3071 1505 autem
3107 1453 3251 1522 quod
3286 1454 3361 1509 illi
3397 1454 3572 1510 faten-

2003 1535 2096 1584 tur
2139 1532 2365 1588 verbum
2406 1546 2655 1592 nostrum
2702 1540 2837 1595 satis
2886 1543 3179 1610 explicabit
3208 1552 3263 1601 et
3302 1546 3569 1605 ostendet.

2002 1621 2136 1678 Nam
2164 1624 2255 1695 qui
2286 1624 2486 1681 fatetur
2513 1627 2681 1684 Deum
2728 1646 2834 1687 non
2874 1647 3064 1688 carere
3122 1636 3352 1701 ratione,
3389 1637 3571 1690 omni-

2004 1729 2075 1771 no
2106 1719 2465 1783 assentietur,
2499 1735 2622 1775 eum
2662 1725 2754 1797 qui
2787 1739 2894 1778 non
2929 1734 3079 1781 caret
3105 1728 3338 1792 ratione,
3372 1728 3572 1787 habere

2002 1808 2293 1863 rationem.
2329 1809 2492 1880 Atqui
2538 1811 2773 1867 humana
2812 1832 3028 1887 quoque
3075 1821 3219 1873 ratio
3293 1821 3569 1890 aequivocc

2004 1895 2232 1954 dicitur.
2265 1898 2323 1955 Si
2355 1916 2486 1973 ergo
2514 1903 2661 1957 dicat
2696 1920 2756 1961 se
2802 1908 3069 1963 rationem
3109 1918 3163 1967 et
3193 1910 3431 1967 Verbum
3478 1916 3568 1971 in-

2002 1990 2247 2061 telligere
2303 1992 2370 2045 ad
2410 1993 2821 2052 similitudinem
2859 2013 3049 2053 eorum
3080 2015 3201 2069 qua:
3228 2003 3433 2059 suntin
3469 2018 3568 2058 no-

2002 2079 2109 2144 bis,
2168 2082 2249 2135 sic
2316 2082 2385 2137 ad
2440 2083 2813 2140 sublimiorem
2868 2087 3167 2144 deducetur
3230 2092 3563 2163 opinionem.

2000 2170 2236 2227 Omnino
2273 2174 2415 2229 enim
2448 2189 2671 2232 necesse
2699 2185 2783 2232 cst
2834 2188 2893 2233 ut
2923 2179 3109 2236 credat
3138 2181 3404 2239 rationem
3442 2199 3565 2239 esse

2001 2271 2218 2322 natura:
2252 2276 2663 2335 congruentem,
2698 2274 2758 2322 ut
2784 2276 2838 2324 ct
2863 2270 2967 2324 aiia
2996 2273 3196 2327 omnia.
3232 2272 3365 2335 Nam
3391 2284 3443 2330 et
3480 2274 3563 2331 vis

1998 2355 2247 2424 qumdam
2280 2364 2334 2411 et
2364 2356 2498 2423 vita,
2529 2365 2583 2411 et
2636 2359 2900 2429 sapientia
2940 2362 3184 2418 cernitur
3239 2364 3293 2418 in
3320 2363 3561 2421 homini-

1996 2444 2123 2508 bus,
2148 2444 2246 2499 sed
2281 2461 2347 2499 ex
2386 2446 2734 2518 bemonymia
2762 2465 2925 2505 nemo
2963 2452 3357 2514 existimaverit
3396 2456 3559 2512 talem

1998 2534 2053 2589 in
2081 2536 2194 2590 Deo
2219 2552 2340 2591 esse
2374 2536 2562 2602 vitam,
2599 2546 2691 2592 aut
2723 2539 2853 2605 vim,
2916 2550 3010 2597 aut
3067 2544 3413 2615 sapientiam,
3464 2546 3558 2605 sed

1994 2640 2095 2696 pro
2120 2626 2282 2680 modo
2347 2636 2548 2683 nostrae
2602 2637 2810 2685 natura:
2847 2649 2953 2686 una
3012 2636 3174 2689 etiam
3236 2636 3561 2706 deprimitur

1993 2716 2273 2785 emphasis
2307 2719 2617 2789 hujusmodi
2648 2722 2952 2780 nominum.
2980 2725 3249 2791 Quoniam
3296 2729 3442 2787 enim
3476 2730 3561 2784 in-

1993 2809 2179 2863 teritui
2234 2812 2467 2866 obnoxia
2507 2820 2561 2868 et
2602 2814 2873 2871 imbecilla
2928 2827 3014 2873 est
3077 2828 3265 2875 nostra
3324 2829 3557 2887 natura,

1993 2910 2281 2970 propterea
2316 2904 2495 2961 brevis
2544 2915 2630 2961 est
2660 2908 2790 2972 vita,
2830 2909 3021 2980 visque
3076 2929 3195 2981 qua“:
3234 2931 3342 2971 non
3380 2923 3560 2989 potest

1991 2997 2311 3062 consistere,
2344 3006 2400 3053 et
2440 3015 2622 3059 sermo
2652 3016 2759 3059 non
2791 3004 3021 3061 stabilis.
3069 3005 3129 3065 In
3159 3023 3410 3082 suprema
3456 3025 3556 3073 au-

1992 3100 2095 3146 tem
2129 3102 2348 3154 natura,
2384 3108 2507 3146 cum
2542 3095 2915 3164 magnitudine
2943 3096 3063 3165 ejus
3108 3102 3251 3170 quod
3299 3104 3553 3159 conside-

1991 3190 2161 3245 ratur,
2208 3183 2467 3252 quidquid
2498 3185 2563 3238 de
2593 3200 2652 3236 ea
2681 3186 2901 3253 dicitur,
2926 3188 3091 3243 simul
3118 3193 3411 3251 extollitur.
3441 3185 3559 3251 Etsi

1990 3287 2123 3342 ergo
2154 3272 2353 3326 dicitur
2389 3271 2479 3326 Dei
2518 3273 2775 3336 Verbum.
2808 3277 2968 3338 ratio,
2995 3289 3088 3334 aut
3118 3296 3320 3345 sermo,
3354 3284 3401 3340 is
3443 3300 3552 3342 non

315 3375 457 3427 Ἀλλ’
498 3374 686 3443 ὥσπερ
729 3375 762 3443 ὴ
812 3370 1053 3443 ἡμετέρα
1092 3374 1251 3442 φύσις
1296 3377 1559 3449 ἐπίκηρος
1608 3376 1762 3445 οὖσα,
1793 3383 1886 3437 καὶ

1992 3363 2047 3419 in
2076 3364 2274 3433 impetu
2307 3364 2426 3435 ejus
2459 3366 2606 3438 quod
2636 3366 2837 3421 dicitur
2875 3370 3177 3426 consistere
3213 3372 3554 3429 existimabi-

302 3465 571 3533 ἐπίκηρον
606 3465 697 3516 τὸν
733 3464 889 3531 λόγον
923 3465 1066 3534 ἔχει·
1105 3464 1275 3529 οὓτως
1308 3469 1341 3537 ὴ
1369 3468 1644 3540 ἄφθαρτος
1677 3474 1770 3525 καὶ
1798 3474 1885 3526 ἀεὶ

303 3554 517 3608 ἑστῶσα
548 3554 707 3621 φύσις
728 3594 741 3615 ,
778 3555 947 3607 ἀΐδιον
982 3555 1091 3625 ἔχει
1129 3557 1221 3609 καὶ
1254 3558 1538 3626 ὑφεστῶτα
1571 3561 1661 3614 τὸν
1704 3562 1880 3631 λόγον.

305 3647 374 3699 Et
405 3644 471 3714 δὴ
504 3644 661 3698 τοῦτο
700 3645 840 3698 κατὰ
883 3645 945 3698 τὸ
982 3648 1274 3702 ἀκόλουθον
1304 3649 1664 3721 ὁμολογηθείη
1692 3652 1751 3706 τὸ
1782 3654 1885 3721 ύφο

299 3735 526 3787 εστάναι
554 3735 647 3789 τὸν
675 3735 768 3788 τοῦ
802 3735 936 3790 Θεοῦ
961 3738 1129 3804 Λόγον
1156 3738 1368 3804 ἀϊδίως,
1401 3740 1614 3810 ἀνάγκη
1640 3744 1785 3796 πᾶσα
1825 3744 1884 3798 ἐν

299 3824 419 3894 ζωῇ
468 3825 560 3876 τοῦ
602 3826 776 3893 Λόγου
828 3827 923 3895 τὴν
964 3827 1257 3881 ὑπόστασιν
1304 3824 1442 3883 εἶναι
1473 3832 1773 3900 ὁμολογεῖν.
1806 3834 1880 3887 Ού

299 3912 414 3983 γὰρ
446 3914 565 3968 καθ’
592 3916 879 3984 ὁμοιότητα
904 3917 1012 3977 τῶν
1041 3917 1202 3970 λίθων
1228 3918 1448 3987 ἀψύχως
1473 3920 1765 3989 ὑφεστάναι
1793 3924 1883 3976 τὸν

301 4004 500 4071 Λόγον,
556 4006 752 4073 εὐαγές
804 4009 952 4060 ἐστιν
1014 4008 1239 4062 οἴεσθαι.
1312 4009 1451 4062 Ἀλλ’
1503 4013 1551 4065 εί
1611 4011 1881 4080 ὑφέστηκε

300 4098 493 4167 νοερόν
520 4115 572 4151 τι
601 4101 788 4169 χρῆμα
816 4099 912 4151 καὶ
939 4098 1227 4168 ἀσώματον
1252 4099 1332 4164 ὃν,
1364 4098 1428 4170 ζῇ
1470 4101 1703 4164 πάντως.
1735 4103 1796 4154 Et
1824 4102 1879 4155 δὲ

299 4185 395 4239 τοῦ
423 4187 520 4258 ζῇν
550 4187 898 4259 κεχώρισται,
922 4189 1040 4241 οὐδὲ
1069 4191 1125 4242 ὲν
1149 4191 1442 4244 ὑποστάσει
1466 4192 1681 4256 πάντως
1710 4193 1876 4247 ἐστίν.

312 4277 475 4330 ’Δλλά
526 4280 635 4349 μὴν
683 4279 876 4344 ἀσεϐὲς
929 4280 1222 4352 ἀπεδείχθη
1268 4281 1357 4334 τὸν
1399 4282 1493 4335 τοῦ
1539 4281 1673 4335 Θεοῦ
1709 4284 1880 4351 Λόγον

294 4369 671 4423 ἀνυπόστατον
721 4367 879 4424 εἶναι.
936 4372 1143 4426 Οὐκοῦν
1193 4374 1581 4446 συναπεδείχθη
1636 4376 1775 4428 κατὰ
1818 4376 1880 4429 τὸ

295 4461 592 4515 ἀκόλουθον
620 4462 681 4514 τὸ
721 4465 781 4517 ὲν
824 4467 889 4535 τῇ
919 4466 1029 4536 ζωῇ
1066 4464 1250 4519 τοῦτον
1292 4466 1613 4537 θεωρεῖσθαι
1642 4466 1731 4521 τὸν
1774 4468 1878 4521 Λό-

293 4568 412 4620 γον.
451 4551 658 4622 ’Δπλῆς
688 4553 745 4606 δὲ
773 4555 871 4625 τῆς
898 4554 991 4608 τοῦ
1016 4556 1189 4623 Λόγου
1216 4555 1429 4624 φύσεως
1463 4557 1601 4611 κατὰ
1640 4558 1699 4611 τὸ
1732 4558 1877 4623 sine;

294 4638 435 4696 εἶναι
467 4645 931 4715 πεπιστευμένης,
957 4647 1050 4699 καὶ
1082 4646 1335 4718 οὐδεμίαν
1368 4648 1588 4719 διπλόην
1618 4650 1711 4703 κα)⁵
1750 4650 1874 4706 σύν-

295 4732 445 4785 θεσιν
472 4735 530 4786 ἐν
563 4736 728 4805 ἑαυτῇ
764 4736 1129 4807 δεικνυούσης,
1161 4739 1341 4792 οὐκέτι
1362 4739 1427 4792 ἄν
1462 4757 1545 4802 τις
1579 4739 1717 4794 κατὰ
1744 4759 1875 4810 μετ-

294 4823 479 4877 ουσίαν
521 4824 670 4895 ζωῆς
706 4827 764 4877 ὲν
804 4827 913 4899 ζωῇ
953 4828 1176 4901 θεωροίη
1217 4830 1307 4884 τὸν
1339 4830 1526 4900 Λόγον.
1556 4832 1629 4885 Ού
1660 4832 1763 4903 γὰρ
1805 4832 1871 4886 ἂν

297 4914 452 4977 ἐκτὸς
490 4918 573 4988 εἴη
621 4918 924 4983 συνθέσεως
954 4922 987 4991 ἡ
1019 4921 1240 4991 τοιαύτη
1276 4921 1559 4993 ὑπόληψις,
1600 4924 1660 4976 τὸ
1689 4924 1872 4995 ἕτερον

294 5005 364 5057 ὲν
390 5005 554 5077 ἑτέρῳ
575 5008 753 5076 λέγειν
788 5007 955 5063 εἶναι’
980 5012 1116 5083 ἀλλά
1143 5012 1356 5083 ἀνάγκη
1390 5016 1538 5067 πᾶσα
1574 5014 1674 5085 τῆς
1704 5015 1871 5069 ἁπλό-

292 5111 461 5164 τητος
511 5098 975 5170 ὁμολογουμένης,
1037 5101 1313 5172 αύτοζωὴν
1365 5097 1502 5155 εἶναι
1545 5102 1635 5156 τὸν
1698 5104 1869 5173 Λόγον

288 5184 537 5251 οἴεσθαι,
576 5189 636 5241 ού
676 5188 822 5260 ζωῆς
862 5191 1166 5260 μετουσίαν.
1212 5192 1275 5245 Et
1319 5186 1411 5245 οὖν
1455 5192 1519 5262 ζῇ
1548 5193 1575 5244 6
1603 5193 1792 5262 Λόγος,
1839 5195 1868 5245 6

287 5277 405 5346 ζωὴ
434 5276 533 5343 ὢν,
570 5280 656 5333 καὶ
682 5282 1067 5353 προαιρετικὴν
1096 5282 1323 5352 δύναμιν
1360 5282 1471 5353 ἕχει
1500 5282 1733 5347 πάντως.
1766 5285 1868 5337 υύ-

282 5370 375 5422 δὲν
415 5372 524 5442 γὰρ
562 5373 924 5444 ἀπροαίρετον
953 5374 1061 5427 τῶν
1094 5373 1308 5437 ζώντων
1341 5374 1475 5426 ἐστί.
1506 5374 1617 5443 Τὴν
1654 5374 1711 5427 δὲ
1741 5392 1868 5444 προσ

282 5461 496 5532 αίρεσιν
523 5463 727 5536 ταύτην
754 5465 846 5517 καὶ
876 5464 1103 5537 δυνατὴν
1132 5461 1271 5519 εἶναι
1305 5466 1443 5519 κατὰ
1471 5465 1529 5518 τὸ
1549 5465 1861 5533 ἀκόλουθον,

281 5554 505 5617 εύσεσές
546 5555 666 5607 ἐστι
696 5554 1023 5622 λογίζεσθαι.
1064 5556 1126 5609 Et
1168 5556 1274 5627 γὰρ
1311 5557 1385 5627 μή
1420 5574 1502 5620 τις
1543 5556 1603 5609 τὸ
1641 5557 1863 5611 δυνατὸν

277 5645 593 5716 ὁμολογοίη,
615 5646 679 5699 τὸ
707 5647 966 5700 ἀδύνατον
991 5649 1205 5711 πάντως
1240 5648 1657 5702 κατασκευάσει.
1704 5649 1861 5701 Ἀλλά

279 5739 391 5808 μὴν
432 5738 623 5809 πόρρω
669 5738 766 5809 τῆς
790 5738 918 5808 περὶ
969 5739 1029 5791 τὸ
1077 5738 1227 5791 Θεῖον
1268 5740 1588 5810 ὑπολήψεως
1634 5740 1749 5792 ἐστι
1798 5738 1859 5791 τὸ

1989 3461 2099 3515 tur,
2127 3455 2193 3511 ad
2224 3458 2397 3511 nostri
2436 3457 2870 3525 similitudinem,
2910 3460 2976 3515 ad
3009 3460 3113 3517 hoc
3159 3464 3434 3521 transiens
3488 3476 3548 3521 ut

1987 3559 2096 3599 non
2132 3548 2221 3600 sit.
2265 3547 2369 3605 Sed
2400 3548 2677 3618 quomodo
2702 3558 2889 3604 nostra
2919 3560 3135 3623 natura,
3173 3568 3297 3609 cum
3342 3555 3396 3610 in
3423 3572 3542 3611 eam

1987 3637 2141 3691 cadat
2173 3639 2447 3705 interitus,
2480 3657 2785 3697 sermonem
2818 3658 3036 3714 quoque
3061 3645 3223 3702 habet
3253 3649 3345 3718 qui
3384 3649 3550 3704 inter-

1986 3719 2152 3779 it:ita
2190 3735 2382 3782 natura
2424 3728 2477 3783 in
2517 3745 2678 3800 quam
2706 3747 2814 3787 non
2852 3733 2996 3787 cadit
3030 3734 3304 3801 interitus,
3348 3748 3403 3794 et
3431 3755 3549 3810 quae

1985 3830 2203 3888 semper
2242 3826 2373 3883 stat,
2411 3826 2677 3876 :eternum
2712 3823 2876 3878 etiam
2913 3824 3072 3880 habet
3120 3841 3447 3899 sermonem,
3492 3842 3547 3886 et

1983 3910 2075 3980 qui
2106 3911 2388 3967 consistit.
2420 3911 2573 3978 Quod
2599 3914 2644 3970 si
2670 3913 2774 3968 hoc
2805 3930 2868 3970 ex
2899 3920 3253 3988 consequenti
3282 3922 3547 3981 constite-

1986 3999 2167 4061 ritDei
2200 4002 2435 4057 Verbum
2493 4004 2887 4073 sempiternum
2946 4011 3269 4077 consistere,
3317 4029 3545 4071 necesse

1980 4099 2067 4146 cst
2097 4093 2321 4147 omnino
2357 4092 2514 4148 fateri
2543 4095 2598 4148 in
2635 4095 2744 4149 vita
2783 4095 2942 4152 Verbi
2974 4114 3095 4155 esse
3132 4101 3449 4172 hypostasin
3478 4119 3542 4159 ac

1981 4183 2362 4239 substantiam.
2395 4184 2558 4241 Nefas
2588 4196 2672 4241 est
2704 4188 2847 4241 enim
2895 4201 3082 4258 putare
3131 4192 3365 4247 Verbum
3405 4195 3543 4249 citra

1982 4275 2219 4330 animam
2252 4278 2556 4334 consistere
2608 4279 2784 4334 instar
2819 4280 3079 4350 lapidum.
3118 4284 3220 4338 Sed
3261 4285 3305 4340 si
3359 4285 3543 4343 consi-

1979 4366 2095 4428 stit,
2132 4373 2189 4418 ut
2211 4367 2356 4436 quod
2378 4364 2449 4419 sit
2471 4384 2558 4425 res
2589 4370 2835 4439 quaedam
2874 4372 3185 4443 intelligens
3219 4381 3272 4429 et
3297 4375 3544 4448 incorpo-

1980 4470 2093 4521 rea,
2120 4457 2252 4510 vivit
2282 4459 2525 4513 omnino.
2562 4460 2658 4515 Sin
2691 4469 2872 4516 autem
2892 4470 2987 4517 est
3014 4477 3042 4514 a
3075 4463 3182 4521 vita
3205 4476 3540 4537 separatum,

1979 4564 2045 4604 ne
2078 4549 2300 4604 omnino
2335 4549 2550 4619 quidem
2587 4552 2859 4611 consistit.
2914 4554 3077 4623 Atqui
3139 4556 3365 4629 impium
3417 4575 3542 4617 esse

1976 4647 2258 4697 ostensum
2290 4647 2394 4706 est,
2435 4640 2526 4696 Dei
2568 4642 2802 4696 Verbum
2836 4644 3059 4701 minime
3101 4649 3421 4706 consistere.
3457 4651 3545 4709 Sit

1980 4732 2089 4786 mul
2117 4746 2246 4802 ergo
2267 4740 2545 4789 ostensum
2570 4742 2648 4788 est
2674 4750 2737 4788 ex
2766 4747 3149 4807 consequente,
3175 4739 3276 4793 hoc
3302 4740 3539 4796 Verbum

1975 4824 2028 4879 in
2067 4824 2174 4878 vita
2201 4824 2559 4881 considerari.
2591 4825 2725 4880 Cum
2761 4835 2943 4883 autem
2971 4827 3133 4884 Verbi
3161 4831 3429 4887 creditum
3468 4833 3541 4889 sit

1974 4915 2275 4984 simplicem
2333 4930 2458 4971 esse
2513 4924 2787 4983 naturam,
2836 4926 2889 4974 et
2929 4934 3051 4988 quae
3100 4922 3155 4975 in
3222 4937 3281 4977 se
3334 4924 3538 4978 nullam

1973 5006 2226 5062 ostendat
2256 5007 2628 5075 duplicitatem
2661 5016 2714 5064 et
2746 5011 3198 5080 compositionem
3218 5029 3374 5077 ,_non
3435 5015 3543 5069 uti-

1973 5112 2080 5166 que
2110 5095 2350 5153 Verbum
2383 5114 2505 5155 esse
2544 5099 2599 5154 in
2644 5100 2755 5155 vita
2800 5102 2924 5171 quis
2983 5104 3414 5163 consideravcrit
3472 5122 3540 5159 ex

1972 5189 2095 5244 vita:
2127 5190 2564 5259 participatione.
2595 5190 2714 5245 Non
2745 5193 2889 5247 enim
2909 5200 3063 5248 extra
3085 5196 3536 5264 compositionem

1974 5281 2137 5337 fuerit
2163 5281 2476 5351 hujusmodi
2494 5282 2846 5346 existimatio,
2865 5284 3046 5340 dicere
3071 5286 3300 5341 alterum
3327 5299 3448 5343 esse
3479 5284 3535 5339 in

1971 5372 2182 5429 altero:
2223 5373 2318 5428 sed
2359 5373 2582 5429 omnino
2630 5390 2856 5431 necesse
2888 5374 2996 5441 ‘est,
3048 5392 3172 5431 cum
3207 5381 3422 5429 constet
3467 5375 3537 5433 de

1971 5463 2342 5532 simplicitate,
2376 5464 2550 5534 ipsam
2585 5480 2680 5534 per
2704 5480 2761 5522 se
2798 5468 2961 5525 vitam
2993 5466 3228 5521 Verbum
3273 5480 3393 5524 esse
3428 5484 3533 5538 pu-

1971 5560 2110 5616 tare,
2138 5570 2242 5609 non
2265 5562 2445 5609 autem
2477 5556 2601 5610 vitae
2627 5557 3116 5628 participationem.
3152 5555 3206 5611 Si
3235 5574 3364 5629 ergo
3398 5562 3534 5615 vivit

1971 5644 2205 5701 Verbum
2246 5661 2371 5701 cum
2400 5649 2471 5703 sit
2498 5648 2628 5713 vita,
2681 5650 2905 5704 omnino
2934 5663 3152 5719 quoque
3212 5651 3373 5708 habet
3424 5654 3531 5707 vim

1968 5739 2137 5795 libere
2164 5739 2411 5809 eligendi.
2452 5739 2596 5794 Nihil
2652 5742 2798 5795 enim
2847 5747 2930 5795 est
2958 5757 3022 5796 ex
3054 5743 3120 5796 iis
3151 5760 3269 5812 quae
3317 5747 3531 5807 vivunt,
