3980 6198
471 327 539 381 15
1665 318 1723 372 S.
1763 316 2086 372 GREGORII
2128 313 2418 370 NYSSENI
3647 314 3708 369 16

473 440 616 507 quod
655 454 761 493 non
795 439 866 494 sit
897 438 996 492 hac
1025 438 1075 489 vi
1139 432 1447 504 prmditum.
1492 430 1641 485 [lane
1686 439 1870 486 autem
1904 431 2039 484 libe-

2154 428 2421 482 ὶδύνατον.
2458 427 2622 480 Οὐδὲν
2648 426 2753 497 γὰρ
2781 426 3121 496 ἀπμφαῖνον
3148 425 3255 479 τῶν
3284 425 3412 497 περὶ
3447 426 3541 498 τὴν
3566 426 3711 481 θείαν

476 546 590 585 ram
622 529 942 584 electionem
967 542 1087 581 esse
1108 525 1269 579 etiam
1293 529 1563 593 potentem
1588 538 1650 575 ex
1680 522 2038 591 consequenti

476 622 622 691 pium
652 628 734 675 est
762 617 1131 673 considerare.
1163 613 1275 669 Nisi
1302 613 1445 668 enim
1473 612 1691 667 fatearis
1715 614 2035 682 potentiam,

474 722 688 770 astrues
712 710 936 764 omnino
964 705 1365 777 impotentiam.
1400 703 1567 772 Atqui
1604 703 1923 772 impotentia
1955 710 2041 758 est

474 804 630 858 valile
664 811 871 857 remota
900 803 967 856 ab
1002 816 1065 855 ea
1105 813 1225 867 quae
1256 798 1322 852 de
1352 796 1461 852 Deo
1500 796 1730 850 habetur
1761 796 2041 851 existima-

475 897 642 950 tione.
678 894 823 949 Nihil
855 894 1000 949 enim
1043 890 1290 955 absurdi,
1317 896 1370 943 et
1409 887 1553 958 quod
1586 903 1692 941 non
1748 886 2037 951 cohazreat,

474 988 852 1042 consideratur
882 1000 947 1039 ex
980 983 1047 1038 iis
1072 998 1191 1052 qua:
1232 991 1359 1038 sunt
1388 981 1440 1035 in
1475 981 1657 1035 divina
1688 987 1913 1035 natura:
1943 995 2040 1035 ne-

473 1095 630 1134 cesse
682 1084 766 1131 est
799 1074 1022 1129 omnino
1083 1072 1241 1125 fateri
1280 1077 1484 1124 tantam
1534 1084 1656 1125 esse
1709 1069 1816 1122 vim
1852 1068 2037 1133 Verbi,

464 1176 742 1237 quantum
775 1174 857 1221 est
889 1166 1049 1219 etiam
1081 1164 1445 1234 propositum,
1478 1178 1545 1216 ne
1575 1160 1820 1231 quzedam
1860 1162 2041 1215 mistio

474 1266 528 1313 et
544 1270 843 1312 concursus
861 1254 1076 1325 quidam
1093 1252 1490 1306 contrariorum
1512 1249 1889 1304 consideretur
1906 1249 1959 1302 in
1978 1263 2043 1304 eo

480 1348 621 1420 quod
660 1355 743 1403 est
774 1347 1023 1415 simplex,
1059 1345 1188 1397 dum
1222 1342 1460 1412 potentia
1491 1354 1544 1396 et
1571 1340 1886 1410 impotentia
1911 1354 2044 1393 con-

476 1438 790 1493 siderantur
831 1436 883 1489 in
919 1435 1105 1487 eodem
1149 1430 1451 1501 proposito,
1495 1429 1541 1484 si
1576 1428 1791 1497 quidem
1839 1424 2044 1495 aliquid

477 1529 695 1600 quidem
725 1528 919 1597 possit,
952 1526 1016 1580 ad
1054 1524 1258 1595 aliquid
1297 1539 1426 1579 vero
1484 1524 1554 1577 sit
1584 1522 1875 1590 impotens.
1907 1516 2043 1572 Cum

442 1622 663 1685 ,omnia
694 1628 871 1674 autem
924 1618 1097 1688 possit
1151 1615 1314 1671 Verbi
1370 1614 1584 1677 electio,
1613 1626 1732 1667 eam
1790 1610 1855 1663 ad
1910 1607 2044 1662 nihil

479 1714 605 1767 mali
631 1712 829 1766 habere
858 1709 1300 1781 propensionem,
1357 1705 1423 1759 ad
1473 1706 1661 1759 vitium
1715 1702 1858 1757 enim
1914 1714 2044 1770 pro-

2143 519 2422 590 θεωρεῖται
2455 519 2643 588 φύσινο
2676 518 2889 587 ἀνάγκη
2928 520 3079 571 πᾶσα
3110 517 3376 587 τοσαύτην
3403 514 3542 572 εἶναι
3584 522 3714 590 ὁμο-

2141 605 2321 673 λογεῖν
2346 604 2439 657 τοῦ
2475 605 2648 673 Λόγου
2676 605 2776 675 τὴν
2816 604 3065 685 δύναμιν,
3096 606 3195 675 ὅση
3225 607 3340 658 ἐστὶ
3378 608 3472 661 καὶ
3510 608 3543 677 ὴ
3582 610 3713 683 πρός-

2143 695 2312 759 θεσις,
2348 697 2433 750 ἵνα
2464 697 2538 766 μή
2578 714 2659 760 τις
2688 696 2832 766 μίξις
2859 696 2969 749 τῶν
3012 697 3270 750 ἐναντίων
3309 698 3402 750 καὶ
3448 699 3713 769 συνδρομὴ

2141 790 2271 861 περὶ
2312 789 2372 842 τὸ
2413 787 2616 842 ἁπλοῦν
2665 790 2949 862 θεωροίτο,
3004 790 3304 859 ἀδυναμίας
3338 807 3393 842 τε
3444 790 3715 844 καὶ-δυνά-

2145 898 2288 951 μεως
2328 882 2386 934 ἐν
2430 884 2497 952 τῇ
2542 881 2677 951 αὑτῇ
2718 881 2969 953 προθέσει
3014 882 3431 951 θεωρουμένων,
3459 881 3617 953 είπερ
3657 882 3716 935 τδ

2146 973 2245 1044 μέν
2267 990 2348 1026 τοι
2375 972 2607 1037 δύναιτο,
2633 972 2838 1043 πρὸςδέ
2863 991 2913 1025 τι
2944 972 3238 1035 ἀδυνάτως.
3264 972 3448 1025 Πάντα
3477 972 3533 1024 δὲ
3568 973 3717 1025 δυνα-

2146 1060 2311 1132 μένην
2356 1060 2454 1131 τὴν
2499 1060 2594 1113 τοῦ
2642 1060 2816 1130 Λόγου
2864 1062 3181 1132 προαίρεσιν
3243 1060 3379 1130 πρὸς
3415 1061 3567 1117 οὐδὲν
3611 1061 3717 1114 τῶν

2143 1154 2327 1209 κακῶν
2350 1154 2445 1225 τὴν
2471 1155 2644 1226 ῥοπὴν
2678 1154 2820 1224 ἔχειν
2840 1171 2854 1186 ’
2884 1155 3137 1225 ἀλλοτρία
3177 1154 3285 1225 γὰρ
3310 1156 3410 1224 τῆς
3443 1155 3589 1218 θείας
3618 1153 3720 1225 φύ-

2146 1264 2281 1310 σεως
2308 1250 2340 1319 ἡ
2376 1247 2509 1317 πρὸς
2540 1247 2736 1300 κακίαν
2776 1248 2943 1317 ὁρμήο
2989 1247 3125 1300 ἀλλά
3172 1249 3277 1301 πᾶν
3299 1248 3327 1299 ὅ
3353 1247 3404 1299 τί
3436 1246 3539 1317 πέρ
3574 1248 3718 1300 ἐστιν

2144 1338 2366 1406 ἀγαθὸν,
2400 1338 2554 1391 τοῦτο
2588 1338 2681 1391 καὶ
2711 1336 3013 1405 βούλεσθαι.
3040 1337 3380 1408 Βουλομένην
3410 1338 3467 1390 δὲ
3504 1337 3719 1401 πάντως

2146 1431 2239 1483 καὶ
2285 1428 2565 1483 δύνασθαι.
2599 1428 2908 1500 Δυναμένην
2951 1427 3006 1480 δὲ
3051 1428 3126 1499 μὴ
3160 1428 3516 1499 ἀνενέργητον
3559 1424 3717 1490 εἶναι,

2146 1519 2280 1573 ἀλλά
2308 1522 2482 1573 πᾶσαν
2510 1518 2712 1589 ἀγαθοῦ
2732 1520 3043 1591 προαίρεσιν
3064 1521 3142 1583 εἰς
3161 1519 3439 1589 ἐνέργειαν
3469 1520 3595 1588 ἄγει
3615 1519 3714 1592 [νζ.

2160 1610 2383 1680 Ἀγαθὸν
2420 1610 2476 1663 δὲ
2509 1613 2536 1664 ὁ
2564 1611 2785 1681 κόσμος,
2826 1610 3009 1663 καὶτὰ
3042 1611 3099 1663 ὲν
3136 1609 3285 1681 αὑτῷ
3324 1611 3502 1663 πάντα
3544 1611 3718 1678 σοφῶς

2146 1720 2206 1755 τε
2239 1702 2331 1755 καὶ
2372 1702 2631 1772 τεχνικῶς
2666 1702 3032 1773 θεωρούμενα.
3070 1704 3211 1773 "Aput
3251 1701 3343 1754 τοῦ
3374 1703 3546 1770 Λόγου
3585 1700 3720 1773 ἔργα

478 1802 668 1873 pensio
693 1811 775 1857 est
810 1803 983 1859 aliena
1020 1816 1049 1853 a
1081 1800 1265 1855 divina
1295 1805 1512 1861 natura,
1544 1796 1640 1851 sed
1670 1790 1932 1864 quidquid
1961 1796 2043 1845 est

2154 1793 2212 1845 τὰ
2242 1792 2417 1845 πάντα
2451 1792 2544 1845 τοῦ
2584 1791 2783 1856 ζῶντος
2815 1794 2911 1863 μὲν
2955 1792 3051 1846 καὶ
3101 1792 3427 1861 ὑφεστῶτος,
3458 1795 3538 1846 ὅτι
3584 1792 3719 1846 Θεοῦ

476 1897 677 1949 bonum
737 1893 839 1947 hoc
885 1892 1046 1946 etiam
1080 1889 1235 1944 velle.
1291 1887 1571 1941 Voleutem
1610 1893 1791 1939 autem
1822 1883 2045 1938 omnino

474 1989 637 2041 etiam
674 2000 851 2055 posse.
881 1982 1163 2038 Potentem
1205 1988 1384 2035 autem
1437 1994 1544 2032 non
1585 1992 1707 2033 esse
1741 1974 2045 2046 ejusmodi,

479 2088 537 2132 ut
568 2093 679 2132 non
704 2086 979 2145 operetur,
1010 2074 1102 2127 sed
1127 2087 1289 2125 onme
1321 2071 1450 2124 boni
1491 2069 1836 2139 propositum
1868 2067 2045 2121 dedu-

478 2171 554 2223 cit
592 2168 661 2223 ad
690 2168 1081 2237 operationem.
1113 2164 1322 2216 Bonum
1355 2171 1532 2215 autem
1572 2168 1656 2215 est
1688 2159 1947 2221 mundus,
1996 2166 2049 2211 et

479 2274 601 2327 qua:
635 2256 689 2310 in
723 2270 788 2310 co
824 2263 952 2309 sunt
976 2254 1156 2307 omnia
1188 2252 1463 2320 sapienter
1493 2257 1546 2304 et
1584 2249 1880 2303 artificiose
1917 2262 2049 2302 con-

480 2349 739 2401 siderata.
776 2345 917 2399 Sunt
967 2345 1110 2399 enim
1166 2343 1348 2396 omnia
1400 2355 1563 2409 Opera
1615 2338 1778 2393 Verbi
1816 2339 2049 2391 viventis

483 2441 702 2511 quidem
734 2446 787 2493 et
813 2435 1188 2498 consistentis,
1211 2435 1336 2503 quia
1364 2440 1447 2486 est
1472 2430 1705 2484 Verbum
1743 2430 1855 2493 Dei,
1884 2429 2051 2483 libere

489 2539 664 2585 autem
692 2528 961 2599 eligentis,
1000 2527 1124 2596 quia
1188 2524 1343 2586 vivit,
1380 2522 1615 2592 potentis
1676 2531 1855 2576 autem
1888 2521 2051 2591 quid—

484 2622 614 2692 quid
647 2621 891 2690 elegerit,
932 2617 1078 2688 quod
1132 2618 1333 2671 bonum
1385 2622 1468 2670 est
1496 2623 1674 2668 autem
1744 2622 1796 2667 et
1829 2615 2051 2683 sapiens

484 2712 709 2766 omnino
752 2708 1022 2776 eligentis,
1056 2712 1111 2759 et
1158 2705 1202 2759 si
1243 2704 1372 2773 quid
1408 2701 1801 2771 prmstantioris
1844 2708 1927 2754 est
1977 2700 2053 2753 si-

485 2800 869 2874 gniﬁcationis.
901 2798 1170 2863 Quoniam
1196 2811 1326 2865 ergo
1352 2794 1573 2864 aliquod
1606 2793 1809 2846 bonum
1837 2797 2053 2845 constat

483 2909 605 2950 esse
628 2892 913 2953 mundum,
944 2899 1226 2943 ostensum
1253 2896 1336 2941 est
1371 2893 1553 2939 autem
1585 2900 1680 2954 per
1714 2899 1776 2938 ea
1806 2898 1927 2952 qua:
1965 2882 2053 2936 di-

485 2994 574 3040 cta
619 2991 747 3039 sunt
795 2981 1055 3036 mundum
1089 2994 1211 3035 esse
1238 2994 1377 3049 opus
1406 2976 1591 3037 Verbi,
1633 2975 1779 3046 quod
1825 2975 2050 3036 bonum,

484 3088 538 3132 et
570 3077 739 3148 eligit,
770 3086 823 3131 et
856 3083 1074 3146 potest,
1114 3074 1219 3127 hoc
1277 3081 1454 3126 autem
1494 3070 1728 3125 Verbum
1784 3079 1866 3125 est
1905 3068 2049 3122 aliud

487 3171 554 3223 ab
592 3185 656 3223 eo
682 3169 840 3237 cujus
870 3175 955 3222 est
988 3165 1247 3221 Verbum.
1279 3163 1412 3217 Nam
1451 3164 1552 3216 hoc
1582 3176 1799 3231 quoque
1836 3168 1919 3215 est
1952 3161 2053 3214 ali-

483 3276 591 3330 quo
622 3261 781 3314 modo
818 3275 885 3314 ex
941 3258 1007 3313 iis
1037 3272 1158 3326 qua:
1191 3254 1451 3310 dicuntur
1507 3253 1675 3307 relata
1711 3251 1777 3304 ad
1822 3249 2053 3319 aliquid,

483 3349 923 3419 quandoquidem
977 3353 1192 3415 oportet
1238 3343 1461 3396 omnino
1493 3350 1618 3394 cum
1665 3338 1843 3393 Verbo
1891 3339 2055 3393 etiam

483 3438 647 3495 Verbi
680 3438 897 3492 Patrem
930 3434 1242 3489 subaudiri.
1275 3431 1395 3487 Non
1435 3438 1581 3486 esset
1618 3430 1761 3485 enim
1791 3428 2052 3493 Verbum,

487 3530 533 3585 si
572 3543 680 3583 non
712 3534 858 3582 esset
884 3523 1120 3579 Verbum
1153 3523 1408 3590 alicujus.
1441 3519 1497 3575 Si
1551 3535 1680 3590 ergo
1713 3535 1808 3589 per
1842 3520 2055 3590 signiﬁ-

489 3618 722 3676 cationis
752 3615 1128 3672 habitudinem
1164 3621 1217 3668 et
1274 3613 1597 3667 relationem
1633 3610 1898 3666 discernit
1962 3625 2059 3664 au—

489 3712 725 3765 ditorum
764 3708 1025 3777 cogitatio
1053 3714 1106 3761 et
1142 3706 1320 3773 ipsum
1360 3703 1620 3775 Verbum,
1650 3710 1703 3758 ct
1754 3703 1805 3757 id
1853 3719 1914 3758 ex
1949 3718 2058 3773 quo

490 3803 727 3864 exsistit,
762 3800 897 3854 nihil
927 3806 1012 3853 est
1042 3797 1201 3852 nobis
1231 3796 1419 3866 utique
1474 3796 1724 3866 periculi,
1771 3810 1839 3850 ne
1892 3794 2058 3850 Verbi

494 3894 834 3964 mysterium,
868 3905 990 3946 cum
1039 3889 1351 3944 Graecorum
1392 3902 1638 3959 pugnans
1686 3888 2055 3956 Opinionibus,

489 3983 783 4038 conveniat
821 3998 945 4037 cum
998 3983 1064 4036 iis
1098 3986 1191 4051 qut
1225 3981 1407 4035 favent
1442 3981 1688 4051 partibus
1721 3979 2056 4044 Judaeorum,

488 4077 585 4131 sed
614 4091 679 4130 ex
712 4090 866 4145 aequo
896 4073 1115 4142 effugiet
1147 4081 1503 4142 utrorumque
1548 4072 1966 4137 absurditatem,
2000 4082 2061 4128 ut

490 4167 580 4235 qui
611 4173 663 4220 et
692 4165 882 4219 vivens
922 4161 1160 4218 Verbum
1195 4162 1287 4217 Dei
1324 4162 1578 4228 fateatur,
1611 4178 1955 4234 operansquc
2008 4173 2062 4219 et

489 4257 748 4319 efﬁciens,
782 4256 927 4326 quod
965 4270 1071 4309 non
1127 4254 1365 4309 admittit
1397 4253 1618 4309 Iudaeus
1649 4273 1662 4309 :
1704 4263 1757 4310 et
1790 4270 1896 4309 non
1955 4254 2062 4309 dif-

491 4350 635 4403 ferre
690 4347 988 4402 secundum
1042 4354 1294 4399 naturam
1361 4346 1537 4414 ipsum
1594 4343 1851 4410 Verbum,
1895 4352 1949 4399 et
2005 4344 2061 4399 id

2146 1885 2317 1952 Λόγος
2342 1885 2478 1947 ἐστὶ,
2512 1885 2942 1955 προαιρουμένου
2986 1884 3042 1937 δὲ
3080 1885 3161 1937 ὅτι
3200 1883 3302 1955 ζῇ·
3331 1885 3626 1955 δυναμένου
3665 1885 3720 1936 δὲ

2147 1978 2326 2031 πάντα
2358 1979 2385 2031 ὅ
2414 1978 2466 2029 τί
2495 1996 2599 2048 περ
2636 1978 2699 2031 ἂν
2723 1978 2925 2048 ἕληται,
2953 1978 3272 2049 αἱρουμένου
3310 1978 3367 2030 δὲ
3410 1979 3469 2031 τὸ
3520 1979 3721 2046 ἀγαθόν

2147 2085 2206 2121 τε
2239 2069 2334 2122 καὶ
2370 2069 2529 2136 σοςδν
2556 2069 2789 2132 πάντως,
2824 2070 2915 2120 καὶ
2945 2068 3065 2120 εἴτι
3094 2072 3190 2139 τῆς
3220 2068 3521 2139 κρείττονος
3556 2087 3721 2140 σημα-

2152 2162 2270 2223 σίας
2318 2161 2483 2213 ἐστίν.
2527 2161 2683 2213 Ἐπεὶ
2712 2157 2803 2213 οῦν
2836 2160 3038 2228 ἀγαθόν
3067 2179 3120 2213 τι
3158 2164 3186 2214 ό
3215 2161 3418 2232 κόσμος
3449 2162 3723 2232 ὁμολογεῖ·-

2150 2269 2259 2314 ται,
2281 2252 2571 2322 ἀπεδείχθη
2605 2253 2659 2304 δὲ
2685 2252 2769 2305 διὰ
2795 2253 2901 2306 τῶν
2927 2254 3227 2324 εἰρημένων
3247 2254 3340 2306 τοῦ
3369 2254 3539 2321 Λόγου
3567 2254 3724 2323 ἔργον

2150 2344 2240 2397 τὸν
2272 2344 2472 2413 κόσμον
2506 2341 2670 2409 εἶναι,
2706 2344 2798 2396 τοῦ
2830 2344 2890 2396 τὸ
2910 2345 3109 2412 ἀγαθὸν
3135 2346 3227 2397 καὶ
3262 2344 3603 2415 αἱρουμένου,
3634 2346 3724 2397 καὶ

2151 2435 2446 2506 δυναμένου
2480 2454 2493 2466 ·
2528 2438 2555 2489 ὁ
2593 2435 2647 2488 δὲ
2677 2437 2847 2503 Λόγος
2884 2431 3035 2499 οὗτος
3074 2435 3259 2505 ἕτερός
3306 2437 3420 2487 ἐστι
3455 2436 3605 2505 παρὰ
3638 2435 3727 2488 τὸν

2151 2522 2211 2580 οὑ
2241 2529 2354 2579 ἐστι
2392 2527 2580 2595 Λόγος.
2612 2527 2820 2597 Τρόπον
2866 2526 2972 2598 γάρ
3009 2545 3131 2581 τινα
3164 2525 3272 2579 τῶν
3304 2526 3438 2596 πρός
3476 2544 3527 2579 τι
3578 2527 3730 2593 λεγο-

2156 2618 2332 2688 μένων
2359 2619 2452 2672 καὶ
2473 2619 2627 2671 τοῦτό
2655 2619 2820 2673 ἐστιν.
2855 2620 3070 2688 Ἐπειδὴ
3095 2620 3199 2689 χρὴ
3222 2619 3435 2681 πάντως
3466 2618 3542 2689 τῷ
3571 2620 3732 2688 Λόγῳ

2154 2710 2248 2761 καὶ
2281 2709 2371 2761 τὸν
2396 2709 2613 2779 Πατέρα
2638 2708 2730 2761 τοῦ
2785 2710 2959 2776 Λόγου
2997 2708 3485 2763 συνυπακούεσθαι.
3518 2709 3595 2762 Οὐ
3625 2710 3753 2777 γὰρ*

2155 2798 2222 2852 ἂν
2255 2798 2339 2868 εἴη
2364 2799 2553 2866 Λόγος,
2581 2801 2652 2870 μή
2682 2818 2823 2862 τινος
2850 2799 2924 2853 ὢν
2955 2800 3142 2868 Λόγος.
3166 2800 3229 2852 El
3259 2796 3350 2853 οῦν
3381 2800 3636 2873 διακρίνῃ
3657 2798 3733 2869 τῷ

2157 2890 2386 2961 σχετικῷ
2414 2894 2511 2961 τῆς
2548 2891 2873 2961 σημασίαςή
2907 2892 3015 2943 τῶν
3045 2892 3349 2944 ἀκουόντων
3382 2892 3613 2954 διάνοια,
3635 2891 3731 2944 αὑ·-

2154 2984 2246 3037 τόν
2266 3001 2326 3035 τε
2362 2983 2452 3037 τὸν
2473 2984 2674 3053 Λόγον,
2698 2985 2791 3037 καὶ
2818 2984 2908 3036 τὸν
2937 2983 3058 3036 ὅθεν
3098 2984 3265 3046 ἐστὶν,
3305 2982 3479 3035 οὐκέτ’
3508 2982 3578 3037 ἂν
3609 2985 3735 3055 ἡμῖν

2156 3078 2453 3130 κινδυνεύει
2484 3078 2545 3129 τὸ
2580 3078 2875 3147 μυστήριον
2912 3079 3031 3139 ταῖς
3065 3076 3400 3145 Ἑλληνικαῖς
3425 3076 3735 3147 μαχόμενον

2158 3169 2453 3238 ὑπολήψεσι
2482 3172 2591 3231 τοῖς
2623 3184 2680 3220 τε
2731 3167 2994 3220 Ἰουδαίων
3023 3166 3375 3237 πρεσϐεύουσι
3418 3166 3740 3238 συνενεχθῆ-

2156 3277 2245 3312 ναι
2270 3274 2283 3288 ·
2325 3260 2438 3312 ἀλλ’
2472 3259 2665 3328 ἐπίσης
2694 3259 2967 3329 ἑκατέρων
3000 3258 3097 3328 τὴν
3134 3259 3360 3312 ἀτοπίαν
3388 3259 3738 3327 ἐκφεύξεται,

2158 3352 2217 3403 τό
2235 3368 2293 3403 τε
2312 3350 2489 3414 ζῶντα
2519 3349 2613 3403 τοῦ
2646 3350 2781 3404 Θεοῦ
2807 3351 2995 3416 Λόγον,
3031 3351 3124 3403 καὶ
3145 3351 3363 3421 ἐνεργὸν
3392 3353 3484 3404 καὶ
3520 3370 3742 3423 ποιητι-

2159 3444 2252 3496 κὸν
2305 3442 2612 3512 ὁμολογῶν·
2645 3444 2782 3511 ὅπερ
2821 3442 2849 3493 ὁ
2896 3441 3141 3503 Ἰουδαῖος
3176 3442 3235 3493 οὑ
3281 3442 3517 3511 δέχεταιο
3548 3445 3656 3497 καὶ
3685 3443 3745 3495 τὸ

2163 3522 2237 3604 μὴ
2260 3532 2587 3604 διαφθείρειν
2618 3536 2638 3555 ⁶
2669 3534 2810 3585 κατά
2837 3534 2935 3604 τὴν
2961 3533 3119 3601 φύσιν
3141 3533 3303 3586 αὑτόν
3339 3551 3397 3585 τε
3421 3534 3511 3586 τὸν
3536 3535 3745 3603 Λόγον,

2159 3624 2254 3676 καὶ
2280 3623 2371 3677 τὸν
2394 3622 2514 3676 ὅθεν
2555 3623 2717 3676 ἐστίν.
2755 3624 2965 3695 Ὥσπερ
2996 3623 3103 3693 γὰρ
3140 3624 3203 3676 ἐκ
3232 3624 3325 3676 τοῦ
3351 3625 3443 3677 νοῦ
3469 3626 3552 3693 ἐφ’
3590 3627 3751 3698 ἡμῶν

2160 3730 2339 3785 φαμεν
2361 3708 2501 3767 εἶναι
2539 3713 2630 3767 τὸν
2659 3714 2834 3781 λόγον,
2862 3713 2984 3765 οὑτε
3017 3713 3083 3766 δι’
3118 3715 3239 3767 ὅλου
3281 3715 3370 3767 τὸν
3405 3716 3577 3769 αὑτὸν
3609 3714 3750 3771 εἶναι

2158 3804 2235 3875 τῷ
2274 3804 2368 3875 νῷ,
2399 3804 2519 3858 οὕτε
2548 3805 2887 3859 παντάπασιν
2918 3804 3101 3875 ἕτερον
3120 3822 3135 3837 ο
3161 3806 3223 3858 τὸ
3254 3807 3350 3877 μὲν
3374 3807 3482 3879 γὰρ
3505 3808 3569 3875 ἐξ
3602 3809 3753 3863 ὲκεί-

2159 3914 2250 3950 νου
2294 3892 2454 3961 εἶναι,
2489 3896 2621 3951 ἄλλο
2652 3913 2704 3949 τι
2727 3897 2820 3949 καὶ
2852 3897 2951 3948 οὑκ
2975 3896 3151 3949 ἐκεῖνό
3180 3899 3315 3951 ἐστι’
3350 3899 3411 3952 τὸ
3451 3900 3625 3954 αὑτὸν
3658 3901 3753 3952 τὸν

2159 3986 2285 4042 νοῦν
2323 3990 2401 4051 είς
2453 3988 2513 4041 τὸ
2560 3988 2797 4057 ἐμφανὲς
2834 3988 3025 4056 ἄγειν,
3062 3990 3240 4043 οὐκέτ’
3272 3991 3339 4045 ἂν
3386 3992 3578 4063 ἕτερον
3618 3993 3753 4063 παρ’

2162 4081 2335 4133 ἐκεῖνο
2362 4081 2657 4145 ὑπονοοῖτο,
2694 4079 2830 4133 ἀλλὰ
2863 4082 3002 4135 κατά
3038 4082 3136 4153 τὴν
3166 4082 3326 4152 φύσιν
3352 4082 3408 4135 ἓν
3433 4082 3524 4149 ὃν,
3559 4086 3755 4156 ἕτερον

2160 4170 2238 4239 τῷ
2264 4169 2604 4241 ὑποκειμένῳ
2650 4172 2796 4224 ἐστίν
2816 4189 2830 4203 ·
2866 4171 3038 4236 οὕτως
3065 4175 3156 4226 καὶ
3184 4176 3212 4227 ὁ
3235 4174 3328 4227 τοῦ
3374 4174 3509 4227 Θεοῦ
3548 4177 3756 4244 Λόγος,

2160 4260 2239 4332 τῷ
2270 4264 2367 4332 μὲν
2397 4263 2690 4330 ὑφεστάναι
2720 4264 2839 4316 καθ’
2871 4265 3057 4317 ἑαυτὸν
3090 4265 3340 4336 διῄρηται
3374 4266 3509 4337 πρὸς
3535 4270 3759 4320 ἐκεῖνον

2164 4352 2294 4423 παρ’
2319 4343 2380 4404 οῦ
2424 4352 2520 4421 τὴν
2550 4354 2845 4408 ὑπόστασιν
2882 4355 2993 4426 ἔχει
3023 4373 3036 4388 ο
3066 4356 3141 4427 τῷ
3175 4356 3231 4409 δὲ
3274 4358 3442 4410 ταῦτα
3474 4358 3760 4411 δεικνύειν

490 4456 555 4495 ex
586 4454 695 4509 quo
734 4440 971 4495 exsistit.
1000 4437 1285 4505 Quomodo
1309 4438 1455 4491 enim
1493 4438 1547 4491 in
1616 4438 1771 4492 nobis
1835 4438 2050 4492 verbum

2166 4444 2224 4498 ὲν
2254 4444 2449 4515 ἑαυτῷ,
2480 4446 2516 4500 ἃ
2547 4448 2674 4516 περὶ
2706 4448 2795 4501 τὸν
2835 4449 2964 4501 Θεὸν
3016 4448 3333 4519 καθορᾶται,
3369 4452 3395 4501 ὁ
3419 4450 3591 4515 αὑτός
3639 4455 3761 4504 ἐστι

490 4548 586 4588 seu
611 4532 876 4587 rationem
917 4547 980 4586 ex
1017 4541 1199 4586 mente
1233 4546 1356 4586 esse
1382 4530 1656 4596 dicimus;
1692 4545 1869 4599 neque
1892 4530 2062 4584 omni-

492 4636 564 4676 no
623 4621 799 4690 ipsum
846 4619 987 4675 idem
1029 4634 1151 4675 esse
1207 4620 1351 4689 quod
1408 4628 1662 4683 mentem,
1702 4633 1803 4674 nec
1841 4618 2064 4673 omnino

491 4713 761 4775 alterum;
808 4724 944 4765 'nam
1004 4726 1072 4765 ex
1126 4711 1218 4764 illo
1263 4710 1481 4780 quidem
1539 4725 1683 4776 esse,
1723 4719 1807 4767 est
1858 4712 2064 4783 aliquid

492 4802 662 4867 aliud,
694 4812 747 4857 et
775 4818 884 4857 non
918 4802 1089 4868 illud;
1124 4801 1269 4871 quod
1312 4810 1489 4854 autem
1527 4802 1698 4869 ipsam
1731 4812 1964 4857 mentem
2008 4803 2060 4857 in

494 4903 743 4961 apertum
778 4892 1040 4962 proferat,
1068 4908 1177 4947 non
1201 4893 1389 4961 utique
1414 4891 1713 4946 existimari
1742 4894 1915 4964 possit
1940 4910 2062 4950 esse

495 4982 642 5035 aliud
684 4983 750 5036 ab
780 4983 891 5045 illo,
926 4983 1018 5037 sed
1052 4997 1176 5037 cum
1206 4983 1277 5037 sit
1313 4997 1480 5035 unum
1535 4990 1752 5045 natura,
1815 4984 2060 5053 subjecto

490 5080 577 5126 est
609 5071 792 5125 aliud:
826 5072 900 5125 ita
936 5072 1097 5125 etiam
1136 5071 1227 5125 Dei
1260 5069 1522 5135 Verbum,
1555 5087 1619 5127 eo
1662 5072 1878 5141 quidem
1916 5076 2057 5143 quod

2166 4535 2305 4588 κατά
2321 4536 2417 4606 τὴν
2441 4536 2603 4605 φύσιν
2633 4539 2825 4609 ἐκείνῳ
2860 4538 2936 4609 τῷ
2965 4540 3050 4593 διὰ
3077 4540 3183 4593 τῶν
3217 4541 3396 4594 αὑτῶν
3422 4544 3763 4615 γνωρισμά-

2165 4642 2273 4678 των
2305 4626 2697 4699 εὑρισκομένῳ.
2733 4631 2855 4683 Εἴτε
2887 4632 2993 4702 γὰρ
3027 4633 3326 4703 ἀγαθότης,
3356 4633 3462 4685 εἴτε
3489 4633 3765 4705 δύναμις,

2169 4718 2276 4769 είτε
2310 4718 2489 4787 σοφία.
2530 4719 2637 4772 εἴτε
2667 4721 2726 4773 τὸ
2776 4723 2958 4787 ἀϊδίως
2987 4719 3145 4789 εἶναι,
3190 4724 3300 4778 εἴτε
3328 4724 3388 4777 τὸ
3417 4727 3632 4791 κακίας
3668 4727 3770 4781 καὶ

2168 4809 2396 4864 θανάτου
2448 4814 2542 4865 καὶ
2576 4814 2779 4886 φθορᾶς
2810 4816 3151 4870 ἀνεπίδεκτον
3171 4858 3185 4881 ,
3219 4818 3325 4870 εἴτε
3372 4817 3431 4869 τὸ
3477 4817 3539 4871 ἐν
3560 4821 3771 4874 ’παντὶ

2166 4898 2401 4965 τέλειον,
2436 4901 2543 4955 εἴτε
2576 4920 2628 4957 τι
2679 4904 2918 4960 τοιοῦτον
2951 4908 3085 4970 ὅλως
3131 4911 3352 4977 σημεῖον
3394 4912 3616 4964 ποιοῖτο
3664 4912 3769 4982 τῆς

2167 4990 2260 5043 τοῦ
2311 4992 2523 5062 Πατρὸς
2574 4995 2960 5066 καταλήψεως,
2993 4998 3082 5052 διά
3130 5000 3235 5053 τῶν
3280 4999 3458 5053 αὑτῶν
3488 5003 3774 5074 εὑρήσεις

2170 5084 2410 5153 σημείων
2438 5088 2532 5139 καὶ
2559 5087 2649 5140 τὸν
2681 5088 2740 5153 ἐξ
2762 5089 2968 5143 ἐκείνου
3009 5092 3291 5159 ὑφεστῶτα
3320 5092 3512 5160 Λόγον.

496 5177 593 5233 per
629 5178 690 5220 se
720 5165 996 5226 consistit,
1033 5163 1352 5218 distinctum
1406 5174 1489 5219 est
1523 5179 1586 5218 ac
1620 5164 1857 5220 divisum
1897 5167 1964 5221 ab
1998 5168 2093 5223 illo
2132 5188 2198 5228 ex
2258 5191 2367 5244 quo
2406 5176 2567 5233 habet
2606 5182 2748 5250 quod
2796 5182 3089 5247 consistit;
3141 5199 3206 5238 eo
3258 5192 3439 5239 autem
3506 5186 3680 5255 quod
3721 5188 3777 5240 in

495 5259 676 5326 seipso
702 5255 793 5310 illa
824 5255 1062 5310 ostendit
1089 5270 1210 5326 quae
1242 5263 1540 5311 cernuntur
1567 5257 1621 5311 in
1684 5257 1815 5321 Deo,
1850 5259 1992 5313 idem
2035 5277 2050 5316 ι

2159 5270 2458 5323 secundum
2523 5280 2773 5326 naturam
2847 5275 2995 5343 quod
3064 5276 3149 5330 ille
3215 5275 3307 5346 qui
3343 5276 3644 5333 invenitur
3673 5296 3778 5349 per

494 5344 680 5436 eadem
712 5345 867 5415 signa
893 5351 947 5398 et
980 5344 1180 5436 indicia
1209 5345 1406 5413 quibus
1434 5345 1807 5416 cognoscitur.
1838 5348 1963 5403 Sive
2013 5352 2159 5407 enim
2192 5355 2431 5425 bonitas,
2474 5361 2587 5416 sive
2640 5365 2903 5432 potentia,
2939 5366 3055 5419 sive
3110 5344 3399 5436 sapientia,
3439 5368 3564 5423 sive
3638 5344 3780 5427 esse

496 5433 923 5528 sempiternum,
989 5433 1103 5487 sive
1159 5433 1213 5486 in
1271 5449 1394 5488 eum
1426 5449 1535 5489 non
1597 5437 1793 5492 cadere
1856 5438 2071 5506 vitium,
2125 5453 2357 5502 mortem
2417 5460 2470 5504 et
2517 5452 2819 5519 interitum,
2862 5454 2977 5509 sive
3007 5470 3129 5510 esse
3161 5433 3385 5511 omnino
3417 5459 3782 5528 perfectum.

492 5522 612 5577 sive
671 5526 800 5594 quid
863 5524 1009 5579 aliud
1081 5526 1347 5596 ejusmodi
1379 5527 1451 5579 sit
1502 5526 1716 5596 signum
1780 5543 1891 5598 quo
1942 5536 2425 5603 comprehenditur
2454 5539 2637 5608 Pater,
2676 5557 2771 5611 per
2814 5542 3001 5598 eadem
3033 5546 3189 5614 signa
3222 5522 3467 5603 invenies
3497 5522 3786 5611 Verbum

496 5630 715 5688 quoque
744 5618 886 5687 quod
918 5634 981 5675 ex
1016 5621 1105 5675 illo
1136 5617 1409 5675 consistit.
