4006 6148
366 262 435 317 l7
1572 268 1838 326 ORATIO
1878 270 2378 331 CATECHETICA.
3544 295 3612 350 l8

984 382 1209 435 ΚΕΦΔΛ
1221 422 1234 435 .
1269 383 1341 436 B’.

435 467 648 539 Ὠσπερ
677 468 735 522 δὲ
758 469 847 523 τὸν
874 471 1045 541 Λόγον
1074 476 1143 527 ὲκ
1165 475 1273 526 τῶν
1298 474 1419 527 καθ’
1448 476 1594 547 ἡμᾶς
1614 477 1948 545 ἀναλογικῶς

356 561 455 613 ἐπὶ
487 559 590 630 τῆς
608 562 1008 632 ὑπερκειμένης
1036 563 1280 634 ἔγνωμεν
1306 566 1540 634 φύσεως,
1564 567 1703 620 κατά
1728 568 1815 623 τὸν
1849 570 1947 622 αὑ-

352 653 449 706 τὸν
475 653 700 725 τρόπον,
737 655 831 707 καὶ
853 657 917 726 τῇ
946 656 1076 726 περὶ
1104 656 1195 709 τοῦ
1229 658 1542 728 Πνεῦματος
1568 660 1746 732 ἐννοίᾳ
1783 680 1947 733 προσ-

353 742 729 813 αχθησόμεθα,
754 745 909 808 σκιάς
928 763 1080 809 τινας
1106 748 1199 801 καὶ
1231 754 1517 818 μιμήματα
1539 749 1638 819 τῆς
1666 751 1943 819 ἀφράστου

351 832 642 901 δυνάμεως
671 835 729 886 ὲν
756 836 823 905 τῇ
853 835 972 887 καθ’
1006 836 1151 905 ἡμᾶς
1200 836 1527 908 Θεωροῦντες
1566 838 1746 908 φύσει.
1803 842 1942 894 Ἀλλ’

350 909 630 993 ἐφ’ἡμῶν
652 925 750 994 μὲν
798 926 859 978 τὸ
896 927 1208 999 ’πνεῦμα,ή
1252 932 1343 984 τοῦ
1391 932 1553 1003 ἀέρος
1604 934 1752 987 ἐστὶν
1787 935 1937 1006 ὁλκὴ,

352 1014 639 1085 ἀλλοτρίου
670 1016 1013 1087 πράγματος,
1044 1021 1178 1090 πρὸς
1198 1022 1297 1092 τὴν
1328 1022 1421 1075 τοῦ
1459 1023 1709 1094 σώματος
1742 1026 1939 1080 σύστα-

354 1119 444 1155 σιν
465 1100 780 1170 ἀναγκαίως
803 1106 1178 1177 είσελκομένου
1204 1127 1261 1162 τε
1280 1110 1373 1163 καὶ
1399 1113 1788 1183 προχεομένου,
1804 1115 1941 1186 ὅπερ

352 1196 415 1245 ἐν
444 1193 521 1264 τῷ
557 1197 735 1265 καιρῷ
756 1197 855 1265 τῆς
888 1199 1248 1269 ὲκφωνήσεως
1277 1201 1370 1254 τοῦ
1415 1202 1597 1271 λόγου,
1620 1206 1771 1277 φωνὴ
1796 1206 1940 1274 γίνε-

353 1283 586 1354 ται,τὴν
616 1284 711 1337 τοῦ
748 1282 906 1352 λόγου
939 1285 1163 1357 δύναμιν
1184 1291 1239 1341 ἐν
1267 1290 1431 1360 ἑαυτῇ
1462 1292 1787 1363 φανεροῦσα.
1819 1293 1939 1346 Ἐπὶ

352 1373 413 1426 δὲ
440 1376 540 1444 τῆς
580 1375 731 1438 θείας
766 1375 979 1445 φύσεως
1011 1378 1073 1430 τὸ
1102 1379 1199 1448 μὲν
1221 1375 1358 1432 εῖναι
1386 1382 1609 1452 Πνεῦμα
1654 1383 1808 1447 Θεοῦ,
1844 1376 1935 1437 εὑέ

353 1464 515 1527 σεϐὲς
547 1465 805 1536 ἐνομίσθη
824 1505 839 1529 ,
876 1466 1059 1530 καθὼς
1088 1469 1245 1539 ἐδόθη
1284 1471 1376 1523 καὶ
1405 1472 1576 1540 Λόγος
1609 1470 1747 1526 εἶναι
1777 1474 1931 1539 Θεοῦ,

350 1556 444 1608 διὰ
475 1556 535 1609 τὸ
565 1558 640 1628 μὴ
676 1557 785 1610 δεῖν
814 1558 1218 1630 ὲλλειπέστερον
1239 1563 1331 1615 τοῦ
1355 1566 1624 1637 ἡμετέρου
1658 1567 1815 1636 λόγου
1844 1569 1934 1622 τὸν

349 1645 448 1697 τοῦ
481 1646 616 1699 Θεοῦ
648 1645 787 1701 εῖναι
817 1650 988 1717 Λόγον
1010 1667 1022 1679 θ
1053 1653 1211 1723 εἴπερ
1241 1656 1433 1708 τούτου
1464 1659 1601 1727 μετά
1632 1658 1725 1711 τοῦ
1774 1662 1934 1713 πνεύ-

354 1752 527 1805 ματος
576 1737 948 1810 θεωρουμένου
972 1782 988 1808 ,
1022 1744 1224 1807 ἐκεῖνος
1263 1746 1386 1817 δίχα
1445 1748 1753 1819 πνεύματος
1796 1747 1934 1807 εἶναι

354 1828 683 1884 πιστεύοιτο.
740 1831 813 1882 υὺ
870 1832 975 1902 μὴν
1018 1833 1296 1904 ἀλλότριον
1354 1838 1474 1890 καθ’
1510 1841 1798 1910 ὁμοιότητα
1839 1843 1932 1897 τοῦ

354 1918 630 1986 ἡμετέρου
682 1920 989 1990 πνεύματος
1030 1923 1227 1987 ἔξωθεν
1272 1928 1544 1998 ὲπεισρεῖν
1573 1930 1651 2001 τῷ
1674 1932 1811 2003 Θεῷ,
1840 1936 1935 1988 καὶ

354 2005 421 2056 ὲν
440 2004 591 2075 αὑτῷ
613 2006 846 2072 γίνεσθαι
871 2011 929 2063 τὸ
953 2012 1199 2083 Πνεῦμα,
1217 2015 1514 2087 θεοπρεπές
1537 2022 1683 2074 ἐστιν
1706 2022 1931 2079 οἴεσθαι.

371 2094 516 2146 Ἀλλ’
537 2096 611 2160 ὡς
630 2098 759 2152 Θεοῦ
794 2103 965 2170 Λόγον
985 2105 1335 2171 ἀκούσαντες,
1360 2110 1456 2161 οὑκ
1490 2112 1858 2169 ἀνυπόστατόν
1882 2136 1932 2171 τι

357 2186 593 2255 πρᾶγμα
622 2190 710 2242 τὸν
750 2193 920 2261 Λόγον
965 2196 1242 2267 ᾠήθημεν,
1273 2200 1390 2253 οὐδὲ
1424 2204 1488 2254 ἐκ
1519 2203 1809 2275 μαθήσεως
1839 2210 1930 2275 ὲγο

354 2276 695 2344 γιγνόμενον,
721 2280 839 2335 οὑδὲ
869 2283 956 2336 διὰ
977 2286 1160 2356 φωνῆς
1190 2290 1614 2360 προφερόμενον,
1645 2295 1762 2347 οὐδὲ
1796 2299 1932 2367 μετά

348 2369 412 2419 τὸ
442 2373 832 2443 προενεχθῆναι
865 2377 1231 2449 διαλυόμενον,
1273 2385 1392 2437 οὑδὲ
1416 2385 1541 2440 ἄλλο
1576 2406 1628 2441 τι
1656 2390 1931 2461 πάσχοντα

349 2459 607 2524 τοιοῦτον,
623 2458 710 2515 οἷα
734 2468 861 2535 περὶ
883 2468 973 2520 τὸν
994 2471 1257 2543 ἡμέτερον
1278 2474 1433 2543 λόγον
1457 2477 1738 2550 θεωρεῖται
1759 2458 1929 2556 πάθη,

350 2548 464 2601 ἀλλ’
496 2552 767 2618 οὑσιωδῶς
799 2558 1103 2626 ὑφεστῶτα,
1155 2569 1534 2636 προαιρετικὸν
1562 2586 1621 2622 τε
1656 2573 1748 2624 καὶ
1778 2576 1930 2646 ἐνερ-

348 2639 444 2707 γὸν
474 2643 567 2693 καὶ
605 2648 1011 2719 παντοδῦναμον
1035 2667 1048 2681 ·
1094 2653 1237 2708 οὕτω
1269 2657 1361 2709 καὶ
1407 2659 1629 2731 Πνεῦμα
1678 2639 1929 2737 μεμαθη-

348 2730 500 2793 κότες
530 2733 690 2799 Θεοῦ,
721 2738 783 2790 τὸ
811 2747 1305 2815 συμπαρομαρτοῦν
1332 2749 1409 2820 τῷ
1444 2730 1621 2821 Λόγῳ,
1646 2730 1932 2824 κάλ’φανέ-

350 2822 474 2889 ροῦν
494 2825 667 2877 αὑτοῦ
698 2828 797 2896 τὴν
834 2831 1130 2900 ἐνέργειαν,
1154 2838 1212 2888 οὑ
1237 2840 1402 2909 πνοὴν
1424 2841 1693 2913 ἄσθματος
1724 2822 1933 2901 ἐννοοῦ-

351 2927 469 2979 μεν.
503 2913 586 2964 Ἦ
610 2914 722 2984 γὰρ
746 2917 813 2967 ἂν
834 2919 1145 2991 καθαιροῖτο
1172 2928 1306 2996 πρὸς
1345 2934 1705 3004 ταπεινότητα
1735 2938 1796 2990 τὸ
1832 2957 1929 3008 με·

348 3001 563 3067 γαλεῖον
595 3004 698 3073 τῆς
749 3006 901 3073 θείας
930 3009 1207 3082 δυνάμεως
1226 3058 1239 3081 ,
1285 3019 1331 3069 εἰ
1364 3021 1484 3072 καθ’
1515 3001 1803 3097 ὁμοιότητα
1833 3001 1929 3083 τοῦ

349 3093 640 3163 ἡμετέρου,
669 3099 763 3150 καὶ
801 3099 863 3151 τὸ
907 3103 965 3154 ὲν
992 3104 1140 3175 αὐτῷ
1185 3107 1408 3179 Πνεῦμα
1454 3093 1730 3169 ὑπονοοῖτό
1756 3134 1768 3147 '
1793 3119 1926 3176 ἀλλά

346 3183 580 3254 δύναμιν
609 3189 839 3260 οὑσιώδη
873 3193 1041 3264 αὑτὴν
1079 3199 1163 3265 ἐφ’
1182 3200 1379 3270 ἑαυτῆς
1408 3204 1464 3255 ἐν
1492 3204 1761 3280 ἰδιαζούσῃ
1794 3211 1926 3263 ὑπο-

349 3277 540 3364 στάσει
587 3278 987 3355 θεωρουμένην,
1028 3286 1149 3341 οὔτε
1180 3293 1511 3364 χωρισθῆναι
1557 3298 1648 3350 τοῦ
1690 3277 1823 3353 Θεοῦ
1871 3305 1928 3357 ὲν

345 3360 392 3432 ᾧ
415 3369 585 3433 ἐστιν,
616 3370 648 3440 ἢ
680 3372 773 3424 τοῦ
801 3376 974 3443 Λόγου
1020 3378 1113 3431 τοῦ
1156 3360 1287 3434 Θεοῦ
1320 3378 1364 3451 ᾧ
1397 3360 1737 3460 παρομαρτεῖ
1766 3393 1927 3447 δυνα-

351 3457 522 3554 μένην
542 3499 558 3522 ,
591 3460 713 3514 οὔτε
762 3466 897 3534 πρὸς
926 3468 985 3520 τὸ
1009 3471 1353 3543 ἀνύπαρκτον
1383 3457 1771 3554 ἀναχεομένην,
1790 3486 1928 3541 ἀλλὰ

350 3544 471 3597 καθ’
488 3549 780 3621 ὁμοιότητα
807 3554 909 3607 τοῦ
930 3556 1064 3610 Θεοῦ
1094 3561 1267 3629 Λόγου
1294 3565 1413 3618 καθ’
1445 3544 1741 3626 ὑπόστασιν
1757 3544 1928 3629 ὀὖσαν

349 3641 757 3711 προαιρετικὴν,
788 3647 1154 3719 αὐτοκίνητον,
1180 3654 1425 3726 ἐνεργὸν,
1459 3661 1687 3715 πάντοτε
1709 3667 1769 3718 τὸ
1789 3668 1919 3735 ἀγα-

350 3726 443 3780 θὸν
474 3731 829 3805 αἱρουμένην,
855 3740 946 3792 καὶ
970 3742 1104 3811 πρὸς
1138 3747 1315 3800 πᾶσαν
1346 3752 1601 3820 πρόθεσιν
1634 3726 1927 3831 σύνδρομον

347 3822 545 3890 ἔχουσα
583 3823 666 3896 [ν]
688 3829 753 3897 τῇ
783 3828 1032 3902 βουλήσει
1065 3836 1162 3907 τὴν
1189 3838 1433 3910 δύναμινς
1654 3836 1677 3856 ’

961 4012 1212 4069 ΚΕΦΑΛ.
1246 4018 1323 4070 1"-

422 4088 585 4143 Ὥστε
614 4093 707 4146 τὸν
740 4096 981 4170 ἀκριϐῶς
1008 4104 1074 4157 τὰ
1106 4105 1241 4177 βάθη
1265 4107 1356 4161 τοῦ
1381 4114 1680 4186 μυστηρίου
1710 4117 1923 4175 διασκο-

346 4181 639 4252 πούμενον,
670 4187 727 4240 ἐν
776 4190 873 4258 μὲν
906 4196 969 4264 τῇ
1022 4195 1166 4269 ψυχῇ
1202 4201 1342 4254 κατὰ
1370 4202 1431 4255 τὸ
1459 4181 1773 4279 ἀπόρρητον
1824 4230 1923 4283 με·

345 4272 503 4340 τρίαν
520 4276 645 4328 τινὰ
674 4281 996 4353 κατανόησιν
1025 4286 1125 4357 τῆς
1146 4290 1285 4342 κατά
1308 4292 1408 4363 τὴν
1435 4272 1761 4363 θεογνωσίαν
1781 4272 1923 4356 δίδα-

346 4366 573 4429 σκαλίας

339 4456 440 4527 τὴν
472 4460 853 4532 ἀνέκφραστον
895 4470 1097 4542 ταύτην
1124 4473 1218 4527 τοῦ
1260 4456 1558 4550 μυστηρίου
1599 4456 1872 4557 βαθύτητα
1902 4508 1918 4522 ο

340 4549 461 4612 πῶς
483 4552 546 4603 τὸ
573 4552 707 4605 αὑτὸ
746 4557 839 4608 καὶ
865 4558 1163 4631 ἀριθμητόν
1204 4564 1318 4619 ἐστι
1338 4605 1353 4630 ,
1386 4549 1479 4621 καὶ
1504 4549 1800 4644 διαφεύγει.
1822 4579 1919 4649 τὴν

341 4641 723 4738 ἐξαρίθμησιν,
758 4648 849 4700 καὶ
876 4650 1219 4723 διῃρημένως
1255 4658 1474 4728 ὁρᾶται,
1508 4641 1615 4717 καὶγ
1639 4641 1720 4719 ὲν-
1733 4641 1918 4738 μονάδι

342 4732 844 4803 καταλαμϐάνεται,
878 4743 969 4793 καὶ
1002 4743 1340 4817 διακέκριται
1383 4755 1446 4821 τῇ
1480 4732 1790 4824 ὑποστάσει,
1823 4763 1919 4816 καὶ

342 4822 402 4873 οὐ
434 4825 767 4895 μεμέρισται
795 4828 872 4899 τῷ
901 4832 1261 4905 ὑποκειμένῳ,
1294 4840 1386 4890 καὶ
1419 4840 1549 4895 ἄλλο
1596 4846 1757 4901 πάλιν
1779 4822 1919 4903 έκεῖ-

343 4910 493 4974 νο,οὑ
522 4917 669 4970 καὶὸ
690 4919 862 4987 Λόγος
894 4922 1009 4975 ἐστὶ
1036 4925 1129 4977 καὶ
1163 4926 1225 4978 τὸ
1262 4929 1503 5001 Πνεῦμα.
1538 4934 1674 4989 Ἀλλ’
1695 4941 1916 4995 ἐπειδὰν

342 5004 404 5058 τὸ
433 5007 842 5081 διακεκριμένον
867 5017 922 5067 ὲν
951 5017 1158 5082 τούτοις
1176 5026 1532 5096 κατανοήσῃς,
1565 5030 1724 5084 πάλιν
1750 5035 1782 5103 ἡ
1817 5036 1915 5106 τῆς

341 5097 556 5166 φύσεως
594 5104 782 5175 ἑνότης
810 5108 900 5162 τὸν
929 5109 1283 5181 διαμερισμὸν
1327 5117 1386 5168 οὑ
1425 5121 1705 5187 προσίεται
1726 5140 1740 5154 ⁸

338 5190 483 5259 μήτε
505 5193 564 5243 τὺ
587 5195 681 5261 τῆς
703 5200 998 5270 μοναρχίας
1024 5204 1302 5274 σχίζεσθαι
1332 5209 1528 5278 κράτος
1553 5214 1631 5275 είς
1660 5213 1911 5288 θεότητας

333 5281 630 5353 διαφόρους
680 5293 1165 5363 κατατεμνόμενον,
1210 5298 1346 5366 μήτε
1396 5301 1472 5370 τῷ
1514 5281 1911 5377 Ἰουδαῖκῷδόί-

333 5387 506 5440 γματι
550 5376 869 5445 συμϐαίνειν
894 5381 984 5432 τὸν
1010 5382 1185 5450 λόγον,
1213 5384 1349 5438 ἀλλὰ
1376 5386 1462 5439 διὰ
1490 5389 1651 5458 μέσον
1692 5376 1797 5447 τῶν
1822 5394 1913 5450 δύο

334 5464 660 5534 ὑπολήψεων
718 5472 916 5539 χωρεῖν
955 5471 1052 5542 τὴν
1085 5474 1360 5544 ἀλήθειαν,
1394 5478 1659 5550 ἑκατέραν
1697 5498 1756 5534 τε
1803 5486 1911 5541 τῶν

332 5557 600 5625 αἱρέσεων
634 5559 1022 5631 καθαιροῦσαν,
1067 5567 1160 5618 καὶ
1197 5569 1288 5637 ἀφ’
1327 5571 1589 5642 ἑκατέρας
1618 5577 1911 5649 παραδεχο-

336 5649 503 5720 μένην
538 5651 601 5705 τὸ
629 5654 922 5726 χρήσιμον.
959 5655 1065 5709 Τοῦ
1099 5658 1194 5727 μὲν
1231 5661 1337 5733 γὰρ
1361 5665 1610 5721 Ἰουδαίου
1635 5669 1908 5747 καθαιρεῖ-

2679 395 2906 452 CAPUT
2944 396 3007 452 ll.

2120 502 2402 567 Quomodo
2431 513 2610 561 autem
2637 522 2703 563 ex
2725 509 2791 564 iis
2822 526 2944 580 qua:
2977 517 3104 566 sunt
3135 512 3189 567 in
3207 514 3386 581 nobis,
3422 520 3611 574 analo-

2047 593 2164 662 gice
2189 593 2421 649 Verbum
2461 599 2819 668 cognovimus
2846 602 2899 655 in
2955 617 3207 672 suprema
3248 616 3460 675 natura,
3517 624 3611 665 eo-

2046 682 2168 736 dem
2195 685 2355 740 modo
2380 687 2542 741 etiam
2574 688 2910 745 adducemur
2941 694 3009 747 ad
3044 696 3317 751 notionem
3353 696 3611 767 Spiritus,

2046 772 2333 831 inell‘abilis
2371 779 2623 846 potentiae
2655 779 2876 835 umbras
2909 783 3173 848 quasdam
3209 794 3260 841 et
3316 788 3613 845 simulacra

2045 863 2099 917 in
2126 874 2311 921 nostra
2350 872 2781 940 contemplantes
2813 881 3028 927 natura.
3084 876 3189 932 Sed
3220 880 3273 933 in
3303 881 3462 937 nobis
3493 885 3614 953 qui-

2044 954 2164 1009 dem
2200 957 2425 1025 spiritus
2476 971 2560 1014 est
2614 961 2754 1016 aeris
2798 965 3069 1028 attractio,
3103 967 3180 1021 rei
3229 970 3440 1034 alienae,
3494 988 3614 1041 qua:

2043 1049 2359 1102 necessario
2396 1051 2686 1105 attrahitur
2719 1060 2772 1106 et
2806 1054 3158 1122 profunditur
3219 1060 3287 1114 ad
3342 1066 3612 1118 constitu-

2043 1136 2244 1191 tionem
2285 1141 2552 1208 corporis,
2580 1157 2701 1211 quae
2733 1145 2974 1212 quidem,
3010 1148 3138 1201 dum
3161 1151 3386 1204 verbum
3408 1154 3615 1208 emitti-

2043 1233 2148 1291 tur,
2184 1227 2238 1281 lit
2274 1244 2399 1295 vox,
2426 1231 2479 1284 in
2525 1234 2704 1302 seipsa
2746 1235 3034 1293 declarans
3062 1240 3166 1292 vim
3200 1241 3371 1296 verbi.
3436 1243 3493 1297 in
3530 1244 3613 1299 di—

2040 1319 2164 1373 vina
2184 1328 2367 1375 autem
2393 1330 2613 1389 natura,
2637 1341 2758 1380 csse
2784 1327 3001 1395 quidem
3028 1330 3120 1384 Dei
3153 1331 3437 1400 Spiritum,
3461 1338 3609 1405 pium

2038 1418 2121 1465 est
2153 1412 2544 1478 existimatum,
2581 1417 2855 1484 quomodo
2912 1418 3094 1471 datum
3135 1428 3220 1474 est
3271 1438 3394 1477 esse
3442 1424 3606 1478 etiam

2038 1498 2133 1555 Dei
2165 1500 2422 1568 Verbum,
2456 1514 2741 1574 propterea
2766 1508 2909 1575 quod
2939 1524 3045 1563 non
3081 1519 3329 1580 oporteat
3357 1512 3450 1567 Dei
3476 1512 3612 1569 Verv

2037 1590 2165 1643 bum
2190 1591 2432 1649 deterius
2461 1610 2601 1662 esse,
2633 1606 2685 1651 et
2706 1601 2875 1668 magis
2909 1600 3139 1655 deficere
3167 1620 3329 1672 quam
3360 1613 3607 1660 nostrum

2038 1683 2282 1747 verbum,
2306 1686 2572 1754 siquidem
2606 1705 2728 1742 cum
2765 1692 2865 1745 hoc
2891 1695 3269 1749 consideretur
3294 1713 3416 1751 cum
3457 1700 3608 1768 spiri-

2036 1780 2115 1836 tu,
2149 1776 2406 1829 credatur
2430 1778 2561 1833 illud
2590 1795 2711 1835 esse
2735 1784 2852 1837 sine
2892 1782 3119 1854 Spiritu.
3189 1786 3375 1858 Neque
3428 1801 3605 1845 tamen

2036 1863 2104 1915 ad
2153 1866 2327 1918 nostri
2389 1869 2615 1937 spiritus
2675 1872 3088 1929 similitudinem
3140 1879 3483 1935 extrinsecus
3539 1882 3606 1936 ad

2038 1951 2204 2007 Deum
2236 1956 2478 2020 aliluere,
2510 1968 2563 2013 et
2591 1962 2643 2014 in
2669 1978 2734 2017 eo
2761 1964 2874 2018 ﬁeri
2907 1964 3191 2035 Spiritum,
3232 1971 3283 2024 id
3317 1971 3425 2026 Deo
3477 1990 3608 2029 con-

2035 2045 2222 2099 venire
2255 2048 2699 2106 existimandum.
2730 2055 2845 2109 Sed-
2872 2060 3144 2125 quomodo
3177 2076 3301 2114 cum
3345 2063 3437 2117 Dei
3470 2063 3605 2120 Ver-

2036 2137 2162 2192 bum
2200 2138 2621 2210 audivissemus,
2656 2160 2763 2199 non
2791 2162 2901 2201 rem
2926 2164 3048 2204 esse
3075 2152 3313 2221 aliquam
3349 2171 3468 2224 quae
3497 2174 3604 2212 non

2034 2228 2320 2292 consistat,
2352 2231 2588 2286 Verbum
2649 2236 2995 2304 putavimus;
3036 2255 3211 2309 neque
3267 2244 3437 2312 quod’
3477 2246 3607 2301 insit

2033 2332 2096 2372 ex
2128 2318 2437 2389 disciplina,
2471 2337 2646 2392 neque
2674 2326 2818 2393 quod
2865 2342 2999 2383 voce
3048 2330 3375 2399 proferatur,
3428 2352 3606 2406 neque

2032 2411 2177 2480 quod
2209 2427 2332 2466 cum
2358 2413 2809 2484 fuerit‘prolatum
2836 2419 3187 2490 dissolvatur,
3226 2441 3398 2495 neque
3423 2430 3606 2499 aliquo

2034 2501 2142 2555 alio
2181 2503 2342 2557 modo
2366 2505 2440 2559 ita
2467 2506 2628 2570 allici,
2652 2524 2761 2578 quo
2787 2512 3032 2565 cernitur
3067 2513 3202 2568 allici
3256 2526 3440 2572 noster
3486 2535 3603 2579 scr-

2032 2607 2142 2657 mo,
2178 2595 2273 2649 sed
2296 2597 2616 2666 consistere,
2646 2608 2703 2653 ut
2736 2602 2809 2653 ita
2838 2602 3035 2668 dicam,
3061 2607 3445 2671 essentialiter,
3481 2611 3607 2664 vim-

2031 2698 2139 2752 que
2162 2684 2361 2741 habere
2384 2688 2638 2758 eligendi,
2690 2707 2921 2762 esseque
2975 2711 3211 2765 operans
3261 2709 3315 2753 ct
3349 2704 3603 2773 omnipo-

2033 2784 2152 2830 tens
2179 2792 2192 2829 :
2220 2775 2294 2829 ita
2328 2777 2491 2831 etiam
2519 2794 2641 2835 cum
2669 2780 2761 2836 Dei
2794 2783 3055 2853 Spiritum
3083 2785 3463 2855 didicerimus,
3508 2795 3601 2865 qui

2036 2864 2269 2921 Verbum
2304 2864 2677 2941 consequitur,
2711 2883 2764 2928 et
2790 2876 2908 2945 ejus
2943 2877 3182 2932 declarat
3210 2864 3600 2951 operationem,

2031 2974 2140 3012 non
2195 2960 2547 3029 intelligimus
2604 2965 2805 3019 ﬂatum
2844 2968 3149 3037 anhelitus;
3210 2974 3603 3042 deprimeretur

1957 3072 1999 3129 ρ
2032 3048 2178 3103 enim
2210 3058 2263 3104 et
2296 3051 2361 3103 ad
2420 3054 2643 3106 nimiam
2677 3056 3055 3111 dcmittexetur
3090 3061 3447 3118 humilitatem
3488 3083 3602 3120 ma-

2030 3140 2258 3209 gnitudo
2293 3142 2489 3198 divinae
2520 3148 2795 3213 potentiae,
2833 3149 2876 3202 si
2907 3151 2997 3217 qui
3029 3154 3081 3203 in
3108 3168 3172 3206 eo
3200 3162 3283 3209 est
3342 3155 3597 3225 Spiritus,

2031 3231 2439 3287 existimaretur
2462 3250 2583 3289 esse
2616 3237 2795 3291 instar
2850 3244 3059 3296 nostri:
3121 3246 3213 3298 sed
3254 3250 3598 3303 essentialcm

2029 3321 2345 3388 potentiam,
2405 3338 2525 3392 qua":
2586 3324 2711 3394 ipsa
2755 3326 2808 3379 in
2844 3329 3021 3397 seipsa
3104 3334 3484 3389 consideratur
3546 3340 3598 3393 in

2030 3412 2247 3480 propria
2270 3412 2547 3482 hypostasi
2578 3429 2642 3468 ac
2669 3417 3045 3485 consistentia,
3081 3437 3255 3490 neque
3303 3431 3479 3493 potest
3510 3442 3601 3481 se-

2030 3501 2211 3568 parari
2243 3516 2272 3553 a
2307 3501 2414 3556 Deo
2440 3503 2492 3556 in
2521 3519 2630 3573 quo
2660 3514 2765 3571 est,
2796 3516 2888 3561 aut
2919 3525 2946 3561 a
2982 3508 3158 3565 Verbo
3182 3510 3272 3566 Dei
3300 3514 3445 3583 quod
3469 3530 3595 3571 con-

2031 3591 2311 3658 sequitur:
2347 3607 2522 3661 neque
2559 3594 2625 3647 ad
2658 3595 2758 3648 hoc
2792 3605 2855 3649 ut
2876 3612 2985 3651 non
3015 3599 3104 3666 sit,
3131 3600 3450 3668 effunditur,
3479 3606 3599 3668 sed,

2029 3678 2096 3732 ad
2128 3679 2221 3732 Dei
2258 3679 2422 3735 Verbi
2472 3684 2904 3751 similitudinem,
2964 3696 3049 3743 est
3079 3691 3133 3744 in
3186 3691 3464 3762 hypostasi
3498 3696 3591 3749 eli-

2028 3768 2187 3839 gendi
2217 3769 2267 3823 vi
2299 3774 2523 3840 praedita
2558 3791 2653 3845 per
2676 3792 2735 3831 se
2763 3780 2969 3843 mobili,
3004 3791 3283 3851 operante,
3305 3794 3357 3838 et
3385 3800 3599 3855 semper

2028 3854 2230 3909 bonum
2260 3857 2514 3927 eligente,
2548 3869 2603 3915 et-
2635 3863 2700 3915 ad
2741 3879 2905 3920 omne
2936 3870 3269 3938 propositum
3325 3888 3448 3927 cum
3505 3892 3599 3929 vo»

2031 3939 2237 3997 luntate
2263 3958 2678 4004 concurrentem
2716 3953 2948 4009 habente
2980 3959 3295 4026 potentiam.

2614 4039 2841 4095 CAPUT
2888 4044 2973 4102 Ill.

2097 4125 2197 4192 Qui
2223 4128 2403 4199 itaque
2430 4130 2714 4200 diligenter
2737 4144 2791 4188 et
2816 4146 3070 4194 accurate
3101 4141 3453 4198 considerant
3478 4161 3593 4217 my-

2025 4220 2174 4273 stcrii
2203 4221 2667 4291 profunditatem,
2692 4227 2745 4280 in
2776 4228 2956 4282 anima
2977 4232 3198 4300 quidem
3231 4249 3432 4289 arcana
3455 4252 3592 4306 qua-

2024 4308 2147 4363 dam
2185 4313 2396 4368 ratione
2446 4315 2777 4371 mediocrem
2825 4320 3024 4389 accipit
3058 4322 3471 4393 intelligentiam
3505 4327 3595 4382 do-

601 4368 808 4436 λαϐεῖν,
841 4374 915 4446 μὴ
945 4377 1122 4446 μέντοι
1153 4380 1407 4437 δύνασθαι
1427 4385 1567 4459 λόγῳ
1592 4390 1919 4466 διασαφῆσαι

2516 4368 2523 4369 ,
3058 4368 3471 4393 -----...ον..-......
3506 4368 3571 4382 ..ν

2029 4401 2216 4453 ctrina:
2254 4400 2346 4455 Dei
2375 4405 2702 4474 cognitionis
2727 4445 2742 4469 ,
2777 4408 3024 4463 oratione
3049 4419 3228 4464 tamen
3267 4427 3375 4466 non
3416 4424 3595 4485 potest

2024 4488 2349 4547 ineffabilem
2377 4495 2589 4563 aperire
2617 4497 3046 4565 profunditatem
3079 4504 3323 4571 mysterii
3353 4523 3367 4572 ;
3399 4522 3594 4579 nempe

2022 4581 2295 4649 quomodo
2318 4583 2458 4637 idem
2483 4593 2536 4638 et
2559 4586 2712 4640 cadat
2741 4590 2842 4643 sub
2865 4606 3169 4659 numerum,
3191 4602 3244 4649 et
3270 4611 3375 4650 non
3400 4599 3559 4653 cadat
3576 4641 3590 4663 ,

2022 4681 2073 4725 et
2097 4671 2331 4727 divisum
2364 4683 2639 4741 cernatur,
2672 4685 2724 4732 et
2751 4682 3247 4749 comprehendatur
3274 4687 3327 4741 in
3359 4690 3587 4755 unitate,

2021 4764 2450 4836 distinctumque
2479 4768 2549 4822 sit
2579 4784 2641 4824 ac
2672 4770 2968 4826 discretum
3001 4776 3357 4833 consistentia
3413 4790 3473 4836 et
3493 4782 3593 4853 by-

2021 4855 2256 4923 postasi,
2281 4864 2334 4911 et
2358 4858 2601 4928 subjecto
2628 4877 2733 4916 non
2761 4864 2833 4916 sit
2856 4864 3122 4931 divisum,
3146 4876 3203 4922 et
3225 4884 3418 4927 rursus
3443 4874 3587 4929 aliud

2019 4945 2125 5010 sit,
2160 4947 2318 5016 cujus
2351 4957 2435 5005 est
2460 4949 2697 5006 Verbum
2727 4962 2779 5008 et
2807 4955 3064 5024 Spiritus.
3100 4957 3204 5013 Sed
3232 4968 3585 5034 posteaquam

2017 5036 2314 5093 discrimen
2342 5041 2396 5094 in
2424 5042 2508 5097 his
2543 5043 2875 5101 intellexeris
2895 5089 2910 5111 ,
2945 5059 3150 5104 natura:
3178 5066 3372 5109 rursus
3407 5054 3587 5108 unitas

2017 5142 2124 5182 non
2161 5130 2402 5185 admittit
2429 5133 2794 5190 divisionem:
2844 5138 2980 5193 adeo
3030 5150 3088 5194 ut.
3143 5158 3317 5213 neque
3366 5161 3586 5199 monar-

2016 5218 2152 5273 cbiae
2208 5219 2518 5279 dominatus
2569 5227 2850 5283 scindatur
2903 5231 2956 5284 in
3015 5232 3259 5289 diversas
3306 5235 3583 5295 dissectus

2016 5311 2250 5367 unitates
2270 5354 2283 5378 ,
2325 5330 2502 5385 neque
2543 5328 2807 5389 congruat
2837 5322 2887 5376 id
2918 5325 3060 5391 quod
3094 5324 3293 5378 dicitur
3317 5341 3439 5378 cum
3472 5328 3581 5385 do-

2012 5411 2191 5472 gmate
2213 5402 2473 5472 Iudaico;
2502 5408 2594 5463 sed
2620 5425 2714 5479 per
2742 5412 2978 5466 medium
3010 5415 3239 5469 duarum
3264 5416 3581 5484 opinionum

2014 5496 2273 5562 procedat
2297 5498 2499 5552 veritas
2520 5542 2535 5567 ,
2566 5508 2620 5554 et
2659 5511 2945 5573 utramque
2985 5506 3179 5559 tollens
3211 5506 3461 5565 haeresim
3483 5554 3499 5581 ,
3526 5528 3581 5570 et

2014 5585 2081 5640 ab
2113 5594 2342 5657 utraque
2374 5590 2651 5660 accipiens
2683 5594 2736 5648 id
2771 5596 2914 5665 quod
2948 5604 3030 5648 est
3061 5597 3205 5652 usui.
3241 5598 3374 5653 Nam
3408 5602 3578 5659 Judaei

2012 5677 2229 5749 quidem
2289 5680 2486 5753 dogma
2540 5685 2711 5753 tollit,
2761 5696 2814 5740 et
2848 5683 3079 5740 Verbum
3114 5688 3486 5758 admittendo,
3527 5704 3581 5749 et
