3980 6198
520 252 588 309 19
1710 257 1809 312 'S.
1848 254 2176 312 GREGORII
2234 253 2527 311 NYSSENI
3688 255 3754 311 εο

513 372 788 430 credendo
817 367 1079 445 Spiritum
1105 392 1119 430 :
1148 389 1336 430 eorum
1366 385 1547 432 autem
1581 378 1674 449 qui
1705 386 1852 434 stant
1880 394 1909 433 a
1937 378 2081 434 Grae-

2186 394 2276 431 ται
2296 377 2355 431 τὸ
2384 377 2577 448 δόγμα,
2613 380 2679 450 τῇ
2716 395 2775 432 τε
2798 377 2893 432 τοῦ
2917 376 3088 445 Λόγου
3117 375 3418 447 παραὼχῇ,
3449 376 3543 429 καὶ⁵
3577 381 3640 449 τῇ
3671 380 3755 433 πέ-

514 467 598 523 cis
625 467 875 533 aboletur
904 481 1057 521 error
1089 466 1382 521 multorum
1415 467 1678 534 deorum,
1724 484 1787 524 ea
1831 486 1954 540 quae
1995 478 2082 526 est

516 552 819 610 secundum
853 563 1102 608 naturam
1134 556 1346 610 unitate
1375 557 1861 614 circumscribente
1899 567 1952 614 et
1994 574 2082 612 ar-

514 653 672 700 cente
702 645 998 700 multorum
1028 645 1397 717 phantasiam.
1435 647 1648 704 Rursus
1676 656 1855 704 autem
1888 665 1953 704 ex
1987 647 2081 703 Ju-

514 736 668 791 daica
699 737 952 807 Opinione
987 746 1204 794 maneat
1232 747 1439 794 naturae
1472 742 1684 806 unitas,
1716 757 1778 797 ex
1808 757 1874 797 eo
1900 751 2079 797 autem

509 828 656 895 quod
686 827 856 883 Graaci
888 830 1206 899 opinantur,
1239 829 1354 887 s'ola
1383 833 1647 889 discretio
1678 834 1733 889 in
1765 835 2079 906 bypostasi-

510 921 612 975 bus
632 960 645 984 ,
678 920 859 989 impia:
892 921 1138 990 opinioni
1170 924 1429 993 utrinque
1459 940 1703 995 congruo
1732 925 1975 981 adhibito
2004 941 2083 980 re-

509 1008 707 1063 medio.
740 1007 835 1062 Est
868 1009 1012 1063 enim
1053 1011 1219 1065 veluti
1259 1013 1504 1081 qumdam
1552 1016 1821 1069 medicina
1842 1055 1856 1079 ,
1889 1031 2077 1070 eorum

506 1097 727 1168 quidem
765 1100 857 1169 qui
896 1101 948 1154 in
988 1116 1096 1155 uno
1129 1102 1417 1167 aberrant,
1452 1121 1715 1161 numerus
1748 1106 2031 1162 Trinitatis
2062 1125 2076 1163 :

507 1199 700 1239 eorum
735 1196 914 1240 autem
947 1188 1039 1257 qui
1073 1199 1203 1243 sunt
1252 1191 1486 1261 dispersi
1534 1194 1587 1247 in
1641 1196 2076 1260 multitudinem.

508 1275 649 1329 ratio
681 1276 925 1331 unitatis.

1098 1369 1474 1443 ‘CAPUTIV.

582 1456 680 1512 Sin
706 1466 883 1514 autem
909 1460 1170 1518 adversus
1203 1463 1316 1517 haec
1343 1464 1681 1520 contradicat
1706 1466 1945 1529 Judaeus,
1974 1483 2079 1522 non

513 1547 700 1618 utique
743 1564 808 1604 ex
850 1550 970 1618 ejus
1010 1554 1242 1622 propriis
1272 1554 1505 1610 dimcilis
1547 1558 1652 1611 erit
1691 1558 1850 1613 nobis
1891 1557 2082 1611 adver-

510 1651 608 1692 sus
638 1637 787 1691 illum
832 1638 1171 1709 disceptatio.
1223 1641 1301 1695 Ex
1344 1641 1413 1697 iis
1458 1644 1600 1696 enim
1644 1643 1989 1697 documentis
2025 1643 2079 1696 in

2188 484 2302 520 στει
2337 468 2431 520 τοῦ
2463 468 2811 538 Πνεύματος’
2844 468 2951 522 τῶν
2979 468 3037 521 δὲ
3081 464 3493 537 Ἐλληνιζόντων
3531 469 3565 538 ἠ
3600 468 3757 521 πολύ-

2184 557 2303 621 θεος
2346 558 2725 626 ὲξαφανίζεται
2781 560 2979 629 πλάνη,
3013 558 3112 628 τῆς
3140 559 3279 611 κατά
3307 557 3469 626 φύσιν
3507 558 3753 628 ἑνότητος

2185 648 2686 719 παραγραφομένης
2709 649 2807 719 τὴν
2836 649 3204 720 πληθυντικὴν
3232 648 3551 718 φαντασίαν.
3588 649 3753 703 Πάλιν

2181 739 2237 792 δὲ
2261 737 2327 792 ἂν
2352 740 2414 790 ὲκ
2436 743 2533 811 τῆς
2564 740 2858 810 Ἰουδαϊκῆς
2887 740 3203 811 ὑπολήψεως
3232 743 3266 811 ἠ
3285 743 3384 809 τῆς
3411 740 3624 810 φύσεως
3645 740 3755 793 ἑνός

2181 846 2280 902 της
2304 831 2667 902 παραμενέτω
2689 848 2702 865 ο
2736 834 2800 885 ὲκ
2822 832 2879 884 δὲ
2901 829 2996 885 τοῦ
3023 831 3400 903 Ἑλληνισμοῦ,
3429 832 3463 901 η
3492 831 3632 885 κατὰ
3657 832 3753 894 τὰς

2181 920 2507 985 ὑποστάσεις
2535 922 2803 993 διάκρισις
2836 922 2992 993 μόνη,
3030 921 3456 993 θεραπευθεξσης
3482 922 3753 991 ἑκατέρω-

2182 1014 2272 1067 θεν
2318 1011 2663 1083 καταλλήλως
2708 1012 2809 1081 τῆς
2864 1012 3093 1076 ἀσεϐοῦς
3143 1012 3415 1073 ὑπονοίας.
3456 1011 3610 1064 Ἐστι
3648 1012 3753 1082 γὰρ

2182 1103 2370 1173 ὥσπερ
2403 1119 2485 1165 τις
2520 1101 2783 1173 Θεραπεία
2842 1102 2947 1155 τῶν
2989 1104 3087 1174 μὲν
3115 1103 3243 1173 περὶ
3275 1102 3336 1154 τὸ
3369 1099 3428 1155 ἓν
3469 1102 3753 1173 πλανωμέ-

2182 1209 2288 1248 νων
2319 1192 2346 1244 ὁ
2379 1191 2610 1262 ἀριθμὸς
2634 1195 2734 1265 τῆς
2772 1194 3028 1264 Τριάδος·
3057 1193 3164 1247 τῶν
3187 1194 3244 1246 δὲ
3276 1195 3357 1256 είς
3376 1192 3577 1263 πλῆθος
3600 1195 3753 1247 ἐσκε-

2182 1283 2487 1354 δασμένων,
2521 1285 2551 1336 ὁ
2574 1287 2672 1354 τῆς
2701 1285 2948 1355 ἑνότητός
2986 1284 3167 1352 λόγος.

2801 1375 3048 1427 ΚΕΦΑΛ.
3084 1376 3156 1426 Δ’.

2254 1464 2317 1518 Εἰ
2350 1466 2408 1519 δὲ
2440 1463 2709 1533 ἀντιλέγει
2736 1464 2943 1527 τούτοις
2971 1463 3000 1515 6
3049 1463 3317 1526 Ἰουδαῖος,
3345 1460 3521 1516 οὐκέτ’
3539 1463 3605 1516 ἂν
3625 1464 3754 1534 ἡμῖν

2183 1559 2246 1611 ὲκ
2272 1559 2364 1612 τοῦ
2394 1559 2522 1613 ἰδίου
2546 1557 2800 1619 δύσκολος
2824 1560 2853 1609 6
2877 1557 3011 1628 πρὸς
3040 1559 3244 1610 ἐκεῖνον
3271 1558 3557 1627 γενήσεται
3578 1557 3750 1625 λόγος.

2195 1647 2291 1700 Ἐκ
2311 1647 2418 1719 γάρ
2441 1646 2549 1701 τῶν
2578 1645 2887 1718 συντρόφων
2909 1646 3056 1716 αὐτῷ
3078 1647 3421 1715 διδαγμάτων
3446 1648 3479 1718 ἡ
3504 1647 3601 1718 τῆς
3630 1648 3755 1717 ἀλη-

510 1729 712 1798 quibus
743 1738 827 1786 est
854 1732 1116 1787 educatus
1137 1774 1151 1798 ,
1177 1733 1421 1788 veritatis
1454 1735 1558 1788 erit
1589 1734 1907 1790 declaratio.
1940 1722 2081 1789 Esse.

2186 1736 2323 1799 ista;
2350 1736 2501 1791 ἔσται
2533 1738 2851 1807 φανέρωσις.
2887 1736 2959 1789 Τὸ
2978 1736 3085 1806 γάρ
3116 1731 3252 1789 εἶναι
3286 1737 3459 1805 Λόγον
3485 1737 3644 1803 Θεοῦ,
3666 1740 3754 1807 καὶ

508 1820 655 1875 enim
688 1819 918 1875 Verbum
950 1821 1078 1887 Dei,
1104 1833 1157 1876 et
1184 1822 1446 1893 Spiritum
1466 1822 1580 1887 Dei,
1608 1831 1925 1894 potestates,
1953 1840 2074 1894 quae

507 1911 818 1966 consistunt
848 1914 1231 1978 essentialiter,
1274 1923 1327 1970 et
1371 1925 1499 1970 sunt
1538 1917 1832 1973 allicientes
1880 1931 2071 1971 eorum

508 2017 631 2068 qua:
661 2001 801 2056 facta
828 2011 977 2065 sunt,
1021 2012 1073 2058 el
1117 2020 1179 2059 ea
1215 2022 1335 2076 quae
1377 2016 1522 2073 sunt,
1554 2009 1865 2071 continent,
1894 2023 1959 2062 ex
1992 2007 2074 2060 di-

504 2093 715 2149 vinitus
760 2095 1040 2163 inspiratis
1076 2095 1380 2167 Scripturis
1427 2099 1706 2154 evidenter
1739 2097 2069 2153 ostenditur.

512 2181 719 2237 Suﬂicit
751 2194 965 2251 autem,
1016 2202 1139 2241 cum
1183 2189 1591 2244 meminerimus
1633 2191 1797 2244 unius
1832 2191 2077 2245 testimo-

509 2271 625 2336 nii,
659 2274 813 2342 plura
863 2275 1189 2345 invenienda
1236 2278 1547 2349 relinquere
1578 2279 1860 2335 studiosis.
1908 2278 2074 2332 Verbo

509 2361 765 2429 Domini,
796 2365 1004 2435 inquit,
1052 2368 1167 2421 coeli
1205 2370 1408 2439 ﬁrmati
1446 2379 1605 2438 sunt,
1637 2381 1687 2425 et
1730 2370 1933 2439 Spiritu
1968 2370 2075 2423 oris

509 2454 625 2524 ejus
657 2456 822 2510 omnis
855 2458 1016 2513 virtus
1044 2476 1223 2514 eorum
1258 2463 1297 2514 ¹.
1333 2460 1451 2528 Quo
1483 2460 1682 2526 Verbo,
1717 2471 1772 2517 et
1804 2476 1913 2532 quo
1948 2460 2075 2530 Spi-

509 2547 617 2627 ritu
636 2548 659 2601 ?
678 2544 861 2619 Neque
886 2550 1027 2606 enim
1054 2551 1222 2607 dictio
1245 2561 1327 2608 est
1348 2551 1582 2609 Verbum
1601 2593 1614 2618 ,
1637 2569 1813 2624 neque
1839 2552 2076 2624 Spiritus

511 2639 804 2697 anhelitus.
824 2638 1072 2697 Sicenim
1101 2644 1166 2698 ad
1194 2652 1396 2700 nostrae
1427 2654 1634 2700 naturae
1663 2637 2073 2701 similitudinem

510 2728 655 2785 Deus
693 2746 911 2800 quoque
951 2732 1112 2787 homo
1143 2733 1326 2797 ﬁeret,
1355 2733 1627 2803 ejusmodi
1657 2748 1875 2804 quoque
1911 2733 2076 2787 verbo

509 2829 561 2874 et
585 2820 782 2890 spiritu
810 2822 887 2876 uti
916 2822 1286 2878 universitatis
1310 2824 1556 2893 opiﬁcem
1583 2832 1905 2879 statuerent.
1928 2823 2081 2889 Quaa-

511 2925 636 2963 nam
662 2918 843 2967 autem
874 2920 1024 2966 tanta
1054 2914 1229 2969 virtus
1262 2913 1629 2983 proﬁciscitur
1663 2928 1693 2967 a
1722 2914 1936 2979 verbis,
1966 2922 2020 2969 et
2046 2930 2076 2967 a

2175 1827 2398 1896 Πνεῦμα
2413 1826 2546 1880 Θεοῦ
2559 1826 2826 1889 ούσιωδῶς
2846 1824 3159 1894 ὑφεστώσας
3176 1826 3448 1897 δυνάμεις,
3470 1828 3754 1897 ποιητικάς

2172 1935 2231 1970 τε
2261 1917 2368 1970 τῶν
2394 1917 2794 1989 γεγενημένων,
2822 1919 2915 1969 καὶ
2947 1917 3297 1985 περιεκτικάς
3333 1918 3442 1970 τῶν
3473 1917 3663 1983 ὄντων,
3694 1920 3755 1970 ὲκ

2174 2009 2279 2062 τῶν
2331 2008 2698 2063 θεοπνεύστων
2746 2008 2976 2078 Γραφῶν
3024 2008 3413 2079 ἐναργέστερον
3463 2008 3751 2063 δείκνυται.

2187 2102 2369 2169 Ἀρκεῖ
2394 2101 2450 2153 δὲ
2482 2100 2608 2171 μιᾶς
2641 2100 2938 2170 μαρτυρίας
2965 2097 3395 2168 ὲπιμνησθέντας
3413 2139 3427 2161 ,
3446 2101 3558 2162 τοῖς
3605 2099 3752 2169 φιλο-

2175 2192 2496 2262 πονωτέροις
2524 2191 2842 2244 καταλιπεῖν
2860 2189 2966 2241 τῶν
3003 2188 3259 2242 πλειόνων
3282 2190 3379 2259 τὴν
3405 2190 3641 2259 εὕρεσιν.
3676 2188 3754 2255 Τῷ

2174 2282 2344 2349 Λόγῳ
2366 2281 2472 2335 τοῦ
2487 2266 2725 2347 Κυρίου,
2745 2280 2927 2349 φησὶν,
2950 2282 3004 2332 ol
3020 2279 3259 2346 οὐρανοὶ
3279 2280 3744 2347 ἐστερεώθησαν,

2175 2370 2274 2423 καὶ
2311 2370 2391 2436 τῷ
2417 2371 2713 2438 Πνεύματι
2765 2369 2872 2425 τοῦ
2918 2370 3213 2438 στόματος
3264 2369 3469 2431 αὐτοῦ,
3518 2369 3688 2423 πᾶσα
3714 2370 3749 2436 ἡ

2175 2461 2427 2530 δύναμις
2454 2460 2668 2515 αὐτῶν.
2706 2460 2849 2531 Ποίῳ
2902 2460 3061 2528 Λόγῳ
3111 2461 3205 2513 καὶ
3260 2460 3396 2529 ποίῳ
3432 2458 3746 2530 Πνεύματις

2176 2550 2311 2605 Οὔτε
2350 2552 2454 2622 γὰρ
2487 2551 2636 2622 ῥῆμα
2655 2552 2684 2603 6
2716 2551 2887 2619 Λόγος
2906 2590 2921 2615 ,
2954 2549 3077 2603 οὔτε
3109 2545 3294 2620 ἆσθμα
3324 2550 3380 2603 τὸ
3409 2548 3653 2620 Πνεῦμα.
3676 2543 3750 2602 Ἦ

2176 2642 2284 2713 γὰρ
2318 2642 2383 2696 ἂν
2413 2642 2532 2696 καθ’
2554 2643 2847 2713 ὁμοιότητα
2874 2642 2972 2712 τῆς
3024 2642 3296 2711 ἡμετέρας
3328 2641 3542 2709 φύσεως
3569 2640 3664 2693 καὶ
3694 2639 3754 2691 τὸ

2176 2735 2327 2788 Θεῖον
2373 2733 2844 2805 ὲξανθρωπίζοιτο,
2877 2734 2969 2785 καὶ
3008 2732 3234 2801 τοιούτῳ
3284 2730 3585 2801 κεχρῆσθαι
3616 2731 3754 2800 λόγῳ

2178 2825 2272 2878 καὶ⁷
2289 2823 2511 2894 τοιούτῳ
2534 2822 2823 2891 πνεύματι,
2846 2822 2935 2875 τὸν
2960 2819 3051 2889 τοῦ
3077 2821 3277 2883 παντὸς
3301 2819 3530 2890 ποιητὴν
3558 2820 3755 2888 δογμα-

2176 2915 2394 2979 τίζοιεν.
2429 2914 2523 2977 Τίς
2571 2914 2615 2967 δ’
2668 2912 2875 2983 οἴχεται
2922 2911 3146 2981 δύναμις
3200 2912 3308 2965 ἀπὸ
3353 2911 3618 2981 ῥημάτων
3667 2909 3755 2962 καὶ

511 3000 707 3070 spiritu
732 3040 748 3065 ,
795 3008 855 3054 ut
894 3001 1128 3056 suliiciat
1166 3003 1233 3057 ad
1278 3004 1477 3058 cmlum
1509 3003 1948 3059 constituendum
1974 3046 1990 3071 ,
2024 3012 2076 3060 et

2186 3006 2454 3076 ἄσθματος
2504 3002 2837 3074 τηλικαύτη,
2896 3002 2970 3065 ὡς
3020 3001 3274 3072 ἐξαρκεῖν
3325 3000 3461 3070 πρὸς
3523 2997 3752 3071 ούρανοῦ

511 3105 635 3159 quae
680 3091 737 3145 in
782 3105 849 3145 eo
881 3099 1011 3145 sunt
1043 3092 1316 3147 virtutes?
1352 3092 1409 3147 Si
1436 3094 1582 3150 enim
1613 3105 1818 3150 nostrae
1850 3095 2076 3151 dictioni

514 3180 607 3237 Dei
634 3178 871 3237 Verbum
900 3190 985 3239 est
1015 3183 1221 3249 simile,
1252 3194 1305 3240 et
1330 3184 1568 3256 Spiritus
1594 3186 1809 3256 spiritui
1834 3228 1849 3251 ,
1878 3188 2077 3243 similis

512 3283 598 3330 est
641 3276 866 3332 omnino
910 3278 1087 3333 virtus
1128 3293 1195 3334 ex
1250 3278 1557 3341 similibus,
1602 3286 1656 3332 et
1698 3290 1930 3348 quantas
1981 3292 2073 3331 no-

514 3371 711 3432 strum,
738 3373 919 3420 tantas
940 3366 1086 3420 vires
1113 3366 1276 3420 habet
1300 3367 1390 3421 Dei
1416 3367 1669 3421 Verbum.
1688 3367 1851 3437 Atqui
1875 3375 1930 3422 et
1952 3382 2081 3437 ope-

515 3456 729 3509 ratione
755 3464 884 3510 sunt
911 3464 1163 3513 carentes
1197 3468 1248 3512 et
1280 3458 1502 3515 minime
1545 3460 1943 3526 consistentes,
1987 3461 2078 3530 qui

515 3560 639 3600 cum
674 3546 857 3601 verbis
885 3556 1169 3603 transeunt
1198 3551 1444 3621 spiritus.
1474 3550 1592 3618 Quo
1617 3551 1673 3605 [it
1699 3558 1758 3605 ut
1783 3567 1890 3606 non
1919 3567 2083 3623 agen-

516 3646 632 3706 tes,
662 3646 716 3693 et
744 3652 852 3692 non
896 3640 1263 3696 consistentes
1306 3642 1427 3698 illos
1454 3644 1676 3698 omnino
1705 3643 2079 3708 constituant,

516 3730 611 3800 qui
641 3729 706 3784 ad
740 3730 912 3784 nostri
942 3731 1093 3786 verbi
1123 3732 1533 3789 similitudinem
1572 3733 1666 3790 Dei
1694 3732 1936 3790 Verbum
1981 3733 2079 3790 de-

517 3824 741 3876 ducunt.
778 3820 871 3876 Sin
908 3832 1085 3878 autem
1107 3863 1123 3890 ,
1157 3832 1216 3878 ut
1246 3825 1380 3881 dicit
1407 3826 1572 3881 David
1592 3867 1606 3890 ,
1640 3825 1818 3881 Verbo
1848 3827 1942 3882 Dei
1993 3827 2083 3882 ﬁr-

518 3912 651 3965 mati
682 3921 810 3967 sunt
839 3913 994 3979 cmli,
1020 3922 1074 3969 et
1098 3929 1287 3971 eorum
1317 3917 1545 3971 virtutes
1572 3918 1880 3972 consistunt
1907 3918 1963 3972 in
1990 3917 2084 3973 Dei

520 3998 748 4070 Spiritu,
794 4014 1012 4061 constat
1059 4022 1191 4077 ergo
1240 4009 1560 4079 mysterium
1606 4009 1885 4074 veritatis,
1939 4008 2085 4079 quod

519 4095 691 4150 dictat
717 4110 840 4152 esse
872 4096 1166 4153 dicendum
1192 4097 1428 4155 Verbum
1460 4101 1515 4155 in
1542 4102 1774 4157 essentia
1792 4139 1807 4165 ,
1833 4111 1887 4156 et
1914 4100 2087 4172 Spiri-

519 4195 635 4241 tum
666 4186 721 4242 in
751 4187 1051 4259 hypostasi.

1123 4365 1349 4423 CAPUT
1388 4366 1462 4421 V-

593 4449 701 4505 Sed
732 4448 827 4505 Dei
853 4452 1069 4521 quidem
1097 4469 1219 4510 esse
1242 4453 1479 4510 Verbum
1509 4461 1562 4510 et
1590 4453 1851 4524 Spiritum
1874 4492 1890 4519 ,
1917 4460 1972 4509 et
1997 4469 2090 4524 per

520 4555 840 4599 communes
874 4544 1128 4602 notiones
1155 4544 1377 4602 Graecus
1397 4586 1413 4610 ,
1443 4554 1497 4602 et
1527 4562 1621 4617 per
1655 4546 1968 4616 Scripturas
1996 4543 2091 4599 Ju-

520 4637 670 4691 daeus
696 4635 931 4693 fortasse
963 4651 1072 4692 non
1103 4640 1484 4707 contradicet;
1514 4648 1569 4694 at
1600 4639 1695 4694 Dei
1725 4637 1889 4694 Verbi
1919 4637 2089 4693 homi-

520 4729 608 4784 nis
640 4727 769 4786 facti
803 4728 1263 4798 dispensationem
1312 4737 1544 4799 uterque
1596 4744 1781 4783 eorum
1829 4744 1896 4782 cx
1934 4717 2106 4798 aequo

521 4818 837 4889 reprobabit
856 4859 870 4886 ,
898 4829 954 4873 ut
982 4834 1103 4890 quae
1130 4820 1201 4873 sit
1227 4818 1453 4873 minime
1482 4818 1812 4889 probabilis,
1843 4828 1896 4872 et
1925 4834 2088 4889 quam

520 4908 588 4963 de
619 4905 729 4963 Deo
755 4908 938 4964 dicere
960 4910 1184 4965 minime
1207 4909 1517 4965 conveniat.
1548 4908 1624 4962 Ex
1653 4908 1759 4964 alio
1784 4925 1915 4981 ergo
1941 4911 2091 4981 prin-

522 5001 665 5071 cipio
694 5001 1025 5059 adducemus
1052 5017 1147 5057 eos
1179 5003 1271 5074 qui
1302 5002 1718 5069 contradicunt,
1748 5012 1805 5057 ut
1836 5004 1941 5058 hoc
1971 5018 2091 5058 cre-

521 5091 689 5157 dant,
731 5108 945 5164 nempe.
978 5094 1285 5150 Credantne
1315 5094 1493 5150 Verbo
1529 5105 1579 5149 et
1610 5095 1875 5165 sapientia
1906 5096 2088 5149 omnia

520 5200 645 5242 esse
690 5184 832 5239 facta
878 5186 948 5241 ab
988 5203 1055 5243 eo
1096 5188 1189 5259 qui
1233 5188 1477 5243 condidit
1518 5187 1977 5243 universitatem?
2018 5202 2088 5240 an

523 5279 686 5350 hujus
745 5295 965 5350 quoque
1023 5281 1447 5337 existimationis
1506 5282 1666 5336 ﬁdem
1718 5278 1936 5335 dilIicile
1997 5278 2093 5332 ad-

522 5371 789 5425 mittant?
837 5370 943 5427 Sed
985 5372 1032 5427 si
1078 5387 1189 5427 non
1235 5372 1483 5428 dederint
1505 5371 1739 5428 Verbum
1772 5386 1867 5426 seu
1918 5369 2090 5424 ratio-

524 5475 683 5525 nem,
738 5471 792 5516 et
845 5464 1166 5535 sapientiam
1225 5465 1394 5523 fuisse
1447 5464 1640 5520 ducem
1700 5477 1882 5519 rerum
1933 5476 2089 5518 crea-

606 5644 619 5673 '
656 5639 798 5697 Psal.
842 5660 1011 5711 xxxii,
1049 5646 1102 5703 6.

2119 4378 2166 4435 D

2181 3096 2436 3150 σύστασιν
2462 3094 2681 3148 καὶτῶν
2708 3095 2765 3146 ὲν
2788 3092 2996 3155 τούτοις
3023 3093 3332 3162 δυνάμεων;
3358 3091 3417 3144 Ei
3443 3089 3552 3161 γὰρ
3574 3092 3755 3161 ὅμοιος

2179 3188 2256 3258 τῷ
2287 3186 2537 3258 ἡμετέρῳ
2588 3187 2790 3255 ῥήματι
2831 3186 2926 3237 καὶ
2956 3187 2983 3237 6
3015 3184 3108 3237 τοῦ
3149 3183 3283 3237 Θεοῦ
3326 3184 3520 3250 Λόγος,
3555 3184 3657 3237 καὶ
3698 3181 3757 3234 τὸ

2180 3279 2404 3348 Πνεῦμα
2445 3276 2523 3346 τῷ
2561 3275 2850 3345 πνεύματι,
2879 3275 3040 3344 ὁμοία
3071 3275 3283 3337 πάντως
3317 3276 3383 3327 ἐκ
3421 3272 3530 3326 τῶν
3557 3274 3759 3344 ὁμοίων

2179 3372 2212 3439 ἠ
2249 3368 2503 3438 δύναμις’
2539 3368 2632 3419 καὶ
2672 3367 2803 3435 ὅσην
2828 3367 2855 3418 6
2882 3365 3165 3436 ἡμέτερος,
3182 3364 3448 3433 τοσαύτην
3473 3363 3567 3416 καὶ
3604 3367 3633 3417 6
3668 3361 3757 3416 τοῦ

2187 3460 2323 3513 Θεοῦ
2350 3460 2520 3529 Λόγος
2559 3458 2657 3528 τὴν
2703 3458 2856 3527 ἰσχὺν
2898 3457 3031 3528 ἔχει.
3072 3456 3230 3509 Ἀλλά
3276 3456 3382 3527 μὴν
3423 3455 3762 3526 ἀνενέργητά

2180 3569 2239 3605 τε
2288 3552 2379 3604 καὶ
2407 3550 2753 3604 ἀνυπόστατα
2795 3547 2863 3601 τά
2897 3551 3009 3611 τοῖς
3041 3548 3246 3619 ῥήμασι
3281 3545 3762 3616 συνδιεξερχόμενα

2182 3641 2485 3712 πνεύματα.
2512 3641 2797 3710 Ἀπρακτα
2817 3639 3032 3701 πάντως
3055 3638 3148 3690 καὶ
3168 3636 3517 3690 ἀνυπόστατα
3533 3637 3763 3690 κάκεῖνα

2183 3730 2699 3795 κατασκευάζουσιν,
2749 3732 2796 3782 οἱ
2829 3728 2963 3800 πρὸς
2997 3728 3095 3799 τὴν
3144 3728 3434 3797 ὁμοιότητα
3485 3725 3582 3780 τοῦ
3638 3726 3763 3798 παρ’

2186 3827 2317 3896 ἡμῖν
2344 3824 2501 3890 λόγου
2534 3821 2595 3873 τὸ
2639 3820 2778 3874 θεῖον
2813 3820 3165 3887 κατάγοντες.
3188 3819 3250 3871 Εί
3276 3817 3354 3880 δὲ,
3385 3816 3565 3879 καθὼς
3620 3818 3765 3886 λέγει

2188 3914 2367 3979 Δαὸὶδ,
2396 3911 2801 3981 ἐστερεώθησαν
2834 3910 2911 3979 τῷ
2945 3910 3103 3979 Λόγῳ
3157 3908 3250 3961 τοῦ
3285 3907 3488 3977 Κυρίου
3522 3909 3571 3959 oi
3607 3910 3767 3979 ούρα-

2186 4005 2289 4070 νοῖ,
2318 4004 2412 4057 καὶ
2439 4003 2493 4055 αἱ
2529 4002 2783 4070 δυνάμεις
2806 4000 2983 4052 αὐτῶν
3006 4001 3062 4051 ὲν
3095 3997 3171 4068 τῷ
3193 3997 3468 4067 Πνεύματι
3500 3996 3603 4049 τοῦ
3635 3996 3767 4051 Θεοῦ

2184 4095 2284 4165 τὴν
2314 4093 2568 4153 σύστασιν
2608 4090 2762 4161 ἔσχον
2782 4108 2794 4120 ’
2813 4091 2924 4161 ἄρα
2961 4091 3253 4159 συνέστηκε
3292 4088 3350 4140 τὸ
3375 4088 3473 4158 τῆς
3501 4087 3769 4160 ἀληθείας

2190 4186 2508 4257 μυστήριον,
2534 4182 2703 4249 Λόγον
2735 4183 2792 4234 ὲν
2817 4178 2993 4252 ούσίᾳ,
3018 4180 3113 4234 καὶ⁵
3138 4179 3363 4233 Πνεῦιια
3380 4178 3439 4232 ὲν
3467 4179 3771 4235 ὑποστάσει

2188 4275 2365 4343 λέγειν
2397 4271 2787 4343 ὑφηγούμενον.

2785 4362 3032 4417 ΚΕΦΑΛ.
3080 4361 3156 4415 E’.

2274 4455 2432 4509 Ἀλλά
2456 4455 2516 4508 τὸ
2556 4453 2655 4523 μὲν
2674 4448 2811 4506 εἶναι
2841 4453 3012 4521 Λόγον
3035 4450 3169 4507 Θεοῦ
3201 4452 3295 4508 καὶ⁵
3316 4452 3563 4523 Πνεῦμα,
3588 4453 3683 4508 διά
3710 4468 3769 4505 τε

2185 4545 2295 4601 τῶν
2329 4542 2522 4597 κοινῶν
2555 4542 2770 4596 ἐννοιῶν
2792 4544 2821 4594 ὁ
2844 4541 3060 4612 Ἕλλην,
3091 4544 3185 4595 καὶ
3209 4541 3298 4595 διὰ
3320 4541 3428 4594 τῶν
3466 4541 3505 4592 Γ
3515 4539 3769 4611 ραφικῶν

2186 4639 2216 4690 6
2258 4636 2526 4697 Ἰουδαῖος,
2558 4634 2686 4696 ἴσως
2710 4634 2807 4686 οῦκ
2825 4632 3116 4698 ἀντιλέξει·
3147 4629 3245 4704 τὴν
3279 4632 3336 4687 δὲ
3368 4632 3508 4685 κατὰ
3538 4633 3637 4686 τὸν
3679 4633 3769 4687 ἄν·

2189 4727 2404 4799 θρωπον
2447 4725 2755 4794 οἰκονομίαν
2787 4723 2883 4775 τοῦ
2932 4723 3064 4777 Θεοῦ
3112 4724 3307 4792 Λόγου,
3356 4722 3496 4777 κατὰ
3540 4723 3605 4775 τὸ
3654 4718 3769 4776 ἴσον

2189 4819 2447 4889 ἑκάτερος
2490 4815 2666 4871 αὐτῶν
2711 4815 3125 4886 ἀποδοκιμάσει,
3163 4816 3238 4880 ὡς
3290 4814 3553 4869 ἀπίθανόν
3582 4833 3649 4868 τε
3678 4814 3773 4868 καὶ

2187 4910 2409 4980 ἀπρεπῆ
2432 4911 2559 4979 περὶ
2585 4907 2717 4961 Θεοῦ
2739 4908 3007 4976 λέγεσθαι.
3032 4907 3238 4962 Οὐκοῦν
3264 4907 3321 4974 ἐξ
3350 4907 3542 4976 ἑτέρας
3567 4908 3769 4979 ἀρχῆς.

2188 5001 2281 5056 καὶ
2333 5002 2412 5063 εἰς
2452 5000 2551 5068 τὴν
2596 4998 2725 5069 περὶ
2766 4998 2957 5052 τούτου
2993 4997 3174 5051 πίστιν
3208 4998 3333 5060 τοὺς
3383 4995 3773 5064 ἀντιλέγοντας

2188 5092 2588 5165 προσαξόμεθα.
2612 5092 2769 5161 Λόγῳ
2800 5092 2867 5145 τὰ
2896 5090 3072 5144 πάντα
3110 5090 3434 5160 γεγενῆσθαι
3467 5091 3566 5143 καὶ
3609 5091 3776 5161 σοφίᾳ

2190 5187 2339 5258 παρά
2359 5184 2452 5238 τοῦ
2485 5185 2548 5237 τὸ
2600 5185 2706 5237 πᾶν
2747 5183 3153 5255 συστησαμένου
3192 5181 3572 5243 πιστεύουσιν,
3597 5185 3633 5253 ἣ
3682 5181 3777 5235 καὶ⁵

2192 5278 2326 5347 πρὸς
2354 5275 2553 5346 ταύτην
2582 5273 2881 5337 δυσπειθῶς
2920 5275 3100 5344 ἔχουσι
3142 5275 3241 5344 τὴν
3268 5272 3576 5343 omnem
3630 5270 3777 5328 Ἀλλ’

2191 5372 2239 5423 εἰ
2279 5369 2355 5439 μὴ
2400 5367 2538 5421 δοῖεν
2571 5366 2742 5434 Λόγον
2772 5366 3128 5437 καθηγεῖσθαι
3172 5364 3265 5419 καὶ
3296 5365 3486 5434 σοφίαν
3517 5366 3627 5429 τῆς
3664 5362 3780 5417 τῶν

2189 5462 2357 5516 ὄντων
2390 5458 2713 5521 συστάσεως,
2766 5458 2988 5527 ἀλογίαν
3023 5475 3080 5512 τε
3109 5458 3203 5512 καὶ
3238 5456 3485 5529 ἀτεχνίαν
3510 5456 3580 5526 τῇ
3627 5457 3777 5527 ἀρχῇ
