4006 6148
329 294 402 350 Ἃ
1542 302 1798 359 ORATIO
1834 302 2335 363 CATECIIETICA.
3511 302 3581 358 ἓξ).

331 412 429 468 τλῦ
472 414 672 478 παντὸς
710 416 1111 488 ἐπιστήσουσιν.
1150 420 1211 472 Εἰ
1232 418 1289 473 δὲ
1317 419 1476 474 τοῦτο
1508 421 1708 475 ἄτοπόν
1738 438 1799 474 τε
1822 420 1908 474 καὶ

2017 419 2186 475 tionis
2207 461 2221 487 ,
2273 424 2518 473 statuent
2548 415 2778 470 rationis
2810 422 2864 470 ct
2909 414 3042 469 artis
3086 418 3383 483 egestatem
3418 410 3589 467 fuisse

332 506 550 572 ἀσεϐὲς,
581 508 921 579 ὁμολογεῖται
950 511 1166 576 πάντως
1200 514 1281 565 ὅτι
1316 512 1493 580 Λόγον
1518 529 1578 565 τε
1597 513 1693 565 καὶ
1722 512 1913 581 σοφίαν

330 598 689 669 ἡγεμονεύειν
730 599 839 653 τῶν
874 599 1042 655 ὅντων
1093 602 1538 675 ὁμολογήσουσιν.
1592 601 1753 657 Ἄλλά
1809 602 1915 675 μὴν

330 693 391 744 ἐν
417 693 532 753 τοῖς
555 691 825 758 φθάσασιν
854 692 1245 756 ἀποδέδεικται,
1287 694 1360 766 μὴ
1390 695 1520 749 αὑτὸ
1560 693 1716 748 τοῦτο
1763 695 1915 765 ῥῆμα

328 779 407 833 ῶν
427 783 457 833 6
484 780 581 833 τοῦ
615 780 748 834 Θεοῦ
767 782 1004 856 Λόγος,ἦ
1029 785 1087 851 ἐξ
1112 786 1419 857 ἐπιστήμης
1456 784 1599 850 τινὸς
1627 785 1660 857 ἢ
1682 786 1873 855 σοφίας
1894 802 1909 817 ·

326 871 468 925 ἀλλὰ
500 872 623 925 κατ’
651 873 839 927 οὐσίαν
856 892 939 938 τις
972 876 1257 945 ὑφεστῶσα
1286 877 1531 949 δύναμις,
1559 868 1911 949 προαιρετική

325 979 388 1014 τε
420 964 625 1026 παντὸς
654 963 878 1032 ἀγαθοῦ,
899 967 992 1019 καὶ
1013 969 1071 1020 ἐν
1097 968 1240 1038 ἰσχύϊ
1265 971 1370 1024 πᾶν
1400 970 1459 1023 τὸ
1492 970 1631 1023 κατά
1656 970 1913 1041 προαίρε-

327 1070 417 1105 σιν
448 1052 673 1123 ἔχουσα.
734 1055 963 1125 Ἀγαθοῦ
996 1057 1051 1110 δὲ
1102 1058 1251 1123 ὄντος
1274 1059 1367 1113 τοῦ
1410 1060 1640 1131 κόσμου,
1681 1061 1779 1132 τήν
1804 1060 1912 1115 τῶν

326 1145 556 1215 ἀγαθῶν
601 1148 834 1220 ὀρεκτήν
883 1167 942 1202 τε
988 1151 1081 1204 καί¹
1138 1153 1424 1222 ποιητικὴν
1456 1152 1686 1224 δύναμιν
1734 1154 1911 1207 αἰτίαν

329 1233 491 1291 εἶναι.
527 1239 589 1291 Εἰ
622 1240 680 1292 δέ
712 1240 806 1293 τοῦ
838 1242 1040 1312 κόσμου
1075 1245 1273 1307 παντὸς
1303 1246 1337 1315 ή
1369 1245 1670 1310 ὑπόστασις
1696 1246 1793 1317 τῆς
1815 1246 1911 1299 τοῦ

327 1332 506 1400 Λόγου
546 1332 829 1403 δυνάμεως
871 1334 1132 1405 ἐξῆπται,
1169 1336 1351 1400 καθὼς
1381 1339 1413 1408 ἡ
1454 1338 1741 1393 ἀκολουθία
1773 1357 1913 1411 παρ-

330 1423 561 1487 ἔδειξενο
581 1424 796 1496 ἀνάγκη
829 1428 1104 1481 πᾶσακαὶ
1137 1428 1244 1481 τῶν
1264 1429 1357 1483 τοῦ
1387 1430 1588 1501 κόσμου
1624 1431 1805 1502 μερῶν
1837 1432 1911 1503 μή

328 1512 501 1582 ἄλλην
531 1515 764 1567 ἐπινοεῖν
795 1517 974 1572 αἰτίαν
1027 1519 1149 1573 τινά
1198 1522 1298 1590 τῆς
1350 1524 1678 1587 συστάσεως,
1708 1524 1825 1577 ἀλλ’
1874 1525 1907 1595 ἢ

325 1605 421 1659 τὸν
446 1607 621 1675 Λόγον
644 1608 827 1673 αὑτὸν,
857 1609 925 1662 δι’
949 1605 1010 1666 οὗ
1038 1613 1107 1664 τά
1135 1612 1310 1667 πάντα
1337 1614 1434 1685 τὴν
1474 1616 1554 1679 είς
1575 1616 1637 1668 τὸ
1661 1615 1909 1684 γενέσθαι

314 1696 565 1767 ,πάροδον
594 1698 737 1769 ἔσχε.
774 1700 944 1755 Τοῦτο
973 1702 1029 1755 δὲ
1062 1702 1170 1756 εἴτε
1204 1705 1394 1773 Λόγον,
1423 1705 1532 1757 είτε
1563 1706 1773 1775 σοφίαν,
1798 1706 1908 1759 εἴτε

2016 510 2073 564 in
2120 509 2389 580 principio
2436 508 2830 563 universitatis.
2882 507 2978 560 Sin
3009 515 3191 560 autem
3234 505 3340 558 hoc
3365 514 3587 559 constat

2015 616 2138 656 esse
2168 602 2326 672 plane
2355 598 2656 656 absurdum
2708 606 2765 652 ct
2813 598 3079 669 impium,
3116 595 3353 652 Verbum
3383 604 3439 652 et
3494 613 3585 652 sa-

2016 692 2278 763 pientiam
2314 706 2495 746 rerum
2547 689 2864 745 fatebuntur
2910 704 3034 745 esse
3079 689 3297 743 ducem.
3335 686 3497 757 Atqui
3532 688 3585 740 in

2015 784 2084 840 iis
2125 800 2245 853 quae
2283 784 2434 853 prius
2490 783 2635 837 dicta
2686 788 2836 844 sunt,
2880 788 3163 836 ostensum
3197 788 3282 835 est
3322 779 3417 834 Dei
3454 778 3576 834 Ver-

2014 876 2142 932 bum
2193 892 2303 932 non
2352 891 2475 932 esse
2523 876 2696 945 ipsam
2749 873 3075 938 dictionem,
3121 882 3216 927 aut
3259 889 3324 927 ex
3355 872 3585 928 scicntia

2015 970 2197 1039 aliqua
2248 976 2343 1022 aut
2392 968 2661 1038 sapientia
2710 967 3180 1038 proﬁciscentem,
3239 966 3357 1022 sed
3387 983 3584 1036 quam-

2014 1059 2137 1113 dam
2185 1075 2306 1130 qua:
2353 1075 2450 1129 per
2504 1059 2795 1114 essentiam
2846 1057 3100 1112 consistit
3152 1058 3427 1122 virtutem,
3467 1073 3585 1127 qu:e

2012 1159 2067 1206 et
2113 1167 2273 1205 omne
2323 1136 2523 1205 bonum
2569 1150 2738 1221 eligit,
2773 1159 2827 1203 et
2860 1150 2914 1203 in
2960 1157 3227 1219 potestate
3281 1165 3379 1203 sua
3418 1150 3580 1204 situm

2013 1242 2176 1299 habet
2232 1242 2500 1312 quidquid
2550 1242 2793 1312 elegerit.
2847 1240 2981 1296 Cum
3041 1249 3223 1295 autem
3283 1241 3463 1296 bonus
3516 1241 3586 1296 sit

2013 1332 2271 1392 mundus.
2305 1332 2426 1400 ejus
2453 1332 2624 1396 illam,
2663 1348 2783 1403 qua:
2818 1342 2903 1387 est
2932 1333 3201 1387 bonorum
3242 1340 3502 1402 appetens
3533 1342 3583 1384 et
3676 1342 3691 1349 ί

2010 1424 2269 1489 eliiriens,
2309 1424 2418 1477 vim
2466 1438 2589 1478 csse
2627 1438 2872 1480 causam.
2911 1422 2966 1477 Si
2997 1434 3199 1486 autem,
3229 1423 3375 1493 quod
3426 1438 3586 1476 mun—

2012 1513 2115 1569 dus
2148 1515 2418 1571 consistat
2447 1518 2761 1578 universus,
2789 1513 2841 1568 id
2872 1514 3068 1584 pendet
3096 1531 3125 1568 a
3166 1515 3366 1569 virtute
3399 1512 3583 1571 Verbi.

2011 1614 2072 1660 ut
2110 1606 2353 1661 ostendit
2394 1605 2810 1676 consequentia,
2852 1605 3076 1660 omnino
3122 1620 3347 1660 necesse
3391 1612 3474 1659 est
3527 1614 3584 1656 ut

2010 1699 2194 1753 mundi
2244 1714 2463 1769 quoque
2493 1699 2730 1769 partium
2763 1698 3061 1753 creationis
3115 1714 3222 1751 non
3270 1696 3431 1750 aliam
3464 1694 3575 1749 cxi-

325 1788 581 1859 δύναμιν,
620 1793 726 1844 εῐτε
761 1791 924 1856 Θεὸν,
955 1794 1063 1845 εἴτε
1094 1794 1221 1849 ἄλλο
1249 1813 1303 1849 τι
1329 1796 1439 1849 τῶν
1480 1796 1699 1868 ὑψηὶῶν
1725 1815 1785 1851 τε
1813 1800 1908 1852 καὶ

2012 1790 2299 1846 stimcmus
2341 1806 2465 1846 esse
2514 1805 2760 1856 causam,
2805 1804 2967 1859 quam
3021 1788 3161 1842 idem
3200 1787 3458 1850 Verbum,
3490 1802 3585 1856 per

331 1881 531 1949 τιμίων
555 1882 837 1951 ὀνομάζειν
868 1900 950 1947 τις
972 1884 1165 1952 ἐθέλοι,
1194 1886 1252 1938 οὐ
1289 1886 1617 1957 διοισόμεθα.
1637 1888 1704 1941 ’Ὀ
1727 1905 1780 1940 τι
1799 1889 1907 1958 γὰρ

332 1971 403 2024 ἂν
446 1974 645 2043 εὑρεθῇ
670 1974 929 2029 δεικτικὸν
961 1976 1055 2029 τοῦ
1087 1978 1447 2050 ὑποκειμένου
1482 1980 1681 2052 ρἦαῆ
1717 1980 1904 2050 ὄνομα,

328 2061 393 2114 ἓν
426 2063 546 2115 ἐστι
578 2062 637 2115 τὸ
662 2064 745 2117 διὰ
793 2066 899 2119 τῶν
947 2068 1139 2136 φωνῶν
1198 2071 1595 2141 σημαινόμενον
1619 2111 1634 2134 ,
1661 2073 1693 2140 ἡ
1740 2072 1909 2135 ἀΐδιος

327 2148 426 2201 τοῦ
456 2149 593 2203 Θεοῦ
625 2152 919 2226 δύναμις,ή
951 2159 1207 2228 ποιητικὴ
1235 2160 1340 2212 τῶν
1372 2160 1563 2225 ὄντων,
1583 2162 1624 2232 .ή
1651 2161 1904 2233 εὑρετικὴ

327 2241 438 2293 τῶν
475 2244 549 2311 μὴ
578 2243 767 2307 όντων,
793 2248 826 2316 ή
873 2249 1164 2320 συνεκτικὴ
1212 2249 1321 2303 τῶν
1365 2252 1743 2323 γεγονότων,ή
1776 2269 1909 2324 προ-

327 2334 555 2405 ορατικὴ
582 2334 691 2387 τῶν
715 2338 1032 2407 μελλόντων.
1056 2336 1224 2405 Οὗτος
1247 2343 1426 2397 τοίνυν
1444 2346 1471 2396 6
1495 2345 1645 2408 Θεὸς,
1665 2346 1694 2398 6
1714 2344 1904 2412 Λόγος,

326 2427 360 2493 ὴ
392 2425 587 2493 σῡφία.
618 2429 652 2497 ἡ
695 2428 953 2500 δύναμις,
989 2432 1281 2505 ἀπεδείχθη
1327 2434 1465 2488 κατά
1512 2435 1574 2488 τὸ
1617 2434 1907 2489 ἀκόλουθον

330 2515 429 2583 τῆς
479 2515 829 2588 ἀνθρωπίνης
869 2520 1084 2588 φύσεως
1137 2524 1385 2595 ποιητής,
1422 2526 1523 2578 οὐκ
1563 2526 1779 2599 ἀνάγκῃ
1801 2525 1909 2577 τινὶ

328 2604 466 2673 1:96;
494 2605 596 2675 τὴν
629 2606 726 2659 τοῦ
774 2607 1059 2679 ἀνθρώπου
1094 2612 1441 2683 κατασκευὴν
1480 2614 1746 2684 ἐναχθεὶς,
1793 2615 1907 2668 ἀλλ’

326 2694 548 2764 ἀγάπης
579 2697 870 2769 περιουσίᾳ
909 2699 1002 2751 τοῦ
1037 2702 1277 2755 τοιούτου
1321 2702 1459 2767 ζὼου
1497 2705 1909 2776 δημιουργήσας

324 2787 423 2857 τὴν
459 2788 698 2855 γένεσιν.
740 2791 890 2843 Ἔδει
930 2792 1036 2862 γὰρ
1082 2794 1217 2864 μήτε
1247 2794 1308 2847 τὸ
1337 2795 1451 2865 φῶς
1492 2796 1736 2863 ἀθέατον,
1773 2800 1908 2869 μήτε

323 2881 422 2949 τὴν
442 2880 607 2945 δόξαν
630 2880 966 2952 ἀμάρτυρον,
997 2885 1131 2954 μήτε
1148 2886 1552 2941 ἀναπόλαυστον
1576 2890 1737 2943 αὐτοῦ
1769 2886 1907 2944 εἶναι

324 2974 424 3042 τὴν
458 2972 800 3051 ἀγαθότητα,
839 2974 976 3043 μήτε
1006 2974 1072 3027 τά
1124 2976 1258 3028 ἀλλα
1303 2978 1482 3032 πάντα
1520 2981 1619 3033 ὅσα
1654 2983 1781 3054 περὶ
1810 2982 1909 3054 τὴν

324 3066 478 3119 θείαν
508 3066 810 3137 καθορᾶται
841 3067 1025 3135 φύσιν,
1069 3069 1216 3139 ἀργά
1254 3070 1488 3133 κεῖσθαι,
1530 3072 1604 3143 μὴ
1633 3073 1783 3138 ὗντος
1811 3075 1907 3129 τοῦ

329 3155 650 3225 μετέχοντός
680 3162 739 3208 τε
770 3157 863 3208 καὶ
882 3156 1342 3222 ἀπολαύοντος.Εἰ
1365 3160 1542 3213 τοίνυν
1576 3161 1668 3215 ἐπὶ
1699 3163 1907 3230 τούτοις

325 3250 356 3300 6
387 3246 673 3317 ἄνθρωπος
715 3247 795 3308 εἰς
824 3246 1037 3314 γένεσιν
1092 3247 1344 3320 ἔρχεται,
1377 3251 1463 3320 ἐφ’
1575 3270 1633 3305 τε
1682 3255 1909 3326 μέτοχος

324 3337 435 3391 τῶν
490 3335 652 3388 θείων
713 3336 933 3404 ἀγαθῶν
990 3338 1265 3405 γενέσθαι,
1312 3341 1626 3410 ἀναγκαίως
1668 3343 1906 3409 τοιοῦτος

325 3423 814 3487 κατασκευάζεται,
855 3425 929 3488 ὡς
972 3427 1289 3498 ἐπιτηδείως
1335 3430 1472 3500 πρὸς
1510 3431 1607 3501 τὴν
1639 3433 1745 3487 τῶν
1773 3435 1911 3502 ἀγα-

330 3516 441 3569 θῶν
476 3513 762 3587 μετουσίαν
804 3514 965 3584 ἐχειν.
1014 3515 1281 3587 Καθάπερ
1313 3519 1422 3590 γάρ
1456 3522 1485 3573 6
1516 3522 1792 3591 ὀφθαλμὸς
1823 3522 1910 3575 διὰ

326 3607 426 3676 τῆς
453 3605 776 3676 ἐγκειμένης
803 3604 954 3676 αὑτῷ
972 3606 1213 3675 φυσικῶς
1237 3608 1415 3679 αὐγῆς
1437 3612 1494 3663 ἐν
1524 3611 1777 3682 κοινωνίᾳ
1811 3610 1907 3664 τοῦ

326 3697 507 3766 φωτὸς
520 3695 844 3765 γίνεται,ἆά
866 3697 964 3765 τῆς
985 3696 1228 3765 ἐμφύτου
1253 3696 1535 3768 δυνάμεως
1565 3699 1626 3751 τὸ
1652 3700 1910 3768 συγγενὲς

326 3789 689 3859 ἐφελκόμενος
716 3801 731 3816 ⁸
752 3787 924 3851 οὕτως
973 3789 1267 3857 ἀναγκαῖον
1296 3784 1365 3859 ἧν
1394 3789 1731 3859 ἐγκραθῆναί
1761 3808 1813 3843 τι
1840 3794 1906 3862 τῇ

326 3880 647 3952 ἀνθρωπίνῃ
676 3879 833 3948 φύσει
859 3882 1115 3949 συγγενὲς
1148 3881 1284 3950 πρὸς
1315 3882 1378 3934 τὸ
1418 3882 1590 3948 Θεῖον,
1623 3884 1697 3947 ὡς
1718 3883 1785 3938 ἂν
1822 3885 1909 3940 διὰ

324 3972 422 4026 τοῦ
463 3972 795 4042 καταλλήλω
820 3973 955 4043 πρὸς
981 3972 1043 4024 τὺ
1068 3973 1266 4025 οἰκεῖον
1294 3971 1391 4043 τὴν
1436 3972 1620 4041 ἔφεσιν
1650 3974 1778 4044 ἔχοι.
1798 3978 1909 4030 Καὶ

328 4065 439 4135 γὰρ
461 4065 553 4116 καὶ
578 4064 636 4115 ἐν
666 4065 731 4133 τῇ
758 4061 866 4114 τῶν
897 4062 1104 4130 ἀλόγων
1134 4060 1316 4130 φύσει,
1338 4063 1437 4114 ὅσα
1460 4061 1551 4115 τὸν
1582 4062 1797 4133 ἔνυδρον
1817 4065 1908 4118 καὶ

327 4155 571 4226 ἐναέριον
599 4154 755 4224 ἔλαχε
778 4153 908 4223 βίον,
932 4152 1279 4223 καταλλήλως
1297 4152 1525 4206 ἕκαστον
1546 4153 1625 4225 τῷ
1645 4154 1747 4224 τῆς
1764 4154 1909 4226 ζωῆς

326 4247 462 4299 εἴδει
495 4244 928 4315 κατεσκευάσθη,
958 4245 1033 4307 ὡς
1069 4246 1265 4298 οἰκεῖον
1291 4246 1551 4316 ἐκατέρου
1583 4246 1676 4299 καὶ
1700 4248 1907 4316 ὁμόφυ-

322 4340 439 4402 λον,
464 4337 552 4416 διὰ
576 4338 677 4408 τῆς
702 4340 862 4401 ποιᾶς
900 4337 995 4390 τοῦ
1026 4336 1277 4407 σώματος
1307 4338 1669 4402 διαπλάσεως,
1700 4338 1779 4409 τῷ
1807 4339 1908 4410 μὲν

2009 1884 2153 1955 quod
2202 1884 2513 1938 habuerunt
2552 1883 2733 1937 omnia
2785 1897 3069 1936 accessum
3116 1889 3174 1934 ut
3217 1880 3428 1935 tierent.
3473 1877 3583 1931 Hoc

2010 1985 2191 2031 autem
2240 1974 2555 2030 Verbumne
2600 1990 2669 2028 an
2729 1976 3019 2035 rationem,
3064 1987 3131 2027 an
3189 1972 3466 2033 virtutem,
3516 1983 3582 2022 an

2009 2065 2200 2127 Deum,
2236 2081 2304 2119 an
2337 2064 2558 2134 aliquod
2587 2063 2733 2117 aliud
2764 2078 2829 2115 ex
2859 2061 3186 2116 sublimibus
3226 2067 3279 2113 et
3304 2058 3586 2129 praeclaris

2008 2155 2321 2210 nominibus
2370 2156 2505 2209 velis
2561 2154 2867 2216 nominare,
2923 2152 3145 2205 minime
3190 2151 3582 2204 laborabimus.

2009 2246 2384 2317 Quodcunque
2414 2247 2558 2301 enim
2598 2246 2877 2299 inventum
2910 2243 3073 2298 fuerit
3100 2243 3326 2298 verbum
3368 2250 3461 2296 aut
3490 2259 3585 2296 no-

2008 2352 2151 2401 men,
2190 2336 2336 2406 quod
2376 2336 2714 2390 demonstrat
2743 2335 3074 2403 subjectum,
3109 2349 3277 2387 unum
3322 2340 3406 2387 est
3438 2334 3581 2403 quod

2010 2426 2348 2497 signiﬁcatur
2383 2441 2479 2496 per
2506 2442 2690 2489 voces,
2735 2440 2930 2495 nempe
2964 2424 3297 2497 sempiterna
3342 2423 3434 2478 Dei
3473 2425 3581 2478 vir-

2010 2527 2120 2583 tus,
2156 2532 2334 2571 rerum
2367 2515 2637 2581 effectrix,
2665 2530 2855 2569 eorum
2898 2504 3019 2584 quai
3052 2530 3159 2567 non
3199 2520 3354 2567 erant
3396 2513 3585 2566 inve-nu

2010 2610 2138 2671 trix,
2192 2623 2313 2678 qua:
2363 2606 2606 2661 continet
2654 2621 2775 2675 qua:
2817 2606 2959 2659 facta
3008 2613 3158 2667 sunt,
3212 2611 3267 2657 et
3318 2602 3583 2672 praevidet

2010 2700 2211 2754 futura.
2266 2698 2422 2753 liunc
2472 2712 2604 2768 ergo
2632 2696 2822 2759 Deum,
2864 2694 3127 2761 Verbum,
3164 2695 3451 2758 rationem,
3491 2710 3580 2749 sa-

2008 2792 2291 2861 pientiam,
2324 2792 2608 2853 virtutem,
2657 2797 2940 2843 ostensum
2973 2793 3151 2842 estex
3193 2786 3581 2855 consequentia
3658 2838 3665 2843 _

2007 2884 2315 2939 effectorem
2366 2897 2487 2937 esse
2529 2881 2783 2935 humanae
2823 2887 3056 2942 naturae,
3095 2895 3202 2933 non
3256 2878 3437 2949 aliqua
3490 2893 3584 2931 ne—

2008 2976 2279 3031 cessitate.
2310 2974 2596 3028 inductum
2656 2974 2722 3025 ad
2775 2971 3069 3026 creandum
3118 2971 3428 3033 hominem,
3489 2970 3580 3024 sed

2009 3047 2207 3120 eximia
2246 3072 2300 3120 et
2337 3065 2533 3136 insigni
2580 3065 2846 3120 charitate
2895 3062 3062 3132 hujus
3101 3061 3356 3115 animalis
3399 3067 3580 3113 ortum

2009 3173 2133 3212 esse
2169 3157 2612 3210 architectatum.
2661 3154 2960 3224 Oportebat
2989 3154 3134 3209 enim
3186 3168 3363 3221 neque
3400 3144 3583 3205 lucem

2008 3262 2129 3301 esse
2154 3261 2258 3299 non
2295 3246 2704 3315 aspectabilem,
2731 3259 2910 3313 neque
2948 3243 3176 3313 gloriam
3211 3257 3398 3296 carere
3429 3242 3586 3295 testi-

2008 3339 2133 3403 bus,
2170 3352 2348 3407 neque
2386 3352 2450 3391 eo
2491 3334 2671 3391 redire
2710 3335 2831 3405 ejus
2862 3334 3183 3399 bonitatem,
3218 3339 3279 3385 ut
3319 3348 3480 3387 nemo
3521 3346 3582 3388 ea

2009 3430 2280 3485 frueretur
2318 3449 2330 3483 :
2364 3444 2540 3500 neque
2586 3429 2691 3483 alia
2727 3428 2933 3491 omnia,
2961 3442 3081 3497 quae
3131 3427 3185 3479 in
3220 3426 3398 3480 divina
3449 3440 3583 3479 con--

2008 3524 2316 3593 spiciuntur
2352 3530 2571 3587 natura,
2618 3521 2803 3591 jacere
2859 3521 3057 3583 otiosa,
3113 3534 3236 3573 cum
3288 3533 3395 3572 non
3436 3524 3584 3573 esset

2010 3616 2102 3685 qui
2154 3617 2345 3670 eorum
2405 3623 2552 3669 esset
2600 3614 2895 3685 particeps,
2945 3612 3121 3681 iisque
3171 3610 3466 3665 frueretur.
3523 3608 3591 3663 Si,

2008 3722 2138 3778 ergo
2168 3706 2328 3760 homo
2355 3705 2478 3761 ideo
2519 3705 2810 3760 deducitur
2848 3706 2912 3758 ad
2945 3703 3369 3775 generationem,
3416 3708 3475 3755 ut
3504 3702 3595 3754 di-v

2008 3798 2261 3851 vinorum
2315 3796 2581 3850 bonorum
2628 3784 2721 3850 ﬁat
2758 3796 3049 3867 particeps,
3098 3795 3409 3850 necessario
3454 3809 3584 3848 con-

2009 3888 2157 3942 ditur
2199 3887 2491 3957 ejusmodi,
2529 3896 2589 3951 ut
2641 3889 2713 3943 sit
2759 3896 2919 3958 aptus
2961 3887 3027 3942 ad
3077 3902 3267 3942 eorum
3314 3887 3592 3941 bonorum

2010 3978 2501 4048 participationem.
2550 3977 2831 4044 Quomodo
2871 3978 3014 4033 enim
3063 3978 3254 4032 oculus
3290 3993 3385 4047 per
3428 3987 3583 4031 natu—

2008 4071 2198 4127 raliter
2244 4071 2469 4126 insitum
2504 4070 2554 4125 ei
2602 4070 2944 4141 splendorem
2994 4070 3133 4125 lucis
3178 4070 3234 4123 lit
3284 4070 3579 4139 particeps.

2010 4179 2106 4234 per
2132 4164 2237 4216 vim
2272 4163 2320 4218 ei
2366 4162 2596 4216 inditam
2631 4160 2776 4233 quod
2823 4161 2927 4216 sibi
2960 4168 3252 4231 cognatum
3296 4168 3380 4214 est
3417 4167 3583 4212 attra-

2008 4257 2191 4312 hens:
2238 4256 2313 4310 ita
2346 4271 2574 4310 necesse
2611 4260 2727 4310 erat
2769 4261 2828 4307 ut
2866 4254 2924 4307 in
2959 4253 3198 4307 humana
3244 4258 3442 4305 natura
3485 4249 3585 4303 ali-

2010 4349 2139 4420 quid
2175 4349 2598 4412 immisceretur,
2631 4346 2776 4417 quod
2809 4361 2934 4400 cum
2979 4344 3089 4399 Deo
3125 4343 3349 4396 haberet
3382 4354 3583 4411 cogna-

322 4430 417 4482 τὸν
442 4429 597 4499 ἀέρα,
638 4428 717 4499 τῷ
754 4429 811 4481 δέ
848 4428 912 4481 τὸ
941 4427 1089 4499 ὕδωρ
1120 4425 1280 4482 εἶναι.
1318 4428 1506 4493 Οὖτως
1539 4425 1630 4483 οὖν
1679 4431 1773 4483 καὶ
1815 4432 1906 4485 τὸν

2012 4439 2245 4500 tionem,
2295 4444 2353 4490 ut
2385 4444 2607 4506 propter
2640 4433 3081 4490 convenientiam
3120 4438 3400 4485 teneretur
3438 4429 3584 4485 desi-

324 4520 613 4591 ἄνθρωπον
642 4520 735 4572 ἐπὶ
754 4523 820 4590 τῇ
861 4520 968 4573 τῶν
1003 4519 1161 4573 θείων
1193 4519 1411 4588 ἀγαθῶν
1445 4520 1740 4575 ἀπολαύσει
1759 4521 1912 4589 γενό-

327 4629 510 4683 μενον,
543 4612 648 4664 ἔδει
676 4629 727 4664 τι
764 4611 1022 4679 συγγενὲς
1048 4613 1108 4665 ἐν
1138 4614 1205 4682 τῇ
1245 4610 1404 4680 φύσει
1436 4613 1573 4683 πρὸς
1599 4612 1660 4665 τὸ
1685 4613 1910 4683 μετεχό·

329 4721 489 4773 μενον
514 4703 681 4774 ἔχειν.
704 4702 801 4755 Διά
829 4702 986 4756 τοῦτο
1018 4704 1109 4756 καὶ
1134 4706 1267 4775 ζωῇ,
1293 4704 1389 4757 καὶ
1417 4704 1579 4774 λόγῳ,
1596 4704 1689 4756 καί.
1725 4703 1906 4774 σοφίᾳ,

327 4797 421 4850 καὶ
447 4799 579 4849 πᾶσι
596 4798 709 4859 τοῖς
733 4795 1091 4866 θεοπρεπέσιν
1118 4795 1361 4863 ἀγαθοῖς,
1392 4794 1779 4867 κατεκοσμήθη
1801 4794 1911 4860 ,ὡς

324 4888 394 4941 ἂν
426 4888 488 4942 δι’
511 4889 740 4941 ἑκάστου
770 4886 972 4941 τούτων
998 4888 1131 4958 πρὸς
1165 4887 1224 4940 τὸ
1250 4888 1447 4940 οἰκεῖον
1476 4887 1572 4958 τὴν
1608 4888 1905 4957 ἐπιθυμίαν

328 4979 463 5049 ἔχοι.
497 4979 650 5031 Ἐπεὶ
670 4974 762 5032 οὖν
788 4978 847 5031 ἓν
883 4977 991 5031 τῶν
1026 4978 1153 5050 περὶ
1186 4978 1285 5050 τὴν
1315 4976 1464 5031 θείαν
1492 4977 1653 5048 φύσιν
1687 4979 1908 5048 ἀγαθῶν

322 5071 423 5125 καὶ
453 5071 486 5140 ή
514 5071 747 5139 ἀῖδιότης
775 5070 920 5122 ἐστὶν
947 5110 960 5132 ,
992 5069 1096 5123 ἔδει
1138 5071 1354 5134 πάντως
1398 5071 1531 5141 μηδέ
1572 5071 1762 5125 τούτου
1809 5073 1909 5143 τὴν

320 5164 666 5231 κατασκευὴν
696 5159 837 5216 εἶναι
865 5162 964 5232 τῆς
998 5162 1211 5230 φύσεως
1253 5163 1410 5233 ήμῶν
1435 5162 1762 5235 ἀπόκληρον,
1792 5162 1907 5217 ἀλλ’

318 5258 470 5327 ἔχειν
498 5255 557 5309 ἐν
597 5257 759 5327 ἐαυτῇ
790 5254 852 5309 τὸ
889 5254 1154 5308 ἀθάνατον
1174 5294 1189 5320 ,
1225 5255 1299 5318 ὡς
1321 5254 1392 5309 ἂν
1415 5255 1501 5309 διά
1524 5257 1623 5327 τῆς
1654 5256 1909 5327 ἐγκειμέ-

316 5366 415 5419 νης
442 5348 725 5418 δυνάμεως
757 5347 1073 5417 γνωρίζοιτο
1090 5347 1148 5400 τὸ
1170 5346 1578 5419 ὑπερκείμενον,
1599 5350 1691 5400 καὶ
1710 5350 1766 5401 ἐν
1785 5352 1905 5402 ἐπι-

316 5438 489 5510 θυμία
513 5439 616 5510 τῆς
638 5438 790 5500 θείας
806 5436 1106 5508 ἀῖδιότητος
1122 5438 1225 5508 εῐη.
1242 5436 1425 5491 Ταῦτα
1450 5440 1513 5508 τῇ
1540 5437 1905 5510 περιληπτικῇ

318 5534 469 5602 φωνῇ
498 5531 566 5583 δι’
600 5530 722 5592 ἐνὸς
754 5530 995 5599 ῥήματος
1028 5531 1056 5580 ὀ
1084 5530 1181 5599 τῆς
1210 5530 1570 5601 κοσμογονίας
1613 5530 1907 5594 ἐνεδείξατο

316 5621 494 5687 λόγος,
514 5624 637 5676 κατ’
667 5621 853 5675 εἰκόνα
881 5620 1016 5673 Θεοῦ
1051 5621 1140 5674 τὸν
1161 5622 1443 5693 ἄνθρωπον
1472 5622 1799 5693 γεγενῆσθαι
1819 5622 1907 5676 λέ-

318 5726 451 5783 γων.
474 5715 568 5767 Ἐν
597 5713 788 5786 γάρτῇ
816 5710 1074 5783 ὁμοιώσει
1100 5715 1165 5784 τῇ
1196 5716 1334 5767 κατά
1359 5714 1454 5786 τὴν
1477 5715 1661 5769 εἰκόνα
1689 5714 1905 5780 πάντως

2014 4530 2167 4586 derio
2193 4529 2313 4599 ejus
2341 4528 2485 4598 quod
2517 4529 2566 4584 ei
2616 4538 2761 4583 esset
2790 4524 3191 4596 propinquitate
3233 4537 3297 4578 ac
3339 4524 3584 4577 necessi-

2014 4620 2202 4676 tudine
2243 4620 2619 4687 conjunctum.
2672 4615 2806 4670 Nam
2838 4625 2893 4671 et
2939 4617 2992 4670 in
3028 4626 3223 4670 natura
3273 4615 3585 4675 brutorum,

2012 4727 2076 4767 ea
2125 4711 2326 4782 quibus
2369 4710 2564 4780 obtigit
2605 4717 2664 4764 ut
2690 4708 2857 4762 vitam
2902 4707 3101 4779 degant
3139 4709 3192 4762 in
3238 4723 3376 4778 aqua
3429 4716 3483 4762 et
3527 4709 3589 4760 in

2013 4819 2158 4866 aere,
2192 4801 2413 4856 condita
2459 4810 2587 4857 sunt
2621 4801 3049 4872 unumquodque
3095 4811 3460 4870 congruenter
3493 4816 3584 4869 ge~

2011 4895 2128 4951 neri
2156 4894 2283 4949 vitae
2316 4895 2384 4949 ab
2428 4909 2503 4949 eo
2529 4893 2812 4965 degenda},
2864 4899 2925 4947 ut
2962 4908 3057 4961 per
3090 4899 3294 4946 certam
3337 4890 3585 4959 corporis

2010 4984 2377 5047 eﬂ'ectionem,
2420 4984 2576 5038 alteri
2617 4984 2837 5053 quidem
2873 4983 3127 5053 proprius
3168 4993 3221 5036 et
3253 4982 3584 5038 conveniens

2009 5083 2156 5131 esset
2179 5091 2294 5140 aer,
2342 5077 2497 5128 alteri
2534 5090 2664 5129 vero
2714 5089 2853 5144 aqua
2885 5092 2898 5128 :
2936 5075 3009 5127 ita
3049 5088 3178 5144 ergo
3213 5074 3375 5126 etiam
3411 5070 3583 5124 homi-

2009 5184 2133 5223 nem
2165 5176 2343 5223 ortum
2388 5167 2454 5221 ad
2502 5166 2790 5222 fruendum
2834 5166 2991 5220 bonis
3030 5164 3252 5230 divinis,
3300 5161 3583 5234 oportebat

2011 5260 2211 5316 habere
2249 5258 2452 5329 aliquid
2493 5258 2547 5311 in
2599 5267 2793 5311 natura
2838 5262 3127 5325 cognatum
3168 5269 3292 5308 cum
3325 5267 3392 5305 eo
3424 5246 3583 5318 cujus

2009 5359 2159 5407 esset
2201 5351 2501 5420 particeps.
2534 5348 2827 5416 Propterea
2862 5348 2961 5399 fuit
2991 5352 3219 5398 ornatus
3262 5349 3316 5395 et
3358 5340 3487 5405 vita,
3528 5351 3584 5396 et

2009 5445 2241 5507 ratione,
2283 5451 2335 5497 ct
2368 5442 2654 5511 sapientia,
2680 5449 2733 5495 et
2768 5438 3024 5493 omnibus
3054 5436 3229 5493 bonis,
3265 5448 3383 5501 qua:
3411 5430 3580 5486 Deum

2008 5533 2220 5598 decent,
2258 5545 2315 5587 ut
2344 5549 2440 5603 per
2471 5530 2893 5601 unumquodque
2914 5540 3102 5581 eorum
3146 5522 3399 5593 ﬂagraret
3428 5524 3581 5594 cupi-

2007 5626 2176 5682 ditate
2201 5627 2321 5697 ejus
2347 5626 2489 5696 quod
2524 5631 2608 5679 est
2650 5624 2754 5679 sibi
2786 5617 3065 5690 proprium
3097 5631 3161 5670 ac
3203 5615 3574 5684 conjunctum.

2009 5717 2277 5785 Quoniam
2307 5732 2436 5787 ergo
2470 5730 2635 5774 unum
2686 5730 2751 5769 ex
2798 5711 2867 5765 iis
2900 5708 3057 5765 bonis
3087 5725 3206 5781 quzc
3255 5714 3381 5763 sunt
3420 5707 3473 5758 in
3499 5702 3580 5756 di-
