3980 6198
499 269 570 324 25
1693 266 1752 324 S.
1805 263 2130 321 GREGORII
2167 264 2460 321 NYSSENI
3664 255 3738 315 26

498 384 625 436 vina
647 390 864 445 natura,
897 391 980 438 est
1003 383 1162 438 etiam
1189 383 1488 448 azternitas,
1517 383 1803 452 oportebat
1841 381 2066 438 omnino

2169 380 2262 434 ἐπὶ
2300 381 2360 433 τὸ
2390 379 2541 432 Θεῖον
2593 375 3101 449 χαρακτηριζόντων
3144 377 3178 444 ή
3213 373 3610 445 ἀπαρίθμησις,
3644 377 3736 429 καὶ

501 481 703 529 nostra:
729 481 933 527 natura:
953 475 1412 529 constructionem
1435 488 1532 528 nec
1553 471 1717 541 hujus
1735 487 1858 527 esse
1877 485 2067 528 exsor-

499 571 631 627 tem,
665 561 759 616 sed
789 563 844 616 in
875 577 934 616 se
971 562 1169 618 habere
1207 563 1691 626 immortalitatem,
1732 570 1792 614 ut
1824 576 1921 630 per
1956 559 2065 613 vim

498 653 603 708 sibi
633 653 848 707 insitam
879 660 1232 722 cognosceret
1281 652 1330 706 id
1359 653 1502 722 quod
1532 660 1616 706 est
1648 665 1982 721 supremum,
2012 656 2065 703 et

499 751 774 799 teneretur
821 743 1094 800 desiderio
1131 743 1328 798 divinae
1373 742 1716 797 aeternitatis.
1773 740 1898 795 Haec
1933 754 2066 794 voce

498 834 668 888 multa
713 836 1129 904 complectente,
1185 850 1291 889 uno
1343 835 1508 888 verbo
1537 833 1778 888 ostendit
1819 832 1955 886 liber
1997 829 2066 883 de

501 929 685 984 mundi
733 931 961 999 origine,
1014 929 1201 985 dicens
1251 931 1448 985 factum
1498 944 1620 984 esse
1677 926 1948 981 hominem
1992 922 2060 976 ad

502 1025 593 1081 Dei
641 1026 953 1096 imaginem.
995 1026 1050 1078 In
1100 1025 1200 1080 hac
1228 1026 1371 1080 enim
1398 1025 1791 1080 assimilatione
1823 1021 1886 1075 ad
1930 1020 2066 1072 ima-

497 1118 713 1188 ginem,
767 1134 830 1175 ea
868 1135 1094 1190 prorsus
1140 1130 1560 1182 enumerantur,
1596 1111 1717 1189 quae
1765 1115 2063 1172 divinitatis

2162 473 2261 525 ὅσα
2288 471 2414 541 περὶ
2437 469 2640 523 τούτων
2676 465 3086 538 ἱστορικώτερον
3104 466 3133 518 ό
3153 465 3356 535 Μωσῆς
3385 464 3732 537 διεξέρχεται,

2163 564 2222 614 ἐν
2242 561 2544 631 διηγήσεως
2566 559 2695 612 εῖδει
2718 558 2963 627 δόγματα
3005 558 3136 627 ἡμῖν
3163 555 3617 627 παρατιθέμενος,
3639 555 3735 625 τῆς

2161 653 2417 722 τοιαύτης
2469 650 2650 720 ἔχεται
2709 647 3075 710 διδασκαλίας.
3136 647 3194 700 Ὀ
3253 645 3362 718 γὰρ
3413 645 3736 716 παράδεισος

2163 746 2391 807 ἐκεῖνος,
2415 743 2509 795 καὶ
2539 745 2572 812 ή
2596 741 2704 794 τῶν
2751 740 2981 811 καρπῶν
3027 739 3246 810 ἰδιότης,
3281 731 3356 790 ὧν
3386 739 3420 806 ή
3453 737 3653 808 βρῶσις
3677 737 3734 790 ού

2164 835 2400 906 γαστρὸς
2440 832 2773 904 πλησμονὴν,
2798 830 2934 884 ἀλλά
2955 829 3154 899 γνῶσιν
3174 830 3268 882 καὶ
3294 828 3571 897 ἀῖδιότητα
3595 827 3738 898 ζωῆς

2167 928 2278 988 τοῖς
2310 923 2663 993 γευσαμένοις
2707 922 2920 974 δίδωσι·
2960 920 3138 974 πάντα
3177 919 3348 973 ταῦτα
3380 919 3594 990 συνᾴδει
3627 922 3738 982 τοῖς

2172 1015 2702 1088 προτεθεωρημένοις
2742 1012 2869 1084 περὶ
2902 1011 2992 1065 τὸν
3040 1011 3341 1082 ἄνθρωπον
3396 1010 3473 1074 ὡς
3529 1010 3738 1080 ἀγαθῆς

2170 1127 2230 1164 τε
2268 1109 2361 1162 καὶ
2405 1109 2461 1159 ἐν
2492 1104 2713 1175 ἀγαθοῖς
2729 1100 2896 1174 οὔσης
2917 1104 3189 1174 καταρχὰς
3209 1104 3341 1174 ἡμῖν
3371 1104 3470 1173 τῆς
3496 1101 3737 1170 φύσεως.

496 1217 865 1268 characterem
904 1215 1233 1285 exprimunt,
1274 1226 1325 1270 et
1362 1230 1699 1285 quaecmrque
1734 1215 1801 1268 de
1837 1213 1919 1266 his
1948 1209 2126 1264 Moses
2157 1204 2417 1261 historica
2488 1202 2800 1258 narratione
2838 1200 3108 1270 percurrit
3171 1199 3265 1268 (ita
3307 1209 3487 1252 tamen
3550 1208 3610 1251 ut
3673 1212 3736 1252 ea

483 1318 582 1370 pro
599 1303 867 1374 dogmatis
889 1306 1207 1377 habeamus)
1245 1308 1484 1362 eamdem
1506 1308 1806 1360 doctrinam
1829 1303 2094 1358 redolent.
2125 1297 2421 1352 Paradisus
2441 1293 2710 1374 enim‘ille
2731 1291 3112 1360 fructuumque
3133 1290 3456 1360 proprietas,
3505 1302 3735 1358 quorum

495 1413 624 1454 reus
648 1415 756 1453 non
786 1401 994 1455 ventris
1033 1403 1392 1466 saturitatem,
1429 1403 1520 1458 sed
1541 1401 1823 1456 scientiam
1851 1394 2276 1452 etarternitatem
2301 1390 2424 1444 vitae
2451 1387 2795 1458 gustantibus
2817 1385 2984 1440 donat
3009 1403 3024 1438 :
3062 1385 3176 1438 haec
3213 1383 3398 1438 omnia
3430 1390 3738 1452 congruunt

497 1490 567 1545 iis
605 1507 726 1560 qua:
753 1501 880 1547 sunt
917 1492 1067 1561 prius
1097 1493 1438 1547 considerata
1486 1493 1538 1546 in
1585 1493 1805 1546 homine
1834 1511 1847 1544 :
1880 1502 2075 1557 nempe
2102 1482 2246 1554 quod
2290 1481 2348 1535 in
2381 1479 2539 1535 initio
2556 1487 2741 1533 nostra
2773 1484 2917 1532 esset
2945 1477 3086 1530 bona
3127 1485 3181 1530 et
3228 1475 3282 1528 in
3319 1474 3476 1529 bonis
3517 1483 3734 1528 natura.

569 1583 674 1639 Sed
714 1586 781 1640 iis
843 1602 963 1656 quae
1031 1586 1176 1641 dicta
1240 1595 1367 1642 sunt
1432 1587 1571 1642 forte
1625 1585 1947 1656 repugnabit
2010 1583 2058 1637 is

2252 1574 2388 1626 Ἀλλ’
2433 1571 2700 1641 ἀντιλέγει
2730 1570 2891 1640 τυχὸν
2923 1571 3036 1632 τοῖς
3077 1566 3387 1640 εἰρημένοις
3419 1567 3447 1619 ό
3491 1566 3628 1637 πρὸς
3673 1565 3739 1620 τά

2172 1667 2414 1738 παρόντα
2453 1665 2681 1736 βλέπων,
2750 1663 2843 1716 καὶ
2887 1662 3052 1715 οἴεται
3101 1659 3394 1729 διελέγχειν
3435 1657 3524 1711 τὸν
3583 1657 3738 1726 λόγον

495 1682 589 1749 qui
643 1682 711 1736 ad
761 1683 1047 1751 praesentia
1105 1684 1316 1754 aspicit,
1371 1692 1424 1738 et
1479 1683 1757 1738 existimat
1797 1697 1855 1735 se
1905 1694 2064 1750 posse

2171 1759 2271 1811 οὐκ
2322 1757 2673 1828 ἀληθεύοντα,
2724 1755 2801 1824 τῷ
2852 1755 2926 1825 μὴ
2970 1755 3028 1807 ἐν
3092 1751 3320 1813 ἐκείνοις
3365 1749 3482 1817 νῦν,
3529 1749 3644 1804 ἀλλ’
3683 1753 3739 1804 ὲν

494 1778 762 1846 probare,
827 1793 938 1832 non
998 1793 1119 1833 esse
1181 1794 1308 1833 vera
1375 1793 1496 1848 quae
1566 1778 1864 1838 dicuntur,
1920 1773 2064 1842 quod

496 1887 605 1926 non
673 1871 728 1925 in
797 1872 947 1938 illis,
999 1872 1093 1928 sed
1164 1874 1217 1927 in
1288 1874 1542 1928 omnibus
1604 1873 1715 1926 fere
1766 1869 2059 1924 contrariis

492 1982 640 2021 nunc
697 1967 862 2023 homo
916 1979 1190 2024 cernatur.
1252 1969 1354 2024 Ubi
1406 1969 1550 2024 enim
1608 1974 1692 2022 est
1754 1965 1939 2020 formae
1971 1963 2058 2017 di-

491 2065 630 2118 vinae
707 2064 1008 2120 similitudo
1079 2066 1132 2117 in
1208 2065 1434 2117 anima?
1499 2062 1598 2117 Ubi
1673 2058 2057 2129 aegritudinum

495 2161 742 2214 vacuitas
787 2161 842 2213 in
888 2159 1158 2229 corpore?
1225 2158 1328 2214 Ubi
1376 2159 1570 2212 animae
1613 2151 2065 2211 :eternitas?An-

495 2269 605 2308 non
668 2262 753 2308 est
799 2254 959 2308 homo
1021 2254 1202 2310 brevis
1270 2254 1414 2315 vitae,
1474 2253 1750 2323 patibilis,
1799 2250 2060 2310 caducus,

499 2349 650 2404 omni
680 2349 1026 2404 aﬂ‘ectionum
1057 2349 1242 2422 generi
1279 2350 1571 2414 obnoxius,
1608 2355 1662 2403 et
1695 2348 1747 2400 in
1775 2347 1975 2411 anima,
2011 2353 2063 2398 et

495 2447 552 2503 in
583 2449 850 2518 corpore?
881 2448 984 2515 Qui
1020 2448 1131 2502 haec
1155 2447 1288 2503 dicit
1325 2456 1380 2503 et
1415 2461 1535 2517 qua:
1567 2453 1692 2500 sunt
1724 2441 2060 2512 hujusmodi,

495 2552 552 2598 et
573 2554 832 2614 .naturam
870 2545 1192 2611 insectatur,
1240 2542 1573 2598 existimabit
1621 2556 1680 2595 se
1713 2556 1873 2610 posse
1906 2553 2063 2592 ever-

496 2649 613 2697 tere
661 2656 780 2712 qua:
808 2648 937 2694 sunt
981 2639 1181 2694 tradita
1226 2639 1294 2695 de
1342 2637 1575 2692 homine.
1611 2635 1717 2691 Sed
1767 2651 1836 2689 ne
1887 2633 1954 2688 ab
2000 2648 2065 2687 eo

501 2735 648 2806 quod
689 2743 773 2791 est
804 2749 1146 2803 consequens
1193 2741 1246 2789 et
1279 2725 1708 2788 consentaneum
1747 2720 2066 2786 deﬂectatur

502 2833 707 2898 oratio,
762 2832 830 2888 de
887 2831 974 2886 bis
1027 2831 1191 2886 etiam
1245 2829 1432 2899 paucis
1485 2830 1857 2884 tractabimus.
1911 2825 2066 2893 Quod

503 2939 652 2980 nunc
679 2925 790 2981 vita
837 2925 1076 2979 humana
1113 2925 1184 2979 sit
1229 2923 1285 2978 in
1325 2925 1392 2979 iis
1445 2940 1566 2994 quae
1617 2932 1747 2977 sunt
1793 2921 1966 2977 aliena
2013 2929 2068 2975 et

507 3018 734 3073 minime
774 3018 1154 3073 convenientia
1187 3055 1202 3080 ,
1264 3031 1372 3072 non
1429 3016 1564 3071 satis
1612 3025 1696 3069 est
1762 3013 2066 3083 argumenti

498 3109 644 3178 quod
695 3108 858 3163 homo
905 3123 1184 3178 nunquam
1244 3106 1403 3162 fuerit
1454 3106 1509 3161 in
1566 3106 1742 3161 bonis.
1798 3103 2064 3170 Quoniam

2096 1830 2138 1883 Β
2168 1851 2300 1903 πᾶσι
2353 1849 2537 1918 σχεδὸν
2581 1850 2692 1917 τοῖς
2736 1845 3073 1907 ὑπεναντίοις
3119 1842 3345 1912 ὁρᾶσθαι
3391 1841 3481 1894 τὸν
3529 1839 3737 1911 ἄνθρω-

2166 1958 2286 1994 πον.
2333 1939 2443 1993 Ποῦ
2512 1939 2616 2009 γὰρ
2683 1939 2779 2008 τῆς
2837 1936 3014 2006 ψυχῆς
3077 1933 3139 1985 τὸ
3202 1931 3465 1995 θεοειδέςς
3518 1929 3620 1982 ποῦ
3683 1929 3738 1981 δὲ

2164 2035 2198 2102 ή
2239 2031 2472 2084 ἀπάθεια
2515 2029 2608 2082 τοῦ
2647 2027 2928 2097 σώματος;
2981 2023 3089 2078 Ποῦ
3123 2026 3220 2094 τῆς
3266 2021 3413 2090 ζωῆς
3441 2020 3502 2073 τὸ
3537 2020 3736 2082 ἀΐδιονς

2179 2121 2494 2191 Ὠκύμορον,
2527 2117 2797 2188 ἐμπαθὲς,
2821 2116 3100 2185 ἐπίκηρον,
3126 2112 3261 2184 πρὸς
3291 2113 3467 2166 πᾶσαν
3487 2109 3742 2180 παθημά-

2150 2230 2273 2268 .των
2294 2213 2443 2266 ἰδέαν
2466 2209 2606 2265 κατά
2625 2226 2684 2261 τε
2702 2207 2875 2279 ψυχὴν
2899 2207 2994 2259 καὶ
3021 2207 3179 2276 σῶμα
3202 2203 3520 2274 ἐπιτήδειον.
3560 2200 3744 2254 Ταῦτα

2170 2305 2264 2358 καὶ
2315 2303 2383 2356 τά
2413 2301 2633 2356 τοιαῦτα.
2658 2300 2829 2368 λέγων
2881 2298 2973 2352 καὶ
3002 2296 3348 2368 κατατρέχων
3377 2295 3471 2364 τῆς
3501 2293 3741 2361 φύσεως,

2170 2394 2493 2464 ἀνατρέπειν
2517 2393 2607 2446 τὸν
2649 2390 2975 2445 ἀποδοθέντα
3005 2388 3133 2457 περὶ
3159 2387 3250 2440 τοῦ
3274 2385 3555 2457 ἀνθρώπου
3591 2383 3746 2452 λόγον

2169 2486 2428 2556 οἰήσεται.
2463 2483 2600 2536 Ἀλλ’
2627 2482 2701 2545 ὡς
2722 2481 2786 2535 ἂν
2823 2478 3068 2551 μηδαμοῦ
3095 2478 3189 2532 τοῦ
3228 2477 3516 2532 ἀκολούθου
3549 2477 3748 2544 όλόγος

2171 2591 2248 2625 πα
2256 2590 2353 2643 ρατ
2361 2588 2494 2641 ραπε
2503 2571 2551 2641 ίη
2564 2611 2577 2632 ,
2594 2570 2686 2623 καὶ
2699 2587 2765 2621 πε
2775 2569 2826 2638 pl.
2845 2568 3047 2625 τούτων
3069 2569 3124 2621 ἐν
3142 2567 3340 2636 ὀλίγοις
3354 2565 3745 2638 διαληψόμεθα.

2173 2660 2246 2714 Τὸ
2276 2659 2368 2713 νῦν
2402 2661 2458 2712 ἐν
2491 2657 2711 2721 ἀτόποις
2744 2654 2883 2710 εἶναι
2911 2657 3009 2726 τὴν
3054 2654 3397 2726 ἀνθρωπίνην
3437 2653 3604 2726 ζωὴν,
3649 2654 3749 2722 οὐχ

2175 2751 2355 2816 ἱκανός
2383 2755 2526 2804 ἐστιν
2559 2750 2793 2819 ἐλεγχος,
2832 2747 2923 2801 τοῦ
2952 2748 3216 2817 μηδέποτε
3257 2747 3346 2800 τὸν
3372 2745 3659 2816 ἄνθρωπον
3692 2747 3748 2797 ἐν

2173 2841 2395 2909 ἀγαθοῖς
2418 2837 2758 2909 γεγενῆσθαι.
2792 2835 3007 2906 Ἐπειδὴ
3024 2834 3130 2905 γὰρ
3153 2835 3285 2887 Θεοῦ
3307 2834 3465 2906 ἔργον
3488 2835 3516 2886 ὁ
3541 2834 3751 2904 ἀνθρω-

2176 2931 2402 2997 πος,τοῦ
2425 2931 2488 2983 δι’
2502 2926 2879 2999 ἀγαθότητατὸ
2894 2925 3029 2990 ζῶον
3044 2924 3200 2979 τοῦτο
3230 2924 3642 2995 παραγαγόντος
3671 2925 3750 2984 εἰς

2173 3024 2405 3093 γένεσιν,
2436 3023 2535 3075 οὐκ
2559 3020 2622 3074 ἀν
2641 3037 2725 3084 τις
2747 3018 2979 3086 εὐλόγως
3000 3012 3110 3088 οῦὴ
3136 3017 3283 3071 αἰτία
3306 3016 3403 3085 τῆς
3439 3016 3752 3076 συστάσεως

2175 3117 2444 3186 ἀγαθότης
2485 3113 2602 3166 ἐστὶ
2646 3110 3164 3165 καθυποπτεύσειεν.
3209 3107 3346 3160 Ἀλλ’
3381 3107 3566 3176 ἕτερόν
3602 3107 3750 3158 ἐστιν

500 3175 643 3254 enim
687 3200 850 3255 homo
892 3198 984 3254 Dei
1037 3175 1127 3255 est
1162 3214 1320 3268 opus,
1352 3198 1444 3268 qui
1493 3205 1714 3268 prapter
1765 3196 2064 3250 bonitatem

2170 3208 2372 3273 αἴτιον,
2413 3205 2504 3258 τοῦ
2539 3203 2713 3257 ταῦτά
2762 3219 2822 3255 τε
2856 3200 2950 3255 νῦν
2985 3201 3112 3269 περὶ
3146 3201 3290 3270 ἡμᾶς
3324 3194 3481 3261 εἶναι,
3516 3197 3611 3250 καὶ
3643 3195 3756 3250 τῶν

498 3291 602 3346 hoc
649 3290 852 3344 animal
907 3291 1133 3346 deduxit
1181 3290 1244 3344 ad
1297 3299 1500 3352 ortum,
1555 3304 1716 3342 nemo
1759 3287 1884 3354 jure
1920 3301 2065 3348 eum,

499 3380 659 3449 cujus
687 3381 900 3435 bonitas
923 3395 1090 3434 causa
1122 3378 1223 3433 fuit
1269 3390 1327 3433 ut
1357 3377 1703 3440 conderetur,
1739 3377 1885 3429 illius
1917 3374 2067 3429 defe-

394 3525 404 3534 ,
501 3471 701 3526 ctionis
757 3485 978 3526 causam
1028 3485 1149 3525 esse
1206 3469 1590 3539 suspicabitur.
1654 3466 1757 3522 Sed
1826 3466 1932 3519 alia
1984 3472 2069 3520 est

501 3577 670 3617 causa
692 3575 790 3615 cur
818 3568 874 3616 et
912 3561 1026 3614 haec
1062 3560 1218 3615 nobis
1248 3574 1393 3613 nunc
1432 3557 1636 3618 adsint.
1666 3565 1720 3612 et
1759 3557 1956 3612 deserti
1993 3556 2069 3610 si-

502 3671 626 3710 mus
663 3653 732 3710 ab
760 3653 828 3708 iis
859 3667 978 3722 qua:
1013 3659 1140 3708 sunt
1170 3651 1570 3721 praestantiora.
1609 3650 1830 3703 Initium
1885 3656 2066 3702 autem

499 3747 622 3817 ejus
675 3745 822 3815 quod
868 3744 934 3798 ad
991 3744 1092 3798 hoc
1131 3759 1284 3798 nunc
1323 3751 1407 3798 est
1459 3741 1772 3802 dicendum,
1831 3754 1937 3794 non
1983 3747 2068 3794 est

503 3845 771 3892 remotum
821 3828 890 3890 ab
931 3835 1248 3891 assensione
1287 3849 1476 3888 eorum
1522 3833 1615 3903 qui
1659 3831 2062 3886 contradicunt.

504 3926 609 3993 Qui
653 3926 796 3981 enim
846 3927 913 3980 ad
965 3925 1068 3978 hoc
1107 3935 1165 3978 ut
1205 3938 1430 3979 suorum
1488 3923 1752 3976 bonorum
1795 3919 2067 3989 particeps

501 4024 650 4072 esset
693 4015 968 4070 hominem
1017 4014 1165 4078 fecit,
1221 4015 1424 4083 quique
1461 4011 1853 4090 adminiculum
1899 4017 1952 4064 et
1984 4022 2068 4061 oc-

501 4107 778 4164 casionem
809 4106 928 4178 ejus
951 4113 1161 4179 natura:
1186 4103 1403 4168 indidit,
1441 4112 1497 4157 ut
1526 4118 1620 4172 per
1647 4099 2069 4170 unumquodque

501 4198 568 4254 ad
610 4198 792 4254 simile
830 4198 1066 4253 ferretur
1097 4196 1379 4266 appetitio,
1414 4211 1520 4249 non
1558 4192 1853 4264 privaverit
1894 4191 2069 4245 homi-

501 4305 624 4346 nem
664 4303 730 4344 eo
765 4287 912 4359 quod
946 4296 1032 4345 est
1069 4288 1336 4343 bonorum
1377 4285 1802 4356 pulcherrimum
1847 4291 1900 4337 et
1933 4298 2070 4352 pra:-

501 4381 922 4444 stautissimum,
955 4381 1070 4445 illa,
1111 4378 1354 4450 inquam,
1386 4376 1559 4448 gratia
1591 4391 1712 4446 qua:
1744 4375 1798 4428 in
1841 4389 1906 4430 eo
1936 4389 2070 4428 con-

2169 3297 2575 3368 προτιμοτέρων
2607 3294 2981 3366 ἐρημωθῆναι.
3027 3291 3271 3364 Ἀρχὴδέ
3295 3289 3456 3343 πάλιν
3487 3289 3583 3342 καὶ
3617 3289 3756 3360 πρὸς

2167 3390 2351 3444 τοῦτον
2381 3391 2512 3458 ήμῐν
2532 3387 2620 3440 τὸν
2646 3385 2823 3454 λόγον,
2845 3385 2944 3438 οὐκ
2963 3382 3160 3448 ἔξωθεν
3188 3382 3286 3452 τῆς
3307 3379 3417 3433 τῶν
3444 3379 3757 3447 ἀντιλεγόν-

2165 3494 2272 3531 των
2308 3477 2424 3530 ἐστὶ
2458 3475 2929 3545 συγκαταθέσεως.
2981 3474 3040 3525 'O
3080 3471 3190 3544 γὰρ
3220 3470 3312 3522 ἐπὶ
3349 3469 3611 3541 μετουσία
3645 3467 3758 3523 τῶν

2171 3571 2313 3624 ἰδίων
2336 3568 2554 3638 ἀγαθῶν
2582 3569 2811 3638 ποιήσας
2832 3567 2924 3620 τὸν
2951 3564 3046 3619 ἀνθ
3059 3581 3258 3636 ρωπον,
3289 3562 3384 3616 καὶ
3405 3561 3629 3614 πάντων
3657 3562 3758 3613 αύ-

2165 3661 2244 3732 τῷ
2268 3661 2376 3714 τῶν
2401 3659 2580 3714 καλῶν
2607 3658 2705 3722 τάς
2738 3657 2994 3729 ἀφορμὰς
3027 3653 3510 3725 ἐγκατασκευάσας
3537 3655 3606 3724 τῇ
3654 3651 3763 3721 φύ-

2168 3767 2272 3812 σει,
2297 3749 2372 3812 ὡς
2400 3747 2464 3802 ἂν
2481 3747 2791 3801 δι’ἐκάστου
2817 3747 2951 3817 πρὸς
2970 3745 3031 3798 τὸ
3059 3745 3292 3814 ὄμοιονή
3313 3743 3491 3814 ὄρεξις
3511 3743 3759 3814 φέροιτο,

2167 3843 2267 3895 οὐκ
2294 3840 2359 3895 ἂν
2393 3840 2486 3896 τοῦ
2538 3840 2824 3894 καλλίστου
2878 3839 2972 3891 καὶ
3009 3837 3338 3906 τιμιωτάτου
3377 3834 3484 3886 τῶν
3527 3833 3762 3902 ἀγαθῶν

2167 3931 2527 4002 ἀπεστέρησε,
2547 3931 2689 3998 λέγω
2703 3929 2766 3998 δὴ
2787 3930 2885 3998 τῆς
2915 3927 3055 3982 κατά
3083 3928 3142 3979 τὸ
3168 3925 3460 3979 ἀδέσποτον
3491 3926 3588 3977 καὶ
3620 3926 3757 3978 αὐτ·

2167 4020 2407 4086 εξούσιον
2455 4022 2694 4093 χάριτος.
2730 4023 2790 4073 Εἰ
2827 4022 2934 4090 γάρ
2972 4037 3054 4082 τις
3081 4018 3290 4088 ἀνάγκη
3333 4021 3399 4089 τῇ
3432 4017 3764 4090 ἀνθρωπίνῃ

2168 4111 2453 4164 ἐπεστάτει
2481 4109 2614 4181 ζωῇ,
2641 4110 2927 4180 διεψεύσθη
2959 4109 3023 4162 ἂν
3057 4110 3088 4177 ή
3134 4107 3294 4160 εἰκὼν
3319 4111 3438 4162 κατ’
3473 4111 3658 4162 ἐκεῖνο
3699 4099 3773 4162 τὸ’

2172 4201 2357 4272 μέρος,
2415 4201 2837 4273 ἀλλοτριωθείσα
2873 4199 2951 4270 τῷ
2985 4199 3221 4270 ἀνομοίῳ
3267 4200 3402 4269 πρὸς
3431 4199 3491 4251 τὸ
3525 4201 3769 4272 ἀρχέτυ-

2169 4307 2289 4344 πον.
2321 4291 2430 4362 Τῆς
2469 4292 2576 4363 γὰρ
2619 4290 3007 4361 βασιλευούσης
3043 4290 3313 4361 φύσεωςή
3342 4291 3613 4358 ἀνάγκαις
3640 4293 3767 4346 τισὶ

2169 4380 2543 4454 ὑπεζευγμένη
2565 4401 2626 4435 τε
2657 4383 2749 4438 καὶ
2777 4381 3118 4446 δουλεύουσα,
3141 4381 3258 4445 πῶς
3279 4381 3346 4435 ἂν
3370 4381 3532 4434 εἰκὼν
3551 4384 3771 4453 ὀνομά-

501 4472 672 4538 sistil,
723 4473 865 4541 quod
918 4488 1028 4527 non
1079 4469 1150 4526 sit
1193 4468 1396 4540 aliquid
1437 4467 1580 4538 quod
1627 4466 1966 4521 dominatum
2011 4465 2066 4519 in

2179 4469 2357 4538 ξοιτο;
2381 4471 2589 4525 Οὐκοῦν
2616 4471 2677 4525 τὺ
2703 4471 2790 4524 διὰ
2826 4471 3041 4524 πάντων
3084 4471 3217 4543 πρὸς
3269 4471 3329 4524 τὸ
3354 4471 3504 4524 Θείον
3533 4469 3768 4542 ὡμοιω-

501 4574 624 4615 eum
664 4558 930 4623 obtineat,
963 4567 1017 4613 et
1046 4557 1191 4627 quod
1220 4558 1290 4614 sit
1344 4556 1430 4612 sui
1468 4554 1610 4625 juris
1640 4565 1693 4608 et
1723 4552 1879 4606 liberi
1922 4551 2069 4605 arbi-

503 4651 618 4704 trii.
654 4651 712 4704 Si
743 4650 888 4704 enim
919 4649 1042 4703 vitae
1067 4649 1319 4704 humana:
1349 4655 1606 4718 praeesset
1654 4647 1973 4711 necessitas,
2004 4659 2070 4699 ex

502 4755 566 4797 ea
599 4748 754 4809 parte
796 4738 936 4795 falsa
983 4739 1177 4794 fuisset
1218 4739 1418 4809 imago,
1451 4747 1510 4792 ut
1548 4753 1668 4808 qua:
1698 4753 1794 4807 per
1825 4737 2072 4791 dissimi-

504 4831 787 4888 litudinem
815 4832 993 4888 aliena
1020 4839 1167 4888 esset
1198 4830 1265 4884 ab
1291 4829 1608 4898 exemplari.
1643 4829 1746 4895 Qui
1777 4829 1922 4884 enim
1953 4828 2067 4884 ﬁeri

502 4933 690 4996 posset
739 4932 796 4978 ut
827 4931 1022 4978 natura
1065 4923 1251 4978 nescio
1306 4921 1505 4992 quibus
1551 4920 1898 4976 necessitatis
1941 4919 2072 4989 legi-

503 5022 606 5074 bus
645 5019 893 5081 astricta,
944 5025 1154 5071 natura:
1184 5017 1428 5070 omnium
1467 5030 1645 5068 rerum
1689 5011 2071 5067 dominatricis

502 5113 681 5182 imago
726 5110 1038 5164 diceretur?
1075 5109 1230 5175 Quod
1273 5123 1400 5178 ergo
1438 5123 1532 5178 per
1575 5108 1757 5162 omnia
1803 5106 1913 5160 Deo
1953 5109 2072 5158 erat

502 5205 888 5263 assimilutum,
927 5201 1210 5272 oportebat
1249 5203 1473 5255 omnino
1520 5201 1719 5254 habere
1770 5199 1823 5252 in
1876 5207 2069 5251 natura

503 5293 647 5363 quod
673 5293 772 5348 sibi
803 5295 1112 5362 imperaret,
1151 5301 1203 5346 et
1243 5291 1464 5346 domino
1509 5291 1732 5345 minime
1766 5297 1911 5343 esset
1942 5287 2073 5341 sub-

495 5389 733 5454 jectum,
771 5394 828 5439 ut
868 5385 1087 5442 virtutis
1141 5396 1284 5439 esset
1315 5386 1596 5453 prmuiium
1640 5383 1908 5435 bonorum
1947 5376 2071 5446 par-

501 5480 760 5549 tit-ipatio.
804 5479 907 5545 Qui
939 5478 1141 5531 fartum
1172 5485 1255 5530 est
1293 5491 1443 5546 ergo,
1475 5475 1710 5544 inquies,
1759 5480 1817 5525 ut
1852 5470 1942 5540 qui
1977 5485 2071 5540 per

500 5574 681 5626 «nunia
731 5571 1112 5642 pulcherrimis
1160 5581 1213 5624 et
1244 5565 1716 5640 praestantissimis
1758 5565 1860 5618 fuit
1901 5565 2070 5617 hone-

501 5675 698 5729 Status,
748 5663 1164 5719 commutaverit
1208 5662 1349 5717 bona
1393 5657 1795 5715 deterioribus?
1848 5655 2068 5709 Clarum

502 5765 679 5813 autem
729 5768 809 5814 est
841 5757 894 5812 id
935 5771 1150 5827 quoque
1185 5755 1331 5824 quod
1378 5752 1441 5806 de
1483 5766 1545 5807 eo
1594 5746 1882 5804 dicendum
1927 5753 2007 5802 est
2048 5785 2059 5798 .

2177 4562 2336 4633 μένον
2365 4561 2472 4615 ἔδει
2518 4562 2735 4626 πάντως
2769 4562 2911 4632 ἔχειν
2946 4564 3002 4615 ἐν
3031 4565 3097 4633 τῇ
3135 4561 3290 4630 φύσει
3327 4559 3388 4614 τὸ
3417 4562 3769 4632 αὐτοκρατὲς

2173 4655 2267 4708 καὶ
2322 4654 2632 4718 ἀδέσποτον,
2681 4653 2821 4707 ὥστε
2865 4651 3026 4708 ἆθλον
3063 4654 3260 4725 ἀρετῆς
3309 4648 3448 4706 εἶναι
3489 4653 3591 4720 τὴν
3647 4655 3771 4708 τῶν

2172 4743 2392 4812 ἀγαθῶν
2438 4745 2746 4813 μετουσίαν.
2780 4743 2950 4798 Πόθεν
2988 4742 3101 4808 οὖν,
3133 4745 3298 4814 ἐρεῖς,
3333 4745 3361 4795 ὁ
3390 4743 3477 4796 διὰ
3528 4746 3772 4800 πάντων

2171 4836 2283 4896 τοῖς
2320 4834 2624 4897 καλλίστοις
2657 4836 3048 4906 τετιμημένος,
3075 4835 3144 4888 τά
3177 4834 3342 4904 χείρω
3379 4833 3487 4888 τῶν
3527 4836 3774 4902 ἀγαθῶν

2173 4925 2569 4994 mmmam;
2601 4925 2784 4996 Σαφὴς
2805 4926 2862 4979 δὲ
2891 4927 2984 4979 καὶ
3004 4929 3032 4979 ό
3058 4945 3122 4978 πε
3131 4926 3184 4997 pl.
3204 4925 3393 4979 τούτου
3420 4925 3604 4991 λόγος.
3655 4930 3774 4981 0'5-

2172 5016 2333 5087 δεμία
2368 5016 2536 5070 κακοῦ
2568 5017 2777 5083 γένεσις
2804 5019 2866 5070 ἐκ
2899 5017 3042 5070 θείου
3068 5017 3402 5088 βουλήματος
3444 5016 3542 5088 τὴν
3574 5017 3778 5090 ἀρχὴν

2172 5107 2328 5178 ἔσχεν
2350 5124 2364 5138 ·
2404 5103 2438 5178 ἦ
2461 5108 2567 5178 γὰρ
2596 5106 2661 5160 ἂν
2688 5106 2790 5171 ἔξω
2816 5107 3072 5178 μέμψεως
3099 5104 3167 5178 ἧν
3190 5111 3222 5177 ὴ
3253 5106 3440 5172 κακία,
3464 5106 3600 5160 Θεὸν
3631 5112 3779 5163 ἐαυ-

2171 5204 2270 5272 τῆς
2311 5202 2719 5272 ἐπιγραφομένῃ
2773 5201 2999 5272 ποιητὴν
3051 5202 3144 5254 καὶ
3190 5201 3399 5270 πατέρα
3432 5218 3445 5228 ·
3483 5199 3601 5253 ἀλλ’
3656 5204 3779 5272 ἐμ-

2174 5291 2364 5360 φύεταί
2413 5309 2526 5354 πως
2570 5293 2630 5344 τὸ
2676 5292 2843 5345 κακὸν
2887 5293 3122 5356 ἔνδοθεν,
3152 5294 3217 5362 τῇ
3278 5291 3595 5362 προαιρέσει
3634 5295 3783 5348 τότε

2173 5383 2581 5453 συνιστάμενον,
2616 5383 2744 5436 ὅταν
2789 5402 2872 5446 τις
2903 5385 3010 5437 ἀπὸ
3038 5383 3130 5436 τοῦ
3187 5382 3350 5436 καλοῦ
3397 5383 3625 5453 γένηται
3665 5388 3786 5458 τῆς

2171 5475 2347 5544 ψυχῆς
2377 5471 2742 5544 ἀναχώρησις.
2773 5475 3034 5546 Καθάπερ
3065 5475 3173 5547 γὰρ
3221 5476 3253 5544 ή
3291 5475 3476 5542 ὅρασις
3534 5474 3788 5544 φύσεώς

2172 5568 2318 5616 ἐστιν
2341 5563 2616 5632 ἐνέργειαν
2644 5564 2676 5631 ή
2705 5564 2760 5614 δὲ
2790 5565 3052 5635 πήρωσις,
3087 5563 3339 5634 στέρησίς
3373 5566 3487 5616 ἐστι
3517 5565 3624 5634 τῆς
3661 5585 3791 5634 (po-

2175 5653 2332 5722 σικῆς
2359 5652 2635 5724 ἐνεργείας
2655 5651 2855 5716 ὀὕτως
2886 5656 2978 5707 καὶ
3011 5658 3042 5725 ή
3071 5655 3237 5725 ἀρετὴ
3270 5653 3400 5726 πρὸς
3421 5653 3518 5722 τὴν
3549 5659 3792 5714 κακίαν

2175 5744 2520 5815 ἀνθέστηκεν.
2555 5745 2627 5798 Ού
2659 5744 2764 5817 γὰρ
2810 5746 2953 5800 ἔστιν
2985 5747 3146 5819 ἄλλην
3180 5746 3374 5809 κακίας
3409 5745 3627 5815 γένεσιν
3685 5751 3795 5808 ἐν.
