4006 6148
364 305 452 362 9.5
1587 301 1843 364 ORATIO
1872 306 2374 365 CATECHETICA.

3570 303 3644 358 26

367 430 595 502 νοῆσαι,
628 428 658 499 ἧ
695 429 897 500 ἀρετῆς
927 428 1214 482 ἀπουσίαν.
1262 428 1474 500 Ὥσπερ
1520 427 1630 501 γὰρ
1659 429 1755 483 τοῦ
1793 430 1956 500 φωτὸς

2067 425 2262 484 Nullus
2294 429 2424 484 mali
2459 436 2613 486 ortus
2658 429 2874 488 initium
2905 429 3062 486 duxit
3105 446 3172 487 ex
3202 429 3299 487 Dei
3329 430 3643 487 voluntate.

371 517 774 590 ύφαιρεθέντος
795 518 824 570 ὁ
856 518 1015 586 ζόφος
1043 517 1471 589 ἐπηκολούθησε,
1498 519 1762 588 παρόντος
1787 521 1844 574 δέ
1869 521 1969 575 ούκ

2067 519 2276 576 Revera
2297 521 2441 576 enim
2473 521 2611 576 nulli
2636 523 3050 592 reprehensioni
3074 522 3232 578 aliine
3253 531 3400 578 esset
3421 521 3636 588 vitium,

370 610 529 662 ἐστιν
555 625 571 640 ’
601 606 776 670 οὕτως
812 607 916 672 ἓως
961 607 1025 660 ἂν
1128 607 1189 659 τὸ
1230 607 1432 675 ἀγαθὸν
1462 607 1521 661 ἐν
1562 611 1627 678 τῇ
1659 607 1842 677 φύσει,
1877 610 1956 662 ἀν-

2066 623 2124 667 ut
2156 613 2304 683 quod
2329 615 2414 668 sui
2443 612 2754 669 effectorem
2785 621 2835 668 et
2877 625 3085 683 patrem
3119 613 3288 670 Deum
3321 614 3426 669 sibi
3465 613 3638 669 ascri-

373 701 668 772 ύπαρκτόν
713 701 828 752 ἐστι
859 699 980 752 καθ’
1025 699 1186 751 ἐαυτὺ
1216 701 1249 769 ὴ
1278 700 1445 752 κακία
1464 717 1479 730 ο
1514 701 1546 770 ἡ
1572 699 1628 752 δὲ
1660 700 1755 753 τοῦ
1785 701 1968 772 κρείτ-

366 808 532 854 τονος
550 788 900 860 ἀναχώρησις
939 789 1146 858 γίνεται
1172 789 1264 842 τοῦ
1287 789 1528 842 ἐναντίου
1548 791 1780 857 γένεσις.
1811 792 1965 844 Ἐπεὶ

366 879 470 933 οὖν
493 879 656 933 τοῦτο
673 881 772 950 τῆς
799 879 1275 950 αὐτεξουσιότητός
1301 882 1415 932 ἐστι
1441 881 1502 932 τὸ
1532 881 1823 952 ίδίωμα,τδ
1843 883 1962 935 κατ’

370 973 634 1038 ἐξουσίαν
666 971 1007 1041 ἀναιρεῖσθαι
1035 971 1096 1024 τὸ
1129 971 1462 1042 καταθύμιον
1482 1015 1496 1038 ,
1528 973 1625 1044 οὐχ
1657 976 1685 1027 ό
1717 973 1846 1037 Θεός
1881 991 1962 1027 σοι

369 1061 487 1113 τῶν
518 1062 804 1131 παρόντων
834 1062 980 1116 ἐστὶν
1007 1063 1176 1125 αἴτιος
1209 1062 1416 1126 κακῶν,
1457 1061 1752 1117 ἀδέσποτόν
1780 1081 1839 1117 τε
1868 1063 1963 1116 καὶ

368 1155 566 1210 ἄνετόν
599 1172 683 1208 σοι
724 1157 1140 1219 κατασκευάσας
1176 1155 1275 1229 τὴν
1306 1159 1468 1225 φύσιν
1488 1199 1503 1223 ,
1533 1157 1648 1210 ἀλλ’
1671 1159 1706 1228 ἡ
1737 1156 1960 1212 ἀϐουλία

369 1248 434 1300 τὸ
463 1249 649 1318 χεῖρον
675 1248 798 1300 ἀντὶ
822 1245 914 1300 τοῦ
949 1246 1256 1318 κρείττονος
1286 1247 1646 1319 προελομένη.

2061 705 2231 768 heret,
2260 705 2353 759 sed
2385 705 2587 759 malum
2607 705 2940 762 intrinsecus
2962 706 3366 778 quodammodo
3392 705 3639 762 innasci-

2055 802 2152 848 tur
2215 795 2270 849 in
2316 795 2490 850 libero
2540 795 2706 850 animi
2756 793 2984 852 arbitrio
3038 805 3093 853 et
3143 798 3448 862 electione,
3508 797 3666 850 tunc'

2063 889 2398 950 consistens,
2435 889 2655 958 quando
2699 889 2862 944 fuerit
2909 889 3110 960 aliquis
3144 890 3340 944 animae
3381 903 3637 943 recessus

2061 979 2132 1034 ab
2177 995 2243 1035 eo
2303 980 2450 1050 quod
2503 982 2706 1036 bonum
2756 989 2841 1036 est
2884 989 2939 1036 et
2979 981 3293 1037 honestum.
3352 977 3638 1046 Quomodo

2059 1069 2206 1126 enim
2238 1070 2389 1126 visus
2421 1079 2507 1126 est
2541 1079 2754 1128 naturae
2781 1073 3065 1143 operatio:
3099 1073 3310 1127 orbitas
3341 1079 3521 1125 autem
3553 1078 3639 1123 est

2060 1161 2295 1231 privatio
2352 1163 2623 1219 naturalis
2673 1164 3011 1234 operationis
3057 1184 3070 1220 :
3109 1163 3184 1218 ita
3234 1163 3398 1216 etiam
3461 1160 3638 1213 virtus

2059 1249 2381 1308 adversatur
2437 1255 2592 1310 vitio.
2669 1253 2787 1311 Non
2840 1270 3135 1326 possumus
3192 1253 3337 1308 enim
3397 1251 3638 1320 cogitare

372 1341 537 1397 aliam
562 1340 682 1395 vitii
709 1341 1133 1411 generationem,
1172 1355 1336 1410 quam
1355 1340 1578 1394 virtutis
1601 1339 1925 1395 absentiam.
1967 1340 2252 1408 Quomodo
2287 1345 2432 1400 enim
2491 1346 2674 1402 ablata
2734 1347 2856 1402 luce
2921 1338 3338 1416 Consequuntur
3377 1341 3636 1403 tenebrae,

375 1453 485 1492 non
536 1448 666 1492 sunt
712 1447 892 1492 autem
924 1439 969 1492 si
1025 1436 1166 1492 adsit
1202 1455 1216 1492 :
1247 1437 1322 1490 ita
1360 1435 1606 1507 quandiu
1650 1435 1816 1491 fuerit
1851 1435 2054 1490 bonum
2090 1438 2147 1492 in
2179 1449 2396 1508 natura,
2477 1456 2576 1512 per
2624 1457 2683 1498 se
2754 1457 2864 1496 non
2915 1441 3168 1496 consistit
3234 1439 3461 1502 vitium;
3518 1434 3641 1504 ejus

378 1536 560 1584 autem
592 1529 740 1599 quod
783 1538 868 1584 est
898 1529 1093 1585 melius
1123 1545 1377 1585 recessus
1413 1529 1472 1582 lit
1507 1528 1786 1598 generatio
1817 1527 2103 1583 contrarii.
2137 1528 2405 1596 Quoniam
2449 1547 2578 1604 ergo
2643 1533 2748 1588 hoc
2788 1540 2874 1589 est
2941 1534 3248 1603 proprietas
3309 1526 3469 1583 liberi
3547 1538 3640 1578 ar-

374 1623 546 1686 bitrii,
583 1630 641 1676 ut
669 1622 838 1676 libere
869 1621 1015 1690 quod
1042 1621 1228 1676 animo
1257 1631 1469 1693 gratum
1499 1621 1662 1676 fuerit
1700 1621 1955 1692 eligatur,
1997 1636 2106 1676 non
2140 1631 2224 1678 est
2288 1625 2388 1680 tibi
2432 1623 2576 1680 Deus
2614 1633 2810 1681 auctor
2856 1635 2912 1680 et
2947 1639 3113 1680 causa
3183 1623 3453 1676 malorum
3493 1633 3636 1688 pra:-

375 1720 640 1782 sentinm,
675 1727 995 1774 constructa
1049 1719 1146 1774 tibi
1193 1727 1390 1773 natura
1425 1734 1546 1788 qua:
1578 1717 1801 1772 domino
1849 1732 1959 1772 non
1998 1729 2152 1788 paret
2183 1729 2375 1792 estque
2398 1721 2568 1776 libera
2595 1729 2648 1779 et
2675 1723 2874 1789 soluta,
2903 1721 2999 1777 sed
3062 1720 3261 1775 malum
3325 1715 3638 1782 consilium,

378 1810 526 1881 quod
562 1809 726 1880 elegit
758 1824 856 1878 pro
888 1808 1101 1863 meliori
1136 1809 1188 1862 id
1218 1811 1363 1879 quod
1400 1819 1485 1865 est
1514 1810 1774 1865 deterius.

965 1904 1215 1956 ΚΕΦΑΛ.
1266 1903 1357 1969 cz".

451 1995 645 2062 Ζητεῖς
667 1991 720 2044 δέ
740 1993 829 2045 καὶ
854 1992 952 2060 τὴν
985 1992 1164 2046 αἰτίαν
1196 1993 1356 2064 τυχὸν
1396 1994 1497 2064 τῆς
1525 2003 1666 2047 κατα
1694 2003 1793 2064 την
1834 1991 1954 2061 βου-

377 2082 480 2151 λὴν
502 2080 839 2149 διαμαρτίας·
881 2083 962 2144 είς
1000 2079 1158 2135 τοῦτο
1197 2083 1306 2154 γὰρ
1340 2085 1373 2153 ὴ
1409 2081 1700 2136 ἀκολουθία
1728 2079 1836 2133 τῶν
1863 2078 1953 2131 λόο-

377 2189 490 2240 γων
528 2172 698 2243 φέρει.
730 2171 936 2225 Οὐκοῦν
961 2172 1121 2226 πάλιν
1163 2173 1304 2245 ἀρχή
1340 2191 1423 2236 τις
1446 2175 1477 2244 ἡ
1489 2175 1580 2243 μίν
1611 2171 1750 2226 κατὰ
1778 2172 1838 2224 τὸ
1867 2168 1956 2222 εύ-

376 2263 533 2332 λογον
568 2264 941 2335 εὑρεθήσεται,
962 2265 996 2334 ἢ
1020 2265 1112 2317 καὶ
1139 2263 1296 2317 τοῦτο
1323 2264 1607 2334 σαφηνίσει
1629 2264 1688 2315 τὸ
1711 2265 1950 2333 ζήτημα.

375 2341 628 2411 Τοιοῦτόν
647 2374 768 2410 τινα
799 2355 957 2423 λόγον
995 2355 1146 2426 παρὰ
1168 2355 1275 2408 τῶν
1301 2354 1561 2434 Πατέρων
1584 2353 1950 2422 διεδεξάμεθα·

372 2450 490 2504 ἔστι
517 2450 574 2503 δὲ
600 2453 628 2503 ό
663 2450 839 2518 λόγος,
867 2449 928 2502 ού
967 2449 1214 2519 μυθώδης
1246 2449 1518 2519 διήγησις,
1551 2447 1664 2499 ἀλλ’
1698 2445 1757 2510 ἐξ
1786 2445 1955 2515 αὐτῆς

372 2543 472 2613 τῆς
499 2542 714 2610 φύσεως
738 2542 896 2614 ἡμῶν
925 2542 986 2594 τὸ
1032 2541 1218 2595 πιστὸν
1265 2541 1625 2612 ἐπαγόμενος·
1653 2538 1825 2609 Διπλῆ
1873 2537 1956 2600 τίς

373 2631 524 2685 ἐστιν
554 2635 613 2685 ὲν
664 2635 777 2694 τοῖς
832 2627 952 2684 οὖσι
986 2632 1329 2702 κατανόησις,
1370 2634 1448 2694 είς
1470 2631 1530 2684 τὸ
1559 2630 1745 2701 νοητόν
1777 2647 1834 2682 τε
1862 2629 1956 2682 καὶ

373 2722 634 2793 αἰσθητὸν
660 2725 760 2792 τῆς
782 2721 1010 2790 θεωρίας
1035 2721 1384 2792 διῃρημένης.
1405 2720 1517 2774 Καὶ
1539 2719 1690 2773 οὐδὲν
1713 2719 1782 2773 ἂν
1804 2717 1954 2789 παρὰ

369 2813 551 2867 ταῦτα
604 2811 977 2880 καταληφθείη
1028 2813 1084 2864 ἐν
1142 2815 1208 2883 τῇ
1253 2813 1360 2866 τῶν
1418 2814 1587 2866 ὄντων
1631 2811 1822 2881 φύσει,
1857 2811 1956 2880 τῆς

368 2904 700 2975 διαιρέσεως
725 2903 924 2973 ταύτης
947 2904 1050 2967 ἔξω
1075 2905 1392 2976 φερόμενον.
1414 2905 1674 2975 Διῄρηται
1700 2903 1756 2956 δὲ
1784 2902 1957 2955 ταῦτα

374 2995 514 3066 πρὸς
549 2992 758 3063 ἄλληλα
786 2993 966 3063 πολλῷ
993 2993 1069 3064 τῷ
1105 2995 1273 3064 μέσῳ,
1298 2996 1371 3057 ὡς
1409 2997 1541 3064 μήτε
1571 2995 1664 3066 τὴν
1693 2993 1957 3065 αἰσθητὴν

375 3089 434 3138 ἐν
454 3088 567 3150 τοῖς
596 3087 812 3155 νοητοῖς
844 3080 983 3138 εἶναι
1009 3087 1372 3157 γνωρίσμασι,
1392 3089 1527 3156 μήτε
1555 3089 1610 3139 ἐν
1636 3088 1747 3149 τοῖς
1771 3084 1958 3154 αἰσθη-

371 3180 488 3241 τοῖς
544 3177 795 3245 ἐκείνην,
831 3177 944 3230 ἀλλ’
974 3177 1082 3230 ἀπὸ
1116 3177 1224 3231 τῶν
1262 3178 1519 3232 ἐναντίων
1564 3178 1826 3246 ἑκατέραν
1859 3194 1957 3247 χα-

2251 1872 2373 1883 --_..—

2673 1894 2902 1951 CAPUT
2945 1894 3032 1950 Vl.

2134 1987 2347 2056 Quaeris
2399 1997 2582 2043 autem
2637 1990 2799 2042 etiam
2853 1987 3086 2042 fortasse
3139 2003 3362 2042 causam
3429 1995 3635 2059 peccati

2063 2080 2209 2152 quod
2239 2079 2494 2135 consulto
2523 2079 2854 2142 admittitur,
2897 2095 2963 2134 eo
3009 2080 3153 2134 enim
3186 2079 3406 2134 deducit
3435 2082 3640 2136 oratio-

2061 2173 2149 2228 nis
2207 2170 2618 2240 consequentia.
2676 2167 2892 2225 Rursus
2945 2185 3075 2240 ergo
3119 2170 3280 2225 nobis
3329 2171 3638 2227 invenietur

2063 2261 2284 2332 aliquod
2332 2260 2686 2331 principium,
2745 2269 2804 2315 ut
2847 2268 2932 2316 est
2978 2269 3434 2326 consentaneum,
3489 2265 3635 2331 quod

2062 2355 2206 2409 hanc
2263 2355 2429 2409 etiam
2491 2353 2790 2423 explicabit
2839 2353 3216 2423 quaestionem.
3287 2353 3331 2406 A
3383 2353 3638 2411 Patribus

2062 2447 2353 2516 quamdam
2403 2445 2568 2499 talem
2612 2445 2924 2500 invenimus
2949 2446 3276 2510 orationem,
3332 2455 3416 2500 est
3455 2459 3636 2500 autem

2063 2536 2262 2600 oratio,
2302 2551 2415 2590 non
2451 2535 2700 2591 fabulosa
2734 2538 2998 2600 narratio,
3033 2536 3128 2590 sed
3150 2551 3270 2606 quae
3301 2551 3368 2590 ex
3395 2536 3511 2606 ipsa
3539 2552 3638 2590 na-

2063 2636 2188 2682 tura
2230 2627 2388 2682 alfert
2437 2626 3144 2696 pt'obabilitateszuplex
3194 2635 3279 2682 est
3334 2627 3388 2681 in
3426 2628 3493 2683 iis
3517 2645 3637 2699 quae

2064 2730 2194 2778 sunt
2219 2720 2611 2782 consideratio,
2647 2721 2702 2774 in
2736 2719 2789 2774 id
2825 2719 2968 2789 quod
2998 2720 3298 2789 percipitur
3328 2719 3637 2791 intelligen-

2064 2815 2160 2879 tia,
2193 2819 2248 2869 et
2286 2813 2341 2868 id
2373 2812 2520 2882 quod
2562 2819 2648 2866 est
2680 2811 2901 2876 sensile,
2936 2809 3113 2864 divisa
3156 2812 3632 2881 contemplatione.

2063 2903 2249 2974 Neque
2278 2910 2473 2972 praeter
2512 2901 2627 2955 lucc
2649 2901 2948 2970 quidquam
2977 2901 3211 2971 relinqui
3246 2909 3427 2970 potest
3464 2901 3521 2956 in
3550 2917 3635 2956 re-

2066 3011 2186 3050 rum
2237 3005 2452 3058 natura,
2484 2993 2628 3064 quod
2666 2991 2876 3047 feratur
2903 3001 3057 3048 extra
3113 2993 3254 3048 hanc
3287 2993 3632 3050 divisionem.

2068 3085 2263 3156 Magno
2297 3095 2477 3140 autem
2521 3086 2810 3140 intervallo
2847 3093 2977 3142 sunt
3007 3086 3122 3140 haec
3159 3086 3302 3142 inter
3334 3102 3393 3142 se
3425 3087 3634 3155 disjun-

2067 3186 2174 3241 cta,
2201 3184 2260 3229 ut
2293 3191 2470 3244 neque
2516 3177 2734 3245 cognita
2766 3176 2838 3230 sit
2880 3178 3098 3233 sensilis
3124 3178 3264 3232 inter
3293 3193 3354 3232 ea
3381 3191 3503 3248 quae
3546 3193 3636 3232 ca-

376 3262 824 3334 ρακτηρίζεσθαι.
869 3263 934 3316 Ἥ
964 3265 1060 3334 μὲν
1087 3265 1196 3338 γὰρ
1231 3265 1394 3336 νοητὴ
1444 3267 1604 3335 φύσις
1667 3265 1956 3336 ἀσώματόν

2064 3265 2201 3320 dunt
2233 3265 2336 3320 sub
2370 3265 2814 3334 intelligentiam,
2842 3280 2942 3320 nec
2972 3282 3093 3335 qua:
3124 3267 3482 3337 intelligentia
3515 3283 3638 3337 per-

373 3370 430 3406 τι
472 3353 666 3424 χρῆμά
703 3353 818 3406 ἐστι
861 3354 957 3406 καὶ
1002 3356 1204 3424 ἀναφὲς
1249 3358 1340 3410 καὶ
1372 3357 1629 3410 ἀνείδεον.
1671 3358 1736 3410 Ἦ
1771 3358 1831 3409 δὲ
1877 3359 1959 3410 αί-

378 3446 549 3517 σθητὴ
583 3445 702 3499 κατ’
749 3445 881 3500 αύτὸ
911 3446 970 3499 τὸ
1006 3447 1196 3518 ὄνομα,
1230 3450 1379 3512 ἐντός
1426 3451 1540 3502 ἐστι
1575 3451 1674 3521 τῆς
1716 3449 1805 3504 διὰ
1851 3449 1958 3503 τῶν

375 3537 746 3608 αίσθητηρίων
776 3540 1174 3610 κατανοήσεως.
1224 3540 1362 3592 Ἀλλ’
1399 3539 1586 3613 ὥσπερ
1619 3543 1676 3593 ἐν
1707 3540 1857 3611 αὑτῷ
1883 3540 1959 3612 τῷ

376 3629 622 3699 αἰσθητῷ
654 3629 841 3700 κόσμῳ
889 3630 1090 3701 πολλῆς
1125 3633 1261 3703 πρὸς
1294 3632 1498 3704 ἄλληλα
1533 3633 1644 3686 τῶν
1679 3632 1959 3701 στοιχείων

373 3718 543 3792 οὔσης
569 3720 960 3786 ἐναντιώσεως,
987 3723 1326 3794 ἐπινενόηταί
1351 3742 1433 3786 τις
1464 3725 1698 3795 ἁρμονία
1736 3723 1825 3776 διὰ
1850 3723 1959 3776 τῶν

377 3810 636 3863 ἐναντίων
661 3812 1006 3883 ἀρμοζομένη
1040 3814 1190 3884 παρὰ
1218 3815 1319 3884 τῆς
1354 3815 1449 3867 τοῦ
1505 3815 1704 3878 παντὸς
1731 3817 1955 3867 ἐπιστα-

374 3904 575 3974 τούσης
607 3903 796 3972 σοφίας
818 3921 831 3934 ·
867 3906 961 3958 καὶ
1006 3905 1180 3968 οὕτως
1214 3906 1395 3977 πάσης
1419 3906 1626 3975 γίνεται
1661 3906 1797 3977 πρὸς
1829 3907 1957 3958 ἐαυ-

373 3994 472 4063 τὴν
525 3992 814 4064 συμφωνία
853 3993 953 4063 τῆς
1005 3994 1255 4058 κτίσεως,
1301 3994 1535 4065 οὐδαμοῦ
1580 3995 1679 4064 τῆς
1724 3995 1958 4065 φυσικῆς

374 4085 750 4156 ἐναντιότητος
790 4085 879 4138 τὸν
920 4088 1022 4156 τῆς
1056 4085 1356 4157 συμπνοίας
1387 4088 1577 4158 εἱρμὸν
1613 4087 1953 4160 διαλυούσης,

372 4177 521 4232 κατὰ
567 4177 660 4230 τὸν
705 4177 868 4231 αὑτὸν
923 4179 1122 4250 τρόπον
1168 4178 1262 4231 καὶ
1290 4178 1384 4232 τοῦ
1437 4179 1696 4250 αίσθητοῦ
1735 4181 1870 4251 πρὸς
1897 4180 1957 4233 τὸ

371 4268 562 4340 νοητὸν
611 4269 819 4337 γίνεταί
865 4287 952 4332 τις
999 4269 1141 4323 κατὰ
1189 4253 1338 4324 θείαν
1388 4273 1578 4341 σοφίαν
1606 4272 1751 4342 μίξις
1773 4290 1831 4326 τε
1863 4273 1956 4326 καὶ

370 4361 788 4433 ἁνάκρασις,ὼς
815 4361 878 4414 ἂν
907 4363 1084 4415 πάντα
1119 4362 1211 4416 τοῦ
1251 4363 1413 4417 καλοῦ
1437 4364 1578 4418 κατὰ
1597 4365 1656 4418 τὸ
1678 4363 1793 4418 ἴσον
1829 4383 1958 4435 μετ·

373 4455 507 4526 ἐχοι,
546 4456 643 4508 καὶ
681 4455 847 4526 μηδὲν
882 4456 988 4510 τῶν
1030 4456 1200 4511 ὄντων
1223 4457 1474 4528 ἁμοιροίη
1507 4460 1606 4528 τῆς
1648 4457 1955 4528 κρείττονος

374 4545 609 4616 φύσεως.
641 4547 739 4602 Διὰ
766 4547 924 4600 τοῦτο
944 4548 1004 4601 τὸ
1031 4550 1128 4618 μὲν
1150 4548 1481 4620 κατάλληλον
1504 4552 1570 4621 τῇ
1595 4551 1759 4620 νοητῇ
1796 4547 1954 4617 φύσει

2064 3358 2342 3427 cipiuntur
2391 3357 2535 3411 inter
2589 3356 2838 3421 sensilia,
2892 3356 2987 3411 sed
3034 3365 3267 3428 utraque
3319 3358 3550 3412 formam
3583 3368 3636 3413 ct

2062 3448 2434 3502 characterem
2476 3445 2755 3515 accipiunt
2802 3461 2832 3500 a
2865 3448 3183 3502 contrariis.
3216 3443 3349 3500 Nam
3382 3463 3504 3517 quae
3548 3449 3636 3502 in-

2062 3537 2363 3608 telligentia
2401 3536 2620 3606 quidem
2652 3537 2953 3606 percipitur
2993 3544 3211 3602 natura,
3249 3547 3334 3593 est
3363 3554 3452 3594 res
3486 3553 3634 3608 qua:-

2063 3627 2188 3682 dam
2229 3624 2574 3696 incorporea,
2605 3633 2659 3682 et
2695 3626 2974 3692 intactilis,
3005 3635 3059 3683 et
3088 3627 3358 3684 informis.
3404 3628 3636 3684 Sensilis

2064 3728 2244 3772 autem
2291 3734 2354 3773 ex
2389 3719 2508 3788 ipso
2551 3718 2796 3780 nomine,
2850 3726 2933 3773 est
2974 3719 3116 3773 intra
3156 3719 3353 3775 mentis
3383 3735 3636 3790 compre-

2063 3811 2381 3866 hensionem
2429 3826 2550 3880 quae
2596 3810 2697 3865 fuit
2754 3826 2852 3881 per
2896 3811 3143 3866 sensilia.
3191 3810 3299 3866 Sed
3362 3811 3638 3882 quomodo

2063 3919 2188 3959 cum
2217 3904 2272 3958 in
2307 3903 2511 3957 mundo
2537 3918 2734 3973 magna
2767 3904 2838 3958 sit
2865 3904 3008 3958 inter
3044 3919 3103 3959 se
3141 3904 3372 3959 invicem
3399 3905 3638 3959 elemen~

2061 4004 2243 4051 torum
2291 3995 2670 4066 repugnantia,
2714 4010 2742 4048 a
2784 3995 3053 4067 sapientia
3099 4011 3220 4065 quae
3270 4004 3466 4066 praeest
3515 3997 3637 4049 uni-

2060 4087 2329 4150 versitati,
2386 4086 2692 4156 excogitata
2743 4095 2828 4142 est
2865 4086 3109 4157 quaedam
3158 4088 3466 4151 harmonia,
3515 4103 3637 4156 quae

2059 4177 2428 4232 concinnatur
2470 4184 2524 4231 et
2558 4183 2777 4246 aptatur
2814 4193 2908 4247 per
2939 4179 3257 4246 contraria;
3285 4189 3341 4233 et
3384 4181 3458 4232 ita
3510 4179 3636 4233 uni-

2057 4282 2232 4323 versae
2267 4277 2532 4322 creatura:
2576 4266 2644 4321 ad
2688 4267 2920 4338 seipsam
2973 4268 3283 4323 extenditur
3311 4277 3630 4332 concentus,

2059 4359 2299 4413 naturali
2327 4360 2688 4429 repugnantia
2725 4359 2949 4413 minime
2980 4359 3227 4412 solvente
3259 4359 3456 4413 seriem
3493 4374 3630 4414 con-

2059 4449 2374 4519 Spirationis
2411 4468 2424 4503 :
2465 4449 2654 4504 eodem
2705 4448 2867 4502 modo
2911 4448 3032 4515 ejus
3077 4447 3222 4518 quod
3274 4456 3357 4505 est
3407 4451 3629 4516 sensile,

2057 4553 2183 4593 cum
2233 4552 2300 4592 eo
2351 4537 2496 4607 quod
2541 4537 2686 4591 cadit
2740 4538 2844 4591 sub
2884 4537 3318 4607 intelligentiam,
3365 4553 3396 4590 a
3448 4539 3632 4593 divina

370 4637 649 4708 χωρίον,ἡ
689 4636 882 4708 λεπτὴ,
905 4637 1094 4709 λογικὴ
1138 4638 1229 4691 καὶ
1268 4639 1548 4707 εὐκίνητός
1591 4639 1737 4691 ἐστιν
1763 4637 1953 4702 οὐσία,

2062 4625 2331 4695 sapientia
2378 4625 2435 4678 lit
2478 4625 2726 4694 quaedam
2775 4625 3085 4681 commistio
3127 4635 3181 4681 et
3231 4627 3529 4692 concretio,
3571 4635 3632 4682 ut

373 4728 510 4781 κατὰ
536 4727 636 4798 τὴν
664 4729 1029 4801 ύπερκὸσμιον
1057 4731 1208 4802 λῆξιν
1241 4729 1440 4800 πολλὴν
1476 4729 1673 4801 ἔχουσα
1704 4729 1782 4800 τῷ
1819 4729 1954 4783 ἰδιά-

373 4819 516 4885 ζοντι
557 4822 657 4892 τῆς
703 4821 917 4891 φύσεως
977 4825 1110 4892 πρὸς
1142 4821 1203 4875 τὸ
1257 4822 1443 4894 νοητὸν
1479 4822 1578 4892 τὴν
1613 4821 1952 4889 συγγένειαν.

373 4911 693 4984 Προμηθείᾳ
734 4911 790 4966 δὲ
833 4913 1098 4983 κρείττονι
1156 4913 1292 4982 πρὸς
1345 4911 1444 4982 τὴν
1485 4911 1746 4983 αἰσθητὴν
1796 4910 1956 4979 φύσιν

377 5003 582 5070 γίνεταί
638 5019 722 5065 τις
771 5003 866 5056 τοῦ
925 5002 1116 5074 νοητοῦ
1174 5002 1590 5074 συνανὰκρασις,
1625 5002 1700 5066 ὡς
1749 5001 1816 5056 ἂν
1855 5019 1952 5073 μη-

377 5081 461 5143 δὲν
522 5092 832 5163 ἀπόϐλητον
893 5094 976 5164 εἴη
1035 5093 1133 5164 τῆς
1189 5093 1437 5157 κτίσεως,
1492 5091 1672 5155 καθώς
1727 5109 1890 5164 φησιν
1924 5092 1953 5144 ὁ

390 5181 743 5247 ’Λπόστολος,
788 5182 922 5253 μηδὲ
954 5183 1054 5253 τῆς
1087 5183 1238 5246 θείας
1283 5183 1566 5246 κοινωνίας
1622 5181 1954 5254 ἀπόκληρον.

375 5269 578 5324 Τούτου
626 5273 788 5344 χάριν
834 5274 898 5326 ἐκ
951 5273 1141 5343 νοητοῦ
1168 5291 1226 5326 τε
1261 5274 1356 5328 καὶ
1395 5272 1652 5344 αίσθητοῦ
1675 5312 1688 5336 ,
1713 5274 1773 5326 τὸ
1819 5273 1960 5327 κατὰ

369 5360 462 5413 τὸν
492 5361 783 5434 ἄνθρωπον
828 5363 1004 5434 μίγμα
1057 5365 1207 5436 παρὰ
1249 5367 1348 5435 τῆς
1385 5364 1534 5428 θείας
1584 5364 1959 5418 ἀναδείκνυται

371 5451 608 5520 φύσεως,
644 5452 828 5516 καθὼς
855 5454 1093 5509 διδάσκει
1135 5455 1234 5524 τῆς
1283 5455 1669 5526 κοσμογενείας
1699 5457 1727 5509 ό
1776 5455 1950 5524 λόγος.

369 5545 581 5600 Λαϐὼν
620 5544 752 5614 γὰρ,
795 5546 1031 5615 φησὶν,ὀ
1062 5547 1198 5614 Θεὸς
1233 5548 1386 5618 χοῦν
1415 5548 1531 5604 ἀπὸ
1563 5547 1671 5619 τῆς
1690 5547 1822 5618 τῆς,
1850 5549 1956 5604 τόν

449 5720 518 5776 ³1
562 5719 805 5776 Timoth.
845 5735 919 5788 tv,
960 5719 1010 5773 4.

2059 4717 2244 4772 omnia
2301 4731 2368 4771 ex
2415 4730 2573 4786 aequo
2627 4724 2838 4786 partem
2879 4716 3116 4770 habeant
3167 4718 3307 4787 ejus,
3363 4716 3509 4787 quod
3547 4726 3632 4772 est

2063 4809 2352 4880 pulchrum
2385 4816 2440 4862 et
2471 4808 2786 4872 honestum,
2813 4815 2868 4862 et
2899 4822 2964 4862 ex
2991 4809 3059 4864 iis
3093 4824 3214 4878 qua:
3242 4817 3372 4864 sunt
3397 4810 3532 4864 nihil
3559 4809 3633 4864 sit

2014 4921 2018 4924 ν
2057 4916 2252 4972 expers
2307 4909 2518 4954 naturae
2551 4899 2817 4954 melioris.
2866 4898 3160 4969 Propterea
3213 4901 3368 4954 locus
3406 4899 3626 4970 quidem

2059 5007 2372 5072 congruens
2420 4991 2722 5046 intellectili
2759 4999 2991 5054 natura},
3041 4991 3221 5046 tenuis
3255 5000 3340 5047 est
3390 5001 3442 5046 et
3473 4991 3630 5061 agilis

2061 5084 2368 5139 substantia
2408 5097 2528 5152 qua:
2556 5082 2611 5136 in
2654 5084 3100 5152 supramundana
3131 5084 3352 5154 regione
3381 5094 3630 5151 proprie-

2058 5184 2171 5231 tate
2207 5182 2418 5230 naturaa
2468 5189 2581 5229 suae
2631 5189 2882 5246 magnam
2941 5175 3105 5230 habet
3153 5191 3276 5229 cum
3325 5171 3628 5228 intellectili

2057 5268 2461 5340 cognationem.
2511 5265 2719 5321 Meliori
2753 5275 2933 5321 autem
2979 5266 3343 5336 providentia,
3379 5261 3627 5331 quaedam

2059 5360 2119 5415 lit
2157 5357 2590 5428 contemperatio
2621 5357 2742 5426 ejus
2771 5355 2916 5426 quod
2971 5355 3271 5425 percipitur
3324 5350 3628 5422 intelligen-

2059 5451 2137 5505 tia
2177 5465 2303 5504 cum
2349 5448 2538 5505 sensili
2579 5455 2798 5512 natura,
2833 5456 2892 5501 ut
2920 5452 3184 5500 creaturae
3225 5441 3362 5496 nihil
3393 5441 3466 5498 sit
3494 5440 3626 5510 reji-

2067 5543 2343 5612 ciendum,
2378 5549 2438 5598 ut
2469 5541 2603 5597 dicit
2630 5539 2926 5611 Apostolus
2946 5540 2989 5604 ',
3015 5548 3190 5604 neque
3209 5546 3403 5607 expers
3431 5532 3627 5589 divina:
