3980 6198
424 267 496 320 ἳἹ
1657 263 1714 320 5.
1756 265 2002 323 GREGOI

2122 269 2416 327 NYSSENI
2752 328 2755 331 ,
3596 276 3662 332 εδ

420 385 844 442 communionis.
879 384 952 439 Ea
987 385 1055 439 de
1086 398 1275 447 causa,
1303 399 1366 439 ex
1405 398 1473 439 eo
1499 385 1645 456 quod
1683 388 1982 457 percipitur

2104 390 2399 460 ἶνθρωπον
2438 389 2703 442 ἔπλασεν
2741 387 2837 440 καὶ
2867 385 2956 439 διὰ
3000 385 3101 457 τῆς
3141 385 3274 448 ίδίας
3318 385 3666 455 ἐμπνεύσεως

421 476 797 547 intelligentia,
848 484 901 531 et
933 491 996 530 eo
1038 474 1181 544 quod
1215 474 1359 528 cadit
1393 474 1496 531 sub
1537 491 1782 542 sensum,
1825 479 1885 532 iit
1932 480 1984 533 in

422 568 644 623 homine
692 568 933 635 quaedam
985 566 1169 621 mistio
1197 582 1229 620 a
1262 565 1446 621 divina
1485 575 1704 633 natura,
1744 580 1803 623 ut
1829 570 1988 625 docet

420 658 562 713 liber
610 658 793 711 mundi
856 657 1246 726 generationis.
1308 655 1441 712 Cum
1479 659 1621 713 enim
1670 660 1985 727 accepisset,

421 750 629 819 inquit,
664 748 803 803 Deus
855 751 1035 803 limum
1078 766 1142 804 ea:
1193 759 1363 817 terra,
1406 750 1561 819 ﬁnxit
1603 750 1895 817 hominem,
1938 759 1991 806 et

422 856 519 910 per
571 842 845 911 propriam
906 840 1317 911 inspirationem
1386 842 1644 912 ﬁgmento
1696 843 1991 898 insufﬂavit

423 934 621 999 vitam;
661 941 718 986 ut
747 948 870 987 cum
904 948 969 987 eo
998 933 1142 1003 quod
1172 942 1255 989 est
1284 933 1527 990 divinum
1565 936 1729 989 simul
1762 937 1991 991 extolle-

422 1033 571 1076 retur
612 1031 911 1087 terrenum,
951 1032 1005 1078 et
1050 1038 1157 1078 una
1202 1025 1372 1095 gratia
1407 1025 1525 1095 pari
1556 1025 1766 1082 honore
1807 1043 1992 1097 pervao

423 1111 572 1167 deret
608 1114 919 1168 universam
950 1122 1275 1179 creaturam,
1326 1115 1572 1171 inferiori
1613 1126 1810 1173 natura
1854 1133 1990 1173 con-

425 1213 728 1275 temperata
778 1221 900 1259 cum
967 1208 1431 1276 supramundana.
1478 1210 1612 1264 Cum
1656 1226 1786 1281 ergo
1840 1214 1991 1281 prius

423 1295 760 1349 consistente
808 1310 927 1364 qum
976 1298 1332 1368 mtelligentia
1370 1301 1673 1370 percipitur
1721 1309 1991 1371 creatura,

423 1393 477 1439 et
511 1386 876 1455 angelicarum
905 1388 1165 1442 virtutum
1198 1406 1524 1461 unaquaque
1551 1394 1887 1461 operatione,
1925 1396 1993 1450 ab

424 1489 489 1527 ea
537 1490 656 1545 qua:
698 1487 894 1546 praeest
946 1479 1218 1535 universis
1276 1489 1566 1551 potestate,
1620 1482 1885 1538 attributa
1925 1485 1993 1538 ad

426 1569 870 1623 constitutionem
920 1572 1318 1639 universitatis,
1364 1581 1510 1628 esset
1543 1574 1791 1643 quaedam
1837 1582 1994 1643 pote-

426 1666 539 1713 stas
587 1660 854 1725 ordinata,
912 1670 970 1715 nt
1020 1663 1197 1716 locum
1245 1670 1561 1719 terrestrem
1604 1665 1911 1719 contineret
1941 1672 1995 1719 et

2091 478 2169 549 τῷ
2218 478 2497 547 πλάσματι
2544 475 2641 547 τὴν
2687 474 2834 547 ζωὴν
2875 475 3237 545 ἐνεφύσησεν·
3289 474 3362 537 ὡς
3418 472 3485 527 ἂν
3539 491 3664 529 συν-

2091 570 2353 642 επαρθείη
2399 568 2476 640 τῷ
2515 567 2644 637 θείῳ
2689 567 2749 620 τὸ
2793 568 2975 637 γήϊνον
2998 606 3013 629 ,
3044 565 3138 618 καὶ
3183 564 3279 636 μία
3308 581 3392 628 τις
3428 566 3570 620 κατὰ
3608 566 3666 620 τὸ

2090 663 2350 733 ὁμότιμον
2377 661 2463 715 διά
2495 662 2677 729 πάσης
2704 659 2804 728 τῆς
2837 656 3068 719 κτίσεως
3094 658 3127 726 ἡ
3153 656 3311 727 χάρις
3338 656 3537 727 διήκοι,
3567 660 3665 726 τῆς

2093 751 2243 804 κάτω
2277 751 2491 819 φύσεως
2526 750 2657 819 πρὸς
2683 748 2779 818 τὴν
2811 748 3175 818 ὑπερκόσμιον
3210 747 3662 817 συγκιρναμένης.

2104 842 2257 894 Ἐπεὶ
2289 836 2380 895 οὖν
2425 841 2528 910 τῆς
2565 838 2761 907 νοητῆς
2818 837 3048 898 κτίσεως
3095 835 3538 906 προῦποστάσης,
3572 838 3667 889 καὶ

2093 934 2327 1003 ἑκάστης
2355 932 2464 986 τῶν
2493 930 2801 999 ὰγγελικῶν
2822 930 3103 999 δυνάμεων
3127 929 3263 1000 πρὸς
3292 928 3390 999 τὴν
3412 928 3505 981 τοῦ
3530 946 3667 980 παν-

2090 1028 2181 1091 τὸς
2208 1029 2465 1080 σύστασιν
2505 1023 2784 1096 ἐνεργείας
2809 1022 2953 1086 τινὸς
2995 1021 3147 1092 παρὰ
3186 1021 3287 1091 τῆς
3314 1019 3421 1075 τῶν
3453 1020 3667 1074 πάντων

2092 1116 2485 1188 ἐπιστατούσης
2512 1114 2752 1183 ἐξουσίας
2792 1112 3279 1184 προσνεμηθείσης,
3314 1107 3382 1183 ἦν
3406 1128 3490 1174 τις
3512 1111 3669 1163 δύνα-

2097 1226 2187 1278 μις
2226 1210 2258 1278 ἡ
2297 1208 2387 1259 τὸν
2421 1204 2697 1276 περίγειον
2728 1202 2886 1255 τόπον
2912 1201 3152 1272 συνέχειν
3182 1219 3240 1253 τε
3282 1202 3376 1254 καὶ
3400 1217 3669 1272 περικρα-

2093 1303 2204 1354 τεῖν
2242 1298 2573 1367 τεταγμένη,
2605 1296 2685 1357 είς
2735 1294 2867 1349 αὐτὸ
2906 1291 3061 1346 τοῦτο
3105 1291 3484 1362 δυναμωθείσα
3514 1291 3668 1360 παρὰ

2093 1390 2193 1459 τῆς
2207 1391 2267 1443 τὸ
2282 1390 2389 1441 πᾶν
2408 1389 2583 1441 οίκονο
2591 1385 2793 1456 μούσης
2807 1384 3107 1454 δυνάμεως⁹
3125 1380 3241 1436 εἶτα
3264 1381 3670 1449 κατεσκευάσθη

2092 1480 2153 1533 τὸ
2185 1482 2369 1551 γήϊνον
2409 1478 2635 1548 πλάσμα
2678 1478 2775 1545 τῆς
2800 1474 2911 1529 ἄνω
2957 1473 3235 1543 δυνάμεως
3265 1472 3632 1542 ἁπεικόνισμα
3655 1490 3667 1501 ·

2093 1572 2252 1625 τοῦτο
2284 1571 2342 1625 δὲ
2387 1571 2447 1623 τὺ
2488 1569 2626 1634 ζῶον
2679 1569 2708 1619 ὁ
2748 1566 3030 1635 ἄνθρωπος
3059 1580 3073 1594 ’
3104 1564 3197 1616 καὶ
3223 1559 3290 1633 ἦν
3330 1564 3387 1615 ἐν
3430 1561 3576 1631 αὑτῷ
3612 1562 3674 1613 τὺ

2097 1661 2325 1725 θεοειδὲς
2375 1660 2475 1730 τῆς
2524 1659 2717 1729 νοητῆς
2767 1656 2980 1726 φύσεως
3035 1653 3251 1715 κάλλος,
3296 1653 3518 1725 ἀρρήτῳ
3568 1655 3675 1704 τινὶ

425 1746 763 1804 dominatum
795 1752 849 1806 in
896 1768 1021 1807 eum
1062 1754 1354 1817 obtineret,
1383 1755 1596 1810 viribus
1629 1754 1698 1808 ad
1750 1755 1804 1809 id
1838 1770 1991 1810 acce-

2104 1756 2318 1825 Ξυνάμει
2376 1749 2850 1820 συγκεκραμένον’
2904 1747 3074 1800 δεινὸν
3127 1747 3361 1797 ποιεῖται
3420 1743 3514 1796 καὶ
3573 1744 3674 1796 οὑκ

427 1839 533 1907 ptis
566 1854 594 1893 a
618 1851 886 1911 potestate
912 1845 1003 1897 illa
1043 1860 1164 1913 quae
1198 1845 1607 1900 universitatem
1642 1847 1781 1915 regit
1812 1853 1866 1901 et
1895 1846 1994 1899 ad-

2104 1842 2315 1898 Ξινεκτὸν
2347 1843 2372 1894 ὁ
2400 1840 2498 1911 τὴν
2529 1838 2801 1908 περίγειον
2826 1833 3138 1903 οἰκονομίαν
3172 1830 3373 1901 λαχὼν,
3406 1832 3453 1883 εἰ
3484 1833 3549 1883 ἐκ
3573 1830 3673 1900 τῆς

427 1932 737 2001 ministrat;
772 1942 826 1989 et
857 1935 1054 1990 deinde
1085 1943 1231 1992 esset
1255 1936 1533 1990 conditum
1562 1943 1826 1991 terrestre
1859 1935 1995 1990 illud

2104 1932 2405 2003 ὑποχειρίου
2449 1929 2596 1998 αὑτῷ
2649 1926 2867 1997 φύσεως
2913 1922 3359 1993 ἀναδειχθήσεταί
3392 1939 3474 1984 τις
3516 1922 3675 1975 οὐσία

428 2021 736 2092 ﬁgmentum
798 2027 1153 2081 simulacrum
1206 2042 1457 2097 superna
1502 2027 1795 2096 potestatis
1858 2027 1998 2096 (erat

2104 2027 2229 2096 πρὸς
2258 2025 2356 2095 τὴν
2383 2021 2752 2094 ὑπερέχουσαν
2790 2016 2943 2081 ἀξίαν
2974 2013 3322 2084 ὠμοιωμένη.
3361 2014 3433 2065 Τὸ
3460 2014 3505 2065 δ’
3534 2013 3673 2082 ὅπερ

428 2121 607 2168 autem
659 2116 761 2170 hoc
802 2118 1006 2169 animal
1049 2118 1256 2186 homo),
1296 2125 1549 2185 essetque
1592 2116 1648 2170 in
1683 2131 1747 2171 eo
1788 2124 2000 2170 natura:

430 2217 552 2271 quae
600 2206 899 2274 percipitur
951 2206 1344 2275 intelligentia,
1397 2205 1579 2261 divina
1628 2206 2000 2275 pulchritudo,

2097 2117 2187 2168 ἐπὶ
2202 2116 2261 2167 τὸ
2286 2114 2455 2175 πάθος
2476 2109 2751 2181 κατερρύη
2778 2107 2872 2159 τοῦ
2892 2106 3109 2175 φθόνου,
3127 2106 3155 2157 ὁ
3176 2103 3267 2155 ἐπὶ
3301 2103 3489 2174 μηδενὶ
3516 2102 3675 2172 κακῷ

2100 2206 2337 2267 κτισθε“ις
2383 2200 2537 2272 παρὰ
2590 2199 2683 2252 τοῦ
2716 2198 2774 2251 τὸ
2822 2198 2928 2249 πᾶν
2969 2196 3026 2246 ὲν
3062 2194 3354 2262 ἀγαθότητι
3398 2210 3677 2264 συστησα-

431 2292 689 2348 ineffabili
724 2295 960 2365 quadam
992 2296 1192 2350 virtute
1230 2288 1661 2365 contemperata,
1707 2311 1849 2366 :egre
1900 2296 2002 2350 fert

2104 2297 2284 2366 μένου,
2316 2293 2376 2346 τὸ
2408 2294 2503 2363 μὲν
2541 2291 2608 2343 δι’
2637 2287 2919 2359 ἀκριϐείας
2941 2285 3215 2350 διεξιέναι,
3240 2284 3301 2336 οὑ
3340 2287 3439 2355 τῆς
3473 2284 3677 2355 παρού-

427 2390 484 2438 et
523 2399 630 2437 non
659 2383 999 2439 tolerandum
1032 2384 1184 2438 ducit
1229 2385 1274 2438 is
1304 2384 1391 2439 cui
1425 2391 1640 2439 terrena
1678 2385 1873 2456 obtigit
1904 2384 2002 2439 ad—

431 2474 785 2538 ministratio,
836 2475 883 2530 si
915 2491 978 2529 ex
1018 2484 1207 2529 natura
1250 2475 1296 2529 ci
1344 2475 1588 2546 subjecta
1623 2476 1804 2545 aliqua
1845 2491 1997 2531 erce.

2103 2404 2201 2456 σης
2250 2381 2630 2455 πραγματείας
2676 2378 2791 2433 ὲστί
2831 2396 2845 2410 ·
2885 2377 3106 2431 δυνατὸν
3158 2376 3200 2429 δ’
3235 2375 3301 2429 ἂν
3345 2374 3429 2446 είη
3482 2377 3575 2428 καὶ
3607 2376 3681 2428 δι’

2103 2475 2285 2542 ὀλίγου
2316 2475 2427 2535 τοῖς
2458 2469 2863 2538 ἁπειθεστέροις
2893 2464 3234 2537 παραθέσθαι
3267 2465 3357 2518 τὸν
3385 2465 3540 2532 λόγον

432 2580 523 2625 tur
557 2571 795 2624 essentia
825 2572 1125 2626 assimilata
1167 2572 1217 2625 ei
1258 2584 1375 2638 quae
1405 2571 1773 2641 supereminet
1811 2572 2085 2643 dignitati.
2161 2567 2633 2637 Quemadmodum
2699 2573 2876 2618 autem
2932 2562 2998 2616 ad
3045 2559 3263 2615 invidia:
3322 2560 3511 2615 vitium
3581 2560 3680 2616 de-

430 2659 645 2715 ﬂuxerit
679 2665 745 2726 is,
782 2662 875 2731 qui
926 2663 993 2715 ad
1050 2662 1259 2715 nul!um
1310 2661 1513 2715 malum
1560 2668 1778 2716 creatus
1816 2664 1883 2715 ab
1950 2664 2043 2718 illo
2117 2660 2317 2724 fuerat,
2362 2674 2392 2713 a
2443 2674 2552 2729 quo
2608 2658 2921 2711 universum
3000 2654 3054 2707 in
3112 2653 3354 2709 bonitate
3399 2652 3682 2707 conditum

431 2751 556 2815 fuit,
588 2761 776 2806 exacte
806 2754 1024 2823 quidem
1071 2762 1124 2808 et
1174 2766 1427 2810 accurate
1464 2755 1740 2827 persequi,
1775 2770 1883 2810 non
1914 2765 1997 2811 est
2036 2758 2200 2828 hujus
2239 2756 2450 2827 operis;
2500 2752 2567 2809 iis
2603 2760 2783 2807 autem
2817 2750 2907 2821 qui
2944 2758 3073 2804 sunt
3134 2749 3297 2819 paulo
3344 2748 3516 2819 magis
3592 2749 3680 2802 in-

431 2842 659 2909 creduli,
694 2849 881 2915 paucis
904 2849 1103 2918 poterit
1136 2846 1317 2903 alieni
1359 2850 1521 2904 ratio.

502 2935 739 2995 Virtutis
768 2942 912 2995 enim
941 2949 993 2997 et
1025 2943 1141 2997 vitii
1181 2944 1287 2999 sibi
1317 2946 1549 3001 invicem
1584 2947 1992 3003 adversantium

2169 2944 2277 3013 Τῆς
2311 2940 2419 3012 γὰρ
2444 2938 2645 3010 ἀρετῆς
2672 2938 2767 2990 καὶ
2798 2937 2893 3007 τῆς
2927 2934 3122 2996 κακίας
3153 2934 3249 3003 οὑχ
3279 2931 3352 2995 ὡς
3384 2930 3477 2985 δύο
3518 2934 3683 2987 τινῶν

434 3030 817 3086 consideratur
864 3032 1190 3102 discrimen,
1244 3052 1350 3091 non
1410 3045 1669 3108 tanquam
1728 3039 1837 3094 duo
1890 3040 2001 3095 sint

435 3138 557 3192 qua:
601 3132 896 3179 cernantur
939 3128 1288 3196 consistere;
1347 3129 1442 3185 sed
1490 3132 1763 3201 quomodo
1816 3132 1885 3187 ab
1936 3148 2001 3187 eo

436 3214 582 3283 quod
615 3222 717 3279 est,
756 3222 816 3269 ut
876 3216 1164 3274 adversum
1220 3218 1575 3291 distinguitur
1628 3222 1680 3277 id
1714 3223 1859 3293 quod
1893 3239 2003 3277 non

434 3312 539 3369 cst,
592 3320 770 3376 neque
826 3307 933 3361 dici
982 3318 1162 3377 potest
1218 3311 1361 3379 quod
1419 3327 1515 3380 per
1569 3312 1889 3381 bypostasin
1941 3326 2005 3365 ac

435 3396 849 3451 consistentiam
876 3398 1265 3468 distinguatur
1310 3401 1363 3454 id
1404 3401 1547 3469 quod
1579 3418 1690 3455 non
1724 3410 1807 3457 cst
1841 3403 1910 3456 ab
1940 3418 2005 3457 eo

436 3488 582 3555 quod
614 3495 716 3549 est,
747 3488 839 3541 sed
872 3504 980 3541 non
1008 3504 1130 3544 esse
1161 3490 1398 3545 dicimus
1424 3499 1682 3562 tanquam
1708 3493 2001 3548 adversum

435 3580 699 3650 distingui
733 3580 801 3634 ab
833 3594 897 3634 eo
927 3581 1071 3649 quod
1104 3588 1189 3635 est
1220 3597 1382 3648 esse;
1420 3584 1611 3637 eodem
1646 3584 1810 3639 modo
1841 3585 2003 3640 etiam

436 3672 629 3726 vitium
663 3671 984 3727 adversatur
1015 3672 1213 3726 rationi
1248 3673 1485 3738 virtutis,
1517 3691 1639 3731 cum
1669 3692 1766 3747 per
1794 3692 1852 3733 se
1896 3693 2005 3733 non

437 3764 531 3831 sit,
572 3763 668 3820 sed
718 3764 1054 3835 intelligatur
1094 3779 1190 3836 per
1234 3765 1536 3822 absentiam
1569 3768 1687 3839 ejus
1718 3771 1862 3840 quod
1919 3780 2007 3826 est

439 3857 675 3910 melius:
739 3864 794 3912 et
849 3858 1123 3926 quomodo
1177 3857 1412 3913 dicimus
1472 3873 1502 3912 a
1566 3860 1687 3915 visu
1750 3869 2008 3931 tanquam

441 3947 726 4002 adversam
765 3947 1025 4019 distingui
1052 3949 1375 4015 caecitatem,
1411 3966 1535 4006 cum
1570 3968 1667 4023 per
1693 3968 1753 4008 se
1798 3970 1905 4007 non
1939 3954 2010 4009 sit

442 4042 497 4093 in
530 4054 711 4094 rerum
744 4050 939 4095 natura
973 4044 1215 4109 caecitas,
1252 4043 1346 4099 sed
1383 4044 1456 4098 sit
1501 4045 1735 4115 privatio
1764 4045 1885 4115 ejus
1913 4047 2007 4115 qui

442 4130 598 4200 prius
652 4129 829 4186 fuerat
886 4133 1145 4189 habitus:
1196 4134 1269 4188 ita
1319 4136 1484 4189 etiam
1534 4136 1726 4192 vitium
1772 4137 2009 4193 dicimus

442 4222 778 4278 considerari
836 4223 889 4277 in
951 4224 1077 4279 boni
1130 4224 1476 4294 privatione,
1521 4227 1684 4281 veluti
1715 4228 2006 4297 quamdam

444 4313 692 4368 umbram
723 4331 843 4386 quae
871 4316 1070 4371 accidit
1097 4318 1354 4372 transitui
1388 4320 1545 4373 radii.
1577 4319 1845 4385 Quoniam
1878 4336 2008 4390 ergo

2106 3036 2229 3091 καθ’
2266 3034 2561 3087 ὑπόστασιν
2594 3026 2956 3099 φαινομένων,
2987 3026 3021 3095 ἡ
3060 3024 3431 3094 ἁντιδιαστολὴ
3461 3023 3684 3094 θεωρεῖ-

2103 3142 2225 3180 ται·
2259 3124 2371 3178 ἀλλ’
2401 3121 2588 3189 ὥσπερ
2609 3118 3012 3186 ἀντιδιαιρεῖται
3041 3114 3118 3185 τῷ
3141 3114 3256 3167 ὄντι
3287 3114 3346 3166 τὸ
3379 3115 3451 3184 μὴ
3485 3114 3566 3180 ὃν,
3589 3116 3689 3167 καὶ⁸

2105 3218 2204 3270 οὑκ
2236 3215 2349 3267 ἔστι
2379 3211 2497 3264 καθ’
2520 3208 2815 3262 ὑπόστασιν
2846 3208 3016 3260 εἰπεῖν
3042 3207 3101 3259 τὸ
3133 3206 3207 3276 μὴ
3234 3204 3293 3257 ὃν
3326 3205 3686 3258 ἀντιδιαστέλο

2104 3304 2292 3358 λεσθαι
2320 3301 2454 3371 πρὸς
2480 3299 2540 3352 τὸ
2563 3297 2643 3360 ὃν,
2677 3296 2811 3349 ἀλλὰ
2835 3295 2931 3365 τὴν
2963 3293 3302 3365 ἀνυπαρξίαν
3333 3294 3686 3365 ἁντιδιαιρεῖ-

2108 3393 2231 3446 σθαι
2277 3390 2505 3458 λέγομεν
2549 3387 2682 3457 πρὸς
2725 3385 2823 3456 τὴν
2875 3383 3105 3454 ὓπαρξιν
3137 3401 3150 3415 ·
3200 3381 3339 3435 κατὰ
3384 3381 3475 3433 τὸν
3522 3382 3689 3434 αὑτὸν

2106 3483 2304 3555 τρόπον
2349 3481 2442 3534 καὶ
2484 3482 2516 3549 ἠ
2567 3477 2732 3531 κακία
2763 3477 2841 3547 τῷ
2868 3477 2965 3546 τῆς
3014 3475 3212 3547 ἀρετῆς
3258 3473 3687 3544 ἁντικαθέστηκε

2106 3574 2267 3643 λόγῳ,
2289 3574 2351 3625 οὑ
2379 3570 2498 3624 καθ’
2526 3570 2722 3639 ἑαυτήν
2748 3586 2830 3630 τις
2845 3563 2998 3630 οὖσα,
3026 3566 3160 3620 ἀλλὰ
3184 3569 3251 3636 τῇ
3277 3564 3514 3634 ἀπουσίᾳ
3532 3582 3687 3618 νοου-

2111 3668 2243 3738 μένη
2270 3664 2362 3717 τοῦ
2393 3663 2694 3733 κρείττονος
2713 3678 2728 3693 ·
2768 3660 2862 3714 καὶ
2904 3659 3091 3730 ὥσπερ
3125 3658 3304 3728 φαμὲν
3331 3656 3689 3725 ἀντιδιαιρεῖ-

2110 3758 2233 3811 σθαι
2259 3758 2325 3827 τῇ
2362 3755 2546 3826 ὁράσει
2592 3752 2689 3823 τὴν
2720 3753 2991 3822 πήρωσιν,
3034 3750 3095 3803 οὐ
3130 3749 3252 3802 καθ’
3284 3748 3480 3819 ἑαυτὴν
3517 3744 3693 3801 οὖσαν

2108 3850 2166 3901 ὲν
2194 3850 2259 3918 τῇ
2289 3848 2447 3916 φύσει
2478 3844 2576 3916 τὴν
2622 3844 2892 3914 πήρωσιν,
2933 3841 3067 3895 ἀλλὰ
3113 3840 3487 3912 προλαὸούσης
3521 3839 3692 3905 ἕξεως

2111 3940 2363 4011 στέρησιν
2389 3955 2403 3969 -
2455 3936 2597 3989 οὕτω
2645 3935 2737 3988 καὶ
2775 3933 2872 4003 τὴν
2904 3932 3102 3985 κακίαν
3153 3934 3208 3984 ὲν
3251 3934 3317 4004 τῇ
3347 3930 3441 3984 τοῦ
3478 3932 3693 3999 ἀγαθοῦ

2112 4034 2362 4102 στερήσει
2420 4027 2739 4099 θεωρεῖσθαι
2790 4025 3043 4095 λέγομεν,
3086 4017 3197 4076 οἷόν
3249 4040 3368 4076 τινα
3428 4025 3585 4077 σκιὰν
3618 4029 3695 4096 τῇ

2110 4122 2438 4193 διαχωρήσει
2488 4120 2589 4189 τῆς
2640 4120 2853 4181 ἀκτῖνος
2904 4115 3418 4186 ὲπισυμϐαίνουσαν.
3468 4115 3691 4187 Ἐπειδὴ

2109 4214 2335 4284 τοίνυνὴ
2358 4214 2609 4274 ἄκτιστος
2637 4210 2816 4279 φύσις,
2850 4209 2944 4278 τῆς
2972 4209 3239 4278 κινήσεως
3267 4208 3364 4278 τῆς
3391 4206 3532 4261 κατὰ
3559 4225 3687 4279 τρο·

2112 4305 2216 4375 πὴν
2247 4306 2340 4357 καὶ
2374 4300 2672 4374 μεταϐολὴν
2702 4301 2797 4354 καὶ
2826 4299 3103 4354 ἀλλοίωσίν
3131 4301 3276 4352 ἐστιν
3304 4299 3658 4363 άνεπίδεκτος
3676 4318 3689 4329 ·

445 4402 686 4457 increata
718 4418 913 4459 natura
966 4416 1183 4462 nonest
1215 4422 1384 4479 capax
1430 4419 1611 4464 motus
1663 4411 1753 4480 qui
1801 4411 1860 4466 iit
1914 4427 2002 4481 per

2112 4396 2219 4450 πᾶν
2252 4395 2309 4448 δὲ
2341 4394 2399 4448 τὸ
2429 4394 2516 4447 διὰ
2546 4392 2773 4455 κτίσεως
2808 4390 3067 4456 ὑποστὰν,
3108 4389 3382 4458 συγγενῶς
3426 4388 3562 4458 πρὸς
3588 4389 3693 4461 τὴν

444 4495 881 4559 conversionem,
915 4499 1267 4553 mutationem
1299 4510 1351 4553 et
1393 4500 1767 4556 alterationetn
1809 4501 2009 4571 ;quid-

447 4586 580 4654 quid
608 4596 791 4642 autem
841 4590 1094 4644 consistit
1130 4605 1224 4659 per
1263 4592 1618 4656 creationem,
1676 4594 2006 4663 cognatione

446 4676 679 4747 quadam
710 4679 958 4749 jungitur
980 4695 1105 4734 cum
1141 4683 1463 4737 alteratione
1492 4701 1507 4750 ;
1546 4690 1830 4752 propterea
1864 4685 2012 4754 quod

447 4770 566 4839 ipsa
593 4784 808 4841 quoque
834 4781 1098 4827 creatura:
1123 4771 1483 4827 consistentia
1513 4774 1677 4842 cmpit
1712 4774 1780 4827 ab
1808 4775 2008 4829 altera-

447 4862 618 4925 tione,
651 4875 773 4916 cum
799 4863 850 4917 id
882 4864 1026 4934 quod
1067 4879 1173 4919 non
1200 4872 1338 4927 erat,
1373 4864 1573 4919 virtute
1605 4865 1785 4919 divina
1827 4866 2013 4921 tradu-

448 4961 596 5006 ctum
631 4953 702 5007 sit
738 4954 805 5008 ad
844 4958 946 5009 hoc
993 4962 1050 5008 ut
1098 4962 1284 5010 esset:
1337 4965 1522 5010 creata
1562 4966 1740 5011 autem
1793 4966 1913 5013 erat
1958 4967 2014 5014 et

448 5050 693 5113 potestas
720 5044 878 5113 cujus
903 5045 1271 5111 meminimus,
1297 5046 1466 5100 libero
1495 5046 1579 5100 sui
1611 5040 1820 5101 arbitrii
1859 5056 2014 5103 motu

448 5134 655 5206 eligens
697 5134 841 5205 quod
897 5133 1204 5197 videbatur,
1242 5145 1529 5206 postquam
1581 5138 1780 5193 clausit
1820 5139 2013 5195 oculos

449 5230 517 5284 ad
543 5228 598 5285 id
642 5230 787 5301 quod
825 5241 908 5285 est
956 5230 1157 5284 bonum
1208 5238 1263 5285 et
1309 5232 1570 5298 amplum,
1606 5240 1661 5286 et
1705 5232 1773 5286 ab
1807 5232 2014 5287 invidia

452 5328 760 5387 remotum;
811 5318 1087 5390 quomodo
1129 5318 1221 5387 qui
1263 5318 1331 5373 ad
1385 5319 1553 5374 solem
1595 5319 1711 5375 suis
1758 5318 2016 5374 connivet

454 5410 614 5475 ciliis,
645 5413 848 5467 amisso
876 5410 996 5466 visu
1045 5411 1190 5465 videt
1245 5412 1496 5466 tenebras
1525 5428 1539 5467 :
1580 5411 1661 5464 ita
1698 5410 1863 5465 etiam
1898 5409 2011 5474 ille,

454 5517 519 5559 eo
548 5503 669 5574 ipso
699 5504 844 5574 quod
892 5505 1067 5559 noluit
1098 5505 1299 5559 bonum
1324 5503 1531 5568 videre,
1570 5501 1624 5556 id
1655 5511 1837 5557 mente
1863 5514 2017 5554 com—

456 5598 743 5669 prehendit
766 5598 906 5667 quod
932 5606 1014 5653 est
1048 5598 1192 5653 bono
1238 5596 1599 5659 contrarium,
1633 5608 1825 5662 nempe
1872 5591 2015 5646 invi-

445 5697 611 5757 diam.
635 5696 862 5753 Constat
895 5698 1075 5745 autem
1101 5690 1391 5762 cujuslibet
1413 5688 1488 5744 rei
1531 5686 1856 5758 principium
1895 5698 2017 5741 esse

2112 4491 2392 4547 ἀλλοίωσιν
2433 4490 2579 4560 ἔχει·
2625 4487 2755 4541 διότι
2795 4486 2886 4539 καὶ
2930 4483 3065 4555 αὑτὴ
3107 4484 3205 4553 τῆς
3244 4484 3471 4547 κτίσεως
3497 4485 3531 4554 ἡ
3557 4484 3690 4536 ὑπό-

2113 4601 2320 4648 στασις,
2350 4581 2456 4635 ἀπὸ
2493 4577 2827 4640 ἀλλοιώσεως
2853 4576 3076 4647 ἤρξατο,
3108 4574 3200 4628 τοῦ
3233 4575 3307 4644 μὴ
3336 4573 3487 4636 ὄντος
3515 4576 3596 4636 είς
3629 4575 3693 4627 τὸ

2112 4670 2250 4729 εἶναι
2279 4675 2397 4747 θείᾳ.
2427 4672 2651 4743 δυνάμει
2697 4668 3080 4741 μετατεθέντος
3115 4684 3127 4697 ⁸
3184 4666 3375 4736 κτιστὴ
3406 4665 3463 4719 δὲ
3497 4660 3565 4734 ἦν
3594 4669 3692 4719 καὶ

2112 4767 2146 4837 ἡ
2196 4762 2627 4837 μνημονευθεῖσα
2674 4759 2934 4829 δύναμις,
2977 4756 3305 4825 αὑτεξουσίῳ
3335 4755 3596 4825 κινήματι
3628 4757 3694 4808 τὸ

2112 4853 2301 4909 δοκοῦν
2361 4851 2681 4922 αἱρουμένη,
2734 4848 2919 4917 ἐπειδὴ
2962 4846 3094 4918 πρὸς
3140 4846 3199 4897 τὸ
3245 4844 3443 4913 ἀγαθόν
3493 4860 3553 4895 τε
3594 4847 3695 4897 καὶ

2112 4944 2340 5015 ἄφθονον
2365 4943 2603 5012 ἐπέμυσε
2632 4939 2829 5009 νόημα,
2853 4936 3040 5007 ὥσπερ
3064 4938 3090 4989 ὁ
3112 4937 3167 4986 ὲν
3193 4934 3325 5005 ἡλίῳ
3348 4938 3460 4997 τοῖς
3490 4934 3694 5004 βλεφά-

2118 5053 2230 5109 ροις
2261 5032 2531 5088 ἐπιϐαλὼν
2561 5032 2657 5096 τὰς
2687 5030 2836 5100 ὄψεις
2874 5028 3061 5090 σκότος
3093 5028 3193 5098 ὁρᾷ
3218 5067 3232 5092 ,
3271 5025 3413 5079 οὕτω
3440 5028 3694 5091 κάκεῖνος

2115 5127 2265 5199 αὑτῷ
2293 5125 2370 5197 τῷ
2403 5125 2477 5197 μὴ
2509 5123 2730 5193 θελῆσαι
2767 5122 2826 5174 τὸ
2860 5120 3060 5189 ἀγαθὸν
3089 5121 3299 5189 νοῆσαι,
3345 5118 3403 5170 τὸ
3449 5119 3695 5173 ἐναντίον

2112 5218 2190 5290 τῷ
2218 5215 2407 5287 ἁγαθῷ
2434 5213 2747 5284 κατενόησε,
2777 5211 2931 5264 τοῦτο
2958 5209 3015 5261 δέ
3044 5210 3189 5260 ἐστιν
3218 5210 3245 5259 ὁ
3275 5207 3483 5275 φθόνος.
3530 5208 3695 5279 ὀμο-

2112 5311 2261 5380 λογεῖ
2304 5308 2360 5361 δὲ
2390 5307 2588 5371 παντὸς
2616 5306 2938 5377 πράγματος
2981 5300 3154 5372 ἀρχὴν
3197 5298 3302 5351 τῶν
3336 5299 3452 5369 μεθ’
3487 5301 3693 5371 ἑαυτὴν

2114 5403 2254 5458 κατὰ
2293 5402 2353 5457 τὸ
2405 5398 2693 5455 ἀκόλουθον
2740 5394 3239 5466 ὲπισυμϐαινόντων
3286 5392 3464 5446 αἰτίαν
3506 5389 3647 5446 εἶναι
3676 5410 3690 5423 ’

2115 5494 2226 5550 οἷον
2252 5497 2318 5565 τῇ
2350 5493 2528 5563 ὑγεία,
2574 5491 2632 5543 τὺ
2662 5490 2925 5550 εὑεκτεῖν,
2973 5485 3034 5538 τὸ
3080 5483 3430 5554 ἐργάζεσθαι,
3474 5484 3535 5536 τὸ
3564 5475 3691 5537 καθ’

2115 5588 2307 5660 ἡδονὴν
2347 5584 2633 5655 βιοτεύεινο
2681 5583 2748 5650 τῇ
2787 5580 2843 5632 δὲ
2889 5578 3046 5649 νόσῳ,
3088 5576 3147 5630 τὸ
3191 5574 3454 5641 ἀσθενεῖν,
3505 5576 3566 5629 τὸ
3595 5578 3690 5630 ἀν-

2118 5683 2401 5753 ενέργητον
2430 5673 2589 5741 εἶναι,
2633 5672 2694 5726 τὸ
2732 5674 2788 5727 ὲν
2826 5668 2984 5742 ἀηδίᾳ
3026 5667 3124 5741 τὴν
3154 5666 3298 5739 ζωὴν
3328 5666 3469 5740 ἔχειν
3497 5686 3510 5701 ο
3543 5665 3691 5725 οὕτω
