4006 6148
392 274 462 329 i9
1590 226 1848 329 ORATIO
1873 273 2374 330 CATECHETICA.
3130 231 3135 236 .
3562 278 3634 334 ὅθ

398 394 490 448 καὶ
519 391 589 447 τά
623 390 757 446 ἄλλα
808 388 987 443 πάντα
1032 390 1151 452 ταῖς
1205 389 1431 454 οἰκείαις
1475 390 1671 463 ἀρχαῖς
1718 390 1860 445 κατά
1908 391 1968 445 τὸ

2071 406 2291 446 causam
2323 403 2514 444 eorum
2548 404 2673 460 quae
2718 397 2843 460 post
2877 404 2935 446 se
2977 405 3041 446 ex
3076 392 3434 463 consequenti
3487 397 3635 450 acci-

396 482 691 539 ἀκόλουθον
734 481 944 535 ἕπεται.
982 480 1188 551 Ὠσπερ
1217 475 1309 534 οὖν
1348 482 1384 553 ἡ
1432 482 1667 536 ἀπάθεια
1706 482 1806 553 τῆς
1846 483 1966 535 κατ’

393 577 599 648 ἀρετὴν
623 573 765 644 ζωῆς
798 572 939 644 ἀρχὴ
973 571 1068 626 καὶ
1098 571 1352 636 ὑπόθεσις
1370 574 1596 640 γίνεται,
1624 571 1797 635 οὕτως
1820 573 1854 642 ὴ
1879 571 1967 625 διά

392 666 488 720 τοῦ
528 666 724 736 φθόνου
767 664 1024 735 γινομένη
1074 663 1211 734 πρὸς
1256 664 1455 719 κακίαν
1502 663 1664 735 ῥοπὴ,
1704 662 1809 717 τῶν
1845 664 1965 733 μεθ’

394 757 597 829 ἑαυτὴν
633 757 850 810 πάντων
891 755 1308 825 ἀναδειχθέντων
1336 754 1520 808 κακῶν
1549 755 1664 818 ὁδὸς
1708 754 1963 825 κατέστη.

407 850 627 920 Ἐπειδὴ
655 849 763 920 γὰρ
784 848 931 913 ἀπαξ
956 846 1094 918 πρὸς
1117 847 1178 901 τὸ
1203 846 1370 900 κακὸν
1398 845 1495 917 τὴν
1536 846 1707 917 ῥοπὴν
1756 846 1910 917 ἔσχεν
1938 848 1967 899 ὁ

392 944 461 1012 τῇ
510 941 827 1009 ἀποστροφῇ
874 939 973 1009 τῆς
1022 937 1355 1008 ἀγαθὸτητος
1396 938 1454 989 ἐν
1494 936 1673 1007 ἐαυτῷ
1699 938 1966 1006 γεννήσας

395 1033 489 1085 τὸν
524 1032 740 1100 φθόνον,
773 1031 960 1101 ὥσπερ
982 1030 1128 1092 λίθος
1156 1029 1461 1100 ἀκρωρείας
1494 1029 1826 1100 ἀποῤῥαγεὶς
1863 1028 1967 1081 ὐπὸ

395 1123 490 1175 τοῦ
552 1121 684 1175 ίδίου
744 1121 946 1192 βάρους
995 1120 1129 1191 πρὸς
1182 1120 1243 1173 τὸ
1290 1120 1491 1191 πρανὲς
1548 1118 1964 1186 συνελαύνεται,

396 1210 540 1263 οὕτω
578 1209 830 1271 κάκεῖνος
871 1209 969 1276 τῆς
1014 1208 1149 1278 πρὸς
1186 1208 1248 1261 τὸ
1288 1208 1489 1277 ἀγαθὸν
1524 1209 1797 1279 συμφυΐας
1833 1208 1965 1261 ἀπο-

399 1296 682 1360 σπασθεὶς,
708 1299 802 1350 καὶ
828 1297 962 1366 πρὸς
985 1296 1181 1350 κακίαν
1213 1297 1454 1368 βαρήσας
1484 1298 1577 1351 καὶ
1608 1298 1966 1363 κατανεύσας,

398 1389 723 1460 αὐτομάτως
766 1385 877 1442 οἷόν
928 1406 1033 1442 τινι
1080 1390 1235 1460 βάρει
1280 1391 1415 1461 πρὸς
1460 1391 1551 1443 τὸν
1601 1390 1826 1460 ἔσχατον
1870 1391 1968 1461 τῆς

399 1483 665 1553 πονηρίας
690 1482 814 1552 ὅρον
839 1481 1134 1546 συνωσθεὶς
1176 1482 1476 1552 ἀπηνέχθη,
1515 1481 1607 1535 καὶ
1634 1479 1732 1550 τὴν
1758 1481 1969 1550 διανοη-

397 1574 555 1645 τίκὴν
583 1573 812 1645 δύναμιν
838 1575 904 1645 ἢν
932 1577 1012 1638 είς
1052 1576 1150 1646 τὴν
1190 1576 1505 1647 συνέργειαν
1543 1574 1639 1644 τῆς
1675 1573 1768 1627 τοῦ
1796 1573 1969 1643 κρείτ-

395 1680 547 1729 τονος
584 1664 872 1735 μετουσίας
901 1665 1026 1735 ἔσχε
1046 1666 1193 1736 παρὰ
1219 1666 1313 1719 τοῦ
1337 1665 1638 1729 κτίσαντος,
1665 1664 1865 1734 ταύτην
1890 1664 1968 1726 εἰς

2069 480 2241 547 dunt;
2274 487 2333 534 ut
2358 478 2676 543 sanitatem,
2706 480 2849 549 quod
2890 480 3030 535 bona
3065 482 3135 536 sit
3172 482 3452 550 habitudo,
3483 485 3631 553 quod

2069 572 2160 627 ﬁat
2184 571 2450 642 operatio,
2479 570 2624 640 quod
2648 570 2865 625 vivatur
2907 571 2962 625 in
3013 572 3323 642 voluptate:
3357 576 3628 639 morbum,

2067 662 2213 732 quod
2267 662 2338 717 sit
2388 661 2755 725 imbecillitas,
2811 662 2956 731 quod
2991 664 3233 717 exerceri
3293 680 3400 722 non
3457 668 3632 735 possit

2068 754 2333 823 operatio,
2370 752 2515 822 quod
2558 753 2667 805 vita
2704 760 2895 821 agatur
2928 754 2981 806 in
3033 770 3264 809 maerore
3297 764 3351 809 et
3385 758 3628 812 tristitia.

2068 841 2146 896 ita
2178 843 2340 897 etiam
2373 842 2480 895 alia
2512 841 2695 896 omnia
2722 857 2788 897 ex
2824 846 3183 912 consequenti
3242 860 3341 899 sua
3394 862 3634 916 Sequun-

2069 940 2159 986 tur
2218 932 2508 1002 principia.
2573 932 2860 995 Quomodo
2918 948 3049 1003 ergo
3110 934 3492 1005 impatibilitas
3549 946 3633 992 est

2070 1022 2397 1094 principium
2427 1032 2480 1077 et
2527 1022 2941 1076 fundamentum
2974 1022 3096 1077 vita:
3154 1027 3375 1093 agendae
3406 1044 3469 1081 ex
3520 1031 3631 1082 vir-

2066 1122 2219 1168 tute:
2285 1113 2356 1167 ita
2407 1128 2526 1182 qua)
2583 1128 2677 1183 per
2724 1112 2979 1167 invidiam
3042 1114 3109 1168 ad
3176 1117 3374 1170 malum
3422 1120 3634 1172 exsistit

2068 1203 2382 1273 propensio,
2416 1204 2611 1258 muniit
2650 1205 2793 1257 viam
2829 1205 2897 1259 ad
2947 1208 3128 1262 omnia
3179 1211 3320 1263 mala
3353 1228 3472 1281 qua:
3518 1212 3635 1266 fue-

2068 1304 2197 1350 runt
2226 1308 2346 1366 post
2372 1311 2512 1353 eam.
2562 1295 2860 1367 Postquam
2897 1301 3041 1354 enim
3092 1301 3157 1355 ad
3215 1304 3413 1355 malum
3468 1306 3634 1357 semel

2069 1385 2173 1441 fuit
2204 1402 2531 1457 propensus,
2559 1389 2651 1458 qui
2702 1404 2795 1457 per
2823 1390 3165 1445 aversionem
3227 1407 3257 1445 a
3305 1392 3548 1447 bonitate
3581 1395 3633 1446 in

2073 1478 2257 1546 seipso
2286 1479 2471 1549 genuit
2518 1479 2818 1535 invidiam:
2871 1481 3147 1550 quomodo
3180 1482 3318 1552 lapis
3369 1483 3634 1553 abruptus

2070 1583 2099 1622 a
2131 1569 2525 1638 promontorio,
2554 1570 2775 1639 proprio
2814 1572 3054 1640 pondere
3105 1573 3158 1627 in
3192 1572 3399 1630 declive
3443 1576 3633 1631 detru-

2071 1659 2262 1726 ditur,
2317 1662 2395 1715 ita
2446 1662 2610 1716 etiam
2666 1662 2758 1717 ille
2807 1664 3029 1719 avulsus
3076 1679 3105 1717 a
3162 1676 3520 1737 congenerata
3568 1669 3633 1721 ad

396 1751 615 1825 εὕρεσιν
666 1752 775 1807 τῶν
832 1753 970 1807 κατὰ
1028 1754 1224 1808 κακίαν
1274 1752 1669 1824 ἐπινοουμένων
1712 1748 1968 1821 συνεργὸν

2070 1752 2273 1807 bonum
2319 1754 2753 1822 conspiratione,
2804 1765 2857 1809 et
2914 1755 2980 1808 ad
3017 1756 3205 1810 vitium
3261 1766 3517 1826 gravatus
3572 1774 3633 1813 ac

399 1845 786 1916 ποιησάμενος,
840 1846 1160 1915 εὐμηχάνως
1210 1845 1483 1917 διέρχεται
1525 1844 1590 1897 δι’
1630 1843 1843 1913 ἀπάτης
1877 1841 1967 1895 τὸν

401 1934 709 2004 ἄνθρωπον,
725 1936 881 1989 αὐτὸν
903 1936 1096 1989 ἑαυτοῦ
1122 1935 1315 1999 πείσας
1338 1935 1587 2004 γενέσθαι
1609 1934 1773 2003 φονέα
1796 1950 1856 1985 τε
1877 1930 1971 1985 xal.

404 2024 718 2095 αὐτόχειρα.
790 2027 1003 2097 Ἐπειδὴ
1060 2026 1168 2097 γὰρ
1229 2026 1317 2079 διὰ
1361 2027 1459 2095 τῆς
1522 2025 1668 2088 θείας
1727 2023 1973 2091 εὐλογίας

401 2115 738 2187 δυναμωθεὶς
758 2118 785 2170 ὁ
804 2118 1106 2187 ἄνθρωπος,
1131 2116 1331 2186 ὑψηλὸς
1354 2118 1450 2186 μὲν
1470 2112 1537 2186 ἦν
1566 2116 1644 2185 τῷ
1666 2114 1934 2184 ἀξιώματι
1955 2129 1968 2143 ο

407 2209 706 2283 βασιλεύειν
732 2210 837 2278 γάρ
869 2207 1071 2278 ἐτάχθη
1096 2208 1192 2277 τῆς
1227 2208 1327 2277 γῆς
1346 2224 1403 2258 τε
1431 2207 1524 2259 καὶ
1553 2206 1661 2258 τῶν
1690 2208 1772 2257 ἐπ’
1802 2200 1971 2274 αὐτῆς

403 2303 619 2358 πάντων
658 2317 675 2334 ·
732 2301 894 2364 καλὸς
935 2300 988 2353 δὲ
1024 2299 1084 2352 τὸ
1130 2294 1288 2362 εἶδος,
1332 2298 1694 2367 ἀπεικόνισμα
1732 2296 1840 2368 γὰρ
1877 2294 1971 2349 τοῦ

396 2391 708 2464 ἀρχετύπου
757 2391 1000 2459 ἐγεγόνει
1031 2387 1285 2450 κάλλουςο
1326 2387 1545 2456 ἀπαθὴς
1572 2387 1626 2441 δὲ
1662 2388 1759 2457 τὴν
1786 2386 1968 2456 φύσιν,

398 2482 491 2535 τοῦ
535 2482 646 2553 γάρ
694 2479 938 2543 ἀπαθοῦς
980 2479 1200 2550 μίμημα
1233 2474 1301 2549 ἦν
1329 2495 1342 2509 ·
1399 2479 1685 2541 ἀνάπλεως
1727 2478 1783 2531 δὲ
1830 2478 1973 2548 παρα

398 2571 614 2642 ρησίας,
645 2572 815 2642 αὐτῆς
856 2570 998 2623 κατὰ
1038 2571 1328 2641 πρόσωπον
1358 2568 1458 2638 τῆς
1497 2568 1648 2631 θείας
1675 2567 1971 2638 ἐμφανείας

397 2662 759 2732 κατατρυφῶν
777 2680 791 2693 ·
813 2661 987 2714 ταῦτα
1012 2660 1069 2713 δὲ
1086 2659 1163 2730 τῷ
1203 2659 1582 2730 Ἀντικειμένῳ
1598 2659 1690 2712 τοῦ
1720 2658 1861 2711 κατὰ
1881 2657 1972 2711 τὸν

396 2750 590 2819 φθόνον
627 2752 831 2816 πάθους
866 2750 1261 2821 ὑπεκκαύματα
1293 2747 1392 2821 ἦν·
1449 2749 1596 2820 ἰσχύϊ
1640 2749 1697 2801 δέ
1734 2766 1839 2801 τινι
1875 2748 1970 2802 καὶ⁵

398 2843 490 2915 βίᾳ
527 2842 813 2912 δυνάμεως
853 2841 1287 2911 κατεργάσασθαι
1329 2841 1391 2895 τὸ
1421 2840 1559 2895 κατά
1589 2840 1814 2911 γνώμην
1868 2839 1967 2910 οὐχ

396 2929 509 2998 οἷός
550 2949 614 2986 τε
653 2927 723 3002 ἦν
745 2947 759 2960 ·
793 2930 1087 2999 ὐπερίσχυε
1114 2930 1221 3001 γὰρ
1252 2933 1285 3000 ἡ
1311 2930 1412 3000 τῆς
1440 2929 1685 2998 εὐλογίας
1713 2929 1805 2983 τοῦ
1834 2927 1968 2981 Θεοῦ

396 3025 629 3093 δύναμις
657 3022 757 3091 τῆς
803 3020 992 3074 τούτου
1019 3019 1173 3089 βίας⁹
1222 3019 1311 3073 διὰ
1349 3019 1504 3073 τοῦτο
1532 3020 1831 3088 ἀποστῆσαι
1869 3019 1969 3089 τῆς

398 3112 755 3184 ἐνισχυούσης
800 3110 963 3164 αὐτὸν
996 3108 1274 3179 δυνάμεως
1310 3108 1638 3178 μηχανᾶται,
1672 3106 1746 3171 ὡς
1773 3107 1838 3161 ἂν
1877 3107 1968 3159 εὐ-

400 3205 605 3266 άλωτος
641 3199 790 3270 αὐτῷ
838 3200 972 3271 πρὸς
1025 3198 1125 3270 τὴν
1163 3197 1450 3269 ἐπιϐουλὴν
1488 3197 1809 3269 κατασταίη.
1859 3198 1971 3252 Καὶ

398 3295 587 3365 ὥσπερ
619 3294 713 3347 ἐπὶ
752 3291 945 3362 λύχνου
987 3289 1081 3344 τοῦ
1112 3290 1281 3361 πυρὸς
1312 3291 1412 3361 τῆς
1461 3289 1773 3361 θρυαλλίδος
1812 3305 1970 3361 περι-

399 3385 790 3457 δεδραγμένου,
837 3382 892 3434 ετ
923 3398 1005 3444 τις
1035 3378 1308 3434 ἀδυνατῶν
1345 3379 1422 3450 τῷ
1466 3381 1744 3451 φυσήματι
1782 3379 1971 3431 σϐέσαι

399 3476 498 3548 τὴν
539 3477 710 3546 φλόγα
739 3474 880 3535 ὕδωρ
919 3472 1140 3544 ἐμμίξει
1178 3468 1236 3524 ὲν
1264 3468 1343 3542 τῷ
1375 3470 1558 3541 ἐλαίῳ,
1603 3471 1699 3523 κα)¹
1742 3468 1831 3523 διὰ
1873 3469 1972 3538 τῆς

400 3567 643 3629 ἐπινοίας
684 3564 885 3635 ταύτης
932 3562 1250 3634 ἀμαυρώσει
1295 3561 1391 3633 τὴν
1435 3561 1606 3631 φλόγα
1638 3578 1651 3593 ⁸
1703 3560 1873 3625 οὕτως
1903 3561 1972 3614 δι’

398 3657 614 3726 ἀπάτης
643 3657 707 3725 τῇ
744 3652 1059 3724 προαιρέσει
1087 3650 1182 3705 τοῦ
1214 3649 1500 3723 ἀνθρώπου
1525 3649 1623 3721 τὴν
1644 3649 1842 3703 κακίαν
1874 3650 1973 3720 ἐμέ

403 3747 564 3816 μίξας
588 3747 617 3799 ὁ
642 3744 1057 3814 Ἀντικείμενος,
1083 3741 1261 3795 σϐέσιν
1280 3740 1401 3795 τινὰ
1426 3740 1519 3794 καὶ
1542 3741 1863 3811 ἀμαύρωσιν
1874 3740 1973 3811 τῆς

398 3836 646 3904 εὐλογίας
673 3834 946 3903 ἐποίησεν.
980 3824 1087 3895 Ἧς
1117 3830 1522 3900 ἐπιλειπούσης,
1545 3828 1605 3893 ἐξ
1630 3830 1873 3901 ἀνάγκης
1910 3830 1973 3883 τὸ

398 3931 776 4001 ἀντικείμενον
818 3929 1241 3999 ἀντεισέρχεται.
1301 3924 1624 3979 Ἀντίκειται
1655 3925 1712 3977 δὲ
1749 3927 1813 3995 τῇ
1858 3926 1970 3997 ζωῇ

403 4027 499 4095 μὲν
527 4028 556 4079 ὁ
581 4024 829 4087 θάνατος,
854 4023 887 4092 ἡ
915 4020 1168 4075 ἀσθένεια
1198 4019 1255 4072 δὲ
1282 4020 1346 4088 τῇ
1380 4017 1625 4088 δυνάμει,
1655 4020 1722 4089 τῇ
1754 4016 1973 4089 εὐλογίᾳ

397 4113 456 4168 δὲ
497 4116 532 4186 ή
564 4113 792 4186 κατάρα,
822 4114 889 4182 τῇ
938 4110 1219 4181 παρρησίᾳ
1261 4106 1323 4161 δὲ
1371 4108 1678 4179 ήαίσχύνη.
1707 4110 1800 4162 καὶ
1838 4110 1971 4162 πᾶσι

397 4203 511 4268 τοῖς
535 4202 758 4272 ἀγαθοῖς
790 4201 857 4256 τά
880 4199 1017 4254 κατὰ
1035 4200 1094 4253 τὸ
1122 4200 1365 4253 ἐναντίον
1387 4198 1669 4268 νοούμενα.
1699 4197 1799 4251 Διά
1816 4198 1972 4251 τοῦτο

398 4299 457 4349 ἐν
505 4298 618 4359 τοῖς
668 4292 901 4366 παροῦσι
955 4295 1142 4355 κακοῖς
1190 4293 1307 4343 ἐστι
1352 4290 1447 4343 νῦν
1491 4290 1553 4343 τὸ
1602 4288 1970 4362 ἀνθρώπινον,

2071 1842 2397 1907 declinans,
2464 1858 2564 1898 sua
2630 1852 2822 1913 sponte
2886 1846 3051 1899 veluti
3108 1847 3343 1916 quodam
3397 1850 3633 1917 pondere

2071 1932 2388 2002 compulsus
2441 1933 2657 1988 delatus
2710 1934 2814 1988 fuit
2862 1935 2928 1988 ad
2983 1944 3283 1990 extremum
3342 1940 3632 1992 terminum

2073 2020 2479 2092 improbitatis:
2534 2033 2588 2079 et
2645 2025 2753 2079 vim
2805 2026 3075 2095 c0gitandi
3145 2043 3306 2097 quam
3371 2028 3559 2082 habuit
3606 2044 3635 2081 ιι

2070 2112 2331 2167 Creatore
2358 2113 2424 2166 ad
2453 2114 2830 2182 adjumentum
2867 2117 3306 2187 participationis
3342 2120 3461 2188 ejus
3492 2120 3633 2188 quod

2070 2211 2154 2258 est
2182 2204 2397 2266 melius,
2430 2218 2492 2257 ea
2527 2214 2751 2273 accepta
2800 2204 3069 2271 adjutrice
3115 2206 3181 2259 ad
3210 2221 3273 2259 ea
3309 2205 3636 2261 invenienda

2070 2308 2190 2363 qua:
2220 2293 2600 2364 excogitantur
2630 2310 2696 2349 ex
2720 2294 2873 2359 vitio,
2905 2305 3025 2350 astu
3058 2304 3111 2350 et
3139 2294 3329 2352 fraude
3359 2297 3635 2352 hominem

2071 2383 2403 2454 aggreditur,
2436 2386 2484 2440 ei
2519 2387 2850 2455 persuadens
2906 2394 2965 2440 ut
2996 2386 3097 2442 sibi
3130 2396 3357 2443 mortem
3388 2387 3634 2451 inferret,

2072 2483 2125 2529 et
2153 2475 2239 2528 sui
2265 2485 2410 2530 esset
2439 2475 2732 2530 homicida.
2756 2475 2892 2542 Quia
2926 2478 3070 2531 enim
3096 2477 3258 2533 homo
3283 2479 3637 2535 conﬁrmatus

2072 2571 2125 2619 et
2160 2567 2553 2620 corroboratus
2586 2582 2680 2636 per
2710 2566 2948 2621 divinam
2981 2566 3416 2623 benedictionem
3457 2571 3637 2640 ampla

2073 2656 2291 2725 quidem
2343 2667 2396 2712 et
2430 2657 2649 2712 sublimi
2697 2666 2813 2713 erat
2854 2658 3178 2714 auctoritate
3223 2674 3286 2721 ac
3326 2660 3633 2731 dignitate:

2071 2748 2403 2803 constitutus
2454 2749 2597 2802 enim
2632 2759 2768 2813 erat,
2803 2757 2859 2803 ut
2904 2750 2957 2803 in
3013 2758 3178 2815 terra,
3213 2759 3265 2805 et
3296 2751 3350 2806 in
3384 2753 3639 2807 omnibus

2070 2851 2190 2906 quae
2219 2837 2420 2907 inipsa
2456 2847 2583 2895 sunt
2624 2854 2849 2909 regnum
2902 2839 3178 2894 obtineret
3212 2859 3225 2893 :
3288 2849 3406 2895 erat
3456 2849 3636 2895 autem

2068 2929 2339 2985 formosus
2361 2970 2375 2994 ,
2404 2929 2581 2985 factus
2602 2932 2747 2985 enim
2766 2926 2883 2986 erat
2908 2931 2973 2986 ad
2994 2932 3283 3003 imaginem
3305 2934 3639 3004 exemplaris

2073 3021 2534 3090 pulchritudinis;
2568 3030 2685 3077 erat
2716 3032 2896 3077 autem
2926 3022 3244 3095 impatibilis
3274 3032 3489 3088 natura,
3518 3025 3639 3080 imi-

2078 3118 2217 3164 tator
2246 3113 2390 3166 enim
2438 3120 2557 3167 erat
2605 3113 2725 3182 ejus
2758 3114 2850 3183 qui
2881 3121 2964 3168 est
3016 3115 3371 3184 impatibiiis;
3421 3115 3639 3170 dicendi

2075 3209 2252 3254 autem
2283 3201 2533 3256 libertate
2568 3203 2761 3271 plenus
2795 3213 2915 3257 erat
2942 3218 3005 3257 ac
3029 3204 3249 3269 ﬁducia,
3292 3211 3351 3258 ut
3381 3205 3473 3273 qui
3501 3204 3639 3259 facie

2073 3292 2138 3347 ad
2173 3292 2366 3347 faciem
2389 3308 2512 3347 cum
2541 3292 2651 3347 Deo
2678 3293 2726 3348 ei
2756 3303 3051 3362 apparente
3075 3294 3331 3363 loquendi
3360 3296 3639 3365 voluptate

2073 3398 2132 3438 se
2158 3384 2436 3454 expleret;
2470 3383 2584 3449 hac
2618 3391 2797 3439 autem
2835 3384 3153 3439 adversario
3179 3392 3340 3439 erant
3383 3384 3554 3441 fomes
3585 3396 3641 3440 et

2073 3474 2471 3529 irritamentum
2508 3474 2724 3529 invidiae
2745 3515 2759 3538 ,
2793 3474 2841 3528 vi
2881 3481 3061 3529 autem
3091 3483 3279 3544 aperta
3307 3478 3361 3530 et
3386 3476 3640 3544 potentia:

2071 3566 2268 3620 robore
2296 3581 2405 3620 non
2435 3574 2649 3637 poterat
2683 3567 2893 3623 efﬁcere
2921 3568 3063 3636 quod
3089 3567 3322 3621 habebat
3348 3568 3401 3621 in
3430 3567 3637 3629 animo,

2046 3657 2344 3725 .potentior
2400 3658 2547 3712 enim
2608 3666 2727 3713 erat
2787 3660 2870 3714 vis
2932 3659 3027 3713 Dei
3072 3658 3472 3713 benedictionis
3520 3657 3641 3727 ejus

2072 3747 2307 3815 viribus;
2363 3757 2651 3819 propterea
2706 3750 3054 3805 machinatur
3088 3760 3146 3803 ut
3193 3765 3315 3803 eum
3346 3748 3577 3802 abducat
3610 3765 3638 3801 a

2073 3840 2315 3909 potentia
2348 3854 2467 3910 quae
2497 3856 2619 3895 eum
2656 3842 3042 3896 corroborabat
3074 3855 3137 3895 ac
3170 3840 3550 3905 conﬁrmabat,
3581 3850 3641 3894 ut

2072 3931 2188 4002 ipse
2220 3934 2378 3987 facile
2434 3942 2642 4002 pateret
2698 3934 2933 3989 insidiis.
2974 3932 3039 3987 Et
3086 3931 3361 4003 quomodo
3407 3946 3537 3987 cum.
3582 3931 3637 3984 in

2072 4023 2296 4079 lucerna
2330 4024 2470 4095 ignis
2503 4025 2832 4095 ellychnium
2866 4023 3325 4095 apprehenderit,
3364 4036 3465 4077 nec
3509 4022 3636 4075 ﬂatu

2072 4114 2344 4183 quispiam
2381 4115 2554 4183 possit
2586 4114 2858 4167 ﬂammam
2886 4114 3255 4185 exstinguere,
3289 4113 3408 4168 oleo
3438 4125 3634 4180 aquam

2073 4206 2287 4270 miscet,
2314 4213 2367 4261 et
2395 4221 2458 4261 ea
2514 4206 2727 4260 ratione
2784 4204 3054 4259 flammam
3083 4205 3314 4260 debilem
3369 4202 3547 4257 reddit
3583 4209 3639 4256 et

2071 4294 2399 4349 evanidam:
2455 4294 2531 4348 ita
2591 4294 2963 4359 adversarius,
3015 4308 3139 4347 cum
3190 4292 3364 4346 libero
3413 4289 3640 4344 arbitrio

395 4388 496 4457 τῆς
534 4387 708 4457 ἀρχῆς
757 4385 971 4455 ἐκείνης
1033 4382 1273 4437 τοιούτου
1332 4382 1518 4444 τέλους
1569 4382 1666 4447 τάς
1720 4380 1968 4454 ἀφορμὰς

2073 4385 2266 4439 vitium
2294 4387 2707 4449 immiscuisset,
2727 4385 2905 4440 effecit
2927 4394 2985 4439 ut
3011 4381 3411 4453 quodammodo
3433 4380 3640 4436 exstin-

401 4476 809 4546 παρασχούσης.

2073 4483 2332 4545 gueretur
2361 4487 2414 4531 et
2443 4484 2793 4531 evanesceret
2820 4473 3148 4530 benedictio.
3181 4470 3296 4538 Qua
3327 4471 3632 4537 deﬁciente,

399 4578 500 4632 pro
527 4577 590 4618 ea
625 4562 772 4617 subit
821 4559 1174 4615 contrarium.
1248 4559 1582 4615 Adversatur
1632 4570 1809 4614 autem
1861 4561 1985 4616 vitae
2020 4564 2240 4634 quidem
2287 4580 2458 4629 mors,
2499 4566 2708 4620 viribus
2774 4574 2953 4618 autem
2997 4562 3359 4628 imbecillitas,
3409 4562 3637 4618 benedi-

396 4654 567 4708 ctioni
615 4661 795 4708 autem
846 4653 1169 4716 exsecratio,
1207 4652 1417 4707 ﬁduciae
1472 4663 1651 4707 autem
1707 4653 1902 4723 pudor,
1937 4664 1991 4711 et
2037 4658 2292 4714 omnibus
2359 4658 2519 4714 bonis
2568 4672 2631 4713 ea
2662 4673 2782 4728 qua:
2833 4658 3209 4728 intelliguntur
3244 4673 3307 4714 ex
3338 4656 3634 4713 contrario.

398 4746 690 4817 Propterea
778 4736 945 4800 homo
994 4761 1139 4801 nunc
1191 4753 1274 4802 est
1356 4746 1411 4800 in
1465 4746 1626 4801 malis
1657 4748 2037 4817 praesentibus,
2074 4765 2197 4806 cum
2260 4752 2392 4807 illud
2461 4752 2791 4823 principium
2867 4751 2993 4805 talis
3065 4753 3187 4806 linis
3254 4759 3634 4820 argumentum

398 4839 640 4895 dedisset
663 4846 717 4894 et
748 4840 1114 4894 occasionem.

993 4928 1239 4983 ΚΕΦΑΛ.
1280 4931 1354 4983 Z'.

470 5023 577 5078 Καὶ
611 5024 799 5095 μηδεὶς
822 5024 1099 5094 ἐρωτάτω,
1125 5027 1173 5079 εί
1209 5026 1470 5096 προειδὼς
1499 5026 1598 5097 τὴν
1623 5026 1968 5101 ἀνθρωπίνην

407 5115 683 5186 συμφορὰν
727 5118 756 5169 ὁ
795 5115 925 5178 θεὸς
955 5116 1052 5186 τὴν
1086 5117 1150 5169 ἐκ
1193 5118 1291 5188 τῆς
1336 5117 1588 5181 ἀϐουλίας
1634 5118 1783 5190 αὐτῷ
1828 5138 1967 5192 συμ-

404 5201 725 5275 ϐησομένην,
756 5199 920 5277 ἦλθεν
946 5206 1025 5269 είς
1052 5206 1111 5258 τὸ
1153 5207 1336 5260 κτίσαι
1364 5208 1454 5262 τὸν
1484 5208 1785 5280 ἄνθρωπον,
1835 5202 1879 5278 ᾧ
1906 5210 1966 5264 τὸ

338 5343 351 5353 ,
401 5292 475 5364 μὴ
534 5295 785 5363 γενέσθαι
840 5296 1039 5367 μᾶλλον
1089 5297 1235 5361 ἴσως,
1288 5298 1320 5369 ἦ
1371 5298 1432 5351 τὸ
1478 5300 1537 5351 ἐν
1585 5302 1772 5364 κακοῖς
1803 5296 1963 5367 εἶναι,

396 5379 833 5454 λυσιτελέστερον
878 5379 963 5456 ἦν.
1017 5385 1201 5439 Ταῦτα
1230 5386 1336 5456 γὰρ
1378 5389 1426 5440 oi
1469 5390 1581 5451 τοῖς
1611 5390 1966 5459 Μανιχαῖκοῖς

393 5470 621 5542 δόγμασι
651 5472 718 5526 δι’
751 5473 965 5544 ἀπάτης
999 5476 1406 5546 παρασυρέντες
1459 5478 1538 5541 εἰς
1573 5477 1827 5532 σύστασιν
1866 5481 1964 5549 τῆς

393 5563 599 5617 ἑαυτῶν
634 5564 844 5633 πλάνης
881 5565 1288 5634 προϐάλλουσιν,
1316 5569 1391 5631 ὡς
1405 5569 1509 5622 κδιά
1537 5569 1692 5624 τοῦτο
1729 5571 1962 5641 πονηρὸν

393 5650 528 5709 εἶναι
576 5658 671 5710 τὸν
703 5655 802 5728 τῆς
836 5655 1176 5728 ἀνθρωπίνης
1223 5657 1432 5729 φύσεως
1478 5661 1699 5733 κτίστην
1744 5662 1959 5717 ἀποδει-

2666 4932 2896 4989 CAPUT
2915 4932 3027 4988 Vll.

2136 5025 2304 5083 Nemo
2336 5041 2464 5082 vero
2488 5026 2806 5097 interroget,
2839 5040 2907 5079 an
2940 5023 3106 5089 Deus,
3137 5037 3263 5078 cum
3294 5022 3625 5093 providisset

2064 5122 2427 5177 calamitatem
2469 5136 2590 5191 quae
2616 5127 2735 5175 erat
2765 5118 2831 5173 ad
2853 5119 3126 5173 hominem
3144 5127 3369 5173 ventura
3399 5131 3465 5171 ex
3487 5115 3628 5168 malo

2064 5212 2318 5273 consilio,
2369 5212 2438 5265 ad
2482 5210 2779 5265 creandum
2827 5209 3103 5264 hominem
3171 5205 3489 5266 accesserit,
3539 5203 3628 5258 cui

2063 5313 2180 5358 erat
2214 5303 2353 5357 forte
2373 5301 2777 5356 conducibilius
2808 5309 2987 5355 ortum
3021 5315 3129 5353 non
3157 5313 3297 5358 esse,
3320 5308 3479 5362 quam
3508 5308 3631 5350 esse

2062 5395 2119 5448 in
2151 5394 2327 5448 malis.
2343 5394 2605 5459 Quienim
2637 5393 2700 5445 ad
2727 5391 3144 5446 Maniclneorum
3164 5387 3412 5455 dogmata
3438 5384 3627 5441 fraude

2061 5495 2189 5540 sunt
2218 5485 2586 5549 attracti,ha:c
2620 5483 2853 5539 afferunt
2876 5483 2941 5536 ad
2975 5494 3132 5537 suum
3166 5491 3406 5531 errorem
3428 5477 3624 5532 confir~

2062 5574 2338 5637 mandum,
2378 5580 2431 5628 et
2464 5589 2560 5643 per
2586 5573 2687 5627 hoc
2718 5572 3011 5627 ostendunt
3054 5582 3176 5622 esse
3221 5568 3421 5621 malum
3473 5580 3625 5621 crea-

2060 5672 2231 5721 torem
2254 5664 2501 5719 humanae
2532 5671 2757 5718 naturae.
2788 5659 2918 5714 Nam
2968 5658 3013 5714 si
3040 5656 3182 5714 Deus
3211 5656 3426 5729 quidem
3456 5672 3521 5712 ex
3553 5656 3620 5710 iis
