4006 6148
445 288 515 343 51
1676 285 1732 337 8.
1776 280 2103 337 GREGORII
2140 278 2433 340 NYSSENI
3616 260 3690 316 33

448 430 575 487 qua:
607 420 757 476 sunt,
779 411 911 467 nihil
943 413 1152 483 ignorat
1178 430 1190 465 :
1216 418 1299 466 est
1330 414 1509 462 autem
1536 405 1700 460 homo
1732 406 1785 458 in
1819 404 2011 457 malis:

2128 396 2387 456 κνύοντες,
2440 391 2503 444 Et
2533 388 2643 460 γὰρ
2670 387 2855 456 ἀγνοεί
2885 383 2984 456 μὲν
3014 382 3120 437 τῶν
3148 381 3315 436 ὄντων
3355 382 3384 433 ό
3415 378 3546 436 Θεὸς
3594 380 3683 431 οὑ-

456 520 564 559 non
614 504 799 573 utique
848 504 994 558 salva
1050 503 1154 555 erit
1196 502 1337 555 ratio
1390 498 1486 552 Dei
1517 496 1799 560 bonitatis,
1841 496 1886 557 si
1921 497 2020 548 ho-

454 598 654 650 minem
700 595 765 647 ad
814 595 980 646 vitam
1040 593 1361 655 deduxerit,
1410 592 1501 661 qui
1547 590 1767 645 futurus
1807 601 1927 645 erat
1965 591 2020 643 in

456 690 634 742 malis.
693 686 749 740 Si
814 687 957 741 enim
1019 686 1176 740 bonae
1242 694 1451 739 naturae
1506 682 1731 737 omnino
1782 688 1865 736 est
1902 698 2022 750 qua:

452 797 517 833 cx
556 786 698 833 bono
716 787 798 832 est
824 779 1103 848 operatio,
1153 777 1352 830 misera
1399 777 1513 829 hare
1548 775 1656 828 vita
1698 782 1752 829 et
1789 776 2019 835 caduca,

453 870 722 938 malisque
760 880 810 924 et
859 869 1104 923 interitui
1144 868 1400 933 obnoxia,
1431 884 1538 921 non
1582 868 1777 936 utique
1809 876 1893 921 est
1927 866 2022 920 ad-

453 961 744 1015 scribenda
795 960 917 1030 ejus
966 961 1059 1029 qui
1096 960 1274 1013 bonus
1308 969 1389 1012 est
1429 960 1667 1028 opilicio,
1700 958 1796 1012 sed
1841 957 2023 1012 existi-

452 1052 709 1105 mandum
742 1063 826 1106 est
860 1051 1027 1103 alium
1063 1066 1187 1104 esse
1222 1059 1501 1104 auctorem
1540 1051 1704 1119 hujus
1734 1051 1878 1113 vitae,
1925 1065 2022 1103 cu-

446 1142 538 1211 jus
568 1151 763 1195 natura
785 1134 1056 1211 prepensa
1079 1152 1160 1197 es!
1186 1141 1252 1194 ad
1279 1143 1501 1195 malum.
1524 1141 1657 1194 Nam
1682 1142 1796 1195 haec
1816 1143 2018 1206 omnia,

450 1241 505 1288 et
561 1248 683 1303 qua:
730 1240 858 1287 sunt
893 1232 1186 1302 ejusmodi,
1234 1232 1302 1285 iis
1349 1233 1568 1301 quidem
1621 1234 1715 1302 qui
1764 1242 2019 1303 tanquam

453 1325 700 1377 fallacem
732 1325 1021 1391 quemdam
1060 1325 1296 1378 colorem
1332 1325 1642 1378 luereticam
1683 1325 1929 1379 fraudem
1966 1326 2019 1379 in

452 1412 726 1484 profundo
757 1414 1111 1479 iinbiberunt,
1141 1414 1401 1469 videntur
1440 1416 1641 1471 habere
1685 1419 1793 1470 vim
1825 1433 2021 1486 quam-

453 1506 577 1559 dam
646 1521 742 1575 per
792 1516 1144 1576 apparentem
1203 1509 1498 1576 quamdam
1579 1509 2019 1577 probabilitatem

454 1598 743 1665 superﬁcie
771 1605 929 1652 tenus
960 1617 973 1651 :
1004 1598 1071 1652 iis
1108 1605 1287 1652 autem
1328 1599 1419 1667 qui
1460 1600 1700 1653 veritatis
1743 1608 1871 1654 sunt
1898 1615 2020 1669 per-

455 1685 856 1754 spicientiores,
898 1694 1079 1756 aperte
1111 1698 1413 1741 cernuntur
1452 1688 1745 1753 imbecilla,
1800 1697 1854 1743 et
1884 1704 2021 1758 quo-

455 1790 576 1827 rum
617 1789 829 1830 errores
852 1791 905 1829 tn
944 1784 1195 1845 promptu
1228 1784 1310 1830 est
1341 1777 1649 1832 ostendere.
1678 1778 1806 1831 Mihi
1839 1786 2018 1832 autem

460 1865 671 1919 videtur
698 1874 842 1920 recte
872 1867 1091 1930 habere,
1139 1868 1183 1920 si
1211 1867 1264 1920 in
1299 1868 1382 1922 his
1414 1868 1753 1923 adducamus
1779 1869 2017 1938 Aposto-

453 1955 563 2008 lum
604 1956 657 2009 in
710 1954 1083 2011 defensionem
1117 1974 1307 2011 eorum
1344 1974 1464 2029 quae
1493 1967 1686 2012 contra
1704 1975 1799 2015 eos
1820 1961 2019 2013 dicun-

453 2054 561 2099 tur.
594 2045 655 2100 ln
692 2048 757 2101 iis
788 2052 933 2101 enim
963 2064 1083 2118 qua’
1121 2050 1313 2102 scribit
1347 2053 1412 2103 ad
1442 2050 1779 2119 Corinthios,
1827 2053 2023 2106 distin-

456 2138 572 2205 guit
601 2139 847 2191 carnales
882 2147 936 2192 et
970 2140 1283 2208 spirituales
1316 2141 1623 2194 animarum
1662 2144 2020 2197 constitutio-

456 2243 574 2293 nes,
602 2243 698 2296 per
727 2244 789 2281 ea
822 2244 942 2297 qum
988 2229 1269 2293 dicuntur,
1322 2231 1396 2283 uti
1448 2232 1663 2299 opinor,
1707 2235 2022 2298 ostendens,

457 2320 605 2389 quod
645 2320 845 2374 bonum
875 2329 968 2373 aut
999 2322 1200 2373 malum
1236 2337 1342 2374 non
1378 2331 1461 2376 est
1503 2339 1666 2377 sensu
1714 2325 2023 2392 dijudican-

456 2412 620 2475 dum;
659 2412 752 2465 sed
789 2419 969 2466 mente
1003 2412 1239 2466 abducta
1273 2414 1341 2466 ab
1374 2414 1442 2469 iis
1472 2431 1591 2483 qua:
1622 2426 1885 2487 apparent
1930 2435 2022 2473 ex-

459 2509 542 2553 tra
571 2516 790 2570 corpus,
826 2501 951 2555 boni
981 2511 1035 2557 et
1064 2504 1325 2557 contrarii
1363 2504 1531 2573 ipsam
1558 2522 1681 2560 csse
1712 2523 1804 2575 per
1834 2524 1892 2562 se
1915 2507 2027 2564 dis-

458 2593 784 2646 cernendam
818 2603 1100 2668 naturam,
1132 2595 1442 2663 Spiritualis
1480 2597 1648 2662 enim,
1693 2598 1890 2668 inquit,
1940 2602 2026 2653 αἱ·
2066 2614 2082 2625 ·

459 2684 661 2743 iudicat
694 2688 871 2738 omnia
892 2658 1105 2751 ³.(ὶυοί1
1138 2694 1320 2741 autem
1357 2689 1392 2741 ii
1416 2690 1510 2757 qui
1540 2690 1654 2745 hzrc
1685 2690 2028 2755 aiferuntJa-

458 2778 653 2832 bulosa
709 2778 824 2831 haec
860 2779 1113 2849 dogmata
1170 2780 1560 2846 conﬁnxerint,
1593 2781 1836 2837 arbitror
1881 2785 2028 2839 hanc

459 2869 631 2923 fuisse
675 2884 919 2936 causam,
961 2871 1105 2939 quod
1157 2874 1462 2942 corporalis
1509 2874 1805 2943 voluptatis
1840 2878 2027 2931 suavi-

461 2968 574 3013 tate
607 2961 809 3014 bonum
833 2961 1180 3027 deﬁnientes,
1206 2972 1497 3033 propterea
1536 2964 1681 3033 quod
1721 2965 2024 3021 aﬂ'ectioni-

460 3052 563 3107 bus
598 3059 651 3106 et
691 3052 893 3108 morbis
926 3053 1239 3107 necessario
1266 3056 1502 3109 obnoxia
1534 3064 1616 3109 est
1651 3057 1899 3124 corporis
1926 3072 2025 3109 na-
2054 3064 2098 3122 ο

462 3154 605 3209 tura,
643 3153 702 3198 ut
731 3160 851 3214 quae
892 3146 963 3200 sit
987 3146 1311 3215 composita,
1360 3156 1413 3201 et
1447 3145 1579 3201 ﬂuat
1609 3146 1674 3200 ad
1701 3147 2023 3202 dissolutio-

460 3252 582 3291 nem
616 3255 629 3291 :
664 3236 932 3307 ejusmodi
959 3245 1137 3291 autem
1176 3236 1490 3293 aﬂ‘ectiones
1512 3240 1869 3309 consequitur
1904 3239 2028 3308 qui-

460 3327 586 3381 dam
627 3344 824 3382 sensus
858 3327 1101 3382 dolorem
1134 3327 1389 3393 aﬂ‘erens,
1433 3328 1726 3381 humanam
1775 3336 2029 3381 naturam

460 3419 587 3472 mali
616 3435 751 3488 opus
785 3434 908 3478 esse
937 3419 1275 3473 existimant.
1319 3418 1454 3472 Nam
1479 3420 1524 3474 si
1556 3420 1846 3475 Sublimius
1890 3421 2031 3489 aspi-

460 3518 613 3566 ceret
669 3526 861 3565 eorum
927 3511 1205 3580 cogitatio,
1252 3519 1307 3565 et
1350 3512 1419 3564 ab
1453 3526 1516 3565 ea
1554 3512 1752 3581 quaein
1792 3513 2031 3581 volupta-

461 3603 611 3656 tibus
640 3608 893 3656 versatur
927 3598 1213 3656 affectione
1267 3610 1451 3657 mente
1491 3605 1681 3671 procul
1728 3605 2021 3669 collocata,

462 3694 878 3748 considerarent
908 3694 1064 3748 liberi
1100 3695 1167 3749 ab
1200 3696 1366 3747 animi
1399 3696 1811 3765 perturbatione
1840 3714 2026 3752 rerum

461 3802 583 3855 qum
616 3794 745 3840 sunt
798 3794 1071 3853 naturam,
1100 3802 1209 3841 non
1240 3789 1621 3843 existimarent
1652 3791 1854 3844 malum
1881 3791 2030 3845 aliud

462 3894 585 3935 esse
613 3895 776 3949 quam
816 3880 1007 3933 vitium
1037 3888 1089 3934 et
1115 3881 1540 3950 improbitatem.
1592 3881 1795 3937 Vitium
1843 3893 2027 3938 autem

463 3985 627 4024 omne
668 3979 722 4024 et
750 3970 1067 4038 improbitas
1102 3971 1154 4022 in
1178 3970 1303 4023 boni
1348 3971 1655 4040 privatione
1684 3986 1841 4026 suam
1870 3971 2032 4025 habet

464 4062 696 4117 formam
718 4070 773 4117 et
810 4063 1205 4125 characterem,
1227 4078 1348 4117 cum
1373 4078 1468 4133 per
1499 4078 1558 4117 se
1590 4078 1697 4116 non
1732 4063 1824 4125 sit,
1856 4077 2031 4130 neque

461 4153 838 4209 consideretur
871 4155 925 4208 in
970 4169 1035 4208 eo
1077 4154 1219 4226 quod
1263 4155 1550 4207 consistat.
1607 4152 1828 4206 Nullum
1887 4154 2031 4208 enim

461 4247 662 4300 malum
689 4262 784 4316 per
820 4261 879 4299 sc
916 4245 1078 4299 situm
1114 4251 1197 4298 est
1223 4251 1378 4298 extra
1409 4243 1634 4297 liberam
1670 4243 1885 4297 arbitrii
1920 4244 2031 4298 cle-

461 4339 734 4405 ctionem;
786 4336 883 4393 sed
937 4337 1009 4389 ita
1069 4335 1455 4390 dcuominatur
1505 4349 1570 4389 ex
1610 4349 1677 4389 eo
1725 4333 1871 4404 quod
1921 4350 2029 4389 non

2121 488 2230 550 δὲν,
2265 489 2323 540 ὲν
2354 486 2539 545 κακοῖς
2566 482 2622 534 δὲ
2644 482 2672 533 ὁ
2698 478 2981 549 ἄνθρωπος
3001 490 3014 504 ⁸
3060 473 3238 527 οὐκέτ’
3270 471 3335 525 ἂν
3364 473 3391 523 ό
3418 470 3516 540 τῆς
3549 472 3693 534 ἀγα-

2123 578 2342 647 θότητος
2366 575 2459 627 τοῦ
2492 573 2625 625 Θεοῦ
2660 569 2975 634 διασώζοιτο
3005 567 3183 635 λόγος,
3226 562 3383 634 εἴπερ
3412 565 3469 614 ἐν
3502 564 3693 624 κακοῖς

2126 663 2386 733 μέλλοντα
2439 663 2530 712 τὸν
2586 659 2868 729 ἄνθρωπον
2933 655 3191 726 ζήσεσθαι
3248 652 3384 723 πρὸς
3436 647 3528 702 τὸν
3579 648 3694 718 βίον

2123 754 2433 823 παρήγαγε.
2483 750 2544 802 Ei
2590 750 2698 819 γὰρ
2747 748 2959 817 ἀγαθῆς
2990 745 3205 815 φύσεως
3237 745 3271 812 ή
3321 742 3461 796 κατά
3492 741 3695 806 ἀγαθὸν

2123 845 2367 914 ἐνέργεια
2389 843 2604 904 πάντως
2629 841 2795 905 ἐστὶν,
2819 843 2848 893 ό
2867 840 3108 908 λυπηρὸς
3133 829 3286 899 οὗτος
3311 837 3404 887 καὶ
3433 836 3696 904 ὲπίκηρος

2125 936 2238 1005 βίος
2290 934 2466 988 οὐκέτ’
2520 933 2605 997 ἂν,
2656 933 2837 1001 φησὶν,
2881 932 2961 993 είς
2993 930 3090 999 τὴν
3140 927 3234 981 τοῦ
3285 926 3488 995 ἀγαθοῦ
3536 927 3697 995 δημι-

2122 1026 2348 1094 ουργίαν
2396 1023 2686 1091 ἀνάγοιτο·
2742 1021 2855 1073 ἀλλ’
2913 1020 3097 1090 ἓτερον
3154 1018 3258 1088 χρὴ
3309 1018 3407 1087 τῆς
3440 1016 3697 1085 τοιαύτης

2124 1114 2267 1185 ζωῆς
2295 1114 2470 1167 αἴτιον
2494 1112 2718 1177 οἴεσθαι,
2748 1105 2792 1179 ᾧ
2823 1111 2959 1181 πρὸς
2989 1110 3250 1179 πονηρίαν
3283 1110 3316 1178 ἡ
3348 1108 3505 1176 φύσις
3536 1108 3695 1178 tmp-

2126 1205 2305 1275 ρεπῶς
2336 1204 2469 1274 ἔχει.
2498 1202 2680 1256 Ταῦτα
2714 1201 2825 1272 γὰρ
2856 1202 3031 1256 πάντα
3074 1203 3166 1254 καὶ
3210 1201 3278 1254 τὰ
3306 1201 3551 1263 τοιαῦτα,
3582 1205 3694 1264 τοῖς

2127 1298 2226 1368 μὲν
2260 1299 2316 1349 ἐν
2346 1294 2521 1367 βάθει,
2557 1294 2809 1368 καθάπερ
2860 1293 2979 1347 τινὰ
3023 1293 3338 1363 ψευδοποιδν
3385 1293 3559 1363 βαφὴν
3594 1293 3694 1363 τὴν

2124 1389 2405 1460 αἱρετικὴν
2439 1386 2925 1459 πανραδεδεγμένοις
2968 1387 3217 1456 ἀπάτην,
3272 1386 3422 1455 ἰσχύν
3450 1403 3570 1438 τινα
3604 1386 3695 1439 διὰ

2122 1481 2223 1551 τῆς
2263 1479 2579 1533 ἐπιπολαίου
2633 1479 2985 1549 πιθανότητος
3040 1477 3184 1547 ἔχειν
3238 1477 3422 1529 δοκεῖ’
3475 1479 3587 1539 τοῖς
3635 1477 3694 1529 δὲ

2123 1572 2586 1644 διορατικωτέροις
2612 1571 2709 1641 τῆς
2737 1569 2991 1639 ἀληθείας
3034 1568 3208 1639 σαθρὰ
3237 1568 3395 1632 15ντε1.,
3432 1568 3523 1620 καὶ
3558 1569 3693 1637 πρό-

2123 1683 2304 1736 χειρον
2328 1664 2424 1736 τὴν
2443 1664 2541 1734 τῆς
2570 1662 2784 1731 ἀπάτης
2812 1660 3080 1724 ἀπόδειξιν
3105 1660 3314 1729 ἔχοντα,
3349 1659 3534 1728 σαφῶς
3560 1659 3693 1713 καθ-

2124 1760 2338 1828 ορᾶται.
2391 1756 2505 1809 Καί
2536 1772 2625 1824 μοι
2672 1755 2818 1808 δοκεῖ
2856 1752 3034 1814 καλῶς
3063 1754 3205 1822 ἔχειν
3247 1751 3338 1804 τδν
3378 1752 3694 1806 Ἀπόστολον

2124 1851 2182 1902 ὲν
2231 1848 2440 1910 τούτοις
2493 1848 2787 1917 συνήγορον
2826 1845 2924 1915 τῆς
2978 1846 3097 1897 κατ’
3143 1843 3303 1896 αὑτὸν
3353 1844 3694 1914 παρηγορίας

2125 1938 2551 2009 προστήσασθαι.
2600 1939 2810 2007 Διαιρεῖ
2835 1935 2940 2006 γὰρ
2972 1936 3028 1987 ἐν
3076 1936 3152 2005 τῷ
3199 1933 3333 2005 πρὸς
3375 1935 3695 2004 Κορινθίους

2123 2031 2265 2100 λόγῳ
2297 2030 2396 2092 τάς
2442 2046 2500 2081 τε
2547 2027 2867 2098 σαρκώδεις,
2918 2025 3141 2088 καὶτὰς
3182 2026 3559 2095 πνευματικὰς
3585 2025 3695 2079 τῶν

2123 2122 2310 2193 ψυχῶν
2342 2122 2701 2183 καταστάσεις
2728 2138 2742 2151 ο
2790 2121 3023 2183 δεικνὺς,
3069 2116 3240 2189 οἶμαι,
3276 2120 3361 2173 διὰ
3407 2119 3514 2171 τῶν
3542 2120 3695 2188 λεγο-

2130 2215 2333 2283 μένων,
2372 2216 2452 2267 ὅτι
2499 2212 2559 2264 οὐ
2605 2212 2671 2264 δι’
2704 2211 3007 2281 αἰσθήσεως
3054 2212 3115 2264 τὺ
3160 2212 3321 2265 καλὸν
3354 2212 3386 2281 ἦ
3417 2212 3475 2263 τὸ
3525 2214 3695 2266 κακὶν

2127 2304 2389 2372 προσήκει
2424 2301 2649 2372 κρίνειν,
2686 2300 2800 2352 ἀλλ’
2830 2299 2934 2366 ἔξω
2964 2300 3073 2354 τῶν
3108 2302 3247 2354 κατά
3281 2301 3342 2353 τὸ
3374 2300 3529 2371 σῶμα
3573 2319 3698 2371 φαι-

2126 2393 2366 2463 νομένων
2390 2393 2480 2445 τὺν
2509 2392 2633 2445 νοῦν
2659 2393 3058 2461 ἀποστήσαντα,
3085 2392 3252 2463 αὑτὴν
3281 2393 3366 2461 ἐφ’
3385 2393 3582 2464 ἑαυτῆς
3603 2394 3697 2445 τοῦ

2127 2484 2295 2537 καλοῦ
2321 2502 2381 2537 τε
2429 2485 2522 2538 καὶ
2550 2485 2643 2537 τοῦ
2673 2484 2912 2537 ἐναντίου
2950 2484 3242 2553 διακρίνειν
3285 2484 3381 2556 τὴν
3412 2485 3591 2554 φύσιν.
3634 2488 3698 2539 Ὃ

2126 2575 2234 2647 γὰρ
2288 2577 2702 2645 πνευματικὸς,
2763 2575 2947 2645 φησὶν,
3002 2576 3309 2642 ἀνακρίνει
3358 2577 3431 2628 τὰ
3479 2578 3699 2632 πάντα,

2127 2666 2342 2737 Ταύτην
2374 2652 2525 2737 οἶμαι
2557 2666 2653 2737 τὴν
2687 2669 2865 2719 αἰτίαν
2906 2667 3005 2736 τῆς
3046 2666 3151 2718 τῶν
3183 2667 3463 2737 δογμάτων
3495 2669 3699 2722 τούτων

2132 2757 2468 2828 μυθοποιίας,
2508 2760 2619 2821 τοῖς
2647 2757 2717 2809 τά
2742 2757 2964 2810 τοιαῦτα
2996 2761 3355 2826 προφέρουσιν
3382 2758 3446 2810 ἂν
3474 2760 3702 2829 γεγενῆ-

2131 2848 2274 2913 σθαι,
2298 2851 2377 2901 ὅτι
2408 2849 2542 2919 πρὸς
2572 2848 2634 2900 τὸ
2655 2848 2752 2917 ἡδὺ
2780 2849 2876 2918 τῆς
2903 2849 3216 2918 σωματικῆς
3247 2848 3595 2912 ἀπολαύσεως
3640 2851 3700 2902 τὸ

2129 2940 2330 3008 ἀγαθὸν
2367 2938 2691 3009 ὁριζόμενοι,
2727 2939 2813 2991 διὰ
2840 2938 2899 2991 τὸ
2928 2939 3123 2992 πάθεσι
3158 2940 3248 2991 καὶ
3274 2940 3699 3009 ἀρρωστήμασιν

2132 3027 2446 3080 ὑποκεῖσθαι
2498 3027 2616 3080 κατ’
2660 3028 2903 3096 ἀνάγκην
2950 3028 3046 3098 τὴν
3095 3027 3187 3079 τοῦ
3248 3026 3493 3092 σώματος
3542 3029 3701 3096 φύσιν

2134 3118 2383 3172 σύνθετον
2410 3114 2573 3171 οὖσαν
2599 3118 2691 3170 καὶ
2715 3120 2794 3180 είς
2822 3118 3062 3171 διάλυσιν
3093 3120 3320 3189 ῥέουσαν
3342 3160 3355 3182 ,
3405 3121 3699 3173 ἐπακολου-

2130 3208 2242 3262 Θεῖν
2285 3210 2341 3263 δέ
2373 3226 2488 3272 πως
2516 3212 2628 3271 τοῖς
2665 3209 2922 3273 τοιούτοις
2956 3210 3270 3280 παθήμασιν
3299 3212 3550 3281 ἀλγεινὴν
3578 3229 3699 3263 τινα

2132 3300 2401 3372 αἴσθησιν,
2456 3300 2690 3371 πονηροῦ
2738 3299 2834 3371 τὴν
2879 3300 3317 3370 ἀνθρωποποιίαν
3368 3302 3524 3373 ἔργον
3562 3298 3701 3354 εἶναι

2130 3392 2458 3462 νομίζουσιν.
2524 3391 2611 3454 Ὠς
2659 3392 2772 3459 εἴγε
2822 3391 2955 3462 πρὸς
2999 3390 3067 3443 τὸ
3107 3392 3431 3462 ὑψηλότερον
3478 3392 3704 3446 ἔϐλεπεν

2131 3484 2311 3546 αὑτοῖς
2336 3485 2369 3554 ή
2398 3483 2620 3546 διάνοια,
2651 3483 2744 3536 καὶ
2769 3483 2866 3553 τῆς
2897 3484 3023 3553 περί⁴
3050 3483 3148 3545 τὰς
3195 3484 3385 3553 ἡδονὰς
3410 3483 3701 3545 διαθέσεως

2131 3576 2221 3629 τὸν
2246 3574 2369 3628 νοῦν
2399 3575 2802 3639 ἀποικίσαντες,
2850 3574 3074 3637 ἀπαθῶς
3103 3575 3436 3627 ἐπεσκόπουν
3466 3574 3564 3643 τὴν
3592 3574 3701 3627 τῶν

2132 3671 2298 3726 ὄντων
2338 3671 2516 3740 φύσιν,
2548 3672 2646 3724 οὑκ
2674 3671 2739 3725 ἂν
2770 3670 2895 3724 ἄλλο
2943 3690 2994 3724 τι
3041 3673 3210 3725 κακὸν
3249 3667 3385 3723 εἶναι
3429 3674 3579 3742 παρά
3608 3670 3704 3741 τὴν

2134 3768 2396 3837 πονηρίαν
2430 3765 2707 3837 ᾠήθησαν.
2744 3766 2985 3836 Πονηρία
3012 3766 3068 3818 δὲ
3099 3766 3246 3817 πᾶσα
3273 3766 3330 3816 ὲν
3352 3767 3413 3835 τῇ
3445 3764 3538 3816 τοῦ
3569 3766 3704 3831 ἁγα-

2134 3859 2227 3913 θοῦ
2258 3859 2505 3931 στερήσει
2551 3858 3030 3930 χαρακτηρίζεται,
3075 3858 3135 3909 οὑ
3168 3856 3288 3909 καθ’
3316 3856 3516 3926 ἑαυτὴν
3548 3854 3703 3923 οὖσα,

2133 3950 2254 4002 οὑδὲ
2302 3950 2419 4003 καθ’
2463 3950 2754 4002 ὑπόστασιν
2786 3949 3150 4019 θεωρουμένη.
3200 3948 3383 4001 Κακὸν
3418 3948 3525 4018 γὰρ
3557 3948 3703 4001 οὐδὲν

2134 4038 2239 4105 ἔξω
2274 4039 2642 4110 προαιρέσεως
2692 4040 2776 4107 ἐφ’
2825 4037 3016 4090 ἑαυτοῦ
3061 4040 3279 4101 κεῖται,
3332 4036 3465 4089 ἀλλά
3508 4036 3587 4107 τῷ
3632 4038 3702 4107 μὴ

2135 4128 2272 4184 εἶναι
2316 4132 2375 4183 τὸ
2405 4130 2607 4197 ἀγαθὸν
2649 4129 2790 4183 οὕτω
2834 4128 3281 4198 κατονομάζεται.
3316 4129 3387 4181 Τὸ
3416 4128 3472 4181 δὲ
3518 4130 3592 4200 μὴ
3623 4128 3703 4193 ὂν,

2135 4223 2232 4292 οὐχ
2265 4221 2566 4292 ὑφέστηκε’
2597 4220 2688 4272 τοῦ
2726 4221 2781 4273 δὲ
2826 4221 2900 4291 μὴ
2948 4221 3255 4288 ὑφεστῶτος
3297 4219 3625 4290 δημιουργὸς
3677 4220 3704 4271 ὁ

2136 4318 2243 4368 τῶν
2277 4314 2596 4384 ὑφεστώτων
2625 4313 2955 4384 δημιουργὸς
2987 4314 3087 4366 οὑκ
3136 4313 3302 4366 ἔστιν.
3351 4310 3557 4365 Οὐκοῦν
3603 4311 3705 4376 ἔξω

462 4430 535 4485 sit
572 4430 794 4483 bonum.
847 4428 999 4494 Quod
1052 4436 1232 4482 autem
1290 4434 1541 4489 nonest,
1594 4439 1702 4479 non
1755 4427 2028 4481 consistit.

2136 4408 2235 4479 τῆς
2258 4408 2366 4460 τῶν
2389 4406 2571 4460 κακῶν
2597 4406 2771 4470 αἰτίας
2789 4408 2817 4459 ὁ
2843 4406 2992 4470 Θεὸς,
3021 4405 3048 4456 ό
3072 4404 3178 4458 τῶν
3208 4406 3397 4468 όντων,
3420 4405 3516 4473 οὑχ
3544 4407 3572 4456 ό
3598 4404 3703 4456 τῶν

462 4521 592 4589 Ejus
621 4527 801 4575 autem
829 4520 973 4589 quod
1005 4535 1114 4573 non
1140 4518 1394 4573 consistit
1423 4518 1624 4586 Opil'ex,
1649 4526 1853 4571 nonest
1879 4519 1925 4570 is
1943 4517 2038 4586 qui

460 4620 544 4666 est
573 4610 753 4679 Opilex
797 4623 988 4663 eorum
1039 4625 1159 4678 quae
1211 4608 1539 4663 consistunt.
1596 4605 1860 4660 Malorum
1908 4621 2039 4677 ergo

461 4716 628 4755 causa
643 4715 748 4752 non
773 4707 848 4753 est
869 4697 1031 4761 Deus,
1058 4697 1150 4766 qui
1189 4706 1270 4751 est
1296 4709 1510 4754 creator
1525 4708 1576 4751 et
1599 4698 1820 4752 elIcctor
1848 4713 2037 4752 eorum

461 4807 582 4863 quae
621 4800 769 4856 sunt,
822 4806 930 4845 non
970 4806 1157 4845 eorum
1187 4805 1308 4860 quae
1357 4804 1465 4843 non
1525 4796 1651 4845 sunt
1688 4806 1701 4842 :
1734 4788 1827 4857 qui
1859 4789 2034 4843 visum

460 4896 545 4939 est
573 4882 896 4949 fabricatus,
920 4898 1028 4937 non
1058 4889 1238 4936 autem
1270 4880 1606 4946 caacitatem;
1648 4880 1741 4949 qui
1775 4880 2030 4934 virtutem

462 4974 741 5039 indicavit,
777 4991 882 5029 non
932 4975 1051 5044 ejus
1093 4972 1488 5043 privationem;
1550 4970 1707 5025 bouaz
1752 4970 2033 5025 electionis

461 5066 685 5137 prannio
727 5066 940 5135 adjecto
990 5067 1257 5120 bonorum
1295 5065 1398 5118 line
1463 5063 1529 5118 iis
1567 5063 1660 5133 qui
1711 5078 1776 5118 ex
1830 5063 2035 5117 virtute

460 5159 629 5211 vitam
670 5156 914 5227 degunt,
950 5172 1058 5210 non
1104 5156 1353 5210 violentae
1392 5154 1551 5207 alicui
1590 5153 1922 5216 necessitati,
1976 5161 2034 5207 ut

460 5245 563 5299 sibi
588 5245 883 5309 videretur,
917 5245 1204 5298 humanam
1242 5243 1571 5314 subjungcns
1604 5254 1875 5308 naturam,
1904 5252 2027 5298 tan-

460 5351 622 5404 quam
684 5352 779 5393 vas
835 5336 1054 5406 aliquod
1092 5337 1388 5391 animatum
1442 5336 1667 5390 invitum
1720 5335 1786 5389 ad
1825 5336 2026 5390 bonum

2139 4503 2214 4573 μὴ
2251 4500 2418 4554 ὄντων
2447 4500 2674 4570 ποιητὴς
2708 4497 2802 4561 ὢν,
2842 4498 2871 4548 ὁ
2898 4497 2993 4565 τὴν
3023 4497 3296 4567 ὅρασιν,οὑ
3334 4494 3429 4564 τὴν
3458 4498 3702 4565 πήρωσιν

2134 4592 2563 4663 δημιουργήσας,
2593 4591 2621 4642 ό
2651 4588 2746 4659 τὴν
2791 4587 3008 4659 ἀρετὴν,
3029 4587 3089 4638 οὑ
3122 4586 3220 4656 τὴν
3254 4586 3507 4656 στέρησιν
3538 4587 3702 4656 αὐτῆς

2134 4685 2414 4748 ἀναδείξας
2460 4680 2620 4736 ἆθλον
2663 4682 2762 4751 τῆς
2805 4678 3208 4751 προαιρέσεως,
3250 4677 3310 4729 τὸ
3341 4677 3449 4730 τῶν
3486 4677 3704 4745 ἀγαθῶν

2135 4776 2307 4847 πέρας
2330 4778 2440 4831 τοῖς
2469 4774 2588 4827 κατ’
2617 4771 2815 4842 ἀρετὴν
2844 4769 3282 4841 πολιτευομένοις
3318 4767 3559 4840 προθεὶς,
3605 4768 3702 4819 οὑκ

2130 4871 2345 4940 ἀνάγκῃ
2374 4867 2478 4920 τινὶ
2512 4864 2661 4935 βιαίᾳ.
2702 4864 2836 4935 πρὸς
2862 4861 2922 4914 τὸ
2954 4860 3130 4930 ἑαυτῷ
3173 4859 3360 4913 δοκοῦν
3405 4859 3700 4925 ὑποζεύξας

2128 4962 2228 5033 τὴν
2258 4958 2603 5031 ἀνθρωπίνην
2639 4956 2818 5026 φύσιν,
2849 4954 3101 5024 καθάπερ
3144 4970 3196 5005 τι
3230 4951 3421 5015 σκεῦος
3463 4950 3703 5021 ἔμψυχον

2129 5051 2399 5112 ἀκουσίως
2428 5048 2565 5118 πρὸς
2591 5047 2653 5098 τὸ
2681 5046 2842 5099 καλὸν
2873 5043 3249 5113 ἐφελκόμενος.
3292 5042 3355 5095 Εἰ
3381 5040 3437 5092 δὲ
3462 5040 3556 5093 τοῦ
3589 5057 3700 5108 φω-

2131 5145 2222 5208 τὸς
2247 5143 2306 5208 ἐξ
2328 5142 2542 5212 αἰθρίας
2567 5138 2821 5209 καθαρῶς
2851 5135 3300 5205 περιλάμποντος,
3336 5131 3597 5195 ἑκουσίως
3622 5147 3703 5192 τις

2132 5235 2410 5289 ὲπιϐἀλλοι
2435 5235 2547 5295 τοῖς
2573 5231 2857 5302 βλεφάροις
2886 5229 2982 5297 τὴν
3012 5228 3218 5297 ὅρασιν,
3251 5222 3355 5291 ἔξω
3375 5223 3475 5292 τῆς
3500 5222 3597 5275 τοῦ
3628 5221 3702 5293 μὴ

2139 5330 2425 5401 βλέποντος
2455 5324 2631 5387 αἰτίας
2668 5324 2696 5375 ό
2727 5321 2896 5390 ἥλιος.

461 5429 760 5486 attrahens.
804 5430 859 5486 Si
887 5440 1070 5485 autem
1102 5432 1237 5486 lueis
1259 5441 1501 5502 tempore
1537 5446 1730 5487 sereno
1760 5447 1893 5502 pure
1956 5431 2210 5493 lucentis,
2286 5422 2591 5480 voluntarie
2662 5417 2935 5489 quispiam
3005 5414 3148 5471 ciliis
3200 5410 3556 5483 apprehendit
3627 5409 3704 5466 vi-

462 5524 694 5591 sionem,
750 5528 831 5581 sol
892 5528 1116 5584 minime
1165 5538 1247 5584 est
1314 5542 1479 5586 causa
1540 5529 1660 5599 ejus
1732 5530 1825 5599 qui
1892 5544 1999 5585 non
2039 5526 2247 5598 aspicit.

549 5705 572 5739 ³
605 5707 625 5761 1
654 5707 780 5763 Cor.
813 5723 872 5775 ιι,
922 5710 1005 5766 lii.
