4006 6148
373 303 453 361 ⁸53
1604 302 1859 359 ORATIO
1899 302 1946 359 C.

2048 304 2397 362 ECHETICA.
3114 360 3117 363 .
3167 332 3175 340 ·
3553 311 3625 366 τι

991 419 1236 473 ΚΕΦΑΛ.
1278 420 1351 472 H'.

380 554 520 621 Περὶ
554 550 673 605 τῶν
710 550 1230 621 ἀγανακτούντων,
1281 552 1376 605 διὰ
1415 553 1470 605 τί
1518 552 1885 619 ἀποθνήσκει
1919 557 1952 606 ὁ

449 622 786 703 ᾷνρρωπος,
826 621 1039 703 τούτου
1076 621 1314 690 μᾶλλον
1344 623 1449 703 ,ἐπὶ
1486 626 1805 703 ,εὐεργεσίᾳ
1845 623 1953 703 τοῦ

447 690 765 757 ἀνθρώπου
809 689 1232 759 τυγχάνον-τος,
1263 692 1360 745 καὶ
1413 692 1509 746 διὰ
1559 689 1735 747 τοῦτο
1769 696 1801 746 ὁ
1851 692 1953 746 θά-

445 778 651 823 νατος.

459 890 600 943 Ἀλλ’
653 891 949 959 ἀγανακτεῖ
996 890 1214 954 πάντως
1276 894 1303 945 6
1352 893 1486 962 πρὸς
1540 892 1637 964 τὴν
1695 892 1952 946 ἀνάλυσιν

376 984 594 1050 βλέπων
632 982 727 1035 τοῦ
762 982 1032 1052 σώματος,
1077 984 1167 1036 καὶ
1198 983 1431 1052 χαλεπὸν
1480 987 1712 1036 ποιεῖται
1752 984 1827 1052 τῷ
1857 984 1947 1036 θα-

371 1075 521 1143 νάτῳ
575 1073 677 1143 τὴν
711 1072 856 1144 ζωὴν
903 1074 1058 1143 ἡμῶν
1104 1073 1436 1126 διαλύεσθαι.
1473 1073 1681 1127 Οὐκοῦν
1730 1076 1949 1127 ἐπισκε-

372 1165 566 1234 ψάσθω
596 1164 686 1217 διὰ
723 1163 818 1216 τοῦ
880 1163 1201 1235 σκυθρωποῦ
1257 1164 1447 1218 τούτου
1498 1165 1596 1236 τὴν
1645 1165 1949 1235 ὑπερὸολὴν

372 1256 472 1327 τῆς
505 1255 656 1317 θείας
679 1254 1014 1324 εὐεργεσίας.
1049 1253 1201 1324 Τάχα
1235 1254 1341 1324 γάρ
1374 1253 1438 1307 ἂν
1476 1254 1676 1325 μᾶλλον
1708 1255 1795 1308 διὰ
1825 1255 1947 1308 τούο

374 1364 469 1399 του
522 1344 855 1416 προσαχθείη
908 1343 1185 1414 θαυμάσαι
1230 1345 1326 1416 τὴν
1360 1346 1518 1417 χάριν
1549 1347 1646 1417 τῆς
1696 1347 1824 1418 περὶ
1857 1347 1948 1401 τὸν

378 1436 664 1507 ἄνθρωπον
703 1435 795 1487 τοῦ
829 1435 962 1488 Θεοῦ
994 1435 1337 1507 κηδεμονίας.
1372 1438 1443 1489 Τὸ
1477 1438 1575 1508 ζῇν
1607 1437 1695 1490 διὰ
1721 1438 1818 1509 τὴν
1848 1456 1947 1490 κα-

380 1524 655 1595 ταθυμίων
685 1524 980 1577 ἀπόλαυσιν
1009 1525 1223 1597 αἱρετόν
1250 1527 1365 1577 ἐστι
1398 1528 1509 1588 τοῖς
1545 1525 1637 1578 τοῦ
1664 1526 1779 1595 βίου
1823 1544 1948 1596 μετ-

378 1620 615 1687 έχουσιν.
655 1616 744 1678 Ὧς
769 1617 820 1668 εἴ
837 1615 900 1683 γέ
922 1632 1004 1679 τις
1031 1617 1089 1669 ὲν
1120 1614 1330 1680 ὀδύναις
1354 1617 1600 1688 διαϐιῴη,
1632 1617 1782 1689 παρά
1812 1617 1945 1670 πολὺ

376 1709 449 1778 τῷ
475 1708 706 1777 τοιούτῳ
737 1707 797 1759 τὸ
827 1707 899 1778 μὴ
948 1703 1087 1761 εἷναι
1134 1708 1226 1761 τοῦ
1279 1710 1539 1778 ἀλγεινῶς
1572 1706 1709 1763 εῖναι
1756 1728 1944 1780 προτιε-

3224 383 3317 391 Η-λ

2635 417 2861 474 CAPUT
2910 420 3039 475 Vili.

2055 552 2132 605 De
2162 554 2225 606 iis
2250 554 2340 621 qui
2374 552 2716 621 indignantur
2763 555 2900 621 quod
2932 555 3083 609 homo
3106 556 3350 621 moritur,
3385 574 3502 612 cum
3525 559 3623 616 hac

2090 624 2158 675 sit
2189 625 2364 692 potius
2395 622 2465 676 ad
2500 623 2801 691 bene/icium
2834 625 3081 691 hominis,
3109 636 3157 679 et
3196 643 3288 680 cur
3313 638 3390 683 est
3424 646 3588 685 mors.

2128 878 2234 933 Sed
2263 895 2404 949 aegre
2437 880 2542 936 fert
2566 888 2620 937 et
2650 883 2988 955 indignatur,
3045 890 3136 957 qui
3167 891 3361 958 aspicit
3408 894 3472 945 ad
3506 895 3624 949 dis-

2053 969 2376 1023 solutionem
2409 974 2678 1042 corporis,
2698 982 2928 1045 etgrave
2950 993 3070 1033 esse
3101 979 3248 1035 ducit
3276 982 3419 1051 quod
3446 995 3622 1041 morte

2052 1062 2161 1115 vita
2196 1070 2383 1115 nostra
2406 1063 2745 1119 dissolvitur.
2796 1066 2868 1121 Ex
2901 1069 3003 1123 hoc
3028 1085 3161 1139 ergo
3193 1074 3340 1142 quod
3376 1074 3619 1131 dolorem

2050 1150 2207 1204 aﬂert
2232 1159 2285 1205 et
2326 1154 2658 1221 molestiam,
2683 1158 2995 1214 consideret
3023 1161 3238 1231 insigne
3273 1162 3361 1218 Dei
3414 1165 3620 1220 benefi-

2048 1242 2216 1297 cium.
2240 1241 2345 1297 Per
2377 1242 2481 1299 hoc
2515 1245 2659 1299 enim
2683 1250 2855 1319 magis
2893 1250 3197 1306 adducetur
3232 1261 3290 1307 ut
3320 1255 3623 1311 admiretur

2047 1334 2277 1404 gratiam
2308 1350 2454 1389 curae
2478 1351 2641 1405 quam
2668 1337 2809 1394 Deus
2842 1340 2985 1410 gerit
3014 1342 3275 1399 hominis.
3309 1343 3508 1402 Vivere
3533 1358 3619 1404 est

2046 1426 2361 1494 eligendum
2391 1428 2460 1484 iis
2506 1429 2600 1499 qui
2639 1430 2765 1485 vitae
2804 1442 2931 1486 sunt
2977 1436 3295 1507 participes,
3331 1448 3617 1510 propterea

2048 1515 2193 1583 quod
2241 1515 2495 1571 fruantur
2559 1518 2627 1573 iis
2675 1536 2796 1589 qua:
2836 1532 2966 1576 sunt
3019 1534 3174 1595 grata
3235 1538 3289 1583 et
3350 1530 3615 1598 jucunda.

2046 1603 2181 1658 Nam
2215 1606 2260 1661 si
2294 1608 2566 1679 quispiam
2595 1612 2649 1664 in
2694 1612 2979 1669 doloribus
3025 1624 3078 1671 et
3109 1620 3407 1689 angoribus
3446 1623 3615 1677 vitam

2050 1699 2399 1768 transigeret,
2420 1701 2467 1754 ei
2495 1700 2651 1771 longe
2680 1705 3042 1772 praestabilius
3060 1707 3338 1775 judicatur
3361 1726 3468 1765 non
3492 1728 3616 1768 esse

383 1770 607 1869 μότερον
636 1770 899 1868 κρίνεται;
935 1798 1141 1852 Οὐκοῦν
1182 1770 1595 1871 ἐξετάσωμενήεἰ
1624 1803 1651 1854 6
1673 1801 1772 1871 τῆς
1803 1770 1946 1871 ξωῆς

2055 1802 2216 1856 quam
2246 1804 2367 1845 esse
2398 1790 2449 1843 in
2486 1791 2693 1846 dolore.
2748 1792 3136 1853 Examinemus
3184 1816 3314 1871 ergo
3343 1817 3411 1856 an
3444 1804 3492 1858 is
3520 1805 3616 1873 qui

379 1889 609 1959 χορηγὸς
629 1889 764 1958 πρὸς
791 1887 916 1941 ἄλλο
941 1905 991 1941 τι
1022 1888 1211 1959 βλέπῃ,
1249 1893 1339 1943 καὶ
1367 1893 1464 1960 οὐχ
1494 1892 1640 1954 ὅπως
1664 1892 1728 1945 ἂν
1749 1893 1807 1943 ὲν
1839 1894 1950 1955 τοῖς

382 1980 681 2041 καλλίστοις
709 1979 965 2049 βιῴημεν.
1019 1981 1236 2051 Ἐπειδὴ
1276 1982 1385 2053 γάρ
1413 1982 1489 2052 τῷ
1516 1981 1841 2053 αὐτεξουσίῳ
1867 2000 1950 2035 κι-

380 2073 580 2141 νήματι
608 2071 698 2123 τοῦ
742 2071 911 2123 κακοῦ
942 2072 1039 2142 τὴν
1072 2072 1353 2126 κοινωνίαν
1396 2072 1836 2142 ὲξεσπασάμεθα,
1864 2073 1951 2127 διά

376 2180 517 2226 τινος
557 2163 748 2232 ἡδονῆς
795 2157 904 2215 οἷόν
950 2182 1001 2216 τι
1029 2163 1351 2234 δηλητήριον
1393 2164 1566 2233 μέλιτι
1605 2166 1948 2234 παραρτυθὲν

378 2257 441 2324 τῇ
477 2253 633 2321 φύσει
689 2254 748 2306 τὸ
798 2255 962 2306 κακὸν
1015 2254 1444 2324 καταμίξαντες,
1504 2255 1598 2307 καὶ
1646 2254 1732 2306 διὰ
1792 2254 1949 2307 τοῦτο

374 2346 473 2414 τῆς
509 2344 649 2397 κατὰ
678 2345 737 2397 τὸ
782 2346 986 2409 ἀπαθὲς
1028 2347 1323 2417 νοουμένης
1359 2347 1754 2417 μακαριότητος
1787 2348 1948 2398 ἐκπε-

375 2435 577 2500 σόντες,
634 2436 770 2506 πρὸς
816 2436 913 2505 τὴν
953 2436 1149 2489 κακίαν
1196 2436 1725 2507 μετεμορφώθημεν·
1757 2437 1946 2488 τούτου

369 2525 555 2579 ἕνεκεν
587 2523 697 2578 οἷόν
731 2544 782 2579 τι
820 2527 1011 2590 σκεῦος
1050 2529 1397 2602 ὀστράκινον,
1452 2529 1614 2582 πάλιν
1660 2530 1689 2581 6
1736 2528 1946 2599 ἄνθρω-

371 2633 475 2678 πος
514 2618 593 2679 εἰς
654 2617 758 2686 γῆν
795 2618 1117 2671 ἀναλύεται·
1151 2619 1298 2681 ὅπως
1355 2618 1418 2671 ἂν
1464 2621 1563 2689 τῆς
1595 2618 1688 2672 νῦν
1729 2620 1945 2672 evastet-

366 2707 659 2777 λημμένης
702 2708 848 2778 αὑτῷ
890 2709 1156 2781 ῥυπαρίας
1204 2710 1622 2780 ἀποκριθείσης,
1674 2712 1751 2774 είς
1782 2711 1842 2763 τὸ
1888 2711 1946 2777 ἐξ

362 2798 543 2868 ἀρχῆς
586 2798 772 2866 σχῆμα
803 2798 892 2850 διὰ
929 2800 1030 2868 τῆς
1062 2801 1408 2863 ἀναστάσεως
1450 2801 1840 2871 ἀναπλασθείη.
1874 2800 1948 2853 Τὸ

363 2886 425 2939 δὲ
462 2886 713 2937 τοιοῦτον
760 2888 937 2956 δόγμα
968 2890 1378 2963 ίστορικώτερον
1429 2882 1544 2961 μέν,
1576 2894 1668 2946 καὶ¹
1720 2893 1784 2945 δι’
1811 2896 1947 2945 αίνι-

362 2977 598 3045 γμάτων
628 2978 656 3029 ὁ
678 2976 884 3046 Μωσῆς
911 2978 1037 3048 ὑμῖν
1072 2981 1359 3033 ἐκτίθεται.
1401 2983 1546 3053 Πλὴν
1588 2983 1805 3053 ἔκδηλον
1855 2983 1948 3036 καὶ

362 3069 438 3122 τά
485 3066 783 3137 αἰνίγματα
834 3067 933 3138 τὴν
978 3068 1323 3124 διδασκαλίαν
1351 3071 1484 3141 ἔχει.
1554 3074 1765 3143 Ἐπειδὴ
1826 3074 1941 3143 γάρ,

2050 1878 2219 1932 vitam
2251 1882 2584 1951 snppeditat,
2623 1883 2687 1936 ad
2717 1885 2921 1954 aliquid
2965 1891 3111 1944 aliud
3150 1894 3402 1961 aspiciat,
3448 1910 3615 1964 quam

2051 1977 2111 2024 ut
2133 1972 2296 2025 vitam
2324 1988 2552 2042 agamus
2578 1975 2631 2028 in
2659 1976 2724 2029 iis
2743 1993 2863 2046 qua:
2890 1989 3017 2033 sunt
3046 1972 3251 2052 Optima
3271 1993 3323 2039 et
3353 1986 3615 2055 pulcher-

2050 2061 2209 2114 rima.
2242 2061 2380 2127 Quia
2426 2065 2572 2117 enim
2620 2066 2774 2119 liberi
2823 2070 3035 2124 arbitrii
3095 2083 3243 2128 motu
3289 2077 3615 2131 attraximus

2052 2153 2175 2205 mali
2211 2156 2552 2218 societatem,
2608 2173 2707 2226 per
2752 2159 3035 2227 cujusdam
3097 2165 3395 2236 voluptatis
3449 2168 3615 2222 veluti

2049 2244 2321 2313 quoddam
2351 2262 2623 2301 venenum
2660 2252 2815 2306 mellc
2841 2254 3141 2317 conditum,
3169 2258 3369 2308 malum
3402 2265 3616 2313 natura;

2050 2335 2462 2405 immiscentcs;
2497 2347 2551 2392 et
2575 2339 2696 2394 ideo
2733 2357 2761 2395 a
2801 2343 3138 2400 beatitudine
3189 2363 3311 2415 quae
3343 2364 3406 2402 ex
3436 2349 3613 2419 impa-

2048 2426 2303 2482 tibilitate
2335 2428 2663 2500 intelligitur
2703 2433 3046 2500 excidentes,
3098 2437 3478 2492 transformati
3521 2454 3613 2495 su-

2049 2531 2177 2570 mus
2210 2517 2276 2571 ad
2303 2518 2521 2585 vitium,
2580 2536 2641 2574 ea
2675 2522 2740 2575 de
2786 2538 2954 2579 causa
3002 2527 3169 2580 veluti
3207 2527 3481 2596 quoddam
3518 2543 3615 2583 vas

2050 2608 2247 2673 fictile,
2280 2609 2444 2663 homo
2473 2626 2666 2667 rursus
2704 2615 2755 2667 in
2791 2623 2989 2671 terram
3028 2618 3391 2682 resolvitur‘;
3430 2627 3488 2673 ut
3532 2634 3615 2674 se-

2048 2701 2214 2755 cretis
2248 2717 2368 2771 quae
2391 2702 2444 2755 in
2472 2718 2535 2758 eo
2564 2696 2729 2759 nune’
2750 2716 2877 2761 sunt
2904 2708 3182 2773 sordibus,
3238 2711 3292 2764 in
3324 2711 3613 2779 pristinam

2048 2793 2277 2863 ﬁguram
2313 2793 2643 2852 reformetur
2671 2815 2767 2869 per
2781 2804 3269 2857 resurrectionem.
3298 2802 3412 2859 Hoc
3435 2813 3613 2858 autem

2047 2880 2241 2951 dogma
2272 2881 2529 2940 historice
2568 2887 2806 2956 quidem,
2865 2897 2920 2943 et
2971 2905 3067 2960 per
3118 2892 3405 2959 aenigmata
3454 2892 3617 2948 nobis

2047 2969 2272 3037 exponit
2306 2969 2502 3026 Moses.
2537 2972 2808 3028 Caeterum
2842 2976 2959 3030 haec
2989 2978 3153 3031 etiam
3184 2980 3471 3049 aenigmata
3493 2994 3617 3049 per—

2052 3059 2301 3127 spicuam
2335 3068 2392 3116 et
2439 3063 2647 3117 claram
2694 3063 2897 3120 habent
2937 3066 3270 3123 doctrinam.
3320 3068 3613 3140 Postquam

364 3157 557 3225 φησιν,
590 3152 657 3208 ὲνχ
684 3159 796 3219 τοῖς
829 3158 1300 3229 ἀπηγορευμένοις
1349 3161 1595 3229 ἐγένοντο
1647 3164 1695 3215 οἱ
1740 3164 1943 3234 πρῶτοι

2051 3151 2221 3214 enim,
2252 3152 2346 3217 ait,
2405 3153 2458 3205 in
2490 3154 2557 3207 iis
2602 3170 2723 3222 qua:
2772 3157 3047 3225 prohibita
3083 3158 3321 3224 fuerant,
3385 3161 3613 3217 fuerunt

365 3247 677 3317 ἄνθρωποι,
725 3249 818 3300 καὶ
892 3248 993 3317 τῆς
1044 3251 1441 3321 μακαριότητος
1482 3252 1693 3323 ἐκείνης
1745 3254 1952 3321 ἀπεγυ-

370 3338 701 3408 μνὼθησαν,
786 3338 1139 3409 δερματίνους
1202 3342 1479 3396 ὲπιῦάλλει
1556 3345 1789 3413 χιτῶνας
1840 3346 1950 3407 τοῖς

368 3430 821 3499 πρωτοπλάστοις
878 3433 905 3484 6
966 3432 1200 3504 Κύριος·
1251 3432 1310 3485 οὔ
1382 3450 1471 3504 μοι
1526 3435 1671 3487 δοκεῖ
1716 3435 1851 3505 πρὸς
1882 3435 1951 3488 τά

367 3520 600 3573 τοιαῦτα
650 3520 888 3591 δέρματα
942 3521 1036 3574 τοῦ
1092 3523 1249 3590 λόγου
1308 3524 1406 3594 τὴν
1461 3524 1696 3579 διάνοιαν
1745 3526 1945 3596 φέρωνο

369 3610 540 3662 ποίων
580 3610 689 3680 γὰρ
722 3613 1145 3681 ἀποσφαγέντων
1193 3614 1287 3667 καὶ
1316 3615 1587 3686 δαρέντων
1634 3616 1787 3679 ζώων
1828 3618 1950 3671 ὲπι-

365 3702 569 3752 νοεῖται
591 3700 770 3763 αὐτοῖς
791 3704 822 3771 ἡ
841 3719 906 3753 πε
914 3703 1096 3774 ριϐολή
1118 3722 1133 3769 ;
1170 3704 1284 3758 ἀλλ’
1302 3706 1488 3778 ἐπειδὴ
1527 3708 1635 3760 πᾶν
1656 3707 1831 3778 δέρμα
1844 3725 1951 3778 χω-

372 3790 556 3861 ρισθὲν
583 3789 676 3841 τοῦ
702 3790 862 3856 ξὼου,
891 3794 1079 3863 νεκρόν
1106 3798 1249 3848 ἐστι·
1276 3796 1493 3860 πάντως
1511 3794 1663 3867 οἶμαι
1686 3800 1784 3869 τὴν
1814 3799 1950 3870 πρὸς

367 3882 432 3934 τὸ
455 3882 780 3954 νεκροῦσθαι
813 3885 1063 3957 δύναμιν,
1091 3887 1124 3958 ἢ
1154 3889 1253 3959 τῆς
1279 3889 1471 3956 ἀλόγου
1508 3888 1719 3958 φύσεως
1742 3889 1950 3961 ἐξαίρε-

367 3988 463 4035 τος
493 3968 559 4043 ἦν
607 3976 673 4028 ἐκ
726 3977 1096 4047 προμηθείας,
1130 3977 1266 4048 μετά
1292 3978 1466 4032 ταῦτα
1492 3980 1604 4042 τοῖς
1645 3979 1949 4049 ἀνθρώποις

368 4064 784 4136 ἐπιϐεϐληκέναι
814 4067 904 4121 τὸν
924 4069 1021 4142 τὴν
1050 4070 1247 4124 κακίαν
1278 4071 1434 4142 ἡμῶν
1468 4071 1782 4143 ἰατρεύοντα
1803 4112 1818 4136 ,
1850 4072 1947 4143 οὐχ

368 4155 445 4217 ὡς
476 4156 555 4218 εἰς
593 4157 680 4208 ἀεὶ
712 4159 1066 4231 παραμένειν.
1120 4161 1178 4214 '0
1216 4163 1325 4233 γὰρ
1374 4163 1559 4232 χιτὼν,
1607 4162 1715 4215 τῶν
1749 4162 1947 4228 ἔξωθεν

369 4247 503 4319 ἡμῖν
544 4246 982 4319 ἐπιϐαλλομένων
1036 4252 1181 4317 ἐστὶ,
1224 4252 1359 4323 πρὸς
1400 4253 1586 4325 καιρὸν
1627 4254 1721 4325 τὴν
1752 4253 1945 4307 ἑαυτοῦ

370 4333 568 4404 χρῆσιν
619 4336 872 4407 παρέχων
920 4338 1013 4392 τοῦ
1062 4339 1338 4410 σώματος,
1375 4342 1436 4393 οὐ
1468 4342 1837 4412 συμπεφυκὼς
1877 4344 1943 4412 τῇ

369 4421 548 4489 φύσει.
595 4425 802 4477 Οὐκοῦν
841 4428 906 4480 ὲκ
948 4428 1049 4497 τῆς
1097 4429 1206 4482 τῶν
1255 4430 1463 4499 ἀλόγων
1514 4429 1728 4500 φύσεως
1774 4435 1807 4503 ὴ
1861 4448 1945 4485 νε·-

2051 3242 2216 3312 primi
2246 3242 2517 3307 homines,
2575 3252 2629 3298 et
2660 3246 2846 3298 nudati
2884 3255 3015 3301 sunt
3044 3248 3407 3316 beatitudine,
3456 3253 3617 3321 pelli-

2051 3347 2178 3388 ceas
2223 3333 2437 3387 tunicas
2486 3336 2837 3403 protoplastis
2886 3337 3116 3406 imponit
3169 3338 3334 3403 Deus,
3355 3356 3461 3394 non
3488 3357 3617 3397 sen—

2051 3425 2214 3487 tiens,
2266 3431 2327 3477 ut
2378 3424 2593 3492 opinor,
2653 3425 2721 3479 de
2773 3426 3047 3494 ejusmodi
3089 3428 3346 3497 pellibus.
3404 3429 3616 3495 Quibus

2049 3516 2193 3570 enim
2226 3515 2533 3571 interfectis
2576 3526 2629 3571 et
2662 3518 2956 3573 excoriatis
3003 3520 3354 3588 animalibus,
3404 3522 3486 3577 eis
3520 3538 3617 3577 ex-

2050 3607 2323 3677 cogitatur
2366 3608 2646 3663 amictus?
2699 3606 2803 3663 Sed
2838 3610 3095 3679 quoniam
3127 3612 3307 3666 omnis
3357 3613 3513 3682 pellis
3547 3615 3618 3669 ab

2050 3700 2376 3754 animalibus
2403 3708 2655 3769 separata
2706 3707 2791 3755 est
2823 3710 3035 3756 mortua
3059 3740 3075 3766 ,
3111 3703 3366 3758 existimo
3394 3704 3617 3760 omnino

2049 3806 2173 3847 eum
2209 3791 2298 3860 qui
2332 3790 2467 3845 vitio
2500 3799 2692 3846 nostro
2723 3794 2995 3859 medetur,
3054 3794 3370 3850 hominibus
3421 3803 3611 3866 postea

2050 3883 2345 3938 immisisse
2371 3898 2435 3936 ex
2484 3882 2828 3952 providentia
2859 3885 2967 3939 vim
3010 3886 3076 3939 ad
3110 3886 3613 3958 moriendum,quae

2047 3982 2277 4044 excepta
2326 3974 2431 4028 fuit
2459 3990 2521 4028 ex
2581 3983 2778 4028 natura
2822 3984 3041 4046 experte
3076 3977 3326 4043 rationis,
3390 3987 3449 4032 ut
3503 3994 3612 4032 non

2050 4082 2265 4135 semper
2292 4074 2656 4135 permaneret.
2701 4066 2912 4121 Tunica
2950 4069 3093 4123 enim
3125 4077 3211 4124 est
3255 4085 3321 4124 ex
3372 4070 3438 4125 iis
3494 4087 3615 4139 quae

2046 4156 2205 4210 nobis
2236 4157 2595 4224 imponuntur
2637 4157 3001 4218 extrinsecus.
3035 4158 3119 4212 sui
3152 4172 3311 4212 usum
3348 4160 3413 4212 ad
3470 4166 3610 4213 tem-

2048 4262 2149 4316 pus
2183 4248 2428 4315 praebens
2453 4250 2703 4316 corpori,
2736 4256 2942 4301 natura:
2972 4248 3193 4301 minime
3223 4256 3611 4316 congenerata.

2046 4336 2121 4390 Ex
2158 4347 2352 4392 natura
2383 4353 2513 4409 ergo
2536 4339 2844 4401 brutorum,
2882 4346 3033 4392 certo
3059 4333 3289 4392 consilio
3311 4353 3374 4393 ac
3395 4338 3615 4408 dispen-

2047 4427 2277 4490 satione,
2304 4428 2485 4482 addita
2512 4435 2597 4483 est
2624 4428 2927 4481 mortalitas
2947 4440 3152 4480 naturae
3173 4441 3290 4496 quae
3302 4435 3483 4482 creata
3499 4427 3615 4483 fue-

370 4510 572 4581 κρότης
600 4513 951 4584 οἰκονομικῶς
985 4516 1270 4587 περιετέθη
1293 4520 1358 4588 τῇ
1390 4519 1469 4581 εἰς
1501 4517 1796 4571 ἀθανασίαν
1825 4536 1943 4572 κτι-

2048 4525 2131 4572 rat
2156 4517 2222 4571 ad
2246 4517 2730 4579 immortalitatem,
2763 4515 2816 4569 id
2834 4515 2976 4583 quod
3007 4521 3090 4570 est
3104 4515 3224 4584 ejus
3271 4516 3615 4573 extrinsecus

371 4602 558 4675 σθείσῃ
615 4604 807 4673 φύσει,
855 4607 915 4659 τὸ
975 4607 1171 4672 ἔξωθεν
1208 4609 1377 4679 αὐτῆς
1430 4609 1938 4681 περικαλύπτουσα,

368 4694 428 4746 οὐ
460 4694 521 4746 τὸ
545 4693 775 4761 ἔσωθεν,
821 4698 915 4750 καὶ
942 4698 1003 4751 τὸ
1036 4699 1290 4769 αἰσθητὸν
1317 4698 1412 4753 τοῦ
1454 4700 1739 4772 ἀνθρώπου
1775 4702 1942 4773 μέρος

371 4783 833 4855 διαλαμϐάνουσα,
864 4788 1034 4859 αὐτῆς
1057 4790 1113 4843 δὲ
1136 4776 1242 4862 τῆς
1261 4791 1410 4854 θείας
1439 4792 1643 4857 εἰκόνος
1679 4793 1740 4846 οὐ
1774 4810 1941 4864 προσ-

373 4876 668 4945 απτομένη.
719 4876 919 4932 Λύεται
967 4880 1023 4933 δὲ
1062 4881 1123 4933 τὸ
1151 4880 1436 4952 αίσθητὺν,
1471 4883 1568 4936 οὐκ
1597 4883 1935 4952 ἀφανίζεται.

386 4965 709 5038 Ἀφανισμδς
761 4970 860 5039 μὲν
908 4972 1015 5042 γάρ
1057 4974 1203 5025 ἐστιν
1274 4975 1307 5044 ή
1356 4975 1435 5037 εἰς
1467 4974 1528 5026 τὸ
1564 4973 1637 5045 μὴ
1676 4972 1735 5027 ὃν
1778 4991 1940 5043 μετα-

376 5056 605 5129 χώρησις
632 5077 645 5091 ⁵
700 5060 854 5125 λύσις
905 5062 959 5115 δὲ
1011 5066 1043 5134 ἡ
1092 5066 1172 5127 εἰς
1216 5066 1286 5119 τά
1331 5066 1422 5118 τοῦ
1456 5066 1658 5137 κόσμου
1704 5067 1942 5135 στοιχεῖα

376 5146 549 5211 πάλιν,
588 5153 679 5219 ἀφ’
723 5145 798 5205 ὧν
828 5153 926 5222 τὴν
970 5153 1224 5208 σύστασιν
1258 5156 1444 5227 ἔσχεν,
1480 5158 1739 5221 διάλυσις.
1780 5159 1852 5211 Τὸ
1883 5157 1937 5211 δὲ

372 5238 429 5289 ἐν
452 5239 659 5305 τούτοις
690 5243 980 5315 γενόμενον
1011 5246 1110 5299 οὐκ
1138 5247 1381 5300 ἀπόλωλε
1399 5286 1413 5311 ,
1445 5248 1546 5303 κᾶν
1576 5248 1817 5319 ὲκφεύγῃ
1841 5248 1939 5319 τὴν

370 5330 665 5403 κατάληψιν
693 5336 792 5404 τῆς
817 5337 1090 5408 ἡμετέρας
1121 5339 1440 5409 αἰσθήσεως.
1479 5339 1542 5393 'H
1576 5340 1632 5393 δὲ
1657 5341 1804 5395 αἰτία
1836 5340 1937 5403 τῆς
1986 5373 1989 5377 -

372 5421 571 5488 λύσεως
624 5428 759 5499 δήλη
821 5429 909 5483 διά
956 5430 1047 5483 τοῦ
1105 5432 1357 5502 ῥηθέντος
1410 5436 1539 5505 ἡμῖν
1605 5435 1935 5504 ὑποδείγμα-

367 5527 475 5575 τος,
528 5514 747 5587 Ἐπειδὴ
788 5517 895 5588 γὰρ
922 5520 955 5589 ἡ
984 5519 1231 5592 αἴσθησις
1274 5524 1409 5594 πρὸς
1457 5524 1517 5577 τὸ
1555 5522 1700 5594 παχύ
1740 5539 1796 5576 τε
1841 5522 1933 5576 καὶ

433 5687 457 5722 ⁴
477 5689 611 5748 Gen.
645 5707 728 5777 tu,
758 5692 846 5746 i9.

2048 4617 2366 4676 contegens,
2404 4623 2511 4663 non
2534 4607 2584 4661 id
2607 4606 2751 4675 quod
2781 4617 2864 4662 est
2896 4605 3246 4673 intrinsecus,
3275 4616 3322 4662 et
3358 4608 3613 4665 sensilem

2048 4700 2284 4755 hominis
2302 4706 2507 4769 partem
2552 4698 2924 4767 intercipiens,
2968 4713 3074 4752 non
3122 4699 3393 4770 attingens
3434 4707 3615 4754 autem

2048 4790 2220 4861 ipsam
2236 4790 2473 4845 divinam
2504 4788 2812 4860 imaginem.
2840 4786 3082 4843 Solvitur
3097 4796 3275 4843 autem
3304 4790 3352 4844 id
3370 4791 3510 4859 quod
3530 4798 3615 4844 est

2049 4879 2269 4942 sensile,
2286 4894 2395 4933 non
2410 4886 2589 4933 autem
2633 4877 2878 4932 aboletur
2907 4885 2961 4931 et
2986 4877 3282 4933 evanescit.
3309 4879 3449 4932 Nam
3481 4878 3611 4931 abo-

2047 4970 2166 5024 litio
2224 4970 2441 5039 quidem
2490 4979 2574 5023 est
2629 4968 2697 5022 ad
2747 4968 2800 5022 id
2848 4969 2994 5037 quod
3046 4984 3155 5023 non
3195 4975 3279 5023 est
3324 4969 3611 5028 transitus.

2050 5059 2263 5115 Solutio
2315 5069 2495 5122 autem
2548 5068 2629 5113 est
2665 5058 2952 5114 dissolutio
3001 5075 3122 5130 quae
3189 5060 3248 5113 ﬁt
3302 5076 3493 5115 rursus
3556 5060 3611 5114 in

2046 5151 2232 5205 mundi
2272 5150 2557 5215 elementa,
2581 5164 2647 5203 ex
2688 5149 2885 5219 quibus
2920 5148 3095 5205 fuerat
3120 5159 3421 5219 compacta.
3457 5150 3609 5214 Quod

2046 5250 2226 5295 autem
2258 5240 2312 5293 in
2330 5240 2395 5293 iis
2420 5238 2601 5303 fuerit,
2625 5254 2732 5293 non
2750 5240 2930 5309 periit,
2952 5240 3399 5309 etiamsietfugiat
3435 5241 3611 5294 nostri

2046 5348 2240 5389 sensus
2253 5331 2790 5402 comprehensionem
2801 5374 2814 5387 .
2834 5332 3035 5402 Aperta
3053 5341 3229 5386 autem
3245 5338 3506 5386 estcausa
3526 5347 3616 5388 so-

2042 5424 2265 5480 lutionis
2288 5439 2393 5493 per
2410 5424 2715 5493 exemplum
2748 5423 2893 5491 quod
2928 5423 3085 5477 nobis
3107 5422 3309 5474 dictum
3338 5429 3441 5475 est.
3462 5420 3614 5487 Quo-

2041 5517 2186 5572 niam
2202 5517 2346 5573 enim
2361 5530 2554 5572 sensus
2572 5514 3025 5570 necessitudinem
3041 5511 3198 5565 habet
3211 5518 3263 5565 et
3276 5512 3609 5584 conjunctio-
