4006 6148
414 298 485 353 ss
936 328 938 332 ν
1674 286 1732 343 s.
1775 282 2100 343 cascoau
2129 282 2419 341 nassam
3572 290 3644 346 εδ

416 425 541 465 nem
558 421 680 462 cum
708 420 772 462 eo
785 401 929 475 quod
957 408 1040 457 est
1067 412 1310 457 crassum
1324 406 1379 454 et
1405 404 1661 454 terrestre
1691 417 1703 452 :
1730 396 1874 467 quod
1894 405 1976 451 est

2084 399 2261 469 γήϊνον
2306 396 2518 461 οἰκείως
2556 395 2700 466 ἔχει·
2746 394 3050 466 κρείττονος
3086 390 3145 448 δὲ
3175 394 3268 448 καὶ
3309 393 3643 466 ὑψηλοτέρας

418 507 601 551 autem
631 490 978 565 praestantius
999 496 1052 543 et
1073 488 1382 553 sublimius,
1410 502 1598 541 eorum
1619 501 1739 557 qua:
1760 488 1814 540 in
1831 487 1975 541 bono

416 598 471 641 et
505 586 734 640 honesto
776 588 1062 636 versantur
1087 579 1379 650 judicium,
1431 578 1701 633 aberravit
1746 579 1800 632 in
1850 592 1978 648 pro-

416 676 611 730 iiandis
636 672 909 733 sensibus.
942 671 1009 723 ab
1042 684 1107 723 eo
1150 675 1330 721 autem
1361 668 1504 737 quod
1548 667 1749 720 bonum
1779 675 1833 721 et
1888 665 1981 719 bo-

418 772 632 819 nestum
657 772 739 816 est
770 761 1060 821 aberratio,
1088 756 1286 819 eﬂ'ecit,
1320 766 1380 809 ut
1427 755 1741 810 contrarius
1790 754 1977 809 consi-

418 864 586 912 steret
618 854 874 917 habitus;
905 848 1121 905 inutilis
1150 846 1361 902 reddita
1394 861 1522 916 pars
1556 838 1754 909 nostri,
1792 859 1981 901 susce—

418 949 598 1019 ptione
639 945 903 1001 contrarii
940 942 1193 996 solvitur.
1267 938 1361 995 Est
1426 946 1608 993 autem
1664 936 1977 1007 bujusmodi

415 1041 721 1108 exemplum
747 1038 866 1106 ejus
897 1035 1042 1106 quod
1071 1034 1307 1091 dicimus
1343 1054 1357 1091 :
1391 1031 1556 1087 Detur
1584 1030 1855 1101 quispiam
1883 1044 1978 1085 vas

415 1150 477 1187 ex
509 1134 623 1187 luto
663 1127 969 1187 confecisse
1002 1144 1016 1180 :
1051 1126 1103 1180 id
1152 1133 1332 1179 autem
1366 1124 1491 1178 dolo
1540 1131 1593 1178 et
1644 1139 1707 1178 ex
1764 1121 1978 1177 insidiis

415 1226 676 1294 repletum
709 1221 878 1275 fuisse
911 1219 1131 1289 plumbo
1162 1216 1453 1286 liquefacto
1487 1235 1499 1270 :
1530 1214 1761 1270 effusum
1791 1224 1971 1269 autem

416 1316 697 1387 plumbum
745 1312 1112 1379 concrevisse,
1171 1318 1226 1364 et
1254 1310 1327 1363 ita
1382 1323 1623 1369 manere,
1669 1314 1729 1362 ut
1777 1306 1978 1362 effundi

417 1419 525 1458 non
557 1401 764 1472 possit;
826 1399 1105 1453 dominum
1152 1407 1330 1451 autem
1366 1412 1460 1452 vas
1504 1396 1608 1452 sibi
1652 1394 1975 1451 vindicare:

416 1509 539 1548 cum
569 1500 747 1546 autem
778 1490 920 1560 figuli
944 1497 1122 1544 teneat
1153 1488 1465 1552 scientiam,
1491 1503 1613 1542 cum
1647 1488 1869 1557 plumbo
1900 1494 1981 1541 te-

419 1592 557 1638 stam
585 1581 927 1650 confregisse
960 1588 974 1635 ':
1012 1588 1065 1634 et
1096 1579 1289 1634 deinde
1331 1594 1525 1634 rursus
1552 1579 1605 1633 in
1641 1580 1873 1649 priorem
1918 1578 1981 1632 fi-

416 1690 605 1745 guram
631 1673 696 1726 ad
728 1688 885 1728 suum
916 1687 1073 1726 usum
1142 1685 1238 1726 vas
1282 1670 1589 1734 refinxisse,
1640 1669 1975 1724 exinanitum

2077 488 2185 541 τῶν
2217 488 2345 559 περί
2384 486 2445 539 τὸ
2485 484 2644 540 καλὸν
2685 485 2947 556 κρίσεως,
3000 484 3058 537 ἐν
3098 485 3164 555 τῇ
3215 483 3506 555 δοκιμασίᾳ
3535 485 3646 538 τῶν

2078 577 2377 651 αἰσθήσεων
2397 620 2411 645 ,
2442 576 2846 648 ἀμαρτηθείσης
2862 618 2875 641 ,
2906 576 3005 646 τῆς
3030 576 3087 629 δὲ
3108 574 3201 629 τοῦ
3232 574 3396 629 καλοῦ
3420 576 3648 648 διαμαρ-

2074 673 2198 735 τίας
2250 671 2348 742 τὴν
2393 670 2491 742 τῆς
2544 668 2790 731 ἐναντίας
2842 668 3006 732 ἐξεως
3066 667 3359 721 ὑπόστασιν
3420 667 3644 739 ἐνεργη-

2078 764 2249 833 σάσης
2268 780 2281 792 ·
2313 762 2373 815 τὸ
2404 760 2698 833 ἀχρειωθὲν
2726 760 2883 831 ἡμῶν
2921 759 3104 829 μέρος,
3140 760 3206 828 τῇ
3240 757 3521 829 παραδοχῇ
3549 758 3643 812 τοῦ

2078 854 2317 909 ἐναντίου
2351 853 2563 906 λύεται’
2597 854 2626 905 ὁ
2658 852 2713 905 δέ
2734 850 2827 904 τοῦ
2860 850 3255 920 ὑποδείγματος
3285 849 3443 918 λόγος
3468 849 3644 903 τοιοῦ-

2076 948 2169 1011 τός
2199 949 2333 1000 ἐστι·
2365 944 2605 998 Δεδόσθω
2632 961 2684 996 τι
2707 942 2897 1006 σκεῦος
2927 946 2990 996 ἐκ
3023 941 3193 1013 πηλοῦ
3223 942 3641 1013 συνεστηκέναι-

2077 1040 2234 1093 τοῦτο
2276 1038 2332 1090 δὲ
2378 1038 2581 1107 πλῆρες
2622 1035 2683 1087 ἐκ
2714 1051 2854 1096 τινος
2886 1033 3174 1103 ἐπιϐουλῆς
3207 1031 3530 1103 γεγενῆσθαι
3558 1049 3643 1085 τε·

2078 1130 2301 1199 τηκότος
2343 1126 2611 1197 μολίὸδου.
2664 1126 2766 1178 Τὸν
2808 1125 2863 1177 δέ
2905 1123 3149 1195 μόλιϐδον
3195 1122 3489 1194 ἐκχυθέντα
3539 1140 3645 1175 παο

2078 1223 2238 1292 γῆναι
2276 1222 2370 1275 καὶ
2412 1219 2590 1291 μένειν
2619 1216 2988 1288 ἀπρὸσχυτον·
3034 1212 3425 1267 ἀντιποιεῖσθαι
3470 1212 3527 1266 δέ
3554 1211 3643 1266 τοῦ

2081 1313 2307 1376 σκεύους
2336 1312 2428 1365 τὸν
2457 1310 2822 1381 κεκτημένονο
2876 1308 3066 1378 ἔχοντα
3097 1305 3154 1359 δέ
3185 1303 3279 1358 τοῦ
3323 1303 3644 1374 κεραμεύειν

2079 1406 2177 1476 τὴν
2222 1404 2559 1473 ἐπιστήμην,
2584 1400 2911 1472 περιθρύψαι
2935 1416 2995 1451 τε
3021 1398 3099 1469 τῷ
3122 1396 3350 1467 μολίϐδῳ
3372 1395 3432 1449 τὸ
3452 1395 3641 1466 δστρα-

2081 1514 2174 1550 κον
2197 1535 2211 1559 ,
2235 1488 2335 1548 εἶθ’
2366 1493 2537 1557 οὕτως
2568 1493 2726 1546 πάλιν
2756 1490 2896 1545 κατὰ
2928 1490 2987 1544 τὸ
3012 1489 3272 1561 πρότερον
3307 1487 3491 1557 σχῆμα
3512 1486 3644 1556 πρὶς

2081 1586 2177 1657 τὴν
2205 1585 2339 1638 ἰδίαν
2368 1584 2556 1637 ἐαυτοῦ
2590 1583 2783 1653 χρῆσιν
2811 1581 3116 1636 ἀναπλάσαι
3149 1580 3210 1632 τὸ
3245 1576 3456 1642 σκεῦος,
3492 1577 3647 1630 κενὸν

2083 1676 2178 1746 τῆς
2211 1674 2566 1746 ἐμμιχθείσης
2600 1674 2730 1745 ὕλης
2767 1673 3074 1742 γενόμενον.
3131 1669 3316 1733 Οὕτως
3359 1663 3451 1723 οὖν
3490 1668 3583 1722 καὶ
3618 1669 3644 1721 ἑ

418 1766 640 1822 materia
674 1780 794 1835 qua:
824 1764 999 1819 fuerat
1034 1762 1296 1818 immista.
1336 1761 1413 1816 Ita
1442 1777 1571 1831 ergo
1620 1761 1792 1816 nostri
1842 1774 1981 1829 quo-

2084 1768 2173 1822 τοῦ
2200 1767 2468 1838 ἡμετέρου
2516 1765 2740 1829 σκεύους
2778 1764 3040 1832 πλάστης,
3077 1761 3154 1833 τῷ
3185 1759 3429 1831 αἰσθητῶ
3458 1758 3609 1830 μέρει
3628 1799 3643 1823 ,

416 1874 523 1925 que
550 1857 696 1912 vasis
730 1856 945 1926 figulus,
986 1854 1172 1910 sensili
1202 1853 1343 1923 parti
1377 1854 1514 1921 (eam
1548 1852 1670 1907 dico
1715 1867 1836 1921 quae
1892 1857 1977 1906 est

416 1946 471 1999 in
498 1946 749 2015 corpore)
782 1946 1023 1999 iuimisto
1050 1945 1205 2009 vitio,
1256 1943 1523 1998 dissoluta
1575 1942 1803 1998 materia
1857 1957 1979 2010 qua:

416 2038 605 2092 vitium
646 2045 954 2107 acceperat,
1007 2051 1106 2091 vas
1152 2050 1347 2090 rursus
1388 2035 1657 2101 relictum,
1700 2035 1978 2089 contrario

418 2142 527 2180 non
559 2128 803 2187 mislum,
826 2141 922 2195 per
955 2125 1432 2185 resurrectionem,
1472 2124 1539 2176 ad
1567 2139 1686 2177 eam
1719 2138 1838 2191 qua:
1864 2122 1981 2178 fue-

416 2225 504 2271 rat
530 2218 596 2269 ab
626 2217 781 2271 initio
812 2216 1130 2271 reformabit
1184 2215 1668 2284 pulchritudinem.
1710 2214 1978 2280 Quoniam

418 2314 595 2359 autem
624 2315 678 2360 et
708 2305 919 2375 corpori
953 2312 1037 2359 est
1061 2303 1307 2373 quaedam
1330 2304 1562 2359 societas
1584 2310 1637 2356 et
1667 2302 1980 2358 communio

416 2412 604 2451 carum
640 2411 759 2466 qua:
789 2412 854 2450 ex
899 2403 1123 2466 peccato
1162 2394 1435 2451 exsistunt
1486 2392 1869 2460 affectionum;
1928 2403 1983 2450 et

417 2490 606 2544 mortis
644 2489 944 2559 corporalis
972 2496 1025 2543 ct
1049 2488 1293 2558 quaedam
1329 2486 1574 2556 analogia
1607 2500 1670 2541 ac
1704 2485 1981 2556 pr0portio

417 2599 540 2637 cum
567 2590 743 2638 morte
769 2582 1002 2637 anima):
1030 2580 1302 2651 quomodo
1319 2579 1463 2634 enim
1499 2578 1551 2634 in
1570 2594 1757 2642 carne,
1803 2592 1832 2631 a
1858 2594 1983 2634 sen-

418 2675 501 2730 sili
538 2674 649 2728 vita
679 2680 989 2742 separatum
1022 2685 1144 2724 esse
1171 2676 1403 2723 mortem
1422 2667 1691 2724 dicimus:
1716 2668 1790 2722 ita
1809 2669 1974 2723 etiam

416 2766 474 2819 in
508 2765 687 2819 anima
718 2762 1053 2832 appellamus
1100 2769 1328 2815 mortem
1371 2774 1401 2813 a
1435 2774 1561 2815 vera
1600 2760 1709 2815 vita
1754 2774 1980 2829 separa-

417 2855 935 2924 tionem;quoniam
963 2867 1092 2923 ergo
1137 2867 1243 2905 una
1271 2859 1357 2907 est
1398 2852 1524 2905 mali
1564 2852 1876 2909 communio
1920 2866 1984 2908 ac

418 2948 752 3011 societas,ut
782 2946 935 3016 prius
967 2945 1174 2999 dictum
1200 2951 1304 3006 est,
1337 2943 1683 3000 considerata
1707 2944 1762 2999 in
1799 2944 1980 2998 anima

417 3048 471 3093 et
495 3054 744 3110 corpore,
780 3054 874 3109 per
911 3046 1205 3107 utrumque
1235 3036 1377 3091 enim
1409 3035 1653 3106 procedit
1702 3036 1882 3089 anima
1912 3034 1978 3089 ad

417 3129 791 3199 operationem
832 3146 845 3183 :
879 3135 1168 3199 propterea
1209 3140 1355 3180 mors
1396 3126 1615 3194 quidem
1660 3124 1980 3183 dissolutio-

420 3220 510 3274 nis
545 3218 615 3273 ab
644 3217 959 3273 indumento
990 3216 1299 3271 mortalium
1355 3216 1603 3285 pellium,
1657 3230 1765 3269 non
1811 3215 1981 3270 attin-

419 3309 497 3379 git
532 3308 792 3363 animam.
819 3306 1289 3373 Quemadmodum
1328 3307 1475 3361 enim
1527 3304 1757 3363 dissolvi
1800 3312 1985 3374 posset

415 3398 563 3469 quod
597 3413 706 3453 non
740 3404 827 3453 est
848 3396 1243 3464 compositum?

486 3510 753 3577 Quoniam
786 3522 913 3563 vero
938 3522 1074 3577 opus
1102 3513 1204 3571 est,
1251 3513 1309 3559 ut
1347 3503 1492 3561 illius
1518 3520 1735 3575 quoque
1769 3520 1889 3575 quae
1918 3521 1981 3561 ex

392 3590 395 3591 ⁷
419 3601 659 3669 peccatis
684 3599 732 3654 ei
769 3601 1099 3669 ingenerata:
1128 3596 1447 3651 insederunt
1477 3596 1719 3658 maculae,
1750 3612 1846 3666 per
1873 3611 1987 3650 me-

420 3693 656 3747 dicinam
687 3691 921 3759 aliquam
957 3686 1294 3750 auferantur,
1331 3694 1614 3757 prapterea
1644 3687 1696 3741 in
1729 3688 1982 3757 praesenti

421 3781 639 3851 quidem
674 3780 783 3833 vita
812 3778 1113 3833 adhibitum
1147 3786 1232 3833 est
1276 3778 1729 3833 medicamentum
1762 3778 1985 3835 virtutis

420 3874 489 3927 ad
513 3873 628 3928 haec
659 3872 898 3928 curanda
921 3872 1164 3926 vulnera.
1196 3870 1349 3937 Quod
1380 3871 1423 3925 si
1451 3873 1628 3926 curari
1660 3887 1765 3926 non
1789 3873 1981 3941 possit,

422 3965 475 4018 in
505 3963 742 4018 futuram
775 3962 941 4016 vitam
973 3971 1283 4018 reservatur
1306 3965 1537 4017 curatio.
1578 3962 1681 4018 Sed
1713 3964 1986 4033 quomodo

422 4058 479 4110 in
526 4069 757 4124 corpore
786 4060 914 4109 sunt
960 4052 1306 4108 all‘ectionum
1354 4053 1598 4123 qumdam
1647 4052 1983 4115 differentiae,

420 4159 651 4216 quarum
684 4144 802 4199 alia;
848 4143 1067 4214 fluidem
1119 4143 1354 4204 facilius,
1404 4144 1523 4197 alia:
1550 4158 1681 4197 vero
1713 4141 1987 4199 diflieilius

420 4236 715 4291 admittunt
758 4238 1123 4297 curationem,
1177 4235 1231 4289 in
1273 4235 1474 4303 quibus
1521 4241 1574 4287 et
1621 4232 1892 4287 sectiones
1934 4241 1988 4287 et

420 4328 684 4391 cauteria,
717 4336 770 4382 et
796 4327 991 4383 acerba
1016 4325 1407 4381 medicamenta
1437 4324 1763 4379 adhibentur
1785 4324 1851 4379 ad
1886 4325 1988 4379 tol—

2077 1860 2138 1914 τὸ
2166 1859 2307 1913 κατά
2342 1858 2403 1910 τὸ
2433 1856 2592 1926 σῶμά
2623 1873 2789 1925 φημι,
2826 1853 2926 1923 τῆς
2962 1852 3157 1915 κακίας
3189 1848 3643 1920 καταμιχθείσης,

2078 1950 2330 2013 διαλύσας
2366 1949 2463 2019 τὴν
2511 1945 2961 2017 παραδεξαμένην
3003 1943 3062 1996 τὸ
3101 1942 3268 1996 κακὸν
3299 1940 3450 2012 ὓλην,
3487 1941 3647 1994 πάλιν

2078 2045 2273 2115 ἀμιγὲς
2306 2041 2399 2096 τοῦ
2433 2041 2672 2095 ἐναντίου
2703 2040 2790 2095 διὰ
2813 2040 2912 2108 τῆς
2936 2038 3283 2099 ἀναστάσεως
3307 2035 3646 2098 ἀναπλάσας,

2080 2135 2215 2206 πρὸς
2241 2135 2301 2188 τὸ
2337 2134 2397 2199 ἐξ
2428 2134 2599 2205 ἀρχῆς
2643 2132 2837 2195 κάλλος
2880 2126 3316 2199 ἀναστοιχειώσει
3341 2126 3401 2179 τὸ
3433 2124 3646 2188 σκεῦος.

2093 2225 2309 2295 Ἐπειδὴ
2356 2224 2411 2277 δὲ
2469 2221 2711 2285 σύνδεσίς
2765 2238 2849 2284 τις
2896 2219 2991 2273 καὶ
3042 2216 3291 2272 κοινωνία
3343 2215 3450 2269 τῶν
3504 2214 3646 2269 κατὰ

2082 2317 2352 2388 ἁμαρτίαν
2402 2313 2739 2385 παθημάτων
2797 2305 3039 2379 γίνεταί,
3069 2312 3134 2381 τῇ
3166 2326 3225 2361 τε
3263 2308 3406 2379 ψυχῇ
3441 2307 3532 2360 καὶ
3568 2306 3644 2376 τῷ

2083 2403 2325 2475 σώματι·
2366 2404 2459 2457 καί
2497 2421 2577 2465 τις
2628 2401 2885 2469 ἀναλογία
2920 2399 3012 2452 τοῦ
3053 2396 3363 2468 σωματικοῦ
3417 2396 3645 2450 θανάτου

2083 2498 2217 2567 πρὸς
2243 2496 2333 2549 τὸν
2357 2494 2585 2565 ψυχικόν
2611 2494 2722 2545 ἐστι
2752 2493 2980 2545 θάνατον
2999 2508 3014 2523 ·
3050 2490 3238 2561 ὥσπερ
3263 2489 3371 2560 γὰρ
3398 2491 3455 2542 ἐν
3485 2488 3649 2555 σαρκὶ

2082 2586 2141 2641 τδ
2172 2586 2271 2657 τῆς
2315 2584 2575 2654 αἰσθητῆς
2622 2581 2953 2652 χωρισθῆναι
2993 2579 3138 2649 ζωῆς
3172 2576 3647 2649 προσαγορεύομεν

2083 2676 2310 2730 θάνατον
2329 2714 2343 2739 ,
2386 2674 2555 2737 οὑτως
2583 2673 2676 2727 καί
2709 2672 2801 2724 ἐπὶ
2829 2671 2929 2741 τῆς
2954 2670 3130 2741 ψυχῆς
3165 2668 3256 2722 τὸν
3292 2667 3390 2737 τῆς
3417 2665 3649 2737 ἀληθοῦς

2083 2767 2229 2837 ζωῆς
2267 2764 2540 2836 χωρισμὸν
2579 2762 2806 2816 θάνατον
2836 2760 3191 2837 ὀνομάζομεν.
3233 2756 3384 2810 Ἐπεὶ
3415 2751 3508 2808 οῦν
3547 2754 3645 2825 μία

2083 2858 2167 2921 τίς
2196 2860 2310 2912 ἐστι
2341 2854 2434 2910 τοῦ
2464 2854 2631 2909 κακοῦ
2672 2852 2955 2916 κοινωνία,
3002 2850 3183 2912 καθὼς
3216 2847 3555 2920 προείρηται,
3592 2847 3649 2898 ἐν

2083 2952 2227 3023 ψυχῇ
2259 2968 2318 3004 τε
2344 2947 2683 3019 θεωρουμένη
2714 2946 2804 2999 καὶ
2828 2943 3066 3015 σώματιο
3095 2944 3162 2995 δι’
3196 2940 3518 3011 ἀμφοτέρων
3541 2940 3649 3011 γὰρ

2085 3043 2327 3114 πρόεισιν
2360 3041 2437 3103 εἰς
2476 3039 2753 3109 ἐνέργειαν
2789 3036 2851 3089 τὸ
2888 3033 3148 3106 πονηρόνο
3180 3032 3268 3085 διὰ
3307 3029 3463 3085 τοῦτο
3493 3030 3523 3082 ὁ
3551 3029 3652 3099 μὲν

2083 3134 2180 3203 τῆς
2208 3130 2496 3191 διαλύσεως
2524 3127 2768 3189 θάνατος,
2795 3126 2858 3177 ἐκ
2881 3127 2978 3195 τῆς
2997 3123 3106 3177 τῶν
3136 3121 3340 3194 νεκρῶν
3366 3118 3651 3191 δερμάτων

2083 3220 2372 3290 ἐπιϐολῆς,
2412 3219 2507 3288 τῆς
2540 3218 2714 3288 ψυχῆς
2742 3217 2837 3285 οὑχ
2871 3216 3118 3269 ἅπτεται.
3155 3213 3278 3278 Πῶς
3304 3210 3413 3283 γὰρ
3448 3210 3514 3264 ἂν
3534 3209 3649 3264 δια-

2084 3315 2267 3386 λυθείη
2295 3313 2355 3368 τὸ
2386 3313 2460 3383 μὴ
2490 3309 2843 3380 συγκείμενον
2870 3324 2884 3374 ;

2168 3516 2384 3586 Ἐπειδὴ
2451 3513 2609 3585 χρεία
2652 3510 2746 3565 τοῦ
2798 3509 3055 3578 κάκείνης
3108 3512 3205 3569 τὰς
3252 3502 3550 3573 ἐμφυείσας
3592 3499 3655 3563 ἐξ

2084 3608 2366 3680 ἁμαρτιῶν
2414 3604 2634 3676 κηλίδας
2680 3601 2769 3656 διά
2811 3617 2955 3662 τινος
3000 3598 3236 3669 ἰατρείας
3277 3594 3649 3665 ἐξαιρεθῆναι,

2082 3695 2272 3750 τούτου
2298 3694 2503 3755 ἕνεκεν,
2532 3693 2588 3746 ἐν
2619 3690 2716 3762 μὲν
2747 3692 2813 3760 τῇ
2844 3687 3094 3760 παρούσῃ
3123 3685 3257 3757 ζωῇ,
3297 3684 3356 3738 τὺ
3384 3684 3485 3752 τῆς
3520 3683 3653 3753 ἀρε-

2086 3786 2182 3857 τῆς
2209 3785 2494 3856 φάρμακον
2516 3784 2594 3846 εἰς
2617 3781 2911 3852 θεραπείαν
2938 3779 3045 3833 τῶν
3069 3777 3323 3832 τοιούτων
3349 3774 3652 3846 προσετέθη

2088 3876 2435 3947 τραυμάτων.
2484 3876 2545 3928 Εἰ
2587 3873 2645 3926 δὲ
2681 3871 3052 3942 ἀθεράπεὺτος
3089 3867 3268 3939 μένει.
3302 3868 3360 3920 ἐν
3391 3864 3469 3935 τῷ
3517 3862 3655 3934 μετά

2085 3967 2254 4021 ταῦτα
2289 3966 2388 4037 βίῳ
2423 3965 2738 4035 ταμιεύεται
2772 3964 2804 4031 ἡ
2848 3959 3129 4032 θεραπεία.
3165 3958 3302 4011 Ἀλλ’
3338 3956 3525 4027 ὥσπερ
3549 3956 3657 4009 εἰσί

2087 4075 2227 4122 τινες
2273 4056 2413 4110 κατά
2454 4057 2515 4109 τὸ
2557 4054 2717 4123 σῶμα
2762 4051 2869 4105 τῶν
2904 4049 3240 4121 παθημάτων
3269 4047 3545 4117 διαφοραὶ,
3578 4039 3656 4099 ὧν

2087 4151 2142 4203 αἱ
2176 4149 2271 4220 μὲν
2304 4150 2452 4220 ῥᾷον,
2482 4148 2536 4201 αἰ
2565 4146 2621 4199 δὲ
2645 4143 3039 4218 δυσκολώτερον
3054 4141 3153 4212 τὴν
3171 4138 3465 4209 θεραπείαν
3486 4152 3659 4207 προσ-

2090 4242 2254 4295 ίενται
2277 4280 2291 4305 ,
2326 4241 2410 4309 ἐφ’
2436 4233 2509 4292 ὧν
2540 4238 2632 4291 καὶ
2679 4236 2839 4307 τομαὶ
2870 4236 2963 4289 καὶ
3002 4234 3268 4305 καυτήρια
3288 4272 3302 4295 ,
3335 4230 3429 4284 καὶ
3464 4229 3659 4299 πικραὶ

2089 4330 2518 4405 φαρμακοποιίαι
2549 4330 2685 4400 πρὸς
2721 4329 2818 4400 τὴν
2862 4327 3139 4397 ἀναίρεσιν
3167 4322 3260 4377 τοῦ
3294 4320 3660 4391 ἐνσκήψαντος

422 4419 635 4475 lendam
678 4419 1016 4475 affectionem
1052 4433 1173 4490 qua:
1200 4417 1401 4473 insedit
1434 4417 1682 4486 corpori:
1727 4416 1830 4471 tale
1858 4416 1982 4486 quid

2093 4423 2295 4484 πάθους
2338 4418 2414 4489 τῷ
2460 4421 2671 4489 σώματι
2727 4414 3275 4488 παραλαμϐάνονταιο
3317 4410 3554 4463 τοιοῦτόν
3604 4425 3658 4460 τι

419 4509 582 4564 etiam
610 4508 893 4565 denuntiat
923 4513 975 4565 in
1019 4518 1300 4580 posterum
1332 4508 1574 4562 futurum
1600 4508 1866 4577 judicium
1922 4507 1986 4561 ad

422 4600 697 4654 curandos
738 4600 961 4654 morbos
1005 4602 1218 4665 animae,
1272 4600 1414 4669 quod
1471 4600 1638 4671 pigris
1687 4598 1901 4670 quidem
1936 4606 1987 4653 et

421 4690 577 4744 vanis
628 4678 887 4753 minatur,
938 4690 1232 4759 graviaque
1284 4700 1339 4745 et
1374 4705 1568 4760 aspera
1622 4691 1875 4755 intentat,
1929 4698 1990 4744 ut

421 4790 570 4836 metu
611 4795 795 4834 rerum
836 4781 1187 4836 molestarum
1237 4788 1292 4836 et
1324 4797 1640 4851 asperarum
1674 4798 1795 4853 qua:
1833 4784 1989 4840 nobis

422 4884 550 4929 sunt
584 4873 890 4937 reddendae,
916 4872 983 4927 ad
1015 4872 1327 4945 fugiendum
1357 4874 1543 4927 vitium
1572 4876 1903 4946 eastigemur
1934 4884 1989 4931 et

420 4966 779 5020 crudiamur:
837 4966 905 5021 iis
944 4974 1144 5027 autem,
1195 4964 1285 5033 qui
1338 4971 1466 5019 sunt
1515 4965 1987 5035 intelligentiores,

421 5057 665 5114 creditur
709 5073 738 5111 a
786 5056 896 5113 Deo
922 5073 1043 5113 esse
1087 5059 1353 5113 medicina
1398 5065 1451 5111 et
1492 5057 1722 5118 curatio,
1779 5058 1871 5125 qui
1924 5057 1990 5109 ll-

422 5158 699 5221 gmentum
741 5166 897 5205 suum
928 5150 1137 5206 reducit
1170 5151 1237 5204 ad
1280 5166 1398 5205 eam
1440 5164 1559 5219 quae
1592 5156 1709 5203 erat
1735 5148 1802 5202 ab
1834 5147 1991 5201 initio

419 5243 670 5311 gratiam.
706 5240 990 5308 Quomodo
1031 5241 1176 5297 enim
1225 5243 1318 5312 qui
1366 5242 1547 5296 clavos
1596 5251 1652 5295 et
1709 5254 1989 5304 verrucas,

421 5349 543 5401 quae
577 5335 628 5387 in
669 5349 897 5403 corpore
922 5341 1095 5388 enata:
1134 5342 1261 5389 sunt
1296 5344 1492 5405 praeter
1524 5343 1797 5406 naturam,
1831 5334 1993 5388 abra-

420 5423 560 5479 dunt
591 5440 684 5492 pcr
710 5425 1008 5480 sectionem
1045 5439 1108 5478 ac
1134 5424 1426 5487 ustionem,
1456 5424 1504 5480 ei
1536 5439 1697 5494 quem
1728 5422 1993 5477 beneficio

422 5515 669 5569 afficiunt
702 5533 806 5571 non
837 5519 955 5573 sine
986 5517 1173 5572 dolore
1204 5517 1463 5572 adhibent
1494 5516 1841 5580 medicinam,
1882 5529 1991 5568 non

423 5616 604 5661 autem
638 5609 703 5663 ad
733 5609 991 5664 damnum
1016 5611 1134 5679 ejus
1153 5610 1245 5680 qui
1274 5611 1511 5680 patitur:
1553 5610 1627 5662 ita
1660 5608 1821 5661 etiam
1847 5620 1994 5675 quae—

423 5713 639 5769 cunque
697 5701 901 5756 nostris
962 5702 1179 5769 animis,
1243 5702 1335 5772 qui
1396 5716 1490 5770 per
1550 5698 1987 5753 communionem

2091 4514 2185 4567 καὶ
2207 4516 2238 4583 ἡ
2264 4512 2399 4583 μετά
2418 4510 2590 4565 ταῦτα
2611 4509 2790 4579 κρίσις
2810 4510 2890 4570 εἰς
2910 4506 3204 4577 θεραπείαν
3224 4504 3331 4559 τῶν
3356 4502 3458 4572 τῆς
3481 4501 3661 4571 ψυχῆς

2088 4602 2537 4676 ἀρρωστημάτων
2570 4599 3096 4668 κατεπαγγέλλεται.
3129 4597 3157 4649 ὃ
3186 4597 3296 4658 τοῖς
3337 4595 3433 4665 μὲν
3464 4609 3656 4663 χαυνο-

2087 4696 2265 4767 τέροις
2304 4696 2533 4767 ἀπειλὴ,
2565 4696 2660 4747 καὶ
2705 4690 3040 4763 σκυθρωπῶν
3084 4692 3229 4742 ἐστιν
3260 4687 3657 4746 ἐπανάστασις,

2092 4788 2165 4851 ὡς
2198 4787 2265 4841 ἂν
2314 4787 2461 4857 φόϐῳ
2510 4788 2609 4856 τῆς
2651 4784 2760 4837 τῶν
2817 4780 3078 4850 ἀλγεινῶν
3128 4778 3467 4840 ἀντιδόσεως,
3524 4774 3663 4845 πρὸς

2088 4880 2187 4951 τὴν
2233 4879 2411 4950 φυγὴν
2467 4878 2564 4947 τῆς
2618 4876 2814 4938 κακίας
2859 4868 3384 4944 σωφρονισθείημεν·
3429 4869 3541 4930 τοῖς
3603 4865 3663 4918 δὲ

2095 4973 2473 5043 συνετωτέροις
2523 4969 2732 5040 ἰατρεία
2778 4966 2873 5021 καὶ¹
2918 4962 3179 5035 θεραπεία
3212 4960 3361 5031 παρά
3401 4960 3493 5013 τοῦ
3524 4957 3661 5011 Θεοῦ

2091 5066 2151 5119 τὸ
2202 5064 2330 5117 ῐδιον
2380 5062 2605 5132 πλάσμα
2658 5060 2794 5131 πρὸς
2835 5058 2932 5128 τὴν
2983 5056 3043 5120 ἐξ
3077 5055 3253 5126 ἀρχῆς
3301 5051 3665 5119 ἐπανάγοντος

2091 5158 2250 5229 χάριν
2285 5151 2421 5208 εἶναι
2456 5153 2784 5207 πιστεύεται.
2828 5152 2915 5215 Ὠς
2961 5150 3069 5220 γάρ
3108 5150 3158 5202 οἰ
3202 5148 3327 5209 τοὺς
3369 5145 3529 5215 ἥλους
3570 5142 3666 5195 καὶ

2092 5249 2218 5310 τοὺς
2267 5246 2655 5318 ἀκροχορδόνας
2717 5243 2865 5315 παρά
2917 5243 3078 5311 φύσιν
3110 5237 3526 5308 ἐπιγενομένους
3586 5234 3666 5303 τῷ

2095 5337 2335 5408 σώματι,
2367 5338 2454 5391 διὰ
2502 5338 2671 5407 τομῆς
2698 5336 2731 5406 ἢ
2764 5334 3011 5397 καύσεως
3053 5331 3377 5396 ἀποξύοντες
3396 5368 3410 5393 ,
3440 5328 3537 5383 οὐκ
3567 5325 3667 5377 ἁν-

2094 5429 2292 5483 ὡδυνον
2316 5429 2578 5496 ἐπάγουσι
2609 5427 2686 5497 τῷ
2714 5424 3151 5497 εὑεργετουμένῳ
3192 5422 3289 5494 τὴν
3323 5423 3467 5475 ἴασιν
3487 5460 3500 5484 ,
3528 5415 3671 5487 πλὴν

2092 5518 2191 5571 οὑκ
2219 5518 2311 5571 ἐπὶ
2348 5516 2518 5589 βλάϐῃ
2560 5515 2654 5569 τοῦ
2689 5515 3047 5585 ὑπομένοντος
3075 5514 3174 5584 τὴν
3207 5512 3377 5581 τομὴν
3405 5511 3626 5576 ἄγουσιν
3650 5522 3667 5538 ο

2094 5605 2265 5668 οὑτως
2314 5605 2407 5657 καὶ
2458 5605 2558 5657 ὅσα
2610 5606 2728 5665 ταῖς
2786 5603 2984 5672 ψυχαῖς
3036 5602 3213 5674 ἡμῶν,
3280 5601 3367 5654 διὰ
3429 5598 3529 5667 τῆς
3559 5593 3673 5649 τῶν

2097 5695 2434 5766 παθημάτων
2470 5694 2751 5760 κοινωνίας
2789 5694 3323 5767 ἀποσαρκωθείσαις,
3363 5688 3535 5759 ὑλώδη
3570 5700 3672 5740 πε-
