4006 6148
375 273 449 330 57
1581 266 1839 326 ORATIO
1867 265 2376 327 CATECIIETICA.
3552 278 3621 335 ες

380 388 697 459 βιττώματα
748 389 1149 460 ὲπιπωροῦται,
1207 388 1263 442 ὲν
1286 387 1364 459 τῷ
1408 387 1585 460 καιρῷ
1605 389 1704 460 τῆς
1726 389 1938 459 κρίσεως

2061 387 2530 455 perturbationum
2579 390 2828 447 carnales
2869 395 3024 445 erant
3074 388 3291 456 redditi,
3350 395 3622 462 superflua

370 484 632 554 τέμνεται
666 484 763 537 καὶ
801 482 1091 549 ἀποξύεται
1131 485 1197 554 τῇ
1246 483 1544 554 ἀπορρήτῳ
1583 483 1766 554 ἐκείνῃ
1794 484 1956 555 σοφίᾳ

375 576 472 628 καὶ
513 574 779 646 δυνάμει,
830 575 1011 639 καθὼς
1044 575 1190 644 λέγει
1229 574 1291 629 τὸ
1338 574 1664 644 Εὐαγγέλιον
1704 574 1798 627 τοῦ
1830 575 1956 639 τοὺς

374 664 569 728 κακῶς
605 664 824 734 ἔχοντας
860 665 1214 736 ἰατρεύοντοςο
1235 666 1317 719 Οὐ
1347 664 1555 734 χρείαν
1576 665 1684 736 γάρ
1707 663 1950 734 ἔχουσι,

375 756 566 828 φησὶν,
597 759 652 810 οἱ
684 758 999 824 Ισχύοντες
1026 756 1256 825 ἰατροῦ,
1288 756 1425 810 ἀλλ’
1468 759 1521 809 οἱ
1564 755 1753 822 κακῶς
1784 757 1954 825 ἕχον-

373 866 494 914 τες.
540 849 639 903 Διά
667 849 725 902 δὲ
762 849 825 901 τὸ
866 848 1066 919 πολλὴν
1094 847 1420 918 γεγενῆσθαι
1448 850 1512 918 τῇ
1542 847 1686 918 ψυχῇ
1730 847 1865 918 πρὸς
1892 847 1954 900 τὸ

373 938 545 992 κακὸν
578 939 877 1008 συμφυΐαν,
906 938 1095 1009 ὥσπερ
1123 941 1154 1010 ἡ
1194 939 1289 1007 τῆς
1316 938 1632 1008 μυρμηκίας
1667 940 1807 1009 τομὴ
1840 940 1952 1011 δρι-

376 1029 574 1100 μύσσει
613 1028 712 1099 τὴν
751 1029 1074 1099 ἐπιφάνειαν
1094 1045 1106 1058 °
1146 1029 1206 1083 rb
1235 1029 1341 1100 γὰρ
1372 1030 1521 1098 παρά
1556 1029 1716 1097 φύσιν
1745 1030 1953 1101 ἐμφυὲς

372 1124 439 1192 τῇ
490 1122 682 1189 φύσει,
734 1120 824 1173 διά
879 1137 1023 1183 τινος
1091 1118 1429 1189 συμπαθείας
1483 1119 1561 1191 τῷ
1610 1121 1951 1192 ὑποκειμένῳ

373 1213 758 1284 προσίσχεται,
791 1211 883 1264 καί
904 1228 985 1275 τις
1027 1211 1231 1279 γίνεται
1285 1210 1378 1264 τοῦ
1411 1211 1688 1282 ἀλλοτρίου
1731 1212 1864 1282 πρὸς
1889 1212 1950 1265 τὸ

372 1304 646 1374 ἡμέτερον
670 1302 976 1372 παράλογος
1001 1302 1416 1373 συνανάχρασις,
1441 1302 1516 1366 ὡς
1545 1302 1825 1357 λυπεῖσθαι
1858 1305 1949 1357 καὶ

373 1394 665 1449 δάκνεσθαι
690 1392 781 1446 τοῦ
805 1392 953 1463 παρά
978 1392 1135 1462 φύσιν
1158 1392 1529 1464 χωριζομένην
1552 1394 1649 1465 τὴν
1676 1395 1945 1463 αἴσθησιν·

377 1484 520 1537 οὕτω
563 1485 654 1537 καὶ
694 1484 791 1554 τῆς
829 1483 1008 1552 ψυχῆς
1050 1483 1560 1556 ἀπολεπτυνομένης
1609 1502 1666 1538 τε
1722 1486 1815 1538 καὶ
1858 1487 1947 1538 ὲκ-

374 1575 680 1647 τηκομένης
726 1577 783 1628 ὲν
820 1578 932 1640 τοῖς
954 1577 1093 1647 ὑπὲρ
1132 1576 1230 1644 τῆς
1256 1576 1528 1647 ἁμαρτίας
1555 1576 1816 1646 ἐλέγχοις,
1852 1594 1949 1631 κα-

375 1669 478 1732 θώς
505 1669 609 1722 πού
641 1686 806 1739 φησιν
839 1671 871 1739 ἡ
905 1669 1238 1741 προφητεία,
1284 1669 1371 1722 διὰ
1396 1669 1492 1738 τὴν
1523 1670 1580 1723 ἐν
1614 1668 1765 1739 βάθει
1792 1686 1945 1737 γενο-

2056 476 2320 531 callorum
2357 488 2703 533 excrementa
2757 478 3095 546 coaluerant,
3148 495 3210 535 ea
3240 481 3433 550 judicii
3486 492 3624 541 tem-

2054 583 2187 638 pore
2238 569 2565 624 scinduntur
2614 576 2669 624 et
2719 570 3057 625 abraduntur
3089 570 3345 627 inetlabili
3403 573 3495 627 illa
3533 591 3621 631 sa-

2056 657 2260 727 pientia
2308 665 2362 713 et
2394 657 2593 713 virtute
2632 658 2803 721 illius,
2858 659 2952 728 qui
2999 659 3138 714 male
3180 659 3530 728 habentibus,
3567 672 3626 716 ut

2054 757 2138 803 est
2174 749 2228 803 in
2256 748 2574 820 Evangelio,
2613 749 2879 805 medetur.
2917 750 3042 805 Non
3070 753 3213 807 enim
3244 763 3322 807 est
3353 770 3503 821 opus,
3541 756 3626 809 in-

2054 840 2194 909 quit,
2248 840 2540 895 valentibus
2600 841 2851 907 medicus,
2910 841 3001 894 sed
3057 844 3192 897 male
3244 844 3551 900 habentibus
3577 847 3619 900 ³.

2053 930 2349 1000 Propterea
2387 941 2568 987 autem
2601 935 2743 1002 quod
2791 934 2985 988 anima:
3029 950 3151 989 cum
3187 951 3413 1006 corpore
3441 945 3525 992 est
3555 938 3623 990 ad

2053 1024 2257 1077 malum
2290 1025 2577 1094 congenita
2626 1024 2870 1095 quaedam
2913 1027 3299 1091 coalescentia,
3352 1028 3624 1097 quomodo

2052 1116 2365 1185 myrmecia)
2394 1131 2490 1170 seu
2532 1114 2933 1171 formicationis
2973 1132 3094 1187 quae
3125 1118 3289 1171 etiam
3320 1133 3514 1173 eossus
3538 1118 3625 1173 di-

2051 1207 2215 1271 citur,
2251 1207 2445 1272 sectio,
2479 1207 2821 1275 superﬁciem
2846 1206 3057 1262 mordet
3082 1208 3303 1271 acriter;
3330 1223 3451 1261 nam
3473 1207 3622 1278 quod

2054 1306 2248 1367 praeter
2272 1307 2523 1352 naturam
2558 1298 2801 1352 innatum
2835 1307 2920 1353 est
2948 1306 3176 1361 naturae,
3212 1314 3307 1367 per
3333 1300 3619 1368 quemdam

2050 1404 2379 1446 consensum
2405 1390 2707 1447 affectionis
2729 1391 3049 1447 adhaerescit
3067 1391 3351 1461 subjecto;
3382 1398 3434 1446 et
3457 1392 3621 1447 alieni

2049 1500 2172 1539 cum
2202 1494 2393 1541 nostro
2436 1486 2494 1540 ﬁt
2528 1486 2774 1556 quaedam
2820 1494 3016 1556 prater
3053 1486 3319 1540 rationem
3369 1493 3621 1541 contem-

2049 1578 2277 1646 peratio,
2337 1579 2473 1634 adeo
2520 1588 2577 1633 ut
2617 1578 2869 1635 molestia
2902 1577 3169 1632 efﬁciatur
3199 1585 3254 1630 et
3304 1576 3621 1633 mordeatur

2050 1686 2245 1725 sensus
2283 1679 2570 1740 separatus
2599 1670 2669 1724 ab
2713 1685 2779 1726 eo
2802 1668 2949 1739 quod
2988 1677 3072 1724 est
3101 1679 3295 1738 praeter
3326 1676 3615 1731 naturam;

380 1761 544 1830 μένην
573 1736 713 1831 πρὸς
739 1760 801 1813 τὸ
834 1736 1000 1813 κακὸν
1028 1736 1368 1829 νοίκειότητα,
1403 1736 1523 1815 κατ’
1567 1736 1813 1831 ἀνάγκην
1845 1762 1938 1813 ἐπ-

2046 1762 2121 1815 ila
2148 1762 2312 1815 etiam
2348 1736 2470 1816 cum
2508 1763 2688 1815 anima
2719 1736 3029 1817 alte—nuatur
3057 1736 3117 1815 et
3143 1760 3326 1814 tabeﬁt
3359 1760 3412 1813 in
3439 1740 3619 1814 incre-

378 1851 751 1904 ακολουθοῦσιν
780 1850 1006 1921 ἀρῥητοί
1030 1866 1170 1913 τινες
1201 1851 1291 1903 καὶ
1324 1851 1684 1921 ἀνέκφραστοι
1718 1851 1944 1921 ἀλγηδό-

377 1958 485 2006 νες,
514 1935 588 1996 ὧν
620 1941 655 2012 ἡ
684 1941 932 2011 διήγησις
964 1942 1027 1993 ὲκ
1054 1940 1148 1993 τοῦ
1183 1939 1298 1992 ίσου
1323 1940 1383 1993 τὸ
1412 1941 1685 2011 ἄφραστον
1704 1941 1844 2011 ἔχει,
1875 1944 1939 2012 τῇ

375 2033 483 2087 τῶν
501 2032 861 2102 ἐλπιζομένων
886 2031 1104 2101 ἀγαθῶν
1127 2031 1306 2100 φύσει.
1325 2030 1459 2085 Οὔτε
1476 2032 1583 2103 γάρ
1598 2034 1792 2095 ταῦτα,
1820 2032 1943 2085 οὔτε

373 2125 551 2179 ἐκεῖνα
598 2128 663 2195 τῇ
707 2124 931 2193 δυνάμει
976 2123 1085 2176 τῶν
1119 2123 1311 2191 λόγων,
1343 2123 1374 2193 ἢ
1405 2123 1495 2175 τὸν
1522 2124 1823 2193 στοχασμὸν
1842 2124 1942 2194 τῆς

368 2216 605 2279 διανοίας
640 2216 925 2283 ὑπάγεται.
967 2214 1173 2267 Οὐκοῦν
1210 2214 1346 2285 πρὸς
1390 2214 1452 2266 τὸ
1496 2213 1668 2283 πέρας
1696 2230 1780 2274 τις
1808 2213 1942 2265 dno-

371 2308 591 2361 σκοπῶν
611 2309 707 2378 τῆς
742 2307 932 2375 σοφίας
964 2306 1058 2359 τοῦ
1088 2305 1148 2358 τὸ
1175 2307 1282 2358 πᾶν
1307 2303 1735 2373 οἰκονομοῦντος,
1763 2303 1939 2356 οὐκέτ’

365 2399 433 2452 ἂν
452 2399 686 2466 εὐλόγως
707 2398 892 2451 κακῶν
919 2399 1088 2451 αίτιον
1116 2397 1207 2449 τὸν
1223 2397 1328 2449 τῶν
1358 2395 1660 2467 ἀνθρώπων
1682 2394 1939 2464 δημιουρ-

360 2490 461 2559 γὸν
488 2491 591 2543 ὑπὸ
625 2489 987 2561 μικροψυχίας
1028 2487 1416 2558 κατονομάξοι,
1459 2487 1492 2557 ἢ
1539 2487 1749 2555 ἀγνοεῖν
1779 2485 1939 2539 αὐτὸν

357 2582 424 2635 τὸ
457 2582 713 2652 ἐσόμενον
745 2580 939 2649 λέγων,
971 2581 1004 2651 ἢ
1036 2580 1214 2657 εἰδότα
1246 2579 1339 2633 καὶ
1361 2577 1699 2647 πεποιηκότα
1732 2578 1806 2648 μὴ
1833 2576 1939 2642 ἔξω

356 2678 466 2747 τῆς
498 2678 635 2749 πρὸς
667 2676 729 2730 τὸ
769 2677 1005 2748 πονηρὸν
1033 2676 1209 2746 ὁρμῆς
1247 2669 1406 2727 εἶναι.
1440 2674 1552 2726 Καὶ
1579 2672 1688 2741 γὰρ
1736 2672 1850 2743 ᾔδει
1878 2672 1938 2725 τὸ

352 2768 651 2838 ἐσόμενον,
704 2768 801 2822 καὶ
844 2767 941 2838 τὴν
990 2768 1127 2837 πρὸς
1161 2766 1223 2819 τὸ
1268 2766 1547 2836 γινόμενον
1602 2764 1778 2835 ὁρμὴν
1837 2764 1937 2816 οὐκ

351 2857 660 2910 ἐκώλυσεν.
704 2857 827 2909 ’Ότι
883 2857 991 2927 γὰρ
1034 2859 1437 2928 ὲκτραπήσεται
1482 2857 1576 2911 τοῦ
1623 2858 1829 2927 ἀγαθοῦ
1874 2860 1937 2915 τὸ

350 2948 733 3018 ἀνθρώπινον,
776 2947 874 2999 οὐκ
918 2947 1179 3017 ἠγνόησεν
1219 2949 1247 3000 ό
1294 2949 1469 3002 πάντα
1513 2950 1933 3023 ὲμπερικρατῶν

2046 1853 2359 1922 palionibus
2391 1862 2612 1922 propter
2653 1860 2957 1921 peccatum,
2994 1862 3051 1906 ut
3081 1852 3276 1906 alicubi
3309 1852 3443 1908 dicit
3488 1866 3619 1920 pro-

2044 1943 2249 2013 phetia,
2302 1952 2524 2013 propter
2564 1944 2810 1997 intimam
2860 1944 3006 1997 illam
3056 1958 3180 1999 cum
3230 1951 3453 2012 peccato
3487 1957 3618 1996 con-

2041 2034 2400 2103 junctionem,
2467 2035 2781 2090 necessario
2838 2043 3256 2103 consequuntur
3312 2032 3616 2087 inellabiles

2042 2127 2262 2197 quidam
2290 2126 2506 2182 dolores
2536 2135 2590 2181 et
2623 2127 3051 2196 inexplicabiles.
3103 2127 3194 2194 qui
3224 2140 3377 2194 aeque
3415 2124 3519 2177 dici
3550 2138 3617 2177 ac

2040 2216 2301 2284 explicari
2336 2230 2443 2269 non
2477 2222 2726 2284 possunt,
2774 2222 2937 2282 atque
2965 2222 3161 2266 natura
3193 2213 3458 2265 bonorum
3494 2226 3617 2282 quae

2041 2315 2351 2377 sperantur.
2384 2306 2517 2360 Nam
2556 2322 2732 2376 neque
2775 2306 2890 2360 haec
2939 2320 3117 2375 neque
3167 2305 3255 2358 illa
3287 2312 3416 2358 sunt
3468 2304 3616 2372 ejus-

2038 2400 2209 2462 modi,
2244 2409 2304 2454 ut
2333 2398 2547 2455 dicendi
2582 2399 2811 2455 facultas
2843 2409 2936 2454 aut
2980 2398 3298 2466 conjectura
3349 2397 3518 2453 animi
3548 2412 3613 2453 ea

2041 2492 2215 2562 possit
2244 2491 2485 2560 assequi.
2517 2490 2573 2544 Si
2603 2490 2892 2561 quisquam
2924 2505 3055 2559 ergo
3086 2489 3151 2543 ad
3186 2487 3346 2542 ﬁnem
3394 2489 3613 2544 intuea-

2040 2589 2130 2635 tur
2158 2582 2458 2651 sapientiae,
2491 2596 2611 2650 quae
2639 2580 2989 2635 administrat
3020 2578 3458 2644 universitatem,
3501 2592 3611 2635 non

2040 2676 2228 2744 utique
2276 2674 2559 2729 hominum
2611 2673 2858 2742 opiﬁcem
2910 2672 3176 2726 malorum
3225 2680 3503 2726 auctorem
3548 2686 3613 2726 ac

2038 2782 2258 2823 causam
2282 2775 2501 2838 propter
2521 2768 2777 2837 pusillum
2805 2773 2858 2821 et
2884 2765 3156 2834 abiectum
3188 2779 3347 2820 suum
3370 2765 3610 2821 animum

2034 2856 2159 2927 jure
2185 2858 2568 2924 nominaverit,
2601 2856 2897 2912 autdicens
2915 2872 3038 2913 eum
3058 2856 3308 2926 ignorare
3330 2856 3605 2912 futurum:

2039 2957 2133 3003 aut
2169 2949 2213 3004 si
2245 2950 2467 3005 sciverit
2498 2959 2552 3005 et
2578 2950 2786 3015 fecerit,
2830 2964 2939 3004 non
2972 2963 3093 3005 esse
3119 2960 3385 3006 remotum
3421 2965 3451 3005 a
3480 2951 3608 3005 mali

348 3043 425 3110 τῇ
477 3040 817 3111 προορατικῇ
873 3038 1130 3108 δυνάμει,
1194 3039 1287 3093 καὶ
1336 3039 1397 3092 τὸ
1438 3041 1634 3111 ἑφεξῆς
1676 3040 1751 3111 τῷ
1790 3060 1931 3114 παρ·

2039 3043 2390 3111 appetitione,
2452 3051 2507 3097 et
2568 3042 2633 3097 ad
2697 3043 2875 3111 ipsum
2943 3042 3325 3112 propensione.
3392 3041 3610 3098 Sciebat

349 3129 599 3200 ῳχηκότι
640 3129 850 3198 βλέπων
885 3128 1025 3182 κατά
1058 3130 1117 3182 τὸ
1146 3123 1279 3181 ἴσον.
1316 3130 1455 3182 Ἀλλ’
1488 3130 1675 3201 ὥσπερ
1701 3132 1799 3203 τὴν
1830 3151 1934 3187 πα-

352 3217 641 3288 ρατροπὴν
670 3217 960 3281 ἐθεάσατο,
996 3216 1137 3270 οὕτω
1165 3218 1258 3271 καὶ
1302 3218 1401 3287 τὴν
1429 3218 1724 3289 ἀνάκλησιν
1766 3219 1931 3275 αὑτοῦ

349 3309 523 3363 πάλιν
559 3309 658 3377 τὴν
697 3308 831 3377 πρὸς
863 3308 924 3362 τὸ
952 3308 1154 3377 ἀγαθὸν
1192 3309 1509 3377 κατενόησε.
1541 3310 1605 3363 Τί
1652 3308 1746 3364 οὖν
1771 3312 1931 3383 ἄμει-

350 3416 450 3453 νον
475 3395 542 3468 ἦν
573 3416 589 3465 ;
640 3397 866 3452 καθόλου
915 3397 989 3468 μὴ
1029 3398 1256 3466 ἀγαγεῖν
1296 3398 1396 3468 τὴν
1443 3397 1605 3467 φύσιν
1653 3398 1810 3470 ἡμῶν
1852 3403 1932 3464 εἰς

349 3489 608 3557 γένεσιν,
682 3487 867 3559 ἐπειδὴ
912 3486 1006 3541 τοῦ
1057 3487 1223 3541 καλοῦ
1287 3488 1751 3559 διαμαρτήσεσθαι
1802 3507 1932 3560 προ-

352 3575 508 3650 εώρα
549 3578 613 3631 τὸ
653 3579 1035 3648 γενησόμενον,
1082 3577 1116 3649 ἢ
1163 3577 1439 3647 ἀγαγόντα
1483 3580 1577 3632 καὶ
1608 3581 1931 3651 νενοσηκότα

352 3670 523 3726 πάλιν
553 3670 690 3741 πρὸς
734 3671 833 3740 τὴν
866 3669 926 3734 ἐξ
964 3671 1139 3741 ἀρχῆς
1172 3670 1332 3741 χάριν
1362 3671 1830 3740 ἀνακαλέσασθαις
1859 3672 1931 3724 Τὸ

350 3762 413 3815 δὲ
459 3759 549 3814 διὰ
592 3761 690 3824 τάς
745 3760 1060 3831 σωματικὰς
1118 3762 1447 3832 ἀλγηδόνας,
1498 3763 1555 3816 αἳ
1605 3762 1682 3833 τῷ
1722 3762 1931 3832 ρευστῷ

349 3852 459 3921 τῆς
511 3850 728 3920 φύσεως
772 3852 891 3905 κατ’
940 3850 1184 3921 ἀνάγκην
1215 3853 1697 3922 ἐπισυμδαίνουσι,
1744 3852 1930 3907 κακῶν

355 3939 589 4008 ποιητὴν
627 3938 718 3991 τὸν
760 3938 892 3990 Θεὸν
929 3936 1246 4007 ὀνομάζειν,
1284 3936 1315 4007 ἢ
1365 3937 1498 4006 μηδὲ
1539 3938 1674 4002 ὅλως
1716 3939 1929 4010 ἀνθρώ-

353 4044 464 4081 που
494 4027 721 4097 κτίστην
753 4026 913 4079 αὑτὸν
942 4025 1181 4090 οἴεσθαι,
1226 4025 1301 4088 ὼς
1333 4024 1399 4078 ἂν
1429 4025 1505 4096 μὴ
1552 4027 1644 4079 καὶ
1684 4026 1791 4082 τῶν
1836 4026 1931 4081 ἀλ-

351 4118 626 4186 γυνόντων
647 4119 797 4188 ἡμᾶς
822 4118 997 4179 αἴτιος
1018 4116 1297 4170 ὑπονοοῖτο
1314 4155 1329 4180 ,
1372 4116 1529 4170 τοῦτο
1557 4118 1654 4187 τῆς
1694 4118 1929 4189 ἐσχάτης

354 4206 723 4277 μικροψυχίας
758 4209 877 4261 ἐστὶ
913 4207 1021 4260 τῶν
1048 4208 1115 4276 τῇ
1148 4205 1394 4276 αἰσθήσει
1423 4206 1483 4259 τὸ
1512 4207 1675 4260 καλὸν
1731 4208 1826 4261 καὶ
1868 4209 1929 4262 rb

351 4299 523 4354 κακὸν
568 4299 983 4369 διακρινόντων,
1031 4298 1081 4350 οἳ
1120 4298 1220 4351 οὑκ
1261 4296 1470 4361 ἴσασιν,
1525 4299 1606 4351 ὅτι
1639 4300 1817 4353 ἐκεῖνο
1860 4303 1926 4371 τῇ

2036 3133 2181 3188 enim
2232 3133 2496 3200 futurum,
2553 3144 2607 3189 et
2652 3149 2759 3189 non
2814 3135 3095 3204 prohibuit
3134 3152 3252 3191 eam
3287 3152 3408 3206 qua:
3446 3136 3511 3189 ad
3552 3135 3605 3189 id

2033 3222 2177 3293 quod
2209 3222 2267 3276 ﬁt
2294 3234 2412 3277 erat
2446 3222 2866 3292 propensionem
2892 3234 2945 3276 et
2977 3223 3404 3278 inclinationem.
3449 3223 3605 3289 Quod

2029 3312 2174 3365 enim
2202 3326 2232 3365 a
2263 3311 2407 3365 bono
2434 3312 2596 3365 homo
2628 3318 2770 3366 esset
2797 3311 3145 3377 avertendus,
3194 3328 3301 3365 non
3332 3313 3602 3382 ignoravit

2029 3404 2123 3474 qui
2155 3404 2337 3458 omnia
2378 3418 2478 3458 suo
2505 3402 2786 3457 dominatu
2822 3404 3084 3465 continet,
3136 3419 3235 3459 sua
3274 3404 3603 3472 praevidendi

2027 3496 2228 3549 virtute
2256 3510 2408 3566 aeque
2435 3496 2653 3550 intuens
2678 3493 2732 3548 id
2761 3494 2903 3563 quod
2934 3495 3191 3565 deinceps
3217 3502 3301 3549 est
3329 3494 3600 3559 futurum,

2030 3596 2192 3656 atque
2220 3586 2273 3641 id
2308 3587 2451 3657 quod
2485 3595 2567 3643 est
2595 3587 2944 3657 praeteritum.
2990 3585 3096 3640 Sed
3145 3586 3420 3655 quomodo
3468 3586 3604 3640 vidit

2031 3677 2409 3733 aversionem:
2462 3678 2534 3733 ita
2580 3680 2743 3733 etiam
2774 3692 2968 3732 rursus
2997 3678 3323 3747 excogitavit
3367 3677 3487 3745 ejus
3532 3675 3599 3729 ad

2033 3766 2233 3822 bonum
2274 3770 2693 3824 revocationem.
2738 3768 2879 3835 Quid
2923 3783 3054 3835 ergo
3100 3776 3216 3823 erat
3258 3769 3474 3832 melius,
3531 3782 3600 3820 an

2032 3869 2274 3914 nostram
2304 3868 2554 3915 naturam
2587 3876 2698 3915 non
2736 3860 2959 3914 omnino
2996 3860 3063 3914 ad
3098 3868 3277 3915 ortum
3308 3858 3598 3923 deducere,

2029 3951 2287 4020 quoniam
2322 3951 2543 4006 videbat
2577 3950 2816 4005 futurum
2857 3958 2916 4005 ut
2945 3966 2974 4004 a
3003 3951 3148 4005 bono
3179 3950 3493 4007 aberraret:
3530 3964 3597 4003 an

2030 4055 2152 4095 cum
2186 4042 2495 4097 aberrasset
2531 4050 2585 4098 et
2618 4043 2809 4098 morbo
2856 4044 3183 4107 laborasset,
3241 4058 3497 4099 revocare
3532 4042 3599 4095 ad

2030 4133 2256 4200 gratiam
2281 4149 2442 4202 quam
2477 4134 2665 4189 habuit
2698 4136 2766 4190 ab
2798 4135 2985 4189 initio?
3031 4134 3258 4203 Pr0pter
3283 4134 3596 4202 corporales

2030 4228 2210 4275 autem
2243 4221 2481 4287 dolores,
2523 4224 2613 4292 qui
2652 4224 2810 4278 ﬂuxae
2860 4233 3066 4278 natura
3104 4222 3414 4278 necessario
3455 4223 3601 4276 acci-

2031 4307 2185 4371 dunt,
2220 4308 2387 4363 Deum
2430 4312 2712 4367 nominare
2745 4314 3009 4367 malorum
3038 4312 3367 4377 effectorem,
3409 4318 3502 4364 aut
3530 4326 3599 4365 ne

350 4389 512 4460 φύσει
560 4390 720 4460 μόνον
754 4390 900 4442 ἐστὶν
950 4389 1182 4457 ἀγαθὸν,
1227 4385 1288 4444 οὗ
1326 4390 1359 4458 ἡ
1409 4389 1655 4459 αἴσθησις
1706 4390 1804 4444 οὐκ
1837 4392 1927 4459 ὲφ-

2038 4400 2260 4453 omnino
2274 4402 2492 4469 quidem
2524 4419 2646 4459 eum
2674 4404 2987 4479 existimare
3011 4402 3248 4457 hominis
3273 4410 3595 4465 creatorem,

350 4483 585 4535 άπτεται
605 4498 619 4512 ο
646 4480 740 4535 καὶ
770 4481 929 4551 μόνον
971 4482 1145 4535 ἐκεῖνο
1172 4480 1361 4547 κακὸν,
1399 4482 1433 4550 ἡ
1473 4480 1563 4534 τοῦ
1591 4482 1795 4549 ἀγαθοῦ
1831 4482 1925 4535 ἀλ-

350 4574 658 4645 λοτρίωσις.
711 4573 899 4636 Πόνοις
932 4572 989 4626 δὲ
1033 4574 1127 4626 καὶ
1166 4572 1379 4642 ἡδοναῖς
1418 4572 1481 4624 rb
1530 4572 1693 4626 καλὸν
1732 4573 1825 4626 καὶ
1862 4574 1926 4627 τὸ

351 4666 521 4719 κακὸν
565 4665 775 4735 κρίνειν
807 4665 907 4734 τῆς
944 4666 1140 4733 ἀλόγου
1191 4664 1404 4735 φύσεως
1455 4663 1583 4717 ἴδιόν
1621 4668 1801 4733 ἐστιν,
1839 4666 1925 4734 ἐφ’

350 4748 424 4810 ὧν
444 4757 536 4810 τοῦ
573 4756 787 4827 ἀληθῶς
814 4756 978 4811 καλοῦ
1012 4760 1045 4829 ἡ
1088 4757 1445 4827 κατανόησις,
1474 4755 1561 4809 διὰ
1594 4757 1653 4809 τὸ
1695 4758 1768 4829 μὴ
1801 4775 1927 4827 μετ-

354 4846 492 4916 έχειν
514 4848 658 4902 αὐτὰ
679 4848 771 4902 νοῦ
792 4850 883 4903 κα)⁵
907 4849 1164 4915 διανοίας,
1188 4847 1368 4920 χώραν
1389 4848 1488 4901 οὐκ
1511 4847 1645 4918 ἔχει.

2032 4505 2101 4543 ne
2129 4499 2421 4546 censeatur
2453 4510 2574 4550 esse
2604 4509 2771 4549 causa
2803 4504 2857 4549 et
2901 4502 3094 4548 auctor
3128 4508 3314 4548 eorum
3346 4509 3467 4562 quae
3500 4508 3598 4548 110-

2029 4581 2113 4636 bis
2147 4582 2388 4639 dolorem
2434 4585 2685 4649 afferunt,
2722 4585 2825 4639 hoc
2866 4595 2951 4641 est
2995 4585 3154 4655 plane
3195 4585 3376 4654 pusilli
3415 4592 3471 4638 et
3502 4584 3598 4637 ab-

2021 4670 2153 4739 jecti
2182 4673 2347 4727 animi
2377 4688 2565 4729 eorum
2595 4674 2687 4744 qui
2716 4690 2879 4729 sensu
2912 4674 3115 4729 bonum
3142 4681 3197 4729 et
3222 4674 3422 4726 malum
3455 4671 3600 4741 diju-

2026 4760 2233 4828 dicant,
2268 4765 2359 4833 qui
2404 4766 2655 4821 nesciunt
2698 4766 2842 4835 quod
2878 4766 3008 4819 illud
3056 4765 3231 4820 solum
3281 4772 3364 4818 est
3396 4764 3597 4819 bonum

2028 4862 2245 4918 natura,
2287 4858 2430 4925 quod
2461 4874 2654 4915 sensus
2680 4874 2788 4912 non
2820 4856 3070 4926 attingit;
3112 4864 3167 4912 et
3209 4856 3381 4911 solum
3417 4862 3501 4910 est
3534 4854 3601 4909 il-

357 4938 448 4994 lud
505 4942 733 5003 malum,
818 4943 887 4998 ab
934 4957 1000 4998 eo
1048 4941 1193 5013 quod
1241 4949 1327 4998 est
1373 4957 1564 4996 verum
1614 4941 1963 4997 abalienatio.
2002 4943 2311 5003 Laboribus
2370 4958 2550 5005 autem
2575 4961 2631 5006 et
2661 4951 3029 5020 voluptatibus
3069 4949 3367 5017 diiudicare
3395 4948 3596 5003 bonum

356 5043 409 5087 et
445 5036 640 5089 malum
693 5044 776 5092 est
821 5038 1099 5107 proprium
1142 5026 1353 5093 natura:
1405 5038 1633 5093 rationis
1683 5039 1925 5108 expertis
1986 5040 2040 5095 in
2087 5043 2287 5112 quibus
2352 5046 2529 5100 locum
2585 5062 2696 5102 non
2747 5046 2910 5101 habet
2970 5045 3083 5100 veri
3126 5044 3253 5100 boni
3305 5043 3595 5113 cogitatio,

350 5133 634 5196 prapterea
654 5130 799 5199 quod
816 5146 878 5185 ea
898 5140 1075 5185 mente
1098 5140 1321 5185 careant
1356 5138 1411 5186 et
1434 5132 1812 5202 intelligentia.

434 5220 568 5279 Ἀλλ’
595 5225 674 5276 ὃτι
709 5224 805 5295 μὶν
831 5222 964 5277 Θεοῦ
992 5223 1150 5295 ἔργον
1175 5226 1205 5278 ὁ
1229 5223 1511 5295 ἄνθρωπος
1549 5226 1713 5279 καλόν
1741 5244 1801 5280 τε
1832 5228 1924 5281 καὶ

345 5310 441 5364 ἐπὶ
471 5312 774 5377 καλλίστοις
811 5316 1134 5385 γενόμενον,
1169 5315 1228 5368 οὐ
1268 5314 1425 5384 μόνον
1460 5316 1525 5369 ὲκ
1560 5315 1671 5369 τῶν
1699 5318 1923 5387 εἰρημέ-

344 5406 451 5457 νυν
472 5403 630 5473 δῆλόν
661 5407 809 5458 ἐστιν
830 5445 844 5468 ,
874 5407 1008 5459 ἀλλά
1038 5407 1130 5461 καὶ
1158 5407 1223 5460 ὲκ
1259 5408 1464 5477 μυρίων
1497 5407 1721 5479 ἑτέρων,
1754 5403 1828 5462 ὦν
1861 5409 1920 5463 τὸ

2100 5224 2206 5280 Sed
2243 5224 2387 5295 quod
2416 5223 2578 5279 homo
2607 5222 2824 5293 quidem
2856 5221 3141 5292 pulchrum
3168 5221 3241 5275 sit
3277 5233 3341 5272 ac
3373 5214 3594 5284 praecla-

1996 5332 2146 5373 trum
2183 5315 2276 5371 Dei
2303 5331 2461 5387 opus,
2494 5314 2807 5383 factumque
2839 5312 2906 5367 ad
2936 5327 3001 5367 ea
3031 5325 3153 5379 quae
3189 5314 3317 5363 sunt
3342 5302 3594 5371 pulcher-

2024 5411 2163 5465 rima
2190 5417 2245 5464 et
2273 5408 2499 5477 optima,
2550 5422 2657 5462 non
2708 5406 2885 5461 solum
2918 5420 2984 5457 ex
3017 5402 3083 5456 iis
3112 5412 3233 5468 quae
3269 5395 3411 5449 dicta
3443 5400 3590 5454 sunt.

344 5490 543 5564 πλῆθος
578 5495 668 5547 διά
696 5495 798 5566 τὴν
833 5496 1101 5567 ἀμετρίαν
1134 5496 1659 5568 παραδραμούμεθα.
1698 5499 1827 5554 Θεὸν
1861 5501 1916 5554 δὲ

2038 5510 2105 5559 est
2134 5501 2506 5574 perspicuum,
2530 5500 2625 5557 sed
2652 5498 2816 5554 etiam
2840 5512 2905 5554 ex
2932 5493 3053 5550 aliis
3077 5484 3587 5548 innumerabilibus,

418 5666 436 5696 ⁵
464 5668 653 5726 Matth.
686 5686 764 5738 ix,
803 5671 902 5739 1'2;
933 5670 1097 5727 Marc.
1130 5688 1192 5739 ιι,
1241 5673 1323 5739 l7;
1359 5672 1491 5730 Luc.
1524 5691 1576 5741 v,
1617 5673 1705 5728 51.
