3980 6198
415 272 485 331 39
1646 271 1704 327 S.
1736 267 2064 326 GREGORII
2099 266 2392 326 NYSSENI
3595 277 3664 331 to

411 404 650 464 quorum
707 390 1180 460 praetermittemus
1238 390 1665 455 multitudinem,
1730 391 1875 461 quod
1938 390 1990 445 id

2095 390 2379 463 ἀνθρώπου
2414 394 2643 465 ποιητὴν
2684 392 3083 465 ὀνομάσαντες,
3122 392 3222 447 οὒκ
3266 392 3669 467 ἐπιλελήσμεθα

417 492 562 539 esset
614 482 905 537 infinitum.
956 480 1091 533 Cum
1139 479 1309 534 Deum
1363 490 1540 535 autem
1594 489 1891 535 creatorem
1938 487 1991 534 ct

418 574 730 628 effectorem
767 571 1190 636 nominavimus,
1243 585 1348 624 non
1380 571 1531 625 obliti
1578 586 1768 626 sumus
1800 584 1990 625 eorum

417 679 541 734 qua!
574 664 625 717 in
659 661 920 732 prommio
954 662 1187 715 scrutati
1237 676 1427 716 sumus
1458 662 1719 717 adversus
1748 660 1988 726 Graecos,

418 757 473 808 in
501 754 699 824 quibus
728 765 1007 808 ostensum
1040 760 1125 805 est
1154 751 1245 806 Dei
1274 752 1533 817 Verbum,
1567 769 1689 806 cum
1713 754 1783 806 sit
1807 768 1992 807 essen-

421 847 548 901 tiale
581 855 633 901 et
663 847 991 910 consistens,
1034 845 1211 914 ipsum
1238 860 1358 899 esse
1387 854 1439 899 et
1459 846 1625 899 Deum
1653 851 1707 900 et
1728 844 1989 911 Verbum,

422 953 486 992 ac
527 936 794 991 rationem
834 952 956 1006 quae
992 936 1273 1005 complexa
1317 945 1401 991 est
1448 950 1664 989 omnem
1712 936 1821 989 vim
1868 936 1990 990 efti-

421 1031 676 1090 cientem.
707 1029 789 1083 vel
825 1043 945 1097 qum
970 1028 1153 1097 potius
1179 1034 1263 1082 est
1308 1028 1423 1097 ipsa
1452 1043 1551 1097 per
1589 1043 1648 1082 se
1678 1028 1762 1081 vis
1792 1041 1856 1080 ac
1883 1028 1993 1081 vir-

426 1132 531 1185 tus,
557 1136 610 1176 ει
635 1135 755 1189 quae
781 1126 973 1188 suapte
996 1118 1357 1187 propensione
1384 1133 1447 1173 ac
1469 1118 1799 1188 appetitione
1820 1116 1992 1172 fertur

418 1210 486 1263 ad
515 1224 675 1263 omne
697 1209 925 1272 bonum,
961 1216 1014 1261 et
1050 1207 1313 1276 quidquid
1341 1209 1595 1271 voluerit,
1624 1208 1785 1263 simul
1809 1208 1989 1275 ellicit,

421 1301 565 1369 quod
584 1314 708 1353 cum
733 1298 1011 1352 voluntate
1040 1298 1295 1351 virtutem
1324 1298 1519 1353 habeat
1540 1307 1988 1353 concurrentem:

420 1391 579 1460 cujus
609 1398 663 1445 et
690 1390 943 1443 voluntas
972 1396 1026 1443 et
1056 1404 1194 1459 epus
1224 1396 1307 1443 est
1338 1405 1525 1446 eorum
1559 1406 1679 1461 quae
1707 1398 1834 1445 sunt
1859 1391 1988 1455 vita,

425 1496 453 1534 «ι
485 1496 595 1551 quo
639 1480 800 1534 etiam
848 1479 1010 1533 homo
1056 1478 1326 1535 deductus
1368 1488 1450 1535 est
1482 1479 1549 1534 ad
1582 1480 1766 1540 vitam,
1807 1479 1990 1534 divine

420 1578 648 1626 ornatus
693 1571 855 1625 rebus
902 1570 1155 1625 omnibus
1199 1571 1424 1640 optimis
1479 1585 1543 1625 ac
1586 1570 1986 1641 pulcherrimis.

421 1661 689 1729 Quoniam
725 1667 904 1715 autem
951 1661 1124 1715 solum
1157 1668 1244 1715 est
1277 1661 1615 1717 inallerabile
1656 1677 1719 1717 ex
1774 1661 1841 1715 iis
1870 1674 1991 1730 quae

424 1762 552 1805 sunt
586 1758 779 1805 natura
811 1749 865 1803 id
898 1750 1043 1820 quod
1073 1765 1171 1820 per
1199 1751 1529 1805 creationem
1557 1766 1666 1805 non
1697 1749 1860 1805 habet
1880 1751 1988 1805 ori-

422 1845 639 1914 ginem;
689 1856 1028 1911 quaecunque
1075 1848 1254 1895 autem
1300 1841 1369 1895 ab
1403 1842 1641 1895 increata
1686 1848 1879 1894 natura
1925 1855 1991 1894 ex

421 1950 487 1991 eo
512 1934 657 2005 quod
685 1948 793 1987 non
817 1942 955 1995 erat,
982 1933 1365 1996 constiterunt,
1402 1948 1524 1987 cum
1556 1932 1740 1988 statim
1791 1947 1821 1985 a
1858 1947 1991 1987 con-

419 2026 673 2081 versione
702 2039 824 2079 esse
851 2022 1136 2093 coeperint,
1166 2038 1383 2093 semper
1412 2024 1713 2093 procedunt
1742 2036 1841 2092 per
1865 2024 1993 2077 alte—

422 2116 725 2180 rationem;
757 2121 810 2168 et
838 2115 883 2167 si
920 2121 1081 2181 agant
1100 2114 1357 2181 quiddam
1393 2114 1695 2168 secundum
1719 2121 1992 2178 naturam,

423 2206 490 2259 ad
526 2205 579 2257 id
602 2203 747 2272 quod
788 2209 873 2255 est
900 2203 1095 2255 melius
1127 2202 1207 2255 eis
1241 2216 1454 2269 semper
1495 2202 1552 2254 fit
1595 2200 1860 2266 mutatio;
1909 2201 1995 2256 sin

424 2310 455 2349 a
483 2302 633 2349 recta
663 2291 1000 2354 deﬂexerint,
1033 2292 1125 2360 qui
1158 2292 1215 2344 ﬁt
1244 2290 1310 2344 ad
1343 2292 1680 2345 contrarium
1715 2298 1897 2345 motus
1931 2304 1994 2345 ea

422 2399 637 2454 semper
692 2384 928 2451 excipit;
987 2398 1107 2436 eum
1158 2398 1289 2453 ergo
1341 2382 1394 2435 in
1456 2384 1539 2436 his
1586 2398 1805 2453 quoque
1853 2389 1995 2437 esset

426 2478 609 2539 homo,
649 2474 735 2529 cui
768 2483 978 2529 naturre
1016 2475 1351 2528 mutabilitas
1379 2474 1585 2543 dilapsa
1617 2482 1733 2529 erat
1764 2472 1831 2526 ad
1860 2488 1994 2528 con-

423 2567 691 2621 trarium:
723 2581 752 2619 a
779 2566 939 2620 bonis
974 2574 1156 2620 autem
1188 2580 1441 2619 recessus
1481 2572 1533 2619 et
1575 2580 1604 2618 a
1640 2564 1991 2635 consequenti

423 2672 584 2711 omne
607 2670 778 2725 genus
808 2655 932 2706 mali
961 2656 1264 2719 induceret,
1297 2654 1431 2708 adeo
1449 2665 1507 2708 ut
1533 2670 1629 2725 per
1655 2657 1993 2711 eversionem

424 2750 645 2819 quidem
681 2763 711 2801 a
740 2747 871 2813 vita,
906 2748 1026 2816 ejus
1076 2748 1197 2799 loco
1224 2760 1371 2800 mors
1399 2746 1735 2810 succederet,
1768 2763 1862 2817 per
1884 2747 1995 2817 pri-

422 2838 699 2892 vationem
726 2846 906 2892 autem
930 2838 1090 2900 lucis,
1129 2838 1401 2902 tenebrae;
1431 2852 1530 2907 pro
1551 2839 1794 2895 absentia
1813 2849 1992 2895 autem

425 2929 665 2993 virtutis,
701 2928 1051 2983 inveheretur
1084 2928 1315 2981 vitium:
1363 2928 1419 2982 in
1448 2929 1627 2983 locum
1664 2938 1844 2985 autem
1878 2946 1996 2984 om-

2090 482 2199 535 τῶν
2236 484 2293 535 ὲν
2322 483 2399 553 τῷ
2426 485 2696 555 προοιμίῳ
2731 487 2867 557 πρὸς
2904 486 3029 549 τοὺς
3066 486 3333 556 ’Έλληνας
3365 489 3494 558 ήμῖν
3525 488 3669 541 διευ-

2091 573 2487 642 κρινηθέντων,
2534 578 2593 628 ἐν
2634 574 2713 638 οἷς
2742 575 3094 629 ἀπεδείκνυτο
3127 578 3156 628 ὁ
3200 576 3293 628 τοῦ
3327 576 3461 629 Θεοῦ
3497 578 3669 646 Λόγος

2091 662 2357 735 ούσιώδης
2399 682 2482 729 τις
2511 667 2605 720 καὶ¹
2646 668 3008 730 ὲνυπόστατος
3038 668 3134 735 ῶν,
3186 669 3349 733 αὐτὸς
3391 664 3530 724 εἶναι
3573 671 3668 724 καὶ

2091 756 2224 820 Θεὸς
2250 758 2343 811 καὶ
2372 759 2563 827 Λόγος,
2598 762 2777 813 πᾶσαν
2803 760 3033 830 δύναμιν
3065 762 3350 832 ποιητικὴν
3382 762 3521 833 ὲμπς
3533 780 3670 833 ριει-

2091 845 2296 917 ληφὼς,
2343 848 2540 917 μᾶλλον
2584 848 2641 900 δὲ
2686 849 3044 919 αύτοδύναμις
3096 850 3193 913 ῶν,
3245 854 3338 905 καὶ
3370 854 3505 923 πρὸς
3557 856 3669 906 πᾶν

2092 937 2251 1009 ἔργον
2267 939 2469 1007 ἀγαθὸν
2493 939 2668 1010 ὁρμὴν
2694 939 2851 1009 ἔχων,
2883 941 2975 993 καὶ
3003 942 3110 994 πᾶν
3136 941 3163 993 ὃ
3183 940 3235 994 τί
3258 958 3363 1011 περ
3379 942 3444 994 ἂν
3464 941 3669 1014 θελήσῃ

2092 1032 2598 1101 κατεργαζόμενος,
2648 1030 2725 1100 τῷ
2769 1030 3063 1101 σύνδρομον
3114 1032 3259 1102 ἔχειν
3306 1035 3371 1103 τῇ
3416 1033 3668 1103 βουλήσει

2090 1117 2191 1187 τὴν
2224 1118 2471 1189 δύναμιν,
2508 1112 2568 1172 οὗ
2598 1121 2691 1173 καὶ
2721 1119 2929 1190 θέλημα
2969 1120 3065 1174 καὶ
3107 1120 3266 1191 ἔργον
3295 1124 3442 1175 ἐστὶν
3485 1124 3519 1193 ή
3558 1124 3667 1175 τῶν

2091 1211 2260 1265 ὄντων
2291 1211 2423 1281 ζωὴ,
2460 1214 2588 1283 παρ’
2623 1206 2684 1265 οὗ
2710 1213 2805 1265 καὶ
2830 1215 2859 1265 ό
2890 1212 3172 1284 ἄνθρωπος
3204 1216 3283 1276 εἰς
3310 1214 3371 1267 τὸ
3398 1215 3496 1285 ζῇν
3528 1232 3671 1287 παρ-

2091 1300 2257 1370 ήχθη,
2293 1304 2427 1354 πᾶσι
2470 1304 2584 1364 τοῖς
2618 1300 2922 1362 καλλίστοις
2954 1299 3199 1364 θεοειδῶς
3232 1302 3663 1372 κεκοσμημένος.

2106 1389 2322 1456 Ἐπειδὴ
2356 1390 2410 1442 δὲ
2451 1390 2609 1459 μόνον
2649 1387 2999 1441 ἁναλλοίωτόν
3038 1390 3153 1439 ἐστι
3193 1388 3331 1440 κατά
3370 1387 3468 1457 τὴν
3505 1388 3667 1456 φύσιν

2093 1483 2154 1533 τὸ
2190 1483 2263 1552 μὴ
2296 1481 2382 1535 διά
2412 1482 2640 1544 κτίσεως
2666 1481 2785 1549 ἕχον
2816 1480 2913 1549 τὴν
2942 1479 3185 1547 γένεσιν,
3215 1478 3283 1533 τὰ
3308 1479 3364 1532 δὲ
3393 1480 3491 1532 ὅσα
3517 1482 3666 1550 παρά

2094 1574 2191 1643 τῆς
2214 1573 2467 1627 ἀκτίστου
2504 1573 2715 1642 φύσεως
2740 1575 2804 1627 ἐκ
2830 1573 2923 1626 τοῦ
2958 1573 3033 1643 μὴ
3070 1572 3219 1634 ὄντος
3246 1571 3475 1639 ὑπέστη,
3505 1572 3667 1636 εὐθὺς

2096 1665 2205 1717 ἀπὸ
2242 1664 2448 1734 τροπῆς
2477 1659 2613 1717 εἶναι
2644 1664 2941 1736 ἀρξάμενα,
2977 1664 3206 1717 πάντοτε
3237 1663 3303 1717 δι’
3331 1664 3668 1728 ἀλλοιώσεως

2097 1756 2376 1827 πρόεισινο
2420 1756 2511 1808 καὶ
2542 1759 2588 1808 εί
2625 1757 2722 1827 μὲν
2761 1756 2901 1809 κατά
2936 1755 3095 1824 φύσιν
3140 1755 3401 1826 πράττοι,
3434 1756 3569 1825 πρὸς
3606 1758 3669 1809 τὸ

2094 1850 2342 1918 κρεῖττον
2364 1849 2546 1910 αὐτοῖς
2572 1848 2671 1917 τῆς
2700 1847 3032 1911 ἀλλοιώσεως
3061 1846 3235 1900 εἰσαεὶ
3266 1847 3553 1917 γινομένης
3571 1862 3587 1876 ο
3619 1851 3668 1899 εί

2092 1939 2149 1991 δὲ
2186 1940 2570 2011 παρατραπείη
2606 1943 2705 2011 τῆς
2738 1940 2970 2006 εὐθείας,
3013 1942 3114 2010 τῆς
3146 1939 3283 2012 πρὸς
3324 1940 3385 1992 τὸ
3426 1939 3668 1999 ἐναντίον

2094 2032 2235 2085 αὐτά
2282 2032 2667 2103 διαδεχομένης
2705 2034 2988 2103 κινήσεως.
3036 2031 3187 2085 Ἐπεὶ
3219 2026 3312 2085 οὖν
3356 2032 3414 2085 ἐν
3459 2030 3669 2093 τούτοις

2097 2124 2190 2176 καὶ
2230 2124 2259 2175 ό
2286 2123 2569 2195 ἄνθρωπος
2595 2119 2684 2193 ἦν,
2711 2116 2755 2190 ᾧ
2788 2123 2850 2174 τὸ
2878 2122 3111 2195 τρεπτὸν
3151 2122 3250 2193 τῆς
3290 2123 3503 2192 φύσεως
3533 2122 3670 2194 πρὸς

2096 2215 2158 2266 τὸ
2199 2215 2437 2268 ἐναντίον
2486 2213 2823 2285 παρώλισθεν
2844 2231 2856 2244 ·
2889 2214 3034 2281 ἅπαξ
3069 2215 3125 2268 δὲ
3164 2215 3263 2285 τῆς
3296 2215 3402 2268 τῶν
3448 2213 3669 2282 ἀγαθῶν

2097 2304 2497 2377 ἀναχωρήσεως
2527 2305 2594 2357 δι’
2621 2304 2913 2358 ἀκολούθου
2942 2308 3118 2359 πᾶσαν
3152 2306 3291 2359 ἰδέαν
3316 2305 3502 2359 κακῶν
3537 2305 3668 2358 ἅντ-

2096 2395 2443 2465 εισαγούσης,
2493 2397 2568 2460 ὡς
2598 2399 2662 2467 τῇ
2716 2397 2813 2467 μὲν
2845 2398 3160 2471 ἀποστροφῇ
3208 2398 3305 2467 τῆς
3350 2396 3494 2468 ζωῆς
3542 2397 3667 2449 άντ-

2098 2486 2415 2557 εισαχθῆναι
2446 2487 2537 2540 τὸν
2567 2487 2792 2541 θάνατον
2814 2527 2829 2552 ,
2863 2491 2929 2559 τῇ
2960 2488 3015 2541 δὲ
3058 2488 3307 2560 στερήσει
3338 2487 3432 2541 τοῦ
3468 2484 3666 2556 φωτὸς,

2099 2577 2442 2646 ἐπιγενέσθαι
2484 2578 2544 2630 τὸ
2576 2579 2796 2642 σκότος,
2827 2578 2982 2649 τῇδὲ
3026 2579 3125 2650 τῆς
3166 2578 3366 2650 ἀρετῆς
3407 2576 3667 2645 ἀπουσίᾳ,

2098 2671 2198 2743 τὴν
2228 2670 2425 2723 κακίαν
2451 2669 2865 2741 ἀντεισαχθῆναι
2886 2709 2900 2735 ,
2929 2669 3021 2723 καὶ
3049 2670 3196 2739 πάσῃ
3221 2671 3286 2739 τῇ
3315 2668 3425 2721 τῶν
3449 2666 3671 2734 ἀγαθῶν

2095 2760 2187 2815 τὸν
2211 2761 2318 2814 τῶν
2345 2761 2601 2815 ἐναντίων
2636 2760 3109 2831 καταριθμηθῆναι
3135 2760 3455 2827 κατάλογον·
3479 2758 3574 2811 τὸν
3610 2758 3671 2811 ὲν

2099 2853 2307 2915 τούτοις
2337 2852 2432 2904 καὶ
2473 2854 2585 2915 τοῖς
2613 2849 2871 2912 τοιούτοις
2902 2848 2960 2913 ἐξ
2988 2848 3242 2911 ἀϐουλίας
3274 2848 3671 2918 ἐμπεπτωκότα

2102 2944 2241 3013 (οὐδὲ
2264 2943 2372 3014 γὰρ
2395 2938 2461 3014 ἦν
2479 2941 2702 2996 δυνατὸν
2722 2943 2779 2993 ὲν
2807 2940 3064 3011 φρονήσει
3085 2934 3222 2992 εἶναι
3244 2939 3334 2991 τὸν
3355 2938 3673 3009 ἀπεστραμ-

426 3022 580 3075 nium
618 3021 887 3075 bonorum
914 3017 1211 3076 referretur
1245 3035 1507 3075 numerus
1557 3022 1991 3076 contrariorum:

2106 3036 2264 3105 μένον
2293 3036 2391 3105 τὴν
2423 3034 2682 3105 φρόνησιν
2701 3075 2716 3101 ,
2747 3032 2840 3085 καὶ
2872 3031 3030 3100 σοφόν
3061 3048 3112 3083 τι
3153 3030 3542 3100 βουλεύσασθαι
3581 3031 3674 3084 τὸν

423 3129 548 3167 eum
575 3114 666 3181 qui
700 3112 754 3165 in
807 3111 921 3166 haec
960 3119 1012 3166 et
1055 3126 1176 3182 quae
1205 3120 1331 3167 sunt
1360 3110 1627 3181 ejusmodi
1660 3113 1803 3167 malo
1835 3120 1992 3182 capto

425 3205 701 3259 ceciderat
751 3205 1010 3271 consilio;
1073 3220 1251 3274 neque
1307 3204 1451 3259 enim
1508 3203 1625 3258 fieri
1671 3212 1882 3273 poterat
1934 3212 1993 3258 ut

425 3303 569 3351 esset
597 3295 651 3350 in
691 3298 997 3367 prudentia,
1051 3297 1143 3366 qui
1185 3296 1527 3365 prudentiam
1563 3295 1741 3349 fuerat
1772 3310 1992 3350 aversa-

424 3395 533 3449 tus,
565 3402 738 3455 neque
773 3395 831 3439 ut
860 3388 1078 3453 sapiens
1119 3385 1325 3454 aliquid
1359 3386 1718 3447 consultaret,
1777 3386 1870 3455 qui
1900 3402 1992 3441 re-

423 3479 665 3525 cesserat
715 3486 746 3524 a
797 3472 1090 3541 sapientia,
1144 3487 1242 3540 per
1293 3487 1583 3542 quemnam
1624 3487 1819 3528 rursus
1868 3488 1992 3528 eum

422 3564 709 3632 oportebat
760 3566 1007 3618 revocari
1062 3562 1127 3617 ad
1177 3578 1296 3618 eam
1341 3579 1504 3635 quam
1557 3565 1710 3635 prius
1766 3566 2000 3621 habebat

421 3655 689 3724 gratiam?
728 3654 959 3708 Cuinam
1005 3662 1185 3709 autem
1236 3656 1595 3711 conveniebat
1637 3656 1840 3712 erectio
1880 3658 2000 3726 ejus

420 3750 513 3818 qui
544 3748 837 3814 ceciderat,
879 3758 970 3802 aut
1005 3750 1281 3805 revocatio
1314 3749 1436 3819 ejus
1477 3750 1569 3820 qui
1598 3752 1854 3820 perierat,
1904 3760 2000 3805 aut

424 3840 672 3894 reductio
722 3839 842 3908 ejus
873 3840 966 3909 qui
1002 3841 1385 3896 aberraverat?
1414 3841 1539 3908 Cui,
1584 3842 1831 3909 inquam,
1880 3857 1999 3896 om-

423 3930 553 3984 nino
583 3931 698 3993 alii,
731 3945 895 4001 quam
918 3931 1150 3987 Domino
1176 3934 1422 3987 naturae?
1456 3934 1509 3988 Is
1538 3934 1683 3988 enim
1719 3934 1871 3989 solus
1899 3936 1991 4003 qui

2099 3130 2197 3199 τῆς
2224 3127 2412 3195 σοφίας
2442 3125 2890 3195 ἀναχωρήσαντα)
2917 3122 3004 3176 διὰ
3033 3124 3175 3187 τίνος
3208 3123 3315 3176 ἔδει
3346 3124 3504 3177 πάλιν
3535 3124 3675 3194 πρὸς

2099 3218 2198 3286 τὴν
2234 3216 2292 3283 ἐξ
2322 3217 2497 3286 ἀρχῆς
2536 3215 2694 3284 χάριν
2741 3212 3140 3282 ἀνακληθῆναι;
3177 3211 3293 3264 Τίνι
3332 3212 3390 3263 δὲ
3436 3212 3676 3283 ἔπρεπεν

2099 3310 2133 3377 ἠ
2184 3306 2277 3360 τοῦ
2336 3306 2680 3368 πεπτωκότος
2730 3304 3025 3375 ἀνόρθωσις
3045 3342 3060 3369 ,
3101 3305 3136 3373 ή
3185 3301 3278 3355 τοῦ
3332 3301 3670 3363 ἀπολωλότος

2100 3398 2427 3468 ἀνάκλησις,
2458 3400 2491 3467 ἡ
2532 3396 2623 3449 τοῦ
2672 3394 3087 3465 πεπλανημένου
3133 3394 3494 3464 χειραγωγία;
3549 3392 3671 3444 Τίνι

2102 3489 2264 3558 ἄλλῳ,
2294 3487 2326 3557 ἦ
2357 3487 2434 3557 τῷ
2462 3487 2648 3558 Κυρίῳ
2687 3486 2901 3549 πάντως
2937 3485 3036 3555 τῆς
3067 3483 3279 3553 φύσεως
3304 3500 3318 3548 ;
3346 3482 3434 3554 Τῷ
3471 3482 3579 3553 γὰρ
3611 3483 3673 3547 ἐξ

2098 3578 2270 3650 ἀρχῆς
2294 3579 2391 3646 τὴν
2420 3576 2563 3647 ζωὴν
2591 3577 2844 3630 δεδωκότι
2877 3577 3020 3645 μόνῳ
3045 3575 3268 3630 δυνατὸν
3299 3569 3389 3645 ἦν,
3418 3574 3513 3626 καὶ
3542 3572 3678 3643 πρέ-

2098 3687 2197 3722 πον
2228 3669 2362 3739 ἆμα,
2396 3670 2490 3724 καί⁵
2529 3670 2905 3742 ἀπολλυμένην
2936 3670 3389 3725 ἀνακαλέσασθαι.
3425 3670 3491 3721 Ὃ
3519 3668 3675 3738 παρά

2103 3759 2197 3811 τοῦ
2231 3760 2530 3830 μυστηρίου
2554 3761 2651 3830 τῆς
2676 3760 2932 3832 ἀληθείας
2961 3761 3251 3831 ἀκούομεν,
3282 3759 3415 3812 Θεὸν
3440 3774 3675 3827 πεποιη-

2096 3847 2250 3901 κέναι
2286 3848 2345 3912 ὲξ
2376 3848 2551 3920 ἀρχῆς
2596 3850 2686 3903 τὸν
2717 3850 3028 3921 ἄνθρωπον,
3078 3850 3173 3904 καὶ
3219 3849 3513 3918 σεσωκένσέ
3551 3847 3673 3900 δια-

2101 3938 2425 3992 πεπτωκότα
2458 3939 2835 4009 μανθάνοντες.

422 4020 589 4073 vitam
660 4022 729 4076 ab
788 4022 946 4078 initio
1008 4023 1232 4079 dederat
1294 4033 1529 4094 poterat,
1573 4039 1809 4094 eumque
1843 4026 2005 4081 simul
2041 4028 2289 4096 decebat,
2342 4032 2503 4085 etiam
2553 4039 2867 4101 pereuntem
2922 4045 3201 4087 revocare.
3241 4016 3403 4096 Quod
3449 4028 3671 4100 quidem

422 4113 678 4167 audimus
726 4128 757 4165 a
788 4115 1048 4184 mysterio
1077 4116 1345 4181 veritatis,
1388 4124 1448 4170 ut
1493 4116 1587 4186 qui
1632 4114 1909 4173 discamus
1936 4129 1989 4173 et
2030 4118 2196 4174 Deum
2227 4121 2297 4176 ab
2325 4121 2484 4176 initio
2515 4121 2712 4179 fecisse
2741 4122 3040 4187 hominem,
3074 4129 3128 4177 et
3163 4122 3392 4179 salutem
3459 4121 3506 4174 ei
3568 4117 3673 4171 de—

419 4206 569 4261 disse
594 4220 719 4259 cum
752 4207 1024 4275 periisset.

1030 4302 1259 4358 CAPUT
1294 4303 1382 4359 IX.

2699 4302 2947 4357 ΚΕΦΛΛ.
2976 4302 3052 4356 Θ’.

494 4390 599 4446 Sed
635 4393 898 4451 hactenus
933 4396 1150 4465 quidem
1196 4396 1525 4451 assentietur
1559 4395 1698 4453 forte
1729 4398 1992 4464 orationi,

2157 4398 2316 4453 Ἂλλὰ
2346 4396 2504 4468 μέχρι
2534 4395 2631 4463 μὲν
2653 4393 2854 4447 τούτων
2883 4392 3204 4462 συνθήσεται
3227 4391 3384 4462 τυχὸν
3405 4392 3482 4461 τῷ
3504 4390 3670 4460 λόγῳ.

419 4486 691 4555 aspiciens
745 4490 811 4543 ad
870 4490 922 4544 id
954 4488 1099 4559 quod
1158 4497 1242 4544 est
1293 4503 1656 4559 consequens,
1707 4499 1994 4558 propterea

419 4577 561 4645 quod
588 4578 723 4631 nihil
750 4594 941 4633 eorum
973 4594 1094 4647 qua
1123 4579 1267 4633 dicta
1299 4587 1449 4643 sunt,
1481 4578 1731 4633 videatur
1755 4578 1992 4632 alienum

420 4670 490 4723 ab
518 4684 579 4723 ea
613 4684 733 4739 quae
765 4670 930 4723 Deum
961 4668 1119 4723 decet
1157 4671 1413 4737 notione;
1457 4672 1513 4724 in
1563 4672 1631 4725 iis
1662 4680 1841 4725 autem
1872 4684 1995 4740 qua:

424 4760 681 4829 deinceps
714 4767 1041 4829 sequuntur,
1093 4773 1201 4813 non
1245 4760 1455 4820 itidem,
1490 4775 1586 4828 per
1610 4774 1729 4829 quae
1761 4761 1995 4814 maxime

420 4850 776 4905 confirmatur
834 4851 1153 4920 mysterium
1209 4850 1472 4905 veritatis.
1510 4849 1584 4903 Ea
1632 4860 1812 4905 autem
1866 4857 1995 4905 sunt

421 4945 658 4997 humana
690 4942 990 5012 generatio,
1039 4952 1092 4996 et
1131 4942 1200 4997 ab
1232 4941 1459 4996 infantia
1497 4942 1895 4996 incrementum
1926 4939 1995 4993 ad

419 5032 830 5102 perfectionem,
880 5033 1143 5100 cibusque
1172 5039 1226 5085 et
1268 5042 1449 5101 potus,
1484 5039 1540 5088 et
1569 5031 1727 5084 labor
1753 5039 1807 5084 et
1851 5044 1996 5084 som—

421 5143 546 5189 nus,
596 5124 862 5195 a‘gritudo
893 5132 947 5179 et
992 5124 1264 5194 lacrymre,
1314 5124 1587 5178 calumnia
1622 5132 1674 5178 et
1702 5122 1990 5191 judicium,

417 5236 554 5274 crux
599 5228 652 5272 et
704 5231 873 5280 mors,
932 5217 1158 5287 ejusque
1198 5217 1465 5287 depositio
1520 5216 1574 5268 in
1619 5222 1990 5269 monumento.

421 5309 545 5363 llaec
579 5308 722 5363 enim
753 5309 913 5362 simul
950 5317 1235 5379 assumpta
1263 5324 1387 5363 cum
1413 5306 1697 5377 mysterio,
1737 5306 1994 5361 hebetant

416 5396 817 5464 quodammodo
860 5400 1017 5453 tidem
1073 5414 1260 5453 eorum
1290 5399 1383 5467 qui
1418 5404 1549 5452 sunt
1597 5395 1780 5465 pusilli
1814 5408 1868 5452 et
1900 5398 1994 5451 ab-

413 5488 543 5558 iecti
571 5489 758 5549 animi,
794 5497 851 5543 ut
879 5506 979 5545 nec
1009 5504 1070 5544 ea
1102 5488 1321 5557 quidem
1357 5502 1478 5556 quae
1506 5485 1769 5555 deinceps
1799 5487 1993 5543 dicun-

417 5588 508 5633 tur
566 5579 875 5643 admittant,
916 5589 1142 5654 propter
1166 5594 1229 5634 ea
1271 5594 1389 5649 qua:
1434 5578 1587 5649 prius
1645 5578 1789 5631 dicta
1841 5588 1988 5633 sunt.

416 5672 547 5737 Qua:
569 5672 711 5727 enim
753 5670 921 5727 Deum
951 5673 1104 5729 decet
1140 5689 1204 5729 ex
1237 5672 1471 5727 mortuis
1500 5668 1852 5735 resurrectio,
1881 5684 1989 5725 non

2096 4492 2233 4564 πρὸς
2259 4488 2319 4543 τὺ
2345 4487 2632 4541 ἀκόλουθον
2666 4486 2875 4556 βλέπων
2895 4524 2910 4548 ,
2948 4484 3035 4537 διὰ
3076 4484 3137 4536 τὸ
3181 4483 3255 4553 μὴ
3284 4484 3458 4536 δοκεῖν
3484 4482 3587 4549 ἔξω
3613 4500 3672 4536 τι

2094 4582 2192 4651 τῆς
2232 4577 2567 4649 θεοπρεποῦς
2603 4576 2810 4638 ἑννοίας
2839 4574 2947 4627 τῶν
2993 4573 3295 4645 εἰρημένων
3327 4568 3485 4626 εἶναι·
3531 4572 3675 4643 πρὸς

2095 4672 2152 4724 δὲ
2179 4671 2244 4723 τὰ
2274 4669 2488 4739 ἐφεξῆς,
2520 4668 2619 4738 οὐχ
2644 4667 2842 4737 ὁμοίως
2863 4666 2992 4730 ἕξει,
3021 4666 3085 4718 δι’
3111 4658 3185 4719 ὧν
3212 4665 3443 4735 μάλιστα
3473 4665 3533 4717 τὸ
3565 4681 3674 4734 μυ-

2097 4765 2313 4834 στήριον
2358 4763 2458 4832 τῆς
2506 4760 2761 4830 ἀληθείας
2806 4762 3158 4830 κρατύνεταιο
3205 4760 3416 4826 γένεσις
3456 4757 3674 4828 ἀνθρω-

2096 4854 2245 4923 πίνη,
2279 4852 2373 4906 καὶ⁷
2401 4854 2466 4905 ὲκ
2494 4853 2687 4922 νηπίου
2717 4851 2851 4920 πρὸς
2880 4850 3155 4903 τελείωσιν
3186 4848 3429 4920 αὔξησις·
3465 4848 3673 4919 βρῶσίς

2093 4962 2153 4997 τε
2195 4944 2309 4998 καὶ*
2330 4944 2518 5006 πόσις,
2544 4944 2637 4995 καὶ
2672 4943 2857 5006 κόπος,
2890 4941 2981 4994 καὶ
3014 4940 3201 5004 ὕπνος,
3236 4943 3329 4994 καὶ
3366 4940 3529 5009 λύπη,
3573 4939 3673 4993 καὶ

2093 5036 2347 5105 δάκρυον,
2371 5035 2700 5102 συκοφαντία
2720 5051 2777 5086 τε
2794 5034 2887 5087 καὶ
2910 5033 3275 5103 δικαστήριον,
3295 5032 3390 5085 καὶ
3414 5030 3668 5102 σταυρὸς.

2097 5126 2189 5177 καὶ
2212 5124 2456 5187 θάνατος,
2480 5124 2574 5176 καὶ
2596 5124 2627 5192 ή
2647 5124 2706 5175 ὲν
2731 5122 2978 5192 μνημείῳ
3001 5121 3166 5184 θέσις.
3196 5121 3379 5173 Ταῦτα
3406 5120 3510 5191 γὰρ
3533 5136 3672 5189 συμ-

2097 5215 2631 5286 παραλαμϐανόμενα
2660 5215 2737 5284 τῷ
2783 5214 3086 5285 μυστηρίῳ,
3114 5214 3377 5283 ἀμϐλύνει
3411 5231 3525 5276 πως
3556 5211 3670 5265 τῶν

2099 5306 2573 5378 μικροψυχοτέρων
2600 5305 2698 5375 τὴν
2732 5306 2932 5371 πίστιν,
2965 5305 3040 5368 ὡς
3077 5304 3209 5374 μηδὲ
3241 5305 3302 5356 τὸ
3336 5305 3531 5373 ἐφεξῆς
3556 5302 3669 5355 τῶν

2094 5396 2398 5466 λεγομένων
2427 5395 2514 5448 διά
2539 5395 2607 5448 τὰ
2636 5395 3005 5465 προειρημένα
3033 5391 3671 5465 συμπαραδέχεσθαι.οΤδ

2093 5486 2202 5556 γὰρ
2233 5485 2530 5557 θεοπρεπὲς
2562 5485 2661 5554 τῆς
2697 5486 2761 5537 ἐκ
2794 5483 3001 5553 νεκρῶν
3048 5482 3425 5547 ἀναστάσεως,
3473 5480 3558 5534 διὰ
3604 5481 3672 5533 τὸ

2094 5578 2222 5647 περὶ
2260 5576 2350 5628 τὸν
2395 5576 2619 5629 θάνατον
2670 5574 2913 5644 ἀπρεπὲς
2958 5574 3018 5626 ού
3076 5574 3378 5643 προσίεται.
3426 5570 3563 5639 Ἐγὼ
3609 5572 3669 5625 δὲ

2096 5668 2355 5738 πρότερον
2384 5663 2536 5737 οἶμαι
2564 5666 2672 5719 δεῖν
2707 5665 2897 5735 μικρὸν
2934 5666 3032 5736 τῆς
3067 5665 3334 5736 σαρκικῆς
3360 5664 3668 5737 παχύτητος
