4006 6148
178 756 179 769 l

168 922 179 947 Σ

166 972 173 985 ι

160 1280 167 1291 ι

162 1492 171 1503 ι

150 2438 157 2453 Ι

140 3210 145 3221 ι

142 3564 153 3599 ἶ

142 3630 151 3643 ι

142 3662 147 3677 l-

140 4018 147 4035 Γ

142 4116 149 4129 ,ιι

142 4206 161 4245 L.

144 4258 161 4297 ξ’

144 4328 157 4341 ι

148 4484 159 4513 τ

146 4546 155 4571 π

148 4586 157 4597 Ι

148 4612 155 4631 Ι

152 4658 155 4669 ι

150 4708 161 4725 Ι

150 4738 161 4759 1

152 4906 169 4937 γυ

152 4948 163 4977 ἰ

152 4986 157 5005 Ι

150 5024 161 5049 "9

150 5106 157 5117 ι

146 5192 171 5287 ἓξ

184 246 205 309 ι

186 336 211 439 ἴ*

186 442 209 499 εἰ

186 506 209 563 εν

180 664 191 727 ς

148 1934 151 1939 λ
217 2009 220 2011 .
301 1961 448 2015 καλὸν
478 1963 553 2033 μὴ
583 1934 817 2032 ’πρέπειν
845 1962 936 2016 ἐπὶ
966 1960 1100 2014 Θεοῦ
1125 1934 1576 2032 δογματίζοντεςξ

299 307 357 366 ιι
1499 293 1762 350 onmo
1809 292 2314 349 CATECllETlCA.
3456 297 3524 353 te

298 426 382 480 τὸν
409 420 654 490 λογισμὸν
691 418 1124 487 άποστήσαντας,
1153 417 1285 470 αὐτὸ
1328 418 1387 471 τὸ
1426 418 1588 472 καλὸν
1620 420 1702 487 ἐφ’
1732 420 1855 472 ἐαυ-

1976 416 2265 470 ιόιιιὶιιὶιιιν
2316 421 2535 484 propter
2591 421 2819 468 mortem
2869 429 2989 485 quae
3041 429 3149 469 non
3190 412 3366 469 decet.
3417 413 3528 487 Ego

303 514 388 570 τοῦ
411 512 495 567 καὶ
516 509 576 562 τὸ
601 508 677 579 μή
701 506 937 561 τοιοῦτον
959 506 1311 576 κατανοῆσαι,
1336 508 1511 571 ποίοις
1534 508 1850 578 γνωρίσμα-

307 623 382 658 σιν
419 602 664 669 ἑκάτερον
707 596 909 649 τούτων
956 597 1450 668 καταλαμϐάνεται.
1501 597 1702 652 Οὐδένα
1745 597 1851 669 γάρ

305 682 523 763 ἀντερεῖν
546 687 702 761 οἶμαι
741 688 848 742 τῶν
876 689 1293 760 λελογισμένων,
1323 690 1405 744 ὅτι
1442 689 1499 742 ἐν
1527 690 1666 743 κατὰ
1692 690 1852 760 φύσιν

307 787 447 858 μόνον
489 798 593 837 των
637 781 855 836 πάντων
901 783 1047 835 ἐστὶν
1089 782 1333 854 αἰσχρὸν,
1376 783 1435 835 τὸ
1475 783 1616 837 κατὰ
1656 784 1852 837 κακίαν

306 826 480 937 πάθος·
503 871 563 926 τὸ
586 872 644 925 δέ
675 871 872 935 κακίας
906 871 1080 937 ἐκτὸς,
1115 826 1313 937 natio;
1339 874 1556 945 αἷσχους
1582 874 1729 927 ἐστὶν
1754 874 1852 928 ἀλ-

166 954 179 985 Ἀ
224 980 229 985 ·
304 966 509 1035 λότριον.
541 958 615 1033 ⁷ῼ
654 961 710 1015 δὲ
740 961 902 1033 μηδὲν
935 962 1174 1032 ἐναντίου
1205 964 1497 1033 μέμικται,
1527 962 1685 1017 τοῦτο
1717 965 1854 1019 πάν-

302 1073 395 1119 τως
420 1058 474 1108 ἐν
513 1057 580 1125 τῇ
611 1053 705 1107 τοῦ
734 1053 898 1106 καλοῦ
944 1054 1105 1125 μοίρᾳ
1143 1054 1638 1125 καταλαμϐάνεται.
1683 1056 1757 1110 Τὸ
1797 1057 1855 1111 δέ

303 1146 495 1217 ἀληθῶς
523 1145 688 1199 καλὸν
706 1188 720 1211 ,
752 1146 953 1215 ἀμιγές
981 1148 1095 1199 ἐστι
1131 1145 1223 1199 τοῦ
1247 1147 1511 1200 ἐναντίου.
1545 1147 1751 1217 Πρέπει
1796 1147 1854 1202 δὲ

302 1238 368 1307 τῷ
388 1235 499 1307 Θεῷ
524 1238 635 1289 πᾶν
665 1237 692 1288 ὅ
712 1236 763 1289 τί
782 1254 887 1308 περ
913 1237 971 1291 ἐν
995 1240 1060 1309 τῇ
1088 1236 1180 1292 τοῦ
1198 1237 1361 1291 καλοῦ
1381 1237 1662 1309 θεωρεῖται
1679 1238 1850 1311 χώρᾳ.

307 1328 369 1380 Ἦ
398 1327 568 1379 τοίνυν
596 1325 927 1392 δειξάτωσαν
949 1326 1146 1380 κακίαν
1174 1321 1311 1379 εἶναι
1338 1325 1436 1396 τὴν
1467 1325 1737 1396 γέννησιν,
1759 1327 1858 1397 τὴν

301 1415 612 1487 ἀνατροφὴν.
653 1416 754 1486 τὴν
798 1413 1042 1486 αὔξησιν,
1089 1414 1185 1485 τὴν
1234 1415 1370 1485 πρδς
1412 1415 1473 1468 τὸ
1515 1414 1716 1475 τέλειον
1759 1415 1857 1485 τῆς

304 1506 501 1575 φύσεως
533 1505 787 1574 πρόοδον,
840 1506 939 1576 τὴν
978 1504 1206 1560 θανάτου
1247 1510 1469 1578 πεῖραν,
1506 1506 1604 1577 τὴν
1630 1507 1714 1571 ,ἐκ
1762 1504 1857 1561 τοῦ

1958 516 2139 562 autem
2185 507 2338 576 prius
2385 506 2660 571 exrstimo,
2693 520 2722 558 a
2760 505 2966 559 carnali
2994 503 3359 561 crassitudine
3389 520 3528 576 pau-

1957 598 2126 652 lulum
2168 596 2401 652 abducta
2440 597 2791 668 cogitatione,
2840 605 3096 667 oportere
3124 598 3302 667 ipsum
3337 613 3435 667 per
3471 613 3530 654 se
3561 621 3577 689 I:
3617 630 3632 637 -

1958 690 2161 745 bonum
2220 687 2588 748 considerare,
2648 697 2704 743 et
2749 690 2893 759 quod
2946 703 3054 744 non
3103 696 3189 745 est
3235 688 3527 759 ejusmodi,

1959 795 2158 852 nempe
2202 780 2532 850 quibusnam
2562 779 2735 851 signis
2766 788 2821 837 et
2864 781 3012 837 notis
3038 789 3332 852 utrumque
3374 796 3529 837 com-

1961 870 2357 941 prehendatur.
2393 869 2674 927 Neminem
2694 872 2839 928 enim
2870 873 2963 942 qui
2989 873 3151 943 sapit,
3182 880 3339 928 etest
3368 874 3530 945 paulo

1961 961 2264 1026 cordatior,
2317 961 2787 1017 contradicturum
2831 963 3103 1029 existimo,
3152 965 3284 1035 quin
3316 965 3431 1021 sola
3463 979 3530 1020 ex

1963 1052 2217 1108 omnibus
2249 1053 2548 1107 secundum
2591 1062 2842 1108 naturam
2883 1054 2955 1108 sit
2988 1054 3166 1124 turpis
3202 1069 3265 1110 ea
3293 1070 3415 1124 qua
3446 1063 3532 1111 est

1961 1157 2025 1197 ex
2056 1143 2187 1197 vitio
2221 1142 2464 1199 ali‘ectio:
2493 1159 2613 1214 qua:
2642 1151 2725 1199 est
2754 1153 2934 1200 autem
2972 1154 3178 1200 remota
3215 1159 3244 1199 a
3274 1147 3425 1212 vitio,
3461 1146 3533 1201 sit

1965 1234 2140 1288 aliena
2188 1234 2257 1289 ab
2294 1236 2442 1290 omni
2489 1236 2842 1305 turpitudine.
2890 1236 2988 1291 Cui
3040 1246 3220 1292 autem
3269 1236 3404 1291 nihil
3447 1245 3532 1292 est

1963 1325 2225 1380 contrarii
2274 1326 2597 1393 immistum,
2641 1327 2694 1381 id
2743 1329 2796 1382 in
2836 1343 2901 1384 eo
2932 1329 3077 1399 quod
3114 1337 3199 1384 est
3242 1328 3442 1383 bonum
3477 1336 3533 1381 et

1965 1415 2252 1472 honestum
2304 1418 2530 1474 omnino
2587 1420 3088 1491 comprehenditur.
3139 1419 3294 1487 Quod
3350 1427 3530 1473 autem

1964 1521 2091 1562 vere
2142 1517 2226 1564 est
2264 1510 2468 1563 bonum
2520 1516 2575 1565 et
2619 1511 2929 1577 honestum,
2960 1511 3180 1567 minime
3206 1511 3425 1565 mistum
3448 1515 3534 1563 est

301 1593 515 1647 θανάτου
560 1592 853 1646 ἐπάνοδον·
895 1594 928 1664 ἢ
965 1594 1014 1647 εί
1051 1593 1154 1658 ἔξω
1186 1595 1384 1657 κακίας
1419 1588 1559 1647 εἶναι
1601 1594 1668 1647 τὰ
1706 1595 1858 1666 εἰρη-

1976 1598 2266 1653 contrario.
2300 1596 2467 1655 Deum
2499 1609 2679 1657 autem
2715 1601 2872 1658 decet
2918 1600 3184 1673 quidquid
3224 1597 3535 1656 considera-

304 1686 426 1755 μένα
458 1686 817 1748 συντίθενται,
848 1686 999 1739 οὐδὲν
1026 1686 1248 1758 αἰσχρὸν
1277 1681 1414 1740 εἶναι
1444 1686 1506 1740 τὺ
1538 1686 1734 1749 κακίας
1762 1685 1858 1740 ἅλ-

1976 1694 2071 1743 Lur-
2100 1690 2155 1743 in
2194 1705 2261 1746 eo
2304 1691 2449 1762 quod
2481 1699 2564 1749 est
2593 1694 2793 1749 bonum
2822 1702 2877 1750 et
2920 1695 3230 1751 honestum.
3273 1699 3381 1747 Aut
3403 1705 3534 1763 ergo

299 1777 493 1849 λότριον
520 1777 585 1844 ἐξ
625 1776 871 1848 ἀνάγκης
899 1777 1308 1849 ὁμολογήσουσι.
1347 1777 1527 1831 Καλοῦ
1559 1777 1616 1831 δὲ
1646 1778 1861 1842 πάντως

1976 1781 2265 1836 ostendant
2334 1785 2525 1839 vitium
2589 1800 2711 1842 esse
2781 1786 3070 1858 originem,
3134 1784 3533 1847 educationem,

301 1867 764 1940 ἀναδεικνυμένου,
796 1869 911 1933 πῶς
937 1868 1037 1923 οὐκ
1066 1869 1288 1923 ἐλεεινο)⁸
1315 1870 1413 1940 τῆς
1446 1869 1694 1938 ἀλογίας,
1723 1870 1772 1922 οἱ
1800 1866 1861 1922 τὸ

1976 1875 2346 1943 augmentum,
2403 1877 2468 1931 ad
2517 1877 2904 1950 periectionem
2954 1887 3162 1934 natura:
3192 1876 3535 1950 pr0gressio-

1966 1978 2112 2029 nem,
2146 1968 2339 2022 mortis
2374 1972 2828 2039 experimentum,
2853 1972 3309 2029 resurrectionem
3333 1985 3363 2024 a
3391 1983 3537 2025 mor-

299 2060 431 2114 tuis:
483 2062 566 2114 vel
615 2061 659 2114 si
706 2076 767 2114 ea
805 2074 924 2130 quae
966 2058 1109 2113 diota
1146 2067 1274 2115 sunt
1302 2059 1435 2114 vitio
1474 2073 1666 2114 vacare
1701 2058 2025 2127 concedant,
2067 2061 2203 2118 nihil
2240 2066 2385 2135 quod
2420 2066 2549 2123 vitio
2587 2076 2738 2125 caret
2773 2077 2929 2140 turpe
2967 2083 3090 2125 esse
3131 2067 3405 2123 fateantur
3439 2081 3536 2120 ne-

300 2165 442 2205 cesse
478 2160 588 2204 est.
623 2149 778 2215 Quod
820 2150 864 2205 si
913 2149 966 2205 id
1007 2150 1209 2205 bonum
1239 2165 1361 2206 esse
1407 2157 1461 2205 et
1504 2150 1795 2205 honestum
1841 2153 2064 2206 omnino
2099 2156 2423 2223 ostenditur,
2455 2158 2909 2228 quemadmodum
2940 2175 3048 2217 non
3080 2169 3163 2216 cst
3206 2157 3533 2214 miserabilis

299 2254 472 2295 eorum
503 2240 765 2307 stultitia,
806 2241 899 2312 qui
930 2240 982 2297 id
1012 2241 1157 2313 quod
1190 2248 1274 2297 est
1303 2242 1505 2297 bonum
1533 2249 1587 2296 et
1613 2241 1924 2305 honestum,
1966 2242 2018 2298 in
2051 2242 2159 2300 Deo
2190 2246 2414 2304 minime
2440 2251 2733 2306 convenire
2776 2250 3015 2306 docent!

906 2427 1154 2482 ΚΕΦΑΛ.
1188 2428 1243 2480 1⁸.

370 2606 529 2661 Ἀλλά
578 2608 809 2677 μικρὸν,
843 2607 996 2677 φησι,
1045 2608 1136 2660 καί
1170 2607 1540 2678 περιγραπτδν
1578 2609 1611 2677 ή
1656 2603 1867 2676 ἀνθρω-

302 2697 415 2768 πίνη
450 2697 642 2766 φύσις·
680 2699 902 2770 ἄπειρον
934 2699 991 2752 δὲ
1017 2699 1049 2769 ἡ
1078 2697 1307 2768 Θεότηςο
1344 2697 1438 2751 καὶ
1472 2695 1589 2761 πῶς
1615 2695 1680 2751 ἂν
1711 2711 1837 2769 περι

300 2788 489 2861 ελήερθη
526 2789 614 2860 τῷ
643 2791 828 2860 ἀτόμῳ
858 2791 919 2843 τὸ
956 2790 1214 2862 ἄπειρονς
1247 2790 1357 2844 Καὶ
1384 2790 1467 2852 τίς
1499 2788 1655 2843 τοῦτό
1685 2805 1869 2858 φησιν,

302 2880 371 2931 ὅτι
394 2883 455 2951 τῇ
491 2883 824 2950 περιγραφῇ
849 2881 946 2950 τῆς
975 2880 1173 2951 σαρκὸς
1200 2881 1446 2953 καθάπερ
1473 2881 1678 2952 ἀγγείῳ
1706 2881 1811 2935 τινὶ
1837 2880 1871 2952 ἡ

302 2968 511 3041 ἀπειρία
538 2972 651 3040 τῆς
680 2970 943 3039 Θεότητος
970 2970 1300 3042 περιελήφθη
1322 2989 1338 3037 ;
1365 2972 1497 3026 Οὐδέ
1527 2972 1635 3043 γάρ
1661 2972 1752 3025 ἐπὶ
1776 2971 1872 3043 τῆς

303 3057 567 3131 ἡμετέρας
587 3121 598 3131 ,
618 3058 767 3130 ζωῆς
790 3060 942 3124 ἐντὸς
972 3061 1348 3116 κατακλείεται
1386 3061 1493 3117 τῶν
1533 3065 1631 3135 τῆς
1674 3062 1874 3135 σαρκὸς
1901 3099 1943 3158 C

301 3149 429 3218 ὅρων
455 3154 489 3223 ἡ
514 3169 609 3206 νοε
620 3151 689 3224 ρὰ
714 3150 895 3220 φύσις.
941 3151 1077 3205 Ἀλλ’
1104 3154 1133 3205 ό
1165 3152 1264 3224 μὲν
1293 3152 1456 3222 ὄγκος
1479 3152 1574 3207 τοῦ
1604 3153 1852 3224 σώματος

301 3245 402 3307 τοῖς
432 3245 663 3308 οἰκείοις
703 3243 893 3315 μέρεσι
933 3245 1362 3317 περιγράφεταιο
1403 3247 1437 3316 ἡ
1485 3244 1542 3299 δὲ
1573 3245 1720 3317 ψυχὴ
1764 3247 1877 3310 τοῖς

300 3332 394 3404 τῆς
418 3334 671 3398 διανοίας
708 3336 971 3406 κινήμασι
997 3335 1144 3408 πάσῃ
1172 3336 1292 3390 κατ’
1328 3336 1576 3404 ἐξουσίαν
1603 3335 1875 3407 ἐφαπλοῦ-

300 3440 385 3477 ται
407 3429 475 3499 τῇ
503 3426 711 3489 κτίσει,
750 3427 842 3480 καὶ
876 3426 1069 3499 μέχρις
1096 3427 1341 3499 οὐρανῶν
1375 3428 1616 3495 ἀνιοῦσα,
1651 3428 1743 3482 καὶ
1771 3427 1877 3480 τῶν

303 3514 548 3570 ἀϐύσσων
581 3516 1006 3583 ἐπιϐατεύουσα,
1040 3519 1135 3572 καὶ
1164 3518 1241 3590 τῷ
1269 3518 1461 3573 πλάτει
1494 3519 1591 3592 τῆς
1622 3520 1875 3590 οἰκουμέ-

304 3624 394 3677 νης
432 3606 808 3679 ἐπερχομένη,
842 3608 935 3661 καὶ
991 3610 1124 3680 πρὸς
1176 3609 1245 3663 τὰ
1277 3608 1603 3682 καταχθόνια
1640 3609 1730 3664 διὰ
1778 3610 1879 3680 τῆς

306 3698 834 3771 πολυπραγμοσύνης
861 3699 1212 3765 είσδύνουσα,
1245 3684 1503 3765 πολλάκις
1540 3701 1598 3755 δὲ
1634 3702 1727 3755 καὶ
1770 3701 1878 3754 τῶν

305 3790 561 3861 οὐρανίων
595 3790 892 3861 θαυμάτων
920 3792 979 3845 ἐν
1009 3793 1256 3865 περινοίᾳ
1280 3792 1508 3862 γίνεται,
1534 3792 1683 3846 οὐδὲν
1713 3791 1878 3863 βαρυ-

306 3882 496 3953 νομένη
530 3882 614 3953 τῷ
653 3881 886 3953 ἐφολκίῳ
933 3882 1025 3937 τοῦ
1068 3883 1338 3955 σώματος.
1381 3885 1446 3937 Εἰ
1494 3884 1551 3937 δὲ
1594 3883 1877 3954 ἀνθρώπου

304 3974 443 4047 ψυχὴ
475 3975 623 4030 κατὰ
667 3976 764 4047 τὴν
790 3977 888 4047 τῆς
924 3976 1136 4046 φύσεως
1170 3976 1417 4048 ἀνάγκην
1463 3976 1878 4048 συγκεκραμένη

305 4064 378 4134 τῷ
408 4064 623 4136 σώματι
664 4065 939 4138 πανταχοῦ
972 4068 1093 4121 κατ’
1122 4066 1368 4132 ἐξουσίαν
1404 4067 1682 4137 γίγνεται·
1729 4064 1814 4130 τίς
1845 4066 1877 4136 ἡ

305 4156 511 4229 ἀνάγκη
536 4161 604 4230 τῇ
639 4156 796 4227 φύσει
823 4159 920 4230 τῆς
950 4159 1150 4231 σαρκὸς
1180 4158 1276 4231 τήν
1309 4158 1549 4230 Θεότητα
1578 4158 1754 4227 λέγειν
1778 4158 1878 4228 ἐμ-

308 4248 736 4322 περιείργεσθαι,
777 4251 868 4304 καὶ
901 4251 976 4322 μὴ
1014 4250 1102 4304 διὰ
1130 4250 1236 4305 τῶν
1272 4250 1533 4323 χωρητῶν
1572 4251 1703 4321 ἡμῖν
1745 4250 1876 4303 ὐπο-

304 4338 612 4411 δειγμάτων
654 4342 955 4413 στοχασμὸν
984 4344 1115 4413 ἡμῖν
1151 4359 1270 4397 τινα
1310 4342 1587 4414 πρέποντα
1622 4340 1750 4410 περὶ
1781 4339 1878 4411 τῆς

2588 2431 2812 2487 CAPUT
2843 2432 2909 2487 Χ.

2045 2600 2115 2658 At
2137 2620 2222 2661 res
2249 2614 2352 2672 est,
2385 2608 2582 2679 inquit,
2616 2624 2802 2680 parva,
2836 2619 2888 2664 et
2911 2627 3030 2683 quae
3046 2612 3417 2669 circumscribi
3446 2627 3539 2683 po-

1973 2700 2081 2752 test
2133 2695 2368 2755 humana
2426 2711 2672 2756 natura:
2730 2702 2870 2758 Deus
2906 2711 3084 2758 autem
3132 2711 3216 2760 est
3271 2704 3532 2759 inﬁnitus.

1975 2784 2259 2854 Quomodo
2294 2795 2472 2844 autem
2505 2789 2649 2859 quod
2684 2790 3011 2847 immensum
3041 2803 3124 2848 est
3164 2801 3345 2848 atomo
3391 2809 3539 2848 com-

1975 2873 2236 2944 prehendi
2263 2877 2464 2946 queat?
2482 2876 2617 2943 Quis
2650 2887 2830 2934 antem
2854 2879 2955 2935 boc
2979 2881 3131 2945 dicit,
3159 2880 3304 2951 quod
3332 2882 3536 2949 carnis,

1976 2973 2235 3037 tanquam
2289 2983 2419 3025 vase
2463 2970 2666 3041 aliquo,
2725 2971 3236 3043 circumscriptione
3287 2989 3539 3046 compre-

1978 3052 2146 3111 hensa
2172 3056 2244 3111 sit
2275 3056 2518 3114 infinitas
2552 3057 2903 3116 Divinitatis?
2932 3060 3118 3133 Neque
3158 3063 3302 3118 enim
3340 3064 3397 3120 in
3436 3081 3538 3121 no-

1978 3151 2093 3199 stra
2123 3147 2233 3200 vita
2274 3146 2416 3202 intra
2457 3150 2642 3205 carnis
2675 3151 2939 3208 terminos
2976 3154 3318 3211 concluditur
3345 3157 3542 3213 intelli-

1977 3249 2112 3306 gens
2138 3241 2355 3290 natura.
2395 3235 2501 3292 Sed
2531 3239 2779 3309 corporis
2814 3242 3033 3311 quidem
3061 3245 3378 3315 magnitudo
3426 3249 3542 3305 suis

1976 3324 2455 3382 circumscribitur
2498 3329 2783 3399 partibus:
2838 3331 3022 3387 anima
3063 3341 3245 3389 autem
3305 3337 3542 3395 motibus

1977 3416 2328 3487 cogitationis
2383 3426 2438 3474 et
2492 3419 2862 3493 intelligentia
2913 3423 3082 3480 libere
3134 3426 3447 3484 extenditur
3487 3430 3541 3485 in

1980 3508 2231 3566 universa
2256 3518 2529 3579 creatura,
2583 3513 2650 3569 ad
2685 3514 2853 3573 caelos
2894 3532 3066 3591 usque
3100 3520 3402 3578 ascendens
3423 3562 3437 3588 ,
3491 3532 3545 3581 et

1986 3600 2216 3670 abyssos
2246 3602 2579 3675 ingrediens,
2622 3614 2678 3662 et
2718 3609 2885 3664 totius
2939 3610 3090 3666 orbis
3131 3620 3290 3668 terra).
3348 3630 3544 3684 pervao

1982 3693 2117 3749 dens
2150 3694 2512 3763 latitudinem,
2548 3706 2601 3754 et
2633 3699 2984 3757 subterranea
3017 3704 3234 3761 curiose
3279 3706 3503 3762 subiens
3530 3725 3544 3773 ;

1980 3797 2122 3851 saepe
2152 3790 2331 3838 autem
2356 3786 2519 3840 etiam
2570 3788 2812 3843 coelestia
2860 3790 3120 3846 miracula
3162 3803 3342 3850 mente
3380 3796 3545 3866 agitat

1980 3880 2033 3928 ct
2090 3881 2291 3937 versat,
2342 3875 2583 3945 pondere
2626 3878 2872 3950 corporis
2912 3880 3055 3950 quod
3107 3883 3364 3955 deprimit
3409 3887 3546 3942 nihil

1979 3972 2224 4035 gravata.
2263 3963 2319 4020 Si
2345 3974 2524 4022 autem
2559 3968 2738 4025 anima
2776 3971 3032 4037 hominis,
3066 3987 3186 4044 qua:
3222 3984 3433 4031 naturae
3457 3992 3546 4032 ne-

1980 4057 2237 4115 cessitate
2291 4066 2375 4115 est
2419 4061 2705 4117 commista
2766 4070 2819 4118 et
2871 4076 3274 4136 contemperata
3305 4067 3544 4138 corpori,

1980 4147 2183 4218 ubique
2233 4157 2488 4205 versatur
2522 4151 2724 4221 libere;
2782 4154 2911 4224 quid
2969 4170 3195 4211 necesse
3238 4165 3321 4212 est
3367 4157 3547 4212 dicere

1982 4239 2330 4298 Divinitatem
2367 4244 2609 4299 coerceri
2640 4245 2781 4300 intra
2810 4254 3059 4301 naturam
3102 4249 3285 4303 carnis
3312 4267 3325 4301 :
3358 4256 3412 4303 et
3440 4266 3545 4303 non

1980 4346 2078 4403 per
2108 4334 2351 4404 exempla
2408 4349 2528 4404 quae
2577 4350 2607 4389 a
2645 4336 2801 4393 nobis
2846 4338 2965 4408 capi
3015 4347 3266 4408 possunt,
3304 4355 3422 4409 quae
3449 4357 3547 4397 nos

309 4430 451 4495 θείας
483 4433 798 4502 οἰκονομίας
845 4433 1059 4501 λαϐεῖν;
1107 4434 1194 4497 Ὠς
1240 4434 1348 4505 γάρ
1394 4433 1455 4487 τὸ
1494 4432 1603 4504 πῦρ
1642 4433 1736 4486 ἐπὶ
1782 4432 1872 4502 τῆς

1984 4423 2139 4478 decet
2161 4423 2535 4491 conjecturam
2555 4439 2771 4481 sumere
2802 4425 2869 4480 de
2893 4427 3074 4480 divina
3105 4427 3545 4499 dispensatione?

309 4521 585 4595 λαμπάδος
624 4526 817 4594 ὁρᾶται
859 4526 955 4596 τῆς
992 4525 1356 4596 ὑποκειμένης
1394 4523 1877 4595 περιδεδραγμένον

310 4612 456 4685 ῦλης,
493 4617 590 4670 καὶ
623 4616 779 4685 λόγος
828 4619 925 4689 μὲν
974 4616 1236 4688 διακρίνει
1266 4617 1328 4669 τό
1364 4634 1422 4670 τε
1462 4617 1555 4669 ἐπὶ
1600 4615 1697 4685 τῆς
1748 4613 1878 4684 ὕλης

311 4705 437 4776 πῦρ,
467 4708 567 4763 καὶ
606 4710 708 4778 τὴν
729 4708 790 4761 τὸ
820 4708 930 4782 πῦρ
952 4710 1289 4776 ἐξάπτουσαν
1324 4707 1478 4778 ὓλην,
1525 4707 1669 4777 ἔργῳ
1691 4706 1746 4760 δέ
1779 4706 1878 4759 οὐκ

313 4796 450 4851 ἐστιν
491 4800 591 4853 ἀπ’
639 4799 882 4871 ἀλλήλων
931 4799 1103 4854 ταῦτα
1144 4800 1514 4870 διατεμόντας,
1560 4798 1645 4867 ἐφ’
1683 4797 1879 4865 ἑαυτὴν

314 4888 475 4956 δεῖξαι
507 4893 612 4962 τὴν
643 4891 815 4960 φλόγα
843 4891 1224 4962 διεζευγμένην
1264 4892 1360 4963 τῆς
1395 4889 1543 4961 ὕλης,
1580 4889 1694 4942 ἁλλ’
1729 4887 1785 4941 ἓν
1814 4888 1882 4941 τὰ

317 4983 697 5055 συναμφότερα
720 4982 927 5051 γίνεται
967 4984 1132 5053 (οὕτω
1163 4985 1255 5036 καὶ
1288 4982 1474 5053 μηδεὶς
1504 4981 1562 5035 τὸ
1589 4980 1882 5051 φθαρτικὸν

312 5070 408 5123 τοῦ
438 5075 607 5145 πυρὸς
632 5075 1216 5147 συμπαραλαμϐανέτω
1244 5073 1318 5144 τῷ
1357 5073 1734 5144 ὑποδείγματι,
1767 5070 1882 5125 ἀλλ’

310 5161 434 5214 ὅσον
460 5164 732 5235 εὐπρεπές
756 5167 873 5219 ἐστι
903 5166 1061 5237 μόνον
1092 5166 1149 5218 ὲν
1177 5168 1245 5237 τῇ
1274 5165 1441 5218 εἰκόνι
1464 5162 1753 5233 δεξάμενος
1771 5203 1785 5227 ,
1822 5161 1884 5213 τὸ

310 5253 581 5308 ἀνοίκειον
612 5258 702 5311 καὶ
738 5259 1080 5328 ἀπεμιραῖνον
1128 5255 1515 5321 ἀποποιείσθω)
1539 5273 1552 5289 ·
1582 5254 1673 5307 τὸν
1722 5251 1884 5306 αὐτὸν

310 5342 399 5400 οῦν
437 5349 663 5421 τρόπον,
701 5350 775 5414 ὼς
818 5350 1030 5422 ὁρῶμεν
1061 5351 1154 5403 καὶ
1196 5347 1515 5419 ἐξημμένην
1542 5344 1635 5400 τοῦ
1664 5345 1883 5398 ὑποκει-

314 5437 470 5507 μένου
499 5439 603 5511 τὴν
639 5441 830 5511 φλόγα,
867 5430 961 5496 καὶ
987 5443 1086 5496 οὐκ
1114 5438 1599 5511 ἐναποκλειομένην
1642 5439 1705 5508 τῇ
1748 5436 1846 5509 ὕλῃ
1869 5452 1880 5462 ·

306 5529 359 5580 τί
388 5531 592 5585 κωλύει
634 5532 783 5598 θείας
810 5532 1022 5603 φύσεως
1055 5533 1246 5587 ἓνωσίν
1289 5548 1409 5585 τινα
1461 5530 1552 5584 καί
1594 5545 1886 5601 προσεγγι-

312 5623 444 5691 σμδν
483 5626 933 5696 κατανοήσαντας
952 5666 967 5690 ,
997 5624 1132 5695 πρὸς
1162 5623 1223 5676 τὸ
1259 5622 1593 5693 ἀνθρώπινον
1620 5622 1727 5705 τήν
1768 5618 1886 5705 θεο-

310 5713 495 5784 πρεπῆ
527 5713 766 5769 διάνοιαν
790 5715 884 5769 καὶ
909 5716 967 5768 ἐν
991 5714 1067 5784 τῷ
1093 5712 1482 5786 προσεγγισμῷ
1502 5702 1883 5774 διασώζεσθαι,

634 5807 902 5871 ΡΑτιιοι..
945 5807 1061 5869 Gn.
1111 5807 1297 5870 XLV.

1986 4507 2107 4574 Quo
2146 4507 2306 4564 modo
2335 4509 2478 4564 enim
2498 4510 2638 4582 ignis
2666 4513 2880 4568 videtur
2912 4515 2963 4567 in
2994 4515 3216 4572 lucerna
3249 4518 3546 4589 subjectam

1983 4600 2392 4670 apprehendere
2422 4602 2707 4656 materiam
2740 4623 2752 4657 :
2782 4613 2834 4658 et
2866 4606 3005 4661 ratio
3043 4607 3259 4678 quidem
3287 4610 3548 4667 discernit

1983 4688 2162 4758 ignem
2179 4688 2273 4758 qui
2296 4698 2381 4746 est
2410 4690 2465 4743 in
2492 4692 2738 4758 materia,
2779 4702 2833 4748 et
2872 4699 3152 4753 materiam
3185 4715 3307 4770 quae
3352 4716 3546 4758 accen-

1983 4782 2063 4835 dit
2095 4783 2308 4853 ignem:
2341 4783 2521 4855 reipsa
2556 4796 2733 4842 autem
2764 4804 2869 4844 non
2898 4797 3097 4860 potest.
3132 4792 3200 4848 iis
3230 4809 3260 4848 a
3293 4809 3351 4850 se
3403 4796 3544 4850 invi-

1985 4889 2100 4928 cem
2130 4875 2401 4940 dissectis.
2427 4878 2544 4948 ipsa
2580 4895 2673 4950 per
2704 4897 2762 4936 se
2794 4883 3008 4938 ostendi
3045 4883 3279 4951 ﬂamma,
3333 4887 3537 4959 disjun-

1985 4974 2072 5019 cta
2104 4980 2133 5018 a
2182 4970 2446 5037 materia;
2496 4970 2592 5026 sed
2635 4971 2794 5027 ambo
2849 4975 3010 5030 simul
3058 4993 3224 5031 unum
3274 4977 3547 5033 liuntzita

1987 5059 2150 5114 etiam
2190 5060 2373 5131 (nemo
2406 5071 2586 5118 autem
2617 5064 2671 5118 in
2707 5066 2830 5137 igne
2868 5068 3030 5124 simul
3050 5079 3227 5125 sumat
3252 5070 3317 5125 ad
3359 5088 3544 5128 exem-

1986 5153 2155 5224 plum,
2207 5156 2260 5211 id
2303 5157 2357 5212 in
2396 5157 2539 5228 quod
2579 5158 2723 5214 cadit
2768 5161 3037 5228 interitus,
3086 5163 3180 5220 sed
3220 5178 3285 5219 eo
3337 5173 3547 5218 tantum

1987 5246 2132 5315 quod
2162 5246 2318 5303 decet
2357 5256 2575 5320 sumpto
2600 5249 2667 5304 ad
2700 5250 3134 5317 similitudinem,
3169 5252 3222 5308 id
3251 5252 3395 5322 quod
3439 5267 3551 5304 non

1985 5338 2355 5407 estproprium
2391 5349 2445 5393 et
2475 5339 2801 5395 conveniens
2831 5341 3084 5413 rejieiat),
3105 5342 3177 5394 ita
3208 5353 3361 5409 ergo,
3396 5349 3453 5393 ut
3477 5340 3545 5393 ri.

1987 5430 2178 5485 demus
2234 5429 2505 5486 flammam
2544 5447 2665 5501 qua:
2720 5448 2750 5486 a
2802 5432 3047 5502 subjecto
3087 5429 3374 5499 dependet,
3406 5441 3460 5487 et
3497 5432 3551 5487 in

1987 5521 2215 5575 materia
2258 5536 2368 5576 non
2404 5521 2701 5576 includitur
2730 5538 2743 5574 :
2776 5523 2906 5591 quid
2948 5528 3110 5582 vetat,
3144 5519 3437 5588 quominus
3471 5522 3543 5578 di-

1986 5614 2125 5667 vinze
2157 5619 2366 5667 natura:
2394 5614 2624 5683 cogitata
2652 5613 2884 5684 quadam
2930 5611 3133 5666 unione
3162 5619 3217 5668 et
3265 5615 3551 5688 appropin-

1989 5690 2250 5777 quatione
2272 5705 2337 5760 ad
2368 5706 2665 5773 hominem,
2698 5710 3055 5761 conservetur
3095 5720 3214 5776 quae
3256 5704 3423 5759 Deum
3460 5707 3545 5761 de-

3248 5800 3287 5856 2
