4006 6148
481 191 548 248 ιδ
1773 177 1831 232 s.
1871 172 2041 231 cnes

2155 173 2197 229 ll
2232 174 2527 233 NYSSENI
3652 190 3721 247 ιι

482 311 570 360 cet
592 302 847 377 cogitatio
883 300 1043 355 etiam
1089 299 1141 353 in
1192 295 1717 367 appropinquatione
1778 291 2041 347 credendo

2152 294 2329 361 πάσης
2357 294 2701 365 περιγραφῆς
2726 295 2875 359 ἐκτὸς
2920 293 3054 349 εἶναι
3081 296 3140 350 τὸ
3170 297 3322 352 Θεῖον
3354 297 3720 366 πιστεύοντας,

489 395 658 449 Deum
722 409 844 449 esse
905 399 1167 445 remotum
1228 388 1296 442 ab
1330 388 1475 442 omni
1521 384 2046 454 circumscriptione,

487 487 700 543 etiamsi
739 487 811 541 sit
840 484 891 538 in
926 482 1184 537 homine?

1065 633 1301 691 CAPUT
1352 632 1444 691 XI.

551 772 650 827 Sin
712 780 889 825 autem
957 767 1158 838 qumris
1229 763 1686 836 quemadmodum
1759 777 1882 816 cum
1949 761 2052 815 hu-

480 865 739 919 manitate
768 867 1211 929 contemperatur
1246 857 1501 911 divinitas
1532 873 1546 910 :
1582 855 1678 909 tibi
1716 855 1867 925 prius
1897 869 2050 924 quae-

480 953 709 1011 rendum
776 959 881 1017 est,
935 946 1243 1018 cujusmodi
1288 948 1360 1001 sit
1409 945 1793 1017 congeneratio
1828 953 1883 999 et
1926 959 2051 998 con-

481 1046 697 1118 junctio
739 1043 934 1097 anima:
966 1056 1087 1095 cum
1110 1054 1293 1095 carne.
1335 1037 1490 1104 Quod
1539 1037 1582 1093 si
1616 1037 1894 1106 ignoratur
1929 1050 2049 1088 mo-

481 1140 587 1194 dus
622 1151 731 1206 quo
759 1142 850 1187 tua
886 1132 1066 1187 anima
1098 1133 1282 1185 unitur
1323 1127 1538 1199 corpori
1570 1144 1583 1193 ;
1629 1142 1729 1181 nec
1772 1126 2049 1181 existimes

480 1225 857 1285 omninoillud
903 1239 932 1277 a
974 1231 1026 1279 te
1048 1231 1300 1294 oportere
1327 1218 1736 1289 comprehendi.
1788 1215 1893 1272 Sed
1941 1232 2051 1286 quo

483 1318 648 1374 modo
675 1315 952 1371 credimus
988 1314 1074 1368 hic
1091 1314 1251 1368 etiam
1285 1312 1518 1365 animam
1556 1308 1761 1377 aliquid
1802 1322 1926 1362 esse
1968 1308 2051 1361 di-

482 1422 701 1463 versum
738 1420 767 1458 a
796 1419 1044 1474 corpore,
1071 1418 1138 1456 ex
1167 1416 1230 1456 eo
1258 1400 1400 1471 quod
1434 1414 1581 1464 caro,
1614 1398 1660 1453 si
1683 1398 1897 1454 deserta
1932 1397 2049 1451 fue-

483 1496 558 1550 rit
597 1498 664 1550 ab
705 1497 907 1559 anima,
964 1495 1034 1549 sit
1083 1499 1317 1557 mortua,
1373 1506 1472 1545 nec
1521 1490 1694 1561 possit
1734 1490 1970 1560 Operari,
2001 1500 2052 1543 et

484 1586 890 1655 coniunctionis
926 1583 1143 1638 modum
1172 1583 1488 1651 ignoramus
1523 1598 1536 1637 :
1578 1580 1653 1634 ita
1698 1581 1862 1632 etiam
1904 1577 2048 1648 quod

485 1679 679 1732 attinet
715 1677 933 1747 quidem
968 1674 1035 1728 ad
1079 1672 1417 1741 majestatem
1470 1679 1523 1725 et
1564 1669 2047 1741 magniﬁcentiam,

482 1771 722 1824 divinam
752 1776 1000 1823 naturam
1031 1765 1246 1820 differre
1282 1780 1311 1817 a
1344 1761 1558 1815 mortali
1580 1769 1633 1815 et
1666 1759 1909 1815 interitui
1948 1759 2048 1812 ob-

481 1864 665 1930 noxia,
694 1859 1015 1915 conﬁtemur
1047 1875 1060 1910 :
1100 1855 1319 1910 modum
1374 1863 1553 1906 autem
1592 1848 2046 1919 contemperatio-

483 1956 567 2011 nis
607 1952 907 2008 divinitatis
936 1964 1060 2005 cum
1096 1946 1433 2001 humanitate
1463 1959 1562 1999 nos
1597 1943 1906 2012 perspicere
1937 1956 2046 1996 non

482 2062 643 2117 posse
673 2044 1058 2108 concedimus;
1096 2039 1190 2095 se‘d
1225 2038 1463 2108 genitum
1490 2035 1707 2105 quidem
1736 2048 1857 2088 esse
1876 2031 2044 2087 Deum

483 2139 538 2192 in
564 2146 759 2189 natura
792 2132 1054 2199 hominis,
1089 2144 1184 2199 per
1213 2143 1274 2182 ea
1300 2142 1419 2197 quze
1440 2131 1737 2179 narrantur
1760 2122 2045 2186 miracula,

483 2226 709 2282 minime
736 2224 1070 2278 dubitamus.
1106 2218 1392 2285 Quomodo
1418 2224 1622 2280 autem,
1668 2222 1726 2269 ut
1765 2213 1912 2285 quod
1977 2215 2048 2269 sit

483 2320 663 2389 majus
692 2332 855 2388 quam
897 2313 1043 2384 quod
1082 2309 1765 2378 considerarepossimns,
1811 2306 2043 2362 scrutari

480 2423 825 2466 recusamus.
885 2404 1070 2475 Neque
1109 2402 1254 2457 enim
1309 2399 1454 2469 quod
1501 2399 1779 2454 credimus
1827 2412 2042 2453 omnem

486 2512 810 2570 corpoream
840 2502 894 2551 et
924 2508 1046 2565 qua:
1088 2491 1190 2547 sub
1230 2488 1640 2560 intelligentiam
1685 2486 1832 2541 cadit
1881 2496 2045 2540 natu-

480 2606 596 2645 ram
629 2588 931 2644 consistere
962 2585 1030 2639 ab
1069 2582 1393 2651 incorporea
1436 2588 1491 2634 et
1535 2579 1777 2633 increata
1824 2585 2043 2641 natura,

483 2679 644 2735 simul
680 2692 801 2732 cum
849 2674 954 2728 ﬁde
1002 2672 1381 2727 examinamus
1410 2669 1554 2723 unde
1604 2668 1659 2722 id
1705 2669 1795 2732 sit,
1818 2675 1872 2721 et
1906 2682 2044 2742 quo-

478 2770 668 2825 modo.
710 2766 815 2821 Sed
846 2764 987 2836 quod
1022 2762 1222 2817 factum
1263 2761 1332 2816 sit
1375 2761 1747 2824 admittentes,
1789 2760 2044 2830 quemad-

478 2862 699 2916 modum
731 2859 1043 2913 universum
1069 2855 1353 2917 consistat,
1378 2854 1593 2908 curiose
1625 2852 1881 2923 indagare
1907 2866 2044 2921 pra:-

478 2951 853 3013 termittimus,
884 2957 943 3003 ut
973 2946 1125 3020 quod
1158 2947 1235 3001 sit
1284 2947 1507 3003 omnino
1561 2946 1834 3005 inellabile
1881 2954 2044 3016 atque
2070 2985 2114 3046 ο

478 3041 875 3114 inexplicabile.

1035 3173 1293 3231 -CAPUT
1333 3173 1450 3228 XII.

544 3306 647 3374 Qui
699 3317 877 3363 autem
927 3310 1121 3378 quaerit
1168 3309 1273 3362 sibi
1310 3306 1523 3361 ostendi
1586 3307 1731 3377 quod
1784 3306 1930 3364 Deus
1986 3309 2040 3363 in

475 3416 641 3455 carne
675 3401 829 3454 nobis
874 3400 1205 3470 apparuerit,
1259 3400 1491 3470 aspiciat
1544 3400 1612 3453 ad
1666 3401 2038 3469 operationcs.

475 3492 619 3545 Nam
645 3490 787 3562 quod
825 3490 967 3547 Deus
1001 3492 1092 3557 sit,
1132 3507 1239 3545 non
1282 3499 1463 3561 potest
1498 3491 1656 3561 plane
1706 3492 1810 3544 alia
1842 3492 2041 3547 adduci

477 3583 759 3653 probatio,
816 3596 979 3652 quam
1033 3583 1401 3637 testimonium
1464 3582 1861 3652 uperationum.
1915 3581 2036 3649 Quo

477 3674 637 3728 modo
693 3674 839 3727 enim
891 3673 1297 3727 universitatem
1358 3673 1673 3739 intuentes,
1736 3682 1789 3728 et
1848 3674 2039 3728 mundi

475 3763 1004 3818 administrationem
1025 3763 1458 3828 considerantes,
1478 3771 1532 3819 et
1552 3764 1817 3819 beneﬁcia
1838 3765 2039 3834 quibus

474 3854 739 3909 divinitus
787 3853 1019 3909 afﬁcitur
1083 3855 1189 3909 vita
1245 3862 1456 3920 nostra,
1518 3856 2039 3925 comprehendimus

474 3947 712 4015 aliquam
742 3961 864 4001 esse
896 3960 1163 4001 summam
1196 3947 1477 4011 virtutem,
1518 3961 1708 4001 eorum
1751 3961 1873 4016 quae
1905 3946 2040 4001 ﬁunt

471 4036 822 4101 eﬁ'cctricem,
864 4045 916 4092 et
971 4052 1091 4107 quae
1124 4052 1187 4090 ea
1246 4054 1366 4107 quae
1419 4048 1546 4091 sunt
1603 4047 1931 4094 conservat:
1964 4039 2035 4093 ita

468 4131 631 4183 etiam
660 4129 801 4199 quod
837 4130 978 4183 Deus
1025 4129 1183 4184 nobis
1222 4131 1276 4183 in
1321 4144 1488 4183 carne
1538 4131 1869 4199 apparuerit,
1905 4132 2038 4188 satis

467 4224 684 4292 probari
729 4223 981 4277 ducimus
1020 4236 1086 4276 ex
1140 4221 1421 4275 miraculis
1468 4237 1587 4290 quae
1622 4221 1767 4275 facta
1809 4233 1935 4278 sunt
1980 4225 2034 4278 in

2150 384 2253 437 κᾶν
2283 386 2340 436 ἐν
2374 386 2645 456 ἀνθρώπῳ
2681 382 2786 456 ἧν;

2736 632 2985 685 ΚΕΦΑΛ.
3027 634 3131 686 1Α’.

2220 760 2283 814 Εἰ
2318 761 2375 814 δὲ
2413 761 2594 831 ζητεῖς
2637 761 2752 827 πῶς
2804 766 3196 835 κατακιρνᾶται
3240 765 3431 838 θεότης
3476 768 3614 838 πρὸς
3667 770 3726 822 τὸ

2150 852 2516 924 ἀνθρώπινον,
2543 854 2660 924 ὥρα
2686 873 2767 907 σοι
2795 858 2977 927 ζητεῖν
3002 858 3107 928 πρὸ
3124 858 3333 923 τούτου,
3358 860 3441 923 τίς
3467 862 3601 931 πρὸς
3626 864 3723 931 τὴν

2151 945 2329 1017 σάρκα
2351 946 2449 1015 τῆς
2469 945 2646 1017 ψυχῆς
2672 948 2705 1016 ἡ
2737 964 2797 998 συ
2807 949 2996 1018 μηφυῖα.
3031 949 3093 1000 Εἰ
3119 949 3173 1000 δὲ
3196 950 3294 1018 τῆς
3322 950 3420 1018 σῆς
3451 952 3719 1018 ἀγνοεῖται

2149 1037 2326 1108 ψυχῆς
2355 1040 2382 1091 ὁ
2420 1039 2638 1108 τρόπος,
2676 1038 2796 1091 καθ’
2841 1039 2899 1092 ὃν
2938 1039 3147 1093 ἑνοῦται
3182 1040 3257 1110 τῷ
3294 1042 3534 1111 σώματι,
3584 1046 3719 1114 μηδὲ

2150 1131 2326 1182 ἐκεῖνο
2356 1130 2567 1192 πάντως
2588 1131 2698 1183 οἵου
2718 1130 2825 1183 δεῖν
2856 1132 3003 1194 ἐντὸς
3024 1132 3273 1199 γενέσθαι
3303 1134 3401 1204 τῆς
3431 1135 3528 1205 σῆς
3554 1153 3724 1188 κατα-

2152 1220 2384 1292 λήψεως.
2449 1220 2585 1273 Ἀλλ’
2625 1220 2812 1291 ὥσπερ
2859 1221 3090 1275 ἐνταῦθα
3135 1223 3227 1274 καὶ
3260 1222 3444 1291 ἕτερον
3488 1217 3628 1276 εἷναί
3674 1242 3725 1277 τι

2152 1314 2303 1384 παρά
2338 1314 2398 1365 τὸ
2447 1313 2606 1383 σῶμα
2653 1314 2750 1385 τὴν
2782 1314 2957 1385 ψυχὴν
3001 1313 3475 1384 πεπιστεύκαμεν,
3524 1318 3588 1368 ἐκ
3634 1316 3723 1369 τοῦ

2155 1406 2483 1475 μονωθεῖσαν
2516 1405 2612 1475 τῆς
2641 1405 2816 1475 ψυχῆς
2852 1405 2947 1477 τὴν
2978 1406 3155 1477 σάρκα
3182 1407 3379 1476 νεκράν
3411 1423 3469 1459 τε
3508 1406 3601 1459 καὶ
3628 1409 3725 1460 άν-

2152 1498 2439 1567 ενέργητον
2482 1495 2749 1564 γενέσθαι,
2778 1497 2871 1549 καὶ
2906 1495 2993 1549 τὸν
3027 1498 3122 1566 τῆς
3173 1496 3416 1559 ἐνώσεως
3466 1498 3565 1550 οὐκ
3604 1501 3725 1550 ἐπι-

2152 1585 2489 1655 γινώσκομεν
2524 1586 2710 1657 τρόπον
2728 1602 2741 1616 ⁸
2773 1585 2913 1638 οὕτω
2937 1587 3097 1638 κάκεῖ
3121 1587 3395 1655 διαφέρειν
3426 1585 3523 1657 μὲν
3547 1587 3639 1638 ἐπὶ
3669 1586 3726 1640 τὸ

2161 1677 2730 1749 μεγαλοπρεπέστερον
2767 1676 2864 1747 τὴν
2911 1677 3059 1730 Θείαν
3098 1677 3256 1745 φύσιν
3300 1678 3435 1748 πρὸς
3464 1677 3560 1749 τὴν
3594 1678 3726 1749 θνη-

2156 1768 2254 1838 τὴν
2284 1768 2377 1820 καὶ
2416 1768 2675 1839 ἐπίκηρον
2702 1767 3065 1838 ὁμολογοῦμεν
3085 1807 3102 1833 ,
3131 1768 3219 1820 τὸν
3263 1768 3319 1823 δέ
3346 1770 3444 1841 τῆς
3482 1772 3724 1840 ἀνακρά-

2157 1876 2293 1922 σεως
2337 1859 2535 1929 τρόπον
2581 1859 2674 1912 τοῦ
2721 1859 2861 1912 θείου
2903 1858 3037 1929 πρὸς
3094 1858 3150 1911 τὸ
3221 1858 3556 1925 ἀνθρώπινον
3599 1877 3723 1915 συν.

2156 1954 2281 2007 ιδεῖν
2310 1953 2369 2004 οὐ
2398 1952 2678 2023 χωροῦμεν
2699 1969 2711 1982 ·
2752 1951 2885 2004 ἀλλά
2906 1951 2965 2004 τὸ
3003 1952 3101 2021 μὲν
3130 1952 3455 2023 γεγενῆσθαι
3496 1952 3624 2005 Θεὸν
3667 1955 3725 2006 ἐν

2152 2040 2438 2110 ἀνθρώπου
2481 2042 2673 2110 φύσει,
2723 2041 2808 2094 διά
2850 2040 2953 2095 τῶν
2999 2041 3391 2111 ἱστορουμένων
3432 2040 3724 2111 θαυμάτων

2152 2134 2251 2188 οὐκ
2286 2133 2696 2204 ἀμφιϐάλλομεν
2716 2151 2727 2163 ·
2756 2132 2815 2186 τὸ
2841 2134 2895 2185 δέ
2922 2132 3056 2196 πῶς,
3091 2132 3166 2195 ὡς
3193 2133 3373 2202 μεῖζον
3403 2134 3435 2203 ἢ
3466 2134 3606 2187 κατὰ
3636 2134 3725 2187 λς,-

2152 2223 2364 2293 γισμῶν
2414 2224 2603 2293 ἔφοδον
2644 2225 2917 2295 διερευνᾷν
2953 2222 3380 2294 παραιτούμεθα.
3431 2225 3564 2278 Οὐδὲ
3613 2225 3723 2296 γὰρ

2153 2317 2333 2369 πᾶσαν
2378 2315 2475 2385 τὴν
2519 2316 2834 2385 σωματικήν
2860 2331 2917 2367 τε
2949 2314 3043 2367 καὶ
3082 2316 3275 2385 νοητὴν
3296 2314 3545 2385 γέννησιν
3574 2316 3723 2385 παρά

2149 2407 2251 2476 τῆς
2275 2406 2561 2477 ἀσωμάτου
2587 2423 2643 2459 τε
2662 2408 2754 2459 καὶ
2785 2405 3038 2458 ἀκτίστου
3069 2405 3280 2473 φύσεως
3310 2404 3604 2474 ὑποστῆναι
3638 2423 3725 2458 πι-

2153 2496 2452 2561 στεύοντες,
2478 2497 2538 2551 τὸ
2566 2497 2728 2551 πόθεν
2757 2497 2789 2566 ἢ
2813 2496 2875 2548 τὸ
2895 2498 3042 2559 ὅπως
3064 2498 3131 2566 τῇ
3159 2496 3283 2566 περὶ
3312 2495 3515 2548 τούτων
3542 2496 3723 2549 πίστει

2153 2589 2594 2658 συνεξετάζομεν.
2643 2588 2802 2641 Ἀλλὰ
2834 2586 2893 2640 τὸ
2922 2585 3247 2655 γεγενῆσθαι
3272 2586 3721 2659 παραδεχόμενοι,

2150 2680 2708 2750 ἀπολυπραγμόνητον
2753 2679 2952 2750 τρόπον
2987 2678 3087 2746 τῆς
3121 2677 3214 2730 τοῦ
3271 2677 3469 2741 παντὸς
3522 2679 3723 2732 συστά-

2152 2787 2288 2833 σεως
2335 2769 2729 2841 καταλείπομεν
2754 2812 2767 2838 ,
2811 2775 2886 2835 ὡς
2932 2771 3168 2842 ἄρρητον
3211 2769 3551 2824 παντάπασιν
3592 2770 3723 2826 ὂντα

2150 2860 2243 2913 καὶ
2265 2861 2678 2932 ἀνερμήνευτον.

2741 3172 2989 3226 ΚΕΦΑΛ.
3018 3173 3122 3226 iB’.

2212 3304 2322 3359 Τοῦ
2351 3304 2408 3358 δὲ
2445 3303 2577 3358 Θεὸν
2620 3306 2678 3357 ἐν
2729 3307 2892 3377 σαρκὶ
2928 3307 3345 3378 πεφανερῶσθαι
3389 3309 3518 3379 ἡμῖν
3550 3308 3578 3361 δ
3618 3307 3721 3371 τὰς

2144 3396 2445 3459 ἀποδείξεις
2493 3395 2789 3468 ἐπιζητῶν,
2827 3398 2964 3469 πρὸς
2995 3399 3094 3463 τὰς
3130 3400 3410 3472 ἐνεργείας
3449 3399 3715 3470 βλεπέτω.

2144 3489 2255 3542 Καὶ
2279 3487 2388 3558 γάρ
2408 3487 2501 3541 τοῦ
2528 3488 2661 3552 ὅλως
2695 3485 2834 3542 εἶναι
2866 3489 3020 3553 Θεὸν,
3052 3492 3150 3545 οὐκ
3179 3491 3243 3545 ἄν
3271 3509 3351 3556 τις
3378 3492 3568 3564 ἑτέραν
3590 3494 3720 3546 ene

2142 3579 2302 3645 δειξιν
2322 3580 2454 3650 ἔχοι,
2477 3578 2563 3632 διὰ
2585 3580 2684 3649 τῆς
2709 3580 2817 3632 τῶν
2836 3580 3125 3653 ἐνεργειῶν
3156 3581 3478 3653 μαρτυρίας.
3504 3581 3721 3654 Ὥσπερ

2142 3674 2320 3727 τοίνυν
2354 3675 2434 3737 είς
2472 3672 2532 3725 τὸ
2566 3673 2673 3727 πᾶν
2702 3672 3017 3743 ἀφορῶντες
3038 3712 3052 3737 ,
3081 3671 3175 3725 καὶ
3208 3670 3305 3734 τὰς
3332 3672 3471 3725 κατὰ
3496 3671 3587 3724 τὸν
3619 3672 3720 3724 κό-

2146 3781 2279 3834 σμον
2309 3765 2621 3834 οἰκονομίας
2660 3762 3103 3828 ἐπισκοποῦντες,
3137 3764 3232 3815 καὶ
3268 3761 3367 3825 τὰς
3397 3762 3719 3833 εὐεργεσίας

2141 3857 2237 3919 τὰς
2262 3857 2443 3909 θεόθεν
2467 3856 2607 3910 κατά
2630 3855 2726 3926 τὴν
2744 3856 2886 3925 ζωὴν
2909 3854 3063 3925 ἡμῶν
3094 3854 3510 3924 ἐνεργουμένας,
3541 3854 3717 3923 ὕπερ-

2142 3946 2354 4001 κεῖσθαί
2375 3965 2495 4000 τινα
2524 3947 2751 4017 δύναμιν
2775 3945 3058 4016 ποιητικὴν
3098 3944 3201 3998 τῶν
3229 3943 3585 4014 γιγνομένων,
3622 3944 3719 3995 καὶ

2144 4037 2537 4108 συντηρητικὴν
2563 4037 2670 4089 τῶν
2697 4037 2863 4090 ὄντων
2889 4036 3371 4107 καταλαμϐάνομεν
3389 4052 3403 4067 ⁸
3424 4034 3594 4097 οὕτως
3621 4037 3719 4089 κα⁴ι

2141 4128 2235 4183 ἐπὶ
2266 4128 2359 4181 τοῦ
2395 4127 2481 4181 διὰ
2512 4127 2711 4199 σαρκὸς
2747 4129 2880 4198 ἡμῖν
2915 4127 3319 4199 φανερωθέντος
3351 4126 3485 4179 Θεοῦ
3516 4127 3713 4196 ἱκανὴν

2140 4217 2409 4281 ἀπόδειξιν
2444 4218 2543 4288 τῆς
2575 4218 2895 4285 ἐπιφανείας
2934 4218 3033 4287 τῆς
3064 4218 3313 4288 θεότητος
3341 4218 3410 4270 τὰ
3443 4216 3580 4269 κατά
3608 4216 3717 4280 τὰς

468 4312 905 4382 operationibus,
946 4318 1005 4365 ut
1033 4311 1127 4381 qui
1162 4311 1216 4364 in
1250 4309 1411 4364 l‘actis
1445 4325 1566 4379 qua:
1599 4318 1729 4363 sunt
1757 4321 2031 4376 enarrata,

2148 4310 2419 4379 ἐνεργείας
2450 4308 2702 4379 θαύματα
2745 4309 3110 4377 πεποιήμεθα,
3140 4309 3317 4362 πάντα
3348 4310 3462 4371 τοῖς
3494 4308 3719 4377 ἱστορη-

468 4403 957 4459 animadvertimus
990 4418 1113 4459 esse
1145 4403 1327 4457 omnia
1363 4418 1456 4470 per
1488 4417 1607 4471 quae
1650 4403 1832 4457 divina
1857 4404 2035 4459 virtus

467 4494 811 4563 exprimitur.
863 4494 956 4548 Dei
993 4503 1095 4560 est,
1129 4495 1407 4549 viviﬁcare
1452 4494 1723 4548 homines.
1784 4493 1877 4548 Dei
1928 4502 2033 4558 est,

465 4598 527 4636 ea
559 4597 679 4650 qua:
721 4589 871 4647 sunt,
906 4596 1004 4635 sua
1054 4597 1379 4638 conservare
1421 4582 1729 4653 prudentia.
1782 4581 1875 4636 Dei
1929 4590 2032 4648 est,

468 4674 647 4728 cibum
686 4672 872 4742 largiri
907 4679 961 4726 et
992 4671 1266 4741 potionem
1314 4671 1381 4725 iis
1415 4672 1616 4739 quibus
1649 4671 1842 4742 obtigit
1874 4682 1933 4726 ut
1979 4675 2034 4727 in

466 4780 631 4820 carne
659 4765 827 4819 vitam
879 4771 1061 4834 agant.
1120 4761 1214 4816 Dei
1269 4769 1376 4825 est,
1438 4762 1487 4815 ei
1529 4766 1620 4832 qui
1682 4779 1819 4834 opus
1869 4765 2034 4821 habet

468 4857 805 4911 benefacere.
864 4854 959 4911 Dei
1010 4861 1112 4921 est,
1175 4870 1241 4909 ex
1300 4853 1668 4911 imbecillitate
1715 4872 2031 4927 perversam

468 4955 719 5000 naturam
774 4960 869 5017 per
916 4946 1203 4999 sanitatem
1259 4944 1361 4997 sibi
1426 4946 1733 5001 restituere.
1793 4946 1889 5002 Dei
1950 4957 2035 5004 est

465 5036 721 5094 similiter
758 5046 832 5095 et
864 5035 1056 5090 eodem
1108 5034 1273 5089 modo
1322 5035 1569 5091 obtinere
1602 5037 1940 5093 dominatum
1973 5040 2030 5094 in

462 5143 682 5183 omnem
730 5136 1078 5192 creaturam,
1132 5134 1355 5194 terram,
1414 5142 1558 5182 mare
1610 5136 1665 5182 ει
1720 5144 1920 5193 aerem,
1978 5138 2031 5185 ει

461 5222 645 5276 omnia
674 5235 796 5292 quae
832 5227 961 5276 sunt
1010 5234 1175 5289 supra
1224 5234 1426 5273 aerem.
1466 5218 1560 5274 Dei
1612 5228 1695 5274 est
1738 5220 1805 5274 ad
1845 5221 2028 5276 omnia

461 5314 595 5368 satis
627 5314 829 5369 habere
859 5314 1169 5384 potestatis,
1216 5320 1269 5368 et
1304 5324 1429 5367 ante
1469 5313 1652 5366 omnia
1684 5328 1807 5367 esse
1838 5323 2029 5382 poten-

462 5406 653 5459 tiorem
685 5412 860 5460 morte
892 5414 946 5461 et
1000 5406 1246 5461 interitu.
1305 5404 1361 5459 Si
1417 5420 1547 5474 ergo
1581 5404 1787 5473 aliquid
1836 5406 2027 5460 horum

461 5495 678 5550 deesset
702 5495 751 5548 ei
795 5511 914 5565 qua
962 5494 1030 5551 de
1090 5496 1213 5566 ipso
1238 5502 1494 5549 narratur
1523 5493 1789 5558 historiae,
1832 5495 2027 5549 merito

460 5584 559 5657 qui
594 5599 626 5640 ι
669 5592 859 5640 nostra
890 5585 993 5643 ﬁde
1044 5594 1174 5643 sunt
1219 5585 1406 5651 alieni,
1462 5582 1728 5640 adversus
1777 5580 2025 5641 uestrum

2142 4401 2311 4454 θεῖσιν
2350 4399 2553 4469 ἔργοις,
2582 4399 2649 4451 δι’
2681 4391 2755 4451 ὧν
2806 4402 2840 4469 ἡ
2870 4398 2992 4451 θεία
3029 4398 3491 4469 χαρακτηρίζεται
3525 4397 3713 4466 φύσις,

2140 4491 2589 4561 κατανοήσαντες.
2623 4489 2757 4542 Θεοῦ
2790 4490 2849 4542 τὸ
2887 4490 3168 4554 ζωοποιεῖν
3202 4491 3328 4552 τοὺς
3365 4489 3709 4559 ἀνθρώπους.

2138 4582 2273 4637 Θεοῦ
2308 4582 2368 4635 τὸ
2421 4584 2705 4654 συντηρεῖν
2765 4582 2852 4636 διὰ
2902 4583 3153 4652 προνοίας
3192 4582 3256 4635 τὰ
3284 4581 3433 4633 ὅντα.
3470 4579 3602 4634 Θεοῦ
3646 4581 3716 4635 τὸ

2140 4675 2340 4747 βρῶσιν
2378 4676 2471 4728 καὶ
2502 4676 2659 4728 πόσιν
2681 4677 2792 4737 τοῖς
2824 4675 3021 4746 σαρκὸς
3044 4675 3143 4743 τὴν
3177 4672 3319 4742 ζωὴν
3345 4673 3581 4741 είληχόσι
3607 4690 3715 4742 χα-

2141 4767 2404 4841 ρίζεσθαι.
2439 4767 2571 4821 Θεοῦ
2599 4767 2904 4837 εὐεργετεῖν
2932 4766 3024 4819 τὸν
3050 4765 3320 4836 δεόμενον.
3350 4764 3483 4818 Θεοῦ
3507 4764 3565 4817 τὸ
3596 4782 3710 4817 πα-

2136 4863 2507 4933 ρατραπεῖσαν
2528 4858 2586 4924 ἐξ
2610 4858 2892 4921 ἀσθενείας
2917 4858 3013 4928 τὴν
3044 4856 3223 4927 φύσιν,
3251 4857 3409 4911 πάλιν
3431 4858 3498 4910 δι’
3520 4857 3714 4924 ὑγείας

2135 4953 2274 5024 πρὸς
2304 4951 2497 5022 ἑαυτὴν
2519 4952 2832 5020 ἐπανάγειν.
2864 4949 2999 5003 Θεοῦ
3028 4950 3089 5001 τὸ
3120 4949 3299 5020 πάσης
3331 4946 3712 5019 ἐπικρατεύειν

2133 5044 2504 5115 ὁμοιοτρόπως
2538 5042 2635 5112 τῆς
2670 5043 2932 5106 κτίσεως,
2969 5044 3073 5112 γῆς
3098 5081 3112 5104 ,
3150 5040 3459 5111 θαλάσσης,
3519 5039 3705 5110 ἀέρος,

2132 5136 2241 5189 τῶν
2292 5134 2433 5204 ὑπὲρ
2469 5134 2558 5186 τὸν
2613 5134 2750 5204 ἀέρα
2791 5133 2989 5186 τόπων.
3052 5131 3187 5184 Θεοῦ
3240 5131 3300 5184 τὸ
3342 5132 3479 5203 πρὸς
3526 5131 3707 5184 πάντα

2133 5226 2329 5298 διαρκῆ
2374 5225 2474 5297 τὴν
2516 5226 2747 5294 δύναμιν
2781 5224 2943 5294 ἔχειν,
2981 5224 3074 5276 καὶ
3115 5223 3220 5293 πρό
3263 5239 3327 5291 γε
3386 5223 3597 5276 πάντων
3639 5223 3707 5276 τὸ

2134 5315 2363 5369 θανάτου
2404 5315 2496 5367 καὶ
2550 5314 2756 5384 φθορᾶς
2806 5310 2941 5366 εἶναι
2992 5312 3293 5384 κρείττονα.
3347 5312 3408 5365 Εἰ
3460 5314 3555 5383 μὲν
3608 5307 3707 5366 οὗν

2131 5424 2272 5471 τινος
2312 5408 2514 5462 τούτων
2539 5406 2757 5474 ἐλλιπὴς
2780 5400 2847 5476 ἦν
2875 5406 2906 5475 ἡ
2951 5404 3078 5472 περὶ
3110 5404 3272 5456 αὐτὸν
3302 5402 3530 5473 ἱστορία,
3554 5403 3703 5456 είκόα

2130 5513 2238 5559 τως
2282 5497 2342 5549 τὸ
2383 5497 2680 5567 μυστήριον
2707 5494 2861 5564 ἡμῶν
2905 5494 2954 5545 οἱ
2994 5492 3097 5557 ἔξω
3132 5492 3233 5563 τῆς
3267 5492 3503 5555 πίστεως
3540 5492 3705 5562 ἡμῶν

2132 5588 2544 5642 παοετοάέροντυ
2565 5602 2579 5617 ·
2612 5588 2659 5638 εί
2703 5585 2757 5638 δέ
2800 5585 2865 5639 δι’
2904 5578 2978 5639 ὧν
3013 5586 3211 5638 νοεῖται
3248 5582 3397 5651 Θεὸς,
3434 5583 3610 5638 πάντα
3640 5586 3705 5636 ἐν
