4006 6148
288 306 343 361 ςίῖὶ
1475 295 1729 353 ORATIO
1759 294 2256 349 CATECHETICA.

3414 279 3482 332 ιδ

286 426 379 487 τοῖς
411 420 522 493 περὶ
550 417 714 473 αὑτοῦ
748 418 1043 489 διηγήμασι
1072 415 1389 489 καθορᾶται,
1421 416 1470 467 τί
1500 415 1561 467 τὸ
1595 414 1818 484 ἐμποδί-
1852 460 1859 472 η

1965 412 2342 466 rmscriberent
2372 394 2688 477 mysterium
2721 420 2734 468 ;
2770 402 2813 457 si
2849 414 2976 456 vero
3025 397 3208 452 omnia
3242 410 3334 465 per
3363 410 3483 465 qua:

288 518 364 581 ζον
396 518 445 585 τῇ
479 512 650 564 πίστει
676 530 688 573 ;

842 729 1093 782 ΚΕΦΑΛ.
1137 727 1232 781 ΙΓ’.

352 864 518 928 Ἀλλὰ,
544 861 952 933 φησὶ,γέννησίς
975 880 1034 915 τε
1059 864 1154 916 καὶ
1175 862 1401 925 θάνατος
1424 861 1553 914 ἴδιον
1581 861 1680 924 τῆς
1704 878 1829 933 σαρ-

284 957 422 1023 κικῆς
463 956 577 1006 ἐστι
625 951 837 1022 φύσεως
937 954 1081 1022 φημὶ
1126 951 1861 1028 κάγώ.Ἀλλὰκαὶτὸπρὸτῆς

284 1046 559 1115 γεννήσεως
591 1045 685 1096 καὶ
709 1043 769 1095 τὸ
806 1042 947 1113 μετά
972 1044 1064 1096 τὸν
1095 1042 1325 1097 θάνατον
1357 1042 1456 1113 τὴν
1488 1043 1588 1113 τῆς
1614 1042 1831 1111 φύσεως

285 1135 418 1208 ἡμῶν
446 1132 700 1201 ἐκφεύγει
729 1133 1033 1202 κοινότητα.
1069 1132 1163 1195 Εἰς
1196 1131 1305 1203 γὰρ
1330 1132 1565 1202 ἑκάτερα
1606 1132 1703 1201 τῆς
1733 1132 1829 1184 ἀν·-

286 1226 539 1298 θρωπίνης
586 1224 732 1294 ζωῆς
793 1224 865 1275 τὰ
909 1224 1120 1295 πέρατα
1174 1222 1491 1293 βλέποντες,
1535 1224 1690 1292 ἴσμεν
1737 1222 1832 1275 καὶ

285 1318 390 1373 ὅθεν
423 1314 718 1386 ἀρχόμεθα,
746 1314 840 1366 καὶ
864 1315 942 1376 είς
973 1314 1025 1366 τί
1055 1312 1456 1383 καταλήγομεν.
1503 1312 1598 1364 Ἐκ
1629 1311 1833 1374 πάθους

288 1409 381 1478 γὰρ
427 1406 728 1477 ἀρξάμενος
762 1404 854 1457 τοῦ
885 1399 1020 1456 εἶναι
1066 1404 1094 1455 6
1140 1402 1421 1474 ἄνθρωπος
1445 1440 1459 1465 ,
1516 1399 1675 1454 πάθει
1712 1417 1834 1453 συν-

290 1495 640 1569 απαρτίζεται.
709 1496 853 1547 Ἐκεῖ
880 1493 936 1546 δὲ
981 1492 1104 1546 οὔτε
1131 1495 1164 1562 ἡ
1198 1493 1449 1562 γέννησις
1479 1492 1586 1544 ἀπὸ
1629 1492 1835 1553 πάθους

291 1591 465 1662 ήρξατο
487 1629 504 1654 ,
558 1588 683 1643 οὔτε
711 1589 739 1640 6
771 1587 998 1649 θάνατος
1042 1587 1122 1649 εἰς
1156 1585 1326 1649 πάθος
1356 1583 1666 1652 κατέληξεν.
1699 1582 1834 1635 Οῠτε

286 1684 381 1754 γὰρ
404 1682 498 1751 τῆς
527 1681 836 1749 γεννήσεως
864 1679 1023 1749 ἡδονὴ
1051 1676 1397 1747 καθηγήσατο
1423 1714 1436 1738 ,
1476 1673 1597 1727 οὔτε
1626 1673 1714 1726 τὸν
1742 1673 1835 1725 θά-

1928 501 2068 554 Deus
2123 498 2461 567 intelligitur,
2520 498 2820 546 cernuntur
2864 490 2918 543 in
2963 486 3031 542 iis
3064 500 3185 555 qua:
3246 484 3312 537 de
3361 486 3480 553 ipso

1929 597 2241 653 narrantur,
2285 586 2414 656 quid
2445 580 2691 651 estquod
2725 579 2882 634 (idem
2911 576 3207 647 impediat?

2504 709 2731 767 CAPUT
2771 708 2908 763 χιιι.

1999 856 2066 908 At
2095 862 2271 919 ortus,
2308 851 2504 921 inquit,
2534 856 2587 903 et
2619 860 2766 900 mors
2820 851 2905 898 est
2958 842 3238 912 pr0prium
3278 848 3489 894 natura;

1929 948 2137 1002 carnis.
2169 944 2444 1000 Concedo.
2497 939 2603 994 Sed
2662 946 2716 992 et
2768 936 2820 991 id
2853 935 2997 1005 quod
3040 933 3142 993 fuit
3195 940 3321 987 ante
3369 931 3491 1001 ejus

1930 1048 2133 1102 ortum,
2165 1046 2219 1093 et
2248 1036 2299 1092 id
2330 1034 2477 1106 quod
2513 1033 2614 1087 fuit
2645 1038 2771 1103 post
2801 1036 3053 1093 mortem,
3079 1026 3265 1096 eﬂ‘ugit
3289 1032 3494 1079 naturae

1930 1141 2133 1188 nostrae
2189 1128 2657 1185 communitatem.
2718 1122 2797 1177 Ad
2866 1121 3114 1175 humanae
3172 1120 3317 1174 enim
3372 1119 3497 1173 vita:

1932 1230 2222 1291 utrumque
2257 1220 2417 1274 tinem
2465 1215 2814 1287 aspicientes,
2846 1211 3050 1265 scimus
3095 1218 3147 1264 et
3186 1207 3330 1262 unde
3362 1208 3497 1262 inci-

1932 1312 2148 1382 pimus,
2186 1318 2241 1364 et
2297 1309 2352 1362 in
2399 1308 2529 1377 quid
2584 1302 2908 1358 desinimus.
2964 1298 3139 1353 Homo
3174 1299 3319 1353 enim
3372 1311 3496 1351 cum

1943 1419 2066 1459 esse
2105 1403 2330 1472 cmperit
2369 1416 2434 1455 ex
2467 1398 2782 1462 aﬂ‘eetione,
2830 1394 3115 1450 all‘ectione
3168 1391 3329 1447 etiam
3365 1405 3500 1444 con-

1936 1495 2119 1550 ﬁcitur
2146 1503 2201 1548 et
2236 1500 2677 1548 consummatur.
2722 1489 2841 1544 Illic
2885 1496 3065 1543 autem
3121 1500 3298 1555 neque
3340 1497 3502 1553 gene-

1934 1586 2076 1639 ratio
2108 1584 2274 1655 eaapit
2325 1584 2393 1638 ab
2439 1582 2764 1648 all'eetione;
2812 1595 2990 1650 neque
3042 1592 3193 1632 mors
3240 1575 3401 1631 desiit
3448 1574 3502 1625 in

1938 1676 2305 1731 affectionem.
2339 1675 2523 1747 Neque
2570 1677 2714 1731 enim
2750 1676 3003 1745 voluptas
3056 1672 3176 1742 ejus
3225 1665 3507 1738 prmt'essit

287 1789 424 1826 νατον
457 1770 635 1841 φθορὰ
654 1769 938 1835 διεδέξατο.
974 1769 1243 1828 Ἀπιστεῖς
1268 1765 1346 1836 τῷ
1365 1765 1619 1834 θαύματι;
1650 1763 1838 1833 Χαίρω

1961 1770 2343 1836 generationem
2372 1787 2387 1835 ;
2420 1783 2593 1833 neque
2620 1776 2850 1823 mortem
2885 1772 3071 1822 secuta
3092 1769 3177 1819 est
3204 1757 3503 1826 corruptio.

286 1865 342 1933 τῇ
377 1862 618 1931 ἀπιστίᾳ.
664 1860 971 1930 Ὀμολογεῖς
1006 1858 1112 1929 γὰρ
1136 1857 1351 1920 πάντως
1381 1855 1447 1909 δι’
1471 1849 1544 1908 ὧν
1575 1855 1715 1924 ὑπὲρ
1749 1853 1839 1904 πί-

289 1968 389 2005 στιν
412 1954 520 2023 ἡγῇ
548 1951 610 2004 τὸ
633 1951 941 2020 λεγόμενον,
969 1950 1107 2020 ὑπὲρ
1132 1950 1228 2020 τὴν
1262 1947 1422 2016 φύσιν
1451 1940 1590 2000 εῖναι
1612 1945 1681 1998 τὰ
1706 1943 1837 1997 θαύ-

290 2058 436 2111 ματα.
464 2040 609 2093 Λύτὸ
636 2035 729 2093 οὖν
753 2039 907 2092 τοῦτο
930 2038 1029 2109 τῆς
1057 2037 1307 2107 θεότητος
1333 2034 1472 2087 ἔστω
1494 2051 1575 2086 σοι
1603 2031 1696 2086 τοῦ
1726 2049 1844 2101 φα-

289 2132 451 2195 νέντος
479 2129 754 2195 ἀπόδειξις
776 2170 791 2195 ,
825 2130 885 2183 τὸ
919 2129 992 2201 μὴ
1022 2129 1108 2182 διὰ
1155 2129 1261 2182 τῶν
1291 2127 1431 2181 κατὰ
1459 2126 1617 2197 φύσιν
1657 2124 1842 2195 προϊέ-

294 2240 367 2277 ναι
394 2225 451 2277 τὸ
489 2225 778 2294 κήρυγμα.
816 2224 881 2277 Ei
920 2223 1027 2295 γὰρ
1070 2222 1218 2283 ἐντὸς
1249 2217 1315 2292 ἦν
1346 2219 1453 2273 τῶν
1484 2220 1586 2289 τῆς
1632 2218 1844 2286 φύσεως

294 2314 424 2386 ὅρων
452 2314 527 2367 τὰ
556 2314 679 2385 περὶ
707 2312 799 2366 τοῦ
828 2311 1063 2383 Χριστοῦ
1094 2311 1426 2381 διηγήματα,
1454 2309 1555 2362 ποῦ
1582 2308 1643 2361 τὸ
1669 2306 1804 2359 θεῖον
1828 2322 1843 2371 ;

284 2405 343 2460 Ei
368 2406 421 2459 δὲ
444 2404 763 2477 ὑπερϐαίνει
783 2405 881 2475 τὴν
915 2403 1073 2473 φύσιν
1116 2404 1144 2454 6
1173 2402 1349 2471 λόγος,
1381 2402 1439 2455 ὲν
1467 2394 1547 2463 οἷς
1578 2400 1843 2460 ἀπιστεῖς,

284 2496 338 2547 ὲν
362 2494 572 2558 τούτοις
614 2496 761 2548 ἐστὶν
790 2496 822 2565 ή
857 2493 1128 2557 ἀπόδειξις
1162 2492 1255 2545 τοῦ
1293 2491 1424 2545 Θεὸν
1451 2485 1589 2543 εἶναι
1626 2489 1717 2542 τὸν
1746 2506 1845 2557 κη-

288 2586 630 2657 ρυσσόμενον.
676 2585 995 2655 Ἀνθρωπος
1032 2588 1129 2654 μὲν
1155 2583 1263 2653 γὰρ
1298 2584 1362 2635 ὲκ
1406 2581 1743 2651 συνδυασμοῦ
1774 2580 1851 2633 τί-

289 2693 494 2742 κτεται,
543 2676 637 2729 καὶ
671 2674 809 2745 μετά
855 2675 1080 2731 θάνατον
1125 2678 1181 2729 ὲν
1215 2674 1479 2745 διαφθορᾷ
1509 2674 1733 2741 γίνεται.
1791 2673 1853 2725 El

285 2766 440 2821 ταῦτα
472 2770 725 2837 περιεῖχε
754 2767 813 2819 τὸ
843 2768 1103 2838 κήρυγμα
1125 2808 1138 2831 ,
1166 2768 1265 2821 οὐκ
1292 2766 1357 2820 ἂν
1384 2765 1517 2820 Θεὸν
1550 2760 1686 2818 εἶναι
1719 2764 1853 2818 πάν-

284 2874 378 2920 τως
404 2858 601 2928 ᾠήθης
631 2857 721 2908 τὸν
750 2858 806 2908 ὲν
837 2859 948 2919 τοῖς
999 2854 1247 2927 ίδιώμασι
1290 2856 1389 2926 τῆς
1440 2853 1653 2924 φύσεως
1697 2854 1855 2923 ἡμῶν

292 2945 759 3023 μαρτυρούμενον.
803 2945 956 2998 Ἐπεὶ
1005 2945 1063 2997 δὲ
1108 2945 1465 3017 γεγεννῆσθαι
1498 2946 1593 3017 μὲν
1643 2944 1858 3008 ἀκούεις

289 3040 456 3107 αὑτὸν,
500 3037 875 3107 ἐκϐεϐηκέναι
907 3036 964 3089 δὲ
989 3037 1089 3106 τῆς
1116 3037 1327 3105 φύσεως
1362 3038 1517 3108 ήμῶν
1558 3038 1655 3108 τὴν
1686 3036 1856 3090 κοινό-

288 3143 451 3196 τητα,
488 3127 579 3197 τῷ
616 3143 676 3180 τε
713 3125 815 3197 τῆς
866 3126 1131 3195 γενέσεως
1168 3126 1371 3197 τρόπῳ,
1425 3125 1518 3179 καὶ
1563 3125 1641 3196 τῷ
1673 3127 1859 3179 ἀνεπι-

287 3219 450 3291 δέκτῳ
490 3218 604 3288 τῆς
646 3220 726 3281 εἰς
758 3217 962 3290 φθορὰν
1008 3217 1379 3283 ἀλλοιώσεως,
1420 3217 1600 3282 καλῶς
1640 3218 1704 3272 ἂν
1749 3218 1859 3288 ἔχοι

290 3310 424 3363 κατὰ
453 3311 517 3364 τὸ
553 3309 875 3373 ἀκόλουθον,
920 3310 1014 3362 ἐπὶ
1050 3308 1111 3361 τὸ
1145 3309 1330 3380 ἕτερον
1366 3311 1431 3380 τῇ
1465 3309 1691 3379 ἀπιστίᾳ
1723 3308 1860 3379 χρή-

291 3399 518 3467 σασθαι,
550 3401 633 3462 είς
668 3398 728 3452 τὸ
773 3398 847 3470 μὴ
884 3399 1171 3469 ἄνθρωπον
1211 3398 1372 3452 αὐτὸν
1415 3400 1511 3453 ἕνα
1556 3399 1663 3453 τῶν
1705 3401 1762 3452 ἐν
1795 3401 1861 3469 τῇ

293 3490 446 3558 φύσει
482 3492 856 3562 δεικνυμένων
883 3491 1109 3545 οἴεσθαι.
1162 3491 1397 3562 Ἀνάγκη
1437 3491 1546 3561 γὰρ
1586 3493 1733 3545 πᾶσα
1774 3492 1865 3543 τὸν

298 3583 368 3654 μή
396 3582 732 3637 πιστεύοντα
757 3582 847 3635 τὸν
878 3581 1117 3636 τοιοῦτον
1151 3582 1433 3653 ἄνθρωπον
1462 3580 1623 3648 εἶναι,
1660 3586 1738 3647 είς
1769 3584 1868 3653 τὴν

295 3677 418 3747 περὶ
458 3676 521 3729 τὸ
568 3675 703 3728 Θεὸν
732 3675 893 3727 αὑτὸν
921 3670 1058 3728 εἶναι
1086 3674 1264 3727 πίστιν
1292 3675 1602 3745 ὲναχθῆναι.
1661 3676 1718 3728 '0
1758 3675 1868 3745 τὰρ

297 3765 657 3838 γεγεννῆσθαι
687 3765 848 3818 αὑτὸν
878 3767 1199 3837 ἱστορήσας,
1250 3766 1345 3818 καὶ
1372 3764 1434 3819 τὸ
1467 3765 1640 3829 οὕτως
1681 3782 1869 3834 γεγεν-

298 3858 488 3928 νῆσθαι
539 3858 963 3929 συνδιηγήσατο.
1011 3859 1075 3910 Εἰ
1108 3856 1201 3910 οὖν
1248 3857 1435 3910 πιστόν
1483 3858 1597 3909 ἐστι
1634 3856 1720 3909 διὰ
1765 3856 1872 3908 τῶν

300 3950 610 4021 είρημένων
639 3949 699 4002 τὸ
726 3949 1082 4019 γεγεννῆσθαι
1107 3948 1288 4011 αὐτὸν,
1313 3948 1401 4001 διὰ
1423 3947 1531 4001 τῶν
1554 3949 1732 4001 αὐτῶν
1754 3948 1874 4001 τού-

298 4057 403 4094 των
434 4043 658 4105 πάντως
687 4042 805 4094 οὐδὲ
839 4042 899 4093 τὸ
929 4041 1099 4105 οὕτως
1131 4040 1293 4095 αὐτὸν
1341 4040 1700 4111 γεγεννῆσθαι
1748 4041 1875 4094 ἀπί-

302 4131 478 4188 ὗανον.
530 4134 600 4186 '0
627 4133 736 4202 γὰρ
763 4133 861 4201 τήν
897 4134 1149 4202 γέννησιν
1176 4132 1366 4197 εἰπὼν,
1404 4134 1495 4185 καὶ
1522 4134 1603 4199 τὸ,
1635 4135 1699 4186 ὲκ
1735 4149 1876 4204 παρ·-

304 4222 475 4289 θένου,
524 4222 861 4295 προσέθηκε.
893 4224 1002 4277 Καὶ
1037 4225 1064 4276 6
1092 4224 1185 4277 τοῦ
1210 4223 1438 4277 θανάτου
1469 4224 1746 4295 μνησθεὶς,
1785 4224 1877 4276 καὶ

304 4307 396 4378 τὴν
424 4308 727 4362 ἀνάστασιν
772 4308 848 4375 τῷ
880 4308 1093 4379 θανάτῳ
1122 4308 1659 4380 προσεμαρτύρησεν.
1689 4310 1751 4360 Ei
1787 4304 1878 4361 οὖν

1941 1856 2057 1909 Non
2087 1857 2269 1912 credis
2301 1857 2602 1910 miraculo?
2635 1855 2812 1910 Laetor
2858 1856 2925 1910 de
2958 1862 3052 1907 tua
3102 1849 3504 1906 incredulitate.

1939 1947 2045 2002 Per
2075 1949 2179 2003 hoc
2224 1949 2366 2003 enim
2402 1949 2548 2018 quod
2606 1963 2772 2017 supra
2806 1946 2967 2002 ﬁdem
3004 1952 3167 2014 putas
3210 1956 3333 1997 esse
3364 1937 3510 2008 quod

1942 2040 2164 2101 dicitur,
2198 2038 2385 2093 fateris
2417 2039 2686 2093 miracula
2720 2052 2842 2093 esse
2872 2050 3040 2106 supra
3072 2042 3344 2090 naturam.
3397 2028 3513 2083 Hoc

1945 2132 2123 2201 ipsum
2152 2146 2282 2199 ergo
2341 2132 2414 2186 sit
2470 2130 2566 2184 tibi
2624 2134 3007 2200 argumentum
3042 2126 3343 2181 divinitatis
3394 2121 3513 2191 ejus

1944 2223 2037 2293 qui
2068 2222 2337 2295 apparuit,
2375 2222 2516 2292 quod
2550 2236 2658 2275 non
2693 2219 2953 2290 procedat
2986 2216 3300 2289 praedicatio
3327 2230 3424 2285 per
3447 2228 3512 2269 ea

1945 2329 2067 2386 quae
2094 2322 2222 2369 sunt
2252 2313 2552 2375 secundum
2603 2320 2876 2367 naturam.
2924 2308 3061 2365 Nam
3096 2311 3142 2364 si
3187 2308 3331 2363 intra
3377 2306 3514 2360 ﬁnes

1946 2414 2157 2460 natura:
2188 2413 2374 2461 essent
2402 2419 2462 2460 ea
2495 2420 2615 2475 quae
2667 2404 2735 2459 de
2784 2403 3006 2457 Christo
3060 2407 3377 2463 narrantur,
3421 2397 3515 2451 ubi

1949 2498 2255 2553 divinitas?
2316 2496 2413 2551 Sin
2458 2506 2638 2552 autem
2696 2503 2952 2550 naturam
3000 2500 3223 2564 superat
3262 2492 3315 2546 id
3370 2489 3513 2560 quod

1952 2588 2176 2653 dicitur,
2223 2604 2287 2643 ea
2333 2589 2451 2658 ipsa
2502 2604 2623 2658 quae
2670 2604 2778 2643 non
2811 2586 3013 2652 credis,
3069 2584 3303 2656 probant
3347 2580 3517 2636 Deum

1953 2696 2076 2736 esse
2109 2680 2203 2751 qui
2240 2679 2588 2750 praedicatur.
2625 2679 2758 2734 Nam
2798 2678 2961 2733 homo
3008 2675 3225 2747 quidem
3275 2672 3521 2728 nascitur

1955 2787 2023 2826 ex
2051 2771 2283 2826 duorum
2314 2770 2508 2840 copula
2534 2779 2587 2826 et
2617 2769 3023 2839 conjunctione,
3054 2775 3107 2821 et
3135 2772 3260 2837 post
3290 2772 3521 2818 mortem

1960 2863 2113 2917 venit
2150 2863 2217 2918 ad
2251 2862 2552 2917 interitum.
2601 2861 2659 2916 Si
2701 2863 2815 2916 hate
2851 2859 3156 2915 contineret
3186 2853 3521 2928 praedicatio,

1961 2950 2128 3007 Deum
2177 2966 2287 3006 non
2327 2966 2446 3007 esse
2500 2950 2725 3005 omnino
2789 2948 3131 3004 existimares
3185 2960 3306 3001 eum
3362 2956 3524 3013 quem

1963 3051 2293 3099 testaremur
2321 3057 2444 3097 esse
2482 3042 2626 3095 intra
2660 3050 2866 3095 naturae
2925 3038 3305 3111 proprietates.
3370 3034 3523 3100 Quo-

1963 3135 2110 3188 niam
2145 3142 2323 3189 autem
2378 3134 2537 3189 audis
2589 3132 2807 3201 quidem
2866 3132 3044 3201 ipsum
3080 3144 3203 3184 esse
3258 3127 3525 3199 genitum,

1963 3226 2271 3280 GXCBSSiSSB
2318 3234 2498 3279 autem
2538 3231 2748 3277 natura:
2803 3230 3003 3277 nostra}
3056 3220 3526 3278 communitatem,

1964 3324 2017 3370 et
2050 3316 2107 3369 in
2163 3314 2325 3368 modo
2376 3311 2765 3385 generationis,
2798 3318 2851 3364 et
2901 3308 3045 3379 quod
3096 3323 3206 3361 non
3255 3306 3528 3375 acceperit

1967 3406 2340 3462 alterationem
2392 3404 2457 3458 ad
2500 3402 2824 3469 interitum;
2858 3408 3005 3455 recte
3053 3399 3157 3453 erit
3207 3414 3274 3453 ex
3332 3411 3527 3452 conse-

1967 3501 2175 3571 quenti,
2203 3499 2269 3554 ad
2303 3498 2533 3553 alterum
2564 3497 2644 3550 uti
2678 3495 3075 3560 incredulitate,
3107 3504 3305 3561 nempe
3334 3496 3394 3543 ut
3419 3503 3531 3543 non

1968 3593 2250 3649 existimes
2300 3606 2425 3646 eum
2478 3606 2600 3645 esse
2655 3604 2823 3642 unum
2876 3586 3149 3641 hominem
3199 3600 3266 3639 ex
3318 3583 3386 3638 iis
3437 3582 3531 3652 qui

1972 3684 2338 3739 ostenduntur
2388 3682 2442 3735 in
2483 3689 2696 3735 natura.
2739 3678 2973 3733 Omnino
3016 3678 3159 3732 enim
3198 3690 3423 3732 necesse
3453 3685 3536 3728 est

1972 3784 2033 3831 ut
2080 3774 2173 3843 qui
2229 3771 2403 3827 credit
2450 3786 2573 3825 eum
2622 3770 2716 3839 qui
2773 3776 2856 3825 est
2905 3767 3214 3836 bujusmodi
3268 3781 3375 3821 non
3415 3780 3537 3820 esse

1976 3864 2278 3925 hominem,
2312 3860 2615 3915 deducatur
2643 3858 2709 3913 ad
2738 3857 3071 3914 credendum
3100 3855 3245 3926 quod
3276 3855 3346 3911 sit
3371 3854 3535 3910 Deus.

1974 3956 2109 4009 Nam
2142 3952 2233 4023 qui
2275 3960 2460 4005 natum
2516 3966 2637 4004 eum
2669 3965 2790 4004 esse
2828 3948 3094 4011 narravit,
3152 3947 3311 4002 simul
3371 3947 3536 4001 etiam

1978 4042 2079 4095 hoc
2111 4039 2273 4094 modo
2308 4047 2493 4091 natum
2521 4038 2814 4092 recensuit.
2845 4037 2901 4090 Si
2930 4037 3113 4105 itaque
3138 4051 3201 4091 ex
3230 4034 3391 4090 dictis
3414 4052 3536 4089 eum

1978 4141 2163 4187 natum
2198 4145 2319 4185 esse
2347 4129 2610 4183 credibile
2637 4137 2740 4191 est,
2777 4128 2939 4182 etiam
2972 4130 3072 4182 hac
3106 4127 3320 4181 ratione
3356 4136 3537 4179 natum

1978 4240 2074 4295 per
2109 4224 2220 4277 haec
2248 4222 2435 4277 eadem
2466 4222 2621 4276 facile
2667 4229 2841 4289 potest
2872 4218 3209 4288 persuaderi.
3240 4218 3342 4283 Qui
3398 4217 3540 4271 enim

1980 4322 2166 4368 natum
2200 4327 2321 4368 esse
2350 4312 2509 4376 dixit,
2542 4312 2742 4381 adjecit
2771 4312 2935 4365 etiam
2958 4351 2971 4373 ,
3008 4327 3073 4365 ex
3103 4309 3332 4378 virgine.
3361 4310 3419 4363 Et
3451 4310 3543 4379 qui

302 4400 392 4467 ἀφ’
423 4393 500 4453 ὧν
536 4399 762 4462 ἀκούεις
795 4400 888 4452 καὶ
931 4398 991 4452 τὸ
1014 4399 1371 4469 γεγεννῆσθαι
1409 4399 1586 4453 καὶτὸ
1625 4398 1855 4453 τεθνᾶνα

1981 4404 2176 4458 mortis
2207 4404 2473 4465 meminit,
2506 4411 2795 4457 attestatur
2848 4402 3010 4456 etiam
3070 4401 3213 4469 quod
3246 4411 3367 4470 post
3399 4417 3545 4457 mor-

301 4488 478 4553 δίδως,
507 4490 578 4543 ὲκ
616 4489 723 4543 τῶν
760 4490 939 4543 αὐτῶν
965 4490 1156 4553 δώσεις
1188 4489 1401 4553 πάντως
1439 4491 1533 4543 καὶ
1561 4490 1620 4543 τὸ
1652 4489 1756 4554 ἔξω
1781 4490 1884 4543 πά-

306 4581 428 4640 θους
466 4574 614 4632 εἶναι
655 4580 748 4632 καὶ
776 4578 873 4649 τὴν
912 4579 1162 4649 γέννησιν
1186 4578 1350 4632 αὐτοῦ
1384 4580 1478 4632 καὶ
1521 4579 1611 4633 τὸν
1636 4579 1883 4632 θάνατον.

1985 4504 2092 4551 tem
2120 4495 2439 4549 resurrexit.
2470 4492 2527 4548 Si
2549 4510 2680 4563 ergo
2706 4509 2769 4547 ex
2803 4494 2870 4548 iis
2900 4509 3020 4561 quae
3050 4493 3229 4557 audis,
3256 4493 3355 4550 das
3381 4495 3545 4550 ctiam

1986 4602 2107 4641 esse
2142 4593 2328 4640 natum
2360 4592 2414 4640 et
2447 4592 2747 4650 mortuum,
2793 4599 2856 4638 ex
2896 4584 3086 4640 iisdem
3115 4586 3341 4640 omnino
3371 4586 3545 4648 dabis,

318 4666 479 4724 Ἀλλά
524 4670 638 4740 μὴν
676 4671 848 4725 ταῦτα
894 4671 1064 4740 μείζω
1111 4671 1210 4741 τῆς
1255 4671 1468 4740 φύσεως
1494 4688 1507 4701 ο
1540 4671 1736 4725 οὐκοῦν
1764 4671 1858 4724 οὐδ

1988 4677 2396 4749 generationem
2427 4675 2547 4745 ejus
2585 4683 2637 4731 et
2684 4686 2911 4732 mortem
2958 4692 3079 4732 esse
3124 4684 3279 4732 extra
3310 4676 3551 4733 aﬂectio-

308 4759 513 4824 ἐκεῖνος
557 4761 776 4825 πάντως
808 4762 955 4827 ἐντὸς
996 4762 1096 4831 τῆς
1141 4763 1385 4829 φύσεως,
1427 4766 1455 4816 ὁ
1493 4765 1552 4818 ὲν
1597 4768 1707 4829 τοῖς
1750 4764 1849 4817 ὑπὲ

1988 4784 2132 4823 nem.
2166 4762 2643 4824 Verumenimvero
2695 4769 2807 4823 haec
2859 4778 3107 4823 naturam
3159 4779 3539 4839 exsuperant:

312 4851 469 4916 φύσιν
493 4852 860 4923 γεγεννῆσθαι
886 4848 1333 4919 ἀποδεικνύμενς.

917 5094 1167 5146 ΚΕΦΑΛ.
1210 5093 1307 5147 1Δ’.

388 5249 489 5315 Τίς
529 5249 623 5308 οὖν
669 5256 817 5309 αἰτία
842 5297 857 5321 ,
894 5260 1025 5324 φησι
1048 5300 1061 5317 .
1093 5258 1187 5310 τοῦ
1234 5258 1367 5329 πρὸς
1401 5258 1499 5329 τὴν
1530 5260 1890 5329 ταπεινότητα

307 5340 523 5415 ταύτην
550 5346 860 5416 καταϐῆναι
889 5350 950 5402 τὸ
978 5350 1151 5413 Θεῖον,
1179 5350 1251 5413 ὡς
1284 5351 1585 5420 ἀμφίϐολον
1625 5347 1763 5405 εἶναι
1792 5353 1888 5423 τὴν

312 5433 499 5489 πίστιν
524 5474 543 5499 ,
592 5436 639 5488 εί
681 5436 812 5499 Θεὸς
844 5438 902 5491 τὸ
935 5438 1216 5510 ἀχώρητον
1262 5440 1351 5493 κα)⁵
1387 5441 1752 5513 ἀκατανόητον
1796 5444 1888 5496 καὶ

310 5523 687 5596 ἀνεκλάλητον
710 5528 963 5597 πρᾶγμα,
985 5527 1095 5601 [τῙὸ
1116 5530 1255 5601 ὑπὲρ
1288 5533 1465 5585 πᾶσαν
1494 5532 1648 5598 δόξαν
1679 5534 1770 5585 καὶ
1790 5536 1893 5587 πᾶ-

314 5631 413 5667 σαν
446 5617 852 5689 μεγαλειότητα
890 5620 967 5690 τῷ
1014 5622 1217 5674 εὐτελεῖ
1260 5622 1468 5695 ὲλύτρῳ
1506 5626 1602 5694 τῆς
1631 5626 1899 5699 ἀνθρωπί-

311 5720 413 5781 νης
440 5706 667 5779 φύσεως
700 5710 1123 5780 καταμίγνυται,
1151 5711 1225 5773 ὡς
1253 5714 1346 5767 καὶ
1372 5713 1469 5777 τὰς
1496 5714 1704 5789 ὑψηλᾲς
1738 5718 1892 5787 ἐνερ-

1993 4874 2123 4928 ergo
2159 4873 2257 4913 nec
2302 4859 2347 4913 is
2381 4859 2524 4913 intra
2556 4865 2805 4912 naturam
2858 4860 3191 4925 continetur,
3242 4860 3334 4931 qui
3387 4877 3550 4932 supra

1996 4958 2243 5003 naturam
2276 4950 2576 5003 ostenditur
2609 4949 2779 5004 fuisse
2810 4958 3121 5019 generatus.

2571 5106 2797 5160 CAPUT
2837 5107 2974 5161 XIV.

2066 5262 2323 5328 Qumnam
2372 5269 2456 5317 est
2484 5277 2632 5332 ergo,
2680 5263 2877 5332 inquit,
2913 5278 3100 5326 causa,
3147 5262 3292 5333 quod
3329 5260 3469 5315 Deus
3501 5278 3559 5315 se

1996 5354 2064 5407 ad
2090 5361 2295 5406 tantam
2321 5353 2602 5408 demiserit
2629 5354 3009 5415 humilitatem,
3039 5362 3096 5407 ut
3121 5354 3253 5407 ﬁdes
3281 5351 3352 5403 sit
3374 5350 3558 5417 dubia,

2003 5460 2070 5499 an
2113 5444 2254 5500 Deus
2280 5445 2371 5515 qui
2395 5453 2479 5499 est
2508 5461 2597 5500 res
2629 5462 2752 5514 qua:
2781 5461 2880 5500 nec
2908 5446 3047 5513 capi,
3077 5458 3174 5497 nec
3204 5448 3384 5497 mente
3410 5457 3561 5499 com-

2006 5535 2291 5606 prehendi,
2329 5551 2428 5589 nec
2459 5537 2639 5591 verbis
2668 5545 2842 5606 potest
2868 5532 3151 5602 explicari,
3185 5547 3306 5604 quae
3344 5547 3563 5589 omnem

2007 5635 2226 5693 superat
2253 5627 2562 5695 Opinionem
2595 5637 2647 5681 et
2675 5625 3110 5695 amplitudinem,
3164 5626 3462 5682 misceatur
3506 5630 3561 5680 in

2003 5716 2092 5769 vili
2122 5725 2172 5770 et
2202 5716 2411 5784 abiecto
2439 5717 2688 5769 humana:
2736 5722 2945 5769 naturae
2987 5715 3290 5786 involucro,
3340 5716 3474 5771 adeo
3508 5726 3564 5771 ut
