4006 6148
454 172 522 228 47
1679 179 1733 231 5.
1796 176 2004 232 GREG(

2106 180 2118 231 I
2177 177 2466 233 NYSS‘ENI
2575 243 2578 246 ,
3613 179 3682 234 48

453 290 685 346 excelsae
709 299 762 345 et
795 291 1056 346 sublimes
1106 291 1227 361 ejus
1280 293 1625 360 operationes
1687 294 1851 349 simul
1895 295 2004 349 red-

2117 294 2266 361 γείας
2293 294 2453 347 αὐτοῦ
2485 297 2546 364 τῇ
2577 293 2709 362 πρὸς
2741 293 2801 346 τὸ
2824 294 3076 348 ταπεινὸν
3100 293 3346 365 ἐπιμιξίᾳ
3382 297 3679 349 συνευτελί-

455 382 658 435 dantur
688 379 914 449 abjectaa
943 387 995 433 et
1022 379 1154 434 viles
1187 395 1314 434 cum
1358 382 1687 438 admistione
1715 382 1835 453 ejus
1869 383 2013 456 quod

454 479 540 528 est
566 471 834 542 abjectum
864 480 918 527 et
944 472 1184 526 humile?

1045 561 1274 618 CAPUT
1316 561 1432 620 XV.

521 652 688 709 Nobis
719 653 783 708 ad
816 653 930 708 haec
979 655 1204 709 minime
1248 655 1400 709 deest
1453 670 1572 724 quae
1608 653 1775 710 Deum
1825 655 2015 710 deceat

452 745 758 814 responsio.
791 743 1007 809 Quaeris
1029 759 1253 798 causam
1284 759 1382 798 cur
1415 743 1558 800 Deus
1583 746 1800 816 genitus
1828 747 1898 802 sit
1927 746 2014 798 in-

453 846 536 890 ter
567 836 849 890 homines?
884 835 941 888 Si
975 851 1004 887 a
1037 837 1147 888 vita
1166 835 1499 889 abstraxeris
1519 852 1638 905 qua:
1665 852 1694 890 a
1726 836 1835 891 Deo
1860 851 2014 891 acce-

454 934 542 992 pta
574 925 682 980 sint
710 923 994 984 beneﬁcia,
1027 923 1210 978 dicere
1229 939 1336 978 non
1369 925 1573 994 poteris
1593 941 1658 980 ex
1684 926 2013 995 quibusnam

454 1016 613 1070 rebus
649 1013 819 1069 Deum
847 1029 1129 1084 agnosces.
1160 1013 1236 1068 Ex
1275 1015 1342 1068 iis
1376 1016 1520 1070 enim
1551 1031 1669 1085 quae
1691 1017 2010 1085 accipimus,

451 1105 853 1159 benefactorem
894 1106 1270 1174 agnoscimus.
1302 1106 1380 1158 Ad
1413 1122 1474 1161 ea
1527 1109 1671 1161 enim
1727 1123 1846 1176 qua:
1878 1107 2011 1160 ﬁunt

451 1195 796 1264 aspicientes,
838 1209 932 1263 per
967 1210 1026 1248 ea
1068 1194 1185 1262 ejus
1217 1195 1308 1264 qui
1344 1196 1453 1265 agit
1501 1207 1752 1248 naturam
1794 1205 2012 1264 reputa-

452 1300 591 1337 nius.
629 1282 684 1336 Si
717 1297 846 1351 ergo
906 1284 1102 1338 diviuw
1143 1292 1350 1338 natura:
1399 1285 1659 1338 indicium
1708 1293 1760 1340 et
1799 1286 2010 1353 signum

452 1376 727 1445 proprium
785 1383 868 1429 est
927 1376 1298 1430 benevolentia
1332 1377 1384 1429 in
1421 1377 1690 1439 homines,
1725 1378 1889 1431 habes
1926 1392 2014 1430 ra-

451 1467 650 1520 tionem
687 1481 846 1536 quam
873 1468 1174 1536 quazrehas,
1213 1466 1382 1520 habes
1439 1482 1658 1520 causam
1718 1482 1815 1520 cur
1869 1467 2012 1521 Deus

451 1560 658 1613 venerit
686 1560 751 1613 ad
802 1560 1070 1615 homines.
1125 1557 1272 1628 Opus
1322 1560 1464 1612 enim
1525 1559 1757 1612 habebat
1802 1555 2011 1611 medico

2118 385 2304 448 ζεσθαι
2351 403 2362 446 ;

2706 559 2955 614 ΚΕΦΑΛ.
2988 561 3088 613 IE'.

2184 653 2300 707 Οὐκ
2347 651 2656 723 ἀποροῦμεν
2687 651 2825 723 πρὸς
2869 650 3024 704 τοῦτο
3068 650 3400 723 θεοπρεποῦς
3449 651 3681 723 ἀποκρί-

2116 762 2274 808 σεως.
2314 745 2503 813 Ζητείς
2540 743 2638 816 τὴν
2655 740 2829 797 αἰτίαν
2843 737 2934 792 τοῦ
2957 743 3310 812 γεγεννῆσθαι
3335 743 3466 795 Θεὸν
3494 746 3551 797 ὲν
3585 747 3678 797 ἀν⁹

2115 835 2383 906 θριτ›ποις;
2434 833 2558 886 Ἐἀν
2592 833 2797 906 ἀφέλῃς
2823 832 2916 886 τοῦ
2944 833 3057 903 βίου
3077 834 3174 897 τάς
3196 833 3378 887 θεόθεν
3418 836 3680 903 ἀπογενο-

2117 927 2284 996 μένας
2319 926 2658 997 εὐεργεσίας,
2689 927 2752 978 ὲκ
2780 926 2949 979 ποίων
2976 925 3253 996 ὲπιγνώσῃ
3300 927 3360 978 τὺ
3382 927 3554 989 Θεῖον,
3579 930 3682 981 ούκ

2117 1017 2182 1069 ἂν
2213 1019 2385 1069 εἰπεῖν
2407 1016 2570 1086 ἔχοις.
2619 1016 2735 1084 Ἀφ’
2775 1010 2848 1069 ὧν
2871 1017 2980 1087 γὰρ
3009 1018 3310 1087 πάσχομεν,
3341 1019 3450 1070 ἀπὸ
3475 1019 3678 1074 τούτων

2113 1107 2203 1159 τὸν
2231 1105 2524 1177 εὐεργέτην
2569 1106 3021 1176 ὲπιγινώσκομεν.
3058 1092 3200 1176 Πρὸς
3252 1107 3359 1178 γὰρ
3386 1108 3452 1160 τὰ
3500 1109 3681 1177 γιγνό-

2117 1216 2251 1266 μενα
2304 1198 2613 1266 βλέποντες,
2667 1198 2754 1250 διὰ
2808 1199 3010 1250 τούτων
3057 1197 3154 1266 τὴν
3199 1197 3293 1250 τοῦ
3333 1197 3680 1268 ἐνεργοῦντος

2114 1288 2538 1356 ἀναλογιζόμεθα
2585 1287 2765 1357 φύσιν.
2817 1289 2881 1341 Εἰ
2927 1285 3018 1342 οὖν
3070 1288 3199 1340 ἴδιον
3248 1287 3532 1359 γνώρισμα
3580 1290 3680 1359 τῆς

2114 1378 2261 1442 θείας
2296 1379 2507 1446 φύσεως
2545 1380 2576 1448 ἡ
2619 1377 3023 1448 φιλανθρωπία,
3071 1377 3214 1447 ἔχεις
3245 1379 3302 1431 ὃν
3339 1378 3678 1451 ὲπεζήτησας

2112 1469 2286 1537 λόγον,
2325 1469 2466 1538 ἔχεις
2513 1467 2608 1539 τὴν
2651 1469 2826 1522 αἰτίαν
2858 1470 2955 1539 τῆς
2985 1471 3042 1522 ὲν
3069 1469 3373 1538 ἀνθρώποις
3419 1471 3512 1523 τοῦ
3543 1473 3676 1526 Θεοῦ

2114 1560 2432 1629 παρουσίας.
2489 1560 2684 1612 Ἐδείτο
2725 1561 2834 1629 γὰρ
2888 1559 2982 1612 τοῦ
3034 1559 3371 1629 ἰατρεύοντος
3429 1564 3461 1632 ἠ
3519 1563 3676 1631 φύσις

450 1658 642 1705 natura
672 1659 881 1715 nostra,
921 1666 1041 1721 qua:
1075 1651 1262 1704 morbo
1297 1650 1599 1704 laborabat.
1661 1650 1808 1719 Opus
1842 1650 2004 1704 habe-

2109 1651 2262 1719 ἡμῶν
2293 1650 2654 1720 ἀσθενήσασα.
2708 1651 2906 1703 Ἐδείτο
2927 1649 3020 1702 τοῦ
3050 1651 3421 1723 ἀνορθοῦντος,
3449 1655 3477 1705 ό
3511 1656 3566 1706 ἑν
3597 1653 3676 1722 τῷ

451 1741 546 1793 hat
584 1755 650 1794 eo
685 1740 777 1810 qui
811 1741 1064 1809 erigeret,
1093 1740 1256 1792 homo
1281 1739 1372 1808 qui
1405 1739 1696 1792 ceciderat.
1733 1739 1880 1807 Opus
1913 1739 2007 1790 ha-

453 1830 610 1884 bebat
638 1846 702 1886 eo
734 1831 826 1902 qui
858 1830 1175 1895 viviﬁcaret,
1210 1832 1300 1900 qui
1337 1845 1365 1883 a
1395 1833 1499 1884 vita
1531 1831 1828 1886 exciderat.
1859 1829 2006 1898 Opus

447 1924 681 1979 habebat
712 1939 776 1978 eo
810 1924 901 1993 qui
929 1925 993 1978 ad
1021 1925 1220 1978 bonum
1252 1922 1552 1988 reduceret,
1584 1921 1677 1992 qui
1708 1921 2007 1976 deﬂuxerat

445 2031 474 2070 a
500 2016 628 2070 boni
661 2014 1096 2084 participatione.
1137 2012 1340 2083 Egebat
1373 2014 1512 2069 lucis
1559 2014 1865 2083 praesentia,
1913 2015 2006 2083 qui

444 2114 564 2158 erat
605 2106 852 2158 inclusus
882 2103 935 2156 in
985 2102 1244 2155 tenebris.
1279 2101 1568 2167 Quaerebat
1600 2103 2003 2171 redemptorem

449 2196 718 2266 captivus,
767 2195 1074 2263 adjutorem
1107 2194 1342 2255 vinctus,
1409 2193 1756 2248 liberatorem
1813 2192 1859 2246 is
1912 2192 2005 2262 qui

440 2289 573 2356 jugo
609 2285 960 2358 premebatur
993 2284 1291 2342 servitutis.
1348 2283 1545 2338 Haecne
1597 2291 1724 2339 sunt
1758 2299 1923 2354 parva
1953 2293 2006 2339 et

447 2381 667 2448 indigna
695 2394 814 2448 qua:
852 2378 1020 2432 Deum
1056 2386 1326 2443 moveant,
1360 2388 1417 2431 ut
1451 2378 1742 2433 descendat
1787 2379 1853 2431 ad
1905 2380 2006 2432 hu-

446 2487 662 2524 manam
698 2478 950 2524 naturam
980 2468 1326 2529 visitandam,
1362 2483 1484 2522 cum
1526 2469 1658 2522 adeo
1715 2468 2007 2523 infeliciter

448 2572 502 2618 et
527 2559 914 2614 miserabiliter
947 2557 1136 2612 aﬁ‘ecta
1173 2564 1319 2630 esset
1344 2557 1706 2611 humanitas?
1738 2557 1807 2610 At
1853 2565 2004 2626 pote-

445 2661 549 2712 rat,
588 2650 784 2719 inquit,
822 2655 872 2703 et
900 2648 1064 2702 homo
1102 2649 1364 2704 beneﬁcio
1401 2648 1557 2711 allici,
1597 2656 1651 2703 et
1682 2647 1826 2704 Deus
1882 2665 2002 2702 nia-

446 2757 575 2796 nere
606 2742 659 2795 in
691 2741 1116 2808 impatibilitatc.
1150 2740 1253 2806 Qui
1284 2742 1426 2795 enim
1463 2742 1872 2796 universitatem
1905 2755 2002 2794 vo-

445 2835 658 2887 luntate
691 2831 960 2895 condidit,
999 2841 1051 2885 et
1084 2834 1226 2901 quod
1259 2846 1365 2886 non
1398 2839 1513 2886 erat
1547 2831 1672 2885 fecit
1701 2830 2003 2885 consistere

443 2925 560 2977 solo
584 2932 725 2977 nutu
760 2931 813 2978 et
843 2932 1118 2978 momento
1153 2923 1467 2986 voluntatis,
1509 2938 1610 2976 cur
1659 2938 1769 2977 non
1816 2921 2001 2976 divina

442 3014 622 3083 aliqua
659 3013 988 3068 auctoritate
1009 3021 1063 3069 et
1094 3013 1320 3084 imperio
1349 3028 1378 3066 a
1408 3014 1684 3068 contraria
1732 3020 2003 3084 potestate

440 3106 692 3160 avulsum
723 3105 997 3159 hominem
1046 3104 1268 3160 deducit
1298 3105 1365 3159 ad
1395 3121 1516 3162 eum
1542 3112 1742 3160 statum
1777 3106 1870 3175 qui
1900 3105 2003 3158 fuit

444 3198 515 3249 ab
551 3196 728 3264 initio,
762 3196 806 3251 si
840 3196 944 3250 hoc
972 3196 1020 3250 ei
1064 3195 1283 3250 lubebat
1317 3212 1332 3260 ;
1375 3194 1469 3249 sed
1501 3196 1692 3265 longos
1727 3195 1840 3248 obit
1893 3195 2003 3248 cir-

442 3285 647 3349 cuitus,
675 3285 927 3362 corporis
956 3290 1208 3336 naturam
1244 3283 1489 3348 subiens,
1549 3294 1601 3336 et
1631 3298 1725 3351 per
1775 3298 2003 3352 genera-

442 3377 646 3430 tionem
714 3374 781 3429 ad
821 3374 986 3427 vitam
1023 3373 1310 3439 accedens,
1360 3384 1414 3428 et
1468 3381 1868 3444 consequenter
1909 3389 2005 3444 per

441 3481 658 3520 omnem
690 3466 964 3520 transiens
1007 3471 1240 3527 atatem,
1271 3471 1324 3517 et
1363 3464 1558 3519 deinde
1619 3467 1889 3531 moriens,
1951 3477 2000 3521 et

442 3560 512 3610 ita
553 3571 650 3626 per
684 3571 842 3611 suum
875 3570 1074 3623 corpus
1108 3569 1370 3626 peragens
1394 3570 1616 3626 sc0pum
1650 3559 2003 3612 resurrectio-

443 3653 569 3705 nis:
607 3651 831 3720 perinde
884 3658 1045 3719 atque
1085 3651 1128 3702 si
1161 3649 1210 3704 ei
1263 3666 1370 3703 non
1427 3651 1616 3705 liceret
1676 3655 1915 3706 manenti
1946 3652 2002 3706 in

441 3745 639 3796 divinae
669 3744 855 3813 gloriae
889 3742 1195 3804 altitudine,
1246 3741 1404 3810 jussu
1453 3757 1670 3797 servare
1703 3743 1998 3807 hominem,

440 3834 632 3901 jubere
665 3842 842 3886 autem
879 3833 1057 3886 valere
1087 3831 1356 3900 ejusmodi
1410 3833 1720 3888 circuitus?
1766 3832 2002 3888 Necesse

442 3932 525 3979 cst
577 3939 706 3993 ergo
770 3923 1038 3991 ejusmodi
1095 3923 1496 3993 objectionibus
1534 3925 1698 3979 etiam
1757 3934 1999 3979 nostram

441 4015 682 4084 objicere
717 4015 1024 4075 veritatem,
1079 4020 1138 4067 ut
1183 4015 1333 4068 nulla
1390 4030 1449 4070 re
1487 4015 1817 4085 impediatur
1866 4014 2001 4070 ﬁdes

441 4123 650 4171 eorum,
682 4107 772 4176 qui
800 4103 1162 4161 examinanda
1193 4113 1442 4175 quaerunt
1475 4107 1697 4160 verbum
1734 4105 1998 4175 mysterii.

442 4199 680 4254 Primum
734 4198 878 4266 ideo,
908 4197 1054 4269 quod
1089 4213 1254 4268 supra
1279 4197 1393 4266 jam
1450 4197 1851 4267 quodammodo
1883 4197 1998 4252 dis-

2109 1744 2360 1811 πτώματι
2407 1741 2711 1812 ἄνθρωπος.
2775 1741 2974 1794 Ἐδείτο
3026 1741 3121 1794 τοῦ
3177 1742 3589 1806 ζωοποιοῦντος,
3645 1748 3676 1797 ὁ

2107 1831 2437 1902 ὲφαμαρτὼν
2486 1835 2584 1902 τῆς
2620 1833 2785 1901 ζωῆς.
2824 1833 3025 1886 Ἐδεῖτο
3056 1831 3151 1884 τοῦ
3189 1831 3323 1904 πρὸς
3353 1832 3413 1885 τὸ
3470 1834 3674 1901 ἀγαθὸν

2107 1923 2502 1990 ὲπανάγοντος,
2541 1926 2569 1977 ὁ
2617 1925 2915 1994 ἀπορρυεὶς
2961 1925 3057 1994 τῆς
3109 1925 3200 1978 τοῦ
3235 1924 3438 1991 ἀγαθοῦ
3487 1943 3671 1993 μετουο

2109 2016 2247 2079 σίας.
2281 2017 2514 2087 ’Έχρῃξε
2546 2017 2644 2085 τῆς
2673 2016 2764 2068 τοῦ
2809 2017 2985 2083 φωτὸς
3021 2017 3342 2086 παρουσίας,
3389 2018 3417 2069 ὁ
3453 2017 3675 2087 καθειρ-

2107 2105 2303 2174 γμένος
2333 2107 2409 2176 τῷ
2446 2106 2641 2158 σκότει.
2688 2105 2897 2175 Ἐςὴτει
2925 2107 3015 2159 τὸν
3043 2107 3317 2177 λυτρωτὴν
3344 2107 3372 2158 ὁ
3399 2107 3676 2175 αἰχμάλω-

2107 2212 2195 2258 τος
2218 2235 2233 2260 ,
2275 2194 2366 2246 τὸν
2411 2195 2808 2266 συναγωνιστὴν
2845 2198 2874 2249 ό
2905 2195 3219 2266 δεσμώτης,
3254 2197 3344 2249 τὸν
3378 2197 3673 2267 ἐλευθερω-

2105 2287 2200 2354 τὴν
2255 2286 2284 2338 ὁ
2332 2285 2409 2355 τῷ
2458 2285 2605 2355 ζυγῷ
2659 2286 2757 2354 τῆς
2802 2286 3041 2349 δουλείας
3094 2289 3474 2357 κατεχόμενος.
3526 2283 3673 2357 Ἀρα

2109 2375 2276 2446 μικρά
2305 2375 2474 2427 ταῦτα
2507 2376 2599 2426 καὶ
2629 2376 2818 2439 ἀνάξια
2858 2376 2947 2429 τὸν
2995 2377 3124 2429 Θεὸν
3176 2378 3492 2446 δυσωπῆσαι
3535 2379 3670 2447 πρὸς

2105 2465 2388 2533 ἐπίσκεψιν
2430 2467 2526 2536 τῆς
2576 2465 2917 2537 ἀνθρωπίνης
2966 2467 3177 2534 φύσεως
3211 2469 3542 2538 καταϐῆναι,
3575 2468 3669 2522 οῦ-

2104 2573 2212 2619 τως
2262 2556 2508 2619 ἐλεεινῶς
2555 2558 2649 2609 καὶ
2711 2557 2907 2620 ἀθλίως
2952 2559 3050 2628 τῆς
3105 2560 3516 2630 ἀνθρωπότητος
3565 2559 3672 2612 δια-

2106 2643 2395 2712 κειμένης;
2439 2643 2576 2696 Ἀλλ’
2605 2642 2748 2714 ἐξῆν,
2780 2646 2940 2715 φησὶ,
2984 2648 3076 2700 καὶ
3123 2647 3545 2718 εὐεργετηθῆναι
3578 2649 3668 2701 τὸν

2104 2732 2420 2804 ἄνθρωπον,
2479 2736 2573 2788 καὶ
2634 2737 2692 2788 ὲν
2741 2737 2977 2809 ἀπαθείᾳ
3031 2739 3114 2794 τὸν
3172 2741 3302 2793 Θεὸν
3375 2741 3666 2811 διαμεῖναι.

2118 2823 2174 2876 ’0
2229 2825 2336 2893 γάρ
2386 2823 2463 2894 τῷ
2507 2825 2803 2897 βουλήματι
2855 2828 2916 2880 τὸ
2954 2832 3062 2882 πᾶν
3105 2832 3535 2901 συστησάμενος,
3573 2833 3669 2886 καὶ

2105 2916 2164 2968 τὸ
2213 2917 2286 2986 μὴ
2319 2916 2377 2971 ὃν
2427 2919 2736 2990 ὑποστήσας
2785 2921 2842 2972 ὲν
2893 2922 3026 2992 μόνῃ
3063 2924 3126 2992 τῇ
3174 2907 3320 2993 ὁρμῇ
3366 2923 3458 2976 τοῦ
3507 2925 3668 2996 θελή-

2110 3024 2296 3077 ματος,
2319 3009 2370 3062 τί
2393 3010 2512 3079 οὐχὶ
2543 3010 2636 3063 καὶ
2660 3011 2749 3063 τὸν
2770 3011 3052 3081 ἄνθρωπον
3080 3013 3146 3065 δι’
3176 3014 3496 3084 αὑθεντικῆς
3526 3033 3670 3080 τινος

2107 3100 2197 3152 καὶ
2225 3099 2411 3170 θεῖκῆς
2440 3099 2685 3165 ἐξουσίας
2705 3101 2805 3171 τῆς
2833 3103 3082 3166 ἐναντίας
3107 3103 3388 3174 δυνάμεως
3420 3107 3672 3160 ἀποσπά-

2109 3207 2234 3253 σας,
2265 3189 2398 3261 πρδς
2428 3191 2525 3261 τὴν
2553 3191 2610 3258 ἐξ
2649 3193 2824 3263 ἀρχῆς
2868 3195 2989 3262 ἄγει
3035 3195 3385 3261 κατάστασιν,
3429 3198 3476 3248 εί
3513 3197 3671 3251 τοῦτο

2107 3280 2258 3349 φίλον
2304 3280 2486 3351 αὐτῷ’
2529 3281 2663 3335 ἀλλὰ
2723 3283 2940 3355 μακρὰς
2990 3287 3334 3356 περιέρχεται
3387 3288 3670 3357 περιόδους

2108 3373 2373 3444 σώματος,
2413 3374 2778 3447 ὑπερχόμενος
2807 3376 2986 3446 φύσιν,
3005 3381 3099 3436 καὶ⁵
3113 3377 3196 3430 διὰ
3211 3379 3505 3448 γεννήσεως
3529 3402 3672 3453 παρ-

2111 3468 2205 3520 ιὼν
2243 3472 2322 3533 εἰς
2356 3470 2446 3522 τὸν
2493 3466 2604 3536 βίον
2625 3507 2638 3530 ,
2677 3466 2769 3521 καὶ
2799 3469 2977 3519 πᾶσαν
3009 3465 3315 3530 ἀκολούθως
3348 3467 3559 3536 ἠλικίαν
3585 3469 3667 3520 δι-

2105 3551 2412 3622 εξιὼν,εῑτα
2439 3556 2666 3610 θανάτου
2701 3558 3009 3628 γευόμενος,
3033 3558 3124 3611 καὶ
3147 3557 3316 3621 οὕτως
3343 3558 3429 3611 διὰ
3451 3563 3546 3630 τῆς
3571 3560 3667 3613 τοῦ

2107 3647 2237 3700 ίδίου
2284 3647 2532 3718 σώματος
2569 3650 2913 3713 ἀναστάσεως
2951 3651 3042 3703 τὸν
3089 3652 3288 3705 σκοπὸν
3336 3652 3545 3704 ἀνύων·
3591 3651 3667 3714 ὡς

2103 3743 2201 3794 οὐκ
2230 3740 2348 3805 ἐξὸν
2379 3739 2525 3810 αὐτῷ
2560 3741 2769 3811 μένοντι
2812 3744 2902 3796 ἐπὶ
2943 3743 3035 3795 τοῦ
3065 3741 3354 3814 ὕψουςτῆς
3386 3741 3541 3814 δόξης
3578 3742 3666 3796 διά

2104 3834 2518 3903 προστάγματος
2555 3835 2722 3886 σῶσαι
2756 3835 2844 3886 τὸν
2876 3834 3177 3904 ἄνθρωπον,
3209 3835 3308 3898 τὰς
3337 3837 3392 3888 δὲ
3413 3836 3666 3898 τοιαύτας

2105 3924 2380 3994 περιόδους
2421 3926 2629 3996 χαίρειν
2669 3927 2862 3990 ὲὰσαι;
2917 3927 3122 3980 Οὐκοῦν
3160 3929 3370 4000 ἀνάγκη
3410 3930 3502 3981 καὶ
3544 3932 3669 3991 ταῖς

2101 4017 2373 4080 τοιαύταις
2401 4019 2507 4070 τῶν
2534 4018 2856 4090 ἀντιθέσεων
2877 4019 3326 4088 ἀντικαταστῆναι
3352 4021 3478 4089 παρ’
3508 4019 3667 4088 ἡμῶν

2101 4105 2197 4176 τὴν
2226 4109 2497 4179 ἀλήθειαν,
2531 4110 2604 4173 ὡς
2645 4111 2708 4171 ἂν
2737 4110 2824 4162 διὰ
2856 4111 3079 4180 μηδενὸς
3105 4113 3136 4179 ἡ
3179 4111 3360 4173 πίστις
3385 4111 3665 4170 κωλύοιτο.

2100 4195 2208 4247 τῶν
2236 4196 2592 4261 ἐξεταστικῶς
2635 4199 2938 4269 ζητούντων
2973 4201 3066 4250 τοῦ
3121 4199 3415 4269 μυστηρίου
3446 4199 3535 4251 τὸν
3575 4200 3666 4251 λό-

440 4306 659 4346 cussum
723 4299 826 4356 est,
867 4291 1299 4352 consideremus,
1327 4289 1583 4357 quidnam
1643 4287 1830 4342 virtuti
1876 4296 1997 4342 tan-

2106 4305 2211 4356 γον.
2248 4289 2465 4359 Πρῶτον
2507 4291 2603 4360 μὲν
2629 4287 2720 4344 οὖν
2746 4294 2878 4363 ὅπερ
2917 4293 3009 4345 καὶ
3039 4295 3096 4344 ἐν
3116 4294 3228 4353 τοῖς
3265 4291 3532 4360 φθάσασιν
3565 4293 3665 4362 ἤδη

438 4395 599 4450 quam
638 4379 968 4434 contrarium
993 4386 1318 4450 opponatur.
1348 4377 1507 4432 Certe
1537 4376 1996 4446 quemadmodum

441 4473 676 4527 tenebrae
711 4472 934 4538 lumini,
975 4488 1125 4527 mors
1150 4470 1296 4535 vitae,
1334 4469 1407 4523 ita
1441 4467 1628 4521 virtuti
1667 4483 1884 4538 quoque
1918 4470 1999 4524 vi-

440 4565 596 4629 tium,
625 4579 724 4618 nec
751 4563 895 4616 aliud
920 4562 1214 4631 quidquam
1238 4560 1570 4615 contrarium
1597 4569 1700 4614 est.
1733 4559 1798 4614 Ut
1832 4563 1998 4624 enim,

441 4671 562 4707 cum
597 4655 768 4707 multa
795 4653 905 4708 sint
937 4667 1056 4721 qua:
1083 4649 1500 4705 considerantur
1539 4650 1592 4702 in
1614 4657 1882 4712 creatura,
1918 4651 2002 4704 ni—

443 4746 515 4800 hil
548 4745 695 4799 aliud
724 4762 789 4800 ex
828 4744 1059 4798 adverso
1092 4741 1446 4810 distinguitur
1477 4757 1504 4792 a
1532 4742 1652 4795 luce
1686 4752 1779 4794 aut
1811 4759 1839 4796 a
1866 4743 1997 4804 vita,

441 4854 550 4891 non
587 4838 749 4906 lapis,
781 4851 890 4889 non
927 4835 1152 4904 lignum,
1203 4849 1310 4886 non
1341 4847 1499 4900 aqua,
1550 4850 1658 4887 non
1692 4834 1871 4896 homo,
1904 4851 2000 4889 ne-

439 4943 544 4995 que
573 4926 778 4995 aliquid
815 4925 962 4978 aliud
997 4941 1062 4978 cx
1101 4925 1168 4978 iis
1202 4940 1322 4994 qua:
1357 4934 1504 4988 sunt,
1546 4937 1904 4996 prmterquatn
1936 4943 2000 4981 ea

439 5035 559 5089 quae
599 5018 820 5088 proprie
857 5017 1234 5088 intelliguntur
1271 5032 1335 5071 ex
1377 5023 1673 5081 contrario,
1705 5029 1890 5089 utpote
1921 5030 2000 5073 te-

441 5114 622 5167 nebra-
651 5117 704 5163 ct
733 5124 881 5164 mors
917 5109 1026 5162 :ita
1062 5111 1222 5164 etiam
1268 5110 1320 5162 in
1352 5110 1570 5173 virtute,
1606 5125 1765 5164 nemo
1802 5110 2002 5164 dixerit

441 5205 604 5256 ullam
633 5208 940 5255 creaturam
977 5202 1201 5273 intelligi
1227 5218 1345 5256 csse
1372 5202 1418 5256 ei
1466 5204 1821 5264 contrariam,
1866 5217 2002 5270 pra:-

439 5306 684 5362 terquaut
719 5292 773 5346 id
821 5291 966 5363 quod
1006 5302 1185 5348 mente
1235 5293 1543 5362 concipitur
1601 5308 1667 5346 ex
1737 5292 1886 5346 vitio.
1944 5291 2000 5347 Si

437 5400 568 5454 ergo
598 5387 651 5439 in
679 5386 812 5440 vitio
841 5386 1062 5456 quidem
1103 5397 1441 5440 natum'esse
1473 5382 1639 5438 Deum
1677 5393 1866 5437 nostra
1915 5400 2003 5437 as-

437 5491 645 5533 sereret
697 5479 892 5543 oratio,
923 5487 1229 5548 opportune
1285 5482 1468 5546 posset
1507 5477 1599 5544 qui
1653 5475 1998 5539 contradicit,

435 5579 680 5628 nostram
712 5571 971 5628 insectari
994 5570 1177 5635 ﬁdem,
1204 5578 1265 5624 ut
1293 5568 1385 5635 qui
1408 5582 1470 5622 ea
1494 5568 1846 5632 opinarentur
1879 5585 2000 5638 quae

2104 4380 2341 4451 μετρίως
2371 4382 2678 4453 ἐξήτασται,
2716 4385 2770 4437 τί
2817 4388 2880 4455 τῇ
2932 4387 3099 4456 ἀρετῇ
3140 4384 3280 4438 κατὰ
3316 4385 3375 4437 τὸ
3428 4385 3668 4437 ἐναντίον

2101 4472 2454 4545 καθέστηκεν,
2488 4475 2928 4546 ἐπισκεψώμεθα.
2967 4478 3055 4539 Ὠς
3080 4476 3218 4546 φωτὶ
3243 4476 3431 4538 σκότος
3456 4475 3550 4527 καὶ
3574 4475 3668 4528 θά·

2102 4581 2257 4628 νατος
2278 4568 2344 4637 τῇ
2378 4565 2511 4637 ζωῇ,
2545 4566 2686 4620 οὓτω
2712 4567 2806 4619 καὶ
2838 4571 2904 4638 τῇ
2945 4569 3111 4639 κακίᾳ
3140 4568 3171 4637 ή
3215 4567 3381 4636 ἀρετὴ
3405 4566 3664 4636 δηλονότι,

2102 4657 2194 4711 καὶ
2223 4657 2372 4710 οὐδὲν
2405 4659 2554 4728 παρά
2577 4659 2778 4730 ταύτην
2801 4660 3003 4728 ἕτερον.
3037 4659 3300 4729 Καθάπερ
3328 4658 3434 4728 γὰρ
3458 4658 3670 4711 πολλῶν

2099 4748 2266 4801 ὄντων
2285 4751 2389 4802 τῶν
2411 4752 2466 4802 ὲν
2489 4753 2551 4820 τῇ
2576 4751 2747 4803 κτίσει
2777 4751 3182 4822 θεωρουμένων,
3206 4750 3357 4802 οὐδὲν
3381 4750 3505 4802 ἄλλο
3535 4750 3671 4819 πρὶς

2100 4840 2160 4891 τὸ
2193 4840 2355 4909 φῶςῆ
2379 4841 2476 4910 τὴν
2502 4840 2643 4910 ζωὴν
2661 4841 2754 4910 τὴν
2783 4841 3162 4915 ἀντιδιαίρεσιν
3187 4840 3316 4908 ἔχει,
3337 4840 3396 4890 ού
3420 4839 3582 4899 λίθος,
3607 4839 3667 4889 οὐ

2103 4928 2274 4990 ξύλον,
2303 4931 2398 4998 οὐχ
2415 4929 2574 4996 ὓδωρ,
2601 4931 2697 4982 οὐκ
2719 4931 3019 5000 ἄνθρωπος,
3047 4931 3143 4980 οὐκ
3160 4928 3285 4982 ἄλλο
3307 4945 3358 4979 τι
3374 4927 3478 4978 τῶν
3501 4926 3671 4978 ὄντων

2100 5019 2268 5082 οὐδὲν,
2303 5020 2438 5089 πλὴν
2478 5021 2617 5084 ίδίως
2640 5021 2708 5074 τά
2739 5022 2878 5075 κατά
2904 5021 2962 5072 τὸ
2995 5020 3230 5073 ἐναντίον
3252 5018 3533 5086 νοούμενα,
3560 5009 3670 5066 οἷον

2105 5110 2290 5173 σκότος
2328 5112 2419 5163 καὶ
2466 5111 2722 5177 θάνατος·
2770 5113 2913 5166 οῦτω
2953 5115 3043 5167 καὶ
3076 5113 3166 5164 ἐπὶ
3202 5112 3298 5180 τῆς
3330 5110 3527 5180 ἀρετῆς
3568 5109 3670 5160 οὐκ

2102 5198 2166 5252 ἄν
2196 5217 2277 5262 τις
2317 5202 2487 5254 κτίσιν
2528 5203 2645 5255 τινὰ
2695 5208 2833 5255 κατά
2869 5203 2928 5254 τὸ
2978 5201 3216 5254 ἐναντίον
3260 5201 3393 5270 αὐτῇ
3434 5196 3670 5249 νοεῖσθαι

2102 5290 2267 5358 λέγοι,
2296 5293 2431 5363 πλὴν
2469 5292 2528 5344 τὸ
2562 5294 2702 5346 κατά
2731 5294 2925 5346 κακίαν
2956 5293 3150 5361 νόημα.
3179 5290 3385 5344 Οὐκοῦν
3416 5292 3461 5341 εί
3493 5289 3591 5358 μὲν
3614 5290 3672 5340 ἐν

2102 5383 2267 5455 κακίᾳ
2291 5385 2609 5453 γεγενῆσθαι
2635 5384 2693 5435 τὸ
2723 5384 2878 5436 Θεῖον
2907 5385 2934 5436 ὁ
2966 5383 3228 5453 ἡμέτερος
3260 5379 3555 5452 ἐπρέσϐευε
3587 5380 3675 5434 λό-

2102 5494 2217 5544 γος,
2251 5475 2439 5544 καιρὸν
2470 5475 2534 5528 ἂν
2569 5471 2710 5545 εἶχεν
2743 5477 2770 5528 ὁ
2807 5475 3100 5542 ἀντιλέγων
3132 5472 3488 5542 κατατρέχειν
3515 5473 3675 5540 ἡμῶν

2102 5569 2199 5638 τῆς
2249 5568 2510 5632 πίστεως,
2544 5567 2619 5630 ὼς
2651 5567 2967 5639 ἀνάρμοστά
3019 5583 3078 5620 τε
3114 5565 3207 5620 καὶ
3263 5563 3674 5634 ἀπεμφαίνοντα
