4006 6148
310 375 370 429 ιθ
1509 379 1768 436 ORATIO
1792 374 2292 433 CATECHETICA.
3454 378 3529 434 50'

311 490 421 564 περὶ
449 493 543 562 τῆς
569 492 718 556 Θείας
749 492 961 562 φύσεως
988 493 1334 562 δοξαζόντων.
1364 495 1438 549 Ού
1466 497 1573 567 γὰρ
1603 498 1664 569 δὴ
1703 498 1850 569 θεμι-

1962 495 2159 550 divinae
2217 500 2428 548 naturae
2469 491 2696 549 minime
2747 499 3052 566 congruant
3084 499 3139 552 et
3170 494 3519 555 conveniant.

310 584 385 638 τὸν
412 579 475 654 ῆν
497 580 592 652 τὴν
617 583 942 651 αὐτοσοφίαν
963 585 1051 637 καλ
1074 585 1386 657 ἀγαθότητα
1409 588 1500 640 καὶ
1528 587 1855 659 ἀφθαρσίαν,

309 678 385 730 καὶ
406 675 458 728 εἴ
485 693 535 728 τι
567 675 769 745 ὑψηλόν
803 677 918 728 ἐστι
964 677 1144 746 νόημά
1183 695 1242 730 τε
1278 680 1370 730 καὶ
1398 679 1586 749 ὄνομα,
1630 680 1766 750 πρὸς
1799 681 1858 733 τὸ

308 769 524 821 ἐναντίον
558 769 1042 838 μεταπεπτωκέναι
1070 769 1265 837 λέγειν.
1305 772 1367 824 Εἰ
1410 767 1501 824 οὖν
1529 771 1662 834 Θεὸς
1697 771 1792 841 μὲν
1823 774 1855 841 ὴ

306 859 488 928 ἀληθὴς
535 859 736 929 ἀρετή·
783 858 944 927 φύσις
986 859 1042 912 δέ
1081 879 1166 925 τις
1209 862 1307 914 οὐκ
1349 862 1756 933 ἀντιδιαιρείται
1789 866 1854 932 τῇ

306 953 450 1022 ἀρετῇ
479 991 494 1014 ,
536 951 670 1004 ἀλλά
719 952 913 1004 κακία·
945 951 1076 1016 Θεὸς
1101 953 1157 1006 δὲ
1197 955 1294 1006 οὐκ
1333 955 1389 1006 ἐν
1423 954 1618 1024 κακίᾳ,
1648 955 1762 1008 ἀλλ’
1799 957 1856 1009 ἐν

304 1041 571 1112 ἀνθρώπου
613 1042 821 1109 γίνεται
850 1042 1007 1112 φύσει
1028 1059 1042 1074 ο
1087 1043 1242 1112 μόνον
1287 1044 1341 1096 δὲ
1371 1044 1614 1113 ἀπρεπὲς
1648 1045 1741 1098 καὶ
1771 1045 1858 1098 αἰο

308 1135 453 1203 σχρὸν
477 1134 536 1185 τὸ
567 1134 710 1186 κατά
738 1134 935 1187 κακίαν
962 1135 1150 1200 πάθος,
1185 1137 1242 1188 ἐν
1261 1128 1306 1204 ᾧ
1335 1136 1458 1189 οὔτε
1484 1137 1673 1204 γέγονε
1703 1137 1852 1201 Θεὸς,

305 1225 409 1277 οὔτε
436 1224 528 1277 τοῦ
561 1224 814 1293 γενέσθαι
838 1225 998 1293 φύσιν
1031 1226 1144 1296 ἔχει
1167 1243 1180 1257 ·
1230 1226 1282 1278 τί
1313 1227 1732 1297 ἐπαισχύνονται
1757 1228 1855 1297 τὴν

301 1317 571 1386 ὁμολογίαν
607 1315 703 1369 τοῦ
740 1317 873 1370 Θεὸν
915 1317 1263 1390 ἀνθρωπίνης
1312 1318 1555 1388 ἅψασθαι
1601 1319 1851 1387 φύσεως,

301 1409 537 1477 οὐδεμιᾶς
569 1408 938 1478 ἐναντιότητος
972 1410 1047 1472 ὼς
1078 1410 1213 1480 πρὸς
1245 1411 1334 1462 τὸν
1355 1410 1456 1480 τῆς
1478 1409 1679 1481 ἀρετῆς
1700 1410 1854 1477 λόγον

304 1501 354 1552 ἐν
388 1503 444 1569 τῇ
478 1502 787 1571 κατασκευῇ
818 1499 914 1553 τοῦ
948 1500 1234 1571 ἀνθρώπου
1267 1502 1686 1572 θεωρουμένης;
1717 1500 1853 1554 Ούτε

303 1590 396 1662 γάρ
423 1591 480 1643 τὸ
510 1591 749 1659 λογικὸν,
779 1590 901 1644 οὔτε
921 1593 981 1645 τὸ
1004 1593 1364 1664 διανοητικὸν,
1392 1592 1515 1646 οὗτε
1539 1593 1599 1646 τὸ
1628 1594 1856 1662 ἐπιστή-

303 1700 396 1752 μης
423 1683 688 1745 δεκτικὸν,
712 1681 833 1736 οὔτε
866 1683 992 1736 ἄλλο
1031 1683 1286 1747 τοιοῦτον,
1318 1683 1345 1736 ὃ
1378 1687 1476 1754 τῆς
1509 1683 1853 1754 ἀνθρωπίνης

301 1774 413 1827 ἴδιον
444 1774 632 1836 οὐσίας
653 1775 787 1839 ἐστὶ,
811 1774 889 1844 τῷ
916 1773 1058 1843 λόγῳ
1089 1775 1189 1845 τῆς
1213 1776 1412 1846 ἀρετῆς
1437 1774 1775 1843 ἡναντίωται.

853 2049 1108 2102 ΚΕΦΑΛ.
1152 2049 1265 2116 ις’.

359 2141 472 2194 Ἀλλ
496 2139 661 2210 αὑτὴ,
715 2139 896 2209 φησὶν,
927 2142 960 2210 ἡ
989 2140 1162 2211 τροπὴ
1192 2139 1282 2192 τοῦ
1310 2141 1578 2212 ἡμετέρου
1606 2141 1853 2210 σώματος

292 2230 447 2293 πάθος
478 2231 652 2282 ἐστίν.
700 2231 756 2283 Ὀ
789 2230 845 2282 δὲ
883 2231 940 2281 ἐν
966 2230 1140 2300 τούτῳ
1171 2230 1412 2299 γεγονὼς
1431 2271 1445 2293 ,
1475 2234 1533 2284 ἐν
1578 2231 1741 2284 πάθει
1769 2232 1854 2298 γί-

292 2339 462 2375 νεται·
495 2323 713 2387 ἀπαθὲς
759 2323 816 2376 δὲ
855 2323 915 2376 τὸ
947 2322 1122 2376 Θείον.
1172 2322 1380 2375 Οὐκοῦν
1430 2322 1683 2392 ἀλλοτρία
1726 2321 1854 2390 περὶ

288 2411 409 2465 Θεοῦ
440 2415 472 2483 ἡ
507 2412 812 2484 ὑπόληψις,
865 2412 1020 2482 εἴπερ
1046 2411 1136 2464 τὸν
1163 2409 1346 2482 ἀπαθῆ
1383 2409 1524 2464 κατά
1574 2409 1672 2479 τὴν
1694 2409 1852 2479 φύσιν

289 2505 411 2574 πρὸς
440 2506 732 2559 κοινωνίαν
758 2503 961 2567 πάθους
990 2502 1162 2556 ἐλθεῖν
1193 2501 1536 2574 διορίζονται.
1576 2501 1735 2554 Ἀλλά
1759 2502 1852 2555 καὶ

286 2596 409 2666 πρὸς
437 2597 616 2650 ταῦτα
665 2596 826 2650 πάλιν
870 2596 947 2664 τῷ
977 2595 1124 2666 αὐτῷ
1172 2595 1314 2664 λόγῳ
1364 2593 1730 2664 χρησώμεθα,
1771 2594 1852 2646 ὅτι

283 2686 337 2739 τὸ
365 2689 534 2752 πάθος
576 2689 637 2742 τὸ
678 2688 777 2758 μὲν
807 2687 1028 2759 κυρίως,
1062 2687 1121 2740 τὸ
1158 2686 1214 2739 δὲ
1252 2689 1314 2740 ἐκ
1345 2687 1735 2757 καταχρήσεως
1767 2683 1855 2736 λέ-

285 2797 442 2847 γεται.
471 2782 551 2834 Τὸ
589 2781 686 2850 μὲν
720 2776 815 2833 οὖν
844 2780 1209 2851 προαιρέσεως
1244 2779 1562 2848 ἁπτόμενον,
1598 2777 1688 2830 καὶ
1718 2777 1853 2845 πρὸς

284 2868 464 2920 κακίαν
513 2867 635 2919 ἀπὸ
662 2867 763 2935 τῆς
797 2868 994 2937 ἀρετῆς
1027 2867 1412 2937 μεταστρέφον,
1449 2865 1663 2937 ἀληθῶς
1685 2865 1853 2930 πάθος

283 2956 383 3008 ἐστί
407 2975 421 2990 ·
475 2958 541 3010 τὸ
581 2957 626 3010 δ’
653 2959 778 3010 ὅσον
803 2960 860 3010 ἐν
893 2960 956 3028 τῇ
993 2957 1150 3026 φύσει
1190 2959 1329 3012 κατά
1366 2958 1454 3011 τὸν
1500 2957 1628 3011 ἴδιον
1666 2957 1853 3029 εἱρμὸν

282 3049 622 3119 πορευομένῃ
663 3046 971 3112 διεξοδικῶς
1002 3046 1304 3117 θεωρεῖται,
1337 3047 1492 3099 τοῦτο
1523 3046 1853 3118 κυριώτερον

280 3137 423 3208 ἔργον
448 3140 516 3193 ἂν
547 3138 778 3209 μᾶλλον.
796 3138 828 3205 ἢ
849 3138 1018 3203 πάθος
1045 3138 1515 3209 προσαγορεύοιτο,
1541 3133 1650 3191 οἷον
1670 3141 1702 3209 ἠ
1720 3138 1848 3206 γέν-

1956 585 2074 642 Νοη
2102 587 2245 642 enim
2277 584 2360 641 {as
2384 591 2529 640 esset
2560 585 2743 640 dicere
2774 587 2947 654 ipsam
2973 601 3066 656 per
3105 602 3164 642 se
3199 586 3518 655 sapientiam

1956 685 2016 732 et,
2043 678 2342 733 bonitatem
2373 684 2428 730 et
2481 676 2970 746 incorruptionem,
3022 686 3076 732 et
3117 678 3162 732 si
3215 688 3298 732 est
3336 679 3522 748 aliqua

1956 769 2207 824 sublimis
2237 768 2608 838 intelligentia,
2641 775 2695 822 et
2718 768 2952 823 sublime
2984 785 3200 833 nomen,
3238 780 3518 826 transmuo

1957 868 2129 915 talum
2170 876 2292 916 esse
2319 861 2375 914 in
2413 860 2768 914 contrarium.
2833 859 2888 913 Si
2948 876 3080 930 ergo
3131 862 3272 916 Deus
3300 861 3519 931 quidem

1955 963 2038 1008 est
2067 967 2194 1008 vera
2237 953 2430 1028 virtus,
2469 952 2618 1006 nulla
2658 959 2838 1006 autem
2886 959 3081 1007 natura
3113 961 3372 1022 tanquam
3425 953 3504 1005 ad.

1955 1059 2112 1100 versa
2147 1045 2405 1100 statuitur
2443 1045 2657 1110 virtuti,
2719 1043 2814 1098 sed
2848 1044 3037 1097 vitium
3068 1061 3082 1108 ;
3141 1043 3282 1100 Deus
3337 1051 3517 1099 autem

1955 1151 2064 1190 non
2098 1137 2335 1206 gignitur
2371 1136 2426 1190 in
2455 1136 2608 1201 vitio,
2646 1135 2739 1191 sed
2771 1137 2825 1189 in
2855 1144 3048 1189 natura
3084 1135 3362 1200 hominis;
3401 1135 3518 1189 sola

1958 1239 2135 1284 autem
2167 1238 2252 1284 est
2282 1230 2540 1285 indecora
2570 1238 2625 1283 et
2658 1229 2834 1298 turpis
2865 1244 2984 1297 quae
3015 1243 3079 1283 ex
3106 1227 3238 1282 vitio
3277 1237 3362 1282 est
3393 1225 3519 1280 θανε-

1955 1320 2086 1384 ctio,
2121 1319 2175 1374 in
2211 1335 2321 1389 qua
2355 1335 2455 1374 nec
2486 1321 2703 1390 genitus
2733 1327 2817 1374 est
2848 1319 3009 1381 Deus,
3041 1333 3141 1372 nec
3186 1331 3248 1371 ea
3277 1324 3362 1370 est
3401 1316 3521 1384 ejus

1954 1419 2153 1465 natura
2185 1419 2239 1465 ut
2271 1411 2418 1482 gigni
2459 1413 2656 1481 possit,
2710 1426 2810 1464 cur
2840 1409 3006 1480 pudet
3038 1424 3134 1464 eos
3163 1408 3315 1462 fateri
3349 1407 3516 1463 Deum

1954 1501 2248 1556 humanam
2284 1503 2533 1572 attigisse
2592 1509 2868 1567 naturam,
2907 1499 3132 1570 perinde
3189 1514 3250 1554 ac
3287 1500 3332 1555 si
3377 1500 3521 1552 ratio

1954 1593 2174 1648 virtutis
2211 1596 2590 1651 consideretur
2618 1594 2895 1650 contraria
2925 1591 3223 1648 conditioni
3249 1591 3522 1645 hominis?

1952 1682 2139 1754 Neque
2171 1686 2316 1739 enim
2351 1686 2580 1740 rationis
2613 1694 2666 1741 et
2720 1683 3097 1755 intelligentia:
3145 1697 3267 1739 esse
3296 1682 3521 1752 partici-

1956 1790 2097 1844 pem,
2140 1792 2317 1846 neque
2351 1779 2592 1832 scientia:
2642 1792 2766 1832 esse
2799 1790 3076 1844 capacem,
3142 1789 3317 1844 neque
3354 1774 3517 1844 quid—

1881 1876 1924 1930 Β
1952 1881 2112 1935 quam
2143 1868 2289 1922 aliud
2316 1867 2607 1937 ejusmodi,
2641 1867 2788 1937 quod
2830 1874 2915 1922 est
2957 1867 3234 1937 proprium
3269 1867 3518 1922 humanae

1953 1961 2224 2024 essentire,
2257 1969 2522 2031 repugnat
2551 1959 2752 2014 rationi
2786 1958 3024 2013 virtutis.

2530 2049 2758 2106 CAPUT
2797 2049 2936 2106 XVI.

2022 2143 2090 2197 At
2113 2143 2249 2212 ipsa,
2287 2143 2483 2212 inquit,
2518 2143 2690 2198 nostri
2716 2142 2967 2211 corporis
3007 2140 3238 2194 mutatio
3265 2147 3350 2195 est
3385 2138 3515 2194 all‘e-

1953 2236 2080 2289 ctio.
2118 2233 2221 2299 Qui
2255 2241 2435 2287 autem
2468 2234 2524 2288 in
2559 2248 2620 2288 ea
2655 2232 2840 2298 fuerit,
2876 2231 3128 2286 allicitur.
3162 2230 3306 2286 Deus
3338 2241 3522 2285 autem

1951 2333 2036 2380 est
2065 2326 2403 2394 impatibilis.
2443 2325 2536 2382 Est
2565 2342 2696 2396 ergo
2720 2326 2896 2380 aliena
2927 2325 2996 2379 de
3029 2323 3140 2379 Deo
3163 2323 3517 2385 existimatio,

1952 2417 2219 2486 siquidem
2259 2432 2384 2471 eum
2417 2417 2511 2486 qui
2547 2425 2630 2474 est
2671 2416 2994 2487 impatihilis
3026 2415 3328 2472 secundum
3359 2423 3519 2468 natu-

1954 2523 2092 2573 ram,
2119 2515 2368 2563 statuunt
2399 2509 2590 2564 venire
2617 2508 2684 2562 ad
2717 2507 3160 2564 communionem
3192 2506 3518 2561 affectionis.

1955 2597 2059 2654 Sed
2097 2600 2164 2656 ad
2189 2600 2302 2654 haec
2324 2615 2542 2672 quoque
2568 2615 2762 2656 rursus
2787 2600 2974 2655 eadem
3003 2606 3220 2654 utemur
3251 2598 3520 2661 oratione,

1955 2705 2151 2760 nempe
2186 2690 2328 2761 quod
2357 2690 2572 2747 aﬂ‘ectio
2633 2691 2738 2746 alia
2773 2691 2993 2760 quidem
3039 2688 3259 2759 preprie
3295 2687 3516 2749 dicitur,

1952 2781 2058 2836 alia
2097 2796 2227 2837 vero
2266 2797 2364 2852 per
2415 2782 2760 2839 abusionem.
2800 2781 2979 2850 Atque
3033 2796 3097 2836 ea
3127 2779 3344 2850 quidem
3399 2793 3521 2848 qua:

1963 2872 2138 2942 tangit
2171 2872 2404 2927 liberum
2463 2872 2629 2926 animi
2683 2871 2973 2927 arbitrium
3006 2883 3060 2926 et
3095 2869 3435 2929 electionem,
3467 2875 3520 2922 et

1954 2973 1982 3010 a
2019 2957 2218 3014 virtute
2261 2959 2455 3014 avertit
2510 2959 2578 3013 ad
2640 2959 2858 3024 vitium,
2913 2959 3136 3030 proprie
3166 2964 3251 3013 est
3285 2956 3514 3012 all'ectio.

1952 3051 2082 3115 Quae
2111 3059 2288 3105 autem
2320 3051 2375 3105 in
2397 3059 2591 3106 natura
2627 3067 2723 3122 per
2744 3065 2899 3108 suam
2931 3050 3126 3106 seriem
3179 3047 3521 3104 transeundo

1955 3142 2294 3213 ingrediente
2321 3142 2722 3204 consideratur.
2753 3157 2816 3198 ea
2845 3157 2984 3212 opus
3013 3141 3198 3210 potius
3228 3156 3392 3210 quam
3439 3139 3520 3193 af-

277 3205 438 3300 νησις,
469 3232 503 3301 ἠ
526 3205 783 3301 αὔξησις,
820 3232 851 3301 ἡ
877 3230 964 3282 διὰ
1014 3205 1116 3300 τῆς
1145 3205 1437 3300 ἐπιρρύτου
1467 3246 1526 3282 τε
1552 3229 1646 3282 καὶ
1670 3205 1846 3300 ἀπορ-

1952 3205 2114 3290 fectio
2152 3235 2371 3305 proprie
2417 3243 2502 3291 est
2559 3205 2899 3303 appellanda:
2963 3205 3030 3286 ut
3077 3205 3378 3302 generatio,
3414 3246 3514 3284 au-

279 3319 428 3389 ρύτου
455 3321 560 3390 τῆς
614 3320 816 3389 τροφῆς
855 3318 948 3372 τοῦ
980 3317 1336 3388 ὑποκειμένου
1367 3316 1615 3387 διαμονὴ,
1669 3317 1702 3386 ἡ
1741 3315 1848 3369 τῶν

277 3411 548 3480 στοιχείων
607 3409 735 3480 περὶ
769 3411 828 3462 τὸ
867 3408 1024 3478 σῶμα
1054 3407 1348 3478 συνδρομὴ,
1383 3409 1420 3478 ἡ
1445 3405 1539 3460 τοῦ
1572 3405 1851 3458 συντεθέν-

274 3520 358 3566 τος
386 3505 546 3558 πάλιν
579 3501 824 3564 διάλυσίς
848 3519 906 3554 τε
939 3503 1033 3555 καὶ
1065 3501 1202 3573 πρὸς
1237 3500 1305 3554 τὰ
1335 3500 1568 3570 συγγενῆ
1603 3497 1848 3570 μεταχώ-

277 3611 442 3664 ρησις.
479 3596 645 3658 Τίνος
687 3589 780 3647 οὖν
815 3592 960 3661 λέγει
1003 3593 1064 3646 τὸ
1100 3593 1393 3663 μυστήριον
1419 3592 1573 3662 ἡμῶν
1601 3587 1768 3661 ἧφθαι
1789 3591 1850 3644 τὸ

275 3684 457 3748 Θεῖον;
501 3683 608 3738 τοῦ
651 3683 854 3754 κυρίως
895 3683 1188 3754 λεγομένου
1230 3683 1456 3746 πάθους,
1496 3683 1632 3754 ὅπερ
1683 3682 1850 3737 κακία

275 3775 432 3836 ἐστὶν,
461 3775 494 3844 ἢ
524 3773 628 3827 τοῦ
656 3773 798 3827 κατά
835 3773 995 3840 φύσιν
1026 3775 1322 3844 κινήματος
1349 3790 1362 3833 ;
1409 3774 1472 3826 Et
1507 3774 1606 3842 μὲν
1655 3773 1763 3843 γὰρ
1791 3775 1849 3827 ἐν

275 3868 379 3928 τοῖς
399 3867 874 3938 ἁπηγορευμένοις
902 3865 1229 3935 γεγενῆσθαι
1255 3865 1316 3918 τὸ
1341 3865 1491 3918 Θεῖον
1533 3866 1561 3918 ὁ
1587 3865 1741 3932 λόγος
1773 3865 1850 3918 δι-

279 3954 601 4027 ισχυρίζετο,
636 3954 859 4024 φεύγειν
899 3954 1004 4008 ἔδει
1043 3955 1141 4026 τὴν
1167 3955 1396 4008 ἀτοπίαν
1432 3952 1524 4007 τοῦ
1559 3954 1846 4025 δόγματος,

275 4047 345 4110 ὡς
369 4049 517 4102 οὐδὲν
549 4049 704 4117 ὑγιὲς
735 4047 860 4117 περὶ
897 4046 996 4116 τῆς
1035 4045 1183 4107 θείας
1209 4045 1421 4115 φύσεως
1445 4044 1747 4108 διεξιόντος.
1785 4046 1849 4098 Ei

273 4137 324 4192 δὲ
351 4141 443 4210 τῆς
485 4140 708 4210 φύσεως
742 4137 898 4209 ἡμῶν
930 4137 1090 4192 αὑτὸν
1127 4137 1366 4207 ἐφῆφθαι
1397 4135 1564 4204 λέγει,
1591 4130 1658 4208 ἧς
1684 4137 1776 4190 καὶ
1814 4138 1846 4205 ἡ

277 4231 456 4301 πρώτη
501 4233 719 4300 γένεσίς
772 4248 830 4284 τε
882 4231 975 4284 καὶ
1023 4230 1314 4291 ὑπόστασις
1365 4231 1492 4299 παρ’
1542 4227 1704 4282 αὐτοῦ
1750 4229 1849 4301 τὴν

274 4321 438 4394 ἀρχὴν
466 4323 619 4394 ἔσχε,
645 4321 749 4375 ποῦ
771 4322 871 4392 τῆς
897 4321 1016 4390 Θεῷ
1039 4320 1356 4391 πρεπούσης
1388 4320 1595 4383 ἐννοίας
1615 4320 1848 4390 διαμαρ-

274 4414 414 4467 τάνει
455 4416 519 4468 τὸ
569 4417 864 4485 κήρυγμα,
904 4415 1168 4483 μηδεμιᾶς
1208 4413 1513 4484 παθητικῆς
1555 4413 1846 4477 διαθέσεως

1949 3335 2253 3397 gmentum,
2279 3342 2399 3397 qua:
2417 3342 2511 3396 per
2539 3324 2808 3381 aﬂluentis
2834 3332 2889 3379 et
2919 3322 3190 3379 eﬂluentis
3219 3322 3520 3376 nutrimen-

1951 3430 2063 3474 tum
2118 3419 2351 3490 subjecti
2408 3419 2468 3472 ﬁt
2513 3417 2863 3488 permansio,
2925 3415 3320 3474 elementorum
3375 3412 3519 3466 circa

1947 3524 2148 3578 corpus
2183 3510 2493 3575 concursio,
2535 3507 2827 3578 compositi
2887 3520 3081 3561 rursus
3121 3503 3431 3574 dissolutio,
3466 3513 3518 3557 et

1950 3601 2016 3655 ad
2047 3616 2110 3656 ea
2143 3617 2266 3671 quae
2302 3611 2432 3657 sunt
2474 3607 2705 3673 cognata
2736 3598 3020 3654 transitus.
3056 3595 3358 3662 Quamnam
3390 3609 3519 3664 ergo

1950 3690 2296 3770 affectionem
2345 3694 2479 3747 dicit
2532 3693 2852 3764 mysterium
2887 3698 3136 3747 nostrum
3183 3688 3350 3744 Deum
3398 3688 3520 3742 teti—

1947 3783 2145 3855 gisse?
2191 3799 2382 3839 eamne
2417 3799 2539 3854 quae
2582 3784 2799 3854 proprie
2855 3783 3057 3838 dicitur
3110 3781 3347 3844 aﬂ‘ectio,
3399 3796 3522 3851 quae

1949 3875 2166 3947 quidem
2195 3884 2278 3931 est
2317 3876 2530 3940 vitium,
2590 3892 2659 3930 an
2704 3884 2908 3930 motum
2960 3873 3054 3945 qui
3089 3882 3173 3930 est
3217 3873 3516 3929 secundum

1949 3977 2198 4022 naturam
2229 3968 2252 4020 ’ἒ
2279 3966 2415 4021 Nam
2448 3968 2494 4024 si
2550 3967 2604 4022 in
2641 3967 2708 4022 iis
2745 3965 2961 4038 quidem
2989 3980 3111 4038 quae
3169 3973 3293 4022 sunt
3331 3964 3519 4036 prohi-

1948 4060 2061 4114 bita
2097 4058 2264 4115 Deum
2285 4059 2457 4116 fuisse
2488 4059 2779 4116 allirmaret
2811 4069 3002 4116 nostra
3035 4059 3232 4126 oratio,
3264 4058 3522 4129 fugienda.

1949 4161 2096 4208 esset
2130 4153 2442 4208 alisurditas
2474 4153 2775 4223 dogmatis,
2811 4161 2869 4207 ut
2894 4152 3038 4222 quod
3072 4152 3209 4206 nihil
3261 4150 3398 4205 recti
3436 4149 3518 4201 di-

1949 4251 2097 4297 ceret
2127 4241 2196 4297 de
2228 4243 2411 4296 divina
2441 4253 2656 4296 natura.
2702 4242 2796 4298 Sin
2834 4253 3014 4298 autem
3052 4242 3184 4296 dicit
3235 4254 3361 4294 eum
3413 4252 3514 4292 no—

1948 4344 2116 4388 stram
2179 4335 2426 4403 attigisse
2466 4341 2739 4398 naturam,
2797 4334 2956 4402 cujus
2989 4331 3202 4401 primus
3260 4336 3416 4384 ortus
3463 4336 3518 4382 et

1949 4425 2256 4480 substantia
2283 4426 2351 4479 ab
2376 4441 2441 4480 eo
2468 4425 2660 4480 habuit
2692 4425 3041 4494 principium,
3087 4422 3307 4477 ubinam
3360 4422 3516 4475 aber-

273 4501 328 4553 ἐν
354 4505 472 4567 ταῖς
513 4504 647 4574 περὶ
693 4502 826 4556 Θεοῦ
873 4503 1172 4573 ὑπολήψεσι
1213 4505 1278 4573 τῇ
1311 4503 1489 4555 πίστει
1533 4503 1842 4572 είσιούσης;

1951 4525 2037 4571 rat
2070 4517 2384 4586 prmdicatio
2418 4518 2487 4572 ab
2519 4532 2581 4571 ea
2623 4532 2742 4586 qua:
2772 4515 2938 4570 Deum
2969 4515 3125 4569 decet
3153 4513 3352 4569 mentis
3381 4528 3514 4568 con-

272 4593 401 4647 Ούὸὲ
423 4595 534 4666 γάρ
562 4595 658 4648 τὸν
685 4595 866 4666 ἰατρὸν
899 4595 956 4648 ἐν
977 4595 1137 4649 πάθει
1165 4594 1405 4664 γίνεσθαι
1435 4594 1683 4664 λέγομεν,
1718 4595 1844 4648 ὅταν

275 4683 546 4758 θεραπεύῃ
576 4686 671 4738 τὸν
697 4686 755 4737 ἐν
801 4685 960 4738 πάθει
993 4685 1298 4755 γενόμενον.
1346 4685 1502 4738 Ἀλλά
1542 4685 1644 4738 κᾶν
1678 4702 1845 4754 προσ-

275 4772 468 4842 άψηται
489 4774 590 4827 τοῦ
614 4775 874 4844 ἁρῤωστή
885 4791 1069 4844 ματος,
1099 4774 1202 4838 ἔξω
1228 4773 1431 4836 πάθους
1456 4775 1482 4826 ὁ
1507 4773 1843 4845 θεραπευτὴς

272 4863 524 4935 διαμένει.
591 4867 658 4920 Εἰ
685 4868 719 4934 ἡ
752 4866 962 4934 γένεσις
995 4867 1129 4937 αὐτὴ
1161 4865 1285 4919 καθ’
1310 4867 1508 4936 ἑαυτὴν
1544 4866 1713 4930 πάθος
1743 4868 1841 4921 οὐκ

270 4957 428 5019 ἔστιν,
473 4959 587 5012 οὐδ’
631 4959 703 5012 ἂν
731 4961 797 5030 τῇ
845 4959 957 5029 ζωῇ
992 4976 1074 5022 τις
1118 4957 1288 5020 πάθος
1334 4958 1838 5029 προσαγορεύσειεν.

280 5048 441 5101 Ἀλλά
470 5051 530 5101 τὸ
549 5050 677 5104 καθ’
703 5049 892 5121 ἡδονὴν
920 5049 1088 5113 πάθος
1111 5053 1210 5120 τῆς
1235 5048 1578 5122 ἀνθρωπίνης
1603 5049 1852 5118 καθηγεῖ-

263 5154 349 5190 ται
389 5139 680 5206 γενέσεως,
711 5141 806 5194 καὶ
849 5143 882 5211 ἡ
919 5141 1054 5210 πρὸς
1080 5139 1276 5194 κακίαν
1306 5139 1450 5211 ὁρμὴ
1483 5140 1589 5195 τῶν
1611 5139 1848 5206 ζώντων,

264 5229 422 5283 τοῦτο
438 5231 540 5300 τῆς
563 5231 783 5302 φύσεώς
807 5233 952 5285 ἐστιν
975 5231 1332 5302 ἀρρώστημα.
1352 5230 1511 5286 Ἀλλὰ
1548 5231 1652 5302 μὴν
1674 5233 1851 5302 ἀμφο-

264 5321 436 5392 τέρων
465 5325 656 5378 αὐτῶν
685 5323 1004 5395 καθαρεύειν
1041 5324 1175 5394 φησι
1216 5325 1276 5376 τὸ
1310 5323 1622 5395 μυστήριον.
1668 5322 1732 5376 Et
1759 5319 1850 5378 οὖν

267 5411 452 5484 ἡδονῆς
482 5416 586 5485 μὲν
621 5415 659 5484 ἡ
707 5415 916 5484 γένεσις
947 5413 1318 5485 ἠλλοτρίωται,
1350 5413 1545 5477 κακίας
1567 5411 1624 5468 δὲ
1653 5414 1686 5484 ἡ
1711 5412 1843 5486 ζωὴ,

268 5506 410 5558 ποῖον
438 5506 802 5560 ὑπολείπεται
837 5506 1025 5571 πάθος,
1043 5499 1102 5558 οὗ
1131 5505 1220 5559 τὸν
1236 5505 1366 5563 Θεὸν
1391 5507 1845 5576 κεκοινωνηκέναι

266 5596 390 5665 ᾳησὶ
425 5597 488 5651 τὸ
509 5598 617 5669 τῆς
659 5596 937 5660 εὐσεϐείας
970 5599 1296 5670 μυστήριον;

1952 4609 2224 4676 ceptione,
2255 4623 2379 4662 cum
2420 4608 2569 4661 nulla
2632 4607 2873 4676 patibilis
2906 4604 3144 4672 aﬂectin,
3210 4605 3266 4659 in
3299 4604 3366 4660 iis
3395 4619 3515 4669 quae

1952 4699 2019 4753 de
2057 4697 2168 4752 Deo
2215 4707 2344 4752 sunt
2377 4698 2748 4767 opinionibus,
2783 4697 2939 4753 tidem
2994 4696 3374 4767 ingrediatur?
3411 4694 3515 4752 Ne-

1950 4806 2058 4860 que
2090 4792 2236 4845 enim
2268 4790 2540 4846 medicum
2565 4790 2800 4846 dicimus
2827 4805 2952 4846 esse
2981 4789 3256 4852 affectum,
3293 4787 3514 4858 quando

1949 4898 2074 4937 enm
2099 4889 2254 4937 curat
2283 4884 2373 4952 qui
2409 4890 2492 4938 est
2511 4881 2754 4938 allectus.
2793 4881 2898 4936 Sed
2931 4889 2986 4936 et
3015 4882 3062 4938 si
3092 4880 3331 4952 attigerit
3359 4881 3516 4950 aegri-

1951 4974 2218 5038 tudinem,
2274 4974 2322 5030 is
2374 4975 2469 5045 qui
2528 4973 2796 5040 medetur,
2825 4980 3007 5028 manet
3038 4979 3278 5028 remotus
3318 4972 3387 5025 ab
3428 4970 3515 5024 af-

1955 5067 2208 5122 fectione.
2241 5067 2298 5120 Si
2327 5075 2507 5122 autem
2538 5067 2655 5136 ipse
2693 5075 2848 5121 ortus
2878 5081 2975 5136 per
3025 5081 3084 5121 se
3112 5080 3224 5120 non
3254 5071 3342 5120 est
3383 5061 3516 5118 aﬂ‘e—

1947 5158 2078 5223 ctio,
2109 5173 2288 5227 neque
2315 5159 2427 5213 vita
2486 5158 2806 5228 appellanda
2847 5165 2931 5214 est
2961 5155 3200 5213 aﬂectio.
3257 5155 3364 5211 Sed
3395 5166 3519 5222 qum-

1948 5265 2013 5304 ex
2068 5249 2345 5318 voluptate
2403 5249 2621 5318 quidem
2660 5249 2880 5305 exsistit
2933 5247 3171 5310 aﬂ'ectio,
3213 5247 3510 5301 humanam

1948 5341 2206 5409 praecedit
2239 5342 2664 5412 generationem,
2707 5349 2762 5396 et
2793 5340 2888 5410 qui
2953 5340 3021 5394 ad
3083 5339 3278 5395 vitium
3340 5334 3518 5389 fertur

1955 5433 2251 5487 viventium
2279 5433 2536 5503 impetus,
2571 5446 2635 5488 ea
2657 5440 2743 5487 est
2773 5439 2982 5486 natum
3025 5425 3312 5498 aegritudo.
3345 5424 3510 5494 Atqui

1953 5540 2076 5579 eum
2113 5525 2180 5579 ab
2215 5532 2448 5594 utroque
2472 5539 2595 5580 esse
2623 5523 2888 5578 mundum
2916 5520 3049 5576 dicit
3077 5516 3416 5586 mysterium.
3452 5514 3510 5570 Si

1953 5631 2081 5685 ergo
2109 5631 2136 5669 a
2167 5615 2445 5685 voluptate
2476 5613 2698 5684 quidem
2728 5612 2905 5666 aliena
2938 5617 3022 5664 est
3049 5609 3326 5678 generatio
3359 5627 3373 5675 ;
3399 5607 3512 5662 vita

1955 5715 2135 5761 autem
2160 5722 2188 5760 a
2217 5707 2347 5760 vitio
2373 5724 2387 5760 :
2415 5719 2664 5775 quamam
2693 5708 2866 5757 restat
2894 5698 3132 5766 aﬂectio,
3163 5699 3320 5770 cujus
3346 5699 3512 5755 Deum

1956 5797 2127 5854 fuisse
2161 5797 2479 5866 participem
2510 5794 2643 5850 dicit
2672 5791 2916 5849 divinum
2947 5787 3298 5866 mysterium?
