3980 6198
472 322 531 383 5|
1685 322 1742 379 5.
1785 317 2110 378 GREGORII
2150 318 2440 377 NYSSENI
2844 352 2849 359 ι
3636 306 3708 363 53

543 446 602 500 Si
632 443 880 515 corporis
911 449 1087 497 autem
1136 449 1189 496 et
1225 440 1424 495 animae
1469 440 1892 511 disjunctionem
1941 454 2032 507 ap-

2208 441 2268 493 Ei
2307 440 2362 492 δὲ
2394 439 2492 509 τὴν
2522 438 2614 490 τοῦ
2651 438 2900 509 σώματος
2932 435 3023 489 καὶ
3055 434 3151 504 τῆς
3178 432 3354 502 ψυχῆς
3383 446 3465 494 τις
3491 427 3709 491 διάζευ-

473 539 632 609 pellet
677 536 946 607 quispiam
1002 533 1363 595 alfectiunem,
1422 534 1579 603 longe
1616 532 1767 602 prius
1822 546 2033 599 atqwm

474 628 635 683 fuerit
676 628 965 695 utriusque
1013 625 1437 678 concursionem
1481 623 1754 691 appellare
1793 619 2036 676 silet-tio-

472 733 615 771 nem.
684 720 814 769 Nam
847 716 894 771 si
950 715 1225 785 separatio
1281 722 1366 768 est
1424 712 1641 768 affectio
1695 728 1883 767 eorum
1917 727 2038 781 quae

473 822 600 866 sunt
637 811 949 879 conjuncta.
994 806 1308 875 eoujunctio
1358 822 1575 877 quoque
1613 806 1777 861 fuerit
1826 805 2038 860 allectio

473 916 659 957 eorum
690 917 810 971 qua:
837 909 966 956 sunt
992 900 1289 968 disjuncta.
1316 897 1409 954 Est
1438 900 1582 953 enim
1612 900 1831 969 quidam
1856 910 2037 954 motus

477 994 685 1057 unitus,
718 1001 773 1048 et
806 992 861 1045 in
917 991 1270 1045 concretione
1299 1005 1483 1044 eorum
1515 1006 1634 1061 quae
1671 998 1797 1044 sunt
1829 989 2040 1059 disjun-

473 1092 581 1149 cta,
618 1086 743 1139 etin
780 1083 1112 1139 discretione
1159 1098 1347 1138 eorum
1408 1097 1527 1151 qua:
1580 1089 1709 1136 sunt
1762 1088 2037 1136 contexta.

473 1176 627 1242 Quod
684 1182 866 1229 autem
926 1183 1155 1229 vocatur
1199 1181 1383 1227 motus
1414 1172 1660 1235 ultimus,
1703 1171 1806 1224 hoc
1853 1169 2040 1225 vocari

474 1266 728 1320 convenit
785 1265 949 1319 etiam
1006 1264 1426 1334 prmcedenteni.
1483 1263 1541 1317 Si
1596 1272 1774 1317 autem
1830 1262 2041 1331 primus

477 1366 679 1419 motus,
715 1371 876 1426 quem
936 1354 1284 1409 nominamus
1336 1354 1767 1424 generationem,
1811 1368 1841 1406 a
1879 1354 2039 1408 nobis

477 1448 790 1503 nominetur
809 1446 1045 1512 affectio,
1081 1461 1145 1501 ex
1170 1447 1529 1516 consequenti
1552 1446 1712 1501 etiam
1739 1446 1784 1501 is
1804 1446 2040 1511 dicetur,

478 1552 576 1607 per
602 1552 760 1606 quem
794 1537 1084 1591 concursio
1113 1537 1307 1590 animae
1335 1542 1390 1591 et
1424 1537 1675 1605 corporis
1715 1537 2038 1591 secernitur.

480 1630 645 1683 Deum
678 1636 858 1683 autem
887 1628 1119 1683 dicimus
1141 1628 1310 1683 fuisse
1336 1628 1389 1681 in
1417 1638 1646 1698 utroque
1669 1635 1818 1682 motu
1844 1636 2043 1684 nostra:

481 1728 704 1782 naturae,
737 1734 833 1788 per
861 1734 1022 1790 quem
1059 1720 1240 1773 anima
1271 1720 1556 1774 concurrit
1606 1734 1731 1774 cum
1790 1734 2038 1789 corpore,

478 1818 531 1863 et
562 1824 759 1879 corpus
787 1811 1091 1865 secernitur
1114 1811 1182 1865 ab
1211 1811 1413 1864 anima.
1439 1812 1571 1865 Cum
1596 1819 1830 1881 utroque
1860 1819 2040 1865 autem

480 1902 694 1965 horum,
728 1916 852 1956 cum
887 1902 1100 1966 sensili,
1154 1903 1396 1973 inquam,
1433 1911 1487 1958 et
1543 1901 1859 1974 intelligenti
1895 1917 2043 1956 com-

481 1995 640 2048 mista
704 1993 937 2048 humana
995 1995 1343 2049 concretione
1406 2010 1501 2063 per
1536 1994 1681 2048 illam
1720 1993 2044 2048 inellabilem

480 2091 534 2135 et
565 2083 999 2153 inexplicabilem
1030 2086 1604 2153 contemperationem,
1631 2086 1733 2138 hoc
1758 2084 1901 2139 Deus
1930 2100 2048 2153 pro-

483 2173 619 2227 vidit
650 2182 704 2228 et
733 2175 1158 2242 administravit,
1218 2185 1279 2230 ut
1308 2188 1495 2230 eorum
1531 2192 1650 2246 quae
1698 2177 1864 2230 semel
1897 2178 2047 2230 unita

483 2273 687 2328 essent,
720 2267 933 2329 animm,
962 2268 1206 2337 inquam,
1236 2275 1290 2322 et
1319 2269 1589 2337 corporis,
1624 2268 1787 2323 etiam
1826 2268 1878 2321 in
1905 2283 2048 2322 sem-

484 2356 756 2426 piternum
785 2368 1127 2427 permaneret
1160 2359 1312 2413 unio.
1351 2359 1485 2412 Cum
1527 2361 1672 2415 enim
1732 2366 1918 2414 nostra
1952 2374 2048 2413 na-

484 2459 604 2502 tura
634 2463 730 2518 per
753 2449 1031 2520 prepriam
1060 2450 1529 2520 consequentiam,
1567 2452 1621 2504 in
1651 2451 1742 2504 illo
1771 2459 1919 2506 mota
1962 2467 2047 2505 es—

484 2547 567 2594 set
597 2539 663 2594 ad
694 2541 1053 2597 secretionem
1076 2543 1271 2597 animas
1299 2552 1351 2597 et
1376 2544 1620 2614 corporis
1646 2563 1658 2597 :
1689 2559 1809 2613 qua:
1837 2553 2048 2600 secreta

483 2647 547 2686 ac
584 2642 835 2702 separata
893 2634 1111 2689 fuerant
1169 2652 1364 2691 rursus
1420 2638 1726 2708 conjunxit,
1781 2654 1847 2692 eo
1903 2636 2047 2707 quod

484 2726 661 2780 fuerat
692 2726 992 2792 desectum,
1037 2743 1134 2797 per
1190 2729 1462 2798 quoddam
1519 2731 1685 2784 veluti
1742 2729 2044 2801 glutinum,

482 2832 579 2887 per
608 2816 870 2882 divinam,
909 2819 1154 2889 inquam,
1199 2822 1476 2887 virtutem,
1514 2822 1581 2876 ad
1629 2823 1880 2876 unionem
1928 2837 2049 2891 quae

484 2909 661 2977 rumpi
691 2909 912 2964 minime
941 2919 1140 2980 potest,
1174 2921 1459 2982 compacto
1498 2923 1553 2969 et
1585 2915 1936 2968 concinnato.
1984 2913 2049 2967 Et

483 3001 587 3054 hoc
616 3010 700 3055 est
728 3005 1084 3069 resurrectio,
1109 3020 1295 3059 eorum
1321 3022 1439 3074 qua:
1470 3007 1763 3076 conjuncta
1809 3009 2043 3072 fuerant,

2070 1771 2118 1832 B

2139 536 2219 602 ξιν
2252 533 2419 596 πάθος
2469 531 2882 602 προσαγορεύοι,
2917 528 3051 582 πολὺ
3086 528 3348 596 πρότερον
3380 521 3603 585 δικαίως
3641 520 3710 575 ἂν

2137 628 2242 697 είη,
2274 628 2371 696 τὴν
2418 623 2717 694 συνδρομὴν
2762 623 3085 693 ἀμφοτέρων
3130 618 3272 671 οὕτω
3315 616 3707 686 κατονομάσαι.

2141 717 2202 771 Ei
2234 718 2342 788 γάρ
2371 718 2398 769 ὁ
2428 715 2702 787 χωρισμὸς
2734 713 2841 765 τῶν
2868 709 3224 781 συνημμένων
3252 707 3421 771 πάθος
3454 706 3589 769 ἐστὶ,
3616 705 3711 758 καὶ

2138 812 2463 882 ὴσυνάφεια
2492 808 2599 859 τῶν
2644 805 2944 859 διεστώτων
2992 802 3161 864 πάθος
3212 800 3277 853 ἂν
3322 800 3429 868 εἴη,
3480 798 3711 867 Κίνησις

2138 900 2245 970 γάρ
2274 899 2357 962 τίς
2387 902 2530 951 ἐστιν
2554 897 2610 948 ἔν
2637 913 2697 948 τε
2729 897 2793 965 τῇ
2824 892 3103 964 συγκρίσει
3130 891 3236 945 τῶν
3269 888 3590 952 διεστώτων,
3616 887 3713 940 καὶ

2139 994 2198 1045 ἐν
2234 994 2297 1061 τῇ
2348 989 2616 1061 διακρίσει
2652 988 2759 1039 τῶν
2802 982 3304 1058 συμπεπλεγμένων
3430 978 3709 1049 ἡνωμένη.

2141 1086 2318 1154 Ὅπερ
2350 1083 2527 1136 τοίνυν
2576 1078 2860 1133 τελευταία
2914 1076 3125 1146 κίνησις
3171 1070 3514 1141 ὀνομάζεται,
3552 1070 3714 1124 τοῦτο

2140 1178 2403 1248 προσήκει
2453 1172 2729 1228 καλεῖσθαι
2775 1170 2868 1223 καὶ
2905 1170 3004 1239 τὴν
3049 1167 3393 1238 προάγουσαν
3420 1180 3433 1192 °
3480 1165 3529 1217 εί
3571 1163 3627 1216 δὲ
3676 1164 3711 1232 ἡ

2142 1268 2329 1338 πρώτη
2380 1267 2589 1337 κίνησις
2636 1265 2703 1335 ῆν
2755 1263 2967 1330 γένεσιν
3014 1257 3372 1328 ὀνομάζομεν,
3426 1254 3595 1316 πάθος
3645 1253 3715 1306 ἂν

2141 1360 2278 1413 κατά
2306 1359 2365 1411 τὸ
2396 1355 2683 1411 ἀκόλουθον
2715 1356 2940 1424 λέγοιτο,
2974 1352 3094 1406 καθ’
3122 1350 3190 1421 ἣν
3232 1351 3265 1419 ὴ
3308 1344 3580 1416 συνδρομὴ
3619 1344 3714 1396 τοῦ

2144 1452 2392 1520 σώματος
2434 1450 2527 1502 καὶ
2571 1449 2668 1517 τῆς
2706 1446 2882 1516 ψυχῆς
2928 1442 3276 1514 διακρίνεται.
3329 1439 3432 1491 Τὸν
3477 1437 3534 1489 δὲ
3581 1435 3716 1489 Θεόν

2142 1560 2321 1611 φαμεν
2355 1542 2412 1593 ἐν
2439 1539 2672 1608 ἑκάτερᾳ
2698 1534 3020 1605 γεγενῆσθαι
3056 1535 3124 1603 τῇ
3169 1532 3268 1601 τῆς
3306 1528 3518 1597 φύσεως
3554 1525 3717 1597 ἡμῶν

2143 1638 2370 1703 κινήσει,
2403 1632 2469 1684 δι’
2513 1626 2579 1701 ἧς
2617 1629 2651 1697 ἦ
2686 1645 2743 1680 τε
2775 1624 2921 1696 ψυχὴ
2953 1625 3088 1695 πρὸς
3117 1622 3176 1675 τὸ
3216 1620 3373 1690 σῶμα
3408 1618 3715 1688 συντρέχει,

2144 1722 2202 1775 τό
2223 1739 2280 1773 τε
2309 1720 2464 1790 σῶμα
2489 1719 2589 1789 τῆς
2611 1716 2787 1788 ψυχῆς
2810 1712 3161 1784 διακρίνεται.
3190 1712 3347 1764 Κατα
3357 1706 3631 1778 μιχθέντος
3655 1704 3717 1756 δὲ

2149 1815 2282 1884 πρὶς
2332 1812 2586 1882 ἑκάτερον
2628 1808 2851 1871 τούτων,
2893 1804 3028 1875 πρός
3069 1819 3128 1855 τε
3171 1800 3229 1853 τὸ
3263 1796 3520 1867 αἰσθητόν
3571 1813 3717 1864 φημι

2146 1908 2239 1960 καὶ
2270 1905 2331 1958 τὸ
2364 1903 2564 1975 νοερὸν,
2602 1900 2695 1954 τοῦ
2722 1897 3059 1970 ἀνθρωπίνου
3088 1894 3455 1966 συγκρίματος
3491 1892 3580 1945 διὰ
3618 1892 3720 1962 τῆς

2147 1999 2382 2070 ἀρρήτου
2434 1995 2648 2064 ἐκείνης
2691 1992 2787 2044 καὶ
2826 1989 3200 2061 άνεκφράστου
3236 1986 3717 2056 συνανακράσεως,

2146 2092 2303 2143 τοῦτο
2323 2085 2781 2157 οίκονομήσασθαι
2807 2083 2867 2135 τὸ
2888 2082 2993 2135 τῶν
3015 2078 3160 2144 ἅπαξ
3189 2078 3516 2141 ἑνωθέντων,
3538 2076 3721 2146 ψυχῆς

2148 2183 2289 2250 λέγω
2316 2182 2408 2234 καὶ
2442 2178 2712 2248 σώματος,
2754 2174 2848 2228 καὶ
2879 2174 3051 2226 εἰσαεὶ
3078 2172 3347 2242 διαμεῖναι
3374 2169 3470 2240 τὴν
3496 2167 3715 2222 ἕνωσιν.

2148 2273 2259 2342 Τῆς
2291 2271 2398 2339 γάρ
2444 2268 2655 2337 φύσεως
2710 2266 2866 2336 ἡμῶν
2915 2264 3002 2318 διὰ
3039 2267 3137 2334 τῆς
3190 2263 3322 2325 ἰδίας
3372 2259 3717 2326 ἀκολουθίας,

2149 2366 2241 2417 καὶ
2272 2366 2328 2415 ὲν
2375 2360 2566 2432 ἐκείνῳ
2595 2358 2731 2429 πρὸς
2761 2358 3028 2428 διάκρισιν
3073 2354 3165 2408 τοῦ
3198 2353 3448 2424 σώματος
3494 2353 3586 2405 καὶ
3617 2351 3723 2421 τῆς

2146 2456 2320 2526 ψυχῆς
2384 2453 2727 2523 κινηθείσης,
2786 2450 2945 2503 πάλιν
2999 2447 3198 2518 συνῆψε
3254 2446 3320 2499 τὰ
3370 2443 3723 2515 διακριθέντα

2148 2549 2396 2618 καθάπερ
2429 2547 2534 2599 τινὶ
2560 2546 2743 2615 κόλλῃ,
2781 2545 2845 2614 τῇ
2876 2542 2993 2612 θείᾳ
3014 2542 3157 2608 λέγω
3180 2538 3429 2608 δυνάμει,
3463 2538 3599 2607 πρὸς
3616 2535 3722 2606 τὴν

2147 2641 2417 2713 ἄρρηκτον
2465 2639 2657 2692 ἕνωσιν
2704 2637 2766 2690 τὸ
2822 2635 3128 2705 διασχισθὲν
3193 2631 3557 2703 συναρμόσας.
3606 2631 3724 2683 Καὶ

2146 2731 2301 2784 τοῦτό
2330 2733 2473 2782 ἐστιν
2506 2731 2538 2799 ἡ
2573 2727 2943 2796 ἁνάστασις,ἡ
2977 2723 3084 2775 τῶν
3113 2720 3548 2790 συνεζευγμένων
3580 2718 3723 2788 μετά

2146 2825 2243 2894 τὴν
2275 2823 2512 2875 διάλυσιν
2540 2820 2794 2882 ἐπάνοδος
2828 2819 2907 2880 είς
2938 2815 3215 2870 ἀδιάλυτον
3245 2814 3437 2867 ’ένωσιν
3466 2810 3722 2881 ἀλλήλοις

2150 2912 2563 2983 συμφυομένων,
2594 2909 2669 2973 ὡς
2714 2909 2778 2962 ἂν
2823 2909 2854 2978 ή
2905 2904 3095 2977 πρώτη
3132 2904 3258 2975 περὶ
3286 2902 3348 2954 τὸ
3376 2900 3721 2971 ἀνθρώπινον

2148 3006 2305 3077 χάρις
2334 3001 2683 3074 ἀνακληθείη,
2720 3001 2813 3055 καὶ
2842 2999 3001 3052 πάλιν
3030 2997 3120 3051 ἐπὶ
3147 2995 3241 3066 τὴν
3286 2994 3456 3049 ἀΐδιον
3487 2990 3721 3044 ἐπανέλ-

483 3099 607 3161 post
636 3092 1047 3150 dissolutionem
1082 3097 1288 3151 reditus
1317 3097 1384 3151 ad
1424 3098 1678 3153 unionem
1722 3116 1842 3169 qua:
1880 3100 2040 3155 mini-

2148 3098 2331 3167 θοιμεν
2366 3095 2531 3165 ζωὴν,
2562 3095 2659 3164 τῆς
2704 3088 3062 3162 ὲμμιχθείσης
3088 3085 3344 3174 τῇῖφύσει
3390 3084 3588 3146 κακίας
3630 3082 3726 3174 διά

480 3202 567 3241 me
601 3194 781 3256 potest
814 3185 1065 3251 dissolvi,
1098 3186 1166 3244 iis
1199 3188 1256 3242 in
1283 3204 1341 3244 se
1365 3189 1594 3244 invicem
1627 3191 1937 3261 conjunctis
1988 3199 2042 3246 et

478 3277 930 3340 coalescentibus,
953 3284 1014 3331 ut
1041 3279 1214 3347 prima
1237 3292 1358 3347 quae
1394 3277 1571 3333 fuerat
1602 3279 1840 3334 hominis
1869 3281 2043 3350 gratia

476 3376 787 3433 revocetur,
818 3376 874 3423 et.
906 3368 975 3423 ad
1032 3368 1204 3423 vitam
1254 3379 1591 3424 revertamur
1618 3371 2001 3440 sempiternam
2025 3410 2041 3437 ,

478 3473 604 3513 cum
634 3459 689 3512 id
718 3459 863 3528 quod
898 3465 1102 3514 nostra:
1126 3468 1335 3515 natura:
1368 3461 1588 3515 mistum
1630 3460 1807 3516 fuerat
1854 3462 2042 3516 vitium

479 3549 776 3607 ellluxissizt
804 3565 901 3619 per
931 3549 1340 3613 resolutionem,
1374 3558 1435 3604 ut
1462 3552 1661 3607 accidit
1691 3552 1745 3606 in
1792 3553 2040 3617 humore,

478 3642 572 3712 qui
604 3642 779 3697 fracto
801 3642 921 3712 ejus
957 3657 1086 3697 vase
1113 3642 1445 3714 dispergitur
1476 3652 1531 3698 et
1590 3648 1884 3708 evanescit,
1919 3660 2042 3699 eum

480 3734 616 3787 nihil
649 3734 719 3788 sit
751 3734 894 3804 quod
941 3734 1236 3789 contineat.
1273 3733 1391 3800 Quo
1425 3737 1584 3790 modo
1617 3744 1797 3791 autem
1852 3738 2044 3791 mortis

481 3824 699 3878 initium
763 3839 886 3879 cum
937 3826 1311 3880 exstitissetin
1362 3841 1491 3891 uno,
1546 3828 1704 3880 simul
1751 3829 1912 3881 etiam
1977 3827 2043 3881 ad

482 3914 792 3970 universam
865 3916 1101 3988 pervasit
1167 3918 1457 3970 humanam
1516 3925 1804 3971 naturam:
1854 3918 2041 3973 eodem

480 4006 646 4061 modo
674 4006 835 4060 etiam
869 4007 1197 4076 principium
1248 4009 1682 4074 resurrectionis,
1740 4024 1834 4077 per
1877 4026 2042 4064 unum

479 4098 544 4150 ad
580 4097 891 4151 universam
913 4099 1221 4152 extenditur
1250 4098 1660 4154 humanitatem.
1691 4100 1792 4166 Qui
1828 4102 1971 4156 enim
2012 4118 2042 4155 a

478 4204 537 4241 se
568 4204 762 4244 rursus
790 4195 1126 4258 assumptam
1163 4189 1395 4243 animam
1422 4205 1522 4245 suo
1555 4191 1688 4244 uniit
1716 4192 1929 4260 corpori
1950 4208 2045 4261 per

478 4280 751 4350 pt-Opriam
778 4280 1067 4345 virtutem,
1131 4296 1252 4350 qute
1319 4282 1531 4351 utrique
1565 4297 1748 4335 eorum
1808 4284 2043 4338 immista

481 4373 656 4423 fuerat
686 4371 740 4424 in
773 4372 946 4440 prima
976 4372 1311 4435 conditione,
1366 4374 1411 4427 is
1439 4373 1761 4442 generaliori
1807 4374 2039 4443 quadam

2151 3189 2247 3257 τῆς
2274 3185 2565 3247 διαλύσεως
2600 3183 2753 3254 ἡμῶν
2787 3180 3098 3252 ἐκρυείσηςο
3134 3173 3242 3231 οἷον
3276 3177 3367 3230 ἐπὶ
3411 3173 3506 3227 τοῦ
3548 3172 3724 3243 ὑγροῦ

2153 3276 2457 3347 συμϐαίνει,
2489 3271 2944 3345 περιθρυφθέντος
2976 3268 3123 3339 αὐτῴ
3166 3265 3258 3320 τοῦ
3308 3264 3555 3333 ἀγγείου,
3591 3278 3725 3314 σκε-

2150 3367 2476 3438 δαννυμένου
2532 3382 2591 3419 τε
2624 3365 2717 3418 καὶ
2746 3360 3160 3433 ἀφανιζομένου,
3194 3357 3417 3429 μηδενὸς
3447 3356 3598 3417 ὄντος
3624 3353 3722 3405 τοῦ

2153 3462 2578 3533 περιστέγοντος.
2614 3455 2877 3525 Καθάπερ
2922 3453 2977 3505 δὲ
3024 3454 3056 3524 ἡ
3101 3450 3240 3521 ἀρχὴ
3277 3447 3371 3502 τοῦ
3402 3448 3631 3501 θανάτου
3660 3448 3723 3499 ἐν

2152 3555 2230 3606 ἐνὶ
2257 3550 2518 3621 γενομένη
2553 3550 2699 3619 πάσῃ
2732 3544 3068 3616 συνδιεξῆλθε
3096 3546 3161 3614 τῇ
3196 3541 3509 3612 ἀνθρωπίνῃ
3538 3539 3721 3608 φύσει,

2150 3644 2291 3699 κατὰ
2316 3644 2402 3697 τὸν
2429 3643 2587 3697 αὐτὸν
2624 3642 2821 3711 τρόπον
2857 3637 2950 3691 καὶ
2988 3640 3019 3708 ή
3067 3634 3207 3706 ἀρχὴ
3245 3634 3340 3704 τῆς
3373 3632 3726 3693 ἀναστάσεως

2150 3735 2215 3789 δι’
2258 3735 2372 3797 ἑνὸς
2413 3734 2503 3787 ἐπὶ
2540 3735 2716 3785 πᾶσαν
2759 3729 3007 3783 διατείνει
3055 3728 3150 3797 τὴν
3198 3723 3611 3795 ἀνθρωπὸτητα.
3659 3722 3725 3772 ὐ

2150 3828 2258 3899 γάρ
2304 3826 2401 3899 τὴν
2463 3825 2858 3895 ἀναληφθεῖσαν
2908 3821 3037 3891 παρ’
3088 3818 3279 3873 ἑαυτοῦ
3328 3816 3506 3887 ψυχὴν
3560 3816 3724 3867 πάλιν

2151 3923 2356 3986 ένώσας
2382 3922 2457 3992 τῷ
2503 3920 2687 3990 οἰκείῳ
2720 3917 2928 3987 σώματι
2974 3915 3059 3967 διὰ
3091 3914 3187 3982 τῆς
3228 3912 3508 3980 δυνάμεως
3554 3907 3723 3961 αὑτοῦ

2150 4018 2247 4085 τῆς
2291 4013 2529 4083 ἐκατέρῳ
2574 4010 2776 4062 τούτων
2840 4006 2989 4077 παρά
3037 4004 3132 4075 τὴν
3186 4002 3407 4073 πρώτην
3463 3998 3727 4051 σύστασιν

2151 4105 2527 4176 ἐμμιχθείσης,
2577 4097 2728 4163 οὗτος
2765 4098 3105 4169 γενικωτέρῳ
3155 4096 3260 4149 τινὶ
3298 4094 3484 4165 τρόπῳ
3528 4092 3727 4163 γοερὰν

2149 4198 2338 4250 οὐσίαν
2370 4198 2433 4265 τῇ
2461 4194 2687 4264 αἰσθητῇ
2726 4189 3108 4260 συγκατέμιξε,
3144 4187 3242 4257 τῆς
3274 4186 3447 4257 ἀρχῆς
3482 4182 3627 4238 κατά
3660 4182 3727 4236 τὸ

2151 4287 2438 4344 ἀκόλουθον
2473 4289 2564 4339 επὶ
2606 4285 2666 4338 τὸ
2710 4284 2882 4355 πέρας
2928 4281 3304 4352 εὐοδουμένης,
3368 4280 3454 4332 Ἐν
3501 4276 3611 4349 γὰρ
3644 4277 3728 4347 τῷ

2150 4380 2509 4453 ἀναληφθέντι
2572 4378 2701 4448 παρ’
2763 4375 2926 4429 αὑτοῦ
2985 4375 3307 4448 ἀνθρωπίνῳ
3360 4372 3724 4443 συγκρίματι,

476 4463 689 4516 ratione
742 4465 930 4519 sensili
982 4480 1101 4520 eam
1164 4474 1374 4521 natura:
1428 4466 1773 4521 commiscuit
1851 4484 2041 4524 essen-

2149 4474 2308 4528 πάλιν
2350 4472 2487 4541 μετά
2528 4469 2623 4539 τὴν
2662 4468 2902 4521 διάλυσιν
2936 4467 3070 4537 πρὸς
3100 4465 3159 4518 τὸ
3209 4465 3368 4534 σῶμα
3415 4463 3513 4531 τῆς
3544 4462 3727 4532 ψυχῆς

479 4553 630 4618 tiam,
664 4569 782 4622 quae
831 4556 1198 4626 intelligentia:
1226 4559 1497 4627 particeps
1536 4568 1638 4620 est,
1677 4560 1945 4629 principio
1980 4561 2046 4614 ad

483 4645 640 4698 linem
680 4645 859 4699 debita
883 4649 1272 4717 consequentia
1300 4650 1556 4707 deducto.
1593 4650 1725 4704 Nam
1771 4653 1823 4705 in
1858 4653 2049 4705 huma-

479 4751 547 4788 na
578 4750 772 4790 rursus
795 4736 862 4789 ab
892 4737 985 4791 illo
1009 4747 1289 4807 assumpta
1315 4742 1668 4795 concretione
1692 4756 1753 4796 ac
1778 4742 2047 4811 composi-

476 4825 647 4888 tione,
671 4840 794 4880 cum
813 4835 933 4895 post
949 4826 1363 4883 dissolutionem
1384 4830 1563 4883 anima
1589 4847 1779 4888 rursus
1798 4833 2047 4888 rediisset

480 4915 545 4969 ad
579 4931 799 4986 corpus,
832 4918 993 4973 veluti
1023 4933 1051 4971 a
1092 4920 1326 4989 quodam
1357 4922 1543 4984 initio,
1580 4938 1673 4991 per
1715 4924 1833 4992 ejus
1869 4925 2041 4977 virtu-

477 5018 609 5074 tem,
649 5010 779 5062 unio
808 5010 927 5078 ejus
956 5010 1100 5079 quod
1144 5011 1322 5066 fuerat
1383 5024 1713 5083 separatum,
1777 5031 1840 5069 ex
1887 5031 2041 5084 aequo

476 5100 675 5154 transit
709 5098 777 5153 ad
816 5100 1124 5156 universam
1156 5103 1447 5159 humanam
1499 5114 1766 5159 naturam.
1820 5105 1913 5159 Est
1946 5122 2043 5160 au-

473 5204 581 5249 tem
614 5192 722 5248 hoc
750 5193 1069 5263 mysterium
1096 5194 1334 5251 hominis
1363 5212 1394 5251 a
1418 5196 1528 5251 Deo
1557 5198 1796 5267 suscepti
1830 5199 2042 5269 dispen-

473 5287 721 5353 sationis,
754 5293 808 5341 et
847 5288 1264 5342 resurrectionis
1317 5303 1347 5342 a
1398 5290 1648 5353 mortuis,
1679 5289 1821 5359 quod
1862 5298 2038 5346 morte

471 5378 689 5446 quidem
721 5377 885 5433 fuerit
938 5378 1118 5432 anima
1180 5389 1427 5449 separata
1462 5396 1491 5434 a
1545 5395 1792 5451 corpore,
1846 5390 1897 5437 et
1930 5398 2039 5438 non

472 5466 812 5534 prohibuerit
870 5471 1238 5526 necessariam
1280 5480 1487 5527 naturae
1548 5475 2038 5543 consequentiam;

471 5558 657 5613 omnia
688 5567 867 5617 autem
908 5578 1100 5619 rursus
1132 5564 1198 5619 ad
1226 5580 1285 5620 se
1313 5565 1544 5621 invicem
1605 5567 1884 5621 reduxerit
1945 5583 2039 5637 per

2144 4564 2562 4634 ἐπανελθούσης,
2598 4556 2707 4615 οἷον
2737 4560 2844 4614 ἀπό
2881 4577 3025 4623 τινος
3075 4557 3248 4629 ἀρχῆς
3288 4557 3367 4619 είς
3411 4557 3590 4607 πᾶσαν
3621 4554 3728 4624 τὴν

2145 4653 2490 4725 ἀνθρωπίνην
2536 4651 2694 4721 φύσιν
2737 4652 2801 4720 τῇ
2834 4648 3057 4717 δυνάμει
3105 4645 3244 4699 κατὰ
3274 4644 3334 4696 τὸ
3380 4638 3500 4695 ἴσον
3547 4643 3581 4711 ὴ
3628 4641 3729 4694 τοῦ

2144 4740 2508 4811 διακριθέντος
2547 4738 2739 4799 ἒνωσις
2782 4736 3065 4789 διαϐαίνει.
3119 4733 3231 4787 Καὶ
3289 4732 3446 4785 τοῦτό
3493 4734 3613 4783 ἐστι
3662 4731 3731 4784 τὸ

2149 4835 2442 4905 μυστήριον
2477 4834 2575 4902 τῆς
2606 4830 2699 4883 τοῦ
2739 4828 2874 4881 Θεοῦ
2920 4827 3047 4897 περὶ
3077 4826 3163 4878 τὸν
3196 4824 3478 4895 ἄνθρωπον
3517 4823 3729 4875 οἰκονο-

2151 4925 2279 4996 μίας
2320 4923 2533 4992 καὶτῆς
2557 4923 2620 4974 ὲκ
2660 4919 2867 4990 νεκρῶν
2912 4918 3279 4980 ἀναστάσεως,
3321 4915 3381 4967 τὸ
3406 4913 3729 4982 διαλυθῆναι

2149 5018 2247 5087 μὲν
2292 5014 2369 5084 τῷ
2416 5013 2631 5083 θανάτῳ
2676 5011 2768 5064 τοῦ
2816 5010 3063 5081 σώματος
3107 5009 3204 5080 τὴν
3247 5007 3446 5078 ψυχὴν,
3488 5006 3582 5059 καὶ
3625 5007 3731 5075 τὴν

2146 5107 2448 5175 ἀναγκαίαν
2488 5105 2587 5173 τῆς
2625 5104 2839 5172 φύσεως
2870 5100 3187 5156 ἀκολουθίαν
3220 5100 3293 5170 μὴ
3324 5099 3565 5153 κωλῦσαι
3593 5116 3606 5127 ·
3642 5101 3731 5162 είς

2146 5198 2347 5267 ἄλληλα
2374 5197 2429 5249 δὲ
2462 5195 2620 5247 πάλιν
2660 5195 3023 5261 ἐπαναγαγεῖν
3072 5191 3158 5245 διὰ
3201 5191 3301 5259 τῆς
3348 5190 3729 5254 ἀναστάσεως,

2145 5293 2219 5355 ὡς
2250 5292 2314 5344 ἂν
2345 5290 2526 5350 αὐτοῖς
2573 5286 2783 5355 γένοιτο
2829 5285 3075 5356 μεθόριον
3122 5284 3446 5354 ἀμφοτέρων
3487 5281 3732 5335 θανάτου

2145 5401 2203 5436 τε
2237 5382 2331 5436 καὶ
2362 5381 2524 5449 ζωῆς,
2558 5380 2615 5431 έν
2646 5377 2822 5446 ἑαυτῷ
2856 5379 2952 5448 μὲν
2986 5378 3187 5447 στήσας
3214 5374 3597 5445 διαιρουμένην
3645 5374 3733 5443 τῷ

2148 5474 2362 5543 θανάτῳ
2391 5473 2487 5542 τὴν
2526 5470 2705 5539 φύσιν,
2740 5471 2901 5530 αὐτὸς
2938 5470 2994 5522 δὲ
3019 5470 3304 5540 γενόμενος
3325 5469 3467 5539 ἁρχὴ
3494 5468 3591 5536 τῆς
3613 5468 3732 5519 τῶν

2144 5564 2487 5636 διῃρημένων
2516 5560 2776 5623 ὲνὼσεως.

471 5654 951 5719 resurrectionem.
1010 5659 1144 5714 adeo
1207 5667 1266 5714 ut
1329 5660 1409 5713 eis
1478 5670 1625 5717 esset
1668 5662 1953 5731 utriusque
1995 5664 2312 5720 conﬁnium,
2351 5672 2543 5725 nempe
2581 5653 2773 5707 mortis
2802 5663 2854 5706 et
2884 5652 3005 5706 vitae
3037 5670 3048 5704 :
3079 5660 3137 5706 ut
3178 5650 3270 5721 qui
3299 5650 3351 5703 in
3406 5665 3463 5703 se
3493 5648 3731 5719 quidem

472 5745 726 5801 statuerit
794 5755 1039 5804 naturam
1108 5761 1280 5809 morte
1346 5754 1599 5819 divisam,
1675 5756 1789 5824 ipse
1828 5763 2008 5812 autem
2054 5755 2214 5812 fuerit
2250 5751 2578 5823 principium
2611 5746 2829 5802 unionis
2861 5762 3046 5803 eorum
3082 5761 3201 5816 qua:
3232 5752 3357 5801 sunt
3388 5743 3584 5799 divisa.
