4006 6148
317 299 385 355 5'5
1542 311 1798 368 ORATIO
1830 303 2331 369 CATECIIETICA.
3483 316 3554 373 Μ

904 425 1152 481 ΚΕΦΑΛ.
1210 430 1306 483 IZ'.

399 513 534 567 Ἀλλ’
555 512 712 567 οὔπω
743 515 904 587 φήσει
951 535 1034 581 τις
1087 519 1337 573 λελύσθαι
1372 518 1472 592 τὴν
1502 524 1882 595 ὑπενεχθεῖσαν

314 607 444 675 ἡμῖν
482 606 770 670 ἀντίθεσιν,
825 609 1281 680 ἰσχυροποιεῖσθαι
1329 614 1385 667 δὲ
1436 616 1633 684 μᾶλλον
1673 619 1737 670 ἐκ
1778 619 1886 672 τῶν

311 697 620 767 εἰρημένων
650 700 710 750 τὸ
762 700 912 769 παρὰ
941 700 1048 753 τῶν
1083 702 1327 758 ἀπίστων
1370 707 1500 777 ήμῖν
1542 710 1886 780 προφερόμε-

311 802 420 839 νον.
457 787 521 839 Εἰ
564 787 674 858 γὰρ
705 788 936 860 τοσαύτη
972 790 1199 862 δύναμίς
1226 794 1372 848 ἐστιν
1410 799 1468 850 ἐν
1500 798 1667 869 αὐτῷ,
1700 801 1831 868 ὅσην
1856 802 1884 853 ὁ

310 879 467 946 λόγος
496 879 798 945 ἀπέδειξεν,
829 882 905 944 ὡς
936 882 1168 937 θανάτου
1199 903 1257 938 τε
1286 886 1601 960 καθαίρεσιν
1623 892 1715 944 καὶ
1739 892 1884 961 ζωῆς

310 968 515 1022 εἷσοδον
563 970 649 1021 ἐπ’
682 968 830 1039 αὐτῷ
861 966 1021 1034 εἶναι,
1070 974 1123 1025 τί
1169 974 1287 1043 οὐχὶ
1336 975 1596 1048 θελήματι
1645 980 1790 1052 μόνῳ
1822 982 1883 1035 τὸ

310 1058 452 1111 κατά
492 1058 716 1130 γνώμην
750 1064 911 1126 ποιεῖ,
947 1062 1061 1117 ἀλλ’
1104 1066 1169 1118 ἐκ
1197 1066 1443 1137 περιόδου
1476 1071 1575 1141 τὴν
1609 1072 1882 1143 σωτηρίαν

308 1151 467 1220 ἡμῶν
498 1148 911 1220 κατεργάζεται,
941 1156 1255 1225 τικτόμενός
1296 1175 1354 1210 τε
1397 1161 1489 1213 καὶ
1528 1163 1876 1233 τρεφόμενος,

310 1240 403 1292 καὶ
452 1242 516 1310 τῇ
562 1240 654 1293 τοῦ
707 1241 934 1295 θανάτου
981 1244 1150 1316 πείρα
1202 1246 1389 1311 σώζων
1436 1249 1525 1303 τὸν
1570 1250 1875 1322 ἄνθρωπον,

311 1338 431 1403 ἐξὸν
480 1338 614 1406 μήτε
646 1337 703 1389 ἐν
738 1337 908 1408 τούτῳ
953 1339 1220 1407 γενέσθαι,
1265 1342 1358 1395 καὶ
1387 1344 1535 1412 ἡμᾶς
1575 1345 1879 1416 περισώσα-

316 1428 477 1493 σθαι;
516 1428 658 1498 Πρὸς
709 1428 766 1480 δὲ
819 1428 909 1482 τὸν
957 1430 1192 1485 τοιοῦτον
1239 1433 1394 1501 λόγον
1445 1435 1623 1488 ἱκανὸν
1678 1438 1776 1508 μὲν
1810 1435 1877 1509 ἦν

314 1518 452 1589 πρὸς
478 1520 598 1581 τοὺς
631 1518 977 1589 εὐγνώμονας
1007 1522 1254 1578 τοσοῦτον
1287 1526 1477 1587 εἰπεῖν,
1521 1527 1602 1579 ὅτι
1644 1529 1736 1581 καὶ
1765 1532 1877 1593 τοῖς

315 1613 516 1682 ἰατροῖς
548 1613 607 1663 ού
639 1611 983 1681 νομοθετοῦσι
1013 1614 1101 1666 τὸν
1129 1615 1326 1684 τρόπον
1363 1616 1461 1685 τῆς
1490 1618 1802 1687 ἐπιμελείας
1825 1623 1874 1673 οί

310 1703 610 1772 κάμνοντες
634 1718 646 1732 ·
678 1702 798 1755 οὐδὲ
828 1704 954 1773 περὶ
979 1704 1072 1757 τοῦ
1105 1709 1202 1776 τῆς
1227 1705 1517 1773 θεραπείας
1543 1709 1715 1773 εἴδους
1740 1711 1874 1782 πρὸς

2549 427 2781 485 CAPUT
2825 428 2987 485 XVII;

2062 522 2167 578 Sed
2198 523 2343 577 dicet
2385 521 2655 592 quispiam
2690 523 2928 577 nondum
2960 522 3128 578 fuisse
3159 523 3389 579 solutam
3430 540 3551 597 qim

1988 616 2147 670 nobis
2173 614 2315 670 facta
2346 625 2429 669 est
2454 614 2816 682 objectionem
2836 658 2849 681 ,
2886 615 2981 670 sed
3009 615 3189 683 potius
3217 614 3388 670 fuisse
3420 632 3549 672 con-

1988 705 2257 759 ﬁrmatum
2290 720 2356 759 ex
2391 704 2459 758 iis
2490 719 2610 773 quae
2643 704 2789 757 dicta
2823 712 2950 759 sunt
2978 704 3029 758 id
3054 705 3194 776 quod
3226 707 3383 761 nobis
3411 708 3552 777 obji-

1986 793 2233 848 ciebatur
2261 794 2328 848 ab
2364 793 2679 849 incredulis.
2710 792 2845 846 Nam
2880 792 2924 848 si
2957 802 3108 847 tanta
3138 804 3223 849 est
3254 796 3307 848 in
3340 811 3404 850 eo
3436 797 3557 850 vir—

1988 893 2077 940 tus
2102 891 2359 953 quantam
2386 895 2572 939 nostra
2598 883 2942 939 ostendimus
2971 884 3239 950 oratione,
3266 886 3402 940 ut'in
3431 887 3548 956 ejus

1984 975 2146 1029 fuerit
2183 982 2451 1045 potestate
2491 985 2545 1030 ct
2581 984 2809 1030 mortem
2855 976 3139 1031 destruere
3169 984 3225 1031 et
3265 977 3430 1031 vitam
3464 979 3547 1032 in-

1983 1065 2168 1135 gredi,
2200 1082 2299 1121 cur
2322 1080 2430 1120 non
2463 1067 2575 1120 sola
2626 1065 2760 1120 facit
2794 1067 3066 1120 voluntate
3107 1066 3160 1120 id
3193 1066 3338 1136 quod
3366 1068 3511 1123 lubet
3532 1108 3546 1131 ,

1981 1156 2079 1210 sed
2137 1157 2296 1227 longa
2344 1156 2667 1211 circuitione
2715 1163 2956 1211 nostram
2991 1156 3218 1211 salutem
3261 1157 3452 1222 eﬂicit,
3491 1170 3549 1213 ut

1979 1250 2069 1320 qui
2097 1258 2353 1303 nascatur
2372 1258 2427 1304 et
2455 1249 2650 1313 alatur,
2675 1256 2727 1303 et
2753 1247 2994 1318 periculo
3016 1248 3206 1302 mortis
3231 1247 3375 1302 facto
3398 1250 3544 1303 salu—

1981 1350 2086 1395 tem
2115 1341 2204 1397 det
2238 1342 2480 1407 homini,
2516 1355 2640 1396 cum
2668 1339 2717 1394 ei
2746 1339 2930 1394 liceret
2961 1349 3014 1393 et
3043 1340 3156 1393 haec
3185 1354 3293 1392 non
3321 1339 3504 1394 subire
3523 1380 3540 1404 ,

1977 1440 2029 1486 et
2057 1447 2155 1487 nos
2182 1431 2545 1488 conservare?
2573 1431 2652 1484 Ad
2684 1429 2797 1483 haec
2825 1436 3003 1483 autem
3035 1431 3167 1484 satis
3190 1442 3334 1485 esset
3360 1429 3546 1484 dicere

1976 1525 2116 1593 apud
2147 1540 2252 1580 non
2280 1525 2623 1595 pervicaces,
2649 1522 2791 1591 quod
2823 1522 2914 1592 qui
2941 1529 3235 1590 aegrotant,
3274 1536 3380 1576 non
3410 1538 3548 1592 pra:-

1976 1615 2223 1669 scribunt
2269 1616 2437 1686 legem
2492 1612 2753 1676 medicis,
2803 1612 3075 1681 quomodo
3120 1612 3228 1665 sint
3271 1612 3543 1679 curandi;

1976 1720 2153 1774 neque
2195 1707 2336 1775 apud
2369 1705 2743 1760 benefactores
2774 1704 3081 1773 disceptant
3109 1704 3173 1758 de
3200 1718 3396 1775 genere
3423 1718 3540 1756 me-

310 1769 435 1857 τοῦς
484 1793 776 1866 εὐεργέτας
823 1769 1248 1867 ἀμιρισὸητοῦσι,
1292 1769 1399 1851 ’διὰ
1449 1769 1509 1852 τί
1561 1769 1873 1872 προσήψατο

1977 1769 2174 1860 dendi,
2224 1769 2415 1866 nempe
2463 1812 2561 1850 cur
2595 1769 2945 1850 laborantem
2976 1802 3179 1864 partem
3204 1769 3400 1866 vtetigit
3451 1794 3544 1864 qui

309 1884 401 1937 τοῦ
439 1884 725 1947 πονοῦντος
753 1883 948 1955 μέρους
981 1887 1011 1937 ὁ
1041 1885 1377 1957 θεραπεύων,
1401 1890 1493 1942 καὶ
1522 1890 1639 1943 τόδε
1667 1909 1719 1944 τι
1741 1892 1877 1963 πρὸς

310 1974 406 2042 τὴν
453 1973 551 2026 τοῦ
580 1973 750 2025 κακοῦ
786 1973 935 2026 λύσιν
977 1975 1277 2045 ἐνενόησεν,
1312 1977 1497 2047 ἕτερον
1540 1980 1655 2033 δέον
1680 1999 1693 2012 °
1743 1982 1877 2036 ἀλλὰ

312 2066 451 2134 πρὸς
484 2065 544 2116 τὸ
590 2065 761 2136 πέρας
804 2065 1037 2135 ὁρῶντες
1086 2068 1184 2138 τῆς
1231 2070 1566 2140 εὐεργεσίας,
1616 2075 1681 2126 ἐν
1716 2074 1876 2144 εὐχα-

312 2157 492 2227 ριστίᾳ
524 2155 622 2226 τὴν
655 2157 897 2211 εὐποιίαν
932 2158 1196 2224 ἐδέξαντο.
1258 2159 1396 2211 Ἀλλ’
1439 2162 1645 2233 ἐπειδὴ,
1699 2165 1877 2228 καθώς

312 2264 474 2316 φησιν
520 2247 549 2298 ὁ
582 2249 886 2318 προφήτης,
932 2248 993 2301 τὸ
1023 2246 1223 2317 πλῆθος
1250 2252 1347 2319 τῆς
1378 2253 1740 2323 χρηστότητος
1781 2254 1873 2307 τοῦ

310 2336 443 2390 Θεοῦ
474 2340 858 2410 κεκρυμμένην
891 2339 1003 2409 ἔχει
1031 2339 1127 2410 τὴν
1168 2339 1453 2407 ὠφέλειαν,
1494 2343 1587 2396 κα)¹
1614 2343 1763 2398 οὔπω
1790 2347 1874 2400 διὰ

306 2429 400 2483 τοῦ
433 2433 695 2501 παρόντος
741 2431 857 2501 βίου
890 2432 1173 2502 τηλαυγῶς
1207 2433 1502 2505 καθορᾶται
1552 2432 1620 2507 (ἦ
1674 2437 1779 2508 γάρ
1808 2438 1875 2493 ἂν

309 2520 608 2594 περιῄρητο
657 2523 806 2575 πᾶσα
863 2522 971 2576 τῶν
1023 2523 1263 2577 ἀπίστων
1327 2525 1675 2598 ἀντίρρησις,
1716 2530 1765 2582 εί
1816 2530 1876 2583 τὸ

308 2612 754 2684 προσδοκώμενον
806 2617 863 2667 ἐν
905 2615 1197 2686 ὀφθαλμοῖς
1232 2611 1299 2687 ἦν
1326 2634 1339 2647 ο
1393 2617 1486 2670 νῦν
1523 2618 1578 2670 δὲ
1618 2621 1874 2692 ἀναμένει

306 2706 431 2767 τοὺς
469 2706 867 2776 ἐπερχομένους
904 2706 1124 2770 αἰῶνας,
1177 2707 1315 2760 ὥστε
1356 2711 1415 2761 ἐν
1457 2710 1634 2775 αὐτοῖς
1670 2713 1874 2765 ἀποκα·

306 2796 572 2867 λειφθῆναι
602 2798 673 2849 τὰ
705 2797 799 2850 νῦν
829 2796 917 2849 διὰ
944 2798 1041 2867 τῆς
1071 2800 1301 2862 πίστεως
1355 2800 1520 2872 μόνης
1568 2802 1835 2874 ὁρώμενα)
1858 2821 1871 2835 ·

305 2885 602 2951 ἀναγκαῖον
646 2885 713 2939 ἂν
760 2887 842 2957 ετη
892 2888 1167 2957 λογισμοῖς
1195 2905 1303 2942 τισι
1340 2891 1479 2944 κατὰ
1504 2890 1564 2944 τὸ
1601 2893 1876 2964 ἐγχωροῦν

306 2977 395 3027 καὶ
422 2976 532 3029 τῶν
566 2974 1009 3047 ἐπιζητουμένων
1041 2980 1278 3049 ἐξευρεῖν
1302 2980 1398 3053 τὴν
1426 2980 1577 3036 λύσιν
1602 2986 1713 3048 τοῖς
1740 3003 1873 3054 προ-

303 3064 638 3136 λαμϐάνουσι
674 3065 1092 3136 συμϐαίνουσαν.

888 3159 1127 3216 ΚΕΦΑΛ.
1172 3164 1276 3217 IH'.

372 3250 564 3303 Καίτοι
606 3250 857 3320 περιττὸν
914 3252 1041 3314 ἴσως
1082 3253 1197 3306 ἐστὶ
1244 3254 1373 3307 Θεὸν
1421 3254 1871 3327 ἐπιδεδημηκέναι

302 3338 379 3410 τῷ
410 3339 510 3411 βίῳ
542 3341 932 3405 πιστεύσαντας
960 3343 1261 3399 διαϐάλλειν
1308 3347 1406 3418 τὴν
1441 3348 1757 3420 παρουσίαν,
1796 3349 1873 3413 ὼς

303 3434 403 3485 οὐκ
441 3434 495 3485 ἐν
526 3434 684 3505 σοφίᾳ
731 3434 837 3487 τινὶ
886 3436 978 3489 καὶ
1010 3435 1151 3507 λόγῳ
1181 3439 1551 3511 γεγενημένην
1580 3440 1657 3510 τῷ
1692 3443 1871 3513 κρείτ-

303 3540 435 3576 τονι.
473 3524 596 3587 Τοῖς
644 3524 753 3596 γὰρ
802 3527 876 3597 μὴ
923 3526 1041 3581 λίαν
1091 3529 1539 3600 ἀντιμαχομένοις
1590 3532 1725 3603 πρὸς
1774 3532 1871 3603 τὴν

304 3615 579 3686 ἀλήθειαν,
610 3616 669 3668 οὐ
707 3617 877 3685 μικρὰ
908 3621 1004 3690 τῆς
1030 3618 1177 3683 θείας
1200 3621 1489 3693 ἐπιδημίας
1516 3624 1802 3689 ἀπόδειξις,
1837 3628 1870 3698 ή

306 3703 399 3754 καὶ
456 3703 561 3774 πρὸ
604 3705 700 3775 τῆς
754 3705 1051 3777 μελλούσης
1090 3709 1233 3779 ζωῆς
1276 3712 1333 3762 ἐν
1382 3711 1458 3782 τῷ
1497 3714 1720 3783 παρόντι
1773 3715 1871 3784 βίῳ

306 3794 702 3866 φανερωθεῖσα,
744 3798 778 3867 ἠ
827 3797 913 3850 διὰ
946 3798 1054 3851 τῶν
1103 3801 1443 3871 πραγμάτων
1465 3803 1670 3868 αὑτῶν,
1706 3806 1871 3875 φημὶ,

309 3885 599 3958 μαρτυρία.
645 3888 741 3951 Τίς
768 3888 876 3959 γὰρ
905 3891 1004 3943 οὑκ
1037 3886 1171 3943 οἶδεν
1203 3892 1349 3954 ὅπως
1382 3893 1704 3964 πεπλήρωτο
1736 3896 1873 3950 κατά

307 3980 413 4029 πᾶν
443 3978 608 4048 μέρος
651 3980 748 4050 τῆς
779 3982 1099 4052 οἰκουμένης
1140 3986 1171 4054 ή
1219 3983 1329 4036 τῶν
1359 3985 1627 4055 δαιμόνων
1664 3989 1868 4059 ἀπάτη,

305 4070 392 4121 διὰ
423 4073 519 4140 τῆς
541 4070 924 4140 είδωλομανίας
947 4072 1044 4142 τῆς
1070 4072 1214 4143 ζωῆς
1238 4074 1347 4126 τῶν
1380 4076 1680 4146 ἀνθρώπων
1707 4096 1873 4132 κατα-

306 4160 651 4230 κρατήσασας
699 4162 887 4224 Ὅπως
912 4161 1068 4215 τοῦτο
1115 4164 1342 4234 νόμιμον
1392 4168 1525 4219 πᾶσι
1570 4170 1681 4231 τοῖς
1730 4170 1872 4223 κατᾶ

304 4248 394 4301 τὸν
442 4250 643 4319 κόσμον
673 4250 880 4303 ἔθνεσιν
905 4246 993 4322 ἦν,
1032 4252 1095 4305 τὸ
1120 4253 1436 4325 θεραπεύειν
1468 4256 1555 4311 διὰ
1580 4256 1687 4311 τῶν
1718 4258 1873 4311 εἰδώ-

303 4340 408 4392 λων
442 4342 568 4403 τοὺς
598 4340 856 4410 δαίμονας
882 4344 938 4394 ἐν
971 4345 1090 4407 ταῖς
1119 4343 1455 4413 ζωοθυσίαις,
1490 4348 1583 4400 καὶ
1610 4349 1725 4411 τοῖς
1749 4350 1870 4401 ἐπι-

1976 1886 2297 1950 medicatur,
2346 1894 2400 1942 et
2426 1887 2529 1941 hoc
2556 1886 2641 1942 vel
2669 1887 2803 1941 illud
2846 1886 3174 1956 excogitavit
3217 1885 3285 1940 ad
3340 1886 3542 1940 malum

1976 1976 2432 2046 propulsandum,
2472 1993 2595 2032 cum
2629 1987 2901 2049 oporteret
2932 1978 3114 2044 aliud;
3149 1976 3242 2032 sed
3272 1976 3338 2031 ad
3375 1976 3537 2031 ﬁnem

1976 2066 2300 2135 aspicientes
2330 2066 2609 2131 beneﬁcii,
2647 2066 2699 2120 id
2726 2074 2878 2137 grato
2905 2070 3086 2120 animo
3114 2065 3406 2135 accipiunt.
3437 2064 3545 2119 Sed

1975 2155 2258 2225 quoniam,
2307 2164 2365 2210 ut
2397 2160 2470 2209 ait
2503 2157 2788 2226 propheta,
2840 2155 3129 2211 multitudo
3161 2156 3416 2210 bonitatis
3446 2155 3539 2210 Dei

1974 2246 2241 2300 occultam
2270 2245 2432 2301 habet
2471 2248 2754 2303 utilitatem
2778 2290 2795 2313 ,
2839 2263 3013 2318 neque
3046 2246 3188 2301 clare
3214 2248 3455 2300 cernitur
3484 2246 3537 2300 in

1972 2334 2075 2389 hac
2120 2336 2230 2388 vita
2282 2336 2505 2405 (revera
2541 2337 2684 2391 enim
2736 2337 3138 2391 iucredulorum
3189 2335 3363 2390 ablata
3395 2344 3540 2390 esset

1976 2425 2154 2480 omnis
2182 2426 2544 2480 contradictio
2564 2466 2579 2491 ,
2609 2428 2653 2482 si
2688 2427 2739 2480 id
2773 2428 2915 2496 quod
2946 2432 3313 2495 exspectatur,
3348 2441 3533 2481 cerne-

1976 2523 2124 2570 retur
2148 2516 2380 2586 oculis);
2412 2531 2557 2571 nunc
2586 2524 2763 2572 autem
2796 2517 2975 2572 futura
3002 2523 3278 2587 exspectat
3306 2517 3504 2572 saecula
3525 2557 3540 2580 ,

1975 2616 2035 2660 ut
2069 2607 2123 2660 in
2148 2607 2227 2663 eis
2268 2608 2576 2662 revelentur
2605 2623 2724 2678 quae
2770 2624 2917 2663 nunc
2946 2607 3199 2663 videntur
3237 2623 3331 2678 per
3368 2608 3540 2663 solam

1974 2698 2133 2754 ﬁdem
2182 2718 2196 2754 :
2247 2715 2469 2755 necesse
2519 2700 2624 2755 erit
2666 2700 2936 2771 aliquibus
2976 2698 3311 2764 rationibus,
3361 2700 3539 2769 quoad

1974 2790 2089 2845 ﬁeri
2127 2791 2347 2859 poterit,
2381 2805 2567 2846 eorum
2608 2806 2726 2862 qua:
2757 2798 3071 2860 quaeruntur
3103 2790 3346 2846 invenire
3388 2789 3537 2846 solu-

1975 2882 2198 2949 tionem,
2220 2898 2341 2954 qua:
2360 2883 2567 2939 accedit
2600 2882 3047 2954 praecedentibus.

2527 3155 2752 3211 CAPUT
2794 3154 2993 3211 XVIII-

2045 3245 2367 3319 Quanquam
2405 3257 2489 3304 est
2530 3249 2767 3305 fontasse
2801 3263 3265 3319 supervacaneum
3291 3287 3308 3313 ,
3341 3257 3401 3303 ut
3441 3251 3534 3319 qui

1974 3337 2144 3395 Deum
2176 3340 2243 3394 ad
2276 3339 2439 3394 vitam
2464 3342 2680 3397 venisse
2708 3340 3069 3405 crediderint,
3099 3339 3391 3395 adventum
3417 3339 3537 3409 ejus

1974 3439 2233 3488 accusent
2261 3472 2275 3495 ,
2308 3440 2366 3485 ut
2394 3433 2485 3502 qui
2515 3448 2623 3487 non
2656 3433 2836 3502 aliqua
2866 3432 3135 3487 exstiterit
3160 3431 3418 3500 sapientia
3438 3472 3455 3496 ,
3483 3438 3539 3485 et

1973 3524 2252 3593 prmstanti
2289 3525 2473 3594 aliqua
2509 3525 2735 3578 ratione.
2781 3522 2853 3578 lis
2885 3523 3029 3578 enim
3075 3522 3168 3592 qui
3217 3536 3327 3576 non
3372 3520 3538 3575 nimis

1975 3617 2249 3672 obstinate
2286 3624 2589 3687 repugnant
2624 3615 2875 3682 veritati,
2921 3614 3090 3670 divini
3125 3614 3393 3669 adventus
3425 3627 3534 3667 non

1974 3723 2201 3777 parvum
2254 3707 2416 3761 fuerit
2461 3714 2873 3777 argumentum,
2928 3705 2980 3759 id
3027 3706 3169 3775 quod
3212 3706 3375 3760 etiam
3408 3713 3536 3760 ante

1976 3798 2217 3852 futuram
2246 3798 2413 3850 vitam
2449 3796 2502 3850 in
2537 3798 2789 3866 praesenti
2811 3798 2922 3851 vita
2953 3797 3055 3851 fuit
3084 3795 3489 3851 manifestatum
3516 3814 3528 3850 :

1948 3888 2161 3957 ,quod,
2216 3888 2474 3956 inquam,
2520 3902 2587 3941 ex
2636 3888 2799 3943 rebus
2846 3887 2980 3957 ipsis
3015 3889 3251 3943 sumitur
3290 3887 3538 3942 testimo-

1977 3979 2148 4033 nium.
2174 3977 2308 4044 Quis
2339 3978 2483 4032 enim
2520 3978 2716 4045 nescit,
2747 3977 3199 4048 quemadmodum
3246 3979 3534 4034 universus

1973 4070 2122 4124 orbis
2154 4077 2312 4139 terra:
2341 4069 2579 4140 repletus
2626 4078 2772 4124 esset
2813 4067 3003 4124 fraude
3030 4067 3380 4129 daemonum,
3413 4082 3533 4137 quae

1972 4174 2070 4229 per
2099 4161 2353 4215 insanum
2388 4160 2592 4214 cultum
2624 4160 3039 4215 simulacrorum
3073 4160 3323 4213 invitam
3355 4160 3531 4213 homi-

1972 4266 2101 4305 num
2134 4247 2411 4305 obtinebat
2450 4249 2785 4303 dominatum
2814 4268 2828 4303 :
2859 4249 3312 4319 quemadmodum
3355 4250 3533 4303 omni-

1975 4343 2077 4397 bus
2110 4357 2231 4412 quae
2259 4342 2314 4394 in
2344 4340 2547 4395 mundo
2572 4350 2728 4396 erant
2762 4340 3015 4410 gentibus
3048 4340 3168 4409 lege
3191 4348 3306 4394 erat
3333 4343 3539 4396 consti-

302 4432 529 4501 ϐωμίοις
560 4432 895 4501 μιάσμασιν;
929 4428 1120 4501 Ἀφόὖ
1153 4433 1227 4497 δὲ,
1252 4435 1431 4500 καθώς
1462 4455 1624 4507 φησιν
1647 4441 1674 4491 ὁ
1712 4439 1870 4492 Ἀπό-

1977 4440 2151 4487 tutum
2187 4431 2498 4484 animalium
2534 4430 2818 4485 sacriﬁciis
2841 4469 2855 4493 ,
2905 4436 2959 4485 et
2991 4444 3113 4498 quae
3148 4445 3312 4500 super
3347 4432 3537 4487 aharia

304 4523 507 4589 στολος,
559 4522 852 4591 Ἐπεφάνη
894 4524 933 4591 ἠ
979 4524 1150 4593 χάρις
1188 4527 1293 4579 τοῦ
1326 4527 1471 4581 Θεοῦ
1503 4530 1542 4597 ἡ
1579 4528 1871 4598 σωτήριος

303 4612 490 4667 πᾶσιν
512 4610 861 4679 ἀνθρώποις,
886 4613 975 4666 διὰ
996 4616 1092 4682 τῆς
1121 4617 1464 4688 ἀνθρωπίνης
1488 4619 1870 4690 ἐπιδημήσασα

304 4699 535 4767 φύσεως,
573 4701 750 4755 πάντα
796 4701 1005 4755 καπνοῦ
1034 4703 1189 4773 δίκην
1229 4706 1307 4768 εἰς
1338 4705 1398 4757 τὸ
1430 4706 1502 4776 μὴ
1539 4707 1599 4760 ὃν
1634 4708 1871 4779 μετεχώ-

307 4806 498 4860 ρησεν·
531 4791 672 4844 ὥστε
726 4792 1037 4846 παύσασθαι
1092 4793 1189 4863 μὲν
1222 4794 1317 4857 τάς
1364 4795 1470 4848 τῶν
1522 4799 1869 4869 χρηστηρίων

301 4896 359 4931 τε
388 4884 480 4933 καὶ
511 4883 776 4951 μαντειῶν
827 4884 1055 4954 μανίας,
1108 4884 1455 4956 ἀναιρεθῆναι
1500 4886 1555 4939 δὲ
1599 4888 1697 4951 τὰς
1749 4891 1871 4961 ἐτη-

303 4971 448 5035 σίους
480 4971 701 5043 πομπὰς
721 5014 736 5037 ,
768 4974 861 5026 καὶ
890 4972 959 5026 τὰ
989 4973 1055 5026 δι’
1084 4974 1332 5043 αἱμάτων
1370 4978 1428 5028 ἐν
1472 4977 1587 5041 ταῖς
1634 4979 1867 5051 ἑκατόμ-

301 5056 424 5118 ϐαις
461 5059 777 5129 μολύσματα
796 5076 809 5092 ο
854 5062 910 5116 ἐν
943 5060 1000 5114 δὲ
1025 5064 1137 5125 τοῖς
1164 5063 1374 5126 πολλοῖς
1402 5063 1511 5117 τῶν
1536 5065 1703 5119 ἐθνῶν
1728 5055 1867 5135 ἀφα-

305 5147 543 5218 νισθῆναι
574 5151 800 5205 καθόλου
844 5151 1059 5223 βωμούς
1084 5170 1142 5205 τε
1170 5152 1263 5206 καὶ
1291 5154 1622 5225 προπύλαια,
1653 5158 1746 5211 καὶ
1776 5175 1865 5211 τε·

302 5239 454 5308 μένη,
486 5240 581 5295 καὶ
621 5242 997 5313 ἀφιδρύματα,
1031 5244 1124 5298 καὶ
1156 5245 1254 5297 ὅσα
1297 5245 1429 5298 ἄλλα
1459 5248 1570 5310 τοῖς
1599 5247 1863 5318 θεραπευ-

296 5336 413 5395 ταῖς
436 5335 545 5387 τῶν
571 5335 840 5406 δαιμόνων
864 5338 955 5390 ἐπὶ
981 5338 1197 5408 ἀπάτης
1226 5338 1375 5408 σφῶν
1407 5339 1585 5393 αὐτῶν
1623 5341 1717 5394 καὶ
1753 5342 1862 5396 τῶν

296 5421 728 5491 ἐντυγχανόντων
788 5426 1163 5497 ἐπιτετήδευτο
1184 5443 1197 5458 ·
1251 5426 1326 5489 ὼς
1377 5428 1436 5480 ἐν
1486 5428 1703 5493 πολλοῖς
1751 5431 1861 5484 τῶν

294 5512 469 5566 τόπων
512 5514 648 5584 μηδέ
696 5516 746 5569 εί
791 5516 979 5585 γέγονε
1023 5517 1195 5571 ταῦτά
1245 5534 1372 5572 ποτε
1410 5520 1858 5590 μνημονεύεσθαι,

366 5694 386 5726 ⁶
418 5691 525 5749 Tit.
564 5712 623 5761 ιι,
656 5697 743 5753 Η.

1969 4524 2169 4581 ﬁebant
2199 4520 2732 4585 abominationibus,
2784 4519 3056 4576 daemones
3103 4521 3281 4575 colere
3329 4536 3424 4591 per
3463 4523 3540 4578 si-

1966 4616 2208 4671 mulacra
2234 4614 2256 4666 ?
2289 4612 2366 4666 Ex
2396 4626 2505 4682 quo
2534 4618 2711 4664 autem
2730 4651 2745 4675 ,
2779 4616 2839 4663 ut
2865 4609 2996 4664 dicit
3027 4610 3321 4680 Apostolus
3349 4611 3389 4675 ⁸,
3425 4612 3535 4679 Ap-

1965 4706 2144 4773 paruit
2207 4704 2383 4773 gratia
2453 4700 2551 4755 Dei
2595 4701 2849 4755 salutaris
2909 4700 3147 4755 omnibus
3198 4700 3537 4756 hominibus.

1966 4812 2087 4868 qua:
2130 4810 2226 4865 per
2255 4795 2543 4848 humanam
2577 4792 2792 4847 advenit
2824 4799 3104 4859 naturam,
3143 4794 3324 4847 omnia
3354 4794 3527 4848 instar

1968 4890 2101 4944 fumi
2135 4889 2202 4942 ad
2247 4887 2477 4940 nihilum
2517 4885 2736 4940 redacta
2777 4891 2939 4948 sunt;
2991 4887 3125 4940 adeo
3167 4895 3223 4939 ut
3269 4887 3540 4941 cessarint

1966 4977 2184 5047 quidem
2212 4974 2556 5030 oraculorum
2572 4981 2625 5029 et
2640 4972 3035 5028 divinationum
3059 4973 3304 5036 insaniae,
3343 4974 3536 5028 ablatae

1965 5068 2078 5124 sint
2130 5074 2306 5119 autem
2358 5078 2567 5133 pompa;
2617 5063 3028 5127 anniversariae,
3073 5070 3128 5118 et
3188 5079 3308 5133 quae
3352 5063 3409 5117 in
3443 5063 3536 5116 he-

1964 5156 2229 5212 catombis
2259 5152 2522 5223 sanguine
2548 5151 2747 5207 ﬁebant
2779 5152 3223 5222 inquinamenta,
3270 5153 3324 5204 in
3351 5149 3538 5204 multis

1968 5254 2146 5301 autem
2174 5244 2428 5315 gentibus
2453 5242 2673 5297 omnino
2699 5242 2873 5298 deleta
2897 5243 3006 5297 sint
3031 5243 3256 5303 altaria,
3282 5248 3337 5293 et
3373 5240 3539 5293 vesti-

1968 5338 2124 5402 bula,
2155 5345 2209 5392 et
2237 5336 2466 5404 templa,
2503 5342 2556 5389 et
2597 5333 2863 5402 delubra;
2907 5344 2963 5389 et
3010 5345 3347 5404 quaecunque
3375 5330 3477 5386 alia
3506 5348 3536 5385 a

1968 5429 2268 5486 cultoribus
2295 5424 2599 5481 daemonum
2629 5424 2695 5479 ad
2726 5425 2809 5480 sui
2839 5424 3112 5484 fraudem,
3151 5430 3206 5474 et
3228 5434 3415 5475 eorum
3443 5423 3538 5491 qui

1969 5522 2023 5577 in
2066 5521 2182 5590 ipsa
2229 5516 2576 5580 incidebant.
2622 5524 2803 5570 erecta
2849 5522 2903 5568 et
2942 5510 3237 5567 constituta
3283 5508 3535 5566 fuerant:
