3980 6198
471 299 541 357 55
705 296 716 305 -
1736 289 1792 344 ε.
1835 280 2176 348 οηεςοιιιῐ
2199 293 2491 352 mssa-.11
3643 300 3718 362 ὗε

475 404 610 459 adeo
639 412 698 457 ιιι
728 403 783 458 ἰη
813 404 996 460 multis
1025 405 1158 460 locis
1190 419 1256 460 ne
1284 419 1352 459 an
1385 405 1500 462 haec
1537 407 1758 476 quidem
1793 426 2039 480 unquam

2150 416 2535 488 άντεγερθῆναι
2564 419 2620 472 δὲ
2651 418 2790 473 κατὰ
2821 421 2998 474 πᾶσαν
3024 418 3122 490 τὴν
3147 419 3468 490 οἰκουμένην
3507 420 3600 472 ἐπὶ
3638 420 3717 490 τῷ

479 497 709 561 fuerint,
737 499 1110 564 meminerint;
1137 512 1322 552 eorum
1352 507 1532 552 autem
1560 499 1680 554 loco
1708 501 1761 554 in
1787 501 2042 558 universo

473 587 605 641 urbe
630 594 898 640 terrarum
925 587 1174 642 excitatae
1198 589 1309 643 sint
1335 589 1391 642 in
1417 588 1622 644 Christi
1648 592 1869 645 nomine
1899 591 2042 647 aedes

475 695 675 745 sacra),
713 679 908 748 templa
955 686 1007 733 et
1042 679 1266 744 altaria,
1311 679 1552 749 illudque
1587 682 1957 736 venerandum
1988 691 2042 737 et

475 772 819 823 incruentum
874 769 1245 834 sacriﬁcium,
1299 771 1660 842 sublimisque
1709 780 1763 827 et
1817 775 2039 828 excelsa

476 861 812 930 philosophia
835 901 849 926 ,
878 876 1000 930 qua:
1030 860 1190 915 factis
1219 861 1400 930 potius
1425 877 1585 932 quam
1611 877 1863 918 sermone
1887 879 2041 917 exer-

475 960 658 1016 cclur;
687 950 921 1020 vitazque
945 951 1252 1020 corporalis
1279 949 1579 1020 despectio,
1608 960 1661 1009 et
1687 953 1880 1008 mortis
1908 968 2042 1006 con-

473 1042 731 1110 temptio,
766 1056 928 1111 quam
981 1041 1336 1096 ostenderunt
1370 1043 1463 1111 qui
1509 1059 1540 1098 a
1586 1045 1833 1114 tyrannis
1877 1059 2038 1115 coge-

475 1131 672 1185 bantur
721 1147 750 1185 a
802 1131 906 1185 ﬁde
938 1131 1206 1200 deﬁcere,
1265 1133 1546 1186 cruciatus
1593 1134 1848 1202 corporis
1901 1133 2034 1186 nihil

474 1223 771 1288 ducentes,
813 1230 866 1276 et
907 1222 1234 1276 sententiam
1277 1223 1470 1292 capitis
1499 1241 1510 1277 :
1546 1223 1659 1277 haec
1692 1225 1904 1278 scilicet
1938 1225 2039 1277 mi-

474 1311 620 1366 nime
653 1312 922 1375 subituri,
958 1313 1062 1367 nisi
1091 1321 1338 1382 apertum
1376 1321 1428 1367 et
1463 1315 1685 1368 minime
1716 1313 1940 1367 dubium
1976 1315 2040 1369 de

477 1400 569 1456 Dei
618 1402 852 1456 adventu
902 1403 1222 1458 habuissent
1268 1411 1668 1472 argumentum.
1711 1403 1824 1458 Hoc
1861 1405 2038 1474 ipsum

476 1504 654 1547 autem
684 1496 845 1547 etiam
876 1495 1016 1564 apud
1042 1493 1260 1549 Judaeos
1293 1495 1416 1548 licet
1437 1495 1619 1550 dicere
1640 1511 1762 1551 esse
1785 1497 1997 1566 signum
2023 1537 2037 1562 ,

474 1584 619 1654 quod
641 1586 783 1639 adsit
809 1587 854 1639 is
877 1586 968 1656 qui
994 1586 1062 1639 ab
1082 1586 1160 1641 eis
1191 1601 1298 1639 non
1322 1586 1584 1640 creditur.
1615 1586 1746 1640 Nam
1774 1604 1946 1657 usque
1973 1588 2038 1642 ad

475 1674 681 1730 Christi
717 1676 935 1746 quidem
974 1675 1064 1730 Dei
1098 1675 1425 1741 adventum,
1462 1677 1603 1746 apud
1637 1692 1732 1732 eos
1761 1676 2037 1748 Jerosoly-

2146 508 2380 579 Χριστοῦ
2410 510 2651 580 ὀνόματι,
2676 511 2835 575 ναούς
2866 529 2923 566 τε
2962 511 3056 564 καὶ
3087 511 3464 582 θυσιαστήρια,
3498 512 3592 564 καὶ
3615 512 3716 581 τὴν

2149 601 2350 670 σεμνήν
2379 617 2436 652 τε
2464 602 2556 653 καὶ
2589 602 2920 671 ἀναίμακτον
2955 601 3272 674 ἱερωσύνην,
3310 602 3404 656 καὶ
3431 602 3527 671 τὴν
3578 601 3718 670 ὑψη-

2145 689 2240 760 λὴν
2271 691 2602 760 φιλοσοφίαν,
2629 691 2776 764 ἔργῳ
2803 694 2998 763 μᾶλλον
3023 694 3055 764 ἢ
3088 694 3230 764 λόγῳ
3253 693 3714 764 κατορθουμένην,

2145 782 2236 834 καὶ
2273 783 2370 852 τῆς
2423 787 2736 856 σωματικῆς
2787 784 2930 856 ζωῆς
2975 783 3071 854 τὴν
3118 783 3435 854 ὑπεροψίαν,
3490 784 3580 836 καὶ
3619 782 3716 835 τοῦ

2144 871 2370 924 θανάτου
2419 875 2517 944 τὴν
2563 875 2983 946 καταφρόνησιν,
3035 875 3101 944 ἢν
3144 875 3194 926 οἱ
3250 873 3582 943 μεταστῆναι
3617 873 3718 942 τῆς

2144 963 2375 1027 πίστεως
2405 965 2554 1035 παρὰ
2579 965 2685 1019 τῶν
2709 967 2983 1036 τυράννων
3007 967 3436 1036 ἀναγκαζόμενοι
3465 965 3717 1035 φανερῶς

2141 1053 2498 1120 ἐπεδείξαντο,
2529 1057 2641 1109 ἀντ’
2673 1056 2884 1120 οὐδενὸς
2911 1056 3189 1126 δεξάμενοι
3215 1056 3311 1118 τὰς
3337 1056 3428 1108 τοῦ
3464 1055 3716 1125 σώματος

2141 1145 2340 1209 αἰκίας,
2385 1145 2478 1199 καὶ
2511 1145 2606 1217 τὴν
2636 1147 2728 1199 ἐπὶ
2759 1147 2972 1216 θανάτῳ
2998 1147 3202 1217 ψῆφον·
3240 1148 3336 1199 οὑκ
3360 1147 3424 1199 ἂν
3450 1147 3717 1199 ὑποστάν-

2139 1255 2228 1300 τες
2257 1237 2453 1308 δηλαδὴ
2484 1237 2674 1300 ταῦτα,
2706 1239 2779 1309 μὴ
2813 1240 2954 1309 σαφῆ
2987 1256 3044 1291 τε
3077 1240 3167 1292 καὶ
3209 1238 3576 1308 ἀναμφίϐολον
3613 1239 3714 1307 τῆς

2141 1329 2288 1390 θείας
2320 1329 2612 1400 ἐπιδημίας
2661 1330 2875 1399 ἔχοντες
2904 1331 2999 1401 τὴν
3042 1329 3330 1394 ἀπόδειξιν.
3381 1330 3453 1381 Τὸ
3495 1330 3551 1382 δέ
3581 1331 3716 1383 αὐτὸ

2138 1418 2295 1472 τοῦτο
2344 1421 2438 1474 καὶ
2474 1421 2609 1490 πρὸς
2651 1422 2776 1485 τοὺς
2819 1421 3099 1484 Ἰουδαίους
3143 1422 3320 1474 ίκανὸν
3362 1424 3587 1491 σημεῖον
3635 1423 3715 1472 εί-

2140 1513 2280 1574 πεῖν,
2332 1511 2426 1564 τοῦ
2476 1514 2725 1582 παρεῖναι
2777 1512 2864 1565 τὸν
2913 1513 3040 1581 παρ’
3067 1511 3242 1564 αὐτῶν
3289 1511 3710 1580 ἀπιστούμενον.

2139 1602 2314 1672 Μέχρι
2342 1602 2439 1672 μὲν
2466 1603 2573 1674 γὰρ
2597 1606 2695 1674 τῆς
2738 1602 2830 1656 τοῦ
2870 1603 3104 1674 Χριστοῦ
3137 1602 3454 1672 θεοφανείας
3479 1603 3714 1674 λαμπρὰ

2141 1693 2268 1764 παρ’
2302 1693 2482 1756 αὑτοῖς
2518 1689 2585 1764 ἦν
2632 1693 2701 1746 τά
2753 1697 2808 1747 ἐν
2857 1694 3248 1766 Ἰεροσολύμοις
3287 1694 3549 1764 βασίλεια,
3579 1696 3608 1747 ὁ
3635 1695 3716 1751 δι-

475 1766 582 1820 mis
611 1767 870 1836 praeclara
902 1775 1015 1820 erat
1043 1766 1200 1822 sedes
1233 1768 1410 1838 regia,
1447 1769 1709 1839 inclytum
1741 1769 1870 1824 illud
1901 1777 2037 1826 tem-

2150 1782 2357 1853 ώνυμος
2393 1785 2594 1848 ἐκεῖνος
2644 1786 2788 1849 ναὸς,
2822 1787 2879 1840 ai
2917 1786 3296 1857 νενομισμέναι
3329 1786 3394 1839 δι’
3417 1785 3568 1848 ἔτους
3617 1785 3716 1842 θυ-

473 1857 620 1925 plum
647 1895 662 1921 ,
689 1857 805 1926 lege
832 1857 1129 1912 constituta
1158 1874 1338 1912 annua
1365 1859 1634 1915 sacriﬁcia
1655 1901 1670 1925 ,
1701 1869 1755 1916 et
1785 1877 2042 1932 quaecun-

474 1964 578 2018 que
613 1964 643 2002 a
679 1948 794 2019 lege
841 1964 938 2018 per
984 1951 1303 2020 aenigmata,
1338 1951 1408 2006 iis
1449 1952 1540 2021 qui
1587 1953 1814 2023 mystice
1855 1955 2044 2010 audire

474 2047 708 2108 possunt
733 2081 746 2103 ,
777 2050 903 2094 sunt
938 2038 1204 2094 distincta
1249 2055 1314 2096 ac
1355 2041 1580 2096 deﬁnita
1627 2043 1696 2097 ad
1730 2045 1835 2099 hoc
1870 2060 2042 2115 usque

478 2142 726 2200 tempus,
761 2147 827 2186 ex
859 2132 940 2186 eis
983 2133 1286 2187 constituto
1333 2133 1441 2188 ritu
1491 2135 1774 2206 religionis
1821 2136 2044 2191 minime

477 2231 632 2274 erant
662 2222 957 2290 prohibita.
992 2221 1284 2292 PQStquam
1312 2232 1492 2279 autem
1520 2225 1775 2280 viderunt
1801 2240 1923 2280 eum
1949 2226 2041 2296 qui

477 2315 925 2383 exspectabatur,
961 2323 1014 2368 et
1045 2329 1206 2383 quem
1242 2331 1272 2368 a
1307 2315 1422 2385 lege
1467 2321 1522 2370 et
1566 2315 1848 2385 prophetis
1890 2317 2043 2386 prius

479 2403 816 2468 didicerant,
847 2414 901 2459 et
929 2404 1053 2460 ﬁdei
1085 2405 1139 2459 in
1185 2421 1308 2461 eum
1354 2407 1448 2477 qui
1480 2415 1807 2478 apparuerat
1848 2419 2044 2478 praetu-

480 2496 653 2552 lerunt
687 2495 881 2551 falsam
919 2498 1067 2552 illam
1102 2499 1586 2566 superstitionem:
1620 2514 1728 2570 qua
1776 2501 1917 2556 male
1945 2518 2042 2557 ex-

480 2587 635 2656 pulsa
681 2588 1079 2643 conservabant
1122 2588 1288 2645 verba
1333 2589 1502 2660 legis,
1531 2590 1916 2647 consuetudini
1949 2606 2044 2661 po-

479 2678 588 2732 tius
618 2679 920 2734 servientes
946 2694 1109 2748 quam
1139 2679 1516 2750 intelligentia
1542 2698 1557 2748 ;
1587 2697 1765 2752 neque
1796 2698 1916 2752 qua:
1945 2696 2044 2752 ap-

478 2769 662 2838 paruit
690 2769 916 2840 gratiam
945 2777 1276 2839 acceperunt
1298 2787 1312 2836 ;
1331 2785 1450 2840 quae
1473 2786 1539 2826 ex
1565 2787 1750 2826 eorum
1782 2773 2045 2848 religione

478 2862 742 2930 praeclara
770 2867 925 2915 erant
965 2867 1018 2916 et
1051 2861 1396 2927 veneranda,
1443 2863 1634 2921 relicta
1665 2877 1795 2923 sunt
1821 2870 1877 2924 in
1907 2870 2044 2925 solis

481 2949 748 3018 nudisque
781 2949 1220 3014 narrationibus,
1256 2965 1380 3004 cum
1421 2959 1684 3024 templum
1719 2972 1786 3011 ne
1812 2973 1875 3011 ex
1911 2957 2044 3026 ipsis

480 3045 698 3116 quidem
733 3050 1059 3117 agnoscatur
1091 3042 1377 3118 vestigiis;
1414 3049 1593 3117 ampla
1628 3057 1807 3103 autem
1839 3062 1891 3105 et
1923 3065 2043 3104 ma-

2147 1873 2276 1938 σίαι,
2311 1874 2488 1928 πάντα
2517 1875 2615 1928 ὅσα
2643 1875 2792 1946 παρὰ
2824 1876 2917 1929 τοῦ
2947 1877 3110 1947 νόμου
3138 1876 3205 1929 δι’
3232 1876 3568 1946 αἰνιγμάτων
3601 1877 3720 1938 τοῖς

2146 1966 2426 2034 μυστικοῖς
2465 1965 2675 2017 ἐπαΐειν
2717 1965 3031 2036 δυναμένοις
3058 1966 3328 2036 διῄρηται,
3367 1966 3556 2035 μέχρις
3592 1965 3715 2016 τότε

2144 2056 2282 2110 κατὰ
2311 2057 2404 2128 τὴν
2434 2056 2492 2122 ἐξ
2516 2058 2688 2130 ἀρχῆς
2717 2059 3062 2128 νομισθεῖσαν
3091 2061 3273 2122 αὑτοῖς
3301 2059 3400 2128 τῆς
3431 2057 3718 2121 εὐσεϐείας

2145 2145 2435 2217 θρησκείαν
2473 2147 2722 2200 ἀκώλυτα
2749 2143 2836 2217 ἦν.
2891 2148 3042 2200 Ἐπεὶ
3087 2148 3142 2202 δὲ
3193 2143 3328 2200 εἶδον
3370 2149 3458 2201 τὸν
3487 2147 3719 2216 προσδο-

2144 2237 2407 2307 κώμενον,
2437 2237 2532 2292 καὶ¹
2563 2237 2621 2291 ὃν
2648 2237 2736 2291 διὰ
2779 2239 2885 2292 τῶν
2914 2239 3205 2311 προφητῶν
3237 2257 3297 2293 τε
3340 2240 3432 2294 καὶ
3475 2238 3568 2292 τοῦ
3621 2237 3715 2292 νό-

2147 2343 2246 2396 μου
2277 2327 2759 2398 προεδιδάχθησαν,
2797 2329 2892 2382 καὶ
2941 2329 3340 2401 προτιμοτέραν
3387 2329 3718 2400 ἐποιήσαντο

2143 2419 2239 2488 τῆς
2273 2420 2351 2482 εἰς
2379 2419 2468 2471 τὸν
2491 2419 2723 2486 φανέντα
2753 2419 2988 2484 πίστεως
3013 2421 3110 2491 τὴν
3135 2420 3477 2492 ἐσφαλμένην
3497 2421 3718 2493 ἐκείνην

2143 2507 2579 2579 δεισιδαιμονίαν,
2621 2510 2686 2580 ἢν
2729 2509 2913 2574 κακῶς
2940 2510 3280 2575 ἐκϐαλόντες,
3318 2511 3384 2564 τὰ
3414 2511 3507 2564 τοῦ
3547 2511 3718 2582 νόμου

2146 2600 2363 2668 ῥήματα
2434 2598 2805 2668 διεφύλασσον,
2858 2601 3114 2672 συνηθείᾳ
3177 2601 3372 2672 μᾶλλον
3425 2602 3458 2670 ἢ
3509 2601 3720 2674 διανοίᾳ

2143 2687 2499 2755 δουλεύοντες,
2558 2689 2679 2746 οὔτε
2723 2691 2815 2764 τὴν
2849 2693 3203 2762 ἐπιφανεῖσαν
3249 2693 3496 2759 ἐδέξαντο
3531 2695 3715 2764 χάριν,

2146 2782 2236 2835 καὶ
2272 2781 2338 2834 τὰ
2372 2781 2543 2851 σεμνά
2581 2785 2679 2852 τῆς
2736 2785 2864 2854 παρ’
2894 2784 3075 2847 αὑτοῖς
3106 2782 3418 2856 θρησκείας,
3449 2786 3506 2837 ἐν
3532 2784 3720 2856 διηγή-

2148 2887 2279 2941 μασι
2332 2871 2502 2940 ψιλοίς
2551 2871 2958 2926 ὑπολέλειπται·
3010 2871 3104 2925 τοῦ
3160 2872 3287 2926 ναοῦ
3341 2873 3439 2944 μέν
3487 2872 3609 2926 οὑδέ
3656 2873 3717 2939 ἐξ

2149 2958 2305 3029 ίχνῶν
2361 2961 2878 3030 ἐπιγινωσκομένου,
2935 2963 3033 3032 τῆς
3082 2961 3137 3015 δὲ
3183 2962 3439 3033 λαμπρᾶς
3499 2964 3714 3030 ἐκείνης

2146 3051 2352 3114 πόλεως
2394 3054 2450 3104 ἐν
2492 3053 2752 3122 ἐρειπίοις
2803 3053 3240 3124 ὑπολειφθείσης,
3290 3053 3466 3123 μεῖναί
3511 3071 3568 3106 τε
3603 3056 3715 3116 τοῖς

482 3136 676 3208 gniﬁca
704 3138 794 3192 illa
823 3138 1018 3194 civitas
1045 3139 1236 3194 relicta
1265 3139 1337 3194 sit
1365 3139 1417 3194 in
1450 3140 1743 3195 ruderibus
1769 3154 1823 3196 et
1849 3142 2042 3204 ruinis,

2161 3141 2429 3204 Ἰουδαίοις
2466 3118 2573 3195 των
2612 3144 2751 3196 κατὰ
2793 3145 2852 3196 τὸ
2901 3118 3124 3215 ἀρχαῖον
3175 3118 3576 3215 νενομισμένων
3620 3163 3718 3215 μη-

483 3246 581 3285 nec
610 3247 798 3286 eorum
835 3249 956 3302 quac
984 3233 1112 3287 olim
1144 3242 1300 3288 erant
1346 3232 1550 3290 Judaeis
1599 3235 1838 3305 legitima
1883 3236 2044 3305 quid-

479 3339 642 3393 quam
689 3326 974 3390 manserit,
1023 3324 1116 3379 sed
1147 3333 1202 3378 et
1231 3324 1298 3377 ad
1329 3326 1528 3394 ipsum,
1564 3325 1655 3395 qui
1695 3324 2049 3394 .lerosolymis

479 3423 598 3470 crat
643 3414 724 3468 eis
784 3415 937 3470 locus
1001 3415 1380 3479 venerandus,
1432 3418 1594 3486 jussu
1657 3417 2050 3486 imperatorum

480 3504 790 3575 prohibitus
823 3503 983 3560 fuerit
1007 3505 1205 3561 aditus.

1068 3595 1295 3651 CAPUT
1323 3596 1466 3650 XIX.

555 3684 660 3740 Sed
692 3684 945 3754 quoniam
976 3701 1151 3756 neque
1183 3685 1250 3741 iis
1275 3685 1369 3756 qui
1399 3685 1712 3741 Graecorum
1741 3695 2050 3756 sequuntur

484 3778 824 3848 disciplinas,
859 3793 1032 3847 neque
1079 3779 1145 3833 iis
1182 3778 1272 3847 qui
1317 3788 1559 3848 prasunt
1609 3777 1917 3832 Judazorum
1953 3778 2051 3832 do—

484 3871 780 3942 gmatibus,
819 3870 1033 3925 videtur
1057 3885 1121 3926 ex
1155 3870 1242 3926 his
1270 3872 1534 3926 sumenda
1557 3886 1680 3926 esse
1721 3869 1921 3926 indicia
1958 3869 2049 3924 Dei

486 3963 769 4026 adventus,
817 3961 953 4016 bene
999 3962 1101 4016 erit
1150 3977 1398 4016 seorsum
1456 3971 1692 4016 tractare
1737 3961 1806 4017 de
1835 3962 1902 4016 iis
1932 3977 2052 4032 qua:

485 4061 612 4109 sunt
653 4053 888 4122 objecta,
938 4069 1130 4124 nempe
1167 4068 1403 4124 quanam
1431 4054 1498 4110 de
1536 4068 1704 4109 causa
1741 4053 1924 4108 divina
1957 4071 2052 4109 ua-

484 4153 606 4198 tura
655 4159 778 4198 cum
826 4151 1013 4198 nostra
1063 4145 1424 4210 connectitur,
1472 4159 1568 4214 per
1619 4159 1680 4199 se
1719 4159 2052 4201 conservans

485 4235 901 4298 humanitatem,
935 4248 1042 4288 non
1069 4233 1227 4303 jussu
1261 4249 1494 4304 operans
1527 4234 1579 4291 id
1611 4234 1757 4304 quod
1799 4241 1882 4290 est
1912 4236 1961 4289 ei
1997 4236 2051 4289 in

484 4328 784 4398 proposito.
820 4325 1102 4393 Quodnam
1143 4341 1272 4397 ergo
1315 4326 1479 4382 fuerit
1502 4326 1664 4382 nobis
1696 4325 2048 4397 principium,

484 4418 548 4472 ad
586 4417 921 4487 pr0positum
946 4431 1169 4487 scopum
1200 4426 1600 4487 consequenter
1622 4418 1898 4472 deducens
1933 4433 2052 4472 ora-
2083 4450 2126 4506 ο

483 4509 730 4563 tionem?
772 4507 928 4574 Quod
971 4510 1138 4574 aliud,
1188 4525 1352 4580 quam
1401 4510 1716 4566 summatim
1766 4524 2052 4566 recensere

481 4615 603 4670 quae
630 4599 697 4654 de
719 4597 829 4655 Deo
858 4600 944 4670 pie
979 4601 1327 4656 sentiuntur?

1079 4687 1305 4744 CAPUT
1345 4688 1462 4742 XX.

553 4779 780 4835 Constat
801 4796 928 4852 ergo
950 4781 1092 4850 apud
1124 4795 1336 4846 omnes,
1366 4789 1614 4848 oportere
1643 4781 1862 4836 credere
1886 4779 2051 4834 Deum

484 4889 592 4929 non
642 4875 818 4928 solum
863 4891 985 4930 esse
1031 4882 1330 4945 potentem,
1389 4875 1481 4930 sed
1519 4883 1572 4930 et
1612 4875 1823 4944 justum
1867 4882 1920 4929 et
1953 4875 2052 4928 ho-

484 4980 637 5028 num,
668 4971 723 5017 ct
753 4965 1077 5033 sapientem,
1108 4973 1161 5018 et
1188 4963 1452 5034 quidquid
1479 4966 1543 5017 ad
1573 4964 1625 5017 id
1655 4965 1800 5033 quod
1825 4970 1909 5018 est
1940 4977 2045 5017 me-

485 5057 614 5120 lius,
640 5054 741 5110 iert
765 5056 1170 5126 cogitationem.
1196 5055 1552 5126 Consequens
1579 5071 1710 5126 ergo
1730 5063 1812 5110 est
1833 5056 1885 5108 in
1915 5068 2054 5123 prae-

484 5145 625 5200 senti
659 5145 1083 5215 dispensationc,
1116 5162 1222 5202 non
1253 5145 1456 5216 aliquid
1485 5147 1704 5216 quidem
1744 5161 1808 5200 ex
1839 5145 1909 5200 iis
1933 5161 2054 5214 qum

486 5235 652 5290 Deum
688 5236 882 5292 decent
915 5253 1175 5306 apparere
1204 5239 1257 5292 in
1308 5238 1374 5293 iis
1408 5253 1530 5307 qua:
1566 5236 1710 5291 facta
1746 5243 1909 5291 sunt:
1955 5235 2054 5288 ali-

483 5329 613 5399 quid
654 5340 830 5382 autem
877 5345 984 5383 non
1029 5329 1231 5384 adesse.
1271 5328 1405 5383 Nam
1456 5339 1515 5382 ut
1550 5328 1719 5384 semel
1753 5327 2051 5390 absolvam,

485 5421 689 5472 nulldm
748 5435 842 5490 per
897 5435 954 5473 se
1003 5435 1066 5472 ex
1122 5419 1206 5474 his
1245 5420 1572 5473 sublimibus
1626 5417 1938 5471 nominibus
1988 5416 2056 5471 ab

487 5510 606 5564 aliis
633 5511 988 5579 disjunclum,
1020 5511 1293 5580 sigillatim
1325 5520 1408 5566 est
1443 5511 1634 5564 virtus.
1656 5507 1838 5578 Neque
1856 5509 2054 5562 bonum

489 5616 612 5655 vere
631 5609 713 5656 cst
740 5603 960 5665 bonum,
983 5604 1127 5674 quod
1150 5617 1256 5656 non
1284 5613 1365 5657 est
1383 5601 1575 5654 ordine
1589 5601 1910 5653 collocatum
1930 5616 2053 5653 eum

489 5692 716 5760 iustitia,
759 5695 1021 5763 sapientia
1051 5704 1100 5749 et
1126 5694 1382 5764 potentia.
1417 5691 1570 5757 Quod
1604 5691 1748 5746 enim
1792 5699 1872 5744 est
1917 5691 2056 5759 inju-

2147 3231 2263 3285 δέψ
2319 3232 2454 3285 ἀλλὰ
2492 3232 2586 3286 καὶ
2627 3234 2787 3287 αὑτὸν
2834 3233 2923 3286 τὸν
2968 3235 3259 3304 σεϐάσμιον
3285 3237 3466 3298 αὐτοῖς
3511 3237 3566 3286 ἐν
3618 3237 3717 3286 Ἰε-

2151 3323 2464 3394 ροσολύμοις
2505 3325 2685 3392 τόπον,
2732 3325 2930 3380 ἄϐατον
2979 3327 3362 3398 προστάγματι
3409 3327 3521 3382 τῶν
3557 3327 3718 3381 δυνασ

2151 3417 2443 3471 στευόντων
2474 3418 2742 3487 γενέσθαι.

2731 3598 2980 3651 ΚΕΦΛΛ.
3021 3599 3116 3651 19⁷.

2233 3684 2370 3737 Ἀλλ’
2403 3687 2548 3754 ὅμως
2587 3686 2769 3756 ἐπειδὴ
2820 3689 2956 3757 μήτε
2998 3692 3108 3751 τοῖς
3149 3688 3538 3758 Ἐλληνίςουσι,
3583 3691 3720 3760 μήτε

2151 3780 2259 3841 τοῖς
2289 3777 2394 3828 τῶν
2428 3778 2695 3830 Ἰουδαίων
2723 3779 3022 3850 προεστῶσι
3042 3780 3342 3850 δογμάτων,
3374 3779 3520 3832 δοκεί
3550 3779 3722 3833 ταῦτα

2152 3871 2299 3933 θείας
2328 3869 2623 3940 παρουσίας
2665 3870 2932 3922 ποιεῖσθαι
2975 3872 3266 3941 τεκμήρια,
3299 3869 3478 3932 καλῶς
3513 3871 3578 3923 ἂν
3608 3872 3722 3940 ἔχοι

2153 3963 2279 4034 περὶ
2311 3961 2418 4014 τῶν
2452 3960 2954 4030 ἀνθυπενεχθέντων
2985 3960 3090 4031 ἰδία
3122 3962 3212 4014 τὸν
3241 3961 3398 4029 λόγον
3423 3962 3718 4023 διαλαϐεῖν,

2151 4057 2270 4109 ὅτου
2302 4055 2457 4126 χάριν
2505 4057 2536 4124 ἡ
2584 4054 2703 4107 θεία
2748 4053 2906 4122 φύσις
2952 4055 3086 4124 πρὸς
3125 4055 3222 4122 τὴν
3262 4055 3534 4126 ἡμετέραν
3587 4073 3726 4124 συμ-

2155 4145 2431 4208 πλέκεται,
2476 4145 2539 4197 δι’
2566 4144 2764 4213 ἐαυτῆς
2799 4143 3042 4208 σώζουσα
3066 4143 3126 4196 τὸ
3154 4144 3507 4215 ἀνθρώπινον,
3545 4146 3608 4198 οὑ
3637 4145 3727 4198 διὶ

2154 4233 2568 4305 προστάγματος
2595 4235 3036 4305 κατεργαζομένη
3070 4233 3130 4286 τὸ
3161 4235 3300 4288 κατὰ
3321 4235 3596 4306 πρόθεσιν.
3629 4235 3727 4296 Ti;

2152 4321 2243 4379 οῦν
2295 4324 2360 4379 ἂν
2407 4325 2614 4393 γένοιτο
2659 4327 2788 4395 ἡμῖν
2835 4325 2995 4396 ἀρχὴ,
3049 4326 3184 4396 πρὸς
3229 4327 3320 4379 τὸν
3365 4326 3726 4397 προκείμενον

2158 4417 2354 4472 σκοπὸν
2403 4417 2708 4481 ἀκολούθως
2756 4417 3169 4488 χειραγωγοῦσα
3217 4417 3308 4470 τὸν
3358 4417 3562 4485 λόγον;
3629 4417 3728 4480 Τίς

2157 4509 2312 4579 ἄλλη,
2342 4508 2375 4579 ἢ
2399 4508 2459 4560 τὸ
2485 4508 2582 4571 τὰς
2611 4509 2853 4574 εὐσεϐεῖς
2879 4509 3007 4578 περὶ
3031 4509 3124 4562 τοῦ
3153 4508 3287 4561 Θεοῦ
3315 4507 3611 4579 ὑπολήψεις
3634 4509 3728 4562 ἐπὶ

2158 4599 2463 4669 κεφαλαίων
2496 4598 2781 4665 διεξελθεῖν
2801 4617 2814 4664 ;

2750 4690 2999 4743 ΚΕΦΑΛ.
3043 4689 3126 4741 κ’.

2229 4779 2436 4833 Οὑκοῦν
2464 4779 2799 4849 ὁμολογεῖται
2835 4778 2982 4848 παρὰ
3018 4780 3171 4843 πᾶσι,
3206 4779 3280 4849 μὴ
3311 4779 3468 4849 μόνον
3500 4779 3732 4833 δυνατὸν

2157 4867 2294 4924 εἶναι
2318 4871 2428 4924 δεῖν
2457 4869 2730 4923 πιστεύειν
2757 4870 2817 4922 τὸ
2850 4869 3022 4937 Θεῖον,
3055 4871 3190 4924 ἀλλὰ
3229 4872 3322 4924 καὶ
3363 4870 3589 4934 δίκαιον,
3634 4870 3732 4924 καὶ

2156 4962 2378 5031 ἀγαθὸν,
2410 4963 2502 5014 καὶ
2527 4961 2709 5030 σοφὸν,
2745 4962 2837 5016 καὶ
2862 4963 2967 5015 πᾶν
3000 4961 3028 5014 ὃ
3049 4978 3101 5015 τι
3134 4962 3270 5034 πρὸς
3312 4961 3373 5015 τὸ
3417 4964 3664 5032 κρεῖττον
3695 4963 3727 5030 ἠ

2156 5054 2362 5108 διάνοια
2406 5052 2580 5122 φέρει.
2627 5050 2938 5104 Ἀκόλουθον
2969 5051 3145 5104 τοίνυν
3189 5051 3281 5104 ἐπὶ
3317 5050 3415 5119 τῆς
3442 5052 3727 5121 παρούσης

2156 5147 2483 5216 οἰκονομίας,
2520 5145 2594 5217 μὴ
2622 5145 2681 5198 τὸ
2709 5146 2805 5216 μέν
2831 5162 2883 5197 τι
2921 5144 3197 5214 βούλεσθαι
3221 5145 3327 5196 τῶν
3349 5143 3426 5212 τῷ
3454 5142 3572 5213 Θεῷ
3594 5159 3729 5214 πρε-

2157 5239 2364 5292 πόντων
2405 5235 2782 5306 ἐπιφαίνεσθαι
2829 5239 2937 5299 τοῖς
2984 5235 3404 5306 γεγενημένοις,
3461 5234 3521 5287 τὸ
3561 5234 3616 5286 δέ
3653 5235 3730 5304 μὴ

2159 5331 2430 5400 παρεῖναι.
2469 5328 2710 5381 Καθόλου
2739 5329 2846 5398 γὰρ
2867 5328 3016 5381 οὑδέν
3041 5329 3126 5395 ἐφ’
3155 5326 3348 5379 ἑαυτοῦ
3377 5327 3484 5380 τῶν
3507 5325 3733 5396 ὑψηλῶν

2157 5420 2357 5473 τούτων
2403 5419 2680 5489 ὀνομάτων
2731 5419 3108 5488 διεζευγμένον
3149 5418 3256 5471 τῶν
3302 5418 3506 5480 ἄλλων,
3558 5418 3733 5488 ἁρετὴ

2158 5511 2468 5580 καταμόνας
2538 5510 2703 5564 ἐστίν.
2774 5511 2910 5563 Οὔτε
2963 5511 3022 5563 τὸ
3070 5511 3268 5579 ἀγαθὸν
3321 5508 3533 5580 άληθῶς
3581 5511 3734 5563 ἐστιν

2158 5602 2378 5668 ἀγαθὸν,
2419 5601 2492 5671 μὴ
2541 5603 2677 5670 μετά
2708 5601 2798 5652 τοῦ
2831 5602 3036 5655 δικαίου
3071 5619 3127 5655 τε
3159 5602 3252 5654 καὶ
3284 5602 3447 5669 σοφοῦ
3492 5599 3586 5652 καὶ
3632 5598 3731 5654 τοῦ

2158 5692 2378 5747 δυνατοῦ
2430 5692 2788 5762 τεταγμένον·
2844 5694 2902 5745 τὸ
2957 5694 3063 5763 γὰρ
3103 5695 3302 5761 ἄδικον,
3346 5693 3379 5763 ἢ
3425 5693 3645 5760 ἄσοφον,
3685 5690 3719 5759 ἢ
