3980 6198
264 309 333 365 57
671 306 679 310 ’
1494 316 1754 372 ORATIO
1785 318 2293 380 CATECHETICA.
3461 326 3528 382 53

264 429 558 495 ἀδύνατον,
605 428 808 498 ἀγαθὸν
853 431 952 482 οὐκ
999 429 1164 483 ἔστιν.
1221 429 1355 484 Οὔτε
1397 435 1428 502 ἡ
1477 433 1720 502 δύναμις,
1751 433 1836 487 τοῦ

1954 444 2117 500 stum,
2146 438 2408 508 insipiens
2431 447 2482 492 et
2513 437 2806 507 impotens.
2838 455 2946 492 non
2973 448 3057 495 est
3079 441 3304 497 bomnu.
3339 443 3526 514 Neque

266 523 474 576 δικαίου
504 539 562 574 τε
597 521 690 574 καὶ
724 521 887 591 σοφοῦ
926 523 1327 593 κεχωρισμένη,
1347 526 1400 576 ἐν
1427 525 1592 596 ἀρετῇ
1623 525 1838 598 θεωρεῖ-

1950 529 2192 596 potentia
2235 545 2355 598 qua:
2391 537 2474 583 est
2509 537 2759 598 separata
2811 544 2841 582 a
2883 528 3097 597 justitia
3132 542 3186 587 et
3237 536 3522 604 sapientia,

267 631 390 667 ται·
437 614 700 684 θηριῶδες
729 616 837 686 γάρ
877 618 993 668 ἐστι
1026 615 1086 668 τὸ
1124 616 1362 669 τοιοῦτον
1410 620 1502 672 καὶ
1527 619 1839 687 τυραννικὸν

1955 617 2327 671 consideratur
2355 617 2408 670 in
2437 617 2670 684 virtute;
2711 625 2795 672 est
2826 618 2968 671 enim
3007 619 3305 676 belluinum
3350 634 3402 677 et
3447 633 3527 695 ty-

264 706 362 776 τῆς
399 706 679 774 δυνάμεως
716 702 873 770 εἶδος.
917 705 1188 770 Ὡσαύτως
1233 707 1289 760 δὲ
1334 709 1427 761 καὶ
1469 708 1536 760 τὰ
1583 709 1764 773 λοιπὰ,
1797 711 1836 762 εἰ

1949 709 2232 762 raunicum
2257 709 2524 778 ejusmodi
2552 723 2722 778 genus
2752 709 3023 778 potentiae.
3063 709 3521 769 Similiterautem

267 797 370 862 ἔξω
399 797 491 849 τοῦ
521 797 732 850 δικαίου
763 797 824 849 τὸ
865 797 1028 867 σοφὸν
1061 797 1299 869 φέροιτο,
1332 799 1364 870 ἢ
1402 801 1461 852 τὸ
1492 800 1696 853 δίκαιον
1798 803 1839 854 εἰ

1952 803 2001 851 et
2034 798 2262 868 reliqua,
2290 813 2485 868 nempe
2519 799 2564 853 si
2597 813 2624 850 a
2651 797 2862 866 justitia
2898 809 3104 854 remota
3141 801 3400 858 aﬂ‘eratur
3434 821 3524 860 sa-

272 895 345 965 μὴ
379 893 514 963 μετὰ
543 893 768 946 δυνατοῦ
798 911 856 945 τε
890 893 984 946 καὶ
1011 892 1216 961 ἁγαθοῦ
1251 892 1524 964 θεωροῖτο,
1559 896 1754 949 κακίαν
1781 895 1844 949 ἄν

1957 888 2190 958 pientia;
2244 896 2338 941 aut
2380 889 2426 941 si
2463 888 2680 957 justitia
2707 889 3085 946 consideretur
3116 909 3224 947 non
3279 911 3399 949 cum
3432 912 3529 965 po-

266 1003 348 1048 τις
382 985 577 1054 μᾶλλον
603 983 673 1036 τὰ
695 985 916 1037 τοιαῦτα
961 984 1168 1063 κυρίως
1197 986 1607 1056 κατονομάσειε.
1639 986 1710 1040 Τὸ
1737 987 1838 1059 γάρ

1953 981 2117 1034 lentia
2161 988 2214 1034 et
2255 981 2518 1047 bonitate,
2572 996 2637 1037 ea
2687 983 2856 1051 magis
2891 985 3081 1038 vitium
3130 987 3347 1056 proprie
3396 998 3525 1043 sunt

271 1077 481 1139 ἐλλιπὲς
514 1076 607 1128 τοῦ
655 1078 980 1147 κρείττονος,
1015 1076 1132 1139 πῶς
1176 1077 1241 1130 ἄν
1274 1095 1355 1140 τις
1395 1081 1452 1130 ὲν
1480 1079 1701 1148 ἀγαθοῖς
1730 1083 1843 1152 ἀρι-

1955 1072 2299 1126 nominanda.
2341 1071 2473 1126 Nam
2504 1072 2591 1128 cui
2619 1073 2772 1128 deest
2811 1075 2861 1128 id
2894 1075 3039 1144 quod
3082 1079 3296 1140 melius,
3336 1096 3527 1149 quem-

271 1166 556 1235 θμήσειεν;
607 1166 668 1217 Εἰ
712 1165 768 1218 δὲ
801 1165 972 1218 πάντα
1005 1166 1269 1235 προσήκει
1297 1166 1617 1237 συνδραμεῖν
1647 1171 1704 1221 ὲν
1732 1172 1843 1234 ταῖς

1954 1160 2242 1214 admodum
2309 1160 2365 1215 in
2426 1162 2584 1216 bonis
2645 1165 3057 1219 numeraveris?
3094 1167 3149 1219 Si
3205 1167 3378 1236 igitur
3412 1171 3526 1224 haec

271 1260 397 1327 περὶ
427 1257 560 1310 Θεοῦ
596 1256 799 1322 δόξαις,
849 1257 1203 1326 σκοπήσωμεν
1232 1257 1278 1308 εί
1317 1259 1350 1328 ἡ
1395 1259 1533 1311 κατὰ
1566 1259 1843 1330 ἄνθρωπον

1952 1251 2134 1305 omnia
2170 1259 2382 1320 oportet
2426 1268 2756 1308 concurrere
2795 1255 2847 1307 in
2885 1255 2951 1310 iis
2993 1271 3113 1325 qua:
3146 1258 3211 1311 de
3243 1257 3351 1313 Deo
3396 1271 3523 1315 sunt

270 1350 364 1400 τοῦ
409 1349 546 1401 Θεοῦ
574 1347 856 1417 οἰκονομία
880 1347 1115 1400 λείπεταί
1148 1365 1199 1401 τι
1230 1348 1336 1400 τῶν
1370 1349 1686 1419 θεοπρεπῶν
1719 1351 1842 1404 ὑπο-

1956 1343 2325 1411 Opinionibus,
2380 1346 2791 1400 consideremus
2835 1363 2902 1401 an
2954 1349 3005 1402 in
3059 1353 3297 1419 suscepti
3341 1367 3368 1405 a
3419 1352 3528 1406 Deo

271 1441 508 1511 λήξεων.
544 1439 821 1509 Ζητοῦμεν
866 1438 1076 1502 πάντως
1119 1439 1210 1491 ἐπὶ
1261 1440 1355 1494 τοῦ
1394 1441 1528 1495 Θεοῦ
1576 1442 1675 1512 τῆς
1717 1445 1843 1511 ἀγα-

1958 1434 2189 1488 bominis
2213 1436 2641 1504 dispensatione,
2675 1437 2824 1493 deest
2867 1440 3047 1508 aliqua
3081 1457 3147 1495 ex
3193 1441 3258 1495 iis
3290 1457 3407 1508 quae
3445 1445 3530 1511 pie

271 1533 502 1603 θότητος
532 1538 598 1584 τά
644 1534 858 1600 σημεῖα.
897 1530 1005 1583 Καὶ
1050 1531 1132 1592 τίς
1159 1529 1224 1583 ἂν
1254 1531 1462 1599 γὲνοιτο
1499 1535 1843 1604 φανερωτέρα

1957 1525 2018 1579 de
2058 1523 2165 1579 Deo
2206 1527 2403 1582 animis
2455 1528 2696 1583 insident
2733 1530 3255 1586 existimationibus.
3308 1533 3380 1587 In.
3421 1535 3529 1589 Deo

270 1624 366 1677 τοῦ
399 1623 601 1691 ἀγαθοῦ
637 1622 929 1694 μαρτυρία,
961 1622 992 1692 ἢ
1025 1622 1084 1675 τὸ
1115 1623 1542 1694 μεταποιηθῆναι
1571 1627 1730 1679 αὐτὸν
1757 1626 1842 1678 τοί

1959 1616 2176 1671 nnmino
2204 1619 2498 1687 quaerimus
2527 1620 2683 1690 signa
2715 1621 2990 1676 bonitatis.
3029 1621 3094 1675 Et
3128 1623 3404 1692 quodnam
3437 1625 3531 1678 bo-

271 1714 410 1782 πρὸς
456 1714 514 1766 τὸ
553 1713 795 1766 ἐναντίον
845 1711 1340 1782 αὐτομολήσαντος,
1391 1713 1524 1784 μηδὲ
1574 1714 1843 1769 συνδιατε-

1955 1708 2143 1764 nitatis
2177 1711 2416 1779 apertius
2444 1712 2607 1766 fuerit
2639 1713 3032 1778 testimonium,
3068 1729 3229 1784 quam
3261 1732 3383 1769 eum
3425 1717 3526 1770 sibi

273 1775 429 1875 θῆναι
487 1804 565 1874 τῷ
612 1775 1001 1874 εὐμεταὸλήτιμ
1056 1775 1154 1868 τῆς
1201 1775 1544 1874 ἀνθρωπίνης
1598 1808 1845 1876 προαιρέ-

1957 1803 2285 1870 vindicasse,
2326 1812 2380 1858 ct
2409 1804 2527 1874 ejus
2544 1820 2728 1860 curam
2759 1807 3015 1874 gessisse,
3049 1807 3141 1876 qui
3169 1808 3443 1862 defecerat
3465 1809 3529 1862 ad

278 1913 412 1958 σεως
462 1894 560 1965 τὴν
612 1894 818 1962 παγίαν
861 1897 916 1946 ἐν
969 1893 1047 1963 τῷ
1088 1892 1276 1964 ἁγαθῴ
1331 1895 1424 1947 καὶ
1481 1896 1850 1967 ἀμετάϐλητον

1957 1895 2316 1960 contrarium,
2351 1895 2668 1966 ﬁrmamque
2701 1912 2764 1952 ac
2790 1899 3035 1953 stabilem
3065 1909 3118 1953 et
3163 1901 3216 1953 in
3251 1901 3393 1954 bono
3429 1902 3529 1954 im-

276 1987 469 2052 φύσινς
513 1987 588 2038 0ιῦ
622 1986 730 2056 γὰρ
775 1985 837 2038 ἂν
866 1981 1028 2055 ἦλθεν
1064 1987 1143 2048 είς
1172 1985 1231 2038 τὸ
1264 1985 1434 2039 σῶσαι
1469 1989 1639 2057 ἡμᾶς,
1673 1988 1848 2051 καθώς

1956 1987 2268 2040 mutabilem
2295 1996 2569 2052 naturam,
2603 2003 2710 2042 non
2744 1990 2905 2043 simul
2941 1989 3111 2045 fuisse
3133 1990 3378 2045 affectam
3406 2007 3527 2045 cum

278 2093 445 2146 φησιν
469 2076 496 2126 ὁ
522 2073 698 2130 Δαόὶδ,
728 2074 800 2144 μὴ
833 2073 1164 2144 ἁγαθότητος
1194 2075 1290 2145 τὴν
1322 2074 1575 2146 τοιαύτην
1601 2077 1850 2146 πρόθεσιν

1957 2079 2201 2132 mutabili
2239 2079 2411 2134 libero
2441 2079 2678 2134 hominis
2713 2080 2978 2134 arbitrio?
3005 2080 3122 2135 Non
3169 2083 3314 2136 enim
3349 2083 3529 2136 venis-

278 2166 636 2236 ἐμποιούσης.
697 2165 832 2218 Ἀλλ’
875 2166 1023 2218 οὐδὲν
1067 2165 1132 2219 ἂν
1185 2164 1358 2236 ὢνησε
1406 2167 1467 2219 τὸ
1513 2167 1715 2236 ἀγαθὸν
1759 2170 1850 2238 τῆς

1959 2177 2039 2222 set
2067 2168 2135 2223 ad
2179 2184 2280 2224 nos
2308 2170 2626 2234 servandos,
2684 2177 2743 2224 ut
2781 2171 2912 2224 dicit
2941 2170 3128 2233 David,
3164 2173 3270 2227 nisi
3315 2173 3531 2226 bonitas

276 2257 624 2329 προθέσεως,
677 2256 750 2327 μὴ
797 2257 985 2326 σοφίας
1032 2257 1254 2326 ἐνεργὸν
1299 2257 1397 2328 τὴν
1449 2257 1848 2330 φιλανθρωπίαν

1961 2259 2058 2313 hoc
2086 2259 2134 2312 ei
2168 2258 2488 2314 immisisset
2532 2261 2894 2328 propositum.
2933 2258 3036 2314 Sed
3075 2261 3206 2314 nihil
3240 2261 3533 2330 profuisset

279 2349 558 2420 ποιούσης.
600 2350 712 2402 Καὶ
740 2349 849 2420 γὰρ
879 2349 970 2401 ἐπὶ
1011 2349 1116 2402 τῶν
1147 2347 1443 2420 ἀρρώστως
1479 2349 1851 2420 διακειμένων,

1960 2351 2174 2406 bonitas
2209 2350 2496 2420 propositi,
2529 2351 2573 2406 si
2605 2366 2710 2405 non
2756 2351 3027 2408 effecisset
3073 2353 3359 2422 sapientia.
3389 2362 3448 2406 ut
3478 2357 3531 2408 in

273 2442 463 2494 πολλοὶ
493 2442 592 2511 μὲν
616 2441 744 2504 ἴσως
771 2442 819 2494 οἱ
847 2439 1158 2510 βουλόμενοι
1193 2440 1266 2510 μὴ
1298 2441 1354 2493 ὲν
1387 2441 1576 2502 κακοῖς
1605 2435 1742 2493 εἶναι
1769 2441 1845 2494 τὸη

1959 2457 2096 2510 Opus
2137 2441 2311 2496 exiret
2349 2441 2678 2512 benignitas,
2712 2449 2766 2496 et
2797 2443 2850 2496 in
2896 2443 3148 2500 homines
3178 2444 3436 2500 cbaritas.
3475 2443 3531 2497 In

278 2533 560 2602 κείμενονο
612 2532 762 2602 μόνοι
785 2531 841 2584 δὲ
866 2531 965 2602 τὴν
998 2529 1205 2600 ἀγαθὴν
1238 2529 1377 2601 ὑπὲρ
1406 2529 1513 2582 τῶν
1542 2530 1850 2600 καμνόντων

1962 2534 2025 2588 iis
2054 2535 2198 2588 enim
2247 2532 2341 2601 qui
2375 2532 2516 2586 male
2543 2547 2602 2588 se
2635 2533 2854 2598 habent,
2889 2533 3124 2590 fortasse
3153 2534 3372 2604 quidem
3408 2543 3534 2590 sunt

273 2623 598 2696 προαίρεσιν
641 2625 719 2686 είς
760 2624 937 2694 πέρας
965 2621 1207 2704 ἄγουσιν,
1246 2617 1327 2686 οἷς
1361 2623 1582 2693 τεχνική
1626 2638 1708 2685 τις
1763 2621 1845 2673 δύ-

1963 2625 2112 2678 nndli
2146 2624 2236 2693 qui
2264 2623 2463 2678 vellent
2495 2623 2550 2677 in
2573 2624 2732 2679 malis
2755 2639 2862 2679 non
2895 2639 3017 2680 esse
3042 2640 3162 2679 eum
3187 2626 3281 2695 qui
3314 2625 3535 2679 decum-

273 2733 447 2787 ναμις
472 2719 723 2785 συνεργεί
747 2716 886 2788 πρὸς
903 2715 1004 2785 τὴν
1029 2714 1122 2768 τοῦ
1149 2714 1445 2785 κάμνοντος
1460 2714 1624 2768 ἴασιν.
1652 2713 1845 2767 Οὐκοῦκ

1960 2715 2068 2769 bit:
2109 2714 2142 2768 ii
2176 2722 2357 2768 autem
2391 2714 2491 2768 soli
2526 2714 2592 2770 ad
2625 2714 2784 2770 finem
2820 2715 3098 2770 deducunt
3136 2716 3335 2771 bonam
3379 2731 3532 2771 suam

272 2809 376 2879 τὴν
427 2807 620 2876 σοφίαν
652 2807 732 2859 δεῖ
781 2804 1134 2876 συνεζεῦχθαι
1168 2805 1384 2869 πάντως
1425 2807 1492 2876 τῇ
1539 2804 1835 2874 ὰγαθότητι

1963 2819 2060 2875 pro
2089 2805 2462 2862 laborantibus
2493 2806 2847 2872 voluntatem,
2879 2807 3078 2877 quibus
3103 2821 3260 2876 opem
3301 2804 3402 2859 fert
3445 2819 3534 2858 ar-

277 2902 407 2964 Πῶς
438 2900 622 2953 τοίνυν
655 2900 711 2952 ὲν
747 2900 856 2961 τοῖς
885 2897 1268 2969 γεγενημένοις
1293 2896 1354 2950 τὸ
1385 2896 1545 2966 σοφὸν
1571 2895 1647 2966 τῷ
1672 2895 1849 2967 ἀγαθᾷ

1964 2895 2188 2952 titiciosa
2250 2896 2329 2952 vis
2383 2895 2629 2966 quaedam
2687 2907 2738 2952 et
2789 2897 3031 2966 potentia
3089 2897 3156 2952 ad
3209 2895 3536 2951 medendum

277 2990 701 3061 συνθεωρείται;
730 2988 853 3040 ’Ότι
881 2987 940 3040 οὐ
969 2987 1173 3058 γυμνὸν
1194 2986 1254 3039 τὸ
1283 2985 1422 3040 κατὰ
1450 2985 1703 3056 πρόθεσιν
1726 2985 1849 3053 ἀγα-

1966 2997 2184 3058 regroto.
2215 2985 2442 3058 Oportet
2485 3002 2614 3056 ergo
2643 2988 2964 3057 sapientiam
3003 2988 3229 3042 omnino
3257 3003 3380 3044 esse
3407 3001 3538 3042 con-

238 3078 242 3081 ’
275 3083 373 3136 θόν
417 3083 567 3134 ἔστιν
614 3080 760 3134 ἰδεῖν.
810 3080 933 3142 Πῶς
963 3080 1070 3150 γάρ
1104 3079 1168 3131 ἂν
1199 3078 1394 3147 φανείη
1433 3077 1464 3146 ἡ
1501 3075 1755 3148 πρόθεσις
1788 3095 1810 3144 μ

1968 3079 2205 3148 junctam
2244 3093 2366 3131 cum
2415 3078 2674 3132 bonitate.
2709 3078 2994 3144 Quomodo
3032 3094 3162 3149 ergo
3212 3080 3265 3133 in
3307 3080 3374 3134 iis
3419 3094 3540 3148 qure

274 3174 370 3227 διὰ
398 3174 506 3226 τῶν
535 3172 834 3242 γινομένων
867 3169 1274 3239 φανερουμένη;
1308 3169 1388 3222 Τὰ
1412 3169 1468 3221 δὲ
1505 3167 1846 3237 πεπραγμένε

1969 3169 2109 3222 facta
2137 3175 2264 3223 sunt
2293 3169 2675 3222 consideratur
2706 3171 2975 3239 sapientia
3013 3171 3175 3225 simul
3219 3187 3340 3225 cum
3379 3172 3539 3226 boni-

276 3264 461 3336 εἱρμῷ
481 3282 586 3316 τινι
613 3264 705 3316 καὶ
731 3262 881 3328 τάξει
907 3262 973 3314 δι’
1002 3260 1290 3335 ἀκολούθου
1317 3258 1590 3330 προῖόντας
1613 3256 1672 3310 τδ
1705 3257 1848 3325 σοφὼ

1968 3259 2114 3312 tate?
2157 3256 2424 3323 Quoniam
2464 3259 2588 3312 licet
2632 3273 2858 3313 cernere
2896 3277 3004 3314 non
3048 3262 3223 3315 solum
3251 3273 3304 3315 et
3334 3263 3538 3314 nudum

274 3375 340 3408 τε
366 3358 464 3409 καὶ
483 3354 728 3425 τεχνικὸν
751 3353 846 3422 τῆς
863 3354 1171 3422 οἰκονομίας
1198 3349 1291 3403 τοῦ
1322 3349 1454 3403 Θεοῦ
1476 3349 1832 3402 διαδείκνυσιν

1969 3349 2168 3402 bonum
2197 3351 2250 3401 in
2280 3348 2578 3418 proposito.
2604 3346 2890 3414 Quomodo
2918 3349 3062 3402 enim
3097 3358 3384 3418 appareret
3416 3365 3541 3419 pro-

286 3449 456 3503 Ἐπεὶ
485 3447 566 3512 δὲ,
599 3445 772 3508 καθὼς
804 3447 859 3498 ἐν
886 3447 996 3506 τοῖς
1018 3443 1284 3512 φθάσασιν
1305 3443 1535 3513 εἴρηται,
1557 3440 1770 3502 πάντως
1788 3439 1858 3509 τῷ

1969 3441 2223 3509 positum,
2281 3439 2324 3494 si
2362 3455 2471 3492 non
2523 3438 2747 3494 evidens
2789 3446 2932 3493 esset
2985 3453 3078 3507 per
3110 3453 3171 3491 ea
3207 3454 3327 3508 quae
3373 3437 3541 3491 fiant?

273 3539 484 3605 δικαίῳ
517 3538 581 3590 τὸ
625 3537 779 3605 σοφὸν
830 3534 1255 3605 συνεζευγμένον
1287 3532 1454 3604 ἁρετὴ
1484 3533 1763 3600 γίγνεται·
1814 3547 1838 3581 ε

1970 3532 2095 3598 Qum
2123 3538 2299 3586 autem
2331 3530 2474 3584 facta
2504 3537 2631 3586 sunt
2660 3530 2892 3599 quadam
2927 3531 3066 3585 serie
3096 3539 3148 3584 et
3195 3529 3385 3584 ordine
3415 3545 3542 3598 pro-

276 3633 336 3684 δὲ
375 3629 688 3703 χωρισθεὶη,
737 3630 811 3699 μὴ
865 3629 931 3682 ἂν
976 3628 1062 3695 ἐφ’
1103 3624 1294 3679 ἑαυτοῦ
1339 3623 1621 3694 καταμένῃ
1661 3621 1848 3690 ἁγαθὸι

1970 3622 2216 3676 cedentia
2249 3637 2343 3691 per
2375 3620 2424 3673 id
2458 3621 2602 3690 quod
2637 3629 2721 3674 est
2745 3635 3087 3689 consequens
3130 3619 3424 3674 ostendunt
3453 3633 3542 3674 sa-

277 3719 462 3775 εἷναιο
527 3721 704 3784 καλῶς
754 3721 818 3774 ἂν
850 3719 961 3790 ἔχοι
1006 3718 1100 3772 κα)⁹
1143 3717 1234 3770 ἐπὶ
1267 3716 1358 3769 τοῦ
1400 3716 1558 3784 λόγου
1593 3715 1691 3783 τῆς
1723 3712 1849 3766 κατά

1970 3715 2226 3785 pientiam
2261 3723 2314 3768 et
2340 3712 2630 3766 artificium
2677 3711 2768 3766 Dei
2798 3711 3261 3781 dispensationis:
3293 3710 3542 3780 quando-

276 3814 574 3883 ἄνθρωπον
622 3811 949 3881 οἰκονομίας,
993 3812 1062 3863 τὰ
1102 3810 1194 3862 δύο
1247 3809 1364 3878 μετ’
1415 3807 1656 3877 ἀλλήλων
1693 3821 1848 3857 κατα-

1968 3807 2207 3876 quidem,
2260 3806 2400 3859 sicut
2446 3804 2597 3873 prius
2629 3803 2888 3868 diximus,
2939 3802 3204 3872 sapientia
3251 3802 3540 3872 conjuncta

277 3904 504 3972 νοῆσαι,
539 3903 599 3956 τὸ
627 3902 789 3972 σοφόν
818 3920 960 3972 φημι
989 3902 1082 3954 καὶ
1110 3899 1170 3953 τὸ
1203 3900 1428 3952 δίκαιον.

1970 3913 2088 3950 cum
2117 3895 2330 3965 justitia
2361 3894 2584 3948 omnino
2620 3892 2680 3946 ﬁt
2712 3893 2906 3948 virtus.
2933 3893 3087 3958 Quod
3116 3894 3160 3948 si
3195 3908 3439 3948 seorsum
3475 3893 3542 3945 sit

277 3998 493 4067 posita,
527 4011 619 4063 per
642 4012 695 4050 se
731 3995 975 4064 sejunrta
1016 4010 1126 4048 non
1177 3992 1338 4046 fuerit
1369 3991 1604 4045 bonitas.
1657 3989 1821 4044 Recte
1860 4004 1990 4057 ergo
2035 3988 2194 4043 fuerit
2234 3988 2287 4041 in
2351 3988 2563 4042 ratione
2630 3985 2869 4056 suscepti
2905 3985 3143 4041 hominis
3181 3983 3544 4055 dispensatio-

278 4093 399 4155 nis,
434 4090 546 4144 duo
581 4090 738 4144 simul
769 4092 911 4143 inter
939 4104 998 4143 se
1021 4089 1246 4143 invicem
1279 4087 1648 4150 considerare,
1700 4083 2042 4154 sapientiam,
2086 4084 2332 4154 inquam,
2362 4092 2415 4136 et
2445 4082 2731 4150 justitiam.

883 4207 1134 4260 ΚΕΦΑΛ.
1178 4208 1305 4259 ΚΑ¹.
1971 4257 1974 4261 .

1971 4257 1974 4261 .
2558 4196 2784 4252 CAPUT
2825 4195 2965 4250 XXI.

352 4303 456 4366 Τίς
503 4297 600 4356 οὖν
647 4305 680 4372 ἡ
727 4300 1068 4371 δικαιοσύνη;
1113 4298 1452 4369 Μεμνὴμεθα
1503 4296 1720 4359 πάντως
1764 4293 1872 4346 τῶν

2042 4291 2300 4358 Quaenam
2353 4305 2482 4360 ergo
2528 4299 2613 4344 est
2660 4286 2912 4357 justitia?
2961 4283 3307 4340 Meminimus
3355 4296 3545 4337 eorum

277 4393 429 4445 κατὰ
459 4393 522 4445 τὸ
559 4391 849 4446 ἀκόλουθον
879 4393 936 4444 ὲν
974 4393 1097 4460 τοῖς.
1131 4389 1367 4460 πρώτοις
1402 4387 1493 4440 τοῦ
1533 4386 1692 4452 λόγου
1723 4386 1843 4454 είρη

1975 4398 2094 4453 qua:
2126 4398 2193 4436 ex
2241 4380 2598 4450 consequenti
2643 4379 2790 4433 dicta
2824 4384 2953 4433 sunt
2991 4377 3047 4429 in
3081 4373 3350 4443 principio
3384 4373 3547 4441 hujus

282 4485 490 4552 μένων,
521 4486 606 4538 ὃτι
637 4485 858 4556 μίμημα
880 4484 976 4553 τῆς
999 4481 1147 4545 θείας
1166 4481 1379 4550 φύσεως
1405 4477 1810 4546 κατεσκευάσθη
1843 4478 1854 4528 ί

1978 4474 2125 4540 libri,
2159 4474 2306 4542 quod
2336 4472 2402 4526 ad
2433 4472 2631 4527 divinae
2660 4477 2868 4523 naturae
2896 4465 3253 4520 imitationem
3286 4465 3447 4518 homo
3479 4465 3549 4518 sit

281 4575 599 4647 ἄνθρωπος,
628 4577 741 4638 τοῖς
769 4592 828 4628 τε
864 4575 1068 4634 λοιποῖς
1096 4573 1204 4626 τῶν
1236 4570 1476 4638 ἀγαθῶν,
1510 4568 1602 4623 καὶ
1626 4565 1705 4637 τῷ
1735 4567 1853 4620 αὑτ-

1977 4565 2254 4625 conditus,
2292 4572 2407 4617 tum
2436 4563 2596 4618 bonis
2627 4558 2873 4628 reliquis,
2910 4564 3021 4609 tum
3058 4555 3223 4610 etiam
3258 4555 3428 4609 libero
3457 4570 3548 4608 ar-

281 4668 519 4737 εξουσίῳ
551 4669 654 4739 τῆς
694 4666 1088 4738 προαιρέσεως,
1124 4663 1220 4734 τὴν
1250 4662 1386 4733 πρὸς
1411 4661 1472 4714 τὸ
1496 4660 1648 4713 Θεῖον
1675 4657 1853 4712 διασώ·

1979 4657 2162 4722 bitrio,
2209 4655 2300 4708 Dei
2345 4665 2677 4706 conservans
2724 4646 3159 4704 similitudinem.
3193 4646 3328 4700 Cum
3367 4656 3548 4700 autem

284 4758 392 4822 ζων
423 4737 712 4829 ὁμοίωσιν.
740 4737 998 4827 ίΤρεπτῆς
1027 4755 1085 4808 δὲ
1114 4753 1324 4823 φύσεως
1348 4751 1424 4805 ὢν
1451 4751 1567 4805 κατ’
1591 4751 1856 4818 ἀνάγκην

1979 4749 2292 4804 necessario
2353 4751 2500 4799 esset
2548 4739 2824 4796 mutabilis
2873 4749 3120 4803 naturae;
3179 4753 3359 4806 neque
3403 4737 3549 4792 enim

282 4849 345 4902 οὐ
376 4826 490 4919 γὰρ
519 4826 807 4918 ἐνεδέχετο
839 4847 930 4900 τὸν
963 4847 1022 4913 ἐξ
1070 4844 1405 4907 ἀλλοιώσεως
1445 4843 1544 4913 τὴν
1576 4840 1748 4912 ἀρχὴν
1775 4838 1854 4893 τοί

1981 4840 2095 4895 fieri
2123 4847 2356 4907 poterat,
2404 4843 2463 4890 ut
2489 4833 2582 4904 qui
2622 4834 2688 4887 ab
2718 4831 3043 4886 alteratione
3079 4828 3406 4898 principium
3453 4826 3549 4879 ha-

286 4933 433 4992 εἷναι
463 4917 683 5010 ἔχοντα,
729 4939 804 5010 μὴ
846 4939 1076 5008 τρεπτὸν
1117 4933 1256 4992 εἶναι
1287 4936 1524 4997 πάντως.
1567 4933 1633 4988 Ἡ
1668 4931 1778 5002 γὰρ
1809 4933 1858 4984 ὲ)

1980 4933 2192 4994 buerat,
2229 4944 2339 4983 non
2390 4937 2537 4984 esset
2584 4925 2808 4980 omnino
2856 4921 3154 4976 mutabilis.
3185 4920 3266 4974 Ab
3297 4933 3362 4972 eo
3403 4917 3548 4971 enim

284 5029 388 5081 τοῦ
423 5007 672 5100 μὴῖδντος
698 5007 776 5094 εἷς
793 5007 865 5083 τὸ
885 5007 1024 5083 εῖναι
1046 5028 1295 5099 πάροδος,
1321 5024 1602 5088 ἁλλοίωσίς
1628 5024 1709 5088 τίς
1735 5027 1848 5076 ἐστι

1977 5021 2124 5094 quod
2150 5036 2258 5074 non
2280 5029 2366 5074 est
2393 5032 2718 5088 progressus
2745 5015 2810 5069 ad
2843 5013 3162 5076 essentiam,
3189 5019 3273 5065 est
3298 5007 3545 5078 quaedam

283 5119 396 5187 τῆς
429 5120 762 5192 ἀνυπαρξίας
789 5122 932 5175 κατὰ
960 5121 1109 5174 θείαν
1143 5119 1369 5190 δύναμιν
1397 5121 1477 5180 εἰς
1501 5117 1687 5170 οὐσίαν
1738 5117 1855 5186 μεθ-

1978 5112 2247 5176 alteratio,
2267 5126 2390 5166 cum
2412 5124 2533 5180 quae
2551 5123 2657 5163 non
2683 5115 2767 5162 est
2795 5103 3121 5164 substantia,
3138 5102 3339 5156 virtute
3369 5100 3549 5152 divina

283 5191 619 5280 rarapévqg.
652 5214 761 5266 Καὶ
805 5213 981 5276 ἄλλως
1007 5211 1064 5265 δὲ
1103 5213 1202 5283 τῆς
1243 5209 1450 5281 τροπῆς
1478 5207 1787 5277 ἀναγκαίως
1817 5211 1855 5260 ἐκ

1979 5211 2218 5261 transeat
2235 5208 2287 5258 in
2311 5199 2770 5265 essentiam.Quin
2784 5198 2944 5254 etiam
2970 5211 3092 5250 eum
3107 5191 3345 5262 alioquin
3367 5203 3551 5243 neces-

279 5299 364 5370 τῷ
397 5299 675 5375 ἀνθρώπῳ
705 5304 1104 5376 θεωρουμένης,
1129 5280 1312 5372 ἐπειδῆ
1348 5301 1572 5372 μίμημα
1598 5299 1698 5370 τῆς
1726 5299 1851 5352 θείαε

1977 5299 2122 5355 sario
2139 5297 2192 5350 in
2216 5295 2432 5350 homine
2451 5293 2824 5349 consideretur
2845 5288 3092 5352 mutatio,
3116 5284 3370 5354 quoniam
3387 5280 3548 5333 homo

280 5370 526 5461 coaetus
546 5396 576 5447 ό
604 5370 888 5466 ἄνθρωπος
912 5370 1000 5466 ἦν.
1037 5370 1110 5448 Τὸ
1143 5393 1200 5447 δὲ
1232 5370 1580 5462 μιμούμενον,
1613 5393 1661 5444 εἰ
1702 5391 1775 5460 μὴ
1818 5393 1852 5443 ὲ·

1980 5388 2288 5444 imitabatur
2306 5395 2557 5441 naturam
2581 5385 2818 5439 divinam
2843 5397 2858 5433 :
2896 5379 3041 5450 quod
3075 5388 3252 5428 autem
3282 5370 3545 5466 imitatur,

281 5459 576 5564 ἑτερότητι
603 5459 755 5560 τύχοι
782 5490 910 5554 τινὶ,
937 5459 1136 5542 ταύτὸν
1167 5459 1244 5539 ἂν-
1262 5459 1346 5555 είη
1373 5459 1586 5547 πάντως
1613 5459 1807 5552 ἐκείνω
1831 5475 1853 5548 ε,

1980 5480 2084 5534 nisi
2101 5479 2154 5532 in
2167 5479 2346 5548 aliqua
2359 5475 3097 5533 cssetdiversitate.essetom
3108 5466 3235 5517 nino
3251 5459 3389 5514 idem
3404 5461 3547 5529 quod

279 5583 670 5655 ἁφωμοίωται.
724 5581 814 5634 Ἐν
858 5578 1034 5648 τούτῳ
1079 5578 1252 5631 τοίνυν
1295 5576 1392 5646 τῆς
1434 5574 1745 5644 ἑτερότητος
1781 5572 1851 5624 τοὶ

1981 5571 2111 5628 illud
2128 5571 2212 5628 cui
2233 5577 2316 5628 est
2338 5570 2716 5627 assimilatum.
2732 5565 2868 5621 Cum
2886 5576 3013 5631 ergo
3033 5557 3150 5625 ejus
3175 5553 3316 5624 quod
3347 5552 3545 5610 factum

344 5763 370 5797 ⁸
398 5758 556 5817 l’sal.
579 5778 669 5830 ev,
713 5761 800 5815 10.
