4006 6148
453 260 519 315 59
1679 258 1733 313 s.
1786 258 2113 316 oneconu
2153 256 2447 316 russam
3464 237 3478 250 '
3631 258 3703 315 oo

450 377 629 432 fuerat
657 380 721 434 ad
743 377 1053 448 imaginem,
1084 376 1139 428 in
1164 375 1263 429 hoc
1298 383 1442 431 esset
1457 375 1749 433 diversitas
1764 379 2014 434 abexetn-

2130 382 2248 433 κατ’
2278 380 2461 433 εἰκόνα
2507 379 2793 449 γενομένου
2823 377 2957 449 πρὸς
2999 378 3058 431 τὸ
3098 377 3402 447 ἀρχέτυπον
3424 372 3613 444 οὔσης,
3644 375 3704 428 ἐν

452 472 609 540 piari,
631 470 773 540 quod
792 470 891 523 hoc
904 467 1120 538 quidem
1140 474 1286 523 esset
1303 478 1496 522 natura
1519 470 1875 536 immutabile,
1896 472 2014 527 illud

2129 470 2204 541 τῷ
2227 471 2288 523 τὸ
2319 472 2414 541 μὲν
2460 471 2725 539 ἄτρεπτον
2771 467 2906 523 εἶναι
2937 472 3000 540 τῇ
3046 469 3223 538 φύσει,
3254 469 3313 521 τὸ
3341 467 3397 520 δὲ
3428 467 3502 537 μὴ
3529 464 3704 530 οὕτως

450 577 581 617 vero
617 577 725 615 non
762 562 841 614 sic
862 575 921 614 se
953 559 1193 622 haberet,
1225 559 1319 615 sed
1343 560 1665 616 consisteret
1686 562 1904 633 quidem
1933 579 2014 632 pet

2128 560 2291 631 ἔχειν,
2330 560 2463 613 ἀλλὰ
2510 561 2577 613 δι’
2607 560 2941 625 ἀλλοιώσεως
2975 561 3071 629 μὲν
3104 561 3401 630 ὑποστῆναι
3439 558 3582 612 κατὰ
3608 556 3704 612 τὸν

450 652 850 712 alterationem,
888 658 947 703 ut
970 650 1083 719 jam
1116 649 1355 704 diximus
1384 668 1398 717 ;
1433 652 1655 706 omnino
1685 660 1864 708 autem
1896 655 2027 708 alte-

450 749 684 802 raretur,
712 749 997 811 prOpterea
1024 741 1168 809 quod
1199 742 1538 809 imitaretur;
1567 744 1816 798 alteratio
1840 754 2022 801 autem

449 841 534 887 cst
563 831 781 900 quidam
815 840 1017 894 motus,
1065 832 1133 885 ab
1159 847 1224 887 eo
1259 833 1311 886 in
1340 849 1448 902 quo
1480 843 1561 889 est
1590 851 1804 907 semper
1833 853 2024 907 proce-

449 925 583 978 dens
616 924 681 977 ad
715 925 981 990 alterum;
1018 925 1126 978 duo
1155 932 1282 978 sunt
1312 940 1509 994 genera
1541 926 1813 995 ejusmodi
1848 937 2027 982 muta-

450 1016 653 1071 tionis:
698 1030 863 1068 unum
899 1015 1119 1084 quidem
1170 1014 1314 1084 quod
1365 1031 1581 1086 semper
1615 1017 1673 1071 lit
1706 1019 1770 1073 ad
1797 1020 2022 1085 bonum,

448 1108 648 1176 inquo
699 1114 900 1161 statum
954 1122 1063 1161 non
1113 1107 1275 1161 habet
1326 1122 1670 1179 progressus,
1736 1119 2023 1181 propterea

449 1198 593 1266 quod
639 1212 740 1251 nec
768 1197 1251 1267 comprehenditur
1285 1198 1505 1266 quidem
1558 1200 1679 1256 ﬁnis
1724 1202 1843 1271 ejus
1879 1205 2023 1273 quod

449 1287 681 1354 transit;
713 1288 942 1342 alterum
981 1296 1162 1343 autem
1208 1290 1275 1343 ad
1307 1293 1667 1358 contrarium,
1702 1296 1859 1364 cujus
1893 1297 2025 1350 sub-

450 1380 649 1436 stantia
684 1388 768 1435 est
794 1381 850 1433 in
879 1380 982 1434 hoc
1025 1381 1171 1451 quod
1212 1397 1320 1435 non
1354 1385 1640 1439 consiStat.
1672 1383 1805 1439 Boni
1852 1388 2021 1454 enim,

448 1471 591 1526 sicut
639 1471 791 1541 prius
838 1471 1043 1527 dictum
1087 1481 1192 1539 est,
1247 1481 1301 1527 et
1331 1474 1592 1528 contrarii
1642 1479 2020 1547 repugnantia,

447 1564 612 1617 talem
646 1563 787 1618 inter
819 1579 878 1619 se
923 1564 1085 1618 habet
1117 1565 1547 1632 distinctionem,
1598 1574 1656 1620 ιιι
1691 1567 1925 1624 dicimus
1969 1568 2022 1624 id

447 1655 593 1724 quod
627 1663 732 1719 est,
784 1656 853 1710 ab
882 1670 949 1710 eo
975 1655 1121 1725 quod
1156 1671 1261 1711 non
1296 1664 1380 1712 est
1431 1664 1687 1727 tanquam
1735 1659 2020 1714 adversum

2128 648 2454 702 ἀποδοθέντα
2498 648 2652 715 λόγον
2684 666 2697 679 ·
2758 648 3131 719 ἀλλοιούμενον
3169 648 3225 701 δὲ
3271 648 3505 709 πάντως.
3538 649 3595 701 ἐν
3620 646 3703 717 τῷ

2127 736 2265 793 εἶναι
2296 740 2537 811 μίμημα,
2571 742 2603 810 ή
2630 740 2685 793 δὲ
2724 740 3004 803 ἀλλοίωσις
3052 740 3263 811 κίνησίς
3299 742 3445 793 ἐστιν
3475 740 3554 802 εἰς
3584 738 3702 793 ἓτε-

2130 849 2220 903 ρον
2247 831 2353 884 ἀπὸ
2380 830 2473 883 τοῦ
2504 832 2560 883 ἐν
2668 832 2813 884 ἐστιν
2857 831 3031 884 εἰσαεὶ
3075 830 3336 901 προϊοῦσα
3365 847 3376 859 ·
3424 829 3515 882 δύο
3553 830 3703 897 λέγει

2124 924 2222 994 τῆς
2245 922 2496 993 τοιαύτης
2525 923 2638 993 εἴδη
2682 924 2947 993 κινήσεως
2965 939 2978 952 ο
3022 922 3083 974 τὸ
3117 924 3214 992 μὲν
3243 922 3377 991 πρὸς
3404 922 3464 973 τὸ
3499 922 3705 990 ἀγαθὸν

2125 1014 2211 1067 ἀεὶ
2245 1015 2581 1085 γιγνόμενον,
2619 1017 2675 1067 ἐν
2702 1008 2746 1081 ᾧ
2790 1014 3011 1083 πρόοδος
3041 1014 3227 1066 στάσιν
3254 1016 3351 1066 οὑκ
3398 1013 3529 1082 ἔχει,
3565 1012 3700 1065 διότι

2124 1104 2298 1174 πέρας
2344 1105 2463 1157 οὑδὲ
2492 1102 2585 1156 τοῦ
2618 1103 3047 1172 διεξοδευομένου
3082 1101 3578 1172 καταλαμϐάνεται.
3626 1104 3701 1156 Τὸ

2123 1194 2179 1247 δὲ
2208 1195 2341 1266 πρὸς
2366 1195 2426 1247 τὸ
2458 1195 2717 1261 ἐναντίον,
2753 1190 2811 1248 οὗ
2845 1195 3138 1256 ὑπόστασις
3168 1196 3225 1246 ἐν
3254 1192 3330 1263 τῷ
3358 1194 3431 1264 μὴ
3467 1194 3701 1263 ὑφεστά-

2124 1302 2211 1340 ναι
2250 1288 2414 1341 ἐστίν.
2462 1287 2524 1340 Ἦ
2568 1288 2677 1360 γάρ
2725 1286 2817 1340 τοῦ
2865 1286 3071 1355 ἀγαθοῦ
3121 1286 3470 1352 ἐναντίωσις,
3518 1285 3702 1349 καθὼς

2124 1377 2430 1449 ἔμπροσθεν
2458 1382 2690 1451 εἴρηται,
2717 1378 2955 1432 τοιοῦτόν
2985 1395 3104 1431 τινα
3131 1377 3252 1431 νοῦν
3283 1377 3422 1431 κατὰ
3451 1378 3547 1449 τὴν
3580 1378 3697 1432 δια-

2126 1471 2319 1542 στολὴν
2344 1471 2479 1542 ἐχει,
2510 1472 2761 1542 καθάπερ
2806 1472 2983 1541 φαμὲν
3010 1471 3087 1542 τῷ
3117 1471 3191 1539 μὴ
3216 1472 3336 1524 ὄντι
3369 1471 3429 1523 τὸ
3454 1471 3514 1523 ὃν
3552 1471 3701 1523 ἀντι-

2123 1563 2463 1632 διαιρεῖσθαι,
2494 1563 2587 1616 καὶ
2615 1566 2680 1633 τῇ
2713 1562 3020 1633 ἀνυπαρξίᾳ
3045 1561 3142 1632 τὴν
3175 1560 3425 1632 ὓπαρξιν;
3481 1562 3701 1631 Ἐπειδὴ

2123 1655 2301 1717 τοίνυν
2334 1654 2476 1708 κατὰ
2509 1655 2606 1724 τὴν
2632 1654 2871 1725 τρεπτὴν
2898 1671 2958 1706 τε
2990 1653 3083 1706 καὶ
3113 1653 3406 1721 ἀλλοιωτὴν
3432 1654 3608 1724 ὁρμήν
3640 1670 3701 1705 τε

448 1745 730 1815 distingui,
776 1756 831 1801 et
881 1747 1243 1803 substantiam
1290 1763 1321 1801 a
1361 1763 1470 1803 nou
1515 1749 1839 1804 substantia.
1873 1749 2014 1815 Quo-

2126 1748 2220 1800 καὶ
2261 1748 2510 1818 κίνησιν,
2555 1749 2655 1801 οὑκ
2702 1748 2975 1817 ἐνδέχεται
3015 1748 3115 1818 τὴν
3161 1746 3321 1815 φύσιν
3364 1748 3455 1815 ἀφ’
3502 1746 3711 1816 ἐαυτῆςν

447 1841 593 1893 niam
624 1855 754 1909 ergo
785 1840 900 1895 lieri
934 1856 1041 1894 non
1075 1848 1271 1910 potest,
1309 1849 1370 1894 ut
1397 1842 1539 1911 quod
1573 1843 1765 1895 attinet
1798 1843 1864 1896 ad
1899 1858 2022 1897 mu-

446 1930 667 1985 tabilem
694 1939 748 1984 et
773 1931 1108 1987 alterabilem
1142 1932 1517 1987 incitationem
1545 1943 1598 1987 et
1622 1944 1849 1997 motum,
1882 1934 1935 1988 in
1962 1950 2022 1990 se

446 2033 643 2076 natura
680 2034 899 2077 maneat
945 2024 1280 2092 immobilis;
1334 2025 1428 2080 sed
1460 2025 1528 2079 ad
1559 2025 1762 2095 aliquid
1794 2027 2018 2081 omnino

446 2114 677 2169 liberum
708 2114 953 2183 procedit
991 2117 1298 2180 arbitrium,
1348 2117 1476 2171 boni
1500 2116 1774 2172 desiderio
1799 2125 2022 2172 natura-

445 2205 568 2259 liter
616 2207 791 2275 ipsum
843 2206 1093 2261 trahente
1140 2206 1206 2259 ad
1264 2215 1488 2262 motum.
1548 2207 1754 2262 Bonum
1812 2221 2013 2274 autem,

445 2297 591 2350 aliud
622 2297 840 2366 quidem
876 2313 1000 2353 vere
1035 2305 1119 2352 est
1149 2298 1352 2352 bonum
1389 2299 1689 2355 secundum
1721 2307 1973 2355 naturam
2001 2320 2015 2369 ;

445 2387 591 2442 aliud
621 2397 799 2443 autem
850 2404 959 2443 non
1015 2388 1309 2458 ejusmodi,
1368 2390 1463 2445 sed
1511 2389 1672 2445 habet
1728 2390 2017 2461 quamdam

444 2479 574 2534 boni
607 2479 873 2535 visionem
912 2494 975 2534 ac
1008 2480 1265 2550 speciem.
1300 2478 1498 2534 Eorum
1530 2488 1709 2536 autem
1739 2481 1907 2550 judex
1935 2487 2020 2536 est

444 2572 800 2642 intelligentia
835 2573 975 2627 intra
1029 2588 1130 2627 nos
1165 2572 1450 2627 collocata.
1481 2572 1597 2638 Qua
1636 2573 1689 2627 in
1721 2589 1779 2628 re
1824 2588 2014 2629 versa-

446 2679 568 2717 mur
600 2664 652 2717 in
684 2666 949 2733 periculo,
988 2665 1073 2719 vel
1102 2664 1424 2733 assequendi
1450 2664 1569 2733 ejus
1599 2665 1746 2735 quod
1776 2681 1900 2720 vere
1933 2674 2019 2721 est

444 2752 646 2807 bonum
676 2771 689 2817 ;
746 2762 859 2817 aut,
916 2756 961 2808 si
998 2755 1066 2809 ab
1089 2770 1155 2809 eo
1188 2754 1591 2819 diverterimus,
1652 2770 1748 2825 per
1781 2757 2017 2826 aliquam

443 2845 562 2913 ejus
588 2847 730 2915 quod
765 2855 989 2918 apparet
1036 2848 1435 2917 deceptionem,
1466 2849 1741 2904 dilabendi
1769 2850 1836 2903 ad
1886 2865 2019 2904 con-

444 2936 709 2990 trarium:
741 2938 1049 3004 cujusmodi
1078 2939 1353 3009 quidpiam
1387 2940 1654 2995 accidisse
1689 2948 1875 2994 narrat
1922 2957 2020 2996 ex-

2129 1840 2309 1910 μένειν
2359 1840 2631 1911 ἀκίνητον,
2670 1839 2782 1892 ἀλλ’
2828 1840 2919 1892 ἐπί
2964 1857 3018 1892 τι
3066 1840 3342 1910 πάντωςή
3386 1840 3701 1910 προαίρεσις

2126 1930 2289 1994 ἵεται,
2321 1930 2419 2000 τῆς
2472 1930 2609 2001 πρὸς
2656 1930 2717 1982 τὸ
2751 1930 2913 1983 καλὸν
2946 1930 3238 2000 ἐπιθυμίας
3274 1930 3441 2001 αὑτὴν
3478 1930 3701 1997 ἐφελκο-

2129 2023 2296 2093 μένης
2322 2022 2564 2091 φυσικῶς
2594 2024 2672 2086 είς
2700 2022 2932 2094 κίνησιν.
2968 2022 3146 2075 Καλὸν
3178 2023 3234 2075 δὲ
3260 2021 3320 2074 τὸ
3366 2022 3463 2092 μέν
3493 2039 3545 2073 τι
3570 2021 3701 2091 ἀλη-

2126 2112 2233 2177 θῶς
2280 2114 2421 2166 κατὰ
2470 2114 2569 2183 τὴν
2618 2113 2779 2182 φύσιν
2822 2116 2973 2167 ἐστι·
3022 2114 3179 2197 quae
3206 2114 3264 2166 οὑ
3299 2114 3558 2177 τοιοῦτον,
3588 2112 3703 2166 ἀλλ’

2127 2204 2517 2275 ἐπηνθισμένον
2547 2206 2652 2257 τινὶ
2681 2204 2845 2258 καλοῦ
2875 2205 3161 2275 φαντασίᾳ.
3194 2204 3492 2275 Κριτήριον
3511 2204 3567 2255 δὲ
3587 2205 3705 2257 τού-

2124 2314 2232 2349 των
2281 2297 2424 2348 ἐστὶν
2462 2298 2490 2348 ό
2537 2294 2659 2357 νοῦς
2702 2295 2910 2348 ἔνδοθεν
2954 2298 3084 2365 ἡμῖν
3137 2295 3499 2365 ἐνιδρυμένος.
3542 2295 3629 2347 Ἐν

2125 2388 2510 2449 κινδυνεύεται,
2561 2387 2593 2457 ἢ
2635 2388 2694 2440 τὸ
2730 2391 3001 2457 ἐπιτυχεῖν
3031 2386 3125 2440 τοῦ
3166 2386 3317 2450 ὄντος
3358 2385 3545 2449 καλοῦ,
3578 2387 3609 2457 ἢ
3640 2388 3695 2440 τὶ

2124 2479 2582 2550 παρατραπέντας
2611 2478 2799 2540 αὑτοῦ,
2824 2478 2910 2532 διά
2938 2496 3079 2542 τινος
3118 2480 3217 2548 τῆς
3257 2478 3397 2531 κατά
3429 2478 3489 2529 τὸ
3517 2479 3702 2547 φαινό-

2126 2590 2285 2643 μενον
2331 2572 2545 2640 ἀπάτης
2593 2571 2686 2623 ἐπὶ
2729 2571 2788 2622 τὸ
2840 2569 3080 2623 ἐναντίον
3130 2570 3275 2640 ἡμᾶς
3318 2569 3655 2639 ἀπορρυῆναι
3684 2587 3697 2597 ·

2120 2660 2228 2718 οἷόν
2242 2682 2293 2717 τι
2311 2663 2500 2717 παθεῖν
2522 2666 2550 2716 ό
2570 2662 2673 2728 ἔξω
2693 2663 2788 2733 μὲν
2811 2660 2973 2731 μῦθός
2988 2677 3168 2730 φησιν,
3184 2662 3262 2713 ἀπ
3279 2659 3381 2731 Ιοδ]
3402 2660 3613 2713 ιδοῦσαν
3643 2661 3703 2712 ἐν

2121 2756 2198 2826 τῷ
2243 2755 2390 2807 ὕδατι
2416 2754 2512 2825 τὴν
2547 2753 2683 2806 κύνα
2718 2753 2853 2823 πρὸς
2894 2753 2993 2824 τὴν
3026 2752 3180 2804 σκιάν
3209 2745 3269 2805 οὑ
3308 2752 3394 2804 διὰ
3433 2752 3703 2820 στόματος

2123 2846 2283 2917 ἔφερε
2304 2886 2319 2913 ,
2354 2845 2591 2915 μεθεῖναι
2620 2845 2720 2915 μὲν
2742 2843 2838 2915 τὴν
2860 2844 3032 2914 ἀληθῆ
3057 2843 3279 2914 τροφὴν,
3307 2841 3701 2914 περιχανοῦσαν

2124 2940 2179 2992 δὲ
2209 2939 2271 2992 τὸ
2295 2940 2392 3010 τῆς
2421 2938 2628 3009 τροφῆς
2654 2937 2869 2991 εἴδωλον
2892 2938 2947 2992 ἐν
2976 2936 3120 3007 λιμῷ
3145 2936 3416 3005 γενέσθαι.

444 3035 594 3081 terna
661 3027 840 3084 fabula
888 3032 1009 3085 cani
1056 3033 1146 3102 qui
1204 3034 1257 3087 in
1313 3048 1454 3103 aqua
1508 3035 1717 3090 viderat
1767 3037 2013 3091 umbram
2064 3036 2182 3105 ejus
2230 3036 2375 3105 quod
2423 3035 2479 3089 in
2525 3049 2621 3090 ore
2668 3033 2911 3105 gestabat
2952 3048 2965 3083 :
3021 3048 3217 3103 nempe
3273 3047 3461 3089 verum
3512 3029 3696 3086 cibum

440 3116 737 3185 dimisisse,
785 3121 1086 3177 inhiantem
1143 3133 1322 3179 autem
1371 3124 1479 3179 cibi
1536 3126 1831 3183 simulacro
1877 3128 2018 3183 fame
2056 3128 2357 3181 laborasse.

1012 3214 1244 3269 CAPUT
1289 3215 1455 3271 XXII.

509 3301 802 3374 Postquam
836 3320 966 3376 ergo
1018 3307 1143 3375 ejus.
1167 3308 1309 3377 quod
1334 3317 1420 3363 est
1463 3325 1586 3365 vere
1636 3310 1837 3364 bonum
1869 3311 2015 3365 desi—

440 3394 591 3449 derio
628 3412 781 3449 mens
812 3396 1084 3459 fraudata,
1117 3397 1184 3450 ad
1228 3399 1280 3451 id
1314 3400 1460 3466 quod
1498 3416 1603 3453 non
1635 3411 1740 3461 est,
1782 3402 1882 3455 fuit
1919 3402 2016 3457 de-

440 3486 566 3548 lata,
601 3484 790 3540 fraude
823 3488 1155 3541 consultoris
1182 3495 1234 3541 et
1262 3488 1565 3543 inventoris
1597 3491 1712 3544 vitii
1750 3507 2016 3561 persuasa

438 3590 561 3629 esse
610 3575 815 3635 bonum
857 3576 909 3629 id
958 3576 1102 3645 quod
1136 3577 1277 3631 bono
1319 3588 1404 3633 est
1438 3581 1772 3635 contrarium
1807 3600 2017 3654 :neque

438 3668 582 3721 enim
609 3666 767 3722 dolus
803 3665 993 3723 fuisset
1023 3668 1237 3736 efﬁcax,
1281 3671 1387 3727 nisi
1420 3673 1536 3727 vitii
1571 3673 1734 3729 hamo
1761 3691 1900 3732 esca;
1932 3677 2017 3730 in-

440 3768 557 3813 star
592 3758 725 3812 illita
756 3758 951 3813 fuisset
988 3760 1115 3815 boni
1140 3762 1385 3831 species:
1419 3778 1544 3817 cum
1574 3780 1702 3835 ergo
1729 3765 1890 3821 homo
1921 3781 2017 3820 vo-

441 3848 678 3902 luntarie
708 3849 759 3902 in
794 3849 935 3903 hanc
963 3850 1247 3906 incidisset
1277 3852 1669 3919 calamitatem,
1705 3854 1795 3924 qni
1828 3870 1888 3909 se
1920 3870 2016 3923 per

438 3937 773 3991 voluntatem
804 3939 928 3993 vitae
958 3940 1180 3994 inimico
1230 3940 1613 4009 subjunxcrat,
1672 3959 1855 4013 quaere
1880 3945 2012 3998 mihi

440 4028 603 4083 simul
641 4031 823 4083 omnia
853 4047 973 4101 quae
1019 4033 1357 4087 conveniunt
1404 4034 1470 4089 iis
1501 4050 1622 4105 qua:
1656 4036 1723 4092 de
1751 4034 1861 4091 Deo
1890 4053 2015 4093 sen-

440 4120 667 4184 tiuntur,
712 4120 1030 4186 bonitatem,
1084 4124 1427 4193 sapientiam,
1482 4126 1770 4195 justitiam,
1824 4137 2013 4198 poten-

438 4210 591 4273 tiam,
629 4212 1117 4281 incorruptionem,
1144 4223 1198 4269 et
1228 4217 1273 4269 si
1303 4216 1431 4286 quid
1464 4225 1550 4271 est
1581 4220 1823 4274 melioris
1846 4220 2013 4290 signi-

439 4304 731 4360 ﬁcationis.
783 4302 1065 4374 Tanquam
1103 4306 1279 4362 bonus
1322 4322 1473 4378 ergo,
1515 4318 1766 4363 movetur
1798 4310 2013 4366 miseri-

436 4396 623 4449 cordia
675 4395 796 4464 ejus
849 4398 939 4466 qui
988 4397 1294 4453 ceciderat:
1352 4406 1406 4454 et
1460 4408 1718 4468 tanquam
1769 4403 2008 4471 sapiens,

437 4499 545 4537 non
585 4484 798 4555 ignorat
828 4487 1047 4540 modum
1082 4489 1464 4544 revocationis.
1499 4486 1791 4558 Sapientiae
1828 4501 2009 4545 autem

2713 3216 2963 3269 ΚΕΦΑΛ.
3005 3214 3136 3267 KB'.

2203 3305 2357 3359 Ἐπεὶ
2404 3303 2497 3360 οῦν
2535 3306 2633 3376 τῆς
2666 3306 2804 3377 πρὸς
2846 3305 2907 3359 τὸ
2938 3304 3106 3369 ὅντως
3157 3302 3358 3372 ἀγαθὸν
3403 3301 3697 3372 ἐπιθυμίας

2118 3398 2459 3467 διαψευσθεὶς
2497 3398 2526 3450 ό
2571 3396 2715 3459 νοῦς,
2765 3396 2903 3467 πρὸς
2954 3396 3016 3448 τὸ
3062 3394 3135 3468 μὴ
3166 3395 3224 3447 ὃν
3259 3394 3595 3466 παρηνέχθη,
3629 3394 3696 3446 δι’

2118 3488 2333 3558 ἀπάτης
2375 3487 2468 3540 τοῦ
2516 3487 2617 3557 τῆς
2660 3487 2857 3549 κακίας
2887 3486 3187 3555 συμϐούλου
3212 3503 3270 3537 τε
3314 3486 3408 3537 καὶ
3450 3482 3696 3553 εὑρετοῦ,

2117 3578 2279 3631 καλὸν
2306 3579 2653 3642 ἀναπεισθεὶς
2676 3574 2813 3631 εἶναι
2836 3580 2895 3631 τὸ
2917 3577 2993 3647 τῷ
3023 3577 3170 3647 καλῷ
3196 3578 3455 3631 ἐναντίον.
3493 3577 3565 3628 Οὑ
3588 3578 3697 3645 γάρ

2118 3670 2183 3723 ἂν
2217 3671 2517 3741 ἐνήργησεν
2558 3672 2591 3739 ὴ
2639 3670 2844 3741 ἀπάτη,
2880 3669 2953 3740 μὴ
3003 3669 3249 3731 δελέατος
3294 3669 3448 3739 δίκην
3494 3666 3571 3736 τῷ
3598 3669 3697 3736 τῆς

2117 3762 2316 3824 κακίας
2367 3761 2647 3832 ἀγκίστρῳ
2694 3762 2791 3831 τῆς
2833 3759 2928 3813 τοῦ
2980 3759 3144 3813 καλοῦ
3196 3759 3493 3829 φαντασίας
3541 3774 3698 3829 περι-

2118 3854 2471 3925 πλασθείσης.
2511 3855 2599 3907 Ἐν
2628 3854 2802 3927 ταύτῃ
2825 3853 3003 3905 τοίνυν
3033 3853 3313 3921 γεγονότος
3346 3850 3605 3913 ἑκουσίως
3628 3853 3696 3921 τῇ

2118 3945 2372 4013 συμφορᾷ
2396 3943 2487 3996 τοῦ
2518 3942 2804 4012 ἀνθρώπου
2855 3942 3044 3995 ἑαυτὸν
3087 3942 3154 3994 δι’
3188 3941 3379 4012 ἡδονῆς
3410 3940 3485 4010 τῷ
3519 3939 3697 4011 ἐχθρῷ

2116 4037 2216 4106 τῆς
2252 4032 2400 4102 ζωῆς
2438 4033 2852 4099 ὑποζεύξαντος,
2887 4033 3064 4086 πάντα
3108 4049 3196 4102 μοι
3248 4030 3388 4084 κατά
3413 4031 3501 4083 τὸν
3536 4029 3695 4083 αὑτὸν

2130 4122 2385 4193 ἀναζήτει
2430 4122 2500 4175 τά
2544 4126 2661 4185 ταῖς
2703 4123 2874 4185 θείαις
2927 4122 3226 4192 ὑπολήψεσι
3273 4122 3582 4192 πρέποντα,
3630 4120 3697 4173 ’τὸ

2114 4215 2338 4283 ἀγαθὸν,
2371 4214 2462 4266 καὶ
2488 4213 2714 4278 δίκαιον,
2743 4214 2836 4266 καὶ
2859 4213 3102 4277 δυνατὸν,
3130 4213 3192 4265 τὸ
3228 4212 3502 4284 ἄφθαρτον
3528 4212 3621 4265 καὶ
3645 4211 3700 4263 εἴ

2114 4324 2166 4359 τι
2200 4305 2301 4374 τῆς
2334 4304 2637 4377 κρείττονος
2672 4305 2946 4374 σημασίας
2977 4306 3141 4358 ἐστίν.
3178 4304 3389 4358 Οὑκοῦν
3436 4304 3512 4367 ὡς
3551 4306 3694 4372 ἀγα-

2115 4398 2203 4461 θὸς
2231 4393 2408 4451 οἶκτον
2435 4396 2699 4465 λαμϐάνει
2726 4395 2815 4448 τοῦ
2846 4396 3285 4460 διαπεπτωκότος
3305 4438 3318 4454 .
3384 4398 3478 4449 καὶ
3503 4397 3577 4458 ὡς
3607 4413 3696 4448 σο-

2113 4489 2211 4556 φὸς
2234 4489 2332 4541 οὑκ
2365 4489 2547 4557 ἀγνοεῖ
2594 4488 2686 4540 τὸν
2714 4488 2913 4558 τρόπον
2946 4488 3046 4558 τῆς
3088 4489 3457 4558 ἀνακλήσεως.
3495 4488 3696 4555 Σοφίας

433 4582 538 4633 est.
588 4576 749 4628 etiam
797 4576 917 4643 ejus
947 4577 1092 4644 quod
1132 4578 1340 4645 justum
1372 4586 1477 4641 est,
1504 4578 1791 4646 judicium.
1845 4579 2014 4634 Nemo

2119 4580 2158 4633 δ’
2188 4578 2253 4632 ἂν
2287 4580 2371 4648 εἴη
2442 4579 2537 4631 καὶ
2583 4581 2617 4649 ἠ
2664 4579 2757 4631 τοῦ
2801 4579 3009 4632 δικαίου
3040 4578 3239 4650 κρίσις.
3288 4581 3360 4632 Οὑ
3389 4580 3495 4648 γάρ
3522 4579 3585 4629 ἄν
3608 4595 3693 4640 τις

433 4662 579 4716 enim
628 4662 958 4731 insipientiaa
989 4680 1170 4718 veram
1208 4669 1461 4721 tribuerit
1503 4668 1799 4736 justitiam.
1842 4668 2013 4733 Quid-

434 4765 558 4804 nam
587 4765 717 4821 ergo
750 4758 833 4805 est
862 4751 917 4805 in
942 4752 1027 4806 his
1072 4753 1327 4822 justum?
1359 4755 1478 4810 Non
1510 4756 1693 4825 aliqua
1729 4758 2013 4827 tyrannica

434 4838 490 4893 in
518 4854 641 4893 eum
695 4840 788 4909 qui
820 4856 921 4895 nos
956 4842 1271 4911 possidebat
1312 4846 1389 4898 uti
1427 4846 1788 4901 auctoritate;
1835 4863 2009 4915 neque

434 4946 647 4987 summa
686 4932 734 4985 vi
769 4932 1029 5001 rapiendo
1077 4934 1147 4987 ab
1177 4950 1241 4989 eo
1274 4936 1365 5005 qui
1415 4936 1753 4992 dominatum
1795 4939 2005 4998 obtine-

432 5022 546 5086 bat,
578 5022 887 5091 relinquere
912 5024 1077 5093 jusue
1111 5024 1449 5082 defensionis
1479 5028 1716 5098 aliquam
1758 5036 2003 5085 occasio.

434 5129 580 5177 nem,
613 5114 660 5167 ci
695 5114 787 5183 qui
823 5130 919 5184 per
949 5117 1282 5187 voluptatem
1314 5118 1588 5175 hominem
1634 5122 1914 5194 redegerat
1948 5126 2003 5179 in

432 5206 773 5262 servitutem.
802 5207 921 5273 Quo
944 5208 1103 5263 modo
1128 5211 1273 5263 enim
1302 5212 1393 5282 qui
1420 5214 1655 5281 pecunia
1683 5230 1837 5268 suam
1870 5232 1995 5271 ven-

431 5297 687 5352 diderunt
717 5299 1046 5362 libertatem,
1102 5300 1237 5355 ﬁunt
1277 5304 1420 5357 servi
1449 5312 1777 5373 emptorum,
1825 5315 1883 5359 ut
1914 5308 2006 5376 qui

432 5388 645 5457 seipsos
692 5390 1070 5456 vendiderint;
1127 5402 1179 5447 et
1221 5408 1322 5447 nec
1363 5394 1498 5464 ipsis
1530 5410 1630 5450 nec
1660 5396 1755 5448 ulli
1786 5396 1876 5450 alii
1906 5414 2005 5467 pro

430 5478 512 5533 eis
538 5479 662 5534 licet
693 5482 1027 5549 proclamare
1054 5483 1119 5537 ad
1152 5484 1480 5550 libertatem,
1532 5486 1748 5541 etiamsi
1784 5487 2001 5558 ingenui

430 5578 484 5623 ct
514 5569 744 5625 honesto
779 5572 897 5627 loco
928 5576 1039 5629 nati
1070 5584 1255 5631 essent
1295 5576 1385 5647 qui
1417 5593 1515 5633 sua
1550 5590 1742 5645 sponte
1768 5579 1834 5633 ad
1860 5580 2001 5635 hanc

431 5660 767 5717 devenerunt
824 5664 1241 5725 calamitatem:
1288 5669 1334 5726 si
1387 5669 1511 5739 quis
1571 5680 1751 5726 autem
1808 5686 1996 5726 curam

2113 4669 2392 4741 ἀφροσύνῃ
2417 4670 2516 4739 τὴν
2542 4669 2713 4740 ἀληθῆ
2742 4669 3087 4740 δικαιοσύνην
3118 4669 3463 4740 προσάψειεν.
3503 4668 3567 4719 Τί
3599 4663 3693 4722 οὖν

2114 4760 2172 4813 ἐν
2214 4759 2424 4823 τούτοις
2456 4760 2514 4812 τὸ
2542 4761 2778 4827 δίκαιον;
2829 4761 2901 4813 Τὸ
2951 4762 3026 4831 μὴ
3074 4763 3367 4831 τυραννικῇ
3411 4776 3517 4810 τινι
3559 4760 3693 4830 χρή-

2114 4853 2311 4905 σασθαι
2341 4852 2482 4903 κατά
2525 4850 2618 4903 τοῦ
2652 4853 2971 4921 κατέχοντος
3010 4855 3155 4923 ἡμᾶς
3204 4851 3457 4921 αὑθεντίᾳ
3485 4865 3501 4880 ⁸
3553 4852 3689 4921 μηδὲ

2113 4942 2189 5011 τῷ
2230 4943 2470 5013 περιόντι
2516 4942 2616 5013 τῆς
2663 4943 2944 5014 δυνάμεως
2990 4944 3381 4997 ἀποσπάσαντα
3425 4942 3517 4996 τοῦ
3549 4959 3687 5011 κρα-

2112 5031 2331 5095 τοῦντος
2378 5032 2695 5086 καταλιπεῖν
2744 5051 2862 5087 τινα
2900 5033 3265 5101 δικαιολογίας
3305 5033 3577 5103 ἀφορμὴν,
3610 5034 3689 5103 τῷ

2110 5124 2175 5177 δι’
2201 5125 2390 5195 ἡδονῆς
2414 5124 2942 5195 καταδουλωσαμένῳ
2968 5124 3059 5176 τὸν
3086 5124 3388 5194 ἄνθρωπον.
3420 5125 3687 5195 Καθάπερ

2112 5218 2221 5288 γάρ
2254 5218 2303 5269 oi
2332 5217 2630 5288 χρημάτων
2646 5219 2743 5287 τὴν
2768 5217 2975 5270 ἑαυτῶν
3004 5216 3315 5287 ἐλευθερίαν
3345 5218 3685 5288 ἀποδόμενοι,

2109 5306 2280 5359 δοῦλοι
2311 5307 2418 5360 τῶν
2452 5307 2819 5378 ὠνησαμένων
2855 5307 3014 5370 είσὶν,
3054 5308 3208 5361 αὐτοὶ
3242 5309 3523 5380 πρατῆρες
3562 5307 3679 5360 ἑαυ.

2108 5397 2217 5450 τῶν
2250 5398 2617 5460 καταστάντες
2639 5415 2653 5429 ο
2701 5398 2796 5452 καὶ
2825 5396 2949 5450 οὔτε
2985 5398 3186 5465 αὑτοῖς,
3223 5397 3345 5451 οὔτε
3376 5397 3521 5465 ἄλλῳ
3556 5396 3682 5460 τινὶ,

2110 5488 2249 5557 ὑπὲρ
2282 5487 2509 5540 ἐκείνων
2541 5488 2715 5552 ἔξεστι
2756 5487 2853 5557 τὴν
2903 5487 3217 5557 ἐλευθερίαν
3264 5481 3681 5555 ἐπιϐοήσασθαι,

2109 5578 2210 5631 κᾶν
2238 5578 2557 5647 εὑπάτριδες
2600 5572 2732 5632 ὦσιν
2766 5580 2814 5631 oi
2845 5582 2980 5650 πρὸς
3025 5583 3125 5651 τὴν
3172 5576 3452 5649 συμφορὰν
3481 5573 3684 5646 ταύτην

2108 5668 2573 5738 αὐτομολήσαντες
2594 5685 2609 5703 ·
2644 5672 2691 5723 εξ
2719 5670 2774 5724 δέ
2799 5688 2882 5737 τις
2916 5671 3209 5742 κηδόμενος
3238 5668 3332 5723 τοῦ
3362 5664 3682 5739 ἀπεμπολη-
