4006 6148
271 250 337 305 ει
1514 250 1768 306 ORATIO
1795 250 2298 307 CATECIIETICA.
3453 254 3525 309 6!

269 371 455 431 θέντος
478 367 569 439 βίᾳ
602 368 741 421 κατὰ
768 369 858 421 τοὺ
882 369 1233 440 ὠνησαμένου
1268 369 1467 442 χρῷτο,
1500 372 1683 434 ἄδικος
1712 367 1849 426 εἶναι

1962 388 2155 442 gerens
2211 373 2330 441 ejus
2359 371 2448 441 qui
2484 369 2585 425 fuit
2615 370 2887 435 venditus,
2945 372 2994 425 vi
3044 378 3225 426 utatur
3258 370 3524 426 adversus

266 458 411 521 δόξει
453 456 541 527 τῷ.
562 457 711 527 νόμῳ
754 458 1023 529 κτηθέντα
1053 460 1389 529 τυραννικῶς
1430 460 1845 532 ἐξαιρούμενοςο

269 548 584 613 ἐξωνεῖσθαι
606 549 665 601 δὲ
695 548 850 601 πάλιν
876 551 922 601 εἰ
956 548 1186 616 βούλοιτο
1209 551 1318 605 τῶν
1348 552 1597 607 τοιούτων
1624 554 1793 617 οὐδεὶς
1820 556 1849 607 ό

270 640 497 691 κωλύων
526 639 691 709 νόμος
721 639 834 692 ἐστί
851 655 866 671 ’

866 731 1115 784 ΚΕΦΑΛ.
1158 732 1287 784 Kl".

344 820 502 887 Κνατᾶ
544 820 636 873 τὸν
677 821 836 873 αὑτὸν
882 822 1081 893 τρόπον
1125 823 1384 887 ἑκουσίως
1432 822 1586 893 ήμῶν
1631 826 1856 889 ἑαυτοὺς

274 911 803 982 ἀπεμπολησάντων,
839 913 943 965 ἔδει
974 915 1122 985 παρά
1147 913 1240 966 τοῦ
1273 913 1337 966 δι’
1361 914 1667 986 ἀγαθότητα
1694 917 1855 970 πάλιν

275 1003 428 1070 ἡμᾶς
470 1002 551 1063 είς
580 1002 891 1071 ἐλευθερίαν
918 1001 1319 1073 ἐξαιρουμένου,
1361 1002 1433 1072 μὴ
1478 1002 1567 1055 τὸν
1608 1020 1855 1074 τυραννι-

276 1092 393 1153 κὸν,
424 1090 571 1144 ἀλλάν
591 1092 682 1143 τὸν
720 1092 925 1145 δίκαιον
962 1091 1159 1161 τρόπον
1187 1091 1536 1161 ἐπινοηθῆναι
1585 1092 1684 1162 τῆς
1716 1093 1851 1145 ἀνα-

286 1184 557 1255 κλήσεως.
620 1175 791 1245 Οὗτος
816 1183 871 1235 δέ
904 1184 1017 1236 ἐστί
1047 1201 1131 1246 τις
1167 1182 1246 1253 τῷ
1288 1183 1668 1253 ἐπικρατοῦντι
1698 1184 1855 1254 ποιή-

278 1275 479 1327 σασθαι
531 1276 638 1327 πᾶν
670 1275 806 1346 ὅπερ
835 1276 900 1328 ἂν
928 1275 1101 1328 ἐθέλοι
1130 1275 1322 1347 λύτρον
1364 1276 1483 1328 ἀντὶ
1506 1275 1600 1328 τοῦ
1628 1293 1854 1346 κατεχο-

282 1364 447 1434 μένου
478 1363 678 1417 λαϐεῖν.
726 1365 792 1417 Τί
840 1365 1016 1418 τοίνυν
1064 1366 1207 1427 εἰκὸς
1246 1361 1313 1433 ἦν
1365 1366 1561 1435 μᾶλλον
1594 1366 1690 1419 τὸν
1718 1382 1853 1437 κρα-

275 1455 479 1508 τοῦντα
525 1454 709 1508 λαϐεῖν
755 1456 968 1509 ἑλέσθαι
999 1473 1013 1521 ;
1063 1457 1294 1510 Δυνατόν
1320 1459 1434 1510 ἐστι
1464 1457 1529 1510 δι’
1563 1457 1855 1511 ἀκολούθου

281 1547 584 1616 στοχασμόν
620 1564 742 1600 τινα
773 1547 872 1616 τῆς
916 1548 1211 1617 ἐπιθυμίας
1256 1548 1419 1601 αὐτοῦ
1464 1549 1667 1602 λαϐεῖν.
1724 1546 1855 1601 Εἶτα

282 1638 528 1711 πρόδηλα
560 1638 765 1705 γένοιτο
796 1640 925 1707 ἡμῖν
954 1639 1060 1692 τῶν
1088 1639 1432 1709 ζητουμένων
1459 1640 1751 1711 τεκμήρια.
1796 1640 1855 1692 'U

276 1732 459 1784 τοίνυν
487 1734 628 1784 κατά
650 1731 740 1784 τὸν
771 1730 830 1783 ἐν
860 1728 999 1800 ἀρχῇ
1027 1729 1121 1781 τοῦ
1158 1729 1585 1801 συγγράμματος
1620 1746 1857 1799 προαποο

280 1821 500 1874 δοθέντα
534 1821 708 1887 λόγον,
739 1820 817 1891 τῷ
852 1818 988 1891 πρὸς
1016 1819 1105 1871 τὸν
1127 1820 1495 1890 εὐημεροῦντα
1518 1818 1696 1889 φθόνῳ
1722 1819 1857 1889 πρὸς

280 1912 345 1965 τὸ
379 1913 582 1980 ἀγαθὸν
615 1911 910 1982 ἐπιμύσας,
969 1913 1059 1965 τὸν
1113 1911 1166 1964 δὲ
1212 1911 1310 1981 τῆς
1360 1910 1554 1973 κακίας
1599 1908 1758 1979 ζόφον
1802 1911 1859 1964 ἐν

282 2002 461 2072 ἐαυτῷ
490 2004 753 2071 γεννήσας
779 2020 791 2033 ·
818 2003 993 2073 ἀρχὴν
1023 2004 1078 2055 δε
1108 2002 1206 2073 τῆς
1240 2001 1372 2071 πρὸς
1398 2001 1465 2054 τὰ
1490 2000 1653 2071 χείρω
1685 2001 1858 2071 ῥοπῆς

281 2095 377 2147 καὶ
420 2094 670 2147 ὑπόθεσιν
727 2095 819 2147 καὶ
854 2094 1012 2147 οίονεὶ
1053 2095 1264 2165 μητέρα
1296 2094 1394 2163 τῆς
1436 2093 1628 2162 λοιπῆς
1661 2094 1859 2157 κακίας

279 2187 382 2255 τὴν
437 2187 720 2257 φιλαρχίαν
766 2188 1029 2256 νοσήσας,
1082 2187 1223 2249 τίνος
1266 2185 1330 2238 Ξιν
1374 2185 1737 2256 ἀντηλλάξατο
1766 2185 1856 2237 τὸν

281 2279 661 2347 κατεχόμενον,
696 2279 744 2330 εί
790 2277 863 2349 μὴ
896 2276 1092 2347 δηλαδὴ
1126 2276 1216 2329 τοῦ
1251 2276 1578 2347 ὑψηλοτέρου
1613 2276 1704 2328 καὶ
1737 2276 1855 2345 μεί-

280 2370 438 2433 ζονος
462 2370 925 2439 ἀνταλλάγματος,
959 2370 1031 2431 ὡς
1067 2368 1131 2422 ἂν
1166 2369 1361 2439 μᾶλλον
1393 2367 1585 2421 ἑαυτοῦ
1616 2368 1676 2420 τὸ
1716 2369 1855 2422 κατά

281 2460 373 2512 τὸν
402 2459 568 2527 τῦφον
602 2460 819 2532 θρέψειε
861 2460 1051 2523 πάθος,
1091 2461 1156 2513 τά
1194 2460 1363 2529 μείζω
1410 2460 1515 2511 τῶν
1562 2459 1856 2512 ἐλαττόνων

281 2548 736 2617 διαμειϐόμενοςς
791 2549 947 2602 Ἀλλὰ
992 2550 1096 2620 μὴν
1143 2551 1197 2601 ἐν
1225 2552 1335 2611 τοῖς
1364 2550 1455 2601 ἀπ’
1492 2548 1683 2612 αἰῶνος
1719 2550 1858 2601 ίστο⁴

286 2638 587 2709 ρουμένοις,
623 2640 681 2690 ὲν
720 2638 895 2691 οὐδενὶ
932 2636 1255 2705 συνεγνὼκει
1287 2637 1525 2691 τοιοῦτον
1564 2638 1734 2702 οὐδὲν,
1770 2633 1857 2691 οἷα

286 2728 539 2799 καθεώρα
568 2729 695 2800 περὶ
723 2728 823 2797 τὴν
850 2728 967 2781 τότε
1011 2729 1340 2799 φαινομένην
1372 2728 1663 2798 κυοφορίαν
1688 2728 1850 2781 ἀσυν-

285 2821 561 2890 τρίαστον,
599 2820 693 2871 καὶ
722 2819 969 2887 γέννησιν
996 2818 1248 2889 ἄφθορον,
1286 2819 1379 2871 καὶ
1414 2818 1579 2889 θήλην
1611 2820 1675 2870 ἐκ
1712 2836 1855 2891 παρ-

288 2910 487 2974 θενίας,
518 2910 613 2963 καὶ
639 2908 847 2962 ἄνωθεν
874 2910 1340 2981 ἐπιμαρτυρούσας
1362 2909 1438 2979 τῷ
1467 2911 1731 2980 ὑπερφυεῖ
1756 2912 1857 2981 τῆς

287 3000 442 3065 ἀξίας
466 3004 531 3053 ἐκ
555 3000 665 3053 τῶν
691 3000 938 3071 ἀοράτων
980 3002 1159 3069 φωνάς
1179 3018 1190 3030 ·
1239 3002 1328 3054 καὶ
1374 3001 1482 3054 τῶν
1516 3001 1612 3072 τῆς
1644 3002 1855 3071 φύσεως

1955 472 2276 533 emptorem,
2335 463 2573 531 injustus
2617 478 2738 516 esse
2782 462 3069 527 videbitur,
3124 462 3217 531 qui
3264 477 3385 515 eum
3428 462 3524 529 qui
3594 478 3599 481 ν

1955 556 2071 625 lege
2096 562 2180 609 est
2211 554 2533 625 aequisitus,
2563 554 2613 607 vi
2644 553 2839 622 eripit;
2872 554 2964 608 sed
3011 554 3054 607 si
3096 554 3364 620 quispiam
3397 552 3525 607 velit

1955 662 2076 702 eum
2109 645 2390 709 redimere,
2417 646 2562 698 nulla
2592 656 2671 698 est
2704 644 2785 697 lex
2818 660 2936 712 qua:
2971 644 3022 697 id
3049 655 3191 699 vetet
3228 664 3241 698 :

2534 732 2759 788 CAPUT
2800 732 2985 787 XXIII.

2027 828 2226 883 Eodem
2256 827 2417 882 modo
2450 842 2572 881 cum
2607 841 2707 881 nos
2748 827 2894 896 ipsos
2929 833 3114 881 nostra
3160 833 3350 895 sponte
3394 842 3525 879 ven-

1955 918 2277 981 diderimus,
2320 918 2605 988 oportebat
2654 918 2721 970 ab
2758 931 2823 970 eo
2853 916 2944 985 qui
2980 927 3200 984 propter
3228 915 3523 969 bonitatem

1957 1023 2057 1063 nos
2089 1009 2143 1061 in
2175 1008 2476 1062 libertatem
2510 1023 2699 1063 rursus
2729 1016 2846 1061 erat
2887 1006 3388 1067 restituturus,non
3426 1007 3525 1059 ali-

1956 1114 2116 1170 quem
2167 1100 2530 1168 tyrannicum,
2581 1099 2674 1153 sed
2716 1098 2923 1167 justum
2972 1095 3266 1165 excogitari
3306 1096 3522 1149 modum

1956 1188 2340 1244 revocationis.
2386 1188 2435 1243 Is
2490 1198 2668 1243 autem
2715 1197 2820 1252 est,
2884 1187 3013 1240 dare
3046 1184 3406 1255 quodcunque
3437 1200 3526 1239 ve-

1957 1281 2017 1334 lit
2064 1281 2295 1349 pretium
2342 1279 2731 1349 redemptionis
2780 1293 2879 1348 pro
2932 1292 2998 1333 eo
3046 1292 3204 1347 quem
3263 1276 3523 1345 possidet.

1956 1369 2096 1436 Quid
2127 1387 2258 1439 ergo
2292 1378 2375 1425 est
2404 1370 2716 1431 verisimile,
2759 1368 2930 1437 magis
2958 1368 3095 1423 velle
3128 1366 3374 1436 accipere
3399 1381 3522 1420 eum

1959 1463 2052 1531 qui
2090 1462 2251 1515 habet
2295 1461 2675 1516 dominatum?
2714 1458 3013 1515 Possumus
3051 1473 3145 1527 per
3182 1472 3526 1525 consequem-

1958 1550 2086 1603 tiam
2116 1564 2309 1619 capere
2337 1549 2572 1619 aliquam
2616 1548 2986 1617 conjecturam
3023 1546 3142 1616 ejus
3190 1544 3523 1614 cupiditatis,

1958 1640 2001 1695 si
2037 1639 2147 1695 sint
2181 1640 2339 1695 nobis
2384 1639 2670 1693 manifesta
2712 1639 2864 1709 signa
2891 1653 3076 1693 eorum
3117 1652 3236 1706 qua:
3268 1650 3525 1705 qmerun-

1888 1717 1927 1772 Β
1959 1742 2067 1784 tur.
2117 1730 2218 1796 Qui
2250 1746 2398 1801 ergo,
2452 1739 2511 1784 ut
2544 1731 2646 1784 fuit
2696 1730 2846 1799 prius
2901 1728 3226 1797 explicatum
3278 1727 3330 1778 in
3374 1725 3526 1779 initio

1957 1823 2103 1888 libri,
2165 1832 2384 1892 propter
2416 1821 2673 1876 invidiam
2717 1823 2773 1875 in
2812 1835 2933 1875 eum
2966 1828 3307 1888 conceptam,
3367 1818 3525 1886 cujus

1957 1929 2048 1969 res
2082 1922 2239 1967 erant
2268 1914 2555 1977 secundae,
2598 1912 2666 1966 ad
2714 1912 2915 1965 bonum
2964 1910 3158 1963 clausit
3218 1908 3425 1970 oculos,
3472 1907 3527 1960 in

1959 2008 2140 2077 seipso
2184 2018 2361 2060 autem
2416 2005 2599 2074 genuit
2639 2004 2891 2057 tenebras
2939 2001 3087 2065 vitii,
3128 2009 3180 2055 et
3226 1997 3528 2069 imperandi

1958 2098 2211 2153 laborans
2241 2096 2558 2166 cupiditate,
2591 2110 2710 2165 quae
2740 2104 2824 2148 est
2856 2094 3018 2147 veluti
3064 2093 3274 2145 initium
3315 2100 3368 2144 et
3404 2090 3528 2143 fun-

1957 2190 2269 2245 damentum
2306 2188 2371 2241 ad
2406 2187 2674 2241 deteriora
2714 2184 3113 2255 propensionis,
3135 2192 3189 2238 et
3213 2183 3379 2237 veluti
3410 2197 3527 2234 ma—

1958 2293 2038 2337 ter
2063 2293 2379 2336 caeterorum
2416 2278 2691 2341 vitiorum,
2731 2291 2965 2347 quonam
3017 2276 3189 2345 pretio
3223 2281 3526 2328 commuta-

1958 2379 2038 2426 ret
2079 2387 2202 2426 eum
2249 2385 2407 2441 quem
2460 2367 2793 2438 possidebat,
2847 2366 2951 2420 nisi
3000 2365 3145 2433 quod
3186 2372 3329 2419 esset
3366 2366 3521 2433 longe

1958 2462 2273 2527 maximum,
2335 2458 2542 2528 majora
2577 2456 2891 2526 accipiendo
2939 2471 3034 2524 pro
3092 2454 3415 2517 minoribus,
3469 2462 3527 2507 ut

1959 2554 2130 2623 magis
2167 2552 2332 2605 aleret
2371 2564 2523 2604 suam
2559 2547 2827 2617 superbia:
2856 2545 3236 2599 aﬂ'ectionem?
3283 2543 3445 2611 Atqui
3473 2542 3525 2595 in

1958 2646 2024 2700 iis
2061 2661 2180 2715 qua:
2207 2660 2234 2697 a
2268 2642 2540 2714 prioribus
2571 2640 2787 2695 saeculis
2826 2647 2919 2693 aut
2964 2645 3202 2701 narrata,
3260 2643 3352 2689 aut
3388 2636 3529 2687 litte-

1958 2737 2035 2792 ris
2084 2735 2337 2790 mandata
2395 2733 2625 2799 fuerant,
2664 2731 2995 2801 intelligebat
3030 2729 3162 2783 nibil
3198 2727 3364 2782 fuisse
3397 2726 3525 2787 tale,

1957 2825 2115 2895 quale
2146 2823 2359 2878 videbat
2385 2822 2439 2875 in
2473 2837 2539 2876 eo
2572 2821 2663 2889 qui
2688 2835 2829 2873 nunc
2851 2818 3163 2889 apparebat,
3190 2830 3381 2885 nempe
3403 2829 3529 2868 con-

1957 2915 2257 2985 ceptionem
2295 2914 2500 2981 absque
2546 2911 2652 2964 ulla
2701 2925 2826 2963 cum
2870 2913 2987 2963 viro
3032 2909 3436 2977 conjunctione,
3473 2915 3528 2959 et

1960 3016 2135 3062 ortum
2152 3006 2355 3075 absque
2370 3006 2480 3059 ulla
2498 3006 2864 3074 corruptione,
2896 3011 2948 3057 et
2966 3002 3252 3055 laetantem
3271 2997 3526 3054 feminam

288 3055 746 3163 ἀρρωστημάτων
762 3055 1089 3162 διόρθωσιν,
1131 3055 1731 3165 éﬁpaYMtEU‘L'é‘J'ﬂ‘Va
1764 3055 1858 3147 καί

1964 3055 2350 3075 ,----------,,---
2906 3055 2944 3057 ,γ

1960 3112 2027 3150 ex
2062 3095 2390 3162 virginitate,
2408 3102 2461 3148 et
2488 3093 2924 3161 vocesesupcris
2953 3098 3216 3147 testantes
3234 3087 3529 3142 admirabi-

287 3182 448 3250 ψιλὴν
471 3184 529 3234 ἐν
554 3183 758 3252 ῥήματι
790 3182 932 3253 μόνῳ
965 3183 1057 3236 καὶ
1089 3186 1228 3254 ὁρμῇ
1265 3185 1358 3237 τοῦ
1388 3185 1687 3256 θελήματος
1719 3186 1853 3256 παρ’

290 3272 454 3324 αὑτοῦ
496 3273 806 3342 γινομένην,
844 3274 941 3342 τήν
988 3288 1046 3326 τε
1091 3274 1199 3327 τῶν
1245 3274 1580 3345 τεθνηκότων
1631 3276 1725 3328 ἐπὶ¹
1769 3277 1860 3329 τὸν

293 3363 405 3433 βίον
438 3364 711 3427 ἀνάλυσιν,
734 3366 829 3417 καὶ
850 3363 941 3416 τὸν
971 3364 1108 3418 κατά
1128 3365 1235 3418 τῶν
1264 3365 1531 3434 δαιμόνων
1563 3366 1744 3435 φόϐον,
1770 3367 1860 3419 καὶ

292 3455 400 3508 τῶν
435 3456 574 3508 κατά
603 3456 693 3508 τὸν
717 3456 854 3527 ἀέρα
883 3456 1067 3509 παθῶν
1096 3456 1193 3527 τὴν
1236 3458 1501 3523 ἐξουσίαν,
1530 3459 1621 3511 καὶ
1650 3460 1749 3530 τὴν
1776 3458 1863 3512 διά

294 3544 567 3614 θαλάσσης
595 3547 839 3615 πορείαν,
872 3548 931 3599 οὑ
973 3546 1360 3619 διαχωροῦντος
1398 3550 1479 3617 ἐφ’
1511 3549 1743 3619 ἑκάτερα
1768 3549 1860 3602 τοῦ

296 3636 587 3703 πελάγους,
624 3638 719 3690 καὶ
769 3638 856 3691 τὸν
907 3638 1157 3709 πυθμένα
1199 3641 1527 3709 γυμνοῦντος
1567 3644 1677 3703 τοῖς
1722 3659 1862 3712 παρ-

293 3726 535 3780 οδεύουσι
561 3728 697 3781 κατά
726 3730 823 3799 τὴν
860 3730 1098 3791 Μωσέως
1121 3730 1577 3802 θαυματουργίαν,
1611 3733 1723 3785 ἀλλ’
1753 3734 1863 3787 ἀνω

294 3816 393 3884 τῆς
423 3818 741 3886 ἐπιφανείας
760 3819 852 3871 τοῦ
884 3819 1069 3883 ὓδατος
1095 3820 1564 3892 ὑποχερσουμένης
1590 3826 1657 3893 τῇ
1689 3823 1860 3893 βάσει,

297 3906 391 3958 καὶ
421 3906 509 3958 διὰ
554 3908 653 3977 τῆς
696 3908 967 3976 ἀσφαλοῦς
1014 3912 1331 3975 ἀντιτυπίας
1373 3913 1756 3985 ὑπερειδούσης
1804 3914 1865 3967 τὸ

298 3996 462 4063 ἴχνος,
498 3998 596 4067 τήν
643 4014 702 4049 τε
744 3998 842 4068 τῆς
874 4000 1074 4069 τροφῆς
1102 4000 1400 4071 ὑπεροψίαν
1438 4002 1523 4071 ἐφ’
1573 4004 1693 4056 ὅσον
1745 4004 1866 4073 βού-

296 4085 457 4151 λοιτο,
491 4089 584 4142 κα)⁸
624 4088 722 4151 τάς
748 4091 805 4143 ἐν
837 4092 1039 4162 ἐρημία
1065 4092 1303 4161 δαψιλεῖς
1339 4096 1610 4160 ἑστιάσεις
1669 4096 1777 4149 τῶν
1808 4099 1864 4150 ἐν

298 4177 519 4241 πολλαῖς
571 4180 806 4249 χιλιάσιν
854 4184 1238 4254 εὐωχουμένων
1266 4204 1277 4215 ’
1341 4181 1421 4249 οἷς
1468 4186 1591 4240 οὕτε
1637 4189 1867 4259 οὑρανὸς

296 4267 518 4338 ἐπέρρει
548 4268 609 4321 τὸ
636 4270 830 4339 μάννα,
883 4270 1003 4324 οὔτε
1046 4274 1079 4342 ἡ
1123 4274 1195 4342 γῆ
1230 4273 1370 4327 κατὰ
1401 4275 1499 4346 τὴν
1536 4276 1669 4329 ἰδίαν
1698 4278 1867 4347 αὑτῆς

1962 3188 2063 3241 lem
2113 3187 2233 3256 ejus
2260 3185 2600 3256 dignitatem,
2632 3198 2754 3237 cum
2783 3184 2916 3236 nihil
2942 3192 3122 3235 tamen
3173 3180 3389 3235 caderet
3428 3178 3530 3233 sub

1963 3286 2267 3348 aspectum,
2290 3286 2496 3330 naturae
2513 3277 2826 3331 morborum
2849 3281 2901 3329 et
2930 3270 3311 3342 aegritudinum
3341 3284 3524 3323 corre-

1961 3368 2194 3422 ctionem
2211 3382 2272 3420 ac
2286 3365 2781 3435 curationem,qua2
2815 3365 2883 3419 ab
2911 3378 2975 3419 eo
3008 3362 3166 3416 ﬁebat
3193 3361 3325 3414 citra
3359 3360 3527 3413 ullum

1962 3461 2257 3530 negotium,
2278 3458 2503 3528 soloque
2519 3458 2684 3513 verbo
2700 3465 2754 3512 et
2784 3464 2914 3510 nutu
2948 3469 3011 3508 ac
3031 3459 3302 3507 momento
3332 3450 3531 3504 volun-

1964 3552 2108 3616 tatis,
2124 3558 2381 3605 eteorum
2402 3549 2493 3619 qui
2510 3565 2539 3605 e
2568 3550 2679 3604 vita
2697 3554 3069 3611 excesserant,
3091 3546 3213 3600 vita:
3227 3542 3528 3599 restitutio-

1964 3648 2176 3705 nem,et
2200 3641 2505 3694 daemonum
2537 3651 2817 3701 terrorem,
2850 3644 3279 3707 potestatemque
3312 3634 3366 3686 in
3406 3630 3531 3685 atl‘e-

1965 3732 2173 3786 ctiones
2207 3734 2369 3797 aeris,
2394 3739 2447 3785 et
2477 3746 2571 3800 per
2592 3746 2738 3784 mare
2768 3731 3092 3798 ingressum,
3116 3727 3368 3795 utrinque
3390 3723 3529 3777 mari

1966 3839 2074 3877 non
2109 3821 2442 3883 discedente,
2484 3829 2541 3875 et
2576 3820 2643 3875 iis
2670 3821 2764 3891 qui
2794 3819 3102 3873 transibant
3140 3816 3366 3871 fundum
3408 3829 3530 3884 ape-

1967 3915 2159 3979 riente,
2195 3920 2554 3984 congruenter
2596 3913 2645 3966 ei
2680 3912 2941 3965 miraculo
2967 3908 3110 3982 quod
3154 3909 3352 3962 factum
3385 3914 3467 3961 est
3500 3920 3528 3957 a

1966 4005 2169 4076 Moyse,
2199 4005 2292 4059 sed
2324 4004 2492 4058 maris
2522 4003 2805 4071 superﬁcie
2845 4001 2912 4055 ad
2945 3999 3357 4070 ingrediendum
3403 4006 3530 4048 tan-

1968 4114 2128 4168 quam
2163 4097 2391 4152 solidam
2423 4106 2621 4151 terram
2663 4096 2955 4164 praebente,
2988 4103 3041 4149 et
3075 4094 3255 4149 stabili
3294 4107 3356 4143 ac
3390 4090 3528 4143 resi-

1969 4196 2143 4245 stente
2168 4188 2367 4242 duritie
2403 4187 2630 4256 vestigia
2664 4186 2932 4245 ﬁrmante,
2964 4194 3016 4238 et
3067 4184 3307 4237 alimenti
3357 4196 3531 4248 quan-

1968 4287 2077 4330 tam
2115 4278 2271 4332 vellet
2303 4278 2695 4347 elargitionem,
2728 4276 2982 4343 lautaque
3014 4282 3067 4327 et
3098 4269 3375 4341 splendida
3402 4284 3529 4322 con-

298 4359 457 4426 φύσιν
485 4360 827 4414 σιτοποιοὖσα
860 4361 955 4432 τὴν
983 4363 1170 4433 χρείαν
1202 4364 1439 4434 ἐπλήρου
1462 4382 1475 4395 ·
1517 4366 1626 4418 ἀλλ’
1663 4369 1726 4419 ἐκ
1755 4367 1859 4420 τῶν

1970 4366 2112 4417 vivia
2174 4366 2228 4417 in
2275 4365 2603 4427 solitudine,
2652 4363 2837 4417 multis
2884 4362 3122 4415 millibus
3175 4360 3247 4413 ibi
3309 4360 3531 4427 opipare

296 4452 554 4521 ἀρρήτων
586 4452 824 4523 ταμείων
851 4453 951 4523 τῆς
996 4456 1146 4519 θείας
1188 4457 1465 4527 δυνάμεως
1515 4460 1547 4527 ὴ
1593 4458 1868 4528 φιλοτιμία

300 4546 511 4617 προῄει,
539 4546 753 4616 ἕτοιμος
794 4549 953 4617 ἄρτος
1000 4552 1119 4611 ταῖς
1164 4550 1317 4620 χερσὶ
1344 4551 1451 4603 τῶν
1481 4550 1868 4603 διακονούντων

297 4634 801 4705 ἐνγεωργούμενος,
850 4638 942 4691 καὶ
982 4637 1071 4690 διὰ
1107 4640 1198 4692 τοῦ
1245 4641 1406 4710 κόρου
1439 4640 1548 4693 τῶν
1581 4626 1868 4695 ἐσθιόντων

300 4724 494 4779 πλείων
520 4728 853 4797 γιγνόμενος,
881 4730 914 4799 ἦ
940 4747 997 4783 τε
1014 4731 1100 4783 διὰ
1124 4730 1233 4783 τῶν
1268 4731 1463 4801 ἰχθύων
1491 4731 1783 4801 ὀψοφαγία,
1806 4733 1867 4784 οὑ

299 4814 572 4887 θαλάσσης
614 4819 795 4883 αὐτοῖς
844 4821 977 4891 πρὸς
1021 4822 1120 4892 τὴν
1156 4823 1342 4893 χρείαν
1389 4822 1865 4893 συνεισφερούσης,

299 4905 429 4959 ἀλλὰ
464 4906 558 4959 τοῦ
583 4909 676 4961 καὶ¹
703 4912 770 4979 τῇ
801 4910 1044 4983 θαλάσσῃ
1070 4911 1129 4964 τὺ
1160 4912 1314 4979 γένος
1341 4912 1447 4965 τῶν
1483 4912 1679 4983 ἰχθύων
1702 4929 1867 4966 κατα-

298 4996 637 5066 σπείραντος.
671 4999 782 5053 Καὶ
814 4999 929 5063 πῶς
954 5000 1017 5054 ἄν
1044 5019 1126 5065 τις
1158 5002 1217 5054 τὸ
1244 5001 1362 5055 καθ’
1391 5002 1615 5056 ἕκαστον
1643 5003 1750 5055 τῶν
1780 5002 1868 5053 εὑ-

296 5090 599 5157 αγγελικῶν
646 5093 828 5159 διεξίοι
876 5096 1205 5166 θαυμάτων;
1268 5095 1487 5164 ’Ταύτην
1540 5096 1717 5149 τοίνυν
1767 5093 1868 5163 τὴν

295 5180 517 5251 δύναμιν
567 5183 813 5255 καθορῶν
856 5188 885 5238 ὀ
929 5187 1120 5256 ἐχθρὸς
1167 5188 1226 5240 ἐν
1278 5188 1491 5255 ἐκείνῳ,
1542 5187 1720 5239 πλεῖον
1770 5185 1863 5239 τοῦ

297 5271 658 5341 κατεχομένου
706 5274 768 5325 τὸ
805 5274 1161 5343 προκείμενον
1205 5270 1342 5326 εἶδεν
1384 5278 1441 5327 ἐν
1484 5274 1561 5345 τῷ
1605 5276 1862 5329 συναλλά-

295 5375 461 5427 γματι
484 5377 498 5391 ·
553 5362 745 5415 τούτου
778 5364 936 5432 χάριν
984 5365 1142 5416 αὑτὸν
1177 5366 1410 5432 αἱρεῖται
1452 5363 1642 5434 λύτρον
1669 5365 1776 5417 τῶν
1806 5367 1863 5418 ἐν

295 5453 359 5519 τῇ
415 5450 509 5504 τοῦ
579 5451 811 5505 θανάτου
874 5455 1085 5523 φρουρᾷ
1136 5452 1541 5524 καθειργμένων
1592 5454 1861 5520 γενέσθαι.

310 5543 462 5597 Ἀλλά
514 5545 622 5614 μὴν
666 5545 949 5614 ἀμήχανον
976 5541 1041 5615 ἦν
1070 5549 1249 5617 γυμνῇ
1279 5546 1611 5617 προσϐλέψαι
1655 5548 1720 5616 τῇ
1771 5546 1864 5599 τοῦ

293 5628 424 5683 6εοῦ
480 5631 779 5703 φαντασίᾳ,
838 5631 912 5703 μὴ
964 5633 1161 5703 σαρκός
1203 5651 1322 5687 τινα
1368 5636 1558 5705 μοῖραν
1609 5635 1665 5688 ἐν
1717 5634 1864 5705 αὐτῷ

1969 4454 2254 4518 tractatis;
2283 4455 2480 4523 quibus
2510 4468 2684 4523 neque
2718 4453 2913 4507 caelum
2948 4452 3085 4521 pluit
3118 4465 3337 4512 manna,
3358 4466 3532 4520 neque

1970 4556 2116 4603 terra
2169 4546 2471 4603 secundum
2521 4563 2673 4601 suam
2728 4555 2979 4600 naturam
3014 4545 3343 4599 frumentum
3402 4560 3531 4614 pro-

1969 4637 2195 4700 ducens,
2246 4636 2299 4689 id
2333 4636 2475 4707 quod
2506 4636 2587 4691 eis
2636 4643 2755 4691 erat
2813 4652 2951 4705 opus
2991 4634 3405 4705 suppeditabat:
3436 4634 3531 4689 sed

1968 4744 2031 4783 ex
2065 4728 2426 4783 inellabilibus
2464 4728 2661 4782 divinae
2689 4728 2943 4796 potentiue
2990 4726 3381 4796 promptuariis
3406 4740 3533 4796 pro-

1969 4818 2195 4873 cedebat
2221 4819 2539 4884 liberalitas,
2609 4818 2765 4888 panis
2798 4826 3038 4884 paratus,
3065 4833 3253 4871 eorum
3301 4818 3397 4886 qui
3431 4816 3533 4869 im-

1970 4907 2345 4977 partiebantur
2387 4913 2644 4976 tanquam
2699 4907 3060 4975 agricolarum
3122 4904 3374 4958 manibus
3417 4904 3529 4958 ela-

1970 5001 2216 5062 boratus,
2246 5005 2299 5053 et
2328 5013 2426 5068 per
2471 5014 2657 5052 eorum
2692 4999 2782 5067 qui
2831 4997 3187 5051 vescebantur
3225 4994 3530 5049 satietatem

1970 5090 2383 5158 multiplicatus,
2415 5098 2469 5143 et
2503 5089 2729 5158 piscium
2758 5088 3071 5151 obsonium,
3121 5102 3245 5141 cum
3270 5087 3352 5141 eis
3383 5099 3534 5138 mare

1971 5180 2103 5233 nihil
2122 5179 2399 5234 conferret
2426 5182 2491 5233 ad
2519 5195 2698 5240 usum,
2741 5180 2833 5235 sed
2866 5181 2913 5234 is
2949 5180 3041 5248 qui
3083 5179 3245 5233 etiam
3293 5175 3527 5245 piscium

1965 5287 2138 5344 genus
2163 5270 2215 5323 in
2251 5270 2387 5324 mari
2422 5274 2803 5325 seminaverat.
2868 5270 3152 5336 Quomodo
3186 5276 3364 5321 autem
3398 5281 3533 5317 enu-

1969 5361 2197 5415 merabit
2246 5362 2516 5432 quispiam
2576 5363 2792 5430 singula
2848 5362 3109 5415 miracula
3176 5356 3534 5426 evangelica?
3584 5410 3587 5413 λ

1966 5453 2115 5509 lianc
2144 5468 2275 5519 ergo
2327 5455 2429 5506 vim
2463 5454 2515 5506 in
2552 5454 2642 5507 illo
2679 5469 2913 5508 cernens
2970 5449 3247 5510 inimicus,
3302 5446 3437 5501 vidit
3473 5447 3529 5501 in

1964 5543 2365 5613 permutatione
2406 5545 2526 5611 plus
2553 5558 2675 5598 esse
2725 5537 3099 5599 emolumenti,
3153 5551 3317 5606 quam
3362 5537 3417 5591 in
3462 5552 3531 5593 eo

1964 5635 2108 5707 quod
2169 5632 2501 5702 possidebat.
2551 5634 2625 5687 Ea
2665 5635 2731 5689 de
2758 5646 2920 5687 causa
2979 5645 3103 5687 eum
3156 5630 3361 5686 mavult
3413 5628 3529 5685 ﬁeri
