4006 6148
427 231 500 286 63
1668 237 1724 292 S.
1757 230 2086 292 GREGORII
2125 230 2416 286 NYSSENI
3594 229 3662 284 61

423 349 658 419 pretium
688 348 1083 418 redemptionis
1119 367 1310 405 eorum
1329 353 1419 422 qui
1462 354 1514 407 in
1544 368 1767 407 carcere
1799 352 1988 405 mortis

2106 347 2442 418 ὶεωρὴσαντα
2469 389 2483 413 ,
2532 349 2597 419 ἦν
2643 349 2741 420 ἤδη
2774 348 2859 402 διὰ
2906 348 3000 418 τῆς
3041 346 3309 418 ἁμαρτίας
3354 347 3666 418 κεχείρωτο.

425 448 581 493 erant
617 441 835 494 inclusi.
894 440 996 494 Sed
1035 441 1146 494 ﬁeri
1189 458 1296 495 non
1335 451 1546 513 poterat
1581 453 1636 496 ut
1670 441 1760 496 [lci
1791 441 1990 495 nudam

427 534 694 598 aSpieeret
717 531 973 598 speciem.
1003 532 1111 587 nisi
1157 533 1394 601 aliquam
1428 534 1482 588 in
1515 549 1578 588 eo
1601 533 1805 596 carnis,
1827 546 1990 601 quam

424 620 532 688 jam
566 622 691 673 olim
717 621 785 673 ob
815 629 1096 691 peccaturo
1121 622 1175 675 in
1207 623 1437 678 vinculis
1484 624 1734 685 habebat,
1780 621 1990 691 portio-

427 726 548 764 nem
582 711 1061 768 animadverteret.
1090 714 1296 767 Idcirco
1315 729 1477 769 carne
1497 715 1753 768 divinitas
1794 714 1989 767 obum-

425 800 579 854 brata
616 810 716 865 est,
749 809 807 855 ut
836 802 902 854 ad
931 803 980 856 id
1014 803 1227 857 intuens
1253 804 1396 874 quod
1438 818 1622 858 secum
1664 803 1765 858 fuit
1795 802 1990 856 educa-

428 901 541 944 tum
575 899 627 946 et
685 899 766 947 est
797 893 900 948 sibi
945 901 1268 964 cognatum,
1322 910 1428 948 non
1464 902 1754 950 terreretur
1805 909 1994 962 appro—

429 980 778 1049 pinquatione
851 983 1166 1037 excellentis
1228 983 1478 1050 virtutis;
1551 994 1603 1040 et
1649 984 1991 1039 considerata

429 1084 549 1146 qum
578 1070 778 1124 sensim
812 1086 906 1140 per
940 1071 1200 1125 miracula
1242 1072 1412 1141 magis
1442 1087 1504 1127 ac
1538 1073 1708 1141 magis
1747 1072 1994 1142 resplen-

429 1159 588 1214 debat
619 1161 878 1228 polentia,
915 1161 1252 1215 existimaret
1283 1161 1336 1214 id
1369 1163 1513 1232 quod
1539 1164 1790 1233 apparuit
1823 1163 1996 1231 magis

429 1266 551 1304 esse
623 1253 1122 1322 concupiscendum
1181 1269 1341 1322 quam
1413 1255 1775 1309 formidabile.
1833 1253 1994 1309 Vides

430 1341 884 1408 quemadmodum
914 1358 1037 1397 cum
1081 1344 1294 1414 justitia
1318 1346 1611 1414 conjuncta
1644 1347 1714 1401 sit
1747 1347 1994 1411 bonitas,

430 1440 483 1485 et
534 1432 802 1500 sapientia
851 1448 957 1486 non
997 1435 1066 1488 sit
1106 1434 1173 1488 ab
1214 1435 1293 1490 eis
1323 1445 1592 1504 separata.
1642 1436 1795 1502 Quod
1855 1439 1996 1492 enim

432 1539 527 1592 per
553 1523 931 1578 indumentum
959 1525 1205 1594 corporis
1234 1529 1585 1597 excogitavit,
1632 1537 1690 1581 ut
1720 1529 1837 1598 capi
1873 1545 2003 1598 pos-

436 1622 517 1666 set
549 1613 731 1667 divina
761 1615 957 1679 virtus,
985 1632 1052 1671 ne
1081 1632 1178 1686 pro
1212 1619 1371 1672 nobis
1425 1629 1679 1690 suscepta
1711 1621 1999 1690 dispensa-

433 1703 507 1755 tio
535 1703 888 1771 impediretur
929 1714 1076 1759 metu
1126 1706 1501 1768 sublimitatis,
1555 1708 1777 1762 omnino
1833 1710 1994 1763 simul

432 1795 688 1859 ostendit,
761 1811 956 1865 nempe
1007 1796 1325 1861 bonitatem,
1371 1798 1691 1867 sapientiam
1735 1809 1787 1852 et
1823 1799 1990 1867 justi-

434 1879 585 1934 tiam.
623 1880 867 1936 Voluisse
893 1883 1036 1937 enim
1070 1884 1200 1938 dare
1231 1886 1484 1949 salutem,
1507 1893 1589 1940 est
1618 1887 1990 1940 testimonium

434 1973 714 2031 bonitatis.
749 1975 902 2041 Quod
944 1983 1123 2030 autem
1160 1984 1415 2046 tanquam
1448 1994 1512 2032 ex
1550 1985 1832 2031 contractu
1868 1977 1996 2032 fecit

2095 440 2191 493 Διὰ
2223 439 2379 494 τοῦτο
2411 442 2872 512 περικεκὰλυπται
2897 445 2962 511 τῇ
2993 441 3153 510 σαρκὶ
3192 442 3225 510 ὴ
3256 440 3463 510 θεότης,
3497 439 3571 503 ὡς
3606 442 3672 492 ἂν

2094 530 2231 600 πρὸς
2258 531 2318 583 τὸ
2347 530 2640 604 σύντροφόν
2669 549 2726 584 τε
2745 531 2838 585 καὶ
2870 532 3124 599 συγγενὲς
3158 531 3302 600 αὑτῷ
3327 530 3556 600 βλέπων,
3596 533 3670 602 μὴ

2094 622 2351 692 πτοηθείη
2393 623 2482 675 τὸν
2515 623 2914 692 προσεγγισμὸν
2963 624 3060 692 τῆς
3100 623 3470 694 ὑπερεχούσης
3511 623 3670 675 δυνά·

2097 731 2275 786 μεως.·
2325 715 2415 767 καὶ
2461 714 2558 785 τὴν
2603 715 2784 785 ἡρέμα
2833 715 2920 767 δια
2974 713 3081 766 τῶν
3133 714 3426 782 θαυμάτων
3473 712 3563 764 ἐπὶ
3611 712 3681 763 τὸ

2100 808 2282 877 μεῖζον
2327 807 2732 877 διαλάμπουσαν
2781 806 3009 877 δύναμιν
3056 807 3429 875 κατανοήσας,
3483 803 3667 856 ἐπιθυ-

2099 897 2267 967 μητὸν
2316 897 2513 966 μᾶλλον
2574 896 2606 966 ἢ
2662 896 2889 967 φοϐερὸν
2940 895 3001 947 τὺ
3049 896 3212 964 φανὲν
3264 891 3401 947 εἶναι
3450 894 3665 964 νομίσῃ.

2105 989 2267 1058 Ὁρᾷς
2299 989 2449 1051 ὅπως
2492 988 2552 1040 τὸ
2579 988 2780 1056 ἀγαθὸν
2812 986 2888 1058 τῷ
2917 986 3109 1056 δικαίῳ
3152 985 3524 1049 συνέζευκται,
3573 986 3668 1038 καὶ

2094 1077 2154 1128 τὸ
2187 1077 2346 1144 σοφὸν
2386 1077 2586 1130 τούτων
2631 1077 2728 1130 οὑκ
2769 1077 3144 1148 ἀποκέκριται.
3192 1075 3264 1126 Τὸ
3301 1075 3407 1145 γὰρ
3442 1075 3529 1128 διὰ
3571 1075 3672 1144 τῆς

2095 1166 2188 1219 τοῦ
2226 1165 2474 1236 σώματος
2507 1166 2798 1236 περιϐολῆς
2841 1167 3092 1236 χωρητὴν
3138 1164 3234 1235 τὴν
3265 1163 3414 1218 θείαν
3443 1163 3670 1234 δύναμιν

2097 1258 2378 1327 ἐπινοῆσαι
2425 1258 2692 1326 γενέσθαι,
2728 1258 2802 1321 ὡς
2835 1257 2898 1310 ἂν
2944 1259 2976 1328 ή
3012 1257 3150 1327 ὑπὲρ
3193 1256 3349 1327 ἡμῶν
3390 1255 3678 1325 οἰκονομία.

2101 1349 2174 1418 μὴ
2204 1349 2630 1419 παραποδισθείη
2661 1347 2737 1419 τῷ
2785 1348 2933 1418 φόϐῳ
2965 1349 3063 1418 τῆς
3099 1348 3305 1418 ὑψηλῆς
3352 1347 3668 1417 ἐμφανείας,

2100 1440 2315 1502 παντως
2342 1439 2482 1493 κατὰ
2504 1440 2696 1492 ταύτὸν
2728 1439 2824 1509 τὴν
2852 1439 3122 1504 ἀπόδειξιν
3156 1439 3286 1508 ἔχει,
3319 1437 3412 1491 τοῦ
3443 1437 3668 1505 ἀγαθοῦ,

2099 1531 2190 1583 τοῦ
2221 1532 2404 1601 σοφοῦ,
2431 1532 2522 1584 τοῦ
2553 1531 2780 1586 δικαίου.
2811 1531 2884 1583 Τὸ
2920 1531 3016 1602 μὲν
3039 1532 3147 1601 γὰρ
3169 1530 3448 1583 ἐθέλεσθαι
3480 1530 3670 1593 σῶσαι,

2100 1624 2197 1693 τῆς
2224 1623 2557 1693 ἀγαθὸτητός
2597 1627 2710 1676 ἐστι
2741 1623 3010 1695 μαρτυρία
3037 1640 3051 1654 ο
3096 1622 3156 1674 τὸ
3198 1622 3254 1675 δὲ
3289 1621 3671 1690 συναλλαγμα-

2107 1713 2262 1782 τικὴν
2293 1715 2619 1782 ποιήσασθαι
2650 1715 2746 1784 τὴν
2779 1713 2872 1766 τοῦ
2900 1713 3266 1784 κρατουμένου
3301 1711 3584 1782 λύτρωσιν,
3615 1713 3675 1761 τὸ

2096 1802 2297 1857 δίκαιον
2322 1804 2584 1857 δείκνυσι·
2631 1805 2690 1858 τὸ
2720 1805 2774 1857 δέ
2807 1803 3048 1875 χωρητὸν
3075 1804 3140 1855 δι’
3172 1803 3412 1864 ἐπινοίας
3437 1803 3660 1870 ποιῆσαι

2096 1893 2172 1963 τῷ
2205 1893 2382 1966 ἐχθρῷ
2434 1895 2494 1947 τὸ
2537 1894 2841 1967 ἀχώρητον,
2891 1895 2991 1965 τῆς
3034 1894 3294 1948 ἀνωτάτω
3340 1892 3531 1962 σοφίας
3575 1893 3681 1962 τὴν

2099 1983 2375 2049 ἀπόδειξιν
2403 1985 2537 2054 ἔχει.

433 2066 874 2136 redemptionem,
916 2069 1035 2136 ejus
1082 2071 1171 2138 qui
1217 2071 1500 2124 tenebatur
1541 2072 1818 2125 dom‘natu
1845 2075 2085 2128 ostendit
2115 2078 2406 2146 justitiam.
2440 2079 2595 2144 Quod
2642 2091 2820 2135 autem
2865 2079 2922 2133 id
2956 2079 3102 2150 quod
3141 2079 3256 2147 capi
3288 2093 3396 2133 non
3437 2085 3669 2148 poterat,

434 2157 702 2212 subtiliter
741 2159 1055 2228 excogitaus
1086 2158 1262 2213 eﬂ‘ecit
1305 2172 1361 2212 ut
1395 2161 1512 2230 capi
1556 2171 1739 2231 posset
1766 2164 1833 2216 ab
1871 2164 2108 2233 inimico,
2135 2169 2186 2223 id
2217 2180 2404 2240 aperte
2433 2187 2699 2225 summam
2733 2172 2906 2240 arguit
2936 2171 3278 2240 sapientiam.

980 2247 1210 2303 CAPUT
1269 2249 1458 2305 XXIV.

510 2336 616 2394 Sed
644 2349 728 2394 est
774 2349 1199 2395 consentaneum
1248 2357 1370 2396 eum
1412 2343 1506 2413 qui
1555 2343 1783 2398 attendit
1810 2360 1997 2400 eorum

438 2445 557 2498 quae
579 2430 723 2484 dicta
751 2429 972 2488 fuerunt
1013 2434 1482 2502 consequentiam,
1511 2451 1754 2505 quaerere
1779 2437 1996 2492 ubinam

441 2521 493 2575 in
524 2521 590 2576 iis
611 2537 731 2592 quae
751 2521 1010 2586 diximus,
1033 2536 1288 2579 cernatur
1319 2530 1557 2595 potentia
1583 2527 1914 2597 Divinitatis,
1945 2538 2002 2585 et

438 2614 528 2668 ubi
580 2613 920 2683 incorruptio
968 2615 1164 2670 divinae
1210 2617 1486 2687 potentiae.
1538 2617 1608 2674 Ut
1666 2621 1830 2690 igitur
1883 2622 1998 2677 haec

435 2720 651 2773 quoque
679 2706 978 2760 reddantur
1000 2706 1298 2770 evidentia,
1345 2709 1752 2768 consideremus
1784 2728 1846 2766 ea
1878 2727 2002 2782 qua}

437 2798 695 2868 deinceps
724 2807 1028 2868 sequuntur
1068 2815 1131 2855 ex
1161 2803 1442 2873 mysterio,
1463 2802 1515 2856 in
1542 2803 1742 2873 quibus
1769 2805 2000 2860 maxime

437 2891 744 2946 ostenditur
773 2906 898 2946 cum
924 2893 1259 2964 benignitate
1297 2902 1702 2964 contemperata
1736 2897 1994 2964 potentia.

2668 2263 2919 2315 ΚΕΦΑΛ.
2983 2263 3105 2315 KA'.

2186 2349 2325 2402 Ἀλλ’
2367 2349 2640 2418 ἐπιζητεῖν
2672 2350 2816 2414 εἰκὸς
2850 2350 2938 2404 τὸν
2975 2354 3041 2421 τῇ
3071 2350 3358 2422 ἀκολουθίᾳ
3385 2350 3493 2403 τῶν
3523 2353 3674 2420 εἰρη-

2107 2441 2282 2512 μένων
2307 2441 2659 2512 προσέχοντα,
2686 2441 2788 2495 ποῦ
2815 2442 2874 2495 τὸ
2897 2442 3118 2497 δυνατὸν
3140 2443 3240 2514 τῆς
3265 2443 3542 2513 Θεότητος,
3568 2443 3678 2495 ποῦ

2104 2535 2137 2605 ἡ
2171 2533 2446 2604 ἀφθαρσία
2473 2533 2574 2603 τῆς
2615 2533 2761 2597 Θείας
2801 2533 3084 2604 δυνάμεως
3125 2537 3183 2588 ἐν
3216 2538 3327 2598 τοῖς
3363 2535 3672 2606 εἰρημένοις

2106 2627 2315 2698 ὁρᾶται.
2347 2625 2466 2678 ’Ὶνα
2503 2625 2679 2679 τοίνυν
2708 2626 2993 2680 καὶταῦτα
3021 2625 3242 2698 γένηται
3265 2627 3570 2696 καταφανῆ,
3602 2625 3672 2677 τὰ

2106 2718 2304 2788 ἐφεξῆς
2326 2717 2418 2770 τοῦ
2444 2718 2739 2789 μυστηρίου
2755 2718 3228 2790 διασκοπήσωμεν,
3256 2721 3314 2771 ἐν
3337 2712 3415 2781 οἷς
3439 2717 3674 2787 μάλιστα

2105 2807 2372 2862 δείκνυται
2412 2808 2828 2878 συγκεκραμένη
2858 2810 2924 2878 τῇ
2953 2805 3328 2877 φιλανθρωπίᾳ
3355 2806 3388 2876 ὴ
3422 2804 3670 2874 δύναμις.

2103 2897 2324 2968 Πρῶτον
2359 2898 2455 2968 μὲν
2483 2894 2573 2951 οῦν
2599 2898 2657 2950 ea
2687 2899 2785 2968 τὴν
2817 2896 3221 2967 παντοδύναμον
3251 2896 3412 2965 φύσιν
3439 2896 3574 2967 πρὸς
3614 2895 3674 2947 τὸ

439 2979 615 3047 Atque
643 2980 878 3049 primum
922 2983 1166 3050 quidem,
1212 2984 1356 3054 quod
1403 2983 1751 3051 omnipotens
1806 2992 1998 3040 natura

2106 2989 2352 3042 ταπεινὸν
2409 2987 2503 3057 τῆς
2564 2987 2982 3058 ἀνθρωπότητος
3054 2987 3357 3056 καταϐῆναι
3415 2985 3668 3055 ἰσχύσαι,

441 3072 678 3145 potuerit
734 3073 1065 3130 descendere
1105 3077 1169 3130 ad
1220 3077 1578 3131 humilitatem
1621 3077 1998 3144 humanitatis,

441 3163 494 3218 id
525 3172 844 3234 potestatem
879 3169 1049 3238 magis
1091 3169 1350 3233 ostendit,
1377 3186 1540 3240 quam
1581 3185 1773 3240 magna
1805 3179 1858 3225 et
1881 3187 2002 3240 qme

439 3269 684 3312 naturam
717 3269 975 3329 superant
1026 3263 1305 3316 miracula.
1359 3261 1491 3315 Nam
1536 3263 1681 3331 quod
1735 3277 1991 3331 magnum

439 3351 712 3419 quidpiam
741 3362 794 3406 et
817 3354 1091 3408 excelsum
1120 3354 1370 3408 eﬂ'ectum
1404 3353 1474 3408 sit
1509 3369 1537 3406 a
1572 3353 1754 3407 divina
1773 3353 1997 3416 virtute,

439 3451 522 3496 est
551 3441 947 3510 quodammodo
982 3443 1281 3496 secundum
1330 3453 1578 3496 naturam
1622 3451 1676 3497 et
1707 3453 2001 3497 consenta-

442 3546 622 3584 neum.
656 3529 840 3599 Neque
874 3547 1070 3584 novum
1107 3541 1160 3585 et
1187 3533 1506 3588 admirabile
1529 3533 1806 3605 quidpiam
1852 3536 2002 3588 auri-

443 3621 544 3674 bus
571 3621 831 3687 attulerit,
863 3623 1004 3692 quod
1041 3623 1261 3683 dicitur,
1288 3624 1594 3681 universam
1630 3642 1750 3696 qua:
1802 3636 1885 3683 est
1947 3629 2002 3682 in

444 3713 645 3767 mundo
684 3723 1008 3776 creaturam,
1037 3721 1090 3769 et
1118 3715 1380 3784 quidquid
1411 3725 1564 3770 extra
1615 3733 1678 3772 ea
1713 3734 1834 3787 qua:
1885 3735 2002 3774 cer-

443 3811 667 3870 nuntur,
714 3805 1213 3874 comprehenditur,
1273 3804 1368 3860 Dei
1423 3807 1622 3860 virtute
1667 3808 2001 3871 constitisse,

442 3895 562 3964 ejus
601 3896 898 3960 voluntate,
941 3903 999 3950 ut
1047 3897 1094 3952 ci
1145 3897 1322 3963 visum
1369 3907 1473 3959 est,
1515 3898 1746 3954 deducta
1795 3899 1863 3953 ad
1915 3916 2003 3954 es-

442 3987 689 4042 sentiam.
714 3987 793 4042 Ad
822 3988 875 4042 id
905 3997 1083 4043 autem
1118 3989 1262 4059 quod
1306 3999 1390 4045 est
1427 3990 1634 4045 humile
1652 3999 1706 4045 et
1729 3991 2002 4060 abiectum

441 4078 757 4142 descensus,
784 4090 866 4134 est
887 4080 1131 4150 quaedam
1165 4081 1395 4152 insignis
1429 4091 1482 4137 et
1513 4080 1824 4137 redundans
1847 4084 1999 4151 copia

444 4171 748 4240 potestatis,
779 4186 898 4240 qua:
934 4172 1156 4227 minime
1186 4173 1477 4242 impeditur
1528 4173 1582 4227 in
1615 4173 1681 4227 iis
1723 4189 1842 4243 qua:
1871 4183 1999 4228 sunt

445 4271 638 4332 praeter
671 4274 945 4318 naturam.
970 4264 1089 4330 Quo
1111 4264 1271 4320 modo
1309 4266 1452 4320 enim
1485 4265 1626 4335 ignis
1653 4267 1903 4322 essentia:
1923 4277 2007 4322 est

2107 3078 2327 3132 πλείονα
2368 3079 2466 3148 τὴν
2511 3077 2782 3142 ἀπόδειξιν
2811 3077 2910 3146 τῆς
2936 3076 3215 3146 δυνάμεως
3250 3075 3390 3144 ἔχει,
3417 3075 3448 3144 ἢ
3475 3075 3540 3127 τὰ
3577 3092 3672 3145 με·

2106 3169 2247 3237 γάλα
2269 3186 2325 3220 τε
2351 3169 2442 3219 καὶ
2466 3168 2718 3238 ὑπερφυῆ
2740 3167 2847 3218 τῶν
2871 3166 3259 3236 θαυμάτων.Τδ
3284 3165 3380 3235 μὲν
3402 3165 3510 3235 γὰρ
3537 3166 3676 3234 μέγα

2105 3277 2157 3312 τι
2197 3260 2289 3312 καὶ
2333 3257 2532 3326 ὑψηλὸν
2576 3256 2966 3326 ἐξεργασθῆναι
3008 3257 3157 3327 παρὰ
3194 3257 3293 3325 τῆς
3331 3255 3478 3318 θείας
3520 3255 3675 3308 δυνά-

2110 3369 2271 3422 μεως,
2310 3350 2448 3403 κατὰ
2488 3349 2646 3418 φύσιν
2675 3349 2790 3411 πώς
2820 3351 2934 3402 ἐστι
2963 3351 3053 3402 καὶ
3094 3348 3398 3402 ἀκόλουθον.
3438 3347 3546 3401 Καὶ
3576 3349 3674 3398 οὑκ

2107 3444 2172 3497 ἄν
2203 3459 2322 3494 τινα
2363 3440 2606 3510 ξενισμὸν
2646 3441 2839 3508 ἐπάγοι
2881 3443 2946 3510 τῇ
2995 3442 3132 3512 ἀκοῇ
3179 3441 3241 3493 τὸ
3281 3440 3460 3508 λέγειν
3493 3441 3674 3492 πᾶσαν

2106 3534 2202 3603 τὴν
2227 3535 2280 3584 ἐν
2305 3531 2383 3602 τῷ
2413 3531 2600 3601 κόσμῳ
2626 3530 2821 3590 κτίσιν,
2839 3531 2933 3583 καὶ
2955 3534 3058 3583 πᾶν
3089 3531 3116 3583 ὅ
3136 3529 3186 3583 τί
3212 3547 3315 3600 περ
3346 3529 3409 3582 ἂν
3437 3529 3541 3594 ἔξω
3568 3527 3675 3580 τῶν

2110 3622 2448 3693 φαινομένων
2497 3620 2970 3690 καταλαμϐάνεται
3022 3623 3079 3674 ἐν
3138 3623 3204 3691 τῇ
3257 3620 3389 3673 Θεοῦ
3449 3619 3674 3688 δυνάμει

2112 3717 2403 3786 συστῆναι,
2447 3715 2608 3769 αὑτοῦ
2654 3714 2746 3767 τοῦ
2783 3714 3082 3786 θελήματος
3115 3714 3249 3785 πρὸς
3289 3714 3348 3766 τὸ
3373 3712 3560 3766 δοκοῦν
3589 3712 3676 3764 οῦ-

2111 3807 2418 3870 σιωθέντος.
2457 3807 2523 3861 Ἠ
2554 3808 2610 3860 δὲ
2657 3808 2791 3879 πρὸς
2823 3807 3073 3862 ταπεινὸν
3107 3805 3350 3869 κάθοδος,
3393 3803 3676 3874 περιουσία

2108 3899 2192 3963 τίς
2217 3901 2331 3952 ἐστι
2362 3899 2459 3970 τῆς
2484 3900 2779 3970 δυνάμεως,
2807 3901 2956 3953 οὐδὲν
2985 3901 3041 3952 ἐν
3071 3899 3180 3959 τοῖς
3211 3896 3360 3966 παρὰ
3385 3896 3543 3964 φύσιν
3571 3913 3676 3948 κω-

2111 3990 2394 4060 λυομένης.
2439 3991 2527 4053 Ὠς
2567 3991 2674 4059 γὰρ
2717 3991 2845 4044 ἴδιόν
2878 3993 2992 4042 ἐστι
3034 3987 3133 4054 τῆς
3165 3985 3258 4039 τοῦ
3295 3986 3463 4055 πυρὸς
3490 3985 3678 4046 οὐσίας

2111 4083 2144 4152 ὴ
2166 4083 2258 4136 ἐπὶ
2279 4082 2339 4134 τὸ
2365 4083 2474 4136 ἄνω
2499 4080 2656 4150 φορὰ,
2690 4081 2781 4133 καὶ
2804 4080 2903 4132 οὑκ
2929 4079 2992 4133 ἄν
3027 4095 3109 4139 τις
3126 4077 3398 4146 θαύματος
3424 4076 3678 4141 ἄξιονέπὶ

2111 4175 2210 4244 τῆς
2250 4173 2443 4240 φλογὸς
2482 4174 2662 4240 ἠγεῖτο
2700 4171 2760 4223 τὸ
2805 4169 3046 4238 φυσικῶς
3084 4167 3490 4238 ἐνεργούμενον·
3528 4169 3574 4219 εί
3617 4167 3674 4219 δὲ

2117 4266 2341 4338 ῥέουσαν
2374 4263 2464 4316 ἐπὶ
2497 4263 2556 4315 τὺ
2581 4261 2732 4315 κάτω
2773 4260 2894 4314 καθ’
2922 4244 3212 4330 ὁμοιότητα
3258 4258 3365 4310 τῶν
3403 4257 3678 4328 ἐμϐριθῶν

445 4358 722 4425 proprium
754 4357 883 4413 ferri
907 4373 1162 4432 sursum;
1207 4359 1451 4428 nequein
1474 4359 1690 4412 ﬂamma
1715 4359 2000 4429 quidquam

2113 4354 2377 4424 σωμάτων
2424 4352 2520 4404 ῐδοι
2563 4353 2660 4418 τὴν
2704 4349 2907 4418 φλόγα,
2957 4349 3018 4402 τὸ
3063 4347 3298 4400 τοιοῦτον
3341 4346 3396 4397 ἐν
3442 4345 3678 4416 θαύματι

442 4455 524 4500 est
555 4448 931 4502 admirandmn
983 4449 1128 4518 quod
1155 4449 1228 4504 sit
1266 4450 1617 4516 naturaliter;
1673 4449 1769 4505 sed
1803 4450 1849 4503 si
1885 4464 2004 4503 eam

446 4537 617 4591 instar
650 4540 891 4606 gravium
927 4555 1218 4608 corporum
1257 4541 1438 4596 videat
1470 4540 1728 4596 deorsum
1761 4539 2004 4601 tendere,

443 4629 560 4694 ejus
589 4629 664 4680 rei
685 4629 904 4683 ducitur
935 4628 1319 4693 admiratione,
1371 4647 1564 4702 nempe
1587 4645 1822 4700 quonam
1847 4629 2008 4684 modo

444 4720 584 4788 ignis
609 4734 731 4774 esse
760 4720 900 4788 ignis
931 4729 1260 4788 perseveret,
1315 4728 1368 4775 et
1403 4724 1458 4774 in
1483 4722 1644 4794 modo
1687 4729 1869 4775 motus
1905 4735 2005 4775 ex-

445 4811 600 4866 cedat
637 4819 909 4876 naturam,
942 4812 1168 4867 tendens
1201 4811 1456 4868 deorsum
1491 4831 1504 4866 :
1542 4813 1616 4866 ita
1658 4813 1819 4868 etiam
1867 4811 2006 4865 divi-

446 4919 569 4958 nam
609 4909 664 4958 et
713 4903 1205 4973 supercminentem
1256 4904 1575 4974 potentiam,
1641 4919 1818 4973 neque
1852 4903 2014 4958 caelo-

449 5009 570 5048 rum
595 4994 933 5062 magnitudo,
960 5009 1134 5064 neque
1155 4995 1506 5049 luminarium
1530 4995 1806 5064 splendor,
1834 5009 2012 5065 neque

451 5086 686 5142 universi
713 5095 960 5152 ornatus,
991 5101 1168 5156 neque
1184 5101 1366 5140 rerum
1401 5087 1731 5140 naturalium
1750 5093 2009 5155 perpetua

451 5157 850 5234 administratio
901 5185 1110 5231 tantum
1138 5175 1400 5240 Ostendit,
1460 5184 1725 5246 quantum
1775 5175 1921 5244 quod
1955 5189 2015 5230 se

449 5268 728 5324 demiserit
757 5268 821 5323 ad
857 5267 1280 5322 imbecillitatem
1312 5275 1516 5322 nostra:
1545 5275 1751 5320 natura“:
1777 5285 1788 5320 :
1816 5280 2011 5338 nempe

447 5361 742 5429 quomodo,
761 5375 882 5414 cum
905 5359 1179 5413 excelsum
1204 5359 1493 5421 exstiterit,
1523 5358 1578 5412 in
1611 5356 1801 5411 humili
1825 5364 1880 5411 et
1909 5357 2010 5412 ab-

447 5452 596 5518 j.-cto
633 5450 684 5503 id
709 5452 970 5514 cernitur,
1002 5465 1101 5503 nec
1133 5448 1414 5504 descendit
1443 5448 1674 5502 altitudo
1700 5466 1712 5501 :
1739 5446 2012 5517 quomodo

451 5541 757 5594 humanitas
796 5556 1039 5595 connexa
1088 5539 1282 5592 divinae
1329 5548 1557 5601 naturae,
1601 5545 1654 5591 et
1707 5537 1807 5591 hoc
1838 5536 1914 5597 ﬁt,
1960 5543 2012 5590 et

452 5643 528 5685 ρει
556 5629 705 5685 illud.
732 5631 865 5684 Cum
910 5632 1077 5695 enim,
1119 5631 1254 5686 sicut
1306 5631 1457 5698 prius
1496 5629 1700 5684 dictum
1763 5637 1866 5695 est,
1907 5641 2013 5681 non

2112 4448 2377 4503 ποιεῖται,
2424 4442 2538 4506 πῶς
2581 4443 2640 4495 τὸ
2674 4442 2784 4512 πῦρ
2832 4441 3071 4511 διαμένει
3119 4437 3232 4511 πῦρ
3272 4438 3351 4502 ὃν,
3396 4441 3486 4494 καὶ
3512 4441 3567 4491 ἐν
3601 4438 3679 4509 τῷ

2110 4535 2292 4607 τρόπῳ
2318 4534 2414 4604 τῆς
2443 4535 2706 4604 κινήσεως
2731 4535 2970 4588 ἐκϐαίνει
2998 4535 3094 4605 τὴν
3124 4535 3306 4602 φύσιν,
3338 4535 3428 4586 ἐπὶ
3451 4534 3510 4586 τὸ
3532 4533 3680 4585 κάτω

2112 4623 2426 4694 φερόμενον·
2466 4621 2636 4686 οὑτως
2669 4624 2761 4675 καὶ
2787 4624 2883 4693 τὴν
2913 4622 3061 4676 θείαν
3098 4639 3157 4675 τε
3181 4623 3275 4676 καὶ
3307 4621 3679 4692 ὑπερέχουσαν

2111 4714 2357 4783 δύναμιν,
2388 4713 2487 4766 οὑκ
2511 4712 2753 4784 οὐρανῶν
2785 4712 2985 4784 μεγέθη
3027 4713 3120 4766 καὶ
3150 4713 3448 4782 φωστήρων
3492 4710 3676 4776 αὐγαὶ.

2115 4807 2207 4860 καὶ
2238 4808 2271 4876 ἡ
2303 4805 2395 4858 τοῦ
2426 4805 2625 4867 παντὸς
2655 4805 3012 4873 διακόσμησις
3031 4845 3045 4868 ,
3077 4803 3170 4855 καὶ
3215 4804 3248 4872 ἡ
3293 4800 3541 4870 διηνεκὴς
3571 4799 3680 4850 τῶν

2113 4897 2280 4950 ὄντων
2317 4894 2592 4964 οἰκονομία
2624 4893 2896 4956 τοσοῦτον,
2928 4895 3050 4946 ὅσον
3075 4895 3108 4962 ἠ
3143 4893 3233 4944 ἐπὶ
3254 4890 3314 4942 τὸ
3338 4888 3559 4949 ἀσθενὲς
3582 4889 3680 4957 τῆς

2117 4988 2328 5058 φύσεως
2359 4989 2390 5050 ἡ
2401 4986 2513 5057 μῶν
2539 4984 2940 5053 συγκατὰὄασις
2967 4983 3228 5036 δείκνυσι·
3255 4979 3372 5043 πῶς
3397 4981 3457 5032 τὸ
3479 4980 3681 5050 ὑψηλὸν

2115 5080 2172 5130 ἐν
2191 5076 2267 5146 τῷ
2292 5075 2527 5146 ταπεινῷ
2551 5076 2866 5146 καθορᾶται,
2893 5073 2984 5127 καὶ⁵
3013 5075 3072 5125 οὑ
3102 5071 3414 5125 καταϐαίνει
3438 5071 3498 5124 τὸ
3525 5071 3675 5140 ὑψος·

2117 5168 2234 5230 πῶς
2258 5167 2458 5235 Θεότης
2479 5167 2792 5238 ἀνθρωπίνῃ
2814 5183 2875 5216 συ
2885 5163 3188 5235 μπλακεῖσα
3211 5161 3280 5230 φύ
3291 5178 3390 5222 σει,
3411 5162 3681 5215 καὶτοῦτο

2115 5260 2318 5327 γίνεται
2342 5260 2434 5312 καὶ
2464 5258 2636 5310 ἐκεῖνό
2665 5259 2830 5312 ἐστιν.
2879 5253 3091 5324 Ἐπειδὴ
3121 5252 3250 5324 γὰρ,
3280 5253 3461 5317 καθὼς
3488 5255 3544 5306 ὲν
3569 5255 3681 5315 τοῖς

2118 5351 2421 5422 ἔμπροσθεν
2450 5350 2660 5421 εἴρηται
2684 5387 2698 5408 ,
2729 5348 2886 5416 φύσιν
2914 5348 3014 5399 οὐκ
3037 5341 3177 5416 εἶχεν
3206 5347 3240 5416 ἡ
3276 5347 3490 5399 ἐναντία
3525 5344 3680 5396 δύνα-

2124 5461 2231 5513 μις,
2267 5443 2488 5512 ἀκράτῳ
2533 5440 2826 5511 προσμῖξαι
2871 5441 2933 5508 τῇ
2973 5438 3064 5490 τοῦ
3098 5438 3230 5491 Θεοῦ
3258 5436 3555 5508 παρουσία,
3587 5437 3679 5487 καὶ

2118 5538 2324 5605 γυμνὴν
2353 5536 2644 5600 ὑποστῆναι
2676 5531 2836 5585 αὑτοῦ
2881 5533 2975 5600 τὴν
3021 5533 3341 5600 ἐμφάνειανο
3379 5529 3451 5591 ὡς
3492 5527 3557 5579 ἂν
3587 5526 3677 5577 εῦ-

2119 5629 2316 5696 ληπτον
2347 5625 2551 5694 γένοιτο
2584 5624 2658 5692 τῷ
2683 5622 3021 5691 ἐπιζητοῦντι
3050 5625 3186 5690 ὑπὲρ
3214 5621 3366 5693 ἡμῶν
3392 5619 3450 5672 τὸ
3479 5617 3675 5673 ἀνταλ-
