4006 6148
250 223 315 278 G5
1481 216 1737 274 ORATIO
1776 215 2268 271 CATECHETICA.
2451 253 2464 274 μ
3430 226 3496 281 (:5

253 344 454 406 Ααγμα,
484 335 560 404 τῷ
593 335 1012 405 προκαλύμματι
1039 336 1136 404 τῆς
1167 336 1376 402 φύσεως
1419 337 1573 405 ἡμῶν
1599 335 1821 406 ἐνεκρύ-

1923 340 2069 388 esset
2108 346 2170 388 ea
2215 340 2410 387 natura
2447 334 2739 403 potestatis
2775 337 3086 400 contrariae,
3141 344 3200 390 ut
3228 338 3496 394 admisce-

251 433 354 502 ξθη
383 432 444 482 τὸ
467 429 641 490 Θεῖον,
667 429 753 480 ἵνα
771 430 909 481 κατά
936 431 1061 492 τοὺς
1083 429 1292 497 λίχνους
1314 427 1420 480 τῶν
1439 428 1635 498 ἰχθύων
1656 428 1733 498 τῷ
1747 428 1826 480 δε·

1927 431 2076 478 retur
2117 439 2278 478 mera:
2308 423 2400 478 Dei
2451 427 2772 496 praesentiae,
2835 436 2889 482 et
2947 427 3108 482 ferret
3139 429 3336 483 nudam
3379 432 3499 499 ejus

253 526 401 575 λέατι
421 522 520 589 τῆς
541 521 745 590 σαρκὸς
764 519 1186 590 συναποσπασθῇ
1205 519 1264 572 τὸ
1277 519 1569 589 ἄγκιστρον
1582 520 1676 590 τῆς
1699 518 1822 571 Θεό-

1925 515 2343 584 apparitionem,
2402 525 2462 570 ut
2513 518 2583 572 ab
2619 533 2684 572 eo
2723 519 2816 588 qui
2866 520 3125 588 poscebat
3178 521 3336 576 facile
3396 538 3496 592 pro

251 631 427 685 τητος·
459 613 555 666 καὶ
589 611 730 664 οὕτω
753 611 851 681 τῆς
875 611 1018 678 ζωῆς
1048 610 1125 680 τῷ
1155 610 1366 682 θανάτῳ
1390 610 1823 680 εἰσοικισθείσης,

1925 603 2083 658 nobis
2123 604 2298 674 accipi
2343 595 2528 675 posset
2559 608 2794 676 pretium
2838 607 2892 663 in
2937 613 3357 678 permutatione,
3400 627 3498 666 na-

251 709 339 760 zz‘t
369 705 449 774 τῷ
471 705 652 757 σκότει
671 701 766 755 τοῦ
795 702 970 769 φωτὸς
998 703 1346 771 ἐμφανέντος,
1366 699 1821 772 ἐξαφανισθ[ήτω]

1924 701 2062 749 tura:
2086 701 2289 750 nostrae
2332 697 2707 767 integumento
2740 699 2915 753 celata
2966 699 3069 753 fuit
3110 701 3405 769 divinitas;
3439 711 3496 754 ut

248 798 318 867 τῷ
347 797 485 866 φωτὶ
518 797 612 848 καὶ
651 798 718 865 τῇ
747 794 858 864 ζωῇ
884 794 942 847 τὸ
970 794 1108 848 κα.τά
1144 795 1204 846 τὸ
1239 794 1475 847 ἐναντίον
1519 793 1821 863 νοούμενον.

1923 785 2099 840 instar
2127 787 2356 856 piscium
2397 789 2713 856 gulosorum
2754 805 2876 843 cum
2927 806 3052 845 esca
3104 793 3286 847 carnis
3333 794 3496 848 simul

249 891 317 941 υῦ
344 889 454 957 γὰρ
506 889 619 957 ἔχει
656 886 836 955 φύσιν,
875 884 1001 938 οὔτε
1046 885 1233 948 σκότος
1263 885 1534 956 διαμένειν
1566 887 1622 937 ἐν
1651 885 1826 953 φωτὸς

1925 876 2294 932 attraheretur
2326 877 2522 934 bamus
2558 880 2899 946 divinitatis;
2928 890 2982 936 et
3014 883 3095 937 sic
3129 884 3238 937 vita
3263 885 3328 938 ad
3353 901 3497 940 mor-

249 980 549 1050 παρουσίᾳ,
571 975 705 1030 οὔτε
745 977 971 1030 θάνατον
995 971 1130 1028 εἶναι
1177 975 1318 1042 ζωῆς
1337 972 1831 1044 ὲνεργούσης.ούκ-

1927 974 2032 1021 tem
2070 967 2405 1036 introducta,
2434 981 2486 1026 et
2515 972 2636 1027 luce
2668 981 2964 1042 apparente
2996 976 3048 1028 in
3081 977 3343 1041 tenebris,
3376 979 3496 1032 luce

251 1070 338 1122 οὖν
393 1065 488 1120 ἐπὶ
537 1066 820 1135 κεφαλαίῳ
857 1062 950 1116 τοῦ
1022 1066 1317 1137 μυστηρίου
1357 1066 1454 1136 τὴν
1506 1065 1822 1119 ἀκολουθίαν

1929 1064 1984 1112 et
2031 1059 2139 1112 vita
2175 1060 2450 1115 deleretur
2501 1063 2555 1116 id
2610 1063 2757 1133 quod
2803 1065 2882 1118 eis
2923 1067 3259 1120 contrarium
3303 1068 3497 1122 intelli-

247 1159 620 1221 ἀναλαὸὀντες,
657 1158 840 1227 ἐντελῆ
875 1158 1202 1228 ποιησόμεθα
1239 1158 1336 1227 τὴν
1362 1156 1652 1223 ἀπολογίαν
1688 1155 1823 1227 πρὸς

1923 1151 2089 1221 gitur.
2119 1149 2304 1221 Neque
2326 1153 2471 1207 enim
2521 1169 2582 1209 ea
2627 1165 2711 1210 est
2759 1164 2957 1209 natura
3012 1159 3382 1224 tenebrarum,
3437 1169 3493 1214 ut

244 1253 367 1314 τοὺς
397 1246 836 1318 κατηγοροῦντας
859 1249 953 1319 τῆς
976 1249 1122 1310 θείας
1147 1248 1452 1318 οἰκονομίας
1477 1289 1490 1312 ,
1520 1248 1640 1300 ὅτου
1665 1248 1822 1317 χάριν

1926 1241 2046 1296 luce
2103 1253 2370 1313 praesente
2407 1255 2763 1315 permaneant
2795 1265 2806 1300 :
2843 1264 3020 1318 neque
3056 1251 3272 1312 mortis,
3331 1259 3389 1304 ut
3423 1253 3492 1306 sit

244 1341 306 1392 δι’
337 1339 534 1406 εαυτῆς
561 1339 592 1407 ἡ
621 1337 821 1407 Θεότης
843 1339 940 1407 τὴν
972 1338 1314 1410 ἀνθρωπίνην
1344 1339 1403 1391 οὐ
1433 1337 1822 1409 κατεργάζεται

1924 1333 2031 1386 vita
2067 1342 2346 1404 operante.
2380 1337 2438 1388 in
2474 1352 2742 1390 summam
2784 1339 2968 1408 itaque
3000 1341 3214 1394 redacta
3251 1344 3494 1412 mysterii

245 1432 541 1503 σωτηρίαν.
572 1433 663 1482 Δεῖ
694 1431 802 1498 γὰρ
833 1431 917 1482 διὰ
949 1431 1160 1484 πάντων
1185 1432 1245 1483 τδ
1271 1431 1422 1483 Θεῖον
1455 1433 1512 1482 ἐν
1537 1433 1654 1494 ταῖς
1685 1446 1820 1498 πρε-

1923 1427 2332 1495 consequentia,
2360 1427 2655 1497 perfectam
2690 1431 2956 1487 faciemus
2987 1432 3356 1488 defensionem
3392 1435 3490 1488 ad-

246 1523 476 1583 πούσαις
521 1519 846 1591 ὑπολήψεσιν
892 1518 1049 1574 εἶναι·
1099 1522 1172 1592 μὴ
1226 1522 1285 1574 τὸ
1333 1522 1430 1591 μὲν
1480 1520 1697 1590 ὑψηλῶς
1737 1523 1821 1573 ἐπ’

1923 1533 2113 1573 versus
2141 1535 2236 1573 eos
2277 1520 2371 1592 qui
2417 1528 2679 1575 accusant
2722 1523 2961 1576 divinam
3003 1523 3489 1592 dispensationem,

245 1612 410 1668 αὑτοῦ
440 1611 673 1664 νοεῖσθαι
696 1651 710 1675 ,
742 1612 803 1663 τὸ
827 1611 882 1663 δὲ
917 1613 1015 1681 τῆς
1037 1612 1363 1682 θεοπρεποῦς
1393 1611 1544 1676 ἀξίας
1571 1613 1824 1665 ἐκϐάλλε-

1926 1626 2119 1680 nempe
2152 1627 2389 1676 quanam
2435 1612 2502 1668 de
2541 1629 2704 1668 causa
2753 1614 3019 1670 Divinitas
3068 1615 3358 1669 humanam
3402 1632 3495 1686 per

247 1704 368 1755 σθαι
391 1720 404 1732 ·
426 1703 562 1756 ἀλλὰ
583 1704 688 1755 πᾶν
711 1702 908 1773 ὑψηλὸν
933 1705 1024 1757 καὶ
1048 1704 1267 1767 εὐσεϐὲς
1294 1705 1469 1774 νόημα
1499 1703 1580 1756 δεῖ
1605 1705 1818 1767 πάντως

1928 1715 1988 1755 se
2019 1717 2129 1754 non
2162 1701 2320 1756 efiicit
2351 1704 2603 1758 salutem.
2669 1704 2894 1774 Oportet
2941 1707 3085 1760 enim
3136 1709 3189 1760 in
3238 1707 3493 1762 omnibus

247 1795 335 1845 ἐπὶ
373 1793 508 1846 Θεοῦ
548 1795 932 1860 πιστεύεσθαι,
965 1796 1067 1848 καί⁴
1107 1795 1471 1865 συνηρτῆσθαι
1505 1795 1571 1847 δι’
1594 1796 1818 1848 ἀκολου-

1921 1806 1984 1846 ea
2007 1791 2074 1847 de
2100 1793 2206 1847 Deo
2229 1795 2424 1850 sentiri
2453 1803 2508 1849 et
2545 1796 2845 1851 existimari
2883 1813 3002 1866 quae
3051 1797 3220 1853 Deum
3257 1799 3450 1867 decent
3477 1818 3491 1867 ;

247 1884 365 1947 θίας
397 1885 472 1955 τῷ
495 1886 664 1956 ἑτέρῳ
688 1886 746 1939 τὸ
769 1886 852 1938 ἐτε
862 1903 969 1957 ρον.
1010 1887 1283 1940 Δέδεικται
1311 1887 1488 1940 τοίνυν
1510 1887 1568 1939 τὸ
1597 1887 1818 1954 ἀγαθὸν,

1922 1891 1974 1938 et
2013 1901 2123 1938 non
2155 1885 2256 1939 hoc
2276 1886 2496 1954 quidem
2535 1888 2748 1941 excelse
2778 1895 2831 1941 et
2881 1888 3182 1942 sublimiter
3220 1889 3286 1944 de
3321 1904 3386 1944 eo
3413 1889 3496 1942 in-

248 1977 508 2043 16-3o;6v,
534 1977 594 2029 τὸ
615 1977 838 2042 δίκαιον,
868 1978 928 2029 τὸ
958 1977 1204 2042 δυνατὸν,
1233 1978 1292 2030 τὸ
1328 1977 1532 2048 φθορᾶς
1573 1979 1822 2031 ἀνεπίδε-

1925 1977 2118 2045 telligi,
2179 1977 2310 2030 illud
2344 1983 2524 2032 autem
2568 1977 2754 2045 repelli
2788 1978 2857 2031 ab
2885 1994 2948 2032 ea
2987 1995 3107 2049 qua:
3137 1980 3245 2034 Deo
3297 1996 3496 2034 conve-

248 2084 392 2130 κτον,
421 2068 594 2120 πάντα
630 2066 705 2136 τῷ
733 2067 874 2136 λόγῳ
909 2067 1008 2137 τῆς
1033 2068 1154 2121 καθ’
1196 2070 1342 2138 ἡμᾶς
1371 2069 1678 2138 οἰκονομίας
1704 2070 1824 2122 ἐπι-

1925 2065 2001 2118 ιιίι
2034 2065 2333 2136 dignitate;
2375 2067 2471 2120 sed
2514 2081 2729 2120 onmem
2765 2069 3037 2123 excelsam
3080 2085 3141 2123 ac
3166 2070 3307 2138 piam
3337 2070 3495 2122 intel-

245 2157 589 2227 δεικνύμενα.
622 2159 687 2211 Ἡ
711 2152 982 2228 ἀγαθότής
1010 2161 1066 2212 ἐν
1091 2159 1167 2229 τῷ
1189 2159 1512 2231 προελέσθαι
1544 2160 1713 2213 σῶσαι
1733 2160 1822 2212 τὸν

1923 2159 2198 2227 ligentiam
2239 2166 2453 2229 oportet
2476 2159 2700 2212 omnino
2733 2160 2786 2213 in
2819 2160 2926 2216 Deo
2954 2159 3122 2225 credi,
3155 2169 3207 2214 ct
3234 2176 3326 2230 per
3349 2177 3477 2215 cun-

245 2250 560 2302 ἀπολωλότα
588 2250 1078 2319 καταλαμϐάνεται.
1121 2251 1186 2302 'H
1222 2251 1381 2318 σοφία
1421 2252 1515 2303 καὶ
1554 2252 1586 2320 ὴ
1617 2253 1822 2303 δικαιο-

1935 2251 2278 2317 sequentiam
2329 2264 2496 2302 unum
2539 2249 2774 2320 pendere
2821 2251 2888 2304 ab
2939 2251 3134 2305 altero.
3199 2250 3493 2306 Ostcnsum

246 2339 383 2409 σύνη
439 2341 494 2391 ἐν
523 2338 597 2408 τῷ
621 2340 805 2409 τρόπῳ
831 2339 928 2408 τῆς
957 2339 1225 2407 σωτηρίας
1251 2341 1282 2408 ὴ
1293 2338 1408 2408 μῶν
1435 2339 1720 2409 διεδείχθη.
1759 2341 1821 2392 Ἦ

1923 2355 2055 2409 ergo
2089 2347 2173 2394 est
2215 2341 2533 2406 bonitatem,
2579 2342 2922 2412 sapientiam,
2971 2343 3262 2410 justitiam.
3310 2352 3493 2412 poten-

243 2431 477 2500 δύναμις
523 2433 578 2483 ἐν
626 2430 701 2498 τῷ
753 2431 1004 2499 γενέσθαι
1061 2431 1154 2499 μὲν
1203 2431 1362 2483 αὑτὸν
1414 2433 1470 2483 ἐν
1520 2429 1822 2501 ὁμοιώματι

1924 2432 2074 2493 tiam,
2106 2441 2157 2484 et
2190 2431 2648 2502 incorruptionem
2680 2433 2960 2487 evidenter
2994 2434 3288 2487 monstrari
3314 2435 3366 2487 in
3397 2450 3490 2488 ra—

242 2523 533 2593 ἀνθρώπου
561 2523 653 2574 καὶ
686 2523 923 2592 σχήματι
953 2521 1092 2575 κατά
1121 2522 1181 2574 τὸ
1205 2522 1456 2574 ταπεινὸν
1485 2522 1581 2591 τῆς
1610 2521 1824 2589 φύσεως

1926 2520 2071 2574 tione
2089 2528 2291 2575 nostra:
2322 2522 2508 2576 carnis
2536 2538 2564 2575 a
2599 2522 2704 2578 Deo
2735 2530 3005 2592 suscepta:
3042 2523 3488 2593 dispensationis.

243 2613 425 2683 ἡμῶν,
458 2614 550 2666 καὶ
570 2612 891 2682 ἐλπισθῆναι
919 2613 1172 2666 δύνασθαι
1204 2613 1364 2666 αὐτὸν
1388 2614 1504 2666 καθ’
1533 2614 1824 2684 ὁμοιότητα

1925 2614 2146 2668 Bonitas
2177 2615 2230 2667 iu
2263 2615 2366 2669 hoc
2395 2616 2898 2685 comprehenditur,
2949 2614 3095 2685 quod
3127 2617 3359 2670 voluerit
3383 2632 3495 2671 scr-

244 2706 352 2757 τῶν
368 2704 467 2758 ἀνθ
474 2703 670 2775 ρώπων
686 2704 764 2774 τῷ
781 2703 991 2774 θανάτῳ
1009 2704 1427 2776 ἐγκρατηθῆναι·
1442 2706 1728 2776 γενόμενον
1745 2707 1821 2771 δὲ,

1927 2717 2055 2758 vare
2107 2719 2230 2757 eum
2274 2705 2366 2772 qui
2418 2705 2674 2774 perierat.
2741 2704 2798 2759 in
2838 2705 2999 2758 modo
3055 2705 3248 2760 salutis
3297 2713 3496 2760 nostrae

245 2796 306 2848 τὸ
334 2797 532 2848 οἰκεῖον
570 2793 748 2864 ἐαυτῷ
779 2795 919 2847 κατά
952 2795 1107 2862 φύσιν
1135 2793 1488 2865 ἐργάσασθαι.
1531 2797 1740 2850 υἰκεῖον
1769 2797 1824 2849 δὲ

1923 2803 2141 2851 ostensa
2170 2805 2254 2850 est
2276 2794 2859 2866 sapientiaetjustitia.
2915 2795 3160 2850 Potentia
3213 2804 3393 2850 autem
3438 2798 3488 2851 iu

249 2888 384 2956 φωτὶ
418 2887 514 2956 μὲν
546 2887 575 2938 6
598 2885 899 2956 ἀφανισμὸς
923 2885 1012 2936 τοῦ
1047 2886 1284 2946 σκότους,
1318 2883 1428 2956 ζωῇ
1466 2885 1520 2938 δὲ
1548 2890 1580 2957 ἡ
1607 2886 1702 2940 τοῦ
1732 2887 1824 2942 61-

1924 2887 2176 2956 eo,quod
2207 2886 2324 2956 ipse
2349 2886 2565 2956 quidem
2615 2886 2793 2943 factus
2823 2888 2894 2942 sit
2939 2889 2993 2942 in
3039 2888 3398 2944 similitudine
3436 2900 3490 2943 et

247 2985 408 3029 νάτου
446 2975 787 3045 καθαίρεσις.
849 2973 998 3027 Ἐπεὶ
1033 2971 1122 3029 οὖν
1163 2977 1259 3046 τῆς
1295 2977 1507 3039 εὐθείας
1535 2976 1652 3030 ὁδοῦ
1695 2997 1824 3032 κατ-

1933 2976 2105 3046 figura
2146 2978 2408 3045 hominis,
2464 2981 2854 3034 convenienter
2905 2987 3112 3034 natura:
3154 2989 3356 3034 nostrae
3395 2979 3497 3032 liu-

246 3066 560 3137 ἐνεχθέντες
601 3038 662 3118 τὸ
725 3066 846 3118 κατ’
886 3067 1060 3137 ἀρχὰς
1103 3038 1390 3138 τῆςςωῆς
1420 3067 1818 3140 ἐξετράπημεν,

1931 3067 2176 3133 militati;
2230 3076 2284 3122 et
2314 3082 2438 3136 spes
2467 3066 2631 3122 fuerit
2673 3068 2848 3137 ipsum
2883 3068 2950 3122 ad
2977 3068 3257 3124 hominum
3312 3069 3496 3123 simili-

248 3160 340 3209 καί
370 3156 447 3227 τῷ
477 3155 690 3226 θανάτῳ
726 3155 1220 3227 ἐγκατηνὲχθημενο
1267 3157 1318 3209 τί
1363 3156 1458 3211 τοῦ
1489 3159 1696 3223 εἰκότος
1721 3160 1825 3227 ἔξω

1922 3158 2166 3213 tudinem
2201 3165 2378 3214 morte
2403 3173 2564 3226 posse
2599 3160 2794 3213 teneri.
2824 3159 2957 3214 Cum
2981 3169 3162 3216 autem
3201 3162 3376 3215 factus
3393 3177 3485 3217 es-

247 3249 404 3316 παρά
452 3246 544 3300 τοῦ
589 3247 886 3318 μυστηρίου
936 3245 1298 3317 μανθάνομεν,
1339 3249 1388 3300 εἰ
1430 3250 1464 3319 ἡ
1519 3249 1827 3322 καθαρότης

1924 3259 2026 3313 set,
2084 3248 2138 3303 id
2170 3247 2360 3302 fecerit
2390 3248 2535 3319 quod
2566 3257 2684 3304 erat
2714 3249 2820 3305 sibi
2866 3249 3144 3319 proprium
3198 3266 3261 3305 ac
3306 3266 3499 3307 convc-

249 3340 356 3392 τῶν
392 3338 452 3402 ἐξ
480 3338 751 3408 ἁμαρτίας
779 3337 1142 3407 μολυνθὲντων
1169 3338 1502 3407 ἐφάπτεται,
1536 3341 1628 3394 καὶ
1659 3343 1690 3412 ἡ
1714 3341 1827 3412 ζωὴ

1925 3337 2082 3392 niens
2113 3336 2420 3392 secundum
2464 3344 2738 3393 naturam.
2783 3336 2880 3392 Est
2914 3346 3097 3392 autem
3131 3338 3238 3393 luci
3275 3339 3493 3408 quidem

248 3429 355 3482 τῶν
406 3429 764 3500 τεθνηκότων,
810 3429 902 3481 καὶ
937 3431 969 3499 ἡ
1002 3429 1195 3499 όδηγία
1235 3430 1342 3482 τῶν
1377 3432 1824 3502 πεπλανημένων,

1927 3429 2210 3500 proprium
2243 3444 2306 3483 ac
2336 3429 2692 3497 conveniens,
2747 3436 2807 3483 ut
2835 3428 3014 3484 deleat
3050 3429 3325 3494 tenebras,
3375 3431 3499 3486 vita:

251 3523 327 3584 ὡς
357 3520 424 3574 ἂν
455 3523 483 3574 ὂ
506 3538 563 3572 τε
601 3520 873 3591 μολυσμὸς
902 3521 1197 3594 καθαρθείη
1219 3564 1231 3587 ,
1265 3523 1356 3576 καὶ
1397 3525 1428 3594 ἡ
1461 3524 1635 3593 πλάνη
1665 3525 1825 3596 θερα-

1928 3532 2131 3589 autem,
2170 3530 2228 3577 ut
2259 3529 2490 3577 mortem
2521 3521 2730 3592 perdat.
2772 3519 2910 3588 Quia
2948 3535 3079 3592 ergo
3123 3521 3439 3576 aberrantes
3469 3537 3500 3574 a

253 3609 499 3679 πευθείη,
536 3610 629 3662 καὶ
658 3610 736 3672 εἰς
776 3608 870 3680 τὴν
900 3607 1044 3679 ζωὴν
1074 3610 1134 3662 τὸ
1160 3610 1416 3682 τεθνηκὸς
1449 3601 1751 3681 ἐπανέλθοις

1937 3621 2087 3669 recta
2119 3614 2204 3668 via
2239 3615 2306 3668 ab
2339 3615 2496 3668 initio
2531 3628 2561 3667 a
2592 3614 2701 3667 vita
2737 3613 2937 3677 aversi,
2966 3621 3019 3669 et
3045 3614 3112 3667 ad
3142 3624 3368 3668 mortem
3401 3614 3498 3666 de-

255 3701 350 3756 lati
383 3717 600 3765 smnus,
630 3700 761 3770 quid
789 3715 817 3754 a
846 3702 1105 3772 mysterio
1137 3701 1402 3758 discimus
1436 3707 1576 3774 quod
1619 3707 1688 3761 sit
1720 3713 1988 3761 remotum
2028 3721 2057 3759 a
2083 3707 2478 3776 probabilitate,
2509 3714 2559 3760 et
2587 3722 2692 3760 non
2728 3716 3176 3771 consentaneum,
3216 3705 3261 3760 si
3294 3706 3500 3776 puritas

254 3809 347 3851 eos
377 3797 572 3867 tangit,
609 3797 700 3866 qui
733 3811 761 3849 a
795 3797 1032 3866 peccatis
1070 3805 1198 3852 sunt
1232 3798 1496 3868 inquinati
1527 3819 1540 3866 ;
1580 3808 1631 3856 et
1665 3801 1771 3855 vita
1817 3814 2084 3863 mortuos,
2117 3809 2170 3855 et
2208 3802 2292 3855 via
2325 3818 2420 3856 eos
2455 3803 2547 3870 qui
2588 3801 2998 3866 aberraverunt,
3032 3813 3088 3856 ut
3122 3810 3173 3855 ct
3204 3808 3502 3873 purgentur

257 3889 466 3948 sordes,
503 3898 555 3942 et
584 3888 652 3942 ab
688 3903 873 3942 errore
907 3896 1185 3952 cessctur,
1231 3897 1283 3943 et
1315 3890 1453 3957 quod
1493 3901 1611 3946 erat
1637 3901 1909 3947 mortuum
1935 3893 2003 3948 ad
2037 3893 2202 3945 vitam
2239 3891 2583 3945 revertatur?

841 3980 884 4030 K
895 3977 1064 4031 ΕΦΛΔ
1077 4019 1088 4031 .
1129 3981 1172 4031 Κ
1182 3980 1257 4033 E'.

2495 3979 2722 4034 CAPUT
2762 3979 2926 4034 XXV.

327 4069 404 4121 Τὸ
428 4069 481 4121 δέ
503 4069 558 4120 ὲν
578 4071 643 4139 τῇ
672 4069 831 4138 φύσει
859 4069 1013 4140 ἡμῶν
1040 4071 1290 4138 γενέσθαι
1317 4070 1413 4142 τὴν
1435 4071 1691 4142 Θεότητα,
1722 4077 1831 4138 τοῖς

2003 4071 2159 4138 Quod
2187 4082 2366 4126 autem
2394 4073 2448 4126 in
2474 4080 2664 4126 nostra
2689 4073 2962 4127 exstiterit
2993 4080 3186 4126 natura
3211 4070 3496 4136 Divinitas,

262 4163 334 4232 μὴ
365 4162 487 4213 λίαν
537 4160 890 4233 μικροψύχοις
921 4161 1238 4214 κατανοοῦσι
1264 4161 1333 4214 τὰ
1361 4163 1509 4227 ὄντα,
1548 4165 1736 4217 οὐδένα
1766 4164 1832 4217 ἂν

1933 4164 2000 4218 iis
2031 4163 2124 4232 qui
2154 4179 2263 4217 non
2292 4163 2494 4232 pusillo
2528 4174 2582 4217 et
2635 4163 2851 4232 abjecto
2886 4164 3066 4216 animo
3108 4180 3172 4217 ea
3208 4179 3328 4232 qua:
3373 4171 3501 4217 sunt

259 4255 321 4305 ἐκ
363 4253 455 4305 τοῦ
503 4253 723 4320 εὐλόγου
771 4252 1018 4322 ξενισμὸν
1068 4253 1354 4320 ἐπαγάγοι.
1411 4254 1504 4316 Τίς
1542 4256 1648 4325 γὰρ
1691 4254 1832 4308 οὕτω

1934 4256 2308 4317 considerant,
2348 4253 2400 4306 id
2425 4268 2776 4323 nequaquam
2810 4252 2961 4307 dictu
2993 4269 3194 4308 novum
3227 4253 3502 4306 videbitur

258 4347 446 4413 εήπιος
479 4343 577 4414 τὴν
611 4344 803 4413 ψυχὴν,
841 4343 916 4406 ὼς
948 4346 1026 4406 εἰς
1058 4344 1116 4397 τὸ
1161 4346 1266 4397 πᾶν
1298 4345 1620 4398 ἀποϐλέπων
1657 4345 1730 4415 μὴ
1774 4347 1831 4398 ἐν

1933 4355 1986 4399 et
2031 4345 2292 4398 alienum.
2332 4345 2468 4411 Quis
2509 4353 2593 4400 est
2639 4345 2783 4399 enim
2820 4343 2956 4398 adeo
2990 4344 3186 4414 puerili
3229 4344 3410 4398 animo
3448 4352 3502 4398 et

263 4437 422 4490 παντὶ
473 4436 747 4490 πιστεύειν
798 4429 935 4488 εἶναι
964 4435 1022 4487 τὸ
1055 4435 1227 4497 Θεῖον,
1264 4438 1357 4490 καὶ
1390 4435 1569 4490 ἐνδύον
1610 4437 1709 4506 μὲν
1737 4437 1831 4490 καὶ

1934 4436 2176 4507 ingenio,
2208 4445 2268 4490 ut
2297 4438 2365 4491 ad
2406 4437 2816 4492 universitatem
2854 4435 3148 4504 aspiciens,
3193 4435 3246 4488 in
3281 4436 3502 4488 univer-

263 4529 510 4599 περιέχον
555 4529 649 4582 καὶ
677 4529 1077 4598 ἐγκαθήμενον;
1107 4528 1212 4581 Τοῦ
1258 4529 1364 4600 γὰρ
1402 4529 1551 4592 ὄντος
1602 4529 1831 4599 ἐξῆπται

1934 4531 2098 4586 sitate
2132 4547 2238 4584 non
2276 4531 2465 4585 credat
2512 4545 2635 4585 esse
2669 4529 2859 4592 Deum,
2914 4543 3033 4584 eam
3083 4529 3398 4583 induentem
3452 4539 3504 4583 et

261 4623 324 4672 τὰ.
354 4621 551 4681 πάντα,
580 4621 671 4670 καὶ
698 4619 798 4670 οὐκ
829 4617 1032 4671 ἔνεστιν
1059 4614 1196 4672 εἷναί
1226 4636 1301 4682 τι,
1339 4619 1412 4690 μὴ
1441 4620 1498 4672 ἐν
1526 4619 1601 4688 τῷ
1625 4619 1736 4672 δντι
1772 4619 1833 4672 τὸ

1933 4621 2330 4684 continentem,
2362 4627 2416 4674 et
2444 4620 2494 4674 ei
2526 4617 2904 4672 insidentem?
2943 4618 3024 4672 Ab
3066 4632 3131 4672 co
3168 4617 3314 4672 enim
3346 4617 3495 4688 quod

264 4707 396 4762 εἶναι
426 4710 568 4781 ἔχον.
611 4709 674 4761 Εἰ
707 4704 798 4762 οὖν
826 4711 882 4763 ὲν
922 4709 1070 4780 αὐτῷ
1103 4710 1170 4763 τὰ
1205 4711 1403 4774 πάντα,
1438 4710 1531 4764 καὶ
1572 4713 1630 4763 ἐν
1668 4712 1832 4764 πᾶσιν

1934 4718 2043 4774 est,
2082 4711 2318 4779 pendent
2349 4711 2558 4776 omnia,
2591 4725 2691 4765 nec
2724 4710 2837 4765 fieri
2863 4716 3043 4781 potest
3075 4717 3133 4763 ut
3165 4708 3235 4763 sit
3266 4710 3499 4779 aliquid,

265 4805 449 4855 ἐκεῖνο·
476 4802 528 4854 τί
559 4801 972 4872 ἐπαισχύνονται
1004 4805 1061 4855 ἐν
1091 4804 1156 4872 τῇ
1191 4801 1466 4873 οἰκονομίᾳ
1497 4802 1588 4854 τοῦ
1627 4819 1834 4872 μυστη-

1933 4801 2079 4871 quod
2129 4801 2181 4854 in
2216 4816 2282 4856 eo
2333 4800 2480 4871 quod
2521 4808 2628 4867 est,
2679 4818 2789 4858 non
2833 4801 3033 4857 habeat
3070 4801 3394 4856 essentiam.
3447 4799 3503 4855 Si

267 4895 377 4960 ρίου
401 4893 492 4944 τὴν
523 4892 655 4945 Θεὸν
682 4893 739 4945 ἐν
767 4891 1072 4961 ἀνθρώποις
1109 4891 1434 4962 γεγενῆσθαι
1475 4893 1830 4956 διδάσκοντος,

1933 4905 2065 4959 ergo
2102 4889 2154 4942 in
2205 4906 2270 4945 eo
2319 4901 2444 4944 sunt
2497 4892 2702 4957 omnia,
2760 4900 2812 4945 et
2855 4889 2992 4944 illud
3040 4898 3124 4947 est
3154 4894 3207 4944 in
3251 4891 3505 4946 omnibus

261 4985 348 5037 τὸν
378 4985 498 5036 οὐδὲ
539 4983 635 5037 νῦν
673 4983 780 5048 ἔξω
828 4983 925 5036 τῶν
957 4982 1256 5054 ἀνθρώπων
1289 4978 1424 5036 εἶναι
1473 4984 1835 5053 πεπιστευμέ-

1935 4996 2034 5034 cur
2068 4996 2163 5036 eos
2214 4981 2380 5051 pudet
2431 4981 2578 5053 quod
2613 4982 2935 5052 mysterium
2983 4983 3038 5036 in
3091 4981 3505 5052 dispensatione

261 5093 374 5137 vov;
429 5076 493 5127 Εἰ
525 5074 633 5146 γὰρ
685 5073 781 5126 καὶ
824 5075 852 5126 6
896 5073 1093 5144 τρόπος
1139 5073 1239 5142 τῆς
1283 5075 1338 5125 ἐν
1382 5075 1510 5143 ἡμῖν
1553 5074 1645 5125 τοῦ
1697 5073 1833 5126 Θεοῦ

1936 5074 2128 5129 doceat
2161 5075 2329 5129 Deum
2354 5076 2632 5131 exstitisse
2669 5076 2809 5130 inter
2831 5076 3105 5140 homines,
3133 5077 3223 5149 qui
3250 5093 3318 5132 ne
3357 5090 3504 5130 nunc

262 5165 582 5236 παρουσίας,
616 5165 718 5217 οὐκ
751 5164 911 5226 αὐτὸς
939 5158 1101 5226 οὗτος·
1122 5163 1312 5229 ἐκείνῳ
1333 5180 1346 5192 ·
1385 5163 1497 5215 ἀλλ’
1545 5159 1634 5217 οὖν
1672 5164 1732 5216 τὸ
1778 5166 1835 5216 ἐν

1938 5168 2158 5238 quidem
2215 5169 2458 5222 creditur
2496 5183 2617 5223 esse
2668 5174 2822 5222 extra
2869 5168 3180 5223 hominem?
3223 5166 3356 5219 Nam
3399 5164 3502 5218 etsi

256 5261 382 5327 ἡμῖν
406 5254 569 5321 εἶναι,
603 5256 700 5308 καὶ
725 5253 820 5306 νῦν
849 5255 940 5306 καὶ
968 5255 1085 5307 τότε
1117 5254 1259 5307 κατά
1285 5254 1345 5306 τὸ
1372 5249 1487 5307 ἶσον
1510 5255 1837 5325 διωμολόγη-

1937 5258 2134 5313 modus
2165 5257 2257 5312 Dei
2292 5259 2434 5311 inter
2460 5272 2562 5314 nos
2599 5259 2922 5327 praesentia,
2954 5274 3064 5313 non
3098 5265 3182 5314 est
3224 5257 3312 5311 hic
3360 5253 3501 5308 idem

253 5366 356 5403 ται.
395 5350 513 5404 Νὖν
556 5349 657 5420 μέν
693 5343 788 5400 οὖν
817 5347 1148 5418 ἐγκέκραται
1172 5348 1304 5417 ἡμῖν
1334 5347 1364 5399 6
1410 5347 1643 5418 συνέχων
1675 5348 1732 5399 ἐν
1759 5348 1835 5418 τῷ

1936 5350 2028 5420 qui
2061 5349 2187 5416 ille;
2216 5357 2453 5404 attamen
2482 5349 2629 5419 quod
2657 5350 2730 5404 sit
2762 5349 2815 5402 in
2844 5349 3003 5405 nobis
3026 5365 3090 5404 ex
3121 5360 3297 5415 mquo,
3330 5357 3501 5409 nunc,

251 5440 383 5499 εἶναι
405 5445 507 5499 τὴν
539 5442 706 5513 φύσιν
722 5455 734 5467 °
764 5440 881 5491 τότε
903 5439 957 5490 δὲ
979 5439 1281 5509 κατεμίχθη
1306 5438 1441 5512 πρὸς
1461 5439 1520 5491 τὸ
1548 5439 1833 5510 ἡμέτερον,

1937 5449 1988 5494 et
2020 5449 2148 5494 tunc
2195 5440 2355 5509 plane
2392 5447 2627 5496 constat.
2669 5442 2849 5511 Atque
2879 5455 3028 5495 nunc
3071 5437 3289 5507 quidem
3337 5443 3420 5491 est
3447 5435 3503 5490 in

249 5537 329 5590 ἵνα
351 5539 414 5608 τῇ
436 5535 578 5607 πρὸς
600 5532 663 5585 τὸ
686 5532 841 5585 Θεῖον
869 5529 1117 5599 ἐπιμιξίᾳ
1133 5530 1346 5599 γίνηται
1378 5530 1537 5595 θεῖον,
1562 5529 1831 5601 ἐξαιρεθὲν

1939 5531 2098 5585 nobis
2149 5538 2613 5601 contemperatus,
2655 5531 2748 5601 qui
2824 5540 3074 5584 naturam
3138 5527 3380 5581 continet
3445 5526 3501 5582 in

245 5629 334 5683 τοῦ
356 5628 622 5690 θανάτου,
643 5623 741 5677 καὶ
772 5621 868 5692 τῆς
892 5621 982 5674 τοῦ
1008 5619 1377 5690 ἀντικειμένου
1400 5639 1462 5674 τυ
1473 5621 1709 5694 ραννῖδος
1730 5616 1827 5684 ἔξω

1940 5622 2220 5689 essentia;
2265 5629 2395 5676 tunc
2424 5630 2603 5678 autem
2645 5637 2767 5676 cum
2801 5627 2989 5676 nostra
3025 5626 3221 5674 natura
3263 5619 3504 5674 inmiista
