4006 6148
489 202 560 259 67
1849 203 2173 260 GREGORII
2200 205 2491 261 NYSSENI
3666 210 3737 263 63

494 319 595 374 fuit
625 317 925 386 Divinitas;
956 327 1009 373 et
1054 320 1105 373 in
1146 331 1209 373 ea
1242 324 1441 373 nostrze
1482 325 1688 371 naturae
1720 333 1843 374 cum
1876 319 2058 373 divina

2167 324 2467 393 γενόμενον.
2510 325 2573 375 'H
2625 324 2729 393 γὰρ
2763 324 2970 377 ἐκείνου
3014 322 3121 375 ἀπὸ
3150 322 3241 376 τοῦ
3285 321 3513 376 θανάτου
3565 322 3739 375 ἐπάν-

492 413 891 472 commistione.
941 421 1128 465 nostra
1172 410 1363 466 effecta
1410 418 1495 463 est
1541 410 1746 471 divina,
1790 418 1846 463 ut
1876 425 1996 478 quae
2027 427 2056 463 a

493 513 673 563 morte
703 508 774 559 sit
802 513 1073 573 exempta,
1108 513 1163 558 et
1208 505 1276 557 ab
1306 503 1607 557 adversarii
1652 512 1837 571 erepta
1873 511 2061 573 tyran-

2164 414 2301 479 οδος,
2326 413 2464 485 ἀρχὴ
2490 415 2565 486 τῷ
2596 416 2772 486 θνητῷ
2788 418 2932 485 γένει
2955 416 3053 486 1?};
3080 418 3157 478 είς
3179 415 3276 485 τὴν
3302 415 3563 469 ἀθάνατον
3592 413 3738 483 ζωὴν

2166 506 2422 558 ἐπανόδου
2456 507 2720 574 γίγνεται.

493 601 639 655 nide.
684 600 832 654 Illius
875 601 1021 654 enim
1065 614 1094 652 a
1140 608 1315 653 morte
1357 598 1618 661 reversio,
1670 598 1876 652 exstitit
1919 598 2133 652 mortali
2185 603 2366 669 generi
2422 603 2748 673 principium
2801 601 3130 658 reversionis
3180 600 3246 654 ad
3299 600 3464 652 vitam
3512 598 3741 651 immor-

494 688 674 741 taletn.

1032 783 1260 838 CAPUT
1303 782 1489 835 XXVI.

571 874 677 929 Sed
714 874 771 929 in
818 873 1178 929 examinanda
1228 873 1370 928 forte
1404 872 1620 942 justitia
1668 882 1721 926 et
1773 871 2056 941 sapientia,

492 984 615 1039 qua:
646 968 1026 1022 consideratur
1078 968 1131 1020 in
1168 966 1269 1020 hac
1299 965 1723 1036 dispensatione,
1776 964 2061 1017 adducitur

493 1059 730 1114 fortasse
762 1058 1054 1128 quispiam,
1104 1064 1164 1109 ut
1198 1056 1472 1111 existimet
1503 1054 1693 1109 fraude
1737 1053 1876 1107 hanc
1920 1053 2060 1105 viam

491 1160 545 1206 et
584 1153 847 1206 rationem
895 1166 923 1203 a
962 1150 1070 1204 Deo
1113 1164 1212 1218 pro
1252 1148 1413 1203 nobis
1454 1146 1625 1201 fuisse
1671 1146 2056 1215 excogitatam.

497 1242 653 1307 Quod
702 1242 849 1295 enim
881 1256 986 1294 non
1025 1240 1169 1294 nuda
1200 1239 1513 1301 Divinitate,
1547 1236 1639 1291 sed
1672 1243 1810 1290 tecta
1847 1236 1914 1288 ah
1960 1236 2061 1287 liu-

502 1348 661 1387 mana
700 1344 918 1395 natura,
947 1330 1090 1385 Deus
1118 1331 1186 1385 ab
1226 1330 1447 1383 inimico
1487 1328 1790 1397 ignoratus,
1845 1326 1898 1380 in
1934 1340 2061 1379 eum

493 1429 585 1498 qui
634 1428 971 1481 dominatum
1026 1426 1339 1491 obtinebat,
1402 1442 1461 1481 se
1511 1424 1912 1488 insinuaverit;
1977 1429 2062 1476 est

492 1519 896 1589 quodammodo
923 1518 1082 1572 dolus
1110 1518 1331 1588 quidam
1361 1525 1413 1571 et
1439 1515 1903 1584 circumscriptio,
1929 1528 2053 1567 cum

2726 780 2975 833 ΚΕΦΑΛ.
3016 781 3158 845 κεῖν.

2252 873 2386 925 Ἀλλ’
2420 872 2549 935 ἴσως
2574 889 2657 935 τις
2690 874 2746 923 ἐν
2772 874 2836 942 τῇ
2866 874 2965 942 τῆς
2994 868 3337 938 δικαιοσύνης
3365 867 3606 935 ἐξετάσει
3646 868 3745 921 καὶ

2170 967 2358 1034 σοφίας
2389 964 2489 1035 τῆς
2521 962 2663 1017 κατὰ
2706 963 2803 1033 τὴν
2841 961 3148 1031 οἰκονομίαν
3193 959 3393 1030 ταύτην
3427 960 3742 1030 θεωρουμέ-

2170 1075 2286 1124 νης,
2324 1057 2573 1123 ἐνάγεται
2601 1052 2737 1126 πρὸς
2767 1053 2825 1105 τὸ
2853 1052 3066 1122 νομίσαι
3094 1051 3308 1121 ἀπάτην
3335 1050 3456 1103 τινὰ
3486 1050 3742 1119 τοιαύτην

2170 1149 2388 1220 μέθοδον
2427 1147 2800 1215 ἐπινενοῆσθαι
2846 1146 2985 1216 ὑπὲρ
3028 1144 3182 1215 ἡμῶν
3228 1144 3304 1214 τῷ
3339 1143 3478 1215 Θεῷ.
3526 1145 3599 1197 Τὸ
3630 1146 3740 1216 γὰρ

2166 1242 2227 1293 οὐ
2264 1243 2440 1311 γυμνῇ
2481 1243 2546 1310 τῇ
2573 1239 2783 1309 θεότητι
2804 1278 2816 1301 ,
2852 1238 2965 1291 ἀλλ’
3003 1237 3106 1289 ὑπὸ
3135 1238 3231 1308 τῆς
3258 1236 3604 1309 ἀνθρωπίνης
3635 1236 3741 1305 φύ-

2169 1351 2304 1396 σεως
2327 1332 2735 1403 κεκαλυμμένη,
2756 1328 3088 1400 ἀγνοηθέντα
3112 1330 3256 1400 παρά
3276 1329 3368 1381 τοῦ
3399 1329 3622 1401 Ἐχθροῦ
3648 1329 3741 1383 τὸν

2167 1425 2320 1486 Θεὸν,
2344 1423 2492 1485 ἐντὸς
2525 1421 2618 1475 τοῦ
2650 1422 2973 1492 κρατοῦντος
2996 1420 3267 1489 γενέσθαι,
3295 1421 3476 1492 ἀπάτη
3508 1420 3589 1485 τίς
3624 1423 3742 1474 ἐστι

2166 1515 2365 1585 τρόπον
2405 1514 2526 1567 τινὰ
2562 1515 2655 1567 καὶ
2704 1513 3130 1584 παραλογισμὸς,
3182 1512 3411 1582 ἐπείπερ
3459 1511 3586 1565 ίδιον
3630 1513 3740 1566 τῶν

497 1614 571 1667 sit
606 1613 883 1680 proprium
920 1625 1107 1664 eorum
1142 1610 1233 1679 qui
1270 1609 1570 1677 decipiunt,
1626 1608 1692 1661 ad
1739 1606 1886 1660 aliud
1927 1620 2055 1659 con-

2167 1614 2496 1669 ἀπατὼντων
2534 1612 2683 1676 ἐστὶ,
2736 1612 2796 1664 τὸ
2839 1611 2973 1682 πρὸς
3011 1609 3195 1680 ἕτερον
3235 1608 3331 1672 τὰς
3372 1608 3479 1661 τῶν
3520 1608 3741 1661 ἐπιϐου-

495 1716 707 1757 vertere
748 1718 895 1772 spem
923 1718 1134 1765 eorum,
1162 1701 1363 1770 quibus
1406 1707 1693 1754 struuntur
1738 1696 1973 1759 insidiae,
2007 1702 2061 1748 et

502 1796 647 1848 aliud
683 1796 893 1847 eilicere
926 1808 1087 1862 quam
1124 1791 1265 1860 quod
1320 1790 1422 1843 fuit
1464 1797 1763 1861 speratum.
1821 1786 1925 1840 Sed
1965 1785 2059 1855 qui

502 1885 703 1954 aspicit
761 1884 827 1937 ad
891 1884 1213 1945 veritatem,
1274 1882 1377 1934 hoc
1449 1895 1668 1951 quoque
1730 1878 2063 1933 assentietur

493 1976 735 2029 omnium
794 1974 1027 2027 maxime
1070 1987 1193 2026 esse
1238 1970 1466 2040 justitiae
1505 1977 1560 2023 et
1596 1968 1891 2039 sapientiaa.
1926 1964 2059 2018 Nam

495 2067 629 2136 justi
666 2065 883 2135 quidem
934 2072 1016 2119 est
1063 2079 1160 2133 pro
1194 2062 1404 2115 meritis
1452 2060 1749 2128 unicuique
1797 2058 2057 2112 tribuere.

498 2157 774 2225 Sapientis
831 2164 1010 2209 autem
1072 2168 1246 2223 neque
1289 2152 1499 2220 justum
1560 2160 1832 2211 avertere,
1887 2161 2062 2216 neque

492 2246 697 2298 bonum
751 2243 1108 2311 benignitatis
1174 2254 1400 2309 scopum
1458 2252 1713 2307 separare
1774 2251 1803 2289 a
1854 2236 2062 2306 judicio

494 2337 640 2407 quod
672 2336 728 2389 fit
757 2336 1087 2403 extjustitia,
1137 2333 1229 2387 sed
1270 2339 1393 2401 apte
1415 2340 1469 2385 ct
1514 2337 1882 2400 congruenter
1914 2336 2060 2382 utra-

491 2444 597 2499 que
625 2429 765 2481 inter
787 2442 844 2481 se
870 2422 1461 2495 conjungere,justitia:
1489 2422 1706 2491 quidem
1736 2419 2053 2481 tribuendo,

491 2517 638 2587 quod
668 2517 832 2570 datur
862 2531 962 2585 pro
993 2514 1239 2579 meritis;
1274 2511 1501 2565 bonitati
1535 2518 1739 2572 autem,
1771 2509 1916 2580 quod
1948 2525 2060 2563 non

495 2609 786 2662 recedatur
820 2623 849 2660 a
884 2621 1052 2673 scopo
1082 2603 1454 2673 benignitatis.
1503 2602 1930 2656 Consideremus
1958 2601 2061 2671 igi-

494 2709 585 2752 tur
615 2714 796 2751 annon
820 2698 935 2750 haec
959 2696 1118 2747 ambo
1143 2693 1560 2748 considerentur
1584 2693 1639 2747 in
1672 2694 1738 2747 iis
1767 2708 1889 2762 qua:
1918 2691 2061 2745 facta

493 2799 639 2845 sunt.
679 2790 812 2841 Nam
852 2803 947 2858 par
978 2787 1093 2856 pari
1126 2801 1223 2856 pro
1274 2785 1485 2841 meritis
1526 2784 1752 2848 referre,
1785 2799 1881 2854 per
1915 2783 2061 2853 quod

491 2884 736 2938 vicissim
758 2882 1028 2951 decipitur
1048 2879 1325 2949 deceptor,
1353 2877 1895 2947 ostenditjustitiam.
1931 2876 2061 2945 Ejus

494 2984 674 3028 autem
707 2973 849 3042 quod
888 2971 944 3025 fit
971 2986 1193 3041 scopus,
1243 2981 1326 3025 est
1372 2969 1743 3023 testimonium
1795 2968 2059 3022 bonitatis
2087 2957 2128 3014 C

493 3068 614 3135 ejus
644 3067 735 3135 qui
779 3073 1056 3133 operatur.
1092 3062 1224 3117 Nam
1257 3061 1484 3131 justitia:
1523 3060 1742 3131 quidem
1799 3068 1883 3114 est
1934 3074 2061 3130 pro-

494 3161 673 3229 prium
719 3158 1013 3225 unicuique
1046 3156 1135 3208 illa
1190 3154 1450 3215 tribuere,
1488 3154 1646 3221 cujus
1695 3153 1961 3223 principia
2010 3158 2063 3204 et

492 3266 689 3306 causas
724 3249 876 3319 prius
906 3248 1155 3316 jecerat;
1189 3246 1462 3317 quomodo
1488 3254 1630 3297 terra
1672 3244 2062 3296 convenienter

494 3343 797 3397 seminibus
831 3356 951 3408 quae
992 3340 1045 3391 in
1086 3352 1203 3391 eam
1234 3337 1379 3403 jacta
1427 3342 1576 3397 sunt,
1624 3334 1832 3385 fructus
1864 3331 2059 3384 reddit.

495 3434 799 3504 Sapientia:
826 3442 1006 3482 autem
1036 3437 1141 3488 est.
1176 3428 1229 3480 in
1262 3426 1423 3479 modo
1456 3424 1712 3478 reddendi
1766 3423 1963 3476 similia
1994 3422 2064 3475 ab

492 3542 559 3580 eo
585 3522 731 3593 quod
757 3531 837 3576 est
868 3520 1060 3574 melius
1096 3534 1204 3571 non
1242 3517 1541 3571 discedere.
1580 3514 1696 3580 Quo
1720 3513 1879 3568 modo
1918 3515 2061 3567 enim

495 3618 623 3671 cibo
678 3614 1032 3685 pharmacum
1074 3610 1327 3666 similiter
1367 3608 1654 3673 admiscet,
1700 3615 1753 3660 et
1791 3607 1881 3676 qui
1929 3605 2063 3661 insi-

494 3709 698 3768 diatur,
726 3712 779 3757 et
810 3703 902 3771 qui
922 3702 969 3755 ei
999 3698 1244 3754 medetur
1268 3699 1361 3768 qui
1386 3697 1657 3767 appetitus
1682 3696 1782 3749 fuit
1810 3696 2059 3750 insidiis:

494 3799 588 3855 sed
637 3798 726 3851 ille
772 3793 992 3865 quidem
1047 3806 1316 3846 venenum
1379 3793 1581 3860 prtcbct
1632 3790 1928 3855 letiferum,
1976 3787 2065 3841 hic

496 3898 674 3943 autem
733 3884 924 3938 veneni
975 3884 1177 3952 praebet
1238 3881 1735 3945 medicamentum,
1767 3886 1821 3932 et
1869 3877 2065 3932 modus

495 3978 799 4035 curationis
844 3976 1069 4029 minime
1124 3973 1430 4042 corrumpit
1472 3986 1697 4040 scepnm
1746 3969 2065 4024 conferendi

496 4070 782 4135 beneﬁcii;
832 4083 956 4122 nam
1009 4066 1113 4122 etsi
1165 4065 1233 4118 ab
1268 4065 1516 4133 utrisque
1558 4064 1613 4116 in
1664 4063 1923 4116 alimento
1974 4060 2068 4114 fiat

498 4164 682 4220 mistiii
742 4161 1062 4234 pbarmaci,
1124 4172 1350 4228 scopum
1407 4167 1585 4210 tamen
1648 4163 1703 4209 et
1752 4155 2065 4209 institutum

498 4257 844 4326 aSpicientcs,
902 4256 1046 4307 hunc
1079 4249 1294 4319 quidem
1337 4248 1647 4309 laudamus.
1682 4247 1833 4300 illum
1886 4259 2065 4301 autem
2101 4289 2144 4343 ο

498 4349 716 4401 odimus
743 4354 797 4401 et
826 4357 1147 4399 aversantur
1177 4360 1190 4395 :
1216 4341 1288 4394 ita
1321 4340 1411 4393 hic
1442 4354 1681 4409 quoque,
1712 4340 1923 4393 ratione
1948 4339 2067 4408 qui-

499 4441 620 4493 dem
654 4438 885 4506 justitia:
916 4438 1005 4492 illa
1037 4435 1236 4505 recipit
1265 4434 1546 4503 deceptor,
1583 4447 1817 4501 quorum
1859 4433 2068 4486 semina

500 4544 600 4582 suo
630 4529 802 4582 libero
829 4528 1037 4596 jecerat
1064 4525 1312 4580 arbitrio.
1346 4522 1482 4577 Nam
1524 4523 1639 4592 ipse
1670 4537 1888 4592 quoque
1920 4522 2070 4576 deci—

499 4623 645 4690 pitur
696 4620 910 4688 objecta
961 4618 1198 4672 hominis
1247 4620 1447 4687 specie,
1476 4618 1569 4686 qui
1617 4632 1744 4671 esca
1775 4616 2070 4685 voluptatis

499 4711 775 4764 hominem
804 4710 957 4778 prius
990 4708 1297 4777 deceperat.
1321 4706 1519 4761 Eorum
1553 4716 1731 4761 autem
1769 4724 1887 4777 qua:
1912 4708 2067 4770 fiunt,

499 4818 701 4872 scupus
737 4812 789 4856 et
818 4801 1131 4855 institutum
1160 4800 1323 4854 habet
1346 4802 1704 4854 mutationem
1736 4800 1801 4853 ad
1834 4801 1883 4854 id
1920 4799 2070 4869 quod

499 4904 584 4950 est
614 4895 828 4948 melius.
879 4892 1014 4946 Nam
1060 4893 1151 4947 ille
1192 4892 1412 4961 quidem
1464 4892 1654 4947 fraude
1700 4909 1833 4949 usus
1886 4902 1969 4946 est
2003 4892 2070 4945 ad

501 4984 871 5057 perimendam
905 4990 1155 5037 naturam
1183 5002 1197 5050 ;
1233 4983 1321 5037 hic
1353 4992 1530 5036 autem
1572 4984 1754 5048 simul,
1784 4992 1837 5036 et
1864 4983 2068 5051 justus,

501 5087 555 5132 et
586 5077 781 5141 bonus,
814 5083 869 5130 et
924 5076 1166 5144 sapiens,
1212 5075 1573 5144 excogitatam
1624 5074 1873 5127 adhibuit
1914 5073 2074 5127 dece-

504 5170 743 5241 ptionem
798 5167 863 5221 ad
916 5167 1147 5221 salutem
1181 5166 1303 5235 ejus
1336 5167 1426 5236 qui
1483 5167 1754 5235 perierat,
1817 5182 1910 5235 per
1960 5166 2073 5219 [nec

503 5258 767 5315 beneficio
793 5257 1032 5311 alliciens
1066 5273 1174 5311 non
1209 5259 1385 5312 solum
1413 5273 1535 5311 eum
1564 5258 1657 5327 qui
1686 5258 1944 5327 perierat,
1977 5256 2074 5311 sed

503 5367 627 5406 eum
657 5366 873 5421 quoque
900 5349 991 5420 qui
1020 5350 1176 5404 nobis
1209 5350 1465 5404 attulerat
1498 5352 1797 5405 interitum.
1844 5347 1977 5401 Nam
2007 5365 2073 5402 ex

506 5460 571 5499 eo
620 5446 764 5513 quod
804 5446 929 5500 vita;
977 5444 1195 5515 quidem
1247 5460 1396 5499 mors
1446 5443 1925 5515 appropinquavit,
1965 5440 2074 5495 luci

509 5545 689 5591 autem
748 5538 1021 5599 tenebrat,
1079 5536 1333 5592 interitus
1399 5546 1579 5592 autem
1640 5534 2074 5604 incorruptioni,

507 5628 718 5685 deletur
744 5627 964 5699 quidem
994 5628 1047 5683 id
1083 5629 1224 5700 quod
1256 5639 1339 5687 est
1366 5630 1630 5695 deterius,
1660 5640 1713 5683 et
1742 5628 1807 5682 ad
1834 5626 1888 5681 id
1918 5626 2061 5696 quod

2162 1708 2461 1776 λευομένων
2493 1706 2707 1767 ἐλπίδας
2739 1704 2981 1775 τρέπειν,
3024 1701 3117 1755 καὶ
3146 1701 3272 1755 ἀλλο
3301 1699 3451 1771 παρά
3494 1699 3552 1753 16
3591 1700 3743 1752 ἐλπι-

2165 1795 2287 1849 σθέν
2318 1792 2771 1864 κατεργάζεσθαι·
2808 1790 2919 1843 ἀλλ’
2960 1790 2988 1841 6
3022 1788 3155 1859 πρὸς
3200 1788 3297 1857 τὴν
3326 1785 3580 1857 ἀλήθειαν
3617 1784 3743 1854 βλέ-

2163 1904 2300 1949 πων,
2349 1886 2563 1938 πάντων
2624 1883 2854 1953 μάλιστα
2900 1880 2995 1932 καὶ
3047 1879 3205 1931 τοῦτο
3258 1876 3358 1948 τῆς
3399 1874 3742 1944 δικαιοσύνης

2159 1997 2219 2032 τε
2244 1978 2337 2031 καὶ
2365 1977 2463 2045 τῆς
2498 1976 2686 2043 σοφίας
2721 1968 2857 2024 εἶναι
2890 1968 3225 2040 συνθήσεται.
3252 1968 3473 2021 Δικαίου
3502 1968 3599 2038 μὲν
3629 1967 3740 2036 γάρ

2162 2072 2298 2134 ἐστι,
2331 2068 2391 2122 16
2422 2060 2541 2120 κατ’
2570 2066 2726 2129 ἀξίαν
2761 2063 2973 2132 ἑκάστῳ
2998 2061 3204 2129 νέμεινο
3238 2058 3401 2127 σοφοῦ
3431 2059 3486 2111 δὲ
3514 2058 3573 2110 τὸ
3602 2059 3741 2127 μήτε

2162 2158 2535 2231 παρατρέπειν
2572 2155 2631 2207 16
2660 2154 2886 2215 δίκαιον,
2923 2151 3060 2220 μήτε
3086 2150 3176 2202 τὸν
3199 2148 3403 2216 ἀγαθὸν
3429 2147 3525 2217 τῆς
3553 2146 3743 2215 φιλαν-

2162 2249 2407 2320 θρωπίας
2458 2244 2658 2298 σκοπὸν
2703 2240 3061 2313 ἀποχωρίζειν
3109 2240 3204 2309 τῆς
3254 2238 3390 2293 κατά
3429 2236 3489 2289 τὸ
3535 2236 3742 2290 δίκαιον

2161 2344 2393 2413 κρίσεως
2411 2378 2424 2401 ,
2457 2337 2592 2391 ἀλλά
2624 2334 2909 2387 συνάπτειν
2935 2332 3181 2402 ἀλλήλοις
3210 2328 3529 2400 εὐμηχάνως
3558 2328 3743 2397 ἀμφό-

2159 2450 2313 2504 τερα,
2346 2435 2412 2503 τῇ
2446 2430 2542 2501 μὲν
2572 2426 2884 2498 δικαιοσύνῃ
2909 2465 2923 2488 ,
2955 2423 3014 2476 τὸ
3044 2424 3162 2476 κατ’
3199 2420 3354 2487 ἀξίαν
3384 2419 3737 2473 ἀντιδιδόντα-

2160 2528 2225 2595 τῇ
2254 2525 2307 2576 δέ
2337 2522 2651 2591 ἀγαθότητι,
2694 2518 2787 2571 τοῦ
2832 2514 3032 2570 σκοποῦ
3078 2518 3176 2586 τῆς
3210 2510 3615 2583 φιλανθρωπίας
3641 2512 3745 2563 οὐκ

2161 2615 2533 2686 ἐξιστάμενον.
2568 2614 2937 2681 Σκοπήσωμεν
2965 2607 3138 2662 τοίνυν
3163 2609 3208 2660 εί
3247 2606 3321 2677 μὴ
3348 2606 3417 2658 τά
3447 2606 3538 2658 δύο
3568 2604 3745 2658 ταῦτα

2159 2708 2271 2768 τοῖς
2327 2703 2604 2773 γεγονόσιν
2657 2701 3019 2771 ἐνθεωρεῖται.
3073 2698 3135 2750 'H
3189 2697 3286 2767 μὲν
3334 2696 3442 2766 γὰρ
3484 2694 3577 2746 τοῦ
3618 2694 3740 2748 κατ’

2161 2798 2315 2863 ἀξίαν
2345 2796 2608 2857 ἀντίδοσις
2632 2835 2646 2859 ,
2682 2795 2746 2847 δι’
2786 2789 2852 2865 ἧς
2880 2796 2908 2846 6
2942 2789 3191 2845 ἀπατεὼν
3240 2789 3648 2853 ἀνταπατᾶται,
3681 2788 3744 2840 16

2161 2892 2365 2945 δίκαιον
2392 2888 2661 2942 δείκνυσιν
2688 2903 2699 2914 ·
2734 2888 2761 2939 6
2795 2886 2851 2939 δὲ
2880 2885 3078 2947 σκοπὸς
3108 2881 3200 2935 τοῦ
3224 2881 3563 2951 γιγνομένου,
3598 2897 3739 2950 μαρ-

2163 2980 2320 3051 τυρία
2378 2978 2476 3050 τῆς
2534 2977 2626 3030 τοῦ
2688 2975 3033 3047 ἐνεργοῦντος
3086 2972 3419 3042 ἀγαθότητος
3472 2972 3739 3040 γίγνεται.

2168 3071 2326 3123 Ἴδιον
2372 3070 2468 3139 μὲν
2510 3068 2619 3137 γάρ
2660 3068 2757 3136 τῆς
2801 3064 3164 3134 δικαιοσύνης,
3219 3063 3281 3115 τὸ
3328 3065 3508 3115 ἐκεῖνα
3558 3062 3744 3135 νέμειν

2164 3162 2399 3229 ἑκάστῳ,
2442 3154 2516 3211 ὧν
2555 3176 2637 3221 τις
2676 3159 2774 3219 τὰς
2803 3155 2977 3227 ἀρχάς
3004 3156 3097 3208 καὶ
3143 3155 3240 3217 τὰς
3285 3155 3463 3219 αίτίας
3502 3172 3743 3227 προκατ-

2165 3251 2415 3304 εϐἀλετο·
2442 3248 2629 3318 ὥσπερ
2659 3250 2691 3317 η
2722 3247 2793 3315 γῆ
2824 3250 2963 3299 κατά
2994 3246 3061 3298 τὰ.
3084 3245 3213 3316 γένη
3245 3246 3352 3298 τῶν
3377 3247 3743 3318 καταϐληθέν-

2162 3359 2267 3393 των
2293 3339 2639 3409 σπερμάτων,
2668 3339 2762 3391 κα).
2792 3338 2916 3401 τοὺς
2942 3339 3185 3409 καρποὺς
3208 3337 3510 3391 ἀναδίδωσι.
3542 3339 3742 3405 Σοφίας

2163 3433 2306 3485 δὲτὸ
2352 3434 2408 3485 ἐν
2452 3430 2529 3501 τῷ
2566 3430 2752 3500 τρόπῳ
2786 3430 2883 3500 1?};
2924 3429 3031 3482 τῶν
3072 3431 3271 3499 ὁμοίων
3310 3430 3627 3492 ἀντιδόσεως
3666 3429 3745 3500 μὴ

2165 3524 2415 3575 ἐκπεσεῖν
2463 3519 2557 3574 τοῦ
2606 3519 2895 3589 βελτίονος.
2948 3520 3156 3591 Ὥσπερ
3203 3519 3312 3589 γάρ
3361 3519 3437 3589 τῷ
3486 3519 3743 3589 ἐδέσματι

2164 3614 2362 3685 ὁμοίως
2386 3612 2759 3682 παραμίγνυσι
2780 3611 2839 3664 τὸ
2861 3612 3170 3683 φάρμακον,
3195 3613 3285 3665 καὶ
3303 3614 3331 3665 6
3355 3611 3741 3675 ἐπιϐουλεύων,

2166 3707 2259 3761 καὶ
2286 3708 2313 3759 6
2343 3706 2431 3758 16v
2475 3704 2921 3757 ἐπιϐουλευθέντα
2953 3703 3200 3774 ἰώμενος·
3230 3704 3343 3758 ἀλλ’
3368 3707 3395 3758 6
3429 3706 3525 3774 μὲν
3555 3705 3613 3758 16
3648 3705 3742 3773 δη-

2165 3799 2441 3871 λητήριον,
2481 3800 2509 3850 6
2556 3798 2612 3850 δὲ
2642 3796 2703 3849 16
2750 3796 2844 3849 τοῦ
2892 3797 3219 3868 δηλητηρίου
3251 3797 3618 3869 ἀλεξιτήριον·
3649 3799 3745 3853 καὶ

2166 3890 2313 3942 οὐδὲν
2348 3890 2376 3940 6
2404 3887 2601 3958 τρόπος
2629 3886 2726 3957 τῆς
2752 3887 3065 3957 θεραπείας,
3099 3886 3189 3939 τὸν
3231 3886 3429 3939 σκοπὸν
3454 3886 3553 3956 τῆς
3586 3887 3749 3958 εύερ-

2166 3977 2353 4045 γεσίας
2409 3975 2794 4047 διελυμήνατο·
2858 3978 2905 4028 εί
2957 3976 3063 4046 γὰρ
3103 3977 3196 4027 καὶ
3244 3978 3373 4045 παρ’
3420 3976 3745 4047 ἀμφοτέρων

2170 4067 2459 4136 φαρμάκου
2502 4066 2646 4134 μίξις
2686 4068 2743 4119 ἐν
2787 4069 2962 4138 τροφῇ
2994 4066 3271 4133 γίγνεται,
3308 4065 3440 4117 ἀλλά
3481 4067 3615 4134 πρὸς
3652 4067 3746 4118 τὸν

2171 4160 2370 4212 σκοπὸν
2412 4158 2835 4228 ἀποϐλέψαντες,
2872 4158 2963 4210 τὸν
3007 4157 3103 4227 μὲν
3151 4156 3497 4227 ἐπαινοῦμεν,
3552 4158 3642 4211 τὸν
3687 4157 3748 4210 δέ

2169 4250 2601 4320 χαλεπαίνομενο
2656 4248 2796 4302 οὕτω
2844 4250 2937 4302 καὶ
2976 4247 3229 4312 ἐνταῦθα,
3262 4248 3338 4320 τῷ
3388 4250 3485 4320 μέν
3517 4252 3657 4306 κατά
3681 4256 3745 4307 16

2170 4342 2374 4395 δίκαιον
2398 4341 2561 4409 λόγῳ,
2599 4341 2780 4394 ἐκεῖνα
2813 4341 2840 4392 6
2866 4339 3117 4393 ἀπατεὼν
3143 4340 3547 4411 ἀντιλαμϐάνει,
3580 4337 3655 4396 ὧν
3676 4346 3748 4399 τὰ

2172 4431 2460 4502 σπέρματα
2505 4431 2589 4483 διά
2642 4431 2741 4500 τῆς
2788 4431 2922 4494 ἰδίας
2970 4431 3343 4502 προαιρέσεως
3396 4434 3745 4492 κατεϐάλετο.

2184 4525 2477 4577 Ἀπατᾶται
2506 4526 2613 4594 γὰρ
2651 4525 2742 4577 καὶ
2774 4524 2934 4587 αὐτὸς
2962 4523 3039 4595 τῷ
3065 4524 3155 4576 τοῦ
3183 4525 3471 4596 ἀνθρώπου
3506 4527 3747 4599 προϐλή-

2175 4635 2323 4687 ματι,
2369 4620 2396 4669 6
2430 4618 2823 4687 προαπατήσας
2863 4617 2955 4669 τὸν
2997 4616 3281 4687 ἄνθρωπον
3325 4617 3402 4688 τῷ
3429 4618 3525 4686 τῆς
3557 4617 3750 4688 ἡδονῆς

2170 4710 2512 4779 δελεάσματι.
2533 4710 2589 4762 Ὀ
2612 4709 2668 4761 δὲ
2691 4709 2888 4772 σκοπὸς
2910 4709 3015 4762 τῶν
3033 4710 3365 4780 γιγνομένων
3388 4710 3477 4761 ἐπὶ
3494 4709 3552 4761 16
3577 4714 3752 4780 κρεῖτ-

2171 4819 2261 4855 τον
2290 4803 2389 4870 τὴν
2430 4800 2781 4873 παραλλαγὴν
2821 4801 2951 4871 ἔχει.
2991 4802 3049 4854 Ὀ
3078 4803 3174 4872 μὲν
3206 4802 3312 4871 γάρ
3354 4801 3444 4853 ἐπὶ
3479 4801 3751 4873 διαφθορᾷ

2172 4893 2273 4961 τῆς
2299 4892 2510 4961 φύσεως
2534 4894 2632 4963 τὴν
2656 4893 2878 4965 ἀπάτην
2904 4894 3221 4963 ἐνήργησεν
3256 4894 3284 4944 6
3304 4892 3357 4944 δὲ
3384 4891 3587 4954 δίκαιος
3610 4891 3747 4961 ἅμα,

2174 4985 2266 5037 καὶ
2295 4983 2516 5049 ἀγαθὸς,
2550 4984 2643 5036 καὶ
2671 4983 2864 5051 σοφὸς.
2906 4984 2996 5034 ἐπὶ
3042 4981 3285 5051 σωτηρία
3332 4979 3425 5032 τοῦ
3476 4981 3752 5049 καταφθαε

2177 5076 2357 5146 ρέντος
2389 5077 2452 5145 τῇ
2496 5076 2707 5145 ἐπινοίᾳ
2756 5075 2856 5143 τῆς
2893 5074 3105 5142 ἀπάτης
3151 5074 3450 5141 ἐχρήσατο,
3494 5073 3554 5125 οὐ
3591 5076 3754 5142 μόνον

2175 5165 2269 5217 τὸν
2292 5164 2605 5219 ἀπολωλότα
2625 5166 2711 5217 διὰ
2734 5166 2939 5217 τούτων
2960 5162 3283 5232 εὐεργετῶν,
3309 5162 3444 5216 ἀλλά
3466 5164 3559 5217 καὶ
3588 5163 3751 5217 αὐτὸν

2174 5257 2265 5309 τὸν
2295 5255 2568 5309 ἀπώλειαν
2610 5255 2733 5309 καθ’
2761 5254 2919 5325 ἡμῶν
2954 5256 3343 5325 ἐνεργήσαντα.
3388 5258 3481 5309 Ἐκ
3507 5257 3612 5327 γὰρ
3653 5258 3751 5311 τοῦ

2177 5349 2533 5421 προσεγγίσαι
2559 5352 2623 5419 τῇ
2652 5348 2762 5417 ζωῇ
2802 5348 2900 5417 μὲν
2932 5346 3023 5399 τὸν
3052 5346 3299 5411 θάνατον,
3332 5348 3411 5417 τῷ
3440 5348 3577 5417 φωτὶ
3602 5347 3659 5402 δὲ
3690 5349 3755 5403 τὸ

2179 5445 2388 5506 σκότος,
2423 5446 2488 5512 τῇ
2515 5441 2789 5512 ἀφθαρσίᾳ
2833 5441 2888 5492 δέ
2918 5441 3015 5510 τὴν
3058 5440 3280 5511 φθοράν*
3324 5440 3623 5509 ἀφανισμός
3652 5442 3753 5510 μὲν

2176 5534 2269 5586 τοῦ
2300 5533 2538 5603 χείρονος
2587 5533 2855 5600 γίγνεται,
2898 5534 2989 5585 καὶ
3019 5534 3096 5596 είς
3134 5535 3195 5586 τὸ
3224 5533 3296 5602 μὴ
3333 5531 3390 5583 ὃν
3431 5530 3754 5604 μεταχώρη-

2173 5642 2255 5687 σις
2276 5640 2289 5654 ο
2320 5624 2553 5692 ὠφέλεια
2585 5623 2640 5676 δὲ
2668 5622 2760 5677 τοῦ
2791 5624 2895 5678 ἀπὸ
2935 5625 3137 5677 τούτων
3181 5621 3594 5694 καθαιρομένου.
3636 5625 3750 5678 Κα-
