4006 6148
265 212 328 264 ιο
1497 208 1752 265 ORATIO
1783 205 2280 264 CATECHETICA.
3449 203 3516 260 70

263 325 441 394 θάπερ
483 323 595 395 γάρ
627 325 723 394 τῆς
749 325 1076 397 ἀτιμοτέρας
1103 325 1235 398 ὕλης
1263 325 1343 398 τῷ
1384 325 1570 398 χρυσῷ
1613 343 1843 397 καταμι-

1950 339 2059 378 non
2089 332 2173 378 est
2201 323 2259 376 ﬁt
2302 321 2610 387 transitus;
2665 329 2719 375 et
2760 319 2986 390 juvatur
3039 319 3092 374 id
3137 318 3283 390 quod
3338 333 3404 374 ex
3448 319 3517 372 iis

263 414 508 484 χθείσης,
538 417 604 486 τῇ
627 413 714 468 διά
739 413 831 468 τοῦ
855 416 1022 486 πυρὸς
1049 416 1264 490 δαπάνῃ
1287 417 1348 470 τὸ
1369 416 1644 490 ἀλλότριόν
1671 435 1730 470 τε
1750 416 1843 468 καὶ

263 505 569 574 ἀπόϐλητον
600 507 649 557 οἱ
681 505 1009 577 θεραπευταὶ
1037 507 1131 560 τοῦ
1167 508 1392 579 χρυσίου
1429 506 1843 562 καταναλώσαν-

263 614 372 660 τες,
403 597 568 649 πάλιν
595 598 924 665 ἐπανάγουσι
965 599 1101 670 πρὸς
1129 600 1230 670 τὴν
1272 598 1409 652 κατὰ
1435 600 1593 668 φύσιν
1613 599 1840 670 ’λαμπη-

262 687 385 740 δόνα
411 687 510 758 τὴν
538 689 939 759 προτιμοτέραν
977 688 1140 760 ὓληνο
1178 692 1276 743 οὐκ
1315 691 1512 755 ἄπονος
1547 691 1728 762 μέντοι
1759 691 1843 759 γί-

263 795 412 830 νεται
455 780 489 848 ή
527 778 821 848 διάκρισις,
869 779 1044 850 χρόνῳ
1074 780 1166 832 τοῦ
1213 783 1382 851 πυρὸς
1421 784 1488 851 τῇ
1533 781 1839 854 ἁναλωτικῇ
1895 839 1897 841 _

262 865 488 936 δύναμει
520 868 581 919 τὸ
608 867 759 920 νόθον
784 867 1218 936 ἐξαφανίξοντος,
1255 870 1391 940 πλὴν
1417 870 1550 924 ἀλλὰ
1577 870 1841 944 θεραπεία

262 957 344 1020 τίς
389 959 509 1009 ἐστι
543 957 638 1010 τοῦ
679 957 920 1028 χρυσίου,
953 958 1014 1011 τὸ
1059 959 1355 1030 ἐκτακῆναι
1395 963 1523 1031 παρ’
1562 961 1739 1032 αὐτῷ,
1782 963 1842 1014 τὸ

264 1050 354 1102 ἐπὶ
383 1048 528 1120 λύμῃ
559 1048 654 1102 τοῦ
685 1049 848 1103 καλοῦ
883 1050 1197 1122 ἐγκείμενον
1217 1065 1230 1079 ⁸
1258 1051 1399 1105 κατά
1421 1052 1510 1106 τὸν
1534 1054 1694 1106 αὑτὸν
1725 1053 1844 1124 τρό-

265 1155 363 1191 πον
393 1139 625 1192 θανάτου
658 1141 752 1192 καὶ
779 1139 984 1210 φθορᾶς
1008 1181 1022 1204 ,
1054 1143 1148 1194 καὶ
1183 1143 1426 1205 σκότους,
1457 1143 1549 1194 καὶ
1583 1143 1634 1193 εἴ
1660 1161 1711 1195 τι
1740 1161 1840 1196 κα-

264 1229 386 1293 κίας
416 1231 658 1298 ἔκγονον,
687 1231 767 1300 τῷ
804 1233 996 1304 εὐρετῇ
1047 1233 1141 1287 τοῦ
1177 1235 1348 1288 κακοῦ
1380 1236 1781 1306 περιφυέντων,
1813 1237 1842 1288 ό

264 1323 672 1392 προσεγγισμὸς
703 1325 801 1394 τῆς
825 1324 974 1390 θείας
1002 1326 1281 1396 δυνάμεως
1310 1329 1482 1400 πυρὸς
1510 1328 1665 1398 δίκην
1702 1333 1841 1398 ἀφα-

262 1415 456 1482 νισμὸν
493 1415 584 1467 τοῦ
627 1416 777 1486 παρὰ
817 1416 978 1484 φύσιν
1019 1420 1494 1491 κατεργασάμενος
1518 1461 1532 1485 ,
1565 1421 1843 1492 εὐεργετεῖ

263 1507 331 1575 τῇ
365 1504 634 1576 ἀφθαρσίᾳ
662 1507 760 1577 τὴν
789 1508 968 1575 φύσιν,
1001 1509 1103 1563 κᾶν
1127 1512 1380 1576 ἐπίπονος
1412 1515 1444 1584 ἡ
1477 1513 1742 1585 διάκρισις

266 1596 472 1648 Οὐκοῦν
503 1595 611 1648 οὐδ’
639 1592 706 1651 ἂν
734 1599 864 1668 παρ’
896 1600 1060 1653 αὑτοῦ
1085 1601 1174 1654 τοῦ
1197 1603 1569 1673 ἀντικειμένου
1601 1605 1674 1676 μὴ
1701 1601 1840 1658 εἶναι

1947 421 2303 486 expurgatur.
2332 411 2452 478 Quo
2499 413 2660 466 modo
2690 412 2834 466 cnim
2876 415 2921 466 si
2972 412 3064 466 vili
3110 411 3336 464 materia
3382 424 3518 463 auro

1947 507 2207 569 admista,
2238 507 2493 560 anrilices
2525 518 2623 574 per
2652 504 2856 574 ignem,
2901 518 2966 558 eo
2999 513 3322 574 consumpto
3373 503 3515 572 quod

1948 604 2067 651 erat
2097 597 2334 651 alienum
2363 603 2416 650 et
2457 594 2837 665 rejiciendum,
2879 593 2946 647 ad
2988 594 3289 648 naturalem
3335 593 3518 663 splen-

1949 690 2137 744 dorem
2169 688 2607 758 praestantiorem
2669 686 2941 740 reducunt
2979 686 3264 741 materiem
3297 700 3311 736 :
3342 700 3519 755 neque

1948 789 2131 836 tamen
2165 780 2304 833 citra
2334 778 2575 833 laborem
2605 777 2663 832 ﬁt
2697 778 2787 830 illa
2811 777 3063 842 secretio,
3098 791 3219 831 cum
3251 776 3393 846 ignis
3419 791 3518 831 sua

1949 871 2311 928 consumendi
2343 880 2632 942 potestate,
2674 877 2922 938 tempore
2963 869 3141 924 deleat
3171 867 3223 922 id
3257 868 3400 938 quod
3436 877 3520 922 est

1949 965 2319 1021 adulterinum
2360 984 2373 1019 :
2414 979 2599 1020 verum
2638 962 2918 1018 enimvero
2974 962 3092 1016 auri
3154 962 3396 1032 quaedam
3436 967 3518 1015 est

1948 1059 2264 1124 medicatio,
2295 1057 2439 1127 quod
2484 1058 2539 1111 in
2573 1058 2692 1126 ipso
2731 1055 3004 1124 eliquetur
3036 1054 3087 1108 id
3121 1055 3266 1124 quod
3295 1055 3360 1108 ad
3391 1054 3518 1108 boni

1947 1151 2176 1206 exitium
2210 1154 2266 1206 in
2297 1166 2362 1206 eo
2400 1150 2638 1216 positum
2676 1147 2892 1204 fuerat:
2919 1147 3110 1202 eodem
3156 1147 3321 1200 modo
3354 1147 3519 1200 etiam

1948 1259 2073 1298 cum
2105 1259 2256 1299 mors
2285 1251 2338 1298 et
2395 1242 2672 1303 interitus,
2714 1250 2768 1294 et
2797 1240 3055 1303 tenebrae,
3105 1248 3159 1293 et
3191 1238 3237 1293 si
3282 1237 3406 1308 quis
3436 1244 3520 1291 est

1949 1339 2092 1394 alius
2125 1336 2245 1392 vitii
2278 1335 2443 1400 fetus,
2471 1333 2743 1389 inventori
2783 1332 2910 1386 mali
2946 1332 3148 1386 adnata
3179 1337 3393 1389 essent.
3435 1329 3520 1383 di-

1947 1429 2088 1483 vinae
2143 1428 2368 1482 virtutis
2413 1426 2908 1496 appropinquatio,
2960 1432 3222 1492 tanquam
3277 1422 3345 1477 ab
3397 1421 3522 1490 igne

1948 1521 2129 1576 deleto
2159 1535 2224 1575 eo
2253 1520 2398 1590 quod
2432 1528 2518 1576 est
2557 1525 2751 1588 praeter
2804 1525 3079 1581 naturam,
3128 1523 3383 1569 naturam
3435 1515 3524 1569 in-

1949 1611 2324 1676 corruptionis
2357 1609 2520 1664 alﬁcit
2544 1611 2830 1672 benelicio,
2881 1608 3097 1664 etiamsi
3141 1608 3414 1663 laboriosa
3450 1608 3523 1663 sit

264 1686 468 1741 δίκαιόν
488 1707 545 1741 τε
564 1690 658 1743 καὶ
679 1692 940 1762 σωτήριον
962 1693 1022 1744 τὸ
1040 1695 1257 1763 γεγονὸς
1275 1696 1843 1770 ἀμφιϐάλλοιτο,εῐπερ

1948 1705 2204 1760 secretio.
2241 1703 2384 1774 Ergo
2423 1719 2493 1757 ne
2522 1702 2774 1757 dubitare
2828 1702 3044 1773 quidem
3078 1701 3276 1772 poterit
3325 1701 3522 1755 adver-

266 1781 344 1840 είς
372 1778 625 1849 αἴσθησιν
645 1780 744 1850 τῆς
771 1781 1088 1852 εὐεργεσίας
1114 1785 1274 1840 ἔλθοι.
1299 1787 1436 1841 Νυνὶ
1463 1789 1569 1861 γὰρ
1593 1790 1842 1862 καθάπερ

263 1872 313 1922 οἱ
340 1873 432 1924 ἐπὶ
453 1872 715 1943 θεραπείᾳ
739 1874 1057 1945 τεμνόμενοί
1086 1895 1142 1929 τε
1159 1879 1254 1932 καὶ
1280 1879 1558 1950 καιόμενοι
1586 1882 1844 1952 χαλεπαί-

263 1980 416 2015 νουσι
445 1968 554 2028 τοῖς
584 1965 961 2038 θεραπεύουσι,
991 1971 1057 2039 τῇ
1090 1969 1254 2043 ὀδύνῃ
1292 1972 1390 2042 τῆς
1419 1974 1589 2043 τομῆς
1616 1973 1844 2043 δριμυσ-

269 2057 483 2125 σόμενοι
504 2075 517 2089 ·
567 2060 616 2110 εί
643 2058 700 2110 δὲ
730 2059 789 2111 τὸ
818 2059 1081 2127 ὑγιαίνειν
1110 2060 1198 2114 διὰ
1226 2061 1416 2116 τούτου
1456 2064 1806 2134 προσγένοιτο
1825 2107 1840 2131 ,

265 2149 357 2200 καὶ
379 2149 413 2218 ἡ
435 2149 535 2218 τῆς
559 2149 806 2213 καύσεως
837 2151 1083 2222 ἀλγηδὼν
1107 2153 1386 2223 παρέλθοι,
1421 2154 1580 2225 χάριν
1609 2157 1842 2208 εἴσονται

263 2243 376 2303 τοῖς
400 2240 499 2310 τὴν
527 2241 820 2312 θεραπείαν
846 2244 932 2297 ἐπ’
965 2244 1162 2308 αὐτοὺς
1190 2247 1518 2316 ἐνεργήσασι
1539 2262 1552 2274 ·
1587 2245 1723 2299 κατὰ
1752 2245 1842 2298 τὸν

261 2333 429 2386 αὐτοι
475 2335 675 2404 τρόπον
719 2338 838 2399 ταῖς
881 2341 1115 2408 μακραῖς
1163 2338 1430 2410 περιόδοις
1474 2339 1843 2411 ἐξαιρεθέντος

261 2422 355 2476 τοῦ
404 2423 575 2476 κακοῦ
624 2426 723 2496 τῆς
777 2426 1022 2495 φύσεως,
1075 2428 1167 2481 τοῦ
1221 2428 1316 2482 νῦν
1369 2429 1552 2493 αὐτοῖς
1609 2447 1844 2500 καταμι-

257 2513 484 2584 χθέντος
532 2517 625 2569 καὶ
661 2519 1031 2588 συμφυέντος,
1077 2519 1291 2574 ἐπειδὰν
1327 2522 1360 2590 ή
1405 2522 1484 2583 είς
1527 2519 1586 2572 τὸ
1619 2521 1842 2590 ἀρχαῖον

258 2607 706 2671 ἀποκατάστασις
738 2609 847 2662 τῶν
887 2610 982 2663 νῦν
1014 2610 1072 2663 ἐν
1101 2611 1268 2682 κακία
1300 2611 1569 2682 κειμένων
1595 2611 1840 2684 γένηται,

257 2697 542 2766 ὁμόφωνος
567 2699 886 2770 εὐχαριστία
909 2701 1062 2770 παρὰ
1089 2703 1268 2773 πάσης
1292 2701 1442 2756 ἔσται
1464 2707 1561 2774 τῆς
1587 2705 1841 2770 κτίσεως,

262 2789 356 2842 καὶ
381 2790 489 2842 τῶν
522 2793 582 2842 ἐν
610 2795 678 2861 τῇ
704 2791 965 2862 καθάρσει
993 2793 1424 2864 κεκολασμένων,
1455 2795 1678 2849 καὶτῶν
1708 2796 1844 2865 μηδὲ

261 2883 359 2954 τὴν
397 2883 578 2953 ἀρχὴν
617 2882 1009 2952 ὲπιδεηθέντων
1047 2886 1383 2956 καθάρσεως.
1432 2885 1615 2940 Ταῦτα
1649 2887 1742 2940 καὶ
1774 2889 1841 2940 τὰ

260 2974 484 3028 τοιαῦτα
532 2973 872 3044 παραδίδωσι
918 2975 978 3027 τὸ
1023 2977 1162 3046 μέγα
1210 2978 1500 3049 μυστήριον
1545 2977 1644 3046 τῆς
1694 2977 1842 3041 θείας

259 3066 747 3140 ἐνανθρωπήσεως.
779 3066 859 3120 Δι’
887 3059 962 3120 ὧν
990 3068 1096 3140 γάρ
1135 3068 1433 3139 κατεμίχθη
1465 3071 1532 3140 τῇ
1563 3068 1842 3140 ἀνθρωπό-

257 3178 404 3232 τητι,
437 3160 526 3214 διὰ
565 3160 784 3214 πάντων
821 3159 930 3214 τῶν
973 3159 1072 3229 τῆς
1103 3158 1316 3228 φύσεως
1357 3160 1659 3229 ἰδιωμάτων
1686 3159 1841 3228 γενό-

262 3270 444 3323 μενος,
476 3251 742 3322 γενέσεώς
763 3269 820 3304 τε
852 3253 943 3306 καὶ
966 3251 1276 3320 ἀνατροφῆς
1303 3252 1397 3304 καὶ
1422 3251 1720 3322 αὐξήσεως,
1749 3253 1841 3304 καὶ

261 3347 426 3416 μέχρι
455 3346 554 3416 τῆς
597 3345 690 3398 τοῦ
722 3345 948 3399 θανάτου
995 3346 1190 3416 πείρας
1229 3343 1529 3409 διεξελθὼν,
1558 3343 1627 3396 τά
1660 3361 1842 3414 προει-

265 3433 476 3504 ρημένα
528 3435 702 3488 πάντα
746 3434 1170 3504 κατείργασται,
1207 3433 1297 3487 τόν
1343 3450 1400 3485 τε
1435 3433 1715 3503 ἄνθρωπον
1742 3435 1842 3503 τῆς

259 3525 462 3586 κακίας
489 3523 810 3596 ἐλευθερῶν,
839 3527 932 3578 καὶ
961 3526 1119 3579 αὐτὸν
1146 3527 1236 3580 τὸν
1261 3527 1359 3597 τῆς
1385 3527 1584 3590 κακίας
1617 3526 1842 3597 εὑρετὴν

264 3612 514 3682 ἰώμενος.
544 3615 835 3686 Ἴασιςγάρ
862 3616 1008 3668 ἐστιν
1023 3616 1330 3688 ἀρρωστίας
1363 3618 1395 3688 ἡ
1427 3617 1520 3670 τοῦ
1543 3617 1843 3689 νοσήματος

263 3707 560 3780 κάθαρσις,
593 3709 697 3762 κᾶν
731 3708 1064 3784 ἐπίπονος

844 3889 1094 3940 ΚΕΦᾹΛ.
1136 3887 1261 3942 KZ’.

347 3978 660 4031 Ἀκόλουθον
698 3978 754 4031 δὲ
791 3980 1026 4043 πάντως.
1055 3980 1144 4033 τὸν
1172 3980 1308 4051 πρὸς
1345 3981 1443 4048 τὴν
1475 3981 1634 4050 φύσιν
1686 3982 1840 4053 ἡμῶν

262 4070 717 4142 ἀνακιρνάμενον,
752 4073 839 4126 διὰ
861 4074 1076 4126 πάντων
1105 4072 1360 4138 δέξασθαι
1400 4076 1506 4126 τῶν
1539 4075 1840 4146 ἰδιωμάτων

262 4161 432 4230 αὐτῆς
458 4162 556 4230 τὴν
584 4162 720 4232 πρὸς
741 4164 886 4232 ἡμᾶς
912 4164 1332 4233 συνανάκρασιν.
1370 4162 1638 4236 Καθάπερ
1663 4164 1770 4236 γὰρ
1791 4167 1840 4218 οί

261 4255 349 4306 τὸν
380 4253 552 4323 ῥύπον
581 4254 689 4307 τῶν
719 4255 948 4324 ἱματίων
979 4255 1352 4320 ἐκπλύνοντες,
1383 4257 1442 4308 οὐ
1472 4255 1542 4308 τά
1586 4256 1682 4326 μὲν
1710 4256 1840 4308 ἐῶσι

259 4349 372 4400 τῶν
424 4347 806 4417 μολυσμάτων,
862 4346 930 4400 τά
977 4347 1033 4400 δὲ
1081 4348 1537 4420 ἀπορρίπτουσιν
1587 4347 1699 4401 ἀλλ’
1742 4349 1815 4402 άτσ
1870 4383 1912 4436 D

260 4439 436 4510 ἀρχῆς
463 4439 589 4511 ἄχρι
615 4439 802 4502 τέλους
846 4439 1233 4510 ἐκκαθαίρουσι
1272 4439 1380 4492 τῶν
1429 4440 1661 4513 κηλίδων
1691 4440 1836 4494 ἅπαν

260 4530 320 4582 τὸ
349 4530 598 4600 ὕφασμα,
622 4530 697 4592 ὡς
723 4530 788 4584 ἂν
816 4529 1075 4600 ὁμότιμον
1098 4529 1272 4600 ἐαυτῷ
1293 4531 1357 4583 δι’
1389 4531 1510 4583 ὅλου
1540 4531 1600 4584 τὸ
1626 4531 1838 4601 ἱμάτιον

261 4623 490 4689 γένοιτο,
526 4621 588 4674 τὸ
633 4622 774 4675 κατὰ
817 4622 876 4675 τὸ
924 4621 1042 4674 ἴσον
1083 4623 1432 4694 λαμπρυνθὲν
1465 4623 1530 4675 ἐκ
1577 4624 1675 4694 τῆς
1705 4622 1839 4675 πλύ-

266 4729 399 4775 σεως
421 4731 434 4743 ·
462 4712 637 4776 οὕτως
671 4713 1024 4784 μολυνθείσης
1057 4717 1121 4784 τῇ
1151 4714 1394 4785 ἁμαρτίᾳ
1432 4714 1532 4784 τῆς
1565 4713 1840 4784 ἀνθρωπί-

263 4825 357 4877 νης
382 4807 549 4876 ζωῆς,
583 4808 640 4859 ἐν
669 4807 808 4877 ἀρχῇ
839 4823 897 4859 τε
929 4807 1023 4860 καὶ
1051 4806 1274 4877 τελευτῇ
1299 4809 1390 4860 καὶ
1417 4809 1530 4871 τοῖς
1552 4806 1640 4860 διά
1668 4807 1835 4877 μέσου

264 4901 447 4961 πᾶσιν,
477 4899 585 4950 ἔδει
609 4898 695 4950 διὰ
721 4899 936 4951 πάντων
961 4897 1213 4966 γενέσθαι
1241 4900 1340 4969 τὴν
1361 4898 1727 4952 ὲκπλύνουσαν
1751 4897 1840 4951 δύ-

261 5009 442 5060 ναμιν,
471 4993 564 5044 καὶ
589 4991 663 5061 μὴ
687 4991 750 5043 τὸ
781 4991 879 5061 μέν
905 5008 958 5043 τι
983 4989 1316 5062 θεραπεῦσαι
1346 4991 1424 5062 τῷ
1447 4992 1746 5063 καθαρσίῳ,
1779 4991 1838 5045 τὺ

259 5081 312 5134 δὲ
368 5082 631 5152 περιιδεῖν
683 5081 1084 5153 ἀθεράπευτον
1131 5083 1320 5137 τούτου
1358 5084 1516 5155 χάριν
1559 5087 1658 5154 τῆς
1693 5083 1838 5153 ζωῆς

258 5171 413 5241 ἡμῶν
435 5170 529 5224 δύο
551 5171 786 5242 πέρασιν
813 5172 1152 5243 ἑκατέρωθεν
1176 5173 1581 5244 διειλημμένης,
1611 5175 1673 5227 τὸ
1698 5173 1838 5228 κατὰ

255 5265 348 5335 τὴν
368 5265 545 5336 ἀρχήν
572 5282 717 5336 φημι
756 5266 849 5318 καὶ
878 5265 940 5317 τὸ
962 5265 1133 5329 τέλος,
1163 5265 1285 5319 καθ’
1315 5267 1572 5336 ἑκάτερον
1597 5266 1839 5337 εὑρίσκε-

253 5370 339 5407 ται
373 5355 553 5426 πέρας
588 5356 622 5425 ὴ
674 5353 999 5425 διορθωτικὴ
1055 5356 1155 5424 τῆς
1185 5355 1398 5424 φύσεως
1443 5354 1692 5425 δύναμις,
1744 5356 1838 5409 καὶ

250 5444 345 5516 τῆς
372 5446 553 5518 ἀρχῆς
601 5445 884 5514 ἁψαμένη,
923 5444 1018 5498 καὶ
1069 5445 1232 5517 μέχρι
1275 5444 1370 5498 τοῦ
1413 5446 1599 5509 τέλους
1644 5445 1839 5516 ἑαυτὴν

247 5539 635 5604 ἐπεκτείνασα,
676 5537 773 5591 καὶ
800 5536 870 5589 τὰ
896 5536 981 5590 διὰ
1027 5538 1192 5608 μέσου
1217 5537 1419 5592 τούτων
1450 5539 1628 5592 πάντα
1655 5538 1840 5592 διαλα-

244 5631 436 5690 δοῦσα.
471 5632 626 5696 Mra;
658 5630 716 5684 δέ
769 5630 931 5684 πᾶσιν
973 5627 1278 5702 ἀνθρώποις
1311 5631 1410 5702 τῆς
1451 5633 1530 5697 είς
1556 5631 1652 5704 τὴν
1696 5631 1837 5704 ζωὴν

1946 1797 2150 1861 sarius,
2170 1795 2299 1867 quin
2325 1793 2472 1864 quod
2503 1792 2705 1848 factum
2731 1800 2836 1856 est,
2863 1793 3157 1862 sitjustum
3179 1803 3231 1847 et
3256 1792 3520 1858 salutare,

1944 1888 1992 1944 si
2023 1886 2236 1943 venerit
2283 1885 2350 1939 ad
2400 1899 2624 1940 sensum
2675 1884 2948 1938 beneﬁcii.
3008 1884 3169 1937 Nunc
3220 1883 3366 1937 enim
3410 1897 3522 1953 quo

1945 1976 2108 2032 modo
2134 1977 2227 2046 qui
2269 1983 2327 2029 ut
2372 1984 2656 2038 curentur,
2713 1981 2970 2030 secantur
3005 1985 3058 2029 et
3108 1981 3363 2038 uruntur,
3414 1974 3523 2026 ira-

1944 2072 2173 2121 scuntur
2200 2065 2266 2118 iis
2316 2063 2408 2132 qui
2439 2071 2654 2127 curant,
2689 2071 2744 2115 ut
2781 2063 2986 2133 quibus
3020 2063 3164 2118 acris
3213 2071 3268 2118 et
3325 2077 3519 2134 aspera

1944 2157 2216 2211 sentiatur
2246 2155 2421 2210 sectio
2457 2153 2638 2224 :quod
2677 2155 2722 2208 si
2772 2155 3037 2208 acciderit
3083 2163 3143 2208 ut
3190 2170 3287 2224 per
3320 2155 3369 2208 id
3400 2154 3520 2209 sani

1945 2247 2097 2312 ﬁant,
2128 2254 2181 2300 et
2221 2244 2379 2300 dolor
2405 2252 2648 2301 transeat
2669 2245 2951 2312 sectionis,
2979 2245 3257 2301 habebunt
3284 2245 3517 2316 gratiam

1943 2338 2010 2392 iis
2042 2337 2135 2408 qui
2169 2339 2320 2407 ipsos
2371 2341 2687 2393 curaverint
2732 2337 2969 2393 :eodetn
3027 2337 3190 2392 modo
3247 2352 3370 2391 cum
3421 2352 3520 2408 per

1944 2428 2167 2499 longum
2199 2429 2464 2498 temporis
2499 2429 2767 2483 ambitum
2813 2430 3054 2484 ablatum
3094 2429 3256 2484 fuerit
3306 2437 3518 2484 natura:

1944 2519 2170 2582 malum,
2202 2519 2350 2589 quod
2395 2536 2542 2574 nunc
2569 2531 2655 2575 est
2689 2520 2772 2575 eis
2821 2521 3122 2575 immistum
3155 2528 3209 2575 et
3234 2521 3517 2586 coalitum,

1943 2618 1997 2664 et
2022 2625 2211 2665 eorum
2245 2612 2339 2682 qui
2398 2628 2547 2666 nunc
2575 2612 2762 2681 jacent
2809 2612 2865 2666 in
2919 2611 3101 2676 malis,
3135 2610 3189 2665 in
3231 2611 3516 2681 antiquum

1944 2709 2146 2756 statum
2207 2702 2348 2756 facta
2384 2703 2549 2758 fuerit
2596 2703 2894 2768 restitutio,
2941 2718 3050 2757 una
3108 2718 3242 2757 voce
3288 2710 3520 2772 agentur

1943 2794 2130 2862 gratiae
2163 2794 2231 2847 ab
2261 2794 2516 2848 universa
2551 2801 2825 2857 creatura,
2857 2800 2912 2846 et
2942 2792 3011 2846 ab
3045 2792 3111 2846 iis
3141 2791 3234 2861 qui
3269 2791 3517 2860 castigati

1945 2884 2167 2940 fuerunt
2199 2886 2252 2939 in
2307 2885 2652 2956 purgatione,
2701 2895 2754 2940 et
2795 2885 2864 2940 ab
2921 2884 2989 2941 iis
3033 2884 3124 2955 qui
3183 2901 3254 2939 ne
3292 2885 3515 2938 omnino

1945 2975 2164 3044 quidem
2197 2990 2337 3045 opus
2367 2975 2679 3030 habuerunt
2730 2983 2789 3030 ut
2827 2984 3214 3046 purgarentur.
3283 2975 3408 3029 llaec
3461 2983 3518 3030 et

1946 3081 2065 3134 quae
2111 3073 2241 3120 sunt
2293 3065 2632 3135 hujusmodi,
2668 3067 2839 3121 tradit
2891 3082 3147 3137 magnum
3197 3067 3517 3137 mysterium

1945 3167 2217 3229 suscepta
2253 3175 2284 3214 ιι
2320 3159 2430 3214 1)εο
2483 3159 2862 3215 humanitatis.
2914 3159 3018 3215 Per
3061 3161 3164 3215 hoc
3193 3161 3339 3214 enim
3372 3159 3516 3228 quod

1944 3252 2139 3306 mistus
2189 3250 2291 3304 fuit
2354 3250 2703 3315 humanitati,
2753 3266 2877 3304 cum
2935 3249 3098 3304 fuerit
3147 3251 3204 3306 in
3262 3251 3519 3305 omnibus

1943 3350 2155 3396 natura:
2204 3341 2660 3412 proprietatibus,
2707 3356 2903 3410 nempe
2947 3342 3322 3411 generatione,
3376 3343 3514 3395 edu-

1943 3432 2161 3488 catione
2191 3443 2246 3487 et
2277 3433 2644 3496 incremento,
2671 3440 2725 3487 et
2773 3448 2949 3502 usque
2980 3431 3048 3487 ad
3091 3432 3288 3487 mortis
3325 3447 3520 3502 perva-

1944 3525 2076 3579 serit
2101 3525 2517 3594 experientiam,
2542 3525 2725 3580 cﬁecit
2751 3541 2813 3580 ea
2837 3524 3023 3580 omnia
3047 3541 3169 3596 quae
3193 3525 3346 3596 prius
3371 3525 3517 3580 dicta

1944 3624 2093 3680 sunt,
2119 3625 2172 3670 et
2204 3616 2480 3671 hominem
2521 3633 2551 3671 a
2586 3617 2721 3672 vitio
2768 3616 3034 3680 liberans,
3067 3629 3120 3672 et
3145 3617 3260 3672 vitii
3292 3617 3517 3672 medens

1944 3709 2237 3763 inventori.
2283 3706 2648 3778 Aigritudinis
2695 3709 2843 3763 enim
2895 3709 3108 3764 medela
3207 3715 3290 3764 est
3338 3709 3515 3764 morbl

1945 3801 2219 3874 purgatio,
2260 3800 2475 3856 etiamsi
2504 3801 2575 3853 sit
2608 3800 2904 3855 laboriosa.

2482 3888 2708 3944 CAPUT
2749 3889 2962 3946 XXVII.

2011 3981 2368 4051 Consequens
2395 3988 2579 4036 autem
2616 3991 2753 4046 erat,
2783 3991 2843 4036 ut
2877 3983 2969 4052 qui
3000 3990 3204 4038 nostra;
3247 3982 3516 4040 admisce-

1942 4072 2104 4127 batur
2135 4081 2369 4136 naturae,
2423 4088 2522 4143 per
2556 4088 2748 4127 omnes
2777 4072 2896 4141 ejus
2927 4074 3295 4144 proprietates
3337 4075 3518 4128 susci-

1942 4175 2094 4234 peret
2122 4180 2240 4219 eam
2263 4180 2383 4234 qua:
2408 4164 2692 4220 nobiscum
2723 4163 2886 4218 ﬁebat
2916 4166 3506 4235 contemperationem.

1943 4255 2064 4321 Quo
2100 4256 2263 4311 modo
2292 4257 2436 4310 enim
2472 4257 2566 4325 qui
2605 4255 2839 4311 vestium
2886 4256 3079 4310 sordes
3110 4256 3359 4320 abluunt,
3404 4270 3516 4310 non

1943 4348 2050 4400 alia
2091 4347 2310 4416 quidem
2361 4347 2775 4417 inquinamenta
2823 4353 3186 4411 conservant,
3240 4347 3347 4400 alia
3388 4362 3517 4402 vero

1941 4440 2299 4508 abstergunt;
2335 4439 2430 4494 sed
2468 4439 2536 4494 ab
2578 4439 2736 4493 initio
2787 4437 2853 4491 ad
2910 4438 3068 4492 ﬁnem
3120 4452 3296 4507 usque
3343 4437 3516 4493 totius

1941 4529 2106 4598 panni
2151 4530 2394 4584 maculas
2423 4535 2747 4599 expurgant,
2788 4537 2848 4582 ut
2880 4529 2950 4584 sit
2982 4528 3364 4584 vestimentum
3395 4529 3514 4583 ubi-

1939 4635 2045 4689 que
2079 4621 2322 4690 ejusdem
2363 4621 2548 4690 pretii,
2577 4636 2644 4675 ex
2673 4635 2830 4690 aequo
2872 4621 3121 4675 eﬁ‘ectum
3163 4619 3395 4676 eluendo
3428 4621 3513 4675 ni-

1942 4714 2109 4768 tidum
2143 4721 2196 4768 et
2225 4711 2571 4783 splendidum
2599 4711 2707 4768 :ita
2731 4727 2854 4767 cum
2884 4713 2995 4767 vita
3023 4712 3258 4766 humana
3291 4721 3515 4783 peccato

1939 4814 2085 4861 esset
2131 4807 2440 4876 inquinata,
2475 4816 2529 4861 et
2568 4805 2622 4859 in
2664 4805 2956 4876 principio,
3003 4813 3058 4860 et
3105 4806 3160 4860 in
3208 4806 3334 4873 ﬁne,
3371 4807 3512 4861 etin

1940 4897 2146 4959 medio,
2203 4898 2256 4951 vi
2299 4906 2354 4952 et
2399 4905 2671 4968 potestate
2717 4913 2857 4967 opus
2905 4897 3140 4952 habebat
3185 4915 3280 4968 per
3326 4900 3510 4955 Omnia

1941 4987 2214 5054 abluente,
2251 4999 2306 5044 et
2327 4990 2615 5059 Oportebat
2639 5005 2749 5044 non
2791 4991 2895 5044 hoc
2938 4991 3157 5061 quidem
3181 5006 3508 5060 expurgare,

1942 5078 2073 5133 illud
2124 5095 2252 5133 vero
2291 5081 2606 5150 relinquere
2653 5096 2762 5136 non
2825 5092 3185 5153 expurgatum
3219 5084 3330 5138 :ita
3383 5097 3509 5136 cum

1941 5173 2049 5225 vita
2088 5183 2274 5227 nostra
2309 5173 2527 5228 duobus
2586 5174 2658 5228 sit
2705 5174 3009 5244 intercepta
3059 5174 3281 5237 ﬁnibus,
3318 5187 3510 5240 nempe

1941 5265 2212 5335 principio
2256 5272 2310 5318 el.
2337 5263 2465 5325 ﬁne,
2499 5265 2553 5319 in
2606 5274 2842 5336 utroque
2879 5265 2986 5321 ﬁne
3023 5266 3304 5320 invenitur
3334 5265 3418 5316 vis
3459 5271 3514 5316 et

1940 5365 2188 5426 potestas
2246 5367 2457 5412 natura:
2510 5358 2868 5428 corrigendse,
2926 5365 2988 5412 ut
3040 5374 3161 5427 quae
3207 5363 3262 5410 et
3309 5354 3514 5423 princi-

1941 5447 2090 5517 pium
2132 5448 2397 5518 attigerit,
2443 5455 2497 5502 et
2523 5457 2777 5517 porrecta
2823 5449 2894 5505 sit
2926 5463 3097 5517 usque
3125 5445 3190 5498 ad
3239 5444 3423 5512 ﬁnem,
3461 5455 3516 5501 et

1939 5542 2122 5595 omnia
2153 5555 2277 5611 quae
2314 5547 2444 5594 sunt
2470 5539 2797 5596 intermedia
2840 5538 3212 5608 interceperit.
3243 5538 3381 5593 Cum
3414 5552 3516 5592 au-

1941 5639 2049 5688 tem
2079 5633 2336 5689 omnibus
2372 5632 2688 5689 hominibus
2733 5647 2878 5688 unus
2923 5631 2995 5687 sit
3029 5631 3084 5687 in
3117 5633 3280 5688 vitam
3312 5632 3517 5699 aditus,
