4006 6148
511 265 576 321 71
1845 241 2172 300 CREGOBH
2198 239 2491 295 NYSSENI
3679 230 3748 284 72

511 387 781 441 undenam
824 381 1108 452 Oportebat.
1161 393 1282 430 eum
1333 375 1424 444 qui
1479 374 1542 426 ad
1603 388 1702 426 nos
1754 371 2076 440 ingreditur,

2207 366 2340 436 ῦσης
2377 361 2631 433 παρόδου,
2667 359 2826 411 πόθεν
2873 357 2976 408 ἔδει
3026 355 3115 406 τὸν
3149 351 3381 405 εἰσιόντα
3427 349 3562 420 πρὸς
3609 351 3748 420 ἡμᾶς

512 481 565 533 in
606 479 710 531 vita
749 472 1046 528 collocari?
1095 468 1165 522 Ex
1217 467 1357 521 (-urlo
1407 466 1480 520 ait
1515 462 1745 518 fortasse
1784 462 1875 532 qui
1913 477 2081 531 genus

516 571 768 623 humanzc
813 562 1043 633 originis
1075 560 1293 629 despuit
1339 567 1600 626 tanquam
1634 563 1792 625 turpe
1845 563 1896 608 et
1932 552 2082 622 abje-

513 667 682 713 ctum.
728 655 832 710 Sed
861 655 915 707 in
951 653 1092 707 coelo
1123 667 1230 705 non
1265 657 1419 704 erant
1447 648 1731 713 homines;
1763 660 1862 700 nec
1895 645 1948 698 in
1975 645 2084 698 vita

512 745 956 818 supermundana
993 743 1317 798 versabatur
1347 740 1574 794 morbus
1603 739 1739 792 vitii.
1770 735 1872 802 Qui
1906 745 2084 790 autem

514 855 639 892 tum
694 836 913 890 homine
957 833 1438 894 commiscebatur,
1479 830 1598 900 ejus
1627 837 1745 884 erat
1796 842 1996 898 scopus
2035 834 2089 880 et

515 928 826 982 institutum
880 926 934 979 in
983 925 1072 978 illa
1121 923 1657 993 contemperatione,
1703 929 1760 974 ut
1809 920 2092 990 prodesset

518 1020 749 1073 homini.
789 1017 888 1072 Ubi
927 1032 1054 1084 ergo
1090 1032 1196 1070 non
1238 1023 1357 1071 erat
1391 1015 1614 1078 malum,
1651 1028 1826 1082 neque
1876 1013 1948 1065 ibi
1982 1013 2089 1063 vita

517 1112 811 1181 (legebatur
840 1111 1098 1172 hmnana,
1145 1106 1606 1181 quemadmodum
1649 1105 1890 1174 postulat
1937 1102 2091 1172 quis-

519 1204 686 1273 piam,
738 1212 794 1254 ut
825 1199 989 1253 homo
1026 1199 1175 1251 illinc
1226 1196 1334 1250 Deo
1383 1195 1770 1264 conjungatur,
1821 1193 1929 1246 imo
1965 1205 2092 1245 vero

521 1292 625 1344 non
677 1293 858 1348 homo,
899 1287 992 1343 sed
1043 1286 1265 1356 aliquod
1319 1284 1696 1346 simulacrum,
1746 1289 1800 1336 et
1846 1281 2091 1352 quazdam

521 1383 822 1441 similitudo
859 1381 1140 1436 hominis?

594 1559 851 1624 Quaenam
891 1564 1070 1609 autem
1112 1553 1265 1605 ﬁeret
1313 1556 1514 1602 nostrae
1561 1553 1773 1600 naturae
1804 1542 2093 1608 correctio,

523 1649 570 1705 si
604 1663 729 1702 cum
775 1651 1034 1699 terrestre
1065 1645 1383 1712 aagrotasset
1430 1635 1654 1694 animal,
1702 1633 1916 1703 aliquod
1950 1633 2095 1686 aliud

2183 455 2488 524 οἰκισθῆναι
2524 452 2600 519 τῷ
2643 452 2770 522 life);
2817 449 2905 513 Ἐξ
2929 444 3178 518 οὐρανοῦ,
3203 444 3336 512 φησὶ
3369 442 3528 510 τυχὴν
3569 442 3597 493 ὁ
3637 441 3749 494 δια-

2186 547 2474 608 πτύωνώς
2505 544 2725 614 αἰσχρόν
2753 558 2811 594 τε
2841 539 2933 594 καὶ
2967 537 3147 604 ἄδοξον
3177 536 3238 589 τὸ
3269 530 3405 597 εἶδος
3429 534 3524 602 τῆς
3549 533 3752 602 ἀνθρω·

2187 641 2346 710 πίνης
2370 639 2657 706 γενέσεως.
2701 634 2837 687 Ἀλλ’
2865 633 2962 686 οὐκ
2982 628 3049 702 ἦν
3074 633 3130 683 ἐν
3155 627 3366 700 οὐρανῷ
3389 627 3449 679 τὸ
3483 623 3751 696 ἀνθρώπια

2187 748 2309 786 νον·
2344 730 2463 783 οὐδέ
2499 747 2583 793 τις
2628 729 2685 781 ἑν
2722 729 2787 797 τῇ
2822 724 3175 796 ὑπερκοσμίῳ
3218 723 3328 792 ζωῇ
3384 719 3581 781 κακίας
3606 718 3753 782 νόσος

2189 820 2576 892 ἐπεχωρίασεν.
2621 818 2678 870 ’0
2723 817 2779 869 δὲ
2822 815 2900 886 τῷ
2944 812 3214 885 ἀνθρώπῳ
3263 807 3752 880 καταμιγνύμενος,

2190 913 2265 984 τῷ
2297 912 2481 982 σκοπῷ
2513 912 2611 979 τῆς
2638 909 2901 979 ὠφελείας
2933 907 3164 958 ἐποιεῖτο
3194 904 3293 974 τὴν
3341 900 3753 970 συνανάκρασιν.

2197 1004 2366 1058 Ἔνθα
2390 1005 2567 1058 τοίνυν
2591 1003 2652 1056 τὸ
2682 1000 2848 1055 κακὸν
2880 1000 2979 1053 οὐκ
3006 995 3093 1068 ἦν,
3125 996 3246 1049 οὐδὲ
3281 993 3616 1064 ἀνθρώπινος
3639 993 3756 1044 ἐπο-

2192 1103 2430 1157 λιτεύετο
2455 1101 2585 1171 βίος,
2609 1099 2722 1162 πῶς
2747 1097 2987 1165 ἐπιζητεί
3010 1111 3090 1156 τις
3126 1091 3331 1144 ἐκεῖθεν
3360 1089 3435 1157 τῷ
3460 1086 3580 1157 Θεῷ
3613 1104 3758 1156 περι-

2195 1194 2464 1263 πλακῆναι
2503 1192 2590 1251 τὸν
2629 1190 2932 1261 ἄνθρωπον,
2981 1185 3180 1256 μᾶλλον
3221 1183 3276 1234 δὲ
3309 1181 3428 1250 οὐχὶ
3458 1179 3756 1250 ἄνθρωπον,

2195 1283 2327 1338 ἀλλὰ
2350 1280 2636 1354 ἀνθρώπου
2667 1299 2719 1333 τι
2745 1278 2960 1332 εἴδωλον
2987 1277 3078 1331 καὶ
3107 1274 3351 1345 ὁμοίωαα
3375 1288 3389 1336 ;

2269 1551 2363 1614 Τίς
2386 1551 2429 1602 δ’
2458 1549 2521 1604 ἄν
2542 1547 2754 1616 ἐγένετο
2781 1545 2875 1615 τῆς
2906 1544 3114 1613 φύσεως
3151 1538 3360 1608 ἡμῶνὴ
3391 1535 3692 1606 διόρθωσις,
3716 1532 3762 1584 εί

2199 1641 2291 1694 τοῦ
2328 1639 2569 1707 ἐπιγείου
2609 1636 2746 1701 ζὼου
2773 1633 3137 1702 νενοσηκότος,
3172 1628 3353 1700 ἕτερόν
3382 1644 3432 1678 τι
3467 1626 3578 1678 τῶν
3603 1624 3761 1692 οὐρα·

524 1759 591 1798 cx
631 1739 949 1795 coelestibus
976 1735 1218 1789 divinum
1248 1732 1587 1800 suscepisset
1614 1725 1951 1782 adventum?
1975 1723 2094 1778 Non

2207 1734 2323 1787 νίων
2355 1730 2450 1802 τὴν
2482 1729 2630 1782 θείαν
2661 1725 2952 1796 ἐπιδημίαν
2979 1722 3222 1788 ἐδέξατο;
3252 1720 3365 1771 Οὐκ
3397 1717 3513 1769 ἔστι
3546 1717 3650 1784 γὰρ
3678 1712 3761 1764 θε-

525 1840 704 1906 potest
761 1831 906 1886 enim
955 1827 1070 1882 ﬁeri
1123 1834 1182 1880 ut
1234 1833 1458 1879 curetur
1512 1822 1654 1892 quod
1705 1821 1939 1880 laborat,
1989 1819 2093 1871 nisi

527 1942 655 1996 pars
689 1924 944 1978 laborans
972 1918 1246 1989 propriam
1281 1931 1343 1969 ac
1373 1914 1701 1985 peculiarem
1729 1911 1966 1980 accipiat
2000 1924 2098 1964 cu-

529 2019 818 2070 rationem.
852 2010 908 2066 Si
945 2025 1073 2080 ergo
1116 2007 1260 2078 quod
1299 2006 1584 2060 laborabat
1628 2003 1872 2073 quidem,
1903 2001 2098 2057 fuisset

529 2109 584 2161 in
632 2115 814 2170 terra;
853 2103 1030 2158 virtus
1078 2108 1258 2153 autem
1301 2098 1483 2151 divina
1520 2097 1571 2149 id
1621 2095 1766 2165 quod
1817 2095 2101 2147 laborabat

531 2197 759 2250 minimc
805 2193 1094 2263 attigisset,
1135 2189 1410 2257 aspiciens
1462 2187 1527 2239 ad
1565 2185 1615 2238 id
1653 2185 1797 2254 quod
1837 2184 2096 2250 decebat;

534 2289 726 2343 fuisset
768 2287 926 2354 plane
955 2281 1161 2336 homini
1199 2279 1391 2333 inutile
1440 2277 1637 2331 divinae
1667 2276 1888 2330 virtutis
1935 2288 2099 2343 nego-

531 2382 689 2442 tium,
725 2379 779 2431 in
812 2376 880 2430 iis
931 2387 1156 2428 versans
1197 2384 1318 2439 quae
1358 2367 1642 2421 nobiscum
1687 2366 1890 2419 nullam
1939 2364 2102 2418 habe-

533 2473 662 2524 bant
695 2466 1154 2522 communionem.
1184 2463 1240 2515 ln
1283 2459 1569 2512 Dirinitate
1607 2457 1744 2512 enim
1779 2473 1931 2526 (eque
1966 2454 2100 2508 luis-

534 2575 616 2617 set
654 2563 990 2623 indecorum,
1044 2558 1086 2612 si
1132 2555 1348 2623 quidem
1388 2552 1468 2605 fas
1513 2558 1596 2604 est
1632 2550 1856 2602 omnino
1893 2548 2097 2617 aliquid

535 2655 679 2708 aliud
715 2654 955 2722 cegitarc
1004 2648 1341 2708 indecorum,
1386 2651 1580 2713 prieter
1628 2642 1840 2704 vitium,
1882 2641 1928 2693 ei
1982 2641 2103 2709 qui-

538 2746 659 2799 dem
699 2744 790 2812 qui
833 2741 1035 2811 pusillo
1069 2748 1119 2791 et
1152 2739 1360 2805 ahjecto
1412 2735 1591 2787 animo
1616 2732 1850 2786 divinam
1897 2733 1952 2786 in
2001 2733 2103 2785 hoc

537 2836 725 2891 statuit
756 2832 1091 2900 maiestatem
1127 2838 1179 2883 et
1219 2825 1656 2896 amplitudinem,
1709 2823 1851 2893 quod
1902 2837 2104 2878 nostrae

538 2937 749 2985 naturae
811 2925 1202 2996 proprietatum
1267 2922 1490 2976 minime
1540 2920 1778 2988 aliquam
1839 2917 2105 2988 suscipiat

539 3020 1114 3083 communicationem,
1152 3014 1323 3070 nihilo
1349 3010 1684 3067 tolerabilior
1728 3007 1945 3062 videtur
1984 3022 2106 3063 esse

2200 1822 2533 1896 ραπευθῆναι
2561 1821 2650 1872 τὸν
2691 1817 2986 1887 κάμνοντα,
3025 1815 3096 1884 μὴ
3127 1812 3217 1865 τοῦ
3258 1809 3543 1869 πονοῦντος
3575 1807 3762 1877 μέρους

2202 1913 2503 1979 ἰδιαζόντως
2524 1909 2814 1979 δεξαμένου
2844 1908 2940 1975 τὴν
2961 1906 3120 1959 ἴασιν.
3145 1905 3206 1956 Ei
3241 1897 3331 1954 οὖν
3360 1901 3419 1953 τὸ
3451 1901 3549 1970 μὲν
3569 1898 3765 1967 κάμνον

2199 2005 2290 2056 ἐπὶ
2338 2003 2439 2072 γῆς
2483 1996 2569 2072 ἦν,
2606 2003 2637 2070 ἡ
2686 1999 2740 2051 δὲ
2781 1996 2899 2049 θεία
2933 1995 3158 2064 δύναμις
3204 1992 3297 2045 τοῦ
3347 1991 3646 2060 κάμνοντος
3696 1985 3765 2053 μὴ

2200 2094 2463 2165 ἐφήψατο,
2507 2091 2640 2162 πρὸς
2687 2090 2744 2142 τὸ
2780 2088 2978 2156 εαυτῆς
3025 2086 3294 2156 βλέπουσα
3328 2083 3556 2151 πρέπον,
3603 2079 3767 2148 ἀχρη-

2202 2203 2323 2248 στος
2353 2179 2420 2255 ἦν
2456 2182 2532 2253 τῷ
2567 2181 2837 2250 ἀνθρώπῳ
2883 2180 2916 2248 ἡ
2949 2178 3074 2248 περὶ
3104 2176 3168 2228 τὰ
3215 2175 3375 2245 μηδὲν
3409 2175 3539 2242 ἡμῖν
3570 2175 3756 2222 ἐπικοι-

2200 2275 2469 2329 νωνοῦντα
2499 2273 2596 2342 τῆς
2640 2270 2785 2332 θείας
2818 2269 3096 2338 δυνάμεως
3139 2265 3381 2335 ἀσχολία.
3414 2263 3486 2314 Τὸ
3536 2263 3632 2332 μὲν
3664 2259 3769 2328 γὰρ

2203 2367 2468 2438 ἀπρεπὲς,
2502 2364 2592 2415 ἐπὶ
2621 2363 2717 2433 τῆς
2740 2361 2998 2428 Θεότητος
3030 2353 3166 2421 ἴσον,
3203 2354 3360 2425 εἴπερ
3393 2354 3525 2415 ὅλως
3555 2351 3772 2420 θεμιτόν

2202 2458 2350 2509 ἐστιν
2400 2456 2526 2509 ἄλλο
2570 2472 2620 2506 τι
2669 2451 2818 2522 παρὰ
2858 2452 2955 2521 τὴν
3008 2449 3202 2503 κακίαν
3257 2447 3500 2517 ἀπρεπὲς
3550 2445 3769 2501 ἐννοεῖν,

2205 2548 2342 2615 πλὴν
2385 2547 2462 2615 τῷ
2519 2543 2866 2615 μικροψύχως
2907 2543 2962 2594 ἐν
3012 2541 3182 2610 τούτῳ
3213 2539 3447 2610 κρίνοντι
3479 2538 3573 2605 τὴν
3623 2532 3772 2586 θείαν

2206 2635 2616 2707 μεγαλειότητα,
2647 2634 2702 2685 ἐν
2750 2631 2825 2702 τῷ
2857 2632 2929 2702 μὴ
2972 2630 3221 2696 δέξασθαι
3271 2627 3378 2680 τῶν
3418 2627 3515 2693 τῆς
3561 2624 3772 2694 φύσεως

2204 2727 2359 2796 ἡμῶν
2394 2725 2697 2795 ἰδιωμάτων
2727 2723 2823 2794 τὴν
2850 2721 3152 2783 κοινωνίαν,
3184 2718 3332 2771 οὐδὲν
3365 2715 3562 2786 μᾶλλον
3600 2731 3774 2786 παρα-

2208 2817 2453 2890 μυθεῖται
2495 2816 2555 2868 τὸ
2589 2816 2772 2881 ἄδοξον
2807 2813 3042 2885 οὐρανίῳ
3084 2809 3317 2880 σώματι,
3350 2810 3382 2878 ἢ
3428 2806 3652 2876 ἐπιγείῳ
3681 2822 3772 2858 συ-

2207 2908 2636 2980 σχηματισθῆναι
2664 2907 2724 2959 τὸ
2747 2906 2918 2959 Θεῖον.
2955 2903 3061 2956 Τοῦ
3093 2902 3200 2974 γὰρ
3227 2900 3448 2970 {id/ictae
3481 2897 3574 2951 καὶ
3609 2895 3775 2966 ἀπρο-

2208 3002 2354 3054 σίτου
2391 3001 2530 3054 κατά
2557 3000 2617 3052 τὸ
2651 2998 2781 3068 ὕψος
2810 2999 2904 3068 τῆς
2934 2995 3165 3064 φύσεως,
3199 2995 3231 3062 ἡ
3259 2991 3434 3053 κτίσις
3465 2991 3613 3043 πᾶσα
3641 2985 3775 3041 κατά

539 3111 823 3183 turpitudo
847 3119 900 3165 et
925 3107 1186 3169 dedecus,
1225 3103 1368 3175 quod
1415 3102 1557 3157 Deus
1587 3099 1826 3156 caelestis
1858 3099 2104 3170 corporis

2209 3091 2269 3144 τὸ
2291 3087 2407 3144 ἴσον
2449 3091 2539 3143 ἐπὶ
2569 3091 2628 3142 τὺ
2675 3088 2821 3141 κάτω
2859 3087 3152 3154 ἀιξέστηκε,
3188 3082 3281 3134 καὶ
3325 3081 3600 3150 ὁμοτίμως
3632 3076 3775 3147 αὐτῷ

541 3203 767 3275 ﬁguram
799 3200 1103 3269 susceperit
1144 3212 1305 3268 quam
1349 3194 1650 3250 terrestris.
1683 3191 1763 3245 Ab
1808 3191 1928 3261 ejus
1966 3190 2108 3245 enim

539 3298 633 3368 qui
681 3303 766 3351 est
815 3293 1139 3353 altissimus,
1188 3299 1242 3343 et
1293 3288 1358 3342 ad
1399 3287 1557 3356 cujus
1611 3282 1951 3336 altitudinem
2001 3295 2107 3334 non

543 3394 685 3456 patet
721 3383 922 3442 aditus,
971 3386 1167 3433 natura
1217 3393 1282 3431 ex
1318 3389 1472 3442 aequo
1522 3372 1688 3426 distat
1747 3370 1924 3422 omnis
1958 3383 2111 3421 crea-

543 3485 686 3535 tura,
720 3476 924 3526 etsunt
953 3467 1135 3521 omnia
1181 3465 1226 3518 ei
1273 3462 1556 3532 aequaliter
1597 3459 1860 3527 subjecta.
1894 3457 2024 3510 Nam
2057 3458 2109 3511 id

543 3562 684 3631 quod
719 3569 803 3616 est
850 3553 1144 3628 ejusmodi,
1195 3561 1253 3606 ut
1299 3553 1362 3605 ad
1413 3551 1464 3604 id
1503 3550 1727 3604 omnino
1778 3563 1885 3602 non
1932 3556 2112 3618 pateat

542 3655 744 3716 aditus,
784 3666 888 3704 non
925 3649 1084 3703 alicui
1117 3645 1335 3718 quidem
1381 3643 1585 3715 praebet
1629 3641 1856 3704 aditum,
1908 3641 2112 3711 aliquid

543 3759 669 3797 vero
699 3742 762 3795 ad
794 3741 970 3809 ipsum
1017 3753 1122 3792 non
1157 3744 1332 3807 potest
1377 3733 1848 3806 appropinquare;
1899 3733 1992 3787 sed
2046 3748 2112 3786 ex

544 3849 699 3902 mque
735 3832 988 3884 universa
1026 3844 1145 3898 quae
1184 3835 1332 3888 sunt,
1370 3832 1592 3896 superat
1633 3831 1689 3878 et
1727 3825 2109 3894 supereminet.

546 3925 729 3990 Neque
763 3935 893 3989 ergo
934 3927 1078 3972 terra
1113 3925 1198 3972 est
1229 3917 1490 3971 remotior
1527 3930 1554 3967 a
1604 3929 1857 3984 suprema
1908 3915 1997 3968 illa
2029 3913 2113 3967 di-

545 4014 769 4084 gnitate,
820 4026 994 4080 neque
1053 4009 1248 4064 caelum
1311 4006 1708 4076 propinquius;
1757 4021 1934 4075 neque
1986 4022 2110 4076 qua:

548 4106 712 4157 vitam
745 4102 947 4173 degunt
977 4100 1032 4153 in
1063 4108 1290 4166 utroque
1325 4097 1610 4159 elemento,
1645 4095 1745 4149 hac
1787 4095 1838 4148 in
1874 4111 1930 4147 re
1953 4096 2112 4164 quid--

548 4212 709 4267 quam
739 4211 767 4249 a
809 4211 866 4250 se
895 4193 1128 4247 invicem
1157 4189 1437 4250 differunt,
1474 4196 1532 4241 ut
1565 4188 1666 4240 alia
1700 4186 1916 4256 quidem
1951 4187 2115 4240 attin-

545 4299 676 4361 gant
717 4298 967 4342 naturam
1003 4283 1068 4337 ad
1112 4295 1270 4350 quam
1297 4293 1401 4333 non
1432 4285 1576 4348 patet
1605 4279 1802 4340 aditus,
1851 4277 1954 4329 alia
1986 4293 2114 4332 vero

547 4383 616 4434 ab
665 4395 726 4434 ea
784 4383 1160 4434 secernantur.
1228 4371 1361 4427 Nam
1432 4371 1513 4424 sic
1566 4369 1781 4438 quidem
1833 4369 2111 4422 existima-

549 4487 754 4533 remus,
786 4472 894 4522 vim
926 4469 1073 4521 illam
1120 4481 1183 4519 ac
1216 4469 1536 4533 potestatem
1577 4475 1698 4529 quae
1730 4460 1913 4512 omnia
1938 4459 2116 4512 conti-

550 4572 664 4623 net,
720 4576 827 4613 non
865 4577 928 4612 ex
980 4573 1134 4626 aequo
1183 4571 1278 4624 per
1308 4553 1488 4607 omnia
1536 4551 1868 4622 pervadere;
1921 4549 2014 4604 sed
2061 4551 2112 4603 in

549 4654 672 4706 aliis
731 4650 949 4718 quidem
999 4663 1117 4701 eam
1187 4661 1310 4699 esse
1359 4642 1844 4708 abundantiorem;
1897 4641 1949 4694 in
1995 4641 2117 4696 aliis

549 4754 678 4791 vero
709 4738 878 4806 magis
909 4733 1172 4797 deﬁcere;
1197 4743 1244 4784 et
1283 4746 1349 4784 ex
1384 4729 1612 4798 majoris
1643 4729 1980 4798 minorisque
2015 4727 2119 4783 dif-

550 4825 777 4881 ferentia
811 4823 1143 4892 compositus
1170 4836 1235 4874 ex
1265 4819 1618 4888 consequenti
1641 4819 1922 4888 apparebit
1952 4818 2115 4885 Deus,

551 4926 610 4969 ut
659 4917 751 4984 qui
801 4915 904 4969 sibi
932 4913 1035 4983 ipsi
1094 4927 1203 4966 non
1242 4912 1552 4972 conveniat.
1605 4911 1875 4980 siquidem
1925 4912 2116 4982 procul

549 5022 672 5061 esse
720 5020 751 5059 a
807 5005 970 5059 nobis
1011 5004 1356 5058 existimetur
1393 5003 1604 5056 ratione
1658 5011 1899 5070 natum;
1953 5003 2115 5056 alicui

550 5107 732 5152 autem
784 5095 873 5150 alii
918 5095 1384 5164 appropinquans,
1436 5108 1499 5148 ex
1529 5108 1595 5148 eo
1640 5094 1782 5162 quod
1818 5109 1983 5163 prope
2022 5093 2114 5156 sit,

551 5191 708 5244 facile
739 5188 914 5260 possit
943 5185 1294 5256 apprehendi.
1333 5185 1437 5239 Sed
1472 5201 1596 5240 vera
1626 5187 1787 5250 ratio,
1813 5187 1868 5240 in
1901 5186 2116 5241 excelsa

548 5293 603 5336 et
634 5281 853 5337 sublimi
895 5279 984 5332 illa
1013 5279 1357 5338 auctoritate.
1388 5293 1564 5348 neque
1599 5279 1854 5334 deorsum
1897 5278 2116 5347 aspicit,

550 5390 727 5443 neque
748 5387 967 5428 sursum
1003 5386 1101 5440 per
1126 5372 1608 5440 comparationem.
1647 5369 1841 5424 Omnia
1869 5369 2014 5423 enim
2047 5383 2113 5422 ex

549 5480 704 5533 aequo
737 5475 865 5517 sunt
904 5463 1148 5532 subjecta
1180 5463 1431 5531 potestati
1462 5463 1538 5516 illi
1575 5478 1694 5533 quae
1720 5469 1915 5530 praeest
1940 5459 2117 5513 omni-

2209 3183 2270 3235 τὸ
2307 3184 2413 3235 πᾶν
2459 3180 2786 3247 ὑποϐέϐηκε.
2837 3177 2911 3228 Τὸ
2953 3175 3060 3246 γὰρ
3105 3173 3332 3227 καθόλου
3380 3171 3690 3242 ἀπρόσιτον,
3715 3168 3774 3220 οὐ

2209 3273 2314 3324 τινὶ
2360 3272 2457 3342 μέν
2486 3273 2600 3323 ἐστι
2633 3267 2905 3338 προσιτὸν,
2933 3265 3011 3335 τῷ
3042 3265 3098 3318 δὲ
3139 3264 3586 3335 ἀπροσπέλαστον
3607 3302 3621 3327 ,
3665 3260 3775 3314 ἀλλ’

2210 3363 2404 3431 ἐπίσης
2434 3363 2647 3415 πάντων
2679 3359 2787 3412 τῶν
2825 3359 2992 3411 ὄντων
3029 3357 3489 3428 ὑπερανέστηκεν.
3523 3353 3657 3409 Οῦτε
3687 3347 3776 3404 οῦν

2209 3456 2242 3523 ἡ
2280 3457 2348 3523 γῆ
2386 3452 2710 3524 πορρωτέρω
2743 3451 2838 3520 τῆς
2867 3449 3021 3516 ἀξίας
3053 3448 3186 3514 ἐστὶ,
3225 3448 3346 3502 οὕτε
3389 3449 3616 3522 οὐρανὸς
3645 3445 3777 3514 πλη-

2213 3547 2506 3616 σιέστερος,
2535 3543 2657 3596 οὔτε
2685 3543 2753 3596 τὰ
2788 3545 2845 3596 ἐν
2881 3542 3123 3613 ἑκατέρῳ
3145 3541 3250 3594 τῶν
3283 3543 3560 3612 στοιχείων
3591 3539 3778 3592 ἐνδιαι-

2211 3637 2449 3709 τώμενα,
2473 3637 2718 3706 διαφέρει
2748 3653 2799 3688 τι
2828 3634 3070 3705 ἀλλήλων
3102 3637 3157 3688 ἐν
3184 3632 3260 3704 τῷ
3299 3634 3456 3705 μέρει
3485 3633 3680 3702 τούτῳ,
3707 3629 3780 3692 ὡς

2212 3729 2279 3782 τὰ
2309 3729 2407 3800 μὲν
2435 3726 2770 3797 ἐφάπτεσθαι
2792 3727 2888 3796 τῆς
2910 3725 3200 3796 ἀπροσίτου
3231 3724 3463 3794 φύσεως,
3486 3723 3554 3776 τά
3578 3723 3632 3775 δέ
3659 3723 3782 3773 ἀπο-

2213 3819 2510 3891 κρίνεσθαι,
2543 3818 2575 3887 ἢ
2606 3817 2729 3871 οὔτε
2760 3818 2810 3887 γ’
2833 3817 2896 3871 ἂν
2931 3821 3064 3888 μήτε
3097 3817 3183 3871 διὰ
3222 3818 3435 3872 πάντων
3478 3816 3671 3884 ἐπίσης
3707 3813 3782 3864 δι-

2215 3911 2370 3981 ήκειν
2395 3909 2493 3980 τὴν
2525 3908 2585 3961 τὸ
2618 3909 2724 3962 πᾶν
2762 3907 3157 3979 ἐπικρατοῦσαν
3185 3907 3411 3977 δύναμιν
3460 3906 3781 3974 ὑπονοήσαι-

2219 4019 2335 4073 μεν,
2367 4002 2477 4055 ἀλλ’
2509 4001 2564 4053 ἓν
2605 4019 2713 4055 τισι
2749 3994 3164 4064 πλεονάζουσαν,
3199 4000 3254 4054 ἐν
3283 3999 3490 4069 ἑτέροις
3522 3995 3781 4051 ἐνδεεστέ-

2219 4109 2315 4162 ραν
2345 4088 2502 4154 εἷναι,
2539 4093 2630 4144 καὶ
2653 4095 2718 4163 τῇ
2758 4092 2892 4162 πρὸς
2920 4091 2979 4145 τὸ
3017 4090 3234 4143 ἔλαττόν
3273 4107 3331 4142 τε
3373 4091 3466 4142 καὶ
3504 4089 3662 4141 πλέον
3691 4085 3781 4139 καὶ

2214 4177 2373 4254 ἦττον
2419 4183 2651 4255 διαφορᾷ
2690 4184 2942 4236 σύνθετον
2983 4184 3046 4235 ἐκ
3093 4182 3183 4234 τοῦ
3213 4182 3504 4235 ἀκολούθου
3536 4182 3594 4234 τὸ
3631 4180 3781 4232 Θεῖον

2215 4276 2640 4345 ἀναφανήσεται,
2669 4275 2799 4328 αὐτὸ
2825 4274 2958 4346 πρὸς
2989 4273 3148 4327 ἑαυτὸ
3182 4273 3254 4344 μὴ
3279 4273 3590 4343 συμϐαῖνον,
3627 4273 3782 4341 εἴπερ

2217 4365 2371 4434 ἡμῶν
2408 4365 2686 4435 πόρρωθεν
2739 4366 3013 4418 ὑπονοοῖτο
3062 4361 3198 4417 εἶναι
3243 4364 3318 4434 τῷ
3371 4364 3514 4434 λόγῳ
3558 4364 3655 4433 τῆς

2222 4474 2358 4519 σεως
2381 4474 2392 4488 ·
2435 4459 2604 4528 ἑτέρῳ
2633 4457 2690 4511 δέ
2720 4476 2822 4511 τινι
2863 4458 3128 4526 γειτνιῶν,
3174 4458 3264 4508 καὶ
3297 4457 3559 4527 εῦληπτος
3599 4457 3662 4508 ὲκ
3693 4452 3783 4507 τοῦ

2223 4549 2485 4618 σύνεγγυς
2537 4551 2790 4618 γίγνοιτο.
2841 4550 2978 4601 Ἀλλ’
3017 4551 3044 4602 ὁ
3086 4549 3288 4620 ἀληθὴς
3339 4550 3494 4618 λόγος
3550 4550 3638 4602 ἐπὶ
3689 4548 3785 4617 τῆς

2216 4640 2426 4710 ὑψηλῆς
2467 4641 2645 4707 ἀξίας,
2696 4640 2815 4693 οῦτε
2867 4642 3013 4694 κάτω
3054 4641 3234 4710 βλέπει
3285 4641 3371 4693 διὰ
3425 4639 3781 4708 συγκρίσεως,

2215 4732 2336 4786 οὕτε
2371 4734 2500 4788 ἄνω.
2535 4734 2718 4787 Πάντα
2762 4733 2868 4802 γὰρ
2896 4733 3036 4786 κατὰ
3083 4732 3141 4784 τὸ
3180 4728 3297 4785 ἶσον
3328 4732 3424 4802 τὴν
3463 4733 3553 4786 τοῦ
3592 4729 3785 4790 παντὸς

2217 4823 2611 4878 ἐπιστατοῦσαν
2633 4824 2859 4894 δύναμιν
2885 4823 3239 4892 ὑποϐέϐηκεν.
3285 4823 3442 4873 ’Ὥστε
3473 4821 3520 4872 εί
3548 4820 3645 4889 τὴν
3671 4819 3786 4872 ἐπί-

2218 4933 2364 4985 γειον
2419 4915 2578 4984 φυσιν
2631 4916 2853 4980 ἀναξίαν
2896 4915 2994 4984 τῆς
3044 4915 3177 4985 πρὸς
3220 4914 3280 4966 τὸ
3318 4913 3468 4965 Θεῖον
3518 4913 3784 4981 οἰήσονται

2219 5007 2553 5078 συμπλοκῆς,
2581 5006 2688 5058 οὐδ’
2707 5007 2771 5060 ἂν
2789 5006 2920 5076 άλλη
2942 5023 3028 5068 τις
3058 5005 3302 5076 εὑρεθείη
3325 5021 3376 5056 τι
3402 5003 3549 5067 ἀξιον
3571 5002 3781 5074 ἔχουσα.

2216 5094 2280 5149 Ei
2306 5094 2362 5148 δὲ
2390 5095 2582 5164 ἐπίσης
2611 5094 2788 5147 πάντα
2808 5095 2904 5164 τῆς
2924 5094 3076 5161 ἀξίας
3103 5093 3558 5164 ἀπολιμπάνεται,
3587 5090 3786 5164 ἐμπρέ-

2217 5203 2318 5240 πον
2366 5186 2482 5238 ἐστὶ
2515 5184 2592 5255 τῷ
2622 5185 2742 5254 Θεῷ
2775 5185 2836 5238 τὸ
2867 5185 3172 5255 εὐεργετεῖν
3216 5185 3303 5238 τὸν
3343 5186 3625 5255 δεόμενον·
3657 5184 3784 5235 ὅπου

2219 5277 2399 5331 τοίνυν
2428 5273 2495 5347 ἦν
2529 5278 2561 5347 ή
2589 5277 2760 5340 νόσος,
2793 5277 2907 5328 ἐκεῖ
2942 5276 3193 5345 φοιτῆσαι
3230 5278 3327 5347 τὴν
3363 5278 3597 5348 ἰωμένην
3634 5274 3786 5327 δύνα-

2226 5383 2316 5436 μιν
2347 5364 2752 5436 ὁμολογοῦντες,
2775 5365 2827 5417 τί
2856 5363 2959 5430 ἔξω
2983 5365 3080 5436 τῆς
3106 5363 3443 5437 θεοπρεποῦς
3472 5361 3786 5432 ὑπολήψεως

2224 5455 2666 5524 πεπιστεύκαμεν
2682 5471 2698 5519 ς

552 5557 672 5610 bus.
740 5555 1103 5620 Quamobrem
1148 5555 1194 5609 si
1264 5562 1575 5611 terrestrem
1658 5561 1909 5608 naturam
1975 5547 2371 5605 existimabunt
2411 5547 2689 5617 indignam
2737 5563 2859 5617 qua:
2895 5562 3018 5602 cum
3053 5547 3162 5604 Deo
3214 5553 3585 5607 connectatur,
3615 5556 3787 5609 neque

550 5651 660 5707 ulla
707 5650 1011 5705 invenietur
1062 5651 1242 5720 digita.
1299 5650 1454 5716 Quod
1503 5653 1547 5706 si
1602 5665 1666 5705 ex
1712 5661 1868 5718 teque
1930 5644 2112 5699 omnia
2152 5651 2278 5697 sunt
2323 5641 2594 5709 indigna:
2663 5657 2831 5698 unum
2891 5651 3164 5716 superest,
3215 5643 3359 5714 quod
3411 5639 3520 5692 Deo
3587 5647 3788 5690 conve-
