  <div class='ocr_page' id='page_1' title='image "/cluster/home/n/w/nwhite01/storage/ocr_20150623/45/mdp.39015011921478/047.png"; bbox 0 0 4006 6148; ppageno 0'>
   <div class='ocr_carea' id='block_1_1' title="bbox 410 201 3711 281">
    <p class='ocr_par' dir='ltr' id='par_1_1' title="bbox 410 201 3711 281">
     <span class='ocr_line' id='line_1_1' title="bbox 410 201 3711 281; baseline -0.008 0"><span class='ocrx_word' id='word_1_1' title='bbox 410 228 500 281; x_wconf 77' lang='grc'><strong>·75</strong></span> <span class='ocrx_word' id='word_1_2' title='bbox 1669 212 1728 271; x_wconf 89' lang='lat' dir='ltr'><strong>S.</strong></span> <span class='ocrx_word' id='word_1_3' title='bbox 1758 208 2080 271; x_wconf 59' lang='lat' dir='ltr'><strong>GR’EGORH</strong></span> <span class='ocrx_word' id='word_1_4' title='bbox 2102 206 2395 265; x_wconf 75' lang='lat' dir='ltr'><strong>NYSSENI</strong></span> <span class='ocrx_word' id='word_1_5' title='bbox 3611 201 3679 255; x_wconf 81' lang='lat'><strong>76</strong></span> <span class='ocrx_word' id='word_1_6' title='bbox 3706 236 3711 241; x_wconf 64' lang='lat'><strong>~</strong></span> 
     </span>
    </p>
   </div>
   <div class='ocr_carea' id='block_1_2' title="bbox 436 315 2026 405">
    <p class='ocr_par' dir='ltr' id='par_1_2' title="bbox 436 329 2008 405">
     <span class='ocr_line' id='line_1_2' title="bbox 436 329 2008 405; baseline -0.008 -11"><span class='ocrx_word' id='word_1_7' title='bbox 436 350 525 394; x_wconf 86' lang='lat' dir='ltr'><strong>tur</strong></span> <span class='ocrx_word' id='word_1_8' title='bbox 551 340 741 399; x_wconf 84' lang='lat' dir='ltr'><strong>oratio,</strong></span> <span class='ocrx_word' id='word_1_9' title='bbox 772 350 963 405; x_wconf 72' lang='lat' dir='ltr'><strong>nempe</strong></span> <span class='ocrx_word' id='word_1_10' title='bbox 992 334 1134 404; x_wconf 78' lang='lat' dir='ltr'><strong>quod</strong></span> <span class='ocrx_word' id='word_1_11' title='bbox 1156 350 1249 405; x_wconf 85' lang='lat' dir='ltr'><strong>per</strong></span> <span class='ocrx_word' id='word_1_12' title='bbox 1281 333 1623 404; x_wconf 85' lang='lat' dir='ltr'><strong>sapientiam,</strong></span> <span class='ocrx_word' id='word_1_13' title='bbox 1651 341 1701 386; x_wconf 87' lang='lat' dir='ltr'><strong>et</strong></span> <span class='ocrx_word' id='word_1_14' title='bbox 1725 332 1846 398; x_wconf 78' lang='lat' dir='ltr'><strong>ejus</strong></span> <span class='ocrx_word' id='word_1_15' title='bbox 1866 329 2008 399; x_wconf 84' lang='lat' dir='ltr'><strong>quod</strong></span> 
     </span>
    </p>
   </div>
   <div class='ocr_carea' id='block_1_3' title="bbox 2133 315 3685 405">
    <p class='ocr_par' dir='ltr' id='par_1_3' title="bbox 2133 315 3685 392">
     <span class='ocr_line' id='line_1_3' title="bbox 2133 315 3685 392; baseline -0.008 -14"><span class='ocrx_word' id='word_1_16' title='bbox 2133 326 2320 392; x_wconf 71' lang='grc' dir='ltr'>νέγονε,</span> <span class='ocrx_word' id='word_1_17' title='bbox 2348 321 2441 374; x_wconf 72' lang='grc' dir='ltr'><strong>καὶ</strong></span> <span class='ocrx_word' id='word_1_18' title='bbox 2473 319 2565 372; x_wconf 80' lang='grc' dir='ltr'>τοῦ</span> <span class='ocrx_word' id='word_1_19' title='bbox 2599 318 2994 381; x_wconf 73' lang='grc' dir='ltr'>λυσιτελοῦντος</span> <span class='ocrx_word' id='word_1_20' title='bbox 3018 320 3081 388; x_wconf 76' lang='grc' dir='ltr'>τῇ</span> <span class='ocrx_word' id='word_1_21' title='bbox 3119 318 3274 385; x_wconf 76' lang='grc' dir='ltr'>φύσει</span> <span class='ocrx_word' id='word_1_22' title='bbox 3309 315 3617 386; x_wconf 82' lang='grc' dir='ltr'>προμηθείᾳ</span> <span class='ocrx_word' id='word_1_23' title='bbox 3652 316 3685 380; x_wconf 84' lang='grc' dir='ltr'>ή</span> 
     </span>
    </p>
   </div>
   <div class='ocr_carea' id='block_1_4' title="bbox 436 418 2003 491">
    <p class='ocr_par' dir='ltr' id='par_1_4' title="bbox 436 418 2003 491">
     <span class='ocr_line' id='line_1_4' title="bbox 436 418 2003 491; baseline -0.01 -8"><span class='ocrx_word' id='word_1_24' title='bbox 436 437 635 483; x_wconf 69' lang='lat' dir='ltr'><strong>nostras</strong></span> <span class='ocrx_word' id='word_1_25' title='bbox 688 434 896 478; x_wconf 62' lang='lat' dir='ltr'><strong>natura)</strong></span> <span class='ocrx_word' id='word_1_26' title='bbox 934 425 1193 479; x_wconf 85' lang='lat' dir='ltr'><strong>conducit</strong></span> <span class='ocrx_word' id='word_1_27' title='bbox 1238 438 1427 477; x_wconf 83' lang='lat' dir='ltr'><strong>curam</strong></span> <span class='ocrx_word' id='word_1_28' title='bbox 1476 418 2003 491; x_wconf 79' lang='lat' dir='ltr'><strong>acprovidentiam,</strong></span> 
     </span>
    </p>
   </div>
   <div class='ocr_carea' id='block_1_5' title="bbox 2107 406 3687 485">
    <p class='ocr_par' dir='ltr' id='par_1_5' title="bbox 2107 406 3687 485">
     <span class='ocr_line' id='line_1_5' title="bbox 2107 406 3687 485; baseline -0.004 -18"><span class='ocrx_word' id='word_1_29' title='bbox 2107 416 2243 485; x_wconf 84' lang='grc' dir='ltr'>πρὸς</span> <span class='ocrx_word' id='word_1_30' title='bbox 2285 412 2383 481; x_wconf 82' lang='grc' dir='ltr'>τὴν</span> <span class='ocrx_word' id='word_1_31' title='bbox 2431 410 2749 478; x_wconf 83' lang='grc' dir='ltr'>εὐεργεσίαν</span> <span class='ocrx_word' id='word_1_32' title='bbox 2791 409 2948 479; x_wconf 71' lang='grc' dir='ltr'>ἡμῶν</span> <span class='ocrx_word' id='word_1_33' title='bbox 2989 408 3242 476; x_wconf 76' lang='grc' dir='ltr'>ἀναϐολή.</span> <span class='ocrx_word' id='word_1_34' title='bbox 3280 407 3388 460; x_wconf 72' lang='grc' dir='ltr'><strong>Καὶ</strong></span> <span class='ocrx_word' id='word_1_35' title='bbox 3436 406 3544 477; x_wconf 87' lang='grc' dir='ltr'>γὰρ</span> <span class='ocrx_word' id='word_1_36' title='bbox 3591 408 3687 460; x_wconf 78' lang='grc' dir='ltr'>ἐπὶ</span> 
     </span>
    </p>
   </div>
   <div class='ocr_carea' id='block_1_6' title="bbox 426 496 2026 572">
    <p class='ocr_par' dir='ltr' id='par_1_6' title="bbox 426 506 2005 572">
     <span class='ocr_line' id='line_1_6' title="bbox 426 506 2005 572; baseline -0.008 -2"><span class='ocrx_word' id='word_1_37' title='bbox 426 515 683 572; x_wconf 74' lang='lat' dir='ltr'><strong>beneficii</strong></span> <span class='ocrx_word' id='word_1_38' title='bbox 736 516 789 567; x_wconf 92' lang='lat' dir='ltr'><strong>in</strong></span> <span class='ocrx_word' id='word_1_39' title='bbox 845 528 945 567; x_wconf 87' lang='lat' dir='ltr'><strong>nos</strong></span> <span class='ocrx_word' id='word_1_40' title='bbox 993 513 1175 568; x_wconf 80' lang='lat' dir='ltr'><strong>collati</strong></span> <span class='ocrx_word' id='word_1_41' title='bbox 1214 510 1353 564; x_wconf 75' lang='lat' dir='ltr'><strong>facta</strong></span> <span class='ocrx_word' id='word_1_42' title='bbox 1397 509 1499 561; x_wconf 90' lang='lat' dir='ltr'><strong>fuit</strong></span> <span class='ocrx_word' id='word_1_43' title='bbox 1543 509 1752 562; x_wconf 89' lang='lat' dir='ltr'><strong>dilatio.</strong></span> <span class='ocrx_word' id='word_1_44' title='bbox 1776 506 1911 559; x_wconf 83' lang='lat' dir='ltr'><strong>Nam</strong></span> <span class='ocrx_word' id='word_1_45' title='bbox 1950 506 2005 559; x_wconf 90' lang='lat' dir='ltr'><strong>in</strong></span> 
     </span>
    </p>
   </div>
   <div class='ocr_carea' id='block_1_7' title="bbox 2133 496 3688 572">
    <p class='ocr_par' dir='ltr' id='par_1_7' title="bbox 2133 496 3688 572">
     <span class='ocr_line' id='line_1_7' title="bbox 2133 496 3688 572; baseline -0.002 -20"><span class='ocrx_word' id='word_1_46' title='bbox 2133 505 2214 556; x_wconf 69' lang='grc' dir='ltr'><strong>τῶν</strong></span> <span class='ocrx_word' id='word_1_47' title='bbox 2246 500 2572 572; x_wconf 82' lang='grc' dir='ltr'><strong>σωματικῶν</strong></span> <span class='ocrx_word' id='word_1_48' title='bbox 2601 502 2941 571; x_wconf 81' lang='grc' dir='ltr'>νοσημάτων.</span> <span class='ocrx_word' id='word_1_49' title='bbox 2977 501 3103 552; x_wconf 81' lang='grc' dir='ltr'>ὅταν</span> <span class='ocrx_word' id='word_1_50' title='bbox 3144 515 3225 560; x_wconf 83' lang='grc' dir='ltr'><strong>τις</strong></span> <span class='ocrx_word' id='word_1_51' title='bbox 3262 496 3557 569; x_wconf 85' lang='grc' dir='ltr'>διεφθορὼς</span> <span class='ocrx_word' id='word_1_52' title='bbox 3587 517 3688 567; x_wconf 85' lang='grc' dir='ltr'>χυ-</span> 
     </span>
    </p>
   </div>
   <div class='ocr_carea' id='block_1_8' title="bbox 424 600 2005 676">
    <p class='ocr_par' dir='ltr' id='par_1_8' title="bbox 424 600 2005 676">
     <span class='ocr_line' id='line_1_8' title="bbox 424 600 2005 676; baseline -0.01 -13"><span class='ocrx_word' id='word_1_53' title='bbox 424 608 642 664; x_wconf 79' lang='lat' dir='ltr'><strong>morbis</strong></span> <span class='ocrx_word' id='word_1_54' title='bbox 674 605 1053 676; x_wconf 77' lang='lat' dir='ltr'><strong>corporalibus</strong></span> <span class='ocrx_word' id='word_1_55' title='bbox 1086 601 1304 671; x_wconf 78' lang='lat' dir='ltr'><strong>quando</strong></span> <span class='ocrx_word' id='word_1_56' title='bbox 1352 600 1550 669; x_wconf 81' lang='lat' dir='ltr'><strong>aliquis</strong></span> <span class='ocrx_word' id='word_1_57' title='bbox 1581 600 1776 652; x_wconf 80' lang='lat' dir='ltr'><strong>humor</strong></span> <span class='ocrx_word' id='word_1_58' title='bbox 1810 608 2005 665; x_wconf 82' lang='lat' dir='ltr'><strong>pravus</strong></span> 
     </span>
    </p>
   </div>
   <div class='ocr_carea' id='block_1_9' title="bbox 434 689 2007 769">
    <p class='ocr_par' dir='ltr' id='par_1_9' title="bbox 434 689 2007 769">
     <span class='ocr_line' id='line_1_9' title="bbox 434 689 2007 769; baseline -0.014 -12"><span class='ocrx_word' id='word_1_59' title='bbox 434 709 490 756; x_wconf 84' lang='lat' dir='ltr'><strong>et</strong></span> <span class='ocrx_word' id='word_1_60' title='bbox 512 708 813 769; x_wconf 76' lang='lat' dir='ltr'><strong>corruptus</strong></span> <span class='ocrx_word' id='word_1_61' title='bbox 843 696 1032 766; x_wconf 81' lang='lat' dir='ltr'><strong>irrepit</strong></span> <span class='ocrx_word' id='word_1_62' title='bbox 1057 694 1123 747; x_wconf 87' lang='lat' dir='ltr'><strong>ad</strong></span> <span class='ocrx_word' id='word_1_63' title='bbox 1149 706 1347 761; x_wconf 73' lang='lat' dir='ltr'><strong>potos;</strong></span> <span class='ocrx_word' id='word_1_64' title='bbox 1383 691 1701 759; x_wconf 73' lang='lat' dir='ltr'><strong>priusquam</strong></span> <span class='ocrx_word' id='word_1_65' title='bbox 1729 689 1781 740; x_wconf 90' lang='lat' dir='ltr'><strong>in</strong></span> <span class='ocrx_word' id='word_1_66' title='bbox 1820 698 2007 753; x_wconf 85' lang='lat' dir='ltr'><strong>super-</strong></span> 
     </span>
    </p>
   </div>
   <div class='ocr_carea' id='block_1_10' title="bbox 438 781 2003 861">
    <p class='ocr_par' dir='ltr' id='par_1_10' title="bbox 438 781 2003 861">
     <span class='ocr_line' id='line_1_10' title="bbox 438 781 2003 861; baseline -0.015 -13"><span class='ocrx_word' id='word_1_67' title='bbox 438 793 561 848; x_wconf 77' lang='lat' dir='ltr'><strong>tlcie</strong></span> <span class='ocrx_word' id='word_1_68' title='bbox 604 798 850 861; x_wconf 89' lang='lat' dir='ltr'><strong>apertum</strong></span> <span class='ocrx_word' id='word_1_69' title='bbox 892 786 1051 841; x_wconf 81' lang='lat' dir='ltr'><strong>fuerit</strong></span> <span class='ocrx_word' id='word_1_70' title='bbox 1088 781 1351 853; x_wconf 81' lang='lat' dir='ltr'><strong>quidquid</strong></span> <span class='ocrx_word' id='word_1_71' title='bbox 1390 787 1474 834; x_wconf 82' lang='lat' dir='ltr'><strong>est</strong></span> <span class='ocrx_word' id='word_1_72' title='bbox 1506 788 1700 848; x_wconf 66' lang='lat' dir='ltr'><strong>praeter</strong></span> <span class='ocrx_word' id='word_1_73' title='bbox 1734 783 2003 836; x_wconf 85' lang='lat' dir='ltr'><strong>naturam,</strong></span> 
     </span>
    </p>
   </div>
   <div class='ocr_carea' id='block_1_11' title="bbox 438 868 2005 954">
    <p class='ocr_par' dir='ltr' id='par_1_11' title="bbox 438 868 2005 954">
     <span class='ocr_line' id='line_1_11' title="bbox 438 868 2005 954; baseline -0.014 -16"><span class='ocrx_word' id='word_1_74' title='bbox 438 885 655 954; x_wconf 74' lang='lat' dir='ltr'><strong>corpori</strong></span> <span class='ocrx_word' id='word_1_75' title='bbox 694 878 1090 938; x_wconf 79' lang='lat' dir='ltr'><strong>condensantia</strong></span> <span class='ocrx_word' id='word_1_76' title='bbox 1122 889 1232 927; x_wconf 86' lang='lat' dir='ltr'><strong>non</strong></span> <span class='ocrx_word' id='word_1_77' title='bbox 1273 871 1534 926; x_wconf 88' lang='lat' dir='ltr'><strong>adhibent</strong></span> <span class='ocrx_word' id='word_1_78' title='bbox 1592 868 2005 926; x_wconf 85' lang='lat' dir='ltr'><strong>medicamenta,</strong></span> 
     </span>
    </p>
   </div>
   <div class='ocr_carea' id='block_1_12' title="bbox 434 956 2009 1048">
    <p class='ocr_par' dir='ltr' id='par_1_12' title="bbox 434 956 2009 1048">
     <span class='ocr_line' id='line_1_12' title="bbox 434 956 2009 1048; baseline -0.015 -17"><span class='ocrx_word' id='word_1_79' title='bbox 434 979 477 1031; x_wconf 76' lang='lat' dir='ltr'><strong>ii</strong></span> <span class='ocrx_word' id='word_1_80' title='bbox 511 977 602 1048; x_wconf 79' lang='lat' dir='ltr'><strong>qui</strong></span> <span class='ocrx_word' id='word_1_81' title='bbox 625 973 878 1030; x_wconf 74' lang='lat' dir='ltr'><strong>medendi</strong></span> <span class='ocrx_word' id='word_1_82' title='bbox 911 966 1116 1021; x_wconf 84' lang='lat' dir='ltr'><strong>morbis</strong></span> <span class='ocrx_word' id='word_1_83' title='bbox 1162 972 1334 1017; x_wconf 86' lang='lat' dir='ltr'><strong>artem</strong></span> <span class='ocrx_word' id='word_1_84' title='bbox 1362 962 1693 1033; x_wconf 83' lang='lat' dir='ltr'><strong>profitentur</strong></span> <span class='ocrx_word' id='word_1_85' title='bbox 1732 974 1745 1009; x_wconf 93' lang='lat'><strong>:</strong></span> <span class='ocrx_word' id='word_1_86' title='bbox 1779 956 1874 1012; x_wconf 74' lang='lat' dir='ltr'><strong>sed</strong></span> <span class='ocrx_word' id='word_1_87' title='bbox 1914 971 2009 1009; x_wconf 76' lang='lat' dir='ltr'><strong>ex-</strong></span> 
     </span>
    </p>
   </div>
   <div class='ocr_carea' id='block_1_13' title="bbox 436 1050 2009 1137">
    <p class='ocr_par' dir='ltr' id='par_1_13' title="bbox 436 1050 2009 1137">
     <span class='ocr_line' id='line_1_13' title="bbox 436 1050 2009 1137; baseline -0.014 -14"><span class='ocrx_word' id='word_1_88' title='bbox 436 1074 693 1137; x_wconf 80' lang='lat' dir='ltr'><strong>spectant</strong></span> <span class='ocrx_word' id='word_1_89' title='bbox 714 1064 882 1117; x_wconf 81' lang='lat' dir='ltr'><strong>donec</strong></span> <span class='ocrx_word' id='word_1_90' title='bbox 914 1066 1066 1111; x_wconf 76' lang='lat' dir='ltr'><strong>extra</strong></span> <span class='ocrx_word' id='word_1_91' title='bbox 1099 1056 1362 1126; x_wconf 86' lang='lat' dir='ltr'><strong>prodierit</strong></span> <span class='ocrx_word' id='word_1_92' title='bbox 1382 1052 1644 1123; x_wconf 85' lang='lat' dir='ltr'><strong>quidquid</strong></span> <span class='ocrx_word' id='word_1_93' title='bbox 1680 1050 2009 1103; x_wconf 75' lang='lat' dir='ltr'><strong>intrinsecus</strong></span> 
     </span>
    </p>
   </div>
   <div class='ocr_carea' id='block_1_14' title="bbox 442 1138 2011 1213">
    <p class='ocr_par' dir='ltr' id='par_1_14' title="bbox 442 1138 2011 1213">
     <span class='ocr_line' id='line_1_14' title="bbox 442 1138 2011 1213; baseline -0.016 0"><span class='ocrx_word' id='word_1_94' title='bbox 442 1163 498 1213; x_wconf 87' lang='lat' dir='ltr'><strong>in</strong></span> <span class='ocrx_word' id='word_1_95' title='bbox 538 1157 645 1210; x_wconf 79' lang='lat' dir='ltr'><strong>imo</strong></span> <span class='ocrx_word' id='word_1_96' title='bbox 666 1149 977 1208; x_wconf 77' lang='lat' dir='ltr'><strong>delitescit:</strong></span> <span class='ocrx_word' id='word_1_97' title='bbox 1015 1148 1087 1201; x_wconf 77' lang='lat' dir='ltr'><strong>ita</strong></span> <span class='ocrx_word' id='word_1_98' title='bbox 1121 1145 1279 1198; x_wconf 73' lang='lat' dir='ltr'><strong>nudae</strong></span> <span class='ocrx_word' id='word_1_99' title='bbox 1308 1141 1581 1197; x_wconf 80' lang='lat' dir='ltr'><strong>aﬂ‘ectioni</strong></span> <span class='ocrx_word' id='word_1_100' title='bbox 1613 1138 1871 1192; x_wconf 80' lang='lat' dir='ltr'><strong>adhibent</strong></span> <span class='ocrx_word' id='word_1_101' title='bbox 1898 1151 2011 1190; x_wconf 85' lang='lat' dir='ltr'><strong>me-</strong></span> 
     </span>
    </p>
   </div>
   <div class='ocr_carea' id='block_1_15' title="bbox 441 1230 2011 1309">
    <p class='ocr_par' dir='ltr' id='par_1_15' title="bbox 441 1230 2011 1309">
     <span class='ocr_line' id='line_1_15' title="bbox 441 1230 2011 1309; baseline -0.013 -8"><span class='ocrx_word' id='word_1_102' title='bbox 441 1246 697 1302; x_wconf 82' lang='lat' dir='ltr'><strong>dicinam.</strong></span> <span class='ocrx_word' id='word_1_103' title='bbox 727 1241 1021 1309; x_wconf 81' lang='lat' dir='ltr'><strong>Postquam</strong></span> <span class='ocrx_word' id='word_1_104' title='bbox 1044 1251 1183 1306; x_wconf 76' lang='lat' dir='ltr'><strong>ergo</strong></span> <span class='ocrx_word' id='word_1_105' title='bbox 1206 1236 1458 1289; x_wconf 72' lang='lat' dir='ltr'><strong>humana:</strong></span> <span class='ocrx_word' id='word_1_106' title='bbox 1492 1240 1697 1285; x_wconf 70' lang='lat' dir='ltr'><strong>naturae</strong></span> <span class='ocrx_word' id='word_1_107' title='bbox 1729 1230 1897 1285; x_wconf 85' lang='lat' dir='ltr'><strong>semel</strong></span> <span class='ocrx_word' id='word_1_108' title='bbox 1926 1231 2011 1282; x_wconf 87' lang='lat' dir='ltr'><strong>in-</strong></span> 
     </span>
    </p>
   </div>
   <div class='ocr_carea' id='block_1_16' title="bbox 2113 588 3689 664">
    <p class='ocr_par' dir='ltr' id='par_1_16' title="bbox 2113 588 3689 664">
     <span class='ocr_line' id='line_1_16' title="bbox 2113 588 3689 664; baseline -0.006 -17"><span class='ocrx_word' id='word_1_109' title='bbox 2113 595 2211 664; x_wconf 76' lang='grc' dir='ltr'><strong>μὺς</strong></span> <span class='ocrx_word' id='word_1_110' title='bbox 2250 594 2470 664; x_wconf 76' lang='grc' dir='ltr'>ὑφέρπῃ</span> <span class='ocrx_word' id='word_1_111' title='bbox 2512 592 2733 662; x_wconf 82' lang='grc' dir='ltr'>πόρους,</span> <span class='ocrx_word' id='word_1_112' title='bbox 2765 595 2893 663; x_wconf 74' lang='grc' dir='ltr'>πρὶν</span> <span class='ocrx_word' id='word_1_113' title='bbox 2931 591 3077 646; x_wconf 53' lang='lat' dir='ltr'><strong>an”</strong></span> <span class='ocrx_word' id='word_1_114' title='bbox 3121 592 3214 644; x_wconf 73' lang='grc' dir='ltr'>ἐπὶ</span> <span class='ocrx_word' id='word_1_115' title='bbox 3259 589 3356 659; x_wconf 82' lang='grc' dir='ltr'>τὴν</span> <span class='ocrx_word' id='word_1_116' title='bbox 3388 588 3689 657; x_wconf 79' lang='grc' dir='ltr'>ἐμφάνειαν</span> 
     </span>
    </p>
   </div>
   <div class='ocr_carea' id='block_1_17' title="bbox 2110 681 3692 752">
    <p class='ocr_par' dir='ltr' id='par_1_17' title="bbox 2110 681 3692 752">
     <span class='ocr_line' id='line_1_17' title="bbox 2110 681 3692 752; baseline -0.004 -14"><span class='ocrx_word' id='word_1_117' title='bbox 2110 682 2519 752; x_wconf 78' lang='grc' dir='ltr'>ὲκκαλυφθῆναι</span> <span class='ocrx_word' id='word_1_118' title='bbox 2550 683 2695 751; x_wconf 86' lang='grc' dir='ltr'><strong>παρά</strong></span> <span class='ocrx_word' id='word_1_119' title='bbox 2718 682 2878 747; x_wconf 74' lang='grc' dir='ltr'>φύσιν</span> <span class='ocrx_word' id='word_1_120' title='bbox 2895 683 3227 750; x_wconf 83' lang='grc' dir='ltr'>ἐγκείμενον,</span> <span class='ocrx_word' id='word_1_121' title='bbox 3247 681 3307 732; x_wconf 84' lang='grc' dir='ltr'><strong>οὐ</strong></span> <span class='ocrx_word' id='word_1_122' title='bbox 3325 694 3692 749; x_wconf 84' lang='grc' dir='ltr'>καταφαρμα-</span> 
     </span>
    </p>
   </div>
   <div class='ocr_carea' id='block_1_18' title="bbox 2109 770 3689 842">
    <p class='ocr_par' dir='ltr' id='par_1_18' title="bbox 2109 770 3689 842">
     <span class='ocr_line' id='line_1_18' title="bbox 2109 770 3689 842; baseline -0.004 -14"><span class='ocrx_word' id='word_1_123' title='bbox 2109 776 2326 828; x_wconf 73' lang='grc' dir='ltr'>κεύεται</span> <span class='ocrx_word' id='word_1_124' title='bbox 2368 776 2482 837; x_wconf 79' lang='grc' dir='ltr'>τοῖς</span> <span class='ocrx_word' id='word_1_125' title='bbox 2524 773 2782 826; x_wconf 81' lang='grc' dir='ltr'>πυκνοῦσι</span> <span class='ocrx_word' id='word_1_126' title='bbox 2816 773 2875 825; x_wconf 77' lang='grc' dir='ltr'><strong>τὸ</strong></span> <span class='ocrx_word' id='word_1_127' title='bbox 2919 774 3077 842; x_wconf 81' lang='grc' dir='ltr'>σῶμα</span> <span class='ocrx_word' id='word_1_128' title='bbox 3104 772 3253 842; x_wconf 87' lang='grc' dir='ltr'><strong>παρά</strong></span> <span class='ocrx_word' id='word_1_129' title='bbox 3294 770 3689 841; x_wconf 82' lang='grc' dir='ltr'>τῶν“τεχνικῶς</span> 
     </span>
    </p>
   </div>
   <div class='ocr_carea' id='block_1_19' title="bbox 2114 860 3692 937">
    <p class='ocr_par' dir='ltr' id='par_1_19' title="bbox 2114 860 3692 937">
     <span class='ocr_line' id='line_1_19' title="bbox 2114 860 3692 937; baseline -0.003 -19"><span class='ocrx_word' id='word_1_130' title='bbox 2114 865 2509 937; x_wconf 82' lang='grc' dir='ltr'>μεθοδευόντων</span> <span class='ocrx_word' id='word_1_131' title='bbox 2538 865 2607 916; x_wconf 73' lang='grc' dir='ltr'>τὰ</span> <span class='ocrx_word' id='word_1_132' title='bbox 2651 863 2795 933; x_wconf 86' lang='grc' dir='ltr'>πάθη</span> <span class='ocrx_word' id='word_1_133' title='bbox 2816 880 2830 893; x_wconf 72' lang='grc'><strong>⁸</strong></span> <span class='ocrx_word' id='word_1_134' title='bbox 2852 864 2987 916; x_wconf 79' lang='grc' dir='ltr'><strong>ἀλλά</strong></span> <span class='ocrx_word' id='word_1_135' title='bbox 3016 864 3233 934; x_wconf 86' lang='grc' dir='ltr'>μένουσι</span> <span class='ocrx_word' id='word_1_136' title='bbox 3263 862 3322 914; x_wconf 80' lang='grc' dir='ltr'><strong>τὸ</strong></span> <span class='ocrx_word' id='word_1_137' title='bbox 3362 860 3692 932; x_wconf 84' lang='grc' dir='ltr'>ἐνδομυχοῦν</span> 
     </span>
    </p>
   </div>
   <div class='ocr_carea' id='block_1_20' title="bbox 2111 952 3691 1026">
    <p class='ocr_par' dir='ltr' id='par_1_20' title="bbox 2111 952 3691 1026">
     <span class='ocr_line' id='line_1_20' title="bbox 2111 952 3691 1026; baseline -0.003 -16"><span class='ocrx_word' id='word_1_138' title='bbox 2111 958 2256 1011; x_wconf 73' lang='grc' dir='ltr'>ἅπαν</span> <span class='ocrx_word' id='word_1_139' title='bbox 2286 957 2390 1023; x_wconf 77' lang='grc' dir='ltr'><strong>ἔξω</strong></span> <span class='ocrx_word' id='word_1_140' title='bbox 2423 957 2693 1026; x_wconf 83' lang='grc' dir='ltr'>γενέσθαι,</span> <span class='ocrx_word' id='word_1_141' title='bbox 2741 956 2835 1009; x_wconf 77' lang='grc' dir='ltr'>καὶ</span> <span class='ocrx_word' id='word_1_142' title='bbox 2878 956 3021 1009; x_wconf 68' lang='grc' dir='ltr'>οὕτω</span> <span class='ocrx_word' id='word_1_143' title='bbox 3046 954 3239 1025; x_wconf 82' lang='grc' dir='ltr'>γυμνῷ</span> <span class='ocrx_word' id='word_1_144' title='bbox 3264 953 3344 1021; x_wconf 81' lang='grc' dir='ltr'>τῷ</span> <span class='ocrx_word' id='word_1_145' title='bbox 3390 952 3551 1006; x_wconf 81' lang='grc' dir='ltr'>πάθει</span> <span class='ocrx_word' id='word_1_146' title='bbox 3589 953 3691 1022; x_wconf 81' lang='grc' dir='ltr'>τὴν</span> 
     </span>
    </p>
   </div>
   <div class='ocr_carea' id='block_1_21' title="bbox 2113 1044 3691 1119">
    <p class='ocr_par' dir='ltr' id='par_1_21' title="bbox 2113 1044 3691 1119">
     <span class='ocr_line' id='line_1_21' title="bbox 2113 1044 3691 1119; baseline -0.004 -17"><span class='ocrx_word' id='word_1_147' title='bbox 2113 1048 2353 1118; x_wconf 75' lang='grc' dir='ltr'>ἰατρείαν</span> <span class='ocrx_word' id='word_1_148' title='bbox 2386 1050 2766 1119; x_wconf 78' lang='grc' dir='ltr'><strong>προσάγουσιν.</strong></span> <span class='ocrx_word' id='word_1_149' title='bbox 2805 1047 3025 1118; x_wconf 80' lang='grc' dir='ltr'>Ἐπειδὴ</span> <span class='ocrx_word' id='word_1_150' title='bbox 3048 1049 3224 1099; x_wconf 79' lang='grc' dir='ltr'>τοίνυν</span> <span class='ocrx_word' id='word_1_151' title='bbox 3249 1045 3391 1110; x_wconf 80' lang='grc' dir='ltr'>άπαξ</span> <span class='ocrx_word' id='word_1_152' title='bbox 3422 1044 3691 1114; x_wconf 74' lang='grc' dir='ltr'>ἐνέσκηψε</span> 
     </span>
    </p>
   </div>
   <div class='ocr_carea' id='block_1_22' title="bbox 2111 1136 3692 1210">
    <p class='ocr_par' dir='ltr' id='par_1_22' title="bbox 2111 1136 3692 1210">
     <span class='ocr_line' id='line_1_22' title="bbox 2111 1136 3692 1210; baseline -0.015 1"><span class='ocrx_word' id='word_1_153' title='bbox 2111 1142 2176 1210; x_wconf 73' lang='grc' dir='ltr'><strong>τῇ</strong></span> <span class='ocrx_word' id='word_1_154' title='bbox 2203 1140 2361 1209; x_wconf 66' lang='grc' dir='ltr'>φύσει</span> <span class='ocrx_word' id='word_1_155' title='bbox 2388 1141 2486 1209; x_wconf 78' lang='grc' dir='ltr'><strong>τῆς</strong></span> <span class='ocrx_word' id='word_1_156' title='bbox 2516 1140 2931 1210; x_wconf 76' lang='grc' dir='ltr'>ἀνθρωπότητος</span> <span class='ocrx_word' id='word_1_157' title='bbox 2960 1142 2992 1209; x_wconf 80' lang='grc' dir='ltr'>ἡ</span> <span class='ocrx_word' id='word_1_158' title='bbox 3021 1138 3119 1209; x_wconf 79' lang='grc' dir='ltr'>τῆς</span> <span class='ocrx_word' id='word_1_159' title='bbox 3146 1140 3342 1199; x_wconf 82' lang='grc' dir='ltr'>κακίας</span> <span class='ocrx_word' id='word_1_160' title='bbox 3368 1138 3540 1200; x_wconf 80' lang='grc' dir='ltr'>νόσος,</span> <span class='ocrx_word' id='word_1_161' title='bbox 3566 1136 3692 1189; x_wconf 85' lang='grc' dir='ltr'>ἀνέ-</span> 
     </span>
    </p>
   </div>
   <div class='ocr_carea' id='block_1_23' title="bbox 2118 1229 3695 1305">
    <p class='ocr_par' dir='ltr' id='par_1_23' title="bbox 2118 1229 3695 1305">
     <span class='ocr_line' id='line_1_23' title="bbox 2118 1229 3695 1305; baseline -0.004 -18"><span class='ocrx_word' id='word_1_162' title='bbox 2118 1250 2277 1305; x_wconf 81' lang='grc' dir='ltr'>μενεν</span> <span class='ocrx_word' id='word_1_163' title='bbox 2322 1236 2349 1287; x_wconf 89' lang='grc' dir='ltr'><strong>ό</strong></span> <span class='ocrx_word' id='word_1_164' title='bbox 2385 1234 2479 1287; x_wconf 81' lang='grc' dir='ltr'>τοῦ</span> <span class='ocrx_word' id='word_1_165' title='bbox 2516 1234 2715 1296; x_wconf 83' lang='grc' dir='ltr'>παντὸς</span> <span class='ocrx_word' id='word_1_166' title='bbox 2750 1233 3110 1303; x_wconf 80' lang='grc' dir='ltr'>θεραπευτὴς,</span> <span class='ocrx_word' id='word_1_167' title='bbox 3152 1233 3318 1302; x_wconf 77' lang='grc' dir='ltr'>μηδὲν</span> <span class='ocrx_word' id='word_1_168' title='bbox 3366 1229 3695 1299; x_wconf 76' lang='grc' dir='ltr'>ὑπολειφθῆ-</span> 
     </span>
    </p>
   </div>
   <div class='ocr_carea' id='block_1_24' title="bbox 440 1319 2003 1396">
    <p class='ocr_par' dir='ltr' id='par_1_24' title="bbox 440 1319 2003 1396">
     <span class='ocr_line' id='line_1_24' title="bbox 440 1319 2003 1396; baseline -0.013 -6"><span class='ocrx_word' id='word_1_169' title='bbox 440 1334 629 1391; x_wconf 83' lang='lat' dir='ltr'><strong>cubuit</strong></span> <span class='ocrx_word' id='word_1_170' title='bbox 664 1332 888 1386; x_wconf 79' lang='lat' dir='ltr'><strong>morbus</strong></span> <span class='ocrx_word' id='word_1_171' title='bbox 920 1328 1058 1393; x_wconf 80' lang='lat' dir='ltr'><strong>vitii,</strong></span> <span class='ocrx_word' id='word_1_172' title='bbox 1090 1325 1425 1396; x_wconf 71' lang='lat' dir='ltr'><strong>exspectavit</strong></span> <span class='ocrx_word' id='word_1_173' title='bbox 1453 1320 1699 1375; x_wconf 88' lang='lat' dir='ltr'><strong>medicus</strong></span> <span class='ocrx_word' id='word_1_174' title='bbox 1731 1319 2003 1374; x_wconf 85' lang='lat' dir='ltr'><strong>universi-</strong></span> 
     </span>
    </p>
   </div>
   <div class='ocr_carea' id='block_1_25' title="bbox 440 1412 2011 1490">
    <p class='ocr_par' dir='ltr' id='par_1_25' title="bbox 440 1412 2011 1490">
     <span class='ocr_line' id='line_1_25' title="bbox 440 1412 2011 1490; baseline -0.011 -7"><span class='ocrx_word' id='word_1_175' title='bbox 440 1429 590 1490; x_wconf 81' lang='lat' dir='ltr'><strong>tatis,</strong></span> <span class='ocrx_word' id='word_1_176' title='bbox 619 1435 678 1480; x_wconf 92' lang='lat' dir='ltr'><strong>ut</strong></span> <span class='ocrx_word' id='word_1_177' title='bbox 711 1423 917 1478; x_wconf 85' lang='lat' dir='ltr'><strong>nullum</strong></span> <span class='ocrx_word' id='word_1_178' title='bbox 947 1428 1093 1476; x_wconf 82' lang='lat' dir='ltr'><strong>esset</strong></span> <span class='ocrx_word' id='word_1_179' title='bbox 1136 1419 1402 1487; x_wconf 90' lang='lat' dir='ltr'><strong>reliquum</strong></span> <span class='ocrx_word' id='word_1_180' title='bbox 1430 1430 1603 1485; x_wconf 71' lang='lat' dir='ltr'><strong>genus</strong></span> <span class='ocrx_word' id='word_1_181' title='bbox 1631 1414 1748 1469; x_wconf 82' lang='lat' dir='ltr'><strong>vitii</strong></span> <span class='ocrx_word' id='word_1_182' title='bbox 1783 1412 2011 1467; x_wconf 89' lang='lat' dir='ltr'><strong>immisti</strong></span> 
     </span>
    </p>
   </div>
   <div class='ocr_carea' id='block_1_26' title="bbox 2116 1321 3688 1396">
    <p class='ocr_par' dir='ltr' id='par_1_26' title="bbox 2116 1321 3688 1396">
     <span class='ocr_line' id='line_1_26' title="bbox 2116 1321 3688 1396; baseline -0.001 -18"><span class='ocrx_word' id='word_1_183' title='bbox 2116 1343 2201 1378; x_wconf 88' lang='grc' dir='ltr'><strong>ναι</strong></span> <span class='ocrx_word' id='word_1_184' title='bbox 2235 1329 2335 1396; x_wconf 82' lang='grc' dir='ltr'>τῆς</span> <span class='ocrx_word' id='word_1_185' title='bbox 2387 1326 2653 1396; x_wconf 73' lang='grc' dir='ltr'>πονηρίας</span> <span class='ocrx_word' id='word_1_186' title='bbox 2705 1322 2843 1387; x_wconf 78' lang='grc' dir='ltr'>εἶδος</span> <span class='ocrx_word' id='word_1_187' title='bbox 2886 1325 3333 1394; x_wconf 80' lang='grc' dir='ltr'>ἐγκεκρυμμένον</span> <span class='ocrx_word' id='word_1_188' title='bbox 3386 1326 3448 1392; x_wconf 84' lang='grc' dir='ltr'>τῇ</span> <span class='ocrx_word' id='word_1_189' title='bbox 3507 1321 3688 1389; x_wconf 81' lang='grc' dir='ltr'>φύσει.</span> 
     </span>
    </p>
   </div>
   <div class='ocr_carea' id='block_1_27' title="bbox 2115 1414 3692 1487">
    <p class='ocr_par' dir='ltr' id='par_1_27' title="bbox 2115 1414 3692 1487">
     <span class='ocr_line' id='line_1_27' title="bbox 2115 1414 3692 1487; baseline -0.004 -16"><span class='ocrx_word' id='word_1_190' title='bbox 2115 1418 2213 1471; x_wconf 72' lang='grc' dir='ltr'><strong>Διὰ</strong></span> <span class='ocrx_word' id='word_1_191' title='bbox 2234 1418 2391 1470; x_wconf 82' lang='grc' dir='ltr'>τοῦτο</span> <span class='ocrx_word' id='word_1_192' title='bbox 2411 1418 2511 1471; x_wconf 81' lang='grc' dir='ltr'><strong>οὐκ</strong></span> <span class='ocrx_word' id='word_1_193' title='bbox 2530 1418 2689 1481; x_wconf 77' lang='grc' dir='ltr'>εὐθὺς</span> <span class='ocrx_word' id='word_1_194' title='bbox 2716 1417 2853 1487; x_wconf 78' lang='grc' dir='ltr'>μετά</span> <span class='ocrx_word' id='word_1_195' title='bbox 2877 1417 2967 1469; x_wconf 82' lang='grc' dir='ltr'><strong>τὸν</strong></span> <span class='ocrx_word' id='word_1_196' title='bbox 2994 1416 3206 1485; x_wconf 79' lang='grc' dir='ltr'>φθόνον,</span> <span class='ocrx_word' id='word_1_197' title='bbox 3229 1416 3322 1469; x_wconf 71' lang='grc' dir='ltr'><strong>καὶ</strong></span> <span class='ocrx_word' id='word_1_198' title='bbox 3348 1414 3443 1484; x_wconf 80' lang='grc' dir='ltr'>τὴν</span> <span class='ocrx_word' id='word_1_199' title='bbox 3466 1414 3692 1482; x_wconf 82' lang='grc' dir='ltr'>ἀδελφο-</span> 
     </span>
    </p>
   </div>
   <div class='ocr_carea' id='block_1_28' title="bbox 440 1505 2026 1584">
    <p class='ocr_par' dir='ltr' id='par_1_28' title="bbox 440 1505 2012 1584">
     <span class='ocr_line' id='line_1_28' title="bbox 440 1505 2012 1584; baseline -0.011 -9"><span class='ocrx_word' id='word_1_200' title='bbox 440 1529 669 1576; x_wconf 71' lang='lat' dir='ltr'><strong>naturae.</strong></span> <span class='ocrx_word' id='word_1_201' title='bbox 704 1515 998 1584; x_wconf 86' lang='lat' dir='ltr'><strong>Propterea</strong></span> <span class='ocrx_word' id='word_1_202' title='bbox 1036 1526 1144 1565; x_wconf 87' lang='lat' dir='ltr'><strong>non</strong></span> <span class='ocrx_word' id='word_1_203' title='bbox 1173 1509 1357 1564; x_wconf 83' lang='lat' dir='ltr'><strong>statim</strong></span> <span class='ocrx_word' id='word_1_204' title='bbox 1387 1514 1512 1577; x_wconf 84' lang='lat' dir='ltr'><strong>post</strong></span> <span class='ocrx_word' id='word_1_205' title='bbox 1558 1505 1837 1567; x_wconf 75' lang='lat' dir='ltr'><strong>invidiam,</strong></span> <span class='ocrx_word' id='word_1_206' title='bbox 1870 1512 1925 1558; x_wconf 91' lang='lat' dir='ltr'><strong>et</strong></span> <span class='ocrx_word' id='word_1_207' title='bbox 1980 1518 2012 1557; x_wconf 81' lang='grc' dir='ltr'><strong>ιι</strong></span> 
     </span>
    </p>
   </div>
   <div class='ocr_carea' id='block_1_29' title="bbox 2133 1505 3695 1584">
    <p class='ocr_par' dir='ltr' id='par_1_29' title="bbox 2133 1506 3695 1581">
     <span class='ocr_line' id='line_1_29' title="bbox 2133 1506 3695 1581; baseline -0.002 -19"><span class='ocrx_word' id='word_1_208' title='bbox 2133 1510 2336 1563; x_wconf 78' lang='grc' dir='ltr'>ιτονίαν</span> <span class='ocrx_word' id='word_1_209' title='bbox 2364 1509 2458 1563; x_wconf 83' lang='grc' dir='ltr'>τοῦ</span> <span class='ocrx_word' id='word_1_210' title='bbox 2500 1511 2640 1563; x_wconf 82' lang='grc' dir='ltr'>Κάῖν</span> <span class='ocrx_word' id='word_1_211' title='bbox 2684 1512 2949 1581; x_wconf 72' lang='grc' dir='ltr'>προσάγει</span> <span class='ocrx_word' id='word_1_212' title='bbox 2984 1508 3063 1579; x_wconf 83' lang='grc' dir='ltr'>τῷ</span> <span class='ocrx_word' id='word_1_213' title='bbox 3106 1506 3379 1578; x_wconf 82' lang='grc' dir='ltr'>ἀνθρώπῳ</span> <span class='ocrx_word' id='word_1_214' title='bbox 3406 1506 3501 1578; x_wconf 80' lang='grc' dir='ltr'>τὴν</span> <span class='ocrx_word' id='word_1_215' title='bbox 3534 1506 3695 1575; x_wconf 87' lang='grc' dir='ltr'>θερα-</span> 
     </span>
    </p>
   </div>
   <div class='ocr_carea' id='block_1_30' title="bbox 439 1593 2026 1679">
    <p class='ocr_par' dir='ltr' id='par_1_30' title="bbox 439 1593 2013 1679">
     <span class='ocr_line' id='line_1_30' title="bbox 439 1593 2013 1679; baseline -0.012 -13"><span class='ocrx_word' id='word_1_216' title='bbox 439 1611 574 1667; x_wconf 84' lang='lat' dir='ltr'><strong>Cain</strong></span> <span class='ocrx_word' id='word_1_217' title='bbox 604 1607 801 1663; x_wconf 87' lang='lat' dir='ltr'><strong>factam</strong></span> <span class='ocrx_word' id='word_1_218' title='bbox 839 1604 1026 1679; x_wconf 79' lang='lat' dir='ltr'><strong>fratris</strong></span> <span class='ocrx_word' id='word_1_219' title='bbox 1050 1600 1251 1658; x_wconf 66' lang='lat' dir='ltr'><strong>eadem</strong></span> <span class='ocrx_word' id='word_1_220' title='bbox 1283 1598 1490 1654; x_wconf 84' lang='lat' dir='ltr'><strong>homini</strong></span> <span class='ocrx_word' id='word_1_221' title='bbox 1529 1596 1753 1650; x_wconf 83' lang='lat' dir='ltr'><strong>adhibet</strong></span> <span class='ocrx_word' id='word_1_222' title='bbox 1784 1593 2013 1650; x_wconf 83' lang='lat' dir='ltr'><strong>medici-</strong></span> 
     </span>
    </p>
   </div>
   <div class='ocr_carea' id='block_1_31' title="bbox 2133 1593 3696 1679">
    <p class='ocr_par' dir='ltr' id='par_1_31' title="bbox 2133 1598 3696 1679">
     <span class='ocr_line' id='line_1_31' title="bbox 2133 1598 3696 1679; baseline -0.002 -27"><span class='ocrx_word' id='word_1_223' title='bbox 2133 1600 2311 1653; x_wconf 76' lang='grc' dir='ltr'>ιτείανο</span> <span class='ocrx_word' id='word_1_224' title='bbox 2340 1598 2492 1653; x_wconf 75' lang='grc' dir='ltr'>οὔπω</span> <span class='ocrx_word' id='word_1_225' title='bbox 2517 1601 2625 1671; x_wconf 85' lang='grc' dir='ltr'><strong>γάρ</strong></span> <span class='ocrx_word' id='word_1_226' title='bbox 2652 1600 2759 1654; x_wconf 83' lang='grc' dir='ltr'>τῶν</span> <span class='ocrx_word' id='word_1_227' title='bbox 2785 1601 2877 1654; x_wconf 77' lang='grc' dir='ltr'>ἐπὶ</span> <span class='ocrx_word' id='word_1_228' title='bbox 2906 1600 3028 1653; x_wconf 83' lang='grc' dir='ltr'>Νῶε</span> <span class='ocrx_word' id='word_1_229' title='bbox 3055 1600 3513 1679; x_wconf 81' lang='grc' dir='ltr'>καταφθαρέντων</span> <span class='ocrx_word' id='word_1_230' title='bbox 3536 1601 3568 1668; x_wconf 82' lang='grc' dir='ltr'>ὴ</span> <span class='ocrx_word' id='word_1_231' title='bbox 3595 1616 3696 1650; x_wconf 86' lang='grc' dir='ltr'>κα-</span> 
     </span>
    </p>
   </div>
   <div class='ocr_carea' id='block_1_32' title="bbox 441 1676 2026 1767">
    <p class='ocr_par' dir='ltr' id='par_1_32' title="bbox 441 1676 2013 1767">
     <span class='ocr_line' id='line_1_32' title="bbox 441 1676 2013 1767; baseline -0.011 -10"><span class='ocrx_word' id='word_1_232' title='bbox 441 1716 601 1767; x_wconf 85' lang='lat' dir='ltr'><strong>nam;</strong></span> <span class='ocrx_word' id='word_1_233' title='bbox 637 1676 878 1754; x_wconf 86' lang='lat' dir='ltr'><strong>nondum</strong></span> <span class='ocrx_word' id='word_1_234' title='bbox 908 1695 1055 1751; x_wconf 86' lang='lat' dir='ltr'><strong>enim</strong></span> <span class='ocrx_word' id='word_1_235' title='bbox 1092 1694 1148 1746; x_wconf 87' lang='lat' dir='ltr'><strong>in</strong></span> <span class='ocrx_word' id='word_1_236' title='bbox 1180 1692 1304 1745; x_wconf 85' lang='lat' dir='ltr'><strong>luce</strong></span> <span class='ocrx_word' id='word_1_237' title='bbox 1337 1689 1649 1759; x_wconf 85' lang='lat' dir='ltr'><strong>prodierant</strong></span> <span class='ocrx_word' id='word_1_238' title='bbox 1679 1687 1886 1743; x_wconf 83' lang='lat' dir='ltr'><strong>scelera</strong></span> <span class='ocrx_word' id='word_1_239' title='bbox 1921 1699 2013 1740; x_wconf 83' lang='lat' dir='ltr'><strong>eo-</strong></span> 
     </span>
    </p>
   </div>
   <div class='ocr_carea' id='block_1_33' title="bbox 2133 1676 3694 1767">
    <p class='ocr_par' dir='ltr' id='par_1_33' title="bbox 2133 1676 3694 1762">
     <span class='ocr_line' id='line_1_33' title="bbox 2133 1676 3694 1762; baseline -0.001 -19"><span class='ocrx_word' id='word_1_240' title='bbox 2133 1692 2205 1744; x_wconf 85' lang='grc' dir='ltr'><strong>ιία</strong></span> <span class='ocrx_word' id='word_1_241' title='bbox 2242 1689 2563 1760; x_wconf 76' lang='grc' dir='ltr'>ἐξέλαμψεν,</span> <span class='ocrx_word' id='word_1_242' title='bbox 2599 1693 2719 1745; x_wconf 75' lang='grc' dir='ltr'>οὐδὲ</span> <span class='ocrx_word' id='word_1_243' title='bbox 2752 1692 2852 1761; x_wconf 80' lang='grc' dir='ltr'><strong>τῆς</strong></span> <span class='ocrx_word' id='word_1_244' title='bbox 2895 1692 3248 1762; x_wconf 83' lang='grc' dir='ltr'>Σοδομιτικῆς</span> <span class='ocrx_word' id='word_1_245' title='bbox 3289 1676 3629 1760; x_wconf 78' lang='grc' dir='ltr'>παρανομίας</span> <span class='ocrx_word' id='word_1_246' title='bbox 3659 1690 3694 1759; x_wconf 78' lang='grc' dir='ltr'><strong>ἡ</strong></span> 
     </span>
    </p>
   </div>
   <div class='ocr_carea' id='block_1_34' title="bbox 436 1776 2026 1860">
    <p class='ocr_par' dir='ltr' id='par_1_34' title="bbox 436 1776 2014 1860">
     <span class='ocr_line' id='line_1_34' title="bbox 436 1776 2014 1860; baseline -0.012 -13"><span class='ocrx_word' id='word_1_247' title='bbox 436 1806 562 1848; x_wconf 76' lang='lat' dir='ltr'><strong>rum</strong></span> <span class='ocrx_word' id='word_1_248' title='bbox 593 1790 684 1860; x_wconf 90' lang='lat' dir='ltr'><strong>qui</strong></span> <span class='ocrx_word' id='word_1_249' title='bbox 724 1786 915 1843; x_wconf 88' lang='lat' dir='ltr'><strong>Noemi</strong></span> <span class='ocrx_word' id='word_1_250' title='bbox 973 1793 1219 1854; x_wconf 87' lang='lat' dir='ltr'><strong>tempore</strong></span> <span class='ocrx_word' id='word_1_251' title='bbox 1249 1782 1533 1851; x_wconf 88' lang='lat' dir='ltr'><strong>perierunt</strong></span> <span class='ocrx_word' id='word_1_252' title='bbox 1562 1797 1578 1846; x_wconf 88' lang='lat'><strong>;</strong></span> <span class='ocrx_word' id='word_1_253' title='bbox 1611 1793 1713 1833; x_wconf 88' lang='lat' dir='ltr'><strong>nec</strong></span> <span class='ocrx_word' id='word_1_254' title='bbox 1762 1776 2014 1831; x_wconf 79' lang='lat' dir='ltr'><strong>Sodomi-</strong></span> 
     </span>
    </p>
   </div>
   <div class='ocr_carea' id='block_1_35' title="bbox 2133 1776 3695 1860">
    <p class='ocr_par' dir='ltr' id='par_1_35' title="bbox 2133 1782 3695 1854">
     <span class='ocr_line' id='line_1_35' title="bbox 2133 1782 3695 1854; baseline -0.004 -19"><span class='ocrx_word' id='word_1_255' title='bbox 2133 1782 2324 1853; x_wconf 76' lang='grc' dir='ltr'>(αλεπὴ</span> <span class='ocrx_word' id='word_1_256' title='bbox 2353 1783 2507 1844; x_wconf 91' lang='grc' dir='ltr'>νόσος</span> <span class='ocrx_word' id='word_1_257' title='bbox 2544 1784 2889 1852; x_wconf 77' lang='grc' dir='ltr'>ἀνεκαλύφθη</span> <span class='ocrx_word' id='word_1_258' title='bbox 2912 1800 2926 1813; x_wconf 91' lang='grc'><strong>·</strong></span> <span class='ocrx_word' id='word_1_259' title='bbox 2958 1783 2990 1853; x_wconf 80' lang='grc' dir='ltr'>ἢ</span> <span class='ocrx_word' id='word_1_260' title='bbox 3033 1784 3151 1837; x_wconf 74' lang='grc' dir='ltr'>οὐδὲ</span> <span class='ocrx_word' id='word_1_261' title='bbox 3183 1784 3215 1854; x_wconf 78' lang='grc' dir='ltr'>ἡ</span> <span class='ocrx_word' id='word_1_262' title='bbox 3248 1783 3354 1835; x_wconf 84' lang='grc' dir='ltr'>τῶν</span> <span class='ocrx_word' id='word_1_263' title='bbox 3384 1782 3695 1849; x_wconf 65' lang='grc' dir='ltr'>Αἰγυπτίων)</span> 
     </span>
    </p>
   </div>
   <div class='ocr_carea' id='block_1_36' title="bbox 445 1874 2013 1953">
    <p class='ocr_par' dir='ltr' id='par_1_36' title="bbox 445 1874 2013 1953">
     <span class='ocr_line' id='line_1_36' title="bbox 445 1874 2013 1953; baseline -0.014 -12"><span class='ocrx_word' id='word_1_264' title='bbox 445 1888 562 1941; x_wconf 63' lang='lat' dir='ltr'><strong>tice</strong></span> <span class='ocrx_word' id='word_1_265' title='bbox 592 1880 896 1953; x_wconf 83' lang='lat' dir='ltr'><strong>iniquitatis</strong></span> <span class='ocrx_word' id='word_1_266' title='bbox 929 1874 1289 1947; x_wconf 73' lang='lat' dir='ltr'><strong>gravissimus</strong></span> <span class='ocrx_word' id='word_1_267' title='bbox 1322 1874 1413 1927; x_wconf 90' lang='lat' dir='ltr'><strong>ille</strong></span> <span class='ocrx_word' id='word_1_268' title='bbox 1464 1874 1687 1925; x_wconf 84' lang='lat' dir='ltr'><strong>morbus</strong></span> <span class='ocrx_word' id='word_1_269' title='bbox 1722 1876 1888 1939; x_wconf 84' lang='lat' dir='ltr'><strong>caput</strong></span> <span class='ocrx_word' id='word_1_270' title='bbox 1916 1882 2013 1922; x_wconf 75' lang='lat' dir='ltr'><strong>ex-</strong></span> 
     </span>
    </p>
   </div>
   <div class='ocr_carea' id='block_1_37' title="bbox 445 1962 2018 2043">
    <p class='ocr_par' dir='ltr' id='par_1_37' title="bbox 445 1962 2018 2043">
     <span class='ocr_line' id='line_1_37' title="bbox 445 1962 2018 2043; baseline -0.013 -10"><span class='ocrx_word' id='word_1_271' title='bbox 445 1985 704 2041; x_wconf 86' lang='lat' dir='ltr'><strong>eruerat;</strong></span> <span class='ocrx_word' id='word_1_272' title='bbox 737 1987 911 2043; x_wconf 86' lang='lat' dir='ltr'><strong>neque</strong></span> <span class='ocrx_word' id='word_1_273' title='bbox 942 1966 1324 2037; x_wconf 65' lang='lat' dir='ltr'><strong>Egyptiorum</strong></span> <span class='ocrx_word' id='word_1_274' title='bbox 1385 1964 1653 2019; x_wconf 81' lang='lat' dir='ltr'><strong>adversus</strong></span> <span class='ocrx_word' id='word_1_275' title='bbox 1688 1962 1855 2015; x_wconf 88' lang='lat' dir='ltr'><strong>Deum</strong></span> <span class='ocrx_word' id='word_1_276' title='bbox 1917 1974 2018 2030; x_wconf 87' lang='lat' dir='ltr'><strong>pu—</strong></span> 
     </span>
    </p>
   </div>
   <div class='ocr_carea' id='block_1_38' title="bbox 444 2058 2015 2139">
    <p class='ocr_par' dir='ltr' id='par_1_38' title="bbox 444 2058 2015 2139">
     <span class='ocr_line' id='line_1_38' title="bbox 444 2058 2015 2139; baseline -0.015 -15"><span class='ocrx_word' id='word_1_277' title='bbox 444 2085 579 2139; x_wconf 63' lang='lat' dir='ltr'><strong>gna,</strong></span> <span class='ocrx_word' id='word_1_278' title='bbox 626 2080 800 2135; x_wconf 85' lang='lat' dir='ltr'><strong>neque</strong></span> <span class='ocrx_word' id='word_1_279' title='bbox 860 2059 1213 2130; x_wconf 68' lang='lat' dir='ltr'><strong>Assyriorum</strong></span> <span class='ocrx_word' id='word_1_280' title='bbox 1274 2058 1570 2127; x_wconf 85' lang='lat' dir='ltr'><strong>superbia,</strong></span> <span class='ocrx_word' id='word_1_281' title='bbox 1636 2067 1737 2107; x_wconf 83' lang='lat' dir='ltr'><strong>nec</strong></span> <span class='ocrx_word' id='word_1_282' title='bbox 1789 2059 2015 2104; x_wconf 84' lang='lat' dir='ltr'><strong>cruenta</strong></span> 
     </span>
    </p>
   </div>
   <div class='ocr_carea' id='block_1_39' title="bbox 445 2140 2019 2214">
    <p class='ocr_par' dir='ltr' id='par_1_39' title="bbox 445 2140 2019 2214">
     <span class='ocr_line' id='line_1_39' title="bbox 445 2140 2019 2214; baseline -0.014 0"><span class='ocrx_word' id='word_1_283' title='bbox 445 2160 752 2214; x_wconf 65' lang='lat' dir='ltr'><strong>.ludaaorum</strong></span> <span class='ocrx_word' id='word_1_284' title='bbox 782 2155 836 2207; x_wconf 92' lang='lat' dir='ltr'><strong>iu</strong></span> <span class='ocrx_word' id='word_1_285' title='bbox 879 2150 972 2206; x_wconf 80' lang='lat' dir='ltr'><strong>Dei</strong></span> <span class='ocrx_word' id='word_1_286' title='bbox 1013 2156 1234 2205; x_wconf 73' lang='lat' dir='ltr'><strong>sanctos</strong></span> <span class='ocrx_word' id='word_1_287' title='bbox 1266 2147 1477 2203; x_wconf 74' lang='lat' dir='ltr'><strong>saevitia</strong></span> <span class='ocrx_word' id='word_1_288' title='bbox 1502 2186 1517 2210; x_wconf 92' lang='lat'><strong>,</strong></span> <span class='ocrx_word' id='word_1_289' title='bbox 1575 2156 1751 2213; x_wconf 87' lang='lat' dir='ltr'><strong>neque</strong></span> <span class='ocrx_word' id='word_1_290' title='bbox 1811 2140 2019 2195; x_wconf 82' lang='lat' dir='ltr'><strong>nefaria</strong></span> 
     </span>
    </p>
   </div>
   <div class='ocr_carea' id='block_1_40' title="bbox 447 2235 2021 2303">
    <p class='ocr_par' dir='ltr' id='par_1_40' title="bbox 447 2235 2021 2303">
     <span class='ocr_line' id='line_1_40' title="bbox 447 2235 2021 2303; baseline -0.013 0"><span class='ocrx_word' id='word_1_291' title='bbox 447 2248 519 2303; x_wconf 85' lang='lat' dir='ltr'><strong>ab</strong></span> <span class='ocrx_word' id='word_1_292' title='bbox 546 2243 758 2300; x_wconf 78' lang='lat' dir='ltr'><strong>Herode</strong></span> <span class='ocrx_word' id='word_1_293' title='bbox 778 2239 922 2295; x_wconf 88' lang='lat' dir='ltr'><strong>facta</strong></span> <span class='ocrx_word' id='word_1_294' title='bbox 950 2237 1128 2293; x_wconf 66' lang='lat' dir='ltr'><strong>caedes</strong></span> <span class='ocrx_word' id='word_1_295' title='bbox 1156 2235 1447 2293; x_wconf 86' lang='lat' dir='ltr'><strong>infantium</strong></span> <span class='ocrx_word' id='word_1_296' title='bbox 1479 2272 1495 2298; x_wconf 91' lang='lat'><strong>,</strong></span> <span class='ocrx_word' id='word_1_297' title='bbox 1528 2247 1631 2286; x_wconf 88' lang='lat' dir='ltr'><strong>nec</strong></span> <span class='ocrx_word' id='word_1_298' title='bbox 1682 2242 2021 2300; x_wconf 58' lang='lat' dir='ltr'><strong>quaecunque</strong></span> 
     </span>
    </p>
   </div>
   <div class='ocr_carea' id='block_1_41' title="bbox 449 2324 2020 2393">
    <p class='ocr_par' dir='ltr' id='par_1_41' title="bbox 449 2324 2020 2393">
     <span class='ocr_line' id='line_1_41' title="bbox 449 2324 2020 2393; baseline -0.012 0"><span class='ocrx_word' id='word_1_299' title='bbox 449 2339 554 2393; x_wconf 87' lang='lat' dir='ltr'><strong>alia</strong></span> <span class='ocrx_word' id='word_1_300' title='bbox 588 2336 890 2391; x_wconf 84' lang='lat' dir='ltr'><strong>litterarum</strong></span> <span class='ocrx_word' id='word_1_301' title='bbox 923 2329 1292 2386; x_wconf 84' lang='lat' dir='ltr'><strong>monumentis</strong></span> <span class='ocrx_word' id='word_1_302' title='bbox 1320 2336 1450 2383; x_wconf 87' lang='lat' dir='ltr'><strong>sunt</strong></span> <span class='ocrx_word' id='word_1_303' title='bbox 1479 2324 1757 2389; x_wconf 86' lang='lat' dir='ltr'><strong>mandata,</strong></span> <span class='ocrx_word' id='word_1_304' title='bbox 1785 2330 1840 2377; x_wconf 88' lang='lat' dir='ltr'><strong>et</strong></span> <span class='ocrx_word' id='word_1_305' title='bbox 1873 2337 2020 2391; x_wconf 70' lang='lat' dir='ltr'><strong>qua:-</strong></span> 
     </span>
    </p>
   </div>
   <div class='ocr_carea' id='block_1_42' title="bbox 447 2413 2020 2497">
    <p class='ocr_par' dir='ltr' id='par_1_42' title="bbox 447 2413 2020 2497">
     <span class='ocr_line' id='line_1_42' title="bbox 447 2413 2020 2497; baseline -0.013 -12"><span class='ocrx_word' id='word_1_306' title='bbox 447 2441 661 2497; x_wconf 84' lang='lat' dir='ltr'><strong>cunque</strong></span> <span class='ocrx_word' id='word_1_307' title='bbox 696 2425 753 2481; x_wconf 80' lang='lat' dir='ltr'><strong>in</strong></span> <span class='ocrx_word' id='word_1_308' title='bbox 786 2423 1071 2494; x_wconf 79' lang='lat' dir='ltr'><strong>gentilium</strong></span> <span class='ocrx_word' id='word_1_309' title='bbox 1119 2420 1348 2474; x_wconf 83' lang='lat' dir='ltr'><strong>historia</strong></span> <span class='ocrx_word' id='word_1_310' title='bbox 1391 2413 1856 2485; x_wconf 81' lang='lat' dir='ltr'><strong>consequentibus</strong></span> <span class='ocrx_word' id='word_1_311' title='bbox 1917 2428 2020 2465; x_wconf 67' lang='lat' dir='ltr'><strong>sa:-</strong></span> 
     </span>
    </p>
   </div>
   <div class='ocr_carea' id='block_1_43' title="bbox 448 2504 2022 2588">
    <p class='ocr_par' dir='ltr' id='par_1_43' title="bbox 448 2504 2022 2588">
     <span class='ocr_line' id='line_1_43' title="bbox 448 2504 2022 2588; baseline -0.015 -9"><span class='ocrx_word' id='word_1_312' title='bbox 448 2521 587 2579; x_wconf 82' lang='lat' dir='ltr'><strong>culis</strong></span> <span class='ocrx_word' id='word_1_313' title='bbox 618 2523 764 2588; x_wconf 77' lang='lat' dir='ltr'><strong>gesta</strong></span> <span class='ocrx_word' id='word_1_314' title='bbox 795 2521 1128 2578; x_wconf 86' lang='lat' dir='ltr'><strong>narrantur,</strong></span> <span class='ocrx_word' id='word_1_315' title='bbox 1156 2526 1280 2567; x_wconf 88' lang='lat' dir='ltr'><strong>cum</strong></span> <span class='ocrx_word' id='word_1_316' title='bbox 1309 2512 1362 2563; x_wconf 89' lang='lat' dir='ltr'><strong>in</strong></span> <span class='ocrx_word' id='word_1_317' title='bbox 1416 2508 1591 2562; x_wconf 86' lang='lat' dir='ltr'><strong>libero</strong></span> <span class='ocrx_word' id='word_1_318' title='bbox 1620 2504 1901 2559; x_wconf 85' lang='lat' dir='ltr'><strong>hominum</strong></span> <span class='ocrx_word' id='word_1_319' title='bbox 1932 2517 2022 2556; x_wconf 88' lang='lat' dir='ltr'><strong>ar-</strong></span> 
     </span>
    </p>
   </div>
   <div class='ocr_carea' id='block_1_44' title="bbox 450 2597 2020 2670">
    <p class='ocr_par' dir='ltr' id='par_1_44' title="bbox 450 2597 2020 2670">
     <span class='ocr_line' id='line_1_44' title="bbox 450 2597 2020 2670; baseline -0.014 -1"><span class='ocrx_word' id='word_1_320' title='bbox 450 2614 616 2669; x_wconf 82' lang='lat' dir='ltr'><strong>bitrio</strong></span> <span class='ocrx_word' id='word_1_321' title='bbox 642 2604 993 2662; x_wconf 85' lang='lat' dir='ltr'><strong>multifariam</strong></span> <span class='ocrx_word' id='word_1_322' title='bbox 1029 2603 1325 2670; x_wconf 87' lang='lat' dir='ltr'><strong>multisque</strong></span> <span class='ocrx_word' id='word_1_323' title='bbox 1356 2598 1532 2653; x_wconf 85' lang='lat' dir='ltr'><strong>modis</strong></span> <span class='ocrx_word' id='word_1_324' title='bbox 1560 2597 1898 2666; x_wconf 76' lang='lat' dir='ltr'><strong>germinaret</strong></span> <span class='ocrx_word' id='word_1_325' title='bbox 1930 2609 2020 2648; x_wconf 88' lang='lat' dir='ltr'><strong>ra-</strong></span> 
     </span>
    </p>
   </div>
   <div class='ocr_carea' id='block_1_45' title="bbox 451 2686 2021 2766">
    <p class='ocr_par' dir='ltr' id='par_1_45' title="bbox 451 2686 2021 2766">
     <span class='ocr_line' id='line_1_45' title="bbox 451 2686 2021 2766; baseline -0.015 -6"><span class='ocrx_word' id='word_1_326' title='bbox 451 2707 539 2760; x_wconf 78' lang='lat' dir='ltr'><strong>dix</strong></span> <span class='ocrx_word' id='word_1_327' title='bbox 570 2700 707 2758; x_wconf 89' lang='lat' dir='ltr'><strong>vitii.</strong></span> <span class='ocrx_word' id='word_1_328' title='bbox 734 2699 1029 2766; x_wconf 85' lang='lat' dir='ltr'><strong>Postquam</strong></span> <span class='ocrx_word' id='word_1_329' title='bbox 1086 2708 1217 2764; x_wconf 78' lang='lat' dir='ltr'><strong>ergo</strong></span> <span class='ocrx_word' id='word_1_330' title='bbox 1249 2692 1443 2745; x_wconf 86' lang='lat' dir='ltr'><strong>vitium</strong></span> <span class='ocrx_word' id='word_1_331' title='bbox 1487 2688 1733 2760; x_wconf 78' lang='lat' dir='ltr'><strong>pervenit</strong></span> <span class='ocrx_word' id='word_1_332' title='bbox 1771 2686 1838 2739; x_wconf 87' lang='lat' dir='ltr'><strong>ad</strong></span> <span class='ocrx_word' id='word_1_333' title='bbox 1871 2700 2021 2739; x_wconf 89' lang='lat' dir='ltr'><strong>sum-</strong></span> 
     </span>
    </p>
   </div>
   <div class='ocr_carea' id='block_1_46' title="bbox 452 2771 2022 2853">
    <p class='ocr_par' dir='ltr' id='par_1_46' title="bbox 452 2771 2022 2853">
     <span class='ocr_line' id='line_1_46' title="bbox 452 2771 2022 2853; baseline -0.016 -5"><span class='ocrx_word' id='word_1_334' title='bbox 452 2806 620 2853; x_wconf 88' lang='lat' dir='ltr'><strong>mum,</strong></span> <span class='ocrx_word' id='word_1_335' title='bbox 654 2802 754 2843; x_wconf 86' lang='lat' dir='ltr'><strong>nec</strong></span> <span class='ocrx_word' id='word_1_336' title='bbox 780 2794 897 2842; x_wconf 86' lang='lat' dir='ltr'><strong>erat</strong></span> <span class='ocrx_word' id='word_1_337' title='bbox 929 2784 1094 2837; x_wconf 90' lang='lat' dir='ltr'><strong>ullum</strong></span> <span class='ocrx_word' id='word_1_338' title='bbox 1128 2794 1301 2852; x_wconf 76' lang='lat' dir='ltr'><strong>genus</strong></span> <span class='ocrx_word' id='word_1_339' title='bbox 1344 2777 1591 2839; x_wconf 86' lang='lat' dir='ltr'><strong>sceleris,</strong></span> <span class='ocrx_word' id='word_1_340' title='bbox 1627 2774 1776 2845; x_wconf 89' lang='lat' dir='ltr'><strong>quod</strong></span> <span class='ocrx_word' id='word_1_341' title='bbox 1832 2771 2022 2826; x_wconf 87' lang='lat' dir='ltr'><strong>admit-</strong></span> 
     </span>
    </p>
   </div>
   <div class='ocr_carea' id='block_1_47' title="bbox 2117 1871 3694 1945">
    <p class='ocr_par' dir='ltr' id='par_1_47' title="bbox 2117 1871 3694 1945">
     <span class='ocr_line' id='line_1_47' title="bbox 2117 1871 3694 1945; baseline -0.002 -20"><span class='ocrx_word' id='word_1_342' title='bbox 2117 1873 2402 1943; x_wconf 85' lang='grc' dir='ltr'>θεομαχία,</span> <span class='ocrx_word' id='word_1_343' title='bbox 2433 1874 2608 1944; x_wconf 58' lang='lat' dir='ltr'><strong>esset;</strong></span> <span class='ocrx_word' id='word_1_344' title='bbox 2638 1875 2745 1927; x_wconf 83' lang='grc' dir='ltr'>τῶν</span> <span class='ocrx_word' id='word_1_345' title='bbox 2781 1874 3080 1945; x_wconf 83' lang='grc' dir='ltr'>Ἀσσυρίων</span> <span class='ocrx_word' id='word_1_346' title='bbox 3108 1873 3474 1945; x_wconf 79' lang='grc' dir='ltr'>ὑπερηφανία,</span> <span class='ocrx_word' id='word_1_347' title='bbox 3504 1871 3622 1925; x_wconf 71' lang='grc' dir='ltr'>οὐδὲ</span> <span class='ocrx_word' id='word_1_348' title='bbox 3657 1873 3694 1940; x_wconf 79' lang='grc' dir='ltr'><strong>ἡ</strong></span> 
     </span>
    </p>
   </div>
   <div class='ocr_carea' id='block_1_48' title="bbox 2116 1963 3697 2036">
    <p class='ocr_par' dir='ltr' id='par_1_48' title="bbox 2116 1963 3697 2036">
     <span class='ocr_line' id='line_1_48' title="bbox 2116 1963 3697 2036; baseline -0.001 -20"><span class='ocrx_word' id='word_1_349' title='bbox 2116 1964 2210 2017; x_wconf 81' lang='grc' dir='ltr'>τοῦ</span> <span class='ocrx_word' id='word_1_350' title='bbox 2256 1963 2493 2034; x_wconf 79' lang='grc' dir='ltr'>Ἡρώδου</span> <span class='ocrx_word' id='word_1_351' title='bbox 2536 1964 2851 2036; x_wconf 86' lang='grc' dir='ltr'>παράνομος</span> <span class='ocrx_word' id='word_1_352' title='bbox 2903 1965 3239 2033; x_wconf 68' lang='grc' dir='ltr'>παιδοφονία,</span> <span class='ocrx_word' id='word_1_353' title='bbox 3280 1965 3397 2019; x_wconf 79' lang='grc' dir='ltr'>οὐδὲ</span> <span class='ocrx_word' id='word_1_354' title='bbox 3448 1963 3517 2016; x_wconf 75' lang='grc' dir='ltr'><strong>τά</strong></span> <span class='ocrx_word' id='word_1_355' title='bbox 3562 1963 3697 2015; x_wconf 71' lang='grc' dir='ltr'>ἄλλα</span> 
     </span>
    </p>
   </div>
   <div class='ocr_carea' id='block_1_49' title="bbox 2120 2055 3697 2128">
    <p class='ocr_par' dir='ltr' id='par_1_49' title="bbox 2120 2055 3697 2128">
     <span class='ocr_line' id='line_1_49' title="bbox 2120 2055 3697 2128; baseline -0.001 -22"><span class='ocrx_word' id='word_1_356' title='bbox 2120 2055 2297 2109; x_wconf 80' lang='grc' dir='ltr'>πάντα</span> <span class='ocrx_word' id='word_1_357' title='bbox 2336 2056 2439 2111; x_wconf 83' lang='grc' dir='ltr'><strong>ὅσα</strong></span> <span class='ocrx_word' id='word_1_358' title='bbox 2476 2073 2535 2109; x_wconf 87' lang='grc' dir='ltr'><strong>τε</strong></span> <span class='ocrx_word' id='word_1_359' title='bbox 2574 2059 2990 2128; x_wconf 77' lang='grc' dir='ltr'>μνημονεύεται,</span> <span class='ocrx_word' id='word_1_360' title='bbox 3031 2058 3120 2110; x_wconf 72' lang='grc' dir='ltr'><strong>καὶ</strong></span> <span class='ocrx_word' id='word_1_361' title='bbox 3166 2056 3264 2110; x_wconf 76' lang='grc' dir='ltr'>ὅσα</span> <span class='ocrx_word' id='word_1_362' title='bbox 3298 2056 3401 2123; x_wconf 77' lang='grc' dir='ltr'><strong>ἔξω</strong></span> <span class='ocrx_word' id='word_1_363' title='bbox 3426 2056 3523 2125; x_wconf 77' lang='grc' dir='ltr'>τῆς</span> <span class='ocrx_word' id='word_1_364' title='bbox 3553 2056 3697 2106; x_wconf 79' lang='grc' dir='ltr'>ἱστο-</span> 
     </span>
    </p>
   </div>
   <div class='ocr_carea' id='block_1_50' title="bbox 2125 2146 3699 2217">
    <p class='ocr_par' dir='ltr' id='par_1_50' title="bbox 2125 2146 3699 2217">
     <span class='ocr_line' id='line_1_50' title="bbox 2125 2146 3699 2217; baseline -0.001 -20"><span class='ocrx_word' id='word_1_365' title='bbox 2125 2147 2243 2216; x_wconf 87' lang='grc' dir='ltr'>ρίας</span> <span class='ocrx_word' id='word_1_366' title='bbox 2273 2148 2331 2199; x_wconf 81' lang='grc' dir='ltr'><strong>ἐν</strong></span> <span class='ocrx_word' id='word_1_367' title='bbox 2351 2150 2474 2209; x_wconf 80' lang='grc' dir='ltr'>ταῖς</span> <span class='ocrx_word' id='word_1_368' title='bbox 2509 2148 2745 2216; x_wconf 75' lang='grc' dir='ltr'>καθεξῆς</span> <span class='ocrx_word' id='word_1_369' title='bbox 2769 2151 2981 2214; x_wconf 83' lang='grc' dir='ltr'>γενεαῖς</span> <span class='ocrx_word' id='word_1_370' title='bbox 3011 2146 3365 2217; x_wconf 79' lang='grc' dir='ltr'>κατεπράχθη</span> <span class='ocrx_word' id='word_1_371' title='bbox 3390 2163 3404 2177; x_wconf 79' lang='grc' dir='ltr'><strong><em>ο</em></strong></span> <span class='ocrx_word' id='word_1_372' title='bbox 3437 2146 3699 2214; x_wconf 80' lang='grc' dir='ltr'>πολυτρό-</span> 
     </span>
    </p>
   </div>
   <div class='ocr_carea' id='block_1_51' title="bbox 2121 2233 3699 2305">
    <p class='ocr_par' dir='ltr' id='par_1_51' title="bbox 2121 2233 3699 2305">
     <span class='ocr_line' id='line_1_51' title="bbox 2121 2233 3699 2305; baseline -0.003 -19"><span class='ocrx_word' id='word_1_373' title='bbox 2121 2251 2239 2298; x_wconf 83' lang='grc' dir='ltr'><strong>πως</strong></span> <span class='ocrx_word' id='word_1_374' title='bbox 2266 2236 2365 2305; x_wconf 82' lang='grc' dir='ltr'>τῆς</span> <span class='ocrx_word' id='word_1_375' title='bbox 2385 2236 2478 2288; x_wconf 82' lang='grc' dir='ltr'>τοῦ</span> <span class='ocrx_word' id='word_1_376' title='bbox 2505 2235 2676 2288; x_wconf 84' lang='grc' dir='ltr'><strong>κακοῦ</strong></span> <span class='ocrx_word' id='word_1_377' title='bbox 2703 2234 2861 2305; x_wconf 75' lang='grc' dir='ltr'>ῥίζης</span> <span class='ocrx_word' id='word_1_378' title='bbox 2884 2238 2941 2286; x_wconf 89' lang='grc' dir='ltr'><strong>ἐν</strong></span> <span class='ocrx_word' id='word_1_379' title='bbox 2962 2238 3083 2297; x_wconf 85' lang='grc' dir='ltr'>ταῖς</span> <span class='ocrx_word' id='word_1_380' title='bbox 3107 2235 3216 2287; x_wconf 84' lang='grc' dir='ltr'><strong>τῶν</strong></span> <span class='ocrx_word' id='word_1_381' title='bbox 3242 2233 3545 2304; x_wconf 78' lang='grc' dir='ltr'>ἀνθρώπων</span> <span class='ocrx_word' id='word_1_382' title='bbox 3571 2250 3699 2303; x_wconf 86' lang='grc' dir='ltr'>προ-</span> 
     </span>
    </p>
   </div>
   <div class='ocr_carea' id='block_1_52' title="bbox 2121 2321 3697 2397">
    <p class='ocr_par' dir='ltr' id='par_1_52' title="bbox 2121 2321 3697 2397">
     <span class='ocr_line' id='line_1_52' title="bbox 2121 2321 3697 2397; baseline -0.002 -19"><span class='ocrx_word' id='word_1_383' title='bbox 2121 2326 2363 2396; x_wconf 81' lang='grc' dir='ltr'>αιρέσεσι</span> <span class='ocrx_word' id='word_1_384' title='bbox 2402 2326 2819 2397; x_wconf 81' lang='grc' dir='ltr'>βλαστανούσης.</span> <span class='ocrx_word' id='word_1_385' title='bbox 2862 2325 3013 2378; x_wconf 71' lang='grc' dir='ltr'>Ἐπεὶ</span> <span class='ocrx_word' id='word_1_386' title='bbox 3041 2321 3134 2378; x_wconf 74' lang='grc' dir='ltr'><strong>οὖν</strong></span> <span class='ocrx_word' id='word_1_387' title='bbox 3162 2326 3297 2395; x_wconf 72' lang='grc' dir='ltr'>πρὸς</span> <span class='ocrx_word' id='word_1_388' title='bbox 3317 2325 3378 2378; x_wconf 81' lang='grc' dir='ltr'>τὸ</span> <span class='ocrx_word' id='word_1_389' title='bbox 3400 2325 3697 2395; x_wconf 81' lang='grc' dir='ltr'>ἀκρότατον</span> 
     </span>
    </p>
   </div>
   <div class='ocr_carea' id='block_1_53' title="bbox 2122 2409 3700 2486">
    <p class='ocr_par' dir='ltr' id='par_1_53' title="bbox 2122 2409 3700 2486">
     <span class='ocr_line' id='line_1_53' title="bbox 2122 2409 3700 2486; baseline -0.001 -20"><span class='ocrx_word' id='word_1_390' title='bbox 2122 2414 2325 2482; x_wconf 76' lang='grc' dir='ltr'>ἔφθασε</span> <span class='ocrx_word' id='word_1_391' title='bbox 2358 2415 2553 2486; x_wconf 81' lang='grc' dir='ltr'>μέτρον</span> <span class='ocrx_word' id='word_1_392' title='bbox 2582 2417 2613 2486; x_wconf 89' lang='grc' dir='ltr'><strong>ή</strong></span> <span class='ocrx_word' id='word_1_393' title='bbox 2650 2416 2838 2476; x_wconf 82' lang='grc' dir='ltr'>κακία,</span> <span class='ocrx_word' id='word_1_394' title='bbox 2862 2417 2955 2469; x_wconf 69' lang='grc' dir='ltr'>καὶ</span> <span class='ocrx_word' id='word_1_395' title='bbox 2983 2415 3134 2467; x_wconf 74' lang='grc' dir='ltr'>οὐδὲν</span> <span class='ocrx_word' id='word_1_396' title='bbox 3159 2416 3238 2467; x_wconf 79' lang='grc' dir='ltr'>ἔτι</span> <span class='ocrx_word' id='word_1_397' title='bbox 3273 2414 3534 2483; x_wconf 75' lang='grc' dir='ltr'>πονηρίας</span> <span class='ocrx_word' id='word_1_398' title='bbox 3562 2409 3700 2474; x_wconf 67' lang='grc' dir='ltr'>εἶδος</span> 
     </span>
    </p>
   </div>
   <div class='ocr_carea' id='block_1_54' title="bbox 2124 2502 3703 2578">
    <p class='ocr_par' dir='ltr' id='par_1_54' title="bbox 2124 2502 3703 2578">
     <span class='ocr_line' id='line_1_54' title="bbox 2124 2502 3703 2578; baseline -0.001 -21"><span class='ocrx_word' id='word_1_399' title='bbox 2124 2506 2183 2558; x_wconf 83' lang='grc' dir='ltr'>ὲν</span> <span class='ocrx_word' id='word_1_400' title='bbox 2217 2509 2326 2568; x_wconf 83' lang='grc' dir='ltr'>τοῖς</span> <span class='ocrx_word' id='word_1_401' title='bbox 2372 2507 2679 2578; x_wconf 84' lang='grc' dir='ltr'>ἀνθρώποις</span> <span class='ocrx_word' id='word_1_402' title='bbox 2709 2508 3009 2576; x_wconf 80' lang='grc' dir='ltr'>ἀτόλμητον</span> <span class='ocrx_word' id='word_1_403' title='bbox 3035 2502 3123 2577; x_wconf 83' lang='grc' dir='ltr'>ἦν,</span> <span class='ocrx_word' id='word_1_404' title='bbox 3168 2504 3245 2567; x_wconf 82' lang='grc' dir='ltr'><strong>ὡς</strong></span> <span class='ocrx_word' id='word_1_405' title='bbox 3292 2504 3357 2557; x_wconf 80' lang='grc' dir='ltr'><strong>ἂν</strong></span> <span class='ocrx_word' id='word_1_406' title='bbox 3384 2505 3470 2556; x_wconf 83' lang='grc' dir='ltr'><strong>διά</strong></span> <span class='ocrx_word' id='word_1_407' title='bbox 3518 2504 3703 2571; x_wconf 80' lang='grc' dir='ltr'>πάσης</span> 
     </span>
    </p>
   </div>
   <div class='ocr_carea' id='block_1_55' title="bbox 2125 2596 3705 2668">
    <p class='ocr_par' dir='ltr' id='par_1_55' title="bbox 2125 2596 3705 2668">
     <span class='ocr_line' id='line_1_55' title="bbox 2125 2596 3705 2668; baseline -0.001 -20"><span class='ocrx_word' id='word_1_408' title='bbox 2125 2597 2223 2667; x_wconf 83' lang='grc' dir='ltr'>τῆς</span> <span class='ocrx_word' id='word_1_409' title='bbox 2241 2597 2550 2668; x_wconf 74' lang='grc' dir='ltr'>ἀρρωστίας</span> <span class='ocrx_word' id='word_1_410' title='bbox 2577 2600 2981 2668; x_wconf 78' lang='grc' dir='ltr'>προχωρήσειεν</span> <span class='ocrx_word' id='word_1_411' title='bbox 3008 2600 3039 2668; x_wconf 82' lang='grc' dir='ltr'><strong>ή</strong></span> <span class='ocrx_word' id='word_1_412' title='bbox 3080 2596 3359 2667; x_wconf 83' lang='grc' dir='ltr'>θεραπεία,</span> <span class='ocrx_word' id='word_1_413' title='bbox 3390 2600 3576 2647; x_wconf 75' lang='grc' dir='ltr'>τούτου</span> <span class='ocrx_word' id='word_1_414' title='bbox 3605 2596 3705 2663; x_wconf 76' lang='grc' dir='ltr'>χά-</span> 
     </span>
    </p>
   </div>
   <div class='ocr_carea' id='block_1_56' title="bbox 2133 2686 3703 2760">
    <p class='ocr_par' dir='ltr' id='par_1_56' title="bbox 2133 2686 3703 2760">
     <span class='ocr_line' id='line_1_56' title="bbox 2133 2686 3703 2760; baseline -0.002 -21"><span class='ocrx_word' id='word_1_415' title='bbox 2133 2704 2215 2758; x_wconf 89' lang='grc' dir='ltr'><strong>ριν</strong></span> <span class='ocrx_word' id='word_1_416' title='bbox 2242 2688 2342 2740; x_wconf 81' lang='grc' dir='ltr'>οὐκ</span> <span class='ocrx_word' id='word_1_417' title='bbox 2372 2688 2703 2760; x_wconf 71' lang='grc' dir='ltr'>ἀρχομένην,</span> <span class='ocrx_word' id='word_1_418' title='bbox 2730 2688 2865 2742; x_wconf 80' lang='grc' dir='ltr'>ἀλλὰ</span> <span class='ocrx_word' id='word_1_419' title='bbox 2886 2689 3263 2741; x_wconf 80' lang='grc' dir='ltr'>τελειωθεῖσαν</span> <span class='ocrx_word' id='word_1_420' title='bbox 3292 2687 3453 2758; x_wconf 71' lang='grc' dir='ltr'>θερατ</span> <span class='ocrx_word' id='word_1_421' title='bbox 3470 2686 3579 2737; x_wconf 69' lang='grc' dir='ltr'>εὕει</span> <span class='ocrx_word' id='word_1_422' title='bbox 3603 2686 3703 2755; x_wconf 76' lang='grc' dir='ltr'>τὴν</span> 
     </span>
    </p>
   </div>
   <div class='ocr_carea' id='block_1_57' title="bbox 2135 2787 2310 2831">
    <p class='ocr_par' dir='ltr' id='par_1_57' title="bbox 2135 2787 2310 2831">
     <span class='ocr_line' id='line_1_57' title="bbox 2135 2787 2310 2831; baseline 0.006 -2"><span class='ocrx_word' id='word_1_423' title='bbox 2135 2787 2310 2831; x_wconf 79' lang='grc' dir='ltr'>νόσον.</span> 
     </span>
    </p>
   </div>
   <div class='ocr_carea' id='block_1_58' title="bbox 451 2864 3702 2939">
    <p class='ocr_par' dir='ltr' id='par_1_58' title="bbox 451 2864 3702 2939">
     <span class='ocr_line' id='line_1_58' title="bbox 451 2864 3702 2939; baseline -0.007 1"><span class='ocrx_word' id='word_1_424' title='bbox 451 2897 564 2939; x_wconf 88' lang='lat' dir='ltr'><strong>tere</strong></span> <span class='ocrx_word' id='word_1_425' title='bbox 594 2894 702 2937; x_wconf 88' lang='lat' dir='ltr'><strong>non</strong></span> <span class='ocrx_word' id='word_1_426' title='bbox 731 2877 853 2934; x_wconf 86' lang='lat' dir='ltr'><strong>ausi</strong></span> <span class='ocrx_word' id='word_1_427' title='bbox 880 2881 1064 2932; x_wconf 79' lang='lat' dir='ltr'><strong>essent</strong></span> <span class='ocrx_word' id='word_1_428' title='bbox 1096 2872 1365 2935; x_wconf 88' lang='lat' dir='ltr'><strong>homines,</strong></span> <span class='ocrx_word' id='word_1_429' title='bbox 1395 2879 1452 2923; x_wconf 91' lang='lat' dir='ltr'><strong>ut</strong></span> <span class='ocrx_word' id='word_1_430' title='bbox 1486 2883 1581 2938; x_wconf 90' lang='lat' dir='ltr'><strong>per</strong></span> <span class='ocrx_word' id='word_1_431' title='bbox 1632 2878 1850 2921; x_wconf 90' lang='lat' dir='ltr'><strong>omnem</strong></span> <span class='ocrx_word' id='word_1_432' title='bbox 1916 2864 2295 2934; x_wconf 64' lang='lat' dir='ltr'><strong>aegritudinem</strong></span> <span class='ocrx_word' id='word_1_433' title='bbox 2368 2869 2691 2939; x_wconf 83' lang='lat' dir='ltr'><strong>pervaderet</strong></span> <span class='ocrx_word' id='word_1_434' title='bbox 2756 2870 3048 2935; x_wconf 82' lang='lat' dir='ltr'><strong>medicina,</strong></span> <span class='ocrx_word' id='word_1_435' title='bbox 3122 2885 3185 2927; x_wconf 89' lang='lat' dir='ltr'><strong>ea</strong></span> <span class='ocrx_word' id='word_1_436' title='bbox 3241 2871 3309 2926; x_wconf 86' lang='lat' dir='ltr'><strong>de</strong></span> <span class='ocrx_word' id='word_1_437' title='bbox 3364 2884 3527 2924; x_wconf 84' lang='lat' dir='ltr'><strong>causa</strong></span> <span class='ocrx_word' id='word_1_438' title='bbox 3592 2882 3702 2920; x_wconf 87' lang='lat' dir='ltr'><strong>non</strong></span> 
     </span>
    </p>
   </div>
   <div class='ocr_carea' id='block_1_59' title="bbox 452 2961 1902 3047">
    <p class='ocr_par' dir='ltr' id='par_1_59' title="bbox 452 2961 1902 3047">
     <span class='ocr_line' id='line_1_59' title="bbox 452 2961 1902 3047; baseline -0.014 -17"><span class='ocrx_word' id='word_1_439' title='bbox 452 2974 823 3047; x_wconf 85' lang='lat' dir='ltr'><strong>incipientem,</strong></span> <span class='ocrx_word' id='word_1_440' title='bbox 849 2968 944 3025; x_wconf 88' lang='lat' dir='ltr'><strong>sed</strong></span> <span class='ocrx_word' id='word_1_441' title='bbox 966 2967 1078 3036; x_wconf 83' lang='lat' dir='ltr'><strong>jam</strong></span> <span class='ocrx_word' id='word_1_442' title='bbox 1110 2964 1413 3035; x_wconf 75' lang='lat' dir='ltr'><strong>perfectum</strong></span> <span class='ocrx_word' id='word_1_443' title='bbox 1444 2961 1692 3016; x_wconf 86' lang='lat' dir='ltr'><strong>morbum</strong></span> <span class='ocrx_word' id='word_1_444' title='bbox 1724 2965 1902 3015; x_wconf 87' lang='lat' dir='ltr'><strong>curat.</strong></span> 
     </span>
    </p>
   </div>
   <div class='ocr_carea' id='block_1_60' title="bbox 1016 3047 1457 3115">
    <p class='ocr_par' dir='ltr' id='par_1_60' title="bbox 1016 3047 1457 3115">
     <span class='ocr_line' id='line_1_60' title="bbox 1016 3047 1457 3115; baseline -0.009 -1"><span class='ocrx_word' id='word_1_445' title='bbox 1016 3047 1243 3115; x_wconf 79' lang='lat' dir='ltr'><strong>CAPUT</strong></span> <span class='ocrx_word' id='word_1_446' title='bbox 1283 3055 1457 3110; x_wconf 76' lang='lat' dir='ltr'><strong>XXX.</strong></span> 
     </span>
    </p>
   </div>
   <div class='ocr_carea' id='block_1_61' title="bbox 526 3141 2027 3231">
    <p class='ocr_par' dir='ltr' id='par_1_61' title="bbox 526 3141 2027 3231">
     <span class='ocr_line' id='line_1_61' title="bbox 526 3141 2027 3231; baseline -0.014 -16"><span class='ocrx_word' id='word_1_447' title='bbox 526 3160 582 3215; x_wconf 87' lang='lat' dir='ltr'><strong>Si</strong></span> <span class='ocrx_word' id='word_1_448' title='bbox 604 3156 729 3231; x_wconf 88' lang='lat' dir='ltr'><strong>quis</strong></span> <span class='ocrx_word' id='word_1_449' title='bbox 755 3162 933 3211; x_wconf 87' lang='lat' dir='ltr'><strong>autem</strong></span> <span class='ocrx_word' id='word_1_450' title='bbox 960 3153 1239 3208; x_wconf 81' lang='lat' dir='ltr'><strong>existimat</strong></span> <span class='ocrx_word' id='word_1_451' title='bbox 1260 3165 1317 3205; x_wconf 90' lang='lat' dir='ltr'><strong>se</strong></span> <span class='ocrx_word' id='word_1_452' title='bbox 1340 3163 1502 3219; x_wconf 83' lang='lat' dir='ltr'><strong>posse</strong></span> <span class='ocrx_word' id='word_1_453' title='bbox 1525 3146 1774 3202; x_wconf 87' lang='lat' dir='ltr'><strong>refellere</strong></span> <span class='ocrx_word' id='word_1_454' title='bbox 1801 3145 1853 3199; x_wconf 88' lang='lat' dir='ltr'><strong>id</strong></span> <span class='ocrx_word' id='word_1_455' title='bbox 1880 3141 2027 3213; x_wconf 86' lang='lat' dir='ltr'><strong>quod</strong></span> 
     </span>
    </p>
   </div>
   <div class='ocr_carea' id='block_1_62' title="bbox 455 3235 2025 3318">
    <p class='ocr_par' dir='ltr' id='par_1_62' title="bbox 455 3235 2025 3318">
     <span class='ocr_line' id='line_1_62' title="bbox 455 3235 2025 3318; baseline -0.014 -11"><span class='ocrx_word' id='word_1_456' title='bbox 455 3252 707 3312; x_wconf 85' lang='lat' dir='ltr'><strong>dicimus.</strong></span> <span class='ocrx_word' id='word_1_457' title='bbox 756 3248 1017 3318; x_wconf 80' lang='lat' dir='ltr'><strong>quoniam</strong></span> <span class='ocrx_word' id='word_1_458' title='bbox 1068 3244 1232 3298; x_wconf 88' lang='lat' dir='ltr'><strong>etiam</strong></span> <span class='ocrx_word' id='word_1_459' title='bbox 1268 3248 1556 3311; x_wconf 85' lang='lat' dir='ltr'><strong>postquam</strong></span> <span class='ocrx_word' id='word_1_460' title='bbox 1623 3237 1726 3291; x_wconf 91' lang='lat' dir='ltr'><strong>fuit</strong></span> <span class='ocrx_word' id='word_1_461' title='bbox 1782 3235 2025 3289; x_wconf 83' lang='lat' dir='ltr'><strong>adhibita</strong></span> 
     </span>
    </p>
   </div>
   <div class='ocr_carea' id='block_1_63' title="bbox 457 3327 2028 3407">
    <p class='ocr_par' dir='ltr' id='par_1_63' title="bbox 457 3327 2028 3407">
     <span class='ocr_line' id='line_1_63' title="bbox 457 3327 2028 3407; baseline -0.014 -10"><span class='ocrx_word' id='word_1_462' title='bbox 457 3339 745 3405; x_wconf 87' lang='lat' dir='ltr'><strong>medicina,</strong></span> <span class='ocrx_word' id='word_1_463' title='bbox 781 3334 1041 3407; x_wconf 87' lang='lat' dir='ltr'><strong>peccandi</strong></span> <span class='ocrx_word' id='word_1_464' title='bbox 1080 3332 1320 3388; x_wconf 88' lang='lat' dir='ltr'><strong>nondum</strong></span> <span class='ocrx_word' id='word_1_465' title='bbox 1379 3330 1538 3385; x_wconf 85' lang='lat' dir='ltr'><strong>tinem</strong></span> <span class='ocrx_word' id='word_1_466' title='bbox 1603 3327 1738 3381; x_wconf 81' lang='lat' dir='ltr'><strong>facit</strong></span> <span class='ocrx_word' id='word_1_467' title='bbox 1788 3327 2028 3379; x_wconf 82' lang='lat' dir='ltr'><strong>humana</strong></span> 
     </span>
    </p>
   </div>
   <div class='ocr_carea' id='block_1_64' title="bbox 454 3414 2030 3497">
    <p class='ocr_par' dir='ltr' id='par_1_64' title="bbox 454 3414 2030 3497">
     <span class='ocr_line' id='line_1_64' title="bbox 454 3414 2030 3497; baseline -0.016 -8"><span class='ocrx_word' id='word_1_468' title='bbox 454 3434 566 3491; x_wconf 82' lang='lat' dir='ltr'><strong>vita</strong></span> <span class='ocrx_word' id='word_1_469' title='bbox 590 3473 606 3497; x_wconf 90' lang='lat'><strong>,</strong></span> <span class='ocrx_word' id='word_1_470' title='bbox 651 3430 699 3483; x_wconf 90' lang='lat' dir='ltr'><strong>is</strong></span> <span class='ocrx_word' id='word_1_471' title='bbox 728 3428 910 3497; x_wconf 90' lang='lat' dir='ltr'><strong>aliquo</strong></span> <span class='ocrx_word' id='word_1_472' title='bbox 940 3432 1068 3478; x_wconf 88' lang='lat' dir='ltr'><strong>noto</strong></span> <span class='ocrx_word' id='word_1_473' title='bbox 1108 3430 1161 3477; x_wconf 91' lang='lat' dir='ltr'><strong>et</strong></span> <span class='ocrx_word' id='word_1_474' title='bbox 1196 3419 1453 3474; x_wconf 85' lang='lat' dir='ltr'><strong>familiari</strong></span> <span class='ocrx_word' id='word_1_475' title='bbox 1485 3416 1732 3484; x_wconf 77' lang='lat' dir='ltr'><strong>exemplo</strong></span> <span class='ocrx_word' id='word_1_476' title='bbox 1794 3414 2030 3468; x_wconf 84' lang='lat' dir='ltr'><strong>deduca-</strong></span> 
     </span>
    </p>
   </div>
   <div class='ocr_carea' id='block_1_65' title="bbox 457 3507 2029 3583">
    <p class='ocr_par' dir='ltr' id='par_1_65' title="bbox 457 3507 2029 3583">
     <span class='ocr_line' id='line_1_65' title="bbox 457 3507 2029 3583; baseline -0.015 -1"><span class='ocrx_word' id='word_1_477' title='bbox 457 3537 549 3583; x_wconf 89' lang='lat' dir='ltr'><strong>tur</strong></span> <span class='ocrx_word' id='word_1_478' title='bbox 578 3524 644 3578; x_wconf 86' lang='lat' dir='ltr'><strong>ad</strong></span> <span class='ocrx_word' id='word_1_479' title='bbox 695 3522 997 3577; x_wconf 86' lang='lat' dir='ltr'><strong>veritatem.</strong></span> <span class='ocrx_word' id='word_1_480' title='bbox 1033 3512 1322 3581; x_wconf 87' lang='lat' dir='ltr'><strong>Quomodo</strong></span> <span class='ocrx_word' id='word_1_481' title='bbox 1350 3510 1495 3567; x_wconf 88' lang='lat' dir='ltr'><strong>enim</strong></span> <span class='ocrx_word' id='word_1_482' title='bbox 1536 3509 1592 3563; x_wconf 90' lang='lat' dir='ltr'><strong>in</strong></span> <span class='ocrx_word' id='word_1_483' title='bbox 1648 3514 1922 3577; x_wconf 86' lang='lat' dir='ltr'><strong>serpente,</strong></span> <span class='ocrx_word' id='word_1_484' title='bbox 1983 3507 2029 3560; x_wconf 89' lang='lat' dir='ltr'><strong>si</strong></span> 
     </span>
    </p>
   </div>
   <div class='ocr_carea' id='block_1_66' title="bbox 459 3598 2029 3681">
    <p class='ocr_par' dir='ltr' id='par_1_66' title="bbox 459 3598 2029 3681">
     <span class='ocr_line' id='line_1_66' title="bbox 459 3598 2029 3681; baseline -0.015 -8"><span class='ocrx_word' id='word_1_485' title='bbox 459 3615 798 3673; x_wconf 86' lang='lat' dir='ltr'><strong>mortiferum</strong></span> <span class='ocrx_word' id='word_1_486' title='bbox 827 3609 1049 3681; x_wconf 86' lang='lat' dir='ltr'><strong>aliquod</strong></span> <span class='ocrx_word' id='word_1_487' title='bbox 1072 3608 1273 3661; x_wconf 85' lang='lat' dir='ltr'><strong>vulnus</strong></span> <span class='ocrx_word' id='word_1_488' title='bbox 1306 3603 1361 3657; x_wconf 86' lang='lat' dir='ltr'><strong>in</strong></span> <span class='ocrx_word' id='word_1_489' title='bbox 1384 3601 1565 3672; x_wconf 85' lang='lat' dir='ltr'><strong>capite</strong></span> <span class='ocrx_word' id='word_1_490' title='bbox 1594 3598 1889 3669; x_wconf 85' lang='lat' dir='ltr'><strong>acceperit,</strong></span> <span class='ocrx_word' id='word_1_491' title='bbox 1922 3612 2029 3651; x_wconf 91' lang='lat' dir='ltr'><strong>non</strong></span> 
     </span>
    </p>
   </div>
   <div class='ocr_carea' id='block_1_67' title="bbox 460 3688 2031 3768">
    <p class='ocr_par' dir='ltr' id='par_1_67' title="bbox 460 3688 2031 3768">
     <span class='ocr_line' id='line_1_67' title="bbox 460 3688 2031 3768; baseline -0.016 -2"><span class='ocrx_word' id='word_1_492' title='bbox 460 3710 642 3765; x_wconf 87' lang='lat' dir='ltr'><strong>statim</strong></span> <span class='ocrx_word' id='word_1_493' title='bbox 674 3703 834 3760; x_wconf 84' lang='lat' dir='ltr'><strong>simul</strong></span> <span class='ocrx_word' id='word_1_494' title='bbox 860 3716 983 3755; x_wconf 90' lang='lat' dir='ltr'><strong>cum</strong></span> <span class='ocrx_word' id='word_1_495' title='bbox 1015 3698 1193 3768; x_wconf 87' lang='lat' dir='ltr'><strong>capite</strong></span> <span class='ocrx_word' id='word_1_496' title='bbox 1231 3702 1403 3750; x_wconf 89' lang='lat' dir='ltr'><strong>morte</strong></span> <span class='ocrx_word' id='word_1_497' title='bbox 1447 3691 1678 3746; x_wconf 74' lang='lat' dir='ltr'><strong>afﬁcitur</strong></span> <span class='ocrx_word' id='word_1_498' title='bbox 1727 3692 1888 3745; x_wconf 89' lang='lat' dir='ltr'><strong>etiam</strong></span> <span class='ocrx_word' id='word_1_499' title='bbox 1940 3688 2031 3758; x_wconf 76' lang='lat' dir='ltr'><strong>qui</strong></span> 
     </span>
    </p>
   </div>
   <div class='ocr_carea' id='block_1_68' title="bbox 462 3782 2029 3871">
    <p class='ocr_par' dir='ltr' id='par_1_68' title="bbox 462 3782 2029 3871">
     <span class='ocr_line' id='line_1_68' title="bbox 462 3782 2029 3871; baseline -0.015 -17"><span class='ocrx_word' id='word_1_500' title='bbox 462 3816 601 3871; x_wconf 90' lang='lat' dir='ltr'><strong>pone</strong></span> <span class='ocrx_word' id='word_1_501' title='bbox 625 3807 707 3853; x_wconf 88' lang='lat' dir='ltr'><strong>cst</strong></span> <span class='ocrx_word' id='word_1_502' title='bbox 735 3800 964 3856; x_wconf 89' lang='lat' dir='ltr'><strong>tractus,</strong></span> <span class='ocrx_word' id='word_1_503' title='bbox 996 3790 1091 3846; x_wconf 88' lang='lat' dir='ltr'><strong>sed</strong></span> <span class='ocrx_word' id='word_1_504' title='bbox 1135 3793 1413 3842; x_wconf 89' lang='lat' dir='ltr'><strong>mortuum</strong></span> <span class='ocrx_word' id='word_1_505' title='bbox 1447 3782 1667 3853; x_wconf 88' lang='lat' dir='ltr'><strong>quidem</strong></span> <span class='ocrx_word' id='word_1_506' title='bbox 1704 3789 1790 3836; x_wconf 87' lang='lat' dir='ltr'><strong>est</strong></span> <span class='ocrx_word' id='word_1_507' title='bbox 1844 3788 2029 3849; x_wconf 90' lang='lat' dir='ltr'><strong>caput,</strong></span> 
     </span>
    </p>
   </div>
   <div class='ocr_carea' id='block_1_69' title="bbox 461 3873 2033 3954">
    <p class='ocr_par' dir='ltr' id='par_1_69' title="bbox 461 3873 2033 3954">
     <span class='ocr_line' id='line_1_69' title="bbox 461 3873 2033 3954; baseline -0.014 -8"><span class='ocrx_word' id='word_1_508' title='bbox 461 3890 636 3946; x_wconf 84' lang='lat' dir='ltr'><strong>cauda</strong></span> <span class='ocrx_word' id='word_1_509' title='bbox 665 3896 844 3943; x_wconf 89' lang='lat' dir='ltr'><strong>autem</strong></span> <span class='ocrx_word' id='word_1_510' title='bbox 879 3882 1102 3954; x_wconf 90' lang='lat' dir='ltr'><strong>proprio</strong></span> <span class='ocrx_word' id='word_1_511' title='bbox 1133 3879 1319 3933; x_wconf 89' lang='lat' dir='ltr'><strong>animo</strong></span> <span class='ocrx_word' id='word_1_512' title='bbox 1352 3877 1532 3930; x_wconf 90' lang='lat' dir='ltr'><strong>adhuc</strong></span> <span class='ocrx_word' id='word_1_513' title='bbox 1569 3881 1652 3930; x_wconf 87' lang='lat' dir='ltr'><strong>est</strong></span> <span class='ocrx_word' id='word_1_514' title='bbox 1684 3873 1945 3934; x_wconf 89' lang='lat' dir='ltr'><strong>animata,</strong></span> <span class='ocrx_word' id='word_1_515' title='bbox 1980 3879 2033 3925; x_wconf 90' lang='lat' dir='ltr'><strong>et</strong></span> 
     </span>
    </p>
   </div>
   <div class='ocr_carea' id='block_1_70' title="bbox 461 3961 2032 4039">
    <p class='ocr_par' dir='ltr' id='par_1_70' title="bbox 461 3961 2032 4039">
     <span class='ocr_line' id='line_1_70' title="bbox 461 3961 2032 4039; baseline -0.017 -1"><span class='ocrx_word' id='word_1_516' title='bbox 461 3980 611 4039; x_wconf 80' lang='lat' dir='ltr'><strong>vitali</strong></span> <span class='ocrx_word' id='word_1_517' title='bbox 649 3979 844 4033; x_wconf 87' lang='lat' dir='ltr'><strong>virtute</strong></span> <span class='ocrx_word' id='word_1_518' title='bbox 875 3988 982 4028; x_wconf 87' lang='lat' dir='ltr'><strong>non</strong></span> <span class='ocrx_word' id='word_1_519' title='bbox 1018 3979 1105 4027; x_wconf 90' lang='lat' dir='ltr'><strong>est</strong></span> <span class='ocrx_word' id='word_1_520' title='bbox 1134 3969 1347 4039; x_wconf 88' lang='lat' dir='ltr'><strong>privata</strong></span> <span class='ocrx_word' id='word_1_521' title='bbox 1382 3984 1395 4020; x_wconf 92' lang='lat'><strong>:</strong></span> <span class='ocrx_word' id='word_1_522' title='bbox 1438 3967 1513 4019; x_wconf 88' lang='lat' dir='ltr'><strong>ita</strong></span> <span class='ocrx_word' id='word_1_523' title='bbox 1557 3962 1722 4018; x_wconf 87' lang='lat' dir='ltr'><strong>etiam</strong></span> <span class='ocrx_word' id='word_1_524' title='bbox 1777 3961 1906 4015; x_wconf 89' lang='lat' dir='ltr'><strong>licet</strong></span> <span class='ocrx_word' id='word_1_525' title='bbox 1947 3961 2032 4014; x_wconf 84' lang='lat' dir='ltr'><strong>vi-</strong></span> 
     </span>
    </p>
   </div>
   <div class='ocr_carea' id='block_1_71' title="bbox 464 4052 2032 4132">
    <p class='ocr_par' dir='ltr' id='par_1_71' title="bbox 464 4052 2032 4132">
     <span class='ocr_line' id='line_1_71' title="bbox 464 4052 2032 4132; baseline -0.017 -2"><span class='ocrx_word' id='word_1_526' title='bbox 464 4076 594 4129; x_wconf 90' lang='lat' dir='ltr'><strong>dere</strong></span> <span class='ocrx_word' id='word_1_527' title='bbox 620 4069 812 4125; x_wconf 89' lang='lat' dir='ltr'><strong>vitium</strong></span> <span class='ocrx_word' id='word_1_528' title='bbox 844 4064 1061 4121; x_wconf 87' lang='lat' dir='ltr'><strong>letifero</strong></span> <span class='ocrx_word' id='word_1_529' title='bbox 1086 4060 1307 4132; x_wconf 85' lang='lat' dir='ltr'><strong>quidem</strong></span> <span class='ocrx_word' id='word_1_530' title='bbox 1338 4058 1564 4113; x_wconf 90' lang='lat' dir='ltr'><strong>vulnere</strong></span> <span class='ocrx_word' id='word_1_531' title='bbox 1605 4052 1939 4115; x_wconf 90' lang='lat' dir='ltr'><strong>confectum,</strong></span> <span class='ocrx_word' id='word_1_532' title='bbox 1979 4052 2032 4105; x_wconf 91' lang='lat' dir='ltr'><strong>in</strong></span> 
     </span>
    </p>
   </div>
   <div class='ocr_carea' id='block_1_72' title="bbox 464 4142 2034 4226">
    <p class='ocr_par' dir='ltr' id='par_1_72' title="bbox 464 4142 2034 4226">
     <span class='ocr_line' id='line_1_72' title="bbox 464 4142 2034 4226; baseline -0.017 -5"><span class='ocrx_word' id='word_1_533' title='bbox 464 4163 581 4221; x_wconf 90' lang='lat' dir='ltr'><strong>suis</strong></span> <span class='ocrx_word' id='word_1_534' title='bbox 609 4170 786 4215; x_wconf 86' lang='lat' dir='ltr'><strong>autem</strong></span> <span class='ocrx_word' id='word_1_535' title='bbox 818 4154 1065 4226; x_wconf 83' lang='lat' dir='ltr'><strong>reliquiis</strong></span> <span class='ocrx_word' id='word_1_536' title='bbox 1089 4154 1216 4207; x_wconf 60' lang='lat' dir='ltr'><strong>vita:</strong></span> <span class='ocrx_word' id='word_1_537' title='bbox 1265 4149 1526 4206; x_wconf 79' lang='lat' dir='ltr'><strong>exhibere</strong></span> <span class='ocrx_word' id='word_1_538' title='bbox 1561 4145 1890 4200; x_wconf 85' lang='lat' dir='ltr'><strong>molestiam.</strong></span> <span class='ocrx_word' id='word_1_539' title='bbox 1929 4142 2034 4197; x_wconf 86' lang='lat' dir='ltr'><strong>Sed</strong></span> 
     </span>
    </p>
   </div>
   <div class='ocr_carea' id='block_1_73' title="bbox 464 4231 2037 4322">
    <p class='ocr_par' dir='ltr' id='par_1_73' title="bbox 464 4231 2037 4322">
     <span class='ocr_line' id='line_1_73' title="bbox 464 4231 2037 4322; baseline -0.015 -12"><span class='ocrx_word' id='word_1_540' title='bbox 464 4270 589 4311; x_wconf 91' lang='lat' dir='ltr'><strong>cum</strong></span> <span class='ocrx_word' id='word_1_541' title='bbox 623 4248 870 4322; x_wconf 80' lang='lat' dir='ltr'><strong>mysterii</strong></span> <span class='ocrx_word' id='word_1_542' title='bbox 906 4246 1172 4302; x_wconf 87' lang='lat' dir='ltr'><strong>rationem</strong></span> <span class='ocrx_word' id='word_1_543' title='bbox 1200 4242 1253 4296; x_wconf 92' lang='lat' dir='ltr'><strong>in</strong></span> <span class='ocrx_word' id='word_1_544' title='bbox 1277 4240 1367 4295; x_wconf 89' lang='lat' dir='ltr'><strong>his</strong></span> <span class='ocrx_word' id='word_1_545' title='bbox 1410 4233 1809 4308; x_wconf 84' lang='lat' dir='ltr'><strong>reprehendere</strong></span> <span class='ocrx_word' id='word_1_546' title='bbox 1865 4231 2037 4287; x_wconf 86' lang='lat' dir='ltr'><strong>desie-</strong></span> 
     </span>
    </p>
   </div>
   <div class='ocr_carea' id='block_1_74' title="bbox 465 4329 2034 4410">
    <p class='ocr_par' dir='ltr' id='par_1_74' title="bbox 465 4329 2034 4410">
     <span class='ocr_line' id='line_1_74' title="bbox 465 4329 2034 4410; baseline -0.017 -7"><span class='ocrx_word' id='word_1_547' title='bbox 465 4348 599 4410; x_wconf 84' lang='lat' dir='ltr'><strong>rint,</strong></span> <span class='ocrx_word' id='word_1_548' title='bbox 631 4358 825 4400; x_wconf 82' lang='lat' dir='ltr'><strong>rursus</strong></span> <span class='ocrx_word' id='word_1_549' title='bbox 856 4338 1240 4397; x_wconf 86' lang='lat' dir='ltr'><strong>criminantur,</strong></span> <span class='ocrx_word' id='word_1_550' title='bbox 1273 4329 1420 4401; x_wconf 90' lang='lat' dir='ltr'><strong>quod</strong></span> <span class='ocrx_word' id='word_1_551' title='bbox 1454 4329 1589 4384; x_wconf 84' lang='lat' dir='ltr'><strong>ﬁdes</strong></span> <span class='ocrx_word' id='word_1_552' title='bbox 1640 4341 1750 4382; x_wconf 90' lang='lat' dir='ltr'><strong>non</strong></span> <span class='ocrx_word' id='word_1_553' title='bbox 1788 4340 1886 4396; x_wconf 89' lang='lat' dir='ltr'><strong>per</strong></span> <span class='ocrx_word' id='word_1_554' title='bbox 1916 4339 2034 4377; x_wconf 88' lang='lat' dir='ltr'><strong>om-</strong></span> 
     </span>
    </p>
   </div>
   <div class='ocr_carea' id='block_1_75' title="bbox 2724 3052 3099 3105">
    <p class='ocr_par' dir='ltr' id='par_1_75' title="bbox 2724 3052 3099 3105">
     <span class='ocr_line' id='line_1_75' title="bbox 2724 3052 3099 3105; baseline 0 0"><span class='ocrx_word' id='word_1_555' title='bbox 2724 3052 2973 3105; x_wconf 76' lang='grc' dir='ltr'><strong>ΚΕΦΑΛ.</strong></span> <span class='ocrx_word' id='word_1_556' title='bbox 3018 3054 3099 3105; x_wconf 87' lang='lat' dir='ltr'><strong>A&#39;.</strong></span> 
     </span>
    </p>
   </div>
   <div class='ocr_carea' id='block_1_76' title="bbox 2205 3142 3708 3213">
    <p class='ocr_par' dir='ltr' id='par_1_76' title="bbox 2205 3142 3708 3213">
     <span class='ocr_line' id='line_1_76' title="bbox 2205 3142 3708 3213; baseline 0.001 -18"><span class='ocrx_word' id='word_1_557' title='bbox 2205 3143 2268 3195; x_wconf 73' lang='lat' dir='ltr'><strong>Ei</strong></span> <span class='ocrx_word' id='word_1_558' title='bbox 2296 3143 2354 3195; x_wconf 75' lang='grc' dir='ltr'><strong>δέ</strong></span> <span class='ocrx_word' id='word_1_559' title='bbox 2391 3160 2474 3207; x_wconf 83' lang='grc' dir='ltr'><strong>τις</strong></span> <span class='ocrx_word' id='word_1_560' title='bbox 2515 3143 2755 3213; x_wconf 81' lang='grc' dir='ltr'>ἐλέγχειν</span> <span class='ocrx_word' id='word_1_561' title='bbox 2789 3144 2955 3197; x_wconf 78' lang='grc' dir='ltr'>οἴεται</span> <span class='ocrx_word' id='word_1_562' title='bbox 2987 3144 3078 3196; x_wconf 81' lang='grc' dir='ltr'><strong>τὸν</strong></span> <span class='ocrx_word' id='word_1_563' title='bbox 3119 3142 3385 3212; x_wconf 83' lang='grc' dir='ltr'>ἡμέτερον</span> <span class='ocrx_word' id='word_1_564' title='bbox 3417 3142 3588 3211; x_wconf 82' lang='grc' dir='ltr'>λόγον,</span> <span class='ocrx_word' id='word_1_565' title='bbox 3622 3143 3708 3197; x_wconf 83' lang='grc' dir='ltr'>ὅτι</span> 
     </span>
    </p>
   </div>
   <div class='ocr_carea' id='block_1_77' title="bbox 2134 3231 3708 3304">
    <p class='ocr_par' dir='ltr' id='par_1_77' title="bbox 2134 3231 3708 3304">
     <span class='ocr_line' id='line_1_77' title="bbox 2134 3231 3708 3304; baseline 0 -20"><span class='ocrx_word' id='word_1_566' title='bbox 2134 3233 2228 3284; x_wconf 80' lang='grc' dir='ltr'>καὶ</span> <span class='ocrx_word' id='word_1_567' title='bbox 2262 3231 2398 3300; x_wconf 83' lang='grc' dir='ltr'><strong>μετὰ</strong></span> <span class='ocrx_word' id='word_1_568' title='bbox 2428 3233 2490 3283; x_wconf 84' lang='grc' dir='ltr'><strong>τὸ</strong></span> <span class='ocrx_word' id='word_1_569' title='bbox 2538 3232 2912 3302; x_wconf 85' lang='grc' dir='ltr'>προσαχθῆναι</span> <span class='ocrx_word' id='word_1_570' title='bbox 2941 3233 3040 3304; x_wconf 83' lang='grc' dir='ltr'>τὴν</span> <span class='ocrx_word' id='word_1_571' title='bbox 3083 3232 3374 3303; x_wconf 82' lang='grc' dir='ltr'>θεραπείαν</span> <span class='ocrx_word' id='word_1_572' title='bbox 3407 3233 3486 3285; x_wconf 79' lang='grc' dir='ltr'>ἔτι</span> <span class='ocrx_word' id='word_1_573' title='bbox 3526 3233 3708 3302; x_wconf 81' lang='grc' dir='ltr'>πλημ-</span> 
     </span>
    </p>
   </div>
   <div class='ocr_carea' id='block_1_78' title="bbox 2138 3324 3705 3396">
    <p class='ocr_par' dir='ltr' id='par_1_78' title="bbox 2138 3324 3705 3396">
     <span class='ocr_line' id='line_1_78' title="bbox 2138 3324 3705 3396; baseline 0.001 -21"><span class='ocrx_word' id='word_1_574' title='bbox 2138 3324 2378 3394; x_wconf 87' lang='grc' dir='ltr'>μελείται</span> <span class='ocrx_word' id='word_1_575' title='bbox 2408 3325 2497 3377; x_wconf 87' lang='grc' dir='ltr'>διὰ</span> <span class='ocrx_word' id='word_1_576' title='bbox 2544 3326 2652 3378; x_wconf 79' lang='grc' dir='ltr'>τῶν</span> <span class='ocrx_word' id='word_1_577' title='bbox 2694 3327 3104 3396; x_wconf 78' lang='grc' dir='ltr'>ἁμαρτημάτων</span> <span class='ocrx_word' id='word_1_578' title='bbox 3131 3328 3159 3377; x_wconf 88' lang='grc' dir='ltr'><strong>ό</strong></span> <span class='ocrx_word' id='word_1_579' title='bbox 3204 3324 3538 3395; x_wconf 80' lang='grc' dir='ltr'>ἀνθρώπινος</span> <span class='ocrx_word' id='word_1_580' title='bbox 3568 3324 3705 3394; x_wconf 70' lang='grc' dir='ltr'>βίος,</span> 
     </span>
    </p>
   </div>
   <div class='ocr_carea' id='block_1_79' title="bbox 2137 3416 3706 3487">
    <p class='ocr_par' dir='ltr' id='par_1_79' title="bbox 2137 3416 3706 3487">
     <span class='ocr_line' id='line_1_79' title="bbox 2137 3416 3706 3487; baseline -0.002 -16"><span class='ocrx_word' id='word_1_581' title='bbox 2137 3417 2492 3487; x_wconf 75' lang='grc' dir='ltr'>ὑποδείγματί</span> <span class='ocrx_word' id='word_1_582' title='bbox 2528 3435 2633 3470; x_wconf 84' lang='grc' dir='ltr'>τινι</span> <span class='ocrx_word' id='word_1_583' title='bbox 2658 3418 2766 3470; x_wconf 81' lang='grc' dir='ltr'><strong>τῶν</strong></span> <span class='ocrx_word' id='word_1_584' title='bbox 2793 3417 3082 3486; x_wconf 84' lang='grc' dir='ltr'>γνωρίμων</span> <span class='ocrx_word' id='word_1_585' title='bbox 3109 3416 3425 3485; x_wconf 78' lang='grc' dir='ltr'>ὁδηγηθήτω</span> <span class='ocrx_word' id='word_1_586' title='bbox 3446 3416 3551 3485; x_wconf 84' lang='grc' dir='ltr'><strong>πρὸ</strong></span> <span class='ocrx_word' id='word_1_587' title='bbox 3560 3435 3576 3476; x_wconf 82' lang='lat'><em>;</em></span> <span class='ocrx_word' id='word_1_588' title='bbox 3602 3416 3706 3484; x_wconf 79' lang='grc' dir='ltr'><strong>τὴν</strong></span> 
     </span>
    </p>
   </div>
   <div class='ocr_carea' id='block_1_80' title="bbox 2136 3506 3707 3578">
    <p class='ocr_par' dir='ltr' id='par_1_80' title="bbox 2136 3506 3707 3578">
     <span class='ocr_line' id='line_1_80' title="bbox 2136 3506 3707 3578; baseline -0.003 -18"><span class='ocrx_word' id='word_1_589' title='bbox 2136 3508 2411 3577; x_wconf 87' lang='grc' dir='ltr'>ἀλήθειαν.</span> <span class='ocrx_word' id='word_1_590' title='bbox 2447 3509 2661 3578; x_wconf 81' lang='grc' dir='ltr'>Ὥσπερ</span> <span class='ocrx_word' id='word_1_591' title='bbox 2689 3508 2798 3576; x_wconf 83' lang='grc' dir='ltr'><strong>γὰρ</strong></span> <span class='ocrx_word' id='word_1_592' title='bbox 2826 3507 2918 3560; x_wconf 77' lang='grc' dir='ltr'><strong>ἐπὶ</strong></span> <span class='ocrx_word' id='word_1_593' title='bbox 2951 3506 3044 3559; x_wconf 80' lang='grc' dir='ltr'><strong>τοῦ</strong></span> <span class='ocrx_word' id='word_1_594' title='bbox 3084 3507 3259 3575; x_wconf 71' lang='grc' dir='ltr'>ὄφεως</span> <span class='ocrx_word' id='word_1_595' title='bbox 3295 3508 3341 3558; x_wconf 90' lang='grc' dir='ltr'><strong>εί</strong></span> <span class='ocrx_word' id='word_1_596' title='bbox 3376 3508 3515 3559; x_wconf 78' lang='grc' dir='ltr'>κατὰ</span> <span class='ocrx_word' id='word_1_597' title='bbox 3543 3523 3707 3572; x_wconf 79' lang='grc' dir='ltr'>κεφα-</span> 
     </span>
    </p>
   </div>
   <div class='ocr_carea' id='block_1_81' title="bbox 2136 3596 3705 3670">
    <p class='ocr_par' dir='ltr' id='par_1_81' title="bbox 2136 3596 3705 3670">
     <span class='ocr_line' id='line_1_81' title="bbox 2136 3596 3705 3670; baseline -0.001 -19"><span class='ocrx_word' id='word_1_598' title='bbox 2136 3598 2233 3669; x_wconf 77' lang='grc' dir='ltr'><strong>λῆς</strong></span> <span class='ocrx_word' id='word_1_599' title='bbox 2262 3599 2360 3669; x_wconf 85' lang='grc' dir='ltr'>τὴν</span> <span class='ocrx_word' id='word_1_600' title='bbox 2404 3600 2626 3670; x_wconf 82' lang='grc' dir='ltr'>καιρίαν</span> <span class='ocrx_word' id='word_1_601' title='bbox 2658 3598 2833 3662; x_wconf 78' lang='grc' dir='ltr'>λάϐοι,</span> <span class='ocrx_word' id='word_1_602' title='bbox 2866 3599 2964 3651; x_wconf 67' lang='grc' dir='ltr'><strong>οὐκ</strong></span> <span class='ocrx_word' id='word_1_603' title='bbox 3011 3598 3171 3660; x_wconf 76' lang='grc' dir='ltr'>εὐθὺς</span> <span class='ocrx_word' id='word_1_604' title='bbox 3220 3596 3601 3666; x_wconf 80' lang='grc' dir='ltr'>συννεκροῦται</span> <span class='ocrx_word' id='word_1_605' title='bbox 3637 3599 3705 3667; x_wconf 83' lang='grc' dir='ltr'>τῇ</span> 
     </span>
    </p>
   </div>
   <div class='ocr_carea' id='block_1_82' title="bbox 2137 3688 3710 3761">
    <p class='ocr_par' dir='ltr' id='par_1_82' title="bbox 2137 3688 3710 3761">
     <span class='ocr_line' id='line_1_82' title="bbox 2137 3688 3710 3761; baseline -0.003 -18"><span class='ocrx_word' id='word_1_606' title='bbox 2137 3690 2345 3761; x_wconf 85' lang='grc' dir='ltr'>κεφαλῇ</span> <span class='ocrx_word' id='word_1_607' title='bbox 2380 3692 2474 3743; x_wconf 76' lang='grc' dir='ltr'><strong>καὶ</strong></span> <span class='ocrx_word' id='word_1_608' title='bbox 2497 3692 2525 3743; x_wconf 91' lang='grc' dir='ltr'><strong>ό</strong></span> <span class='ocrx_word' id='word_1_609' title='bbox 2563 3690 2791 3743; x_wconf 85' lang='grc' dir='ltr'>κατόπιν</span> <span class='ocrx_word' id='word_1_610' title='bbox 2821 3689 2992 3751; x_wconf 63' lang='grc' dir='ltr'>όλκός,</span> <span class='ocrx_word' id='word_1_611' title='bbox 3020 3688 3132 3741; x_wconf 77' lang='grc' dir='ltr'>ἀλλ’</span> <span class='ocrx_word' id='word_1_612' title='bbox 3163 3691 3196 3759; x_wconf 81' lang='grc' dir='ltr'>ὴ</span> <span class='ocrx_word' id='word_1_613' title='bbox 3231 3688 3329 3758; x_wconf 79' lang='grc' dir='ltr'><strong>μὲν</strong></span> <span class='ocrx_word' id='word_1_614' title='bbox 3364 3688 3611 3755; x_wconf 63' lang='grc' dir='ltr'>τέθνηκε,</span> <span class='ocrx_word' id='word_1_615' title='bbox 3645 3688 3710 3739; x_wconf 74' lang='grc' dir='ltr'>τὺ</span> 
     </span>
    </p>
   </div>
   <div class='ocr_carea' id='block_1_83' title="bbox 2137 3779 3708 3852">
    <p class='ocr_par' dir='ltr' id='par_1_83' title="bbox 2137 3779 3708 3852">
     <span class='ocr_line' id='line_1_83' title="bbox 2137 3779 3708 3852; baseline -0.003 -17"><span class='ocrx_word' id='word_1_616' title='bbox 2137 3782 2193 3835; x_wconf 81' lang='grc' dir='ltr'>δὲ</span> <span class='ocrx_word' id='word_1_617' title='bbox 2221 3783 2410 3852; x_wconf 81' lang='grc' dir='ltr'>οὐρέον</span> <span class='ocrx_word' id='word_1_618' title='bbox 2443 3782 2521 3835; x_wconf 71' lang='grc' dir='ltr'>ἔτι</span> <span class='ocrx_word' id='word_1_619' title='bbox 2549 3782 2821 3851; x_wconf 77' lang='grc' dir='ltr'>ἐψύχωται</span> <span class='ocrx_word' id='word_1_620' title='bbox 2850 3781 2926 3850; x_wconf 78' lang='grc' dir='ltr'><strong>τῷ</strong></span> <span class='ocrx_word' id='word_1_621' title='bbox 2956 3780 3069 3851; x_wconf 69' lang='grc' dir='ltr'>ἰδίῳ</span> <span class='ocrx_word' id='word_1_622' title='bbox 3091 3780 3265 3850; x_wconf 80' lang='grc' dir='ltr'>θυμῷ.</span> <span class='ocrx_word' id='word_1_623' title='bbox 3296 3781 3389 3832; x_wconf 70' lang='grc' dir='ltr'><strong>καὶ</strong></span> <span class='ocrx_word' id='word_1_624' title='bbox 3418 3779 3516 3849; x_wconf 78' lang='grc' dir='ltr'>τῆς</span> <span class='ocrx_word' id='word_1_625' title='bbox 3545 3780 3708 3842; x_wconf 76' lang='grc' dir='ltr'>ζωτι-</span> 
     </span>
    </p>
   </div>
   <div class='ocr_carea' id='block_1_84' title="bbox 2139 3867 3709 3942">
    <p class='ocr_par' dir='ltr' id='par_1_84' title="bbox 2139 3867 3709 3942">
     <span class='ocr_line' id='line_1_84' title="bbox 2139 3867 3709 3942; baseline -0.005 -17"><span class='ocrx_word' id='word_1_626' title='bbox 2139 3874 2239 3942; x_wconf 81' lang='grc' dir='ltr'><strong>κῆς</strong></span> <span class='ocrx_word' id='word_1_627' title='bbox 2266 3871 2546 3941; x_wconf 84' lang='grc' dir='ltr'>δυνάμεως</span> <span class='ocrx_word' id='word_1_628' title='bbox 2589 3872 2688 3923; x_wconf 77' lang='grc' dir='ltr'>οὐκ</span> <span class='ocrx_word' id='word_1_629' title='bbox 2736 3870 3059 3939; x_wconf 81' lang='grc' dir='ltr'>ἐστέρηται·</span> <span class='ocrx_word' id='word_1_630' title='bbox 3098 3869 3267 3931; x_wconf 74' lang='grc' dir='ltr'>οὕτως</span> <span class='ocrx_word' id='word_1_631' title='bbox 3320 3867 3435 3920; x_wconf 73' lang='grc' dir='ltr'>ἐστι</span> <span class='ocrx_word' id='word_1_632' title='bbox 3484 3868 3575 3919; x_wconf 69' lang='grc' dir='ltr'><strong>καὶ</strong></span> <span class='ocrx_word' id='word_1_633' title='bbox 3609 3868 3709 3935; x_wconf 73' lang='grc' dir='ltr'><strong>τὴν</strong></span> 
     </span>
    </p>
   </div>
   <div class='ocr_carea' id='block_1_85' title="bbox 2139 3957 3709 4029">
    <p class='ocr_par' dir='ltr' id='par_1_85' title="bbox 2139 3957 3709 4029">
     <span class='ocr_line' id='line_1_85' title="bbox 2139 3957 3709 4029; baseline -0.004 -15"><span class='ocrx_word' id='word_1_634' title='bbox 2139 3962 2334 4015; x_wconf 85' lang='grc' dir='ltr'>κακίαν</span> <span class='ocrx_word' id='word_1_635' title='bbox 2386 3961 2512 4013; x_wconf 80' lang='grc' dir='ltr'>ἰδεῖν</span> <span class='ocrx_word' id='word_1_636' title='bbox 2538 3960 2617 4027; x_wconf 83' lang='grc' dir='ltr'>τῷ</span> <span class='ocrx_word' id='word_1_637' title='bbox 2652 3960 2749 4029; x_wconf 91' lang='grc' dir='ltr'><strong>μέν</strong></span> <span class='ocrx_word' id='word_1_638' title='bbox 2797 3958 2997 4028; x_wconf 80' lang='grc' dir='ltr'>καιρίῳ</span> <span class='ocrx_word' id='word_1_639' title='bbox 3048 3957 3361 4027; x_wconf 74' lang='grc' dir='ltr'>πληγεῖσαν,</span> <span class='ocrx_word' id='word_1_640' title='bbox 3390 3957 3459 4029; x_wconf 28' lang='grc' dir='ltr'>,ἐν</span> <span class='ocrx_word' id='word_1_641' title='bbox 3504 3957 3561 4008; x_wconf 76' lang='grc' dir='ltr'>δὲ</span> <span class='ocrx_word' id='word_1_642' title='bbox 3598 3958 3709 4017; x_wconf 78' lang='grc' dir='ltr'>τοῖς</span> 
     </span>
    </p>
   </div>
   <div class='ocr_carea' id='block_1_86' title="bbox 2139 4047 3709 4120">
    <p class='ocr_par' dir='ltr' id='par_1_86' title="bbox 2139 4047 3709 4120">
     <span class='ocr_line' id='line_1_86' title="bbox 2139 4047 3709 4120; baseline -0.004 -16"><span class='ocrx_word' id='word_1_643' title='bbox 2139 4052 2410 4120; x_wconf 70' lang='grc' dir='ltr'>λειψάνοις</span> <span class='ocrx_word' id='word_1_644' title='bbox 2472 4051 2669 4120; x_wconf 86' lang='grc' dir='ltr'>ὲαυτῆς</span> <span class='ocrx_word' id='word_1_645' title='bbox 2722 4050 2803 4103; x_wconf 79' lang='grc' dir='ltr'>ἔτι</span> <span class='ocrx_word' id='word_1_646' title='bbox 2867 4048 3179 4118; x_wconf 83' lang='grc' dir='ltr'>διοχλοῦσαν</span> <span class='ocrx_word' id='word_1_647' title='bbox 3244 4047 3321 4118; x_wconf 78' lang='grc' dir='ltr'>τῷ</span> <span class='ocrx_word' id='word_1_648' title='bbox 3384 4048 3501 4117; x_wconf 79' lang='grc' dir='ltr'><strong>βίῳ.</strong></span> <span class='ocrx_word' id='word_1_649' title='bbox 3570 4048 3709 4099; x_wconf 70' lang='grc' dir='ltr'>Ἀλλ’</span> 
     </span>
    </p>
   </div>
   <div class='ocr_carea' id='block_1_87' title="bbox 2142 4139 3709 4212">
    <p class='ocr_par' dir='ltr' id='par_1_87' title="bbox 2142 4139 3709 4212">
     <span class='ocr_line' id='line_1_87' title="bbox 2142 4139 3709 4212; baseline -0.004 -17"><span class='ocrx_word' id='word_1_650' title='bbox 2142 4142 2365 4210; x_wconf 84' lang='grc' dir='ltr'>ἀφέντες</span> <span class='ocrx_word' id='word_1_651' title='bbox 2388 4142 2482 4195; x_wconf 73' lang='grc' dir='ltr'><strong>καὶ</strong></span> <span class='ocrx_word' id='word_1_652' title='bbox 2506 4142 2596 4194; x_wconf 78' lang='grc' dir='ltr'><strong>τὸν</strong></span> <span class='ocrx_word' id='word_1_653' title='bbox 2618 4141 2743 4212; x_wconf 77' lang='grc' dir='ltr'>περὶ</span> <span class='ocrx_word' id='word_1_654' title='bbox 2767 4141 2969 4194; x_wconf 76' lang='grc' dir='ltr'>τούτων</span> <span class='ocrx_word' id='word_1_655' title='bbox 2989 4141 3079 4194; x_wconf 74' lang='grc' dir='ltr'>τὸν</span> <span class='ocrx_word' id='word_1_656' title='bbox 3102 4140 3255 4208; x_wconf 77' lang='grc' dir='ltr'>λόγον</span> <span class='ocrx_word' id='word_1_657' title='bbox 3284 4139 3376 4192; x_wconf 78' lang='grc' dir='ltr'>τοῦ</span> <span class='ocrx_word' id='word_1_658' title='bbox 3411 4139 3709 4208; x_wconf 71' lang='grc' dir='ltr'>μυστηρίου</span> 
     </span>
    </p>
   </div>
   <div class='ocr_carea' id='block_1_88' title="bbox 2144 4226 3712 4300">
    <p class='ocr_par' dir='ltr' id='par_1_88' title="bbox 2144 4226 3712 4300">
     <span class='ocr_line' id='line_1_88' title="bbox 2144 4226 3712 4300; baseline -0.002 -18"><span class='ocrx_word' id='word_1_659' title='bbox 2144 4230 2471 4300; x_wconf 80' lang='grc' dir='ltr'>μέμφεσθαι,</span> <span class='ocrx_word' id='word_1_660' title='bbox 2503 4230 2563 4282; x_wconf 84' lang='grc' dir='ltr'>τὸ</span> <span class='ocrx_word' id='word_1_661' title='bbox 2589 4231 2662 4300; x_wconf 84' lang='grc' dir='ltr'>μὴ</span> <span class='ocrx_word' id='word_1_662' title='bbox 2690 4230 2777 4283; x_wconf 81' lang='grc' dir='ltr'><strong>διὰ</strong></span> <span class='ocrx_word' id='word_1_663' title='bbox 2800 4230 3018 4282; x_wconf 83' lang='grc' dir='ltr'>πάντων</span> <span class='ocrx_word' id='word_1_664' title='bbox 3049 4229 3251 4299; x_wconf 82' lang='grc' dir='ltr'>διήκειν</span> <span class='ocrx_word' id='word_1_665' title='bbox 3278 4228 3385 4279; x_wconf 80' lang='grc' dir='ltr'><strong>τῶν</strong></span> <span class='ocrx_word' id='word_1_666' title='bbox 3407 4226 3712 4296; x_wconf 82' lang='grc' dir='ltr'>ἀνθρώπων</span> 
     </span>
    </p>
   </div>
   <div class='ocr_carea' id='block_1_89' title="bbox 2140 4302 3759 4392">
    <p class='ocr_par' dir='ltr' id='par_1_89' title="bbox 2140 4302 3759 4392">
     <span class='ocr_line' id='line_1_89' title="bbox 2140 4302 3759 4392; baseline -0.004 -19"><span class='ocrx_word' id='word_1_667' title='bbox 2140 4322 2238 4392; x_wconf 80' lang='grc' dir='ltr'><strong>τὴν</strong></span> <span class='ocrx_word' id='word_1_668' title='bbox 2273 4321 2454 4374; x_wconf 84' lang='grc' dir='ltr'>πίστιν</span> <span class='ocrx_word' id='word_1_669' title='bbox 2502 4322 2559 4375; x_wconf 78' lang='grc' dir='ltr'><strong>ἐν</strong></span> <span class='ocrx_word' id='word_1_670' title='bbox 2594 4321 2741 4391; x_wconf 73' lang='grc' dir='ltr'>αἰτίᾳ</span> <span class='ocrx_word' id='word_1_671' title='bbox 2789 4320 3087 4373; x_wconf 77' lang='grc' dir='ltr'>ποιοῦνται.</span> <span class='ocrx_word' id='word_1_672' title='bbox 3120 4320 3229 4372; x_wconf 74' lang='grc' dir='ltr'>Καὶ</span> <span class='ocrx_word' id='word_1_673' title='bbox 3272 4319 3325 4370; x_wconf 89' lang='grc' dir='ltr'><strong>τί</strong></span> <span class='ocrx_word' id='word_1_674' title='bbox 3357 4317 3575 4387; x_wconf 83' lang='grc' dir='ltr'>δήποτε,</span> <span class='ocrx_word' id='word_1_675' title='bbox 3609 4334 3715 4386; x_wconf 84' lang='grc' dir='ltr'>φα-</span> <span class='ocrx_word' id='word_1_676' title='bbox 3756 4302 3759 4303; x_wconf 14' lang='grc' dir='ltr'><em>ν</em></span> 
     </span>
    </p>
   </div>
   <div class='ocr_carea' id='block_1_90' title="bbox 467 4406 2026 4508">
    <p class='ocr_par' dir='ltr' id='par_1_90' title="bbox 467 4406 2021 4508">
     <span class='ocr_line' id='line_1_90' title="bbox 467 4406 2021 4508; baseline -0.018 -12"><span class='ocrx_word' id='word_1_677' title='bbox 467 4455 566 4496; x_wconf 84' lang='lat' dir='ltr'><strong>nes</strong></span> <span class='ocrx_word' id='word_1_678' title='bbox 585 4406 858 4508; x_wconf 80' lang='lat' dir='ltr'><strong>pervadat</strong></span> <span class='ocrx_word' id='word_1_679' title='bbox 890 4431 1158 4487; x_wconf 84' lang='lat' dir='ltr'><strong>homines.</strong></span> <span class='ocrx_word' id='word_1_680' title='bbox 1207 4425 1318 4480; x_wconf 85' lang='lat' dir='ltr'><strong>Cur</strong></span> <span class='ocrx_word' id='word_1_681' title='bbox 1348 4421 1594 4486; x_wconf 85' lang='lat' dir='ltr'><strong>tandem,</strong></span> <span class='ocrx_word' id='word_1_682' title='bbox 1625 4418 1901 4488; x_wconf 88' lang='lat' dir='ltr'><strong>inquiunt,</strong></span> <span class='ocrx_word' id='word_1_683' title='bbox 1933 4430 2021 4469; x_wconf 83' lang='lat' dir='ltr'><strong>not</strong></span> 
     </span>
    </p>
   </div>
   <div class='ocr_carea' id='block_1_91' title="bbox 2133 4406 3714 4508">
    <p class='ocr_par' dir='ltr' id='par_1_91' title="bbox 2145 4406 3714 4481">
     <span class='ocr_line' id='line_1_91' title="bbox 2145 4406 3714 4481; baseline -0.003 -18"><span class='ocrx_word' id='word_1_684' title='bbox 2145 4412 2247 4476; x_wconf 69' lang='lat' dir='ltr'><strong>etv,</strong></span> <span class='ocrx_word' id='word_1_685' title='bbox 2276 4411 2373 4464; x_wconf 80' lang='grc' dir='ltr'><strong>οὐκ</strong></span> <span class='ocrx_word' id='word_1_686' title='bbox 2403 4411 2493 4464; x_wconf 84' lang='grc' dir='ltr'><strong>ἐπὶ</strong></span> <span class='ocrx_word' id='word_1_687' title='bbox 2519 4412 2722 4474; x_wconf 81' lang='grc' dir='ltr'>πάντας</span> <span class='ocrx_word' id='word_1_688' title='bbox 2747 4406 2907 4481; x_wconf 79' lang='grc' dir='ltr'>ἦλθεν</span> <span class='ocrx_word' id='word_1_689' title='bbox 2937 4413 2970 4480; x_wconf 81' lang='grc' dir='ltr'><strong>ἡ</strong></span> <span class='ocrx_word' id='word_1_690' title='bbox 2993 4411 3171 4481; x_wconf 88' lang='grc' dir='ltr'>χάρις,</span> <span class='ocrx_word' id='word_1_691' title='bbox 3197 4409 3333 4462; x_wconf 82' lang='grc' dir='ltr'>ἀλλά</span> <span class='ocrx_word' id='word_1_692' title='bbox 3357 4425 3515 4460; x_wconf 84' lang='grc' dir='ltr'>τινων</span> <span class='ocrx_word' id='word_1_693' title='bbox 3545 4425 3714 4477; x_wconf 74' lang='grc' dir='ltr'>προσ-</span> 
     </span>
    </p>
   </div>
   <div class='ocr_carea' id='block_1_92' title="bbox 468 4507 2037 4591">
    <p class='ocr_par' dir='ltr' id='par_1_92' title="bbox 468 4507 2037 4591">
     <span class='ocr_line' id='line_1_92' title="bbox 468 4507 2037 4591; baseline -0.016 -8"><span class='ocrx_word' id='word_1_694' title='bbox 468 4528 536 4583; x_wconf 87' lang='lat' dir='ltr'><strong>ad</strong></span> <span class='ocrx_word' id='word_1_695' title='bbox 572 4507 764 4583; x_wconf 82' lang='lat' dir='ltr'><strong>omnes</strong></span> <span class='ocrx_word' id='word_1_696' title='bbox 798 4524 945 4579; x_wconf 80' lang='lat' dir='ltr'><strong>venit</strong></span> <span class='ocrx_word' id='word_1_697' title='bbox 973 4518 1170 4591; x_wconf 77' lang='lat' dir='ltr'><strong>gratia,</strong></span> <span class='ocrx_word' id='word_1_698' title='bbox 1210 4512 1308 4570; x_wconf 86' lang='lat' dir='ltr'><strong>sed</strong></span> <span class='ocrx_word' id='word_1_699' title='bbox 1341 4528 1466 4568; x_wconf 91' lang='lat' dir='ltr'><strong>cum</strong></span> <span class='ocrx_word' id='word_1_700' title='bbox 1511 4511 1680 4580; x_wconf 82' lang='lat' dir='ltr'><strong>aliqui</strong></span> <span class='ocrx_word' id='word_1_701' title='bbox 1715 4509 1781 4562; x_wconf 89' lang='lat' dir='ltr'><strong>ad</strong></span> <span class='ocrx_word' id='word_1_702' title='bbox 1812 4507 2037 4562; x_wconf 83' lang='lat' dir='ltr'><strong>verbum</strong></span> 
     </span>
    </p>
   </div>
   <div class='ocr_carea' id='block_1_93' title="bbox 467 4596 2043 4677">
    <p class='ocr_par' dir='ltr' id='par_1_93' title="bbox 467 4596 2043 4677">
     <span class='ocr_line' id='line_1_93' title="bbox 467 4596 2043 4677; baseline -0.015 -4"><span class='ocrx_word' id='word_1_703' title='bbox 467 4618 561 4672; x_wconf 82' lang='lat' dir='ltr'><strong>Dei</strong></span> <span class='ocrx_word' id='word_1_704' title='bbox 597 4613 948 4677; x_wconf 84' lang='lat' dir='ltr'><strong>accesserint,</strong></span> <span class='ocrx_word' id='word_1_705' title='bbox 982 4623 1089 4663; x_wconf 94' lang='lat' dir='ltr'><strong>non</strong></span> <span class='ocrx_word' id='word_1_706' title='bbox 1123 4619 1288 4677; x_wconf 87' lang='lat' dir='ltr'><strong>parva</strong></span> <span class='ocrx_word' id='word_1_707' title='bbox 1324 4618 1451 4674; x_wconf 82' lang='lat' dir='ltr'><strong>pars</strong></span> <span class='ocrx_word' id='word_1_708' title='bbox 1475 4610 1560 4657; x_wconf 85' lang='lat' dir='ltr'><strong>est</strong></span> <span class='ocrx_word' id='word_1_709' title='bbox 1594 4614 1784 4656; x_wconf 88' lang='lat' dir='ltr'><strong>eorum</strong></span> <span class='ocrx_word' id='word_1_710' title='bbox 1824 4598 1915 4667; x_wconf 90' lang='lat' dir='ltr'><strong>qui</strong></span> <span class='ocrx_word' id='word_1_711' title='bbox 1948 4596 2043 4650; x_wconf 79' lang='lat' dir='ltr'><strong>de-</strong></span> 
     </span>
    </p>
   </div>
   <div class='ocr_carea' id='block_1_94' title="bbox 470 4692 2042 4773">
    <p class='ocr_par' dir='ltr' id='par_1_94' title="bbox 470 4692 2042 4773">
     <span class='ocr_line' id='line_1_94' title="bbox 470 4692 2042 4773; baseline -0.014 -10"><span class='ocrx_word' id='word_1_712' title='bbox 470 4716 618 4773; x_wconf 90' lang='lat' dir='ltr'><strong>sunt,</strong></span> <span class='ocrx_word' id='word_1_713' title='bbox 652 4721 774 4763; x_wconf 89' lang='lat' dir='ltr'><strong>cum</strong></span> <span class='ocrx_word' id='word_1_714' title='bbox 804 4711 897 4758; x_wconf 87' lang='lat' dir='ltr'><strong>aut</strong></span> <span class='ocrx_word' id='word_1_715' title='bbox 937 4700 1082 4756; x_wconf 88' lang='lat' dir='ltr'><strong>Deus</strong></span> <span class='ocrx_word' id='word_1_716' title='bbox 1118 4697 1361 4753; x_wconf 85' lang='lat' dir='ltr'><strong>noluerit</strong></span> <span class='ocrx_word' id='word_1_717' title='bbox 1383 4695 1640 4750; x_wconf 82' lang='lat' dir='ltr'><strong>omnibus</strong></span> <span class='ocrx_word' id='word_1_718' title='bbox 1670 4692 1884 4749; x_wconf 86' lang='lat' dir='ltr'><strong>abunde</strong></span> <span class='ocrx_word' id='word_1_719' title='bbox 1940 4692 2042 4743; x_wconf 83' lang='lat' dir='ltr'><strong>im-</strong></span> 
     </span>
    </p>
   </div>
   <div class='ocr_carea' id='block_1_95' title="bbox 470 4781 2043 4867">
    <p class='ocr_par' dir='ltr' id='par_1_95' title="bbox 470 4781 2043 4867">
     <span class='ocr_line' id='line_1_95' title="bbox 470 4781 2043 4867; baseline -0.013 -16"><span class='ocrx_word' id='word_1_720' title='bbox 470 4799 675 4867; x_wconf 84' lang='lat' dir='ltr'><strong>pertire</strong></span> <span class='ocrx_word' id='word_1_721' title='bbox 705 4792 1055 4853; x_wconf 85' lang='lat' dir='ltr'><strong>beneficium,</strong></span> <span class='ocrx_word' id='word_1_722' title='bbox 1086 4796 1181 4843; x_wconf 87' lang='lat' dir='ltr'><strong>aut</strong></span> <span class='ocrx_word' id='word_1_723' title='bbox 1211 4786 1436 4841; x_wconf 91' lang='lat' dir='ltr'><strong>omnino</strong></span> <span class='ocrx_word' id='word_1_724' title='bbox 1461 4799 1569 4837; x_wconf 87' lang='lat' dir='ltr'><strong>non</strong></span> <span class='ocrx_word' id='word_1_725' title='bbox 1602 4781 1882 4853; x_wconf 83' lang='lat' dir='ltr'><strong>potuerit?</strong></span> <span class='ocrx_word' id='word_1_726' title='bbox 1912 4794 2043 4848; x_wconf 52' lang='lat' dir='ltr'><strong>quo.</strong></span> 
     </span>
    </p>
   </div>
   <div class='ocr_carea' id='block_1_96' title="bbox 472 4877 2041 4959">
    <p class='ocr_par' dir='ltr' id='par_1_96' title="bbox 472 4877 2041 4959">
     <span class='ocr_line' id='line_1_96' title="bbox 472 4877 2041 4959; baseline -0.013 -14"><span class='ocrx_word' id='word_1_727' title='bbox 472 4905 592 4945; x_wconf 88' lang='lat' dir='ltr'><strong>rum</strong></span> <span class='ocrx_word' id='word_1_728' title='bbox 619 4887 836 4959; x_wconf 87' lang='lat' dir='ltr'><strong>quidem</strong></span> <span class='ocrx_word' id='word_1_729' title='bbox 872 4892 1124 4938; x_wconf 88' lang='lat' dir='ltr'><strong>neutrum</strong></span> <span class='ocrx_word' id='word_1_730' title='bbox 1159 4877 1589 4949; x_wconf 86' lang='lat' dir='ltr'><strong>reprehensione</strong></span> <span class='ocrx_word' id='word_1_731' title='bbox 1622 4884 1812 4932; x_wconf 88' lang='lat' dir='ltr'><strong>caret:</strong></span> <span class='ocrx_word' id='word_1_732' title='bbox 1865 4886 2041 4940; x_wconf 88' lang='lat' dir='ltr'><strong>neque</strong></span> 
     </span>
    </p>
   </div>
   <div class='ocr_carea' id='block_1_97' title="bbox 470 4966 2042 5042">
    <p class='ocr_par' dir='ltr' id='par_1_97' title="bbox 470 4966 2042 5042">
     <span class='ocr_line' id='line_1_97' title="bbox 470 4966 2042 5042; baseline -0.013 -6"><span class='ocrx_word' id='word_1_733' title='bbox 470 4981 618 5037; x_wconf 88' lang='lat' dir='ltr'><strong>enim</strong></span> <span class='ocrx_word' id='word_1_734' title='bbox 653 4977 763 5032; x_wconf 89' lang='lat' dir='ltr'><strong>Deo</strong></span> <span class='ocrx_word' id='word_1_735' title='bbox 787 4974 1039 5030; x_wconf 87' lang='lat' dir='ltr'><strong>convenit</strong></span> <span class='ocrx_word' id='word_1_736' title='bbox 1080 4970 1228 5042; x_wconf 85' lang='lat' dir='ltr'><strong>quod</strong></span> <span class='ocrx_word' id='word_1_737' title='bbox 1270 4971 1472 5023; x_wconf 85' lang='lat' dir='ltr'><strong>bonum</strong></span> <span class='ocrx_word' id='word_1_738' title='bbox 1524 4966 1761 5020; x_wconf 80' lang='lat' dir='ltr'><strong>noluerit</strong></span> <span class='ocrx_word' id='word_1_739' title='bbox 1799 5005 1814 5030; x_wconf 91' lang='lat'><strong>,</strong></span> <span class='ocrx_word' id='word_1_740' title='bbox 1865 4978 2042 5029; x_wconf 85' lang='lat' dir='ltr'><strong>neque</strong></span> 
     </span>
    </p>
   </div>
   <div class='ocr_carea' id='block_1_98' title="bbox 474 5054 2045 5139">
    <p class='ocr_par' dir='ltr' id='par_1_98' title="bbox 474 5054 2045 5139">
     <span class='ocr_line' id='line_1_98' title="bbox 474 5054 2045 5139; baseline -0.011 -15"><span class='ocrx_word' id='word_1_741' title='bbox 474 5069 618 5139; x_wconf 85' lang='lat' dir='ltr'><strong>quod</strong></span> <span class='ocrx_word' id='word_1_742' title='bbox 648 5083 756 5122; x_wconf 91' lang='lat' dir='ltr'><strong>non</strong></span> <span class='ocrx_word' id='word_1_743' title='bbox 788 5065 1045 5138; x_wconf 89' lang='lat' dir='ltr'><strong>potuerit.</strong></span> <span class='ocrx_word' id='word_1_744' title='bbox 1080 5060 1137 5116; x_wconf 84' lang='lat' dir='ltr'><strong>Si</strong></span> <span class='ocrx_word' id='word_1_745' title='bbox 1188 5076 1324 5130; x_wconf 76' lang='lat' dir='ltr'><strong>ergo</strong></span> <span class='ocrx_word' id='word_1_746' title='bbox 1372 5056 1591 5127; x_wconf 85' lang='lat' dir='ltr'><strong>aliquod</strong></span> <span class='ocrx_word' id='word_1_747' title='bbox 1623 5058 1823 5110; x_wconf 90' lang='lat' dir='ltr'><strong>bonum</strong></span> <span class='ocrx_word' id='word_1_748' title='bbox 1867 5061 1952 5109; x_wconf 90' lang='lat' dir='ltr'><strong>est</strong></span> <span class='ocrx_word' id='word_1_749' title='bbox 1982 5054 2045 5106; x_wconf 86' lang='lat' dir='ltr'><strong>fi-</strong></span> 
     </span>
    </p>
   </div>
   <div class='ocr_carea' id='block_1_99' title="bbox 474 5143 2047 5224">
    <p class='ocr_par' dir='ltr' id='par_1_99' title="bbox 474 5143 2047 5224">
     <span class='ocr_line' id='line_1_99' title="bbox 474 5143 2047 5224; baseline -0.015 -7"><span class='ocrx_word' id='word_1_750' title='bbox 474 5161 616 5216; x_wconf 80' lang='lat' dir='ltr'><strong>des:</strong></span> <span class='ocrx_word' id='word_1_751' title='bbox 658 5173 779 5221; x_wconf 83' lang='lat' dir='ltr'><strong>cur,</strong></span> <span class='ocrx_word' id='word_1_752' title='bbox 809 5154 1087 5224; x_wconf 87' lang='lat' dir='ltr'><strong>inquiunt,</strong></span> <span class='ocrx_word' id='word_1_753' title='bbox 1126 5165 1235 5205; x_wconf 86' lang='lat' dir='ltr'><strong>non</strong></span> <span class='ocrx_word' id='word_1_754' title='bbox 1268 5148 1333 5202; x_wconf 84' lang='lat' dir='ltr'><strong>ad</strong></span> <span class='ocrx_word' id='word_1_755' title='bbox 1384 5162 1575 5201; x_wconf 89' lang='lat' dir='ltr'><strong>omnes</strong></span> <span class='ocrx_word' id='word_1_756' title='bbox 1632 5145 1777 5200; x_wconf 90' lang='lat' dir='ltr'><strong>venit</strong></span> <span class='ocrx_word' id='word_1_757' title='bbox 1825 5143 2047 5214; x_wconf 80' lang='lat' dir='ltr'><strong>gratia?</strong></span> 
     </span>
    </p>
   </div>
   <div class='ocr_carea' id='block_1_100' title="bbox 474 5235 2046 5323">
    <p class='ocr_par' dir='ltr' id='par_1_100' title="bbox 474 5235 2046 5323">
     <span class='ocr_line' id='line_1_100' title="bbox 474 5235 2046 5323; baseline -0.015 -14"><span class='ocrx_word' id='word_1_758' title='bbox 474 5254 653 5323; x_wconf 79' lang='lat' dir='ltr'><strong>Atque</strong></span> <span class='ocrx_word' id='word_1_759' title='bbox 683 5250 730 5306; x_wconf 89' lang='lat' dir='ltr'><strong>si</strong></span> <span class='ocrx_word' id='word_1_760' title='bbox 763 5249 878 5304; x_wconf 67' lang='lat' dir='ltr'><strong>haec</strong></span> <span class='ocrx_word' id='word_1_761' title='bbox 911 5244 1131 5316; x_wconf 85' lang='lat' dir='ltr'><strong>quidem</strong></span> <span class='ocrx_word' id='word_1_762' title='bbox 1175 5242 1230 5296; x_wconf 92' lang='lat' dir='ltr'><strong>in</strong></span> <span class='ocrx_word' id='word_1_763' title='bbox 1272 5241 1338 5295; x_wconf 92' lang='lat' dir='ltr'><strong>iis</strong></span> <span class='ocrx_word' id='word_1_764' title='bbox 1389 5254 1509 5308; x_wconf 66' lang='lat' dir='ltr'><strong>quae</strong></span> <span class='ocrx_word' id='word_1_765' title='bbox 1538 5238 1772 5293; x_wconf 90' lang='lat' dir='ltr'><strong>dicimus</strong></span> <span class='ocrx_word' id='word_1_766' title='bbox 1810 5250 1841 5290; x_wconf 88' lang='lat' dir='ltr'><strong>a</strong></span> <span class='ocrx_word' id='word_1_767' title='bbox 1891 5235 2046 5288; x_wconf 89' lang='lat' dir='ltr'><strong>nobis</strong></span> 
     </span>
    </p>
   </div>
   <div class='ocr_carea' id='block_1_101' title="bbox 479 5326 2050 5408">
    <p class='ocr_par' dir='ltr' id='par_1_101' title="bbox 479 5326 2050 5408">
     <span class='ocr_line' id='line_1_101' title="bbox 479 5326 2050 5408; baseline -0.013 -9"><span class='ocrx_word' id='word_1_768' title='bbox 479 5348 878 5404; x_wconf 83' lang='lat' dir='ltr'><strong>astruercntur,</strong></span> <span class='ocrx_word' id='word_1_769' title='bbox 909 5337 1057 5408; x_wconf 87' lang='lat' dir='ltr'><strong>quod</strong></span> <span class='ocrx_word' id='word_1_770' title='bbox 1109 5350 1140 5390; x_wconf 85' lang='lat' dir='ltr'><strong>a</strong></span> <span class='ocrx_word' id='word_1_771' title='bbox 1186 5333 1370 5388; x_wconf 85' lang='lat' dir='ltr'><strong>divina</strong></span> <span class='ocrx_word' id='word_1_772' title='bbox 1424 5331 1700 5383; x_wconf 85' lang='lat' dir='ltr'><strong>voluntate</strong></span> <span class='ocrx_word' id='word_1_773' title='bbox 1736 5326 2050 5381; x_wconf 88' lang='lat' dir='ltr'><strong>hominibus</strong></span> 
     </span>
    </p>
   </div>
   <div class='ocr_carea' id='block_1_102' title="bbox 479 5417 2050 5495">
    <p class='ocr_par' dir='ltr' id='par_1_102' title="bbox 479 5417 2050 5495">
     <span class='ocr_line' id='line_1_102' title="bbox 479 5417 2050 5495; baseline -0.013 -7"><span class='ocrx_word' id='word_1_774' title='bbox 479 5434 904 5489; x_wconf 80' lang='lat' dir='ltr'><strong>distribueretur</strong></span> <span class='ocrx_word' id='word_1_775' title='bbox 936 5430 1092 5493; x_wconf 83' lang='lat' dir='ltr'><strong>fides,</strong></span> <span class='ocrx_word' id='word_1_776' title='bbox 1121 5432 1308 5495; x_wconf 89' lang='lat' dir='ltr'><strong>utpote</strong></span> <span class='ocrx_word' id='word_1_777' title='bbox 1334 5422 1477 5493; x_wconf 90' lang='lat' dir='ltr'><strong>quod</strong></span> <span class='ocrx_word' id='word_1_778' title='bbox 1506 5420 1596 5474; x_wconf 86' lang='lat' dir='ltr'><strong>alii</strong></span> <span class='ocrx_word' id='word_1_779' title='bbox 1626 5417 1843 5488; x_wconf 87' lang='lat' dir='ltr'><strong>quidem</strong></span> <span class='ocrx_word' id='word_1_780' title='bbox 1889 5432 2050 5470; x_wconf 84' lang='lat' dir='ltr'><strong>voca-</strong></span> 
     </span>
    </p>
   </div>
   <div class='ocr_carea' id='block_1_103' title="bbox 484 5508 2048 5591">
    <p class='ocr_par' dir='ltr' id='par_1_103' title="bbox 484 5508 2048 5591">
     <span class='ocr_line' id='line_1_103' title="bbox 484 5508 2048 5591; baseline -0.013 -10"><span class='ocrx_word' id='word_1_781' title='bbox 484 5535 700 5591; x_wconf 88' lang='lat' dir='ltr'><strong>rentur,</strong></span> <span class='ocrx_word' id='word_1_782' title='bbox 734 5523 915 5580; x_wconf 62' lang='lat' dir='ltr'><strong>ceteri</strong></span> <span class='ocrx_word' id='word_1_783' title='bbox 960 5528 1144 5576; x_wconf 86' lang='lat' dir='ltr'><strong>autem</strong></span> <span class='ocrx_word' id='word_1_784' title='bbox 1179 5524 1363 5574; x_wconf 88' lang='lat' dir='ltr'><strong>essent</strong></span> <span class='ocrx_word' id='word_1_785' title='bbox 1417 5520 1670 5582; x_wconf 82' lang='lat' dir='ltr'><strong>expertes</strong></span> <span class='ocrx_word' id='word_1_786' title='bbox 1703 5508 2003 5563; x_wconf 83' lang='lat' dir='ltr'><strong>vocationis</strong></span> <span class='ocrx_word' id='word_1_787' title='bbox 2034 5526 2048 5571; x_wconf 89' lang='lat'><strong>;</strong></span> 
     </span>
    </p>
   </div>
   <div class='ocr_carea' id='block_1_104' title="bbox 483 5602 2052 5691">
    <p class='ocr_par' dir='ltr' id='par_1_104' title="bbox 483 5602 2052 5691">
     <span class='ocr_line' id='line_1_104' title="bbox 483 5602 2052 5691; baseline -0.017 -15"><span class='ocrx_word' id='word_1_788' title='bbox 483 5627 793 5691; x_wconf 78' lang='lat' dir='ltr'><strong>opportune</strong></span> <span class='ocrx_word' id='word_1_789' title='bbox 812 5611 1117 5685; x_wconf 71' lang='lat' dir='ltr'><strong>huiusmodi</strong></span> <span class='ocrx_word' id='word_1_790' title='bbox 1140 5604 1491 5681; x_wconf 86' lang='lat' dir='ltr'><strong>reprehensio</strong></span> <span class='ocrx_word' id='word_1_791' title='bbox 1507 5602 1836 5671; x_wconf 82' lang='lat' dir='ltr'><strong>objiceretur</strong></span> <span class='ocrx_word' id='word_1_792' title='bbox 1855 5611 2052 5665; x_wconf 73' lang='lat' dir='ltr'><strong>mystc-</strong></span> 
     </span>
    </p>
   </div>
   <div class='ocr_carea' id='block_1_105' title="bbox 2142 4499 3713 4573">
    <p class='ocr_par' dir='ltr' id='par_1_105' title="bbox 2142 4499 3713 4573">
     <span class='ocr_line' id='line_1_105' title="bbox 2142 4499 3713 4573; baseline -0.003 -17"><span class='ocrx_word' id='word_1_793' title='bbox 2142 4504 2382 4573; x_wconf 87' lang='grc' dir='ltr'>θεμένων</span> <span class='ocrx_word' id='word_1_794' title='bbox 2414 4502 2491 4573; x_wconf 82' lang='grc' dir='ltr'><strong>τῷ</strong></span> <span class='ocrx_word' id='word_1_795' title='bbox 2518 4503 2678 4573; x_wconf 82' lang='grc' dir='ltr'>λόγῳ,</span> <span class='ocrx_word' id='word_1_796' title='bbox 2708 4504 2769 4555; x_wconf 83' lang='grc' dir='ltr'><strong>οὐ</strong></span> <span class='ocrx_word' id='word_1_797' title='bbox 2808 4504 3000 4573; x_wconf 88' lang='grc' dir='ltr'>μικρόν</span> <span class='ocrx_word' id='word_1_798' title='bbox 3049 4504 3163 4554; x_wconf 87' lang='grc' dir='ltr'>ἐστι</span> <span class='ocrx_word' id='word_1_799' title='bbox 3197 4502 3256 4554; x_wconf 84' lang='grc' dir='ltr'>τὸ</span> <span class='ocrx_word' id='word_1_800' title='bbox 3289 4499 3713 4569; x_wconf 81' lang='grc' dir='ltr'>ὑπολειπόμενον</span> 
     </span>
    </p>
   </div>
   <div class='ocr_carea' id='block_1_106' title="bbox 2145 4590 3716 4666">
    <p class='ocr_par' dir='ltr' id='par_1_106' title="bbox 2145 4590 3716 4666">
     <span class='ocr_line' id='line_1_106' title="bbox 2145 4590 3716 4666; baseline -0.02 5"><span class='ocrx_word' id='word_1_801' title='bbox 2145 4596 2329 4666; x_wconf 43' lang='lat' dir='ltr'><strong>MP&quot;:</strong></span> <span class='ocrx_word' id='word_1_802' title='bbox 2359 4595 2392 4665; x_wconf 76' lang='grc' dir='ltr'><strong>ἢ</strong></span> <span class='ocrx_word' id='word_1_803' title='bbox 2445 4596 2517 4665; x_wconf 86' lang='grc' dir='ltr'>μὴ</span> <span class='ocrx_word' id='word_1_804' title='bbox 2562 4594 2911 4664; x_wconf 78' lang='grc' dir='ltr'>βουληθέντος</span> <span class='ocrx_word' id='word_1_805' title='bbox 2948 4595 3043 4647; x_wconf 84' lang='grc' dir='ltr'>τοῦ</span> <span class='ocrx_word' id='word_1_806' title='bbox 3076 4593 3209 4647; x_wconf 74' lang='grc' dir='ltr'>Θεοῦ</span> <span class='ocrx_word' id='word_1_807' title='bbox 3242 4596 3420 4646; x_wconf 71' lang='grc' dir='ltr'>πᾶσαν</span> <span class='ocrx_word' id='word_1_808' title='bbox 3468 4590 3716 4659; x_wconf 77' lang='grc' dir='ltr'>ἀφθόνως</span> 
     </span>
    </p>
   </div>
   <div class='ocr_carea' id='block_1_107' title="bbox 2142 4678 3716 4757">
    <p class='ocr_par' dir='ltr' id='par_1_107' title="bbox 2142 4678 3716 4757">
     <span class='ocr_line' id='line_1_107' title="bbox 2142 4678 3716 4757; baseline -0.004 -18"><span class='ocrx_word' id='word_1_809' title='bbox 2142 4687 2240 4757; x_wconf 73' lang='grc' dir='ltr'>τὴν</span> <span class='ocrx_word' id='word_1_810' title='bbox 2268 4686 2582 4757; x_wconf 79' lang='grc' dir='ltr'>εὐεργεσίαν</span> <span class='ocrx_word' id='word_1_811' title='bbox 2610 4681 2767 4749; x_wconf 83' lang='grc' dir='ltr'>εἶναι,</span> <span class='ocrx_word' id='word_1_812' title='bbox 2802 4687 2835 4757; x_wconf 76' lang='grc' dir='ltr'><strong>ἢ</strong></span> <span class='ocrx_word' id='word_1_813' title='bbox 2880 4687 2951 4757; x_wconf 84' lang='grc' dir='ltr'>μὴ</span> <span class='ocrx_word' id='word_1_814' title='bbox 2985 4686 3303 4755; x_wconf 84' lang='grc' dir='ltr'>δυνηθέντος</span> <span class='ocrx_word' id='word_1_815' title='bbox 3331 4684 3574 4746; x_wconf 83' lang='grc' dir='ltr'>πάντως;</span> <span class='ocrx_word' id='word_1_816' title='bbox 3610 4678 3716 4735; x_wconf 82' lang='grc' dir='ltr'><strong>’Ὧν</strong></span> 
     </span>
    </p>
   </div>
   <div class='ocr_carea' id='block_1_108' title="bbox 2146 4770 3715 4845">
    <p class='ocr_par' dir='ltr' id='par_1_108' title="bbox 2146 4770 3715 4845">
     <span class='ocr_line' id='line_1_108' title="bbox 2146 4770 3715 4845; baseline -0.004 -16"><span class='ocrx_word' id='word_1_817' title='bbox 2146 4776 2257 4829; x_wconf 73' lang='grc' dir='ltr'>οὐθ’</span> <span class='ocrx_word' id='word_1_818' title='bbox 2286 4777 2472 4845; x_wconf 88' lang='grc' dir='ltr'>’έτερον</span> <span class='ocrx_word' id='word_1_819' title='bbox 2498 4776 2787 4845; x_wconf 85' lang='grc' dir='ltr'>καθαρεύει</span> <span class='ocrx_word' id='word_1_820' title='bbox 2814 4777 2911 4845; x_wconf 83' lang='grc' dir='ltr'>τῆς</span> <span class='ocrx_word' id='word_1_821' title='bbox 2945 4775 3202 4845; x_wconf 78' lang='grc' dir='ltr'>μέμψεως</span> <span class='ocrx_word' id='word_1_822' title='bbox 3221 4792 3233 4804; x_wconf 81' lang='lat'><strong>-</strong></span> <span class='ocrx_word' id='word_1_823' title='bbox 3264 4772 3385 4824; x_wconf 76' lang='grc' dir='ltr'>οὔτε</span> <span class='ocrx_word' id='word_1_824' title='bbox 3412 4770 3519 4839; x_wconf 74' lang='grc' dir='ltr'><strong>γάρ</strong></span> <span class='ocrx_word' id='word_1_825' title='bbox 3548 4770 3715 4823; x_wconf 77' lang='grc' dir='ltr'>ἀϐού-</span> 
     </span>
    </p>
   </div>
   <div class='ocr_carea' id='block_1_109' title="bbox 2147 4859 3718 4937">
    <p class='ocr_par' dir='ltr' id='par_1_109' title="bbox 2147 4859 3718 4937">
     <span class='ocr_line' id='line_1_109' title="bbox 2147 4859 3718 4937; baseline -0.006 -18"><span class='ocrx_word' id='word_1_826' title='bbox 2147 4867 2305 4937; x_wconf 81' lang='grc' dir='ltr'>λητον</span> <span class='ocrx_word' id='word_1_827' title='bbox 2338 4862 2563 4920; x_wconf 81' lang='grc' dir='ltr'>εἶναιτὸ</span> <span class='ocrx_word' id='word_1_828' title='bbox 2598 4866 2799 4932; x_wconf 74' lang='grc' dir='ltr'>ἀγαθὸν</span> <span class='ocrx_word' id='word_1_829' title='bbox 2833 4867 3098 4936; x_wconf 80' lang='grc' dir='ltr'>προσήκει</span> <span class='ocrx_word' id='word_1_830' title='bbox 3139 4862 3217 4932; x_wconf 88' lang='grc' dir='ltr'>τῷ</span> <span class='ocrx_word' id='word_1_831' title='bbox 3254 4860 3392 4928; x_wconf 83' lang='grc' dir='ltr'>Θεῷ,</span> <span class='ocrx_word' id='word_1_832' title='bbox 3423 4859 3545 4911; x_wconf 71' lang='grc' dir='ltr'>οὔτε</span> <span class='ocrx_word' id='word_1_833' title='bbox 3589 4860 3718 4911; x_wconf 81' lang='grc' dir='ltr'>ἁδύ-</span> 
     </span>
    </p>
   </div>
   <div class='ocr_carea' id='block_1_110' title="bbox 2147 4951 3721 5024">
    <p class='ocr_par' dir='ltr' id='par_1_110' title="bbox 2147 4951 3721 5024">
     <span class='ocr_line' id='line_1_110' title="bbox 2147 4951 3721 5024; baseline -0.004 -13"><span class='ocrx_word' id='word_1_834' title='bbox 2147 4976 2327 5013; x_wconf 82' lang='grc' dir='ltr'>νατον.</span> <span class='ocrx_word' id='word_1_835' title='bbox 2356 4959 2419 5011; x_wconf 83' lang='grc' dir='ltr'>Εί</span> <span class='ocrx_word' id='word_1_836' title='bbox 2446 4953 2538 5010; x_wconf 81' lang='grc' dir='ltr'><strong>οὖν</strong></span> <span class='ocrx_word' id='word_1_837' title='bbox 2566 4957 2767 5024; x_wconf 85' lang='grc' dir='ltr'>ἀγαθόν</span> <span class='ocrx_word' id='word_1_838' title='bbox 2797 4974 2849 5008; x_wconf 88' lang='grc' dir='ltr'><strong>τι</strong></span> <span class='ocrx_word' id='word_1_839' title='bbox 2880 4958 2912 5024; x_wconf 86' lang='grc' dir='ltr'>ή</span> <span class='ocrx_word' id='word_1_840' title='bbox 2950 4955 3151 5017; x_wconf 79' lang='grc' dir='ltr'>πίστις,</span> <span class='ocrx_word' id='word_1_841' title='bbox 3180 4952 3269 5005; x_wconf 82' lang='grc' dir='ltr'>διὰ</span> <span class='ocrx_word' id='word_1_842' title='bbox 3301 4952 3374 5014; x_wconf 82' lang='grc' dir='ltr'><strong>τί,</strong></span> <span class='ocrx_word' id='word_1_843' title='bbox 3409 4952 3593 5017; x_wconf 78' lang='grc' dir='ltr'>φασὶν,</span> <span class='ocrx_word' id='word_1_844' title='bbox 3616 4951 3721 5007; x_wconf 70' lang='grc' dir='ltr'><strong>οὐκ</strong></span> 
     </span>
    </p>
   </div>
   <div class='ocr_carea' id='block_1_111' title="bbox 2149 5039 3716 5116">
    <p class='ocr_par' dir='ltr' id='par_1_111' title="bbox 2149 5039 3716 5116">
     <span class='ocr_line' id='line_1_111' title="bbox 2149 5039 3716 5116; baseline -0.007 -16"><span class='ocrx_word' id='word_1_845' title='bbox 2149 5049 2240 5102; x_wconf 72' lang='grc' dir='ltr'><strong>ἐπὶ</strong></span> <span class='ocrx_word' id='word_1_846' title='bbox 2270 5048 2475 5109; x_wconf 86' lang='grc' dir='ltr'>πάντας</span> <span class='ocrx_word' id='word_1_847' title='bbox 2496 5048 2530 5116; x_wconf 84' lang='grc' dir='ltr'>ἡ</span> <span class='ocrx_word' id='word_1_848' title='bbox 2548 5048 2740 5116; x_wconf 86' lang='grc' dir='ltr'>χάρις;</span> <span class='ocrx_word' id='word_1_849' title='bbox 2768 5046 2829 5097; x_wconf 82' lang='lat' dir='ltr'><strong>Ei</strong></span> <span class='ocrx_word' id='word_1_850' title='bbox 2862 5044 2957 5114; x_wconf 84' lang='grc' dir='ltr'><strong>μὲν</strong></span> <span class='ocrx_word' id='word_1_851' title='bbox 2985 5040 3077 5095; x_wconf 78' lang='grc' dir='ltr'><strong>οὖν</strong></span> <span class='ocrx_word' id='word_1_852' title='bbox 3102 5041 3272 5093; x_wconf 80' lang='grc' dir='ltr'>ταῦτα</span> <span class='ocrx_word' id='word_1_853' title='bbox 3294 5040 3387 5094; x_wconf 78' lang='grc' dir='ltr'><strong>καὶ</strong></span> <span class='ocrx_word' id='word_1_854' title='bbox 3408 5039 3534 5108; x_wconf 81' lang='grc' dir='ltr'>παρ’</span> <span class='ocrx_word' id='word_1_855' title='bbox 3561 5039 3716 5109; x_wconf 74' lang='grc' dir='ltr'>ἡμῶν</span> 
     </span>
    </p>
   </div>
   <div class='ocr_carea' id='block_1_112' title="bbox 2150 5131 3717 5210">
    <p class='ocr_par' dir='ltr' id='par_1_112' title="bbox 2150 5131 3717 5210">
     <span class='ocr_line' id='line_1_112' title="bbox 2150 5131 3717 5210; baseline -0.009 -16"><span class='ocrx_word' id='word_1_856' title='bbox 2150 5142 2208 5194; x_wconf 79' lang='grc' dir='ltr'>ὲν</span> <span class='ocrx_word' id='word_1_857' title='bbox 2236 5139 2314 5210; x_wconf 82' lang='grc' dir='ltr'>τῷ</span> <span class='ocrx_word' id='word_1_858' title='bbox 2342 5139 2484 5209; x_wconf 83' lang='grc' dir='ltr'>λόγῳ</span> <span class='ocrx_word' id='word_1_859' title='bbox 2504 5135 2950 5197; x_wconf 77' lang='grc' dir='ltr'>κατεσκευάζετο,</span> <span class='ocrx_word' id='word_1_860' title='bbox 2976 5135 3125 5204; x_wconf 74' lang='grc' dir='ltr'>παρὰ</span> <span class='ocrx_word' id='word_1_861' title='bbox 3155 5132 3251 5185; x_wconf 78' lang='grc' dir='ltr'>τοῦ</span> <span class='ocrx_word' id='word_1_862' title='bbox 3281 5132 3427 5185; x_wconf 85' lang='grc' dir='ltr'>θείου</span> <span class='ocrx_word' id='word_1_863' title='bbox 3451 5131 3717 5200; x_wconf 77' lang='grc' dir='ltr'>βουλήμα-</span> 
     </span>
    </p>
   </div>
   <div class='ocr_carea' id='block_1_113' title="bbox 2148 5221 3719 5301">
    <p class='ocr_par' dir='ltr' id='par_1_113' title="bbox 2148 5221 3719 5301">
     <span class='ocr_line' id='line_1_113' title="bbox 2148 5221 3719 5301; baseline -0.009 -16"><span class='ocrx_word' id='word_1_864' title='bbox 2148 5249 2239 5294; x_wconf 87' lang='grc' dir='ltr'><strong>τος</strong></span> <span class='ocrx_word' id='word_1_865' title='bbox 2270 5228 2709 5301; x_wconf 84' lang='grc' dir='ltr'>ἀποκληροῦσθαι</span> <span class='ocrx_word' id='word_1_866' title='bbox 2736 5231 2848 5289; x_wconf 87' lang='grc' dir='ltr'>τοῖς</span> <span class='ocrx_word' id='word_1_867' title='bbox 2893 5224 3201 5295; x_wconf 83' lang='grc' dir='ltr'>ἀνθρώποις</span> <span class='ocrx_word' id='word_1_868' title='bbox 3246 5224 3345 5293; x_wconf 84' lang='grc' dir='ltr'><strong>τὴν</strong></span> <span class='ocrx_word' id='word_1_869' title='bbox 3378 5223 3580 5283; x_wconf 82' lang='grc' dir='ltr'>πίστιν,</span> <span class='ocrx_word' id='word_1_870' title='bbox 3610 5221 3719 5272; x_wconf 85' lang='grc' dir='ltr'>τῶν</span> 
     </span>
    </p>
   </div>
   <div class='ocr_carea' id='block_1_114' title="bbox 2148 5310 3720 5391">
    <p class='ocr_par' dir='ltr' id='par_1_114' title="bbox 2148 5310 3720 5391">
     <span class='ocr_line' id='line_1_114' title="bbox 2148 5310 3720 5391; baseline -0.01 -16"><span class='ocrx_word' id='word_1_871' title='bbox 2148 5322 2205 5375; x_wconf 81' lang='grc' dir='ltr'>δὲ</span> <span class='ocrx_word' id='word_1_872' title='bbox 2242 5321 2337 5391; x_wconf 86' lang='grc' dir='ltr'><strong>μὲν</strong></span> <span class='ocrx_word' id='word_1_873' title='bbox 2368 5319 2713 5387; x_wconf 84' lang='grc' dir='ltr'>καλουμένων</span> <span class='ocrx_word' id='word_1_874' title='bbox 2766 5316 2877 5368; x_wconf 79' lang='grc' dir='ltr'><strong>τῶν</strong></span> <span class='ocrx_word' id='word_1_875' title='bbox 2906 5316 2962 5367; x_wconf 85' lang='grc' dir='ltr'>δὲ</span> <span class='ocrx_word' id='word_1_876' title='bbox 2990 5314 3191 5367; x_wconf 83' lang='grc' dir='ltr'>λοιπῶν</span> <span class='ocrx_word' id='word_1_877' title='bbox 3224 5312 3594 5383; x_wconf 77' lang='grc' dir='ltr'>ἀμοιροῦντων</span> <span class='ocrx_word' id='word_1_878' title='bbox 3618 5310 3720 5377; x_wconf 78' lang='grc' dir='ltr'><strong>τῆς</strong></span> 
     </span>
    </p>
   </div>
   <div class='ocr_carea' id='block_1_115' title="bbox 2153 5399 3718 5481">
    <p class='ocr_par' dir='ltr' id='par_1_115' title="bbox 2153 5399 3718 5481">
     <span class='ocr_line' id='line_1_115' title="bbox 2153 5399 3718 5481; baseline -0.008 -17"><span class='ocrx_word' id='word_1_879' title='bbox 2153 5413 2417 5481; x_wconf 80' lang='grc' dir='ltr'>κλήσεως,</span> <span class='ocrx_word' id='word_1_880' title='bbox 2453 5410 2644 5480; x_wconf 74' lang='grc' dir='ltr'>καιρὸν</span> <span class='ocrx_word' id='word_1_881' title='bbox 2670 5405 2782 5478; x_wconf 84' lang='grc' dir='ltr'>εἶχε</span> <span class='ocrx_word' id='word_1_882' title='bbox 2815 5408 2877 5460; x_wconf 76' lang='grc' dir='ltr'><strong>τὸ</strong></span> <span class='ocrx_word' id='word_1_883' title='bbox 2900 5404 3137 5459; x_wconf 77' lang='grc' dir='ltr'>τοιοῦτον</span> <span class='ocrx_word' id='word_1_884' title='bbox 3167 5406 3415 5477; x_wconf 78' lang='grc' dir='ltr'>ἔγκλημα</span> <span class='ocrx_word' id='word_1_885' title='bbox 3452 5402 3592 5455; x_wconf 68' lang='grc' dir='ltr'>κατὰ</span> <span class='ocrx_word' id='word_1_886' title='bbox 3622 5399 3718 5452; x_wconf 72' lang='grc' dir='ltr'>τοῦ</span> 
     </span>
    </p>
   </div>
   <div class='ocr_carea' id='block_1_116' title="bbox 2156 5491 3723 5571">
    <p class='ocr_par' dir='ltr' id='par_1_116' title="bbox 2156 5491 3723 5571">
     <span class='ocr_line' id='line_1_116' title="bbox 2156 5491 3723 5571; baseline -0.01 -16"><span class='ocrx_word' id='word_1_887' title='bbox 2156 5502 2454 5571; x_wconf 83' lang='grc' dir='ltr'>μυστηρίου</span> <span class='ocrx_word' id='word_1_888' title='bbox 2486 5498 2873 5569; x_wconf 78' lang='grc' dir='ltr'>προφέρεσθαι.</span> <span class='ocrx_word' id='word_1_889' title='bbox 2913 5499 2974 5550; x_wconf 86' lang='grc' dir='ltr'><strong>Εἰ</strong></span> <span class='ocrx_word' id='word_1_890' title='bbox 3003 5498 3059 5551; x_wconf 79' lang='grc' dir='ltr'><strong>δὲ</strong></span> <span class='ocrx_word' id='word_1_891' title='bbox 3087 5497 3343 5566; x_wconf 87' lang='grc' dir='ltr'>ὁμότιμος</span> <span class='ocrx_word' id='word_1_892' title='bbox 3386 5493 3479 5546; x_wconf 73' lang='grc' dir='ltr'><strong>ἐπὶ</strong></span> <span class='ocrx_word' id='word_1_893' title='bbox 3514 5491 3723 5551; x_wconf 75' lang='grc' dir='ltr'>πάντας</span> 
     </span>
    </p>
   </div>
   <div class='ocr_carea' id='block_1_117' title="bbox 2161 5575 3793 5664">
    <p class='ocr_par' dir='ltr' id='par_1_117' title="bbox 2161 5575 3793 5664">
     <span class='ocr_line' id='line_1_117' title="bbox 2161 5575 3793 5664; baseline -0.009 -17"><span class='ocrx_word' id='word_1_894' title='bbox 2161 5597 2193 5664; x_wconf 71' lang='grc' dir='ltr'>ἡ</span> <span class='ocrx_word' id='word_1_895' title='bbox 2229 5594 2438 5661; x_wconf 80' lang='grc' dir='ltr'>κλῆσις,</span> <span class='ocrx_word' id='word_1_896' title='bbox 2482 5590 2603 5646; x_wconf 74' lang='grc' dir='ltr'>οὔτε</span> <span class='ocrx_word' id='word_1_897' title='bbox 2637 5590 2815 5657; x_wconf 76' lang='grc' dir='ltr'>ἀξίας,</span> <span class='ocrx_word' id='word_1_898' title='bbox 2843 5589 2964 5643; x_wconf 69' lang='grc' dir='ltr'>οὔτε</span> <span class='ocrx_word' id='word_1_899' title='bbox 3009 5588 3253 5660; x_wconf 80' lang='grc' dir='ltr'>ἡλικίας,</span> <span class='ocrx_word' id='word_1_900' title='bbox 3287 5585 3405 5639; x_wconf 75' lang='grc' dir='ltr'>οὔτε</span> <span class='ocrx_word' id='word_1_901' title='bbox 3437 5583 3534 5643; x_wconf 68' lang='grc' dir='ltr'><strong>τὰς</strong></span> <span class='ocrx_word' id='word_1_902' title='bbox 3579 5581 3723 5635; x_wconf 73' lang='grc' dir='ltr'>κατὶ</span> <span class='ocrx_word' id='word_1_903' title='bbox 3786 5575 3793 5579; x_wconf 70' lang='grc'><em>’</em></span> 
     </span>
    </p>
   </div>
  </div>
