4006 6148
338 207 404 261 77
1566 206 1826 262 ORATIO
1854 206 2352 275 CATECIIETICA.
3520 216 3585 269 73

336 323 406 377 τὰ
429 320 558 390 ἔθνη
589 320 854 391 διαφορὰς
884 284 1253 391 διακρίνουσα.
1295 321 1393 375 Διὰ
1426 322 1581 376 τοῦτο
1621 322 1731 394 γὰρ
1758 321 1910 391 παρᾶ

2031 322 2113 376 'io.
2165 322 2220 376 Si
2252 334 2431 378 autem
2470 324 2672 395 pariter
2724 325 2791 379 ad
2821 340 3010 381 onmes
3050 326 3297 397 procedit
3348 333 3580 393 t'ocatio,

336 413 435 482 τὴν
486 409 711 481 πρώτην
754 410 931 481 ἀρχὴν
985 410 1354 482 κηρύγματος,
1404 412 1738 482 ὁμόγλωσσοι
1782 414 1914 464 πᾶσι

335 506 447 565 τοῖς
478 500 690 553 ἔθνεσιν
719 501 768 552 οἱ
797 501 1166 565 διακονοῦντες
1195 502 1286 555 τὸν
1329 503 1484 570 λόγον
1514 504 1578 555 ἐκ
1608 501 1755 566 θείας
1798 504 1917 555 ἐπι-

337 595 527 656 πνοίας
557 593 772 665 ἀθρόως
816 594 1085 660 ἐγένοντο,
1115 595 1191 658 ὡς
1233 595 1299 649 ἂν
1328 596 1516 666 μηδεὶς
1549 594 1656 647 τῶν
1696 593 1916 663 ἀγαθῶν

337 684 696 753 ἁμοιρήσειε’
748 681 864 746 πῶς
903 683 968 736 ἂν
996 685 1138 738 κατὰ
1166 684 1227 738 τὸ
1274 683 1494 753 εὔλογον
1530 686 1610 738 ἔτι
1652 685 1742 738 τὸν
1784 685 1917 739 Θεὸν

336 772 609 843 αἰτιῷντο,
629 770 724 826 τοῦ
757 772 831 843 μὴ
858 772 1074 826 πάντων
1101 773 1463 843 ἐπικρατῆσαι
1496 772 1584 825 τὸν
1612 773 1813 837 Λόγονς
1856 771 1917 822 ’0

333 864 443 936 γὰρ
465 863 559 917 τοῦ
596 864 793 928 παντὸς
814 865 912 937 τὴν
938 865 1186 931 ἐξουσίαν
1210 866 1367 935 ἔχων.
1394 865 1461 919 δι’
1492 862 1796 934 ὑπερϐολὴν
1820 864 1918 933 τῆς

336 959 417 1019 εἰς
453 956 547 1009 τὸν
575 955 859 1028 ἄνθρωπον
890 957 1078 1028 τιμῆς,
1113 956 1291 1026 ἀφῆκέ
1322 974 1374 1009 τι
1412 956 1506 1008 καὶ
1535 955 1639 1008 ὑπὸ
1664 953 1760 1025 τὴν
1788 955 1919 1025 ἡμι-

333 1045 502 1117 τὲραν
525 1045 773 1111 ἐξουσίαν
812 1041 970 1110 εἶναι,
997 1040 1056 1100 οῦ
1088 1046 1247 1115 μόνος
1281 1046 1512 1107 ἕκαστός
1553 1047 1669 1098 ἐστι
1710 1043 1915 1114 κύριος.

338 1138 514 1194 Τοῦτο
544 1138 602 1191 δέ
646 1140 794 1191 ἐστιν
829 1141 862 1209 ἡ
914 1139 1250 1212 προαίρεσις,
1302 1138 1601 1191 ἀδούλωτόν
1629 1155 1681 1189 τι
1729 1135 1918 1207 χρῆμα

338 1233 433 1286 καὶ
470 1232 815 1298 αὐτεξούσιον
838 1234 895 1285 ἐν
929 1234 992 1302 τῇ
1023 1232 1304 1302 ἐλευθερίᾳ
1332 1231 1431 1299 τῆς
1460 1231 1699 1294 διανοίας
1728 1233 1916 1301 κείμε-

337 1339 449 1376 νον.
503 1320 711 1374 Οὐκοῦν
750 1323 842 1376 ἐπὶ
894 1325 1021 1386 τοὺς
1071 1322 1145 1394 μὴ
1180 1323 1585 1393 προσαχθέντας
1622 1326 1688 1392 τῇ
1738 1324 1917 1376 πίστει

341 1414 675 1484 δικαιότερον
706 1413 771 1467 ἂν
804 1413 863 1467 τὸ
900 1415 1136 1468 τοιοῦτον
1164 1415 1417 1486 ἔγκλημα
1447 1416 1786 1487 μετατεθείη,
1817 1417 1917 1470 οὐκ

344 1505 437 1556 ἐπὶ
469 1505 557 1557 τὸν
584 1504 889 1575 κεκληκότα
916 1506 1051 1576 πρὸς
1068 1506 1169 1577 τὴν
1193 1507 1502 1561 κατάθεσιν.
1534 1508 1665 1562 Οὐδὲ
1696 1507 1803 1579 γὰρ
1826 1508 1918 1560 ἐπὶ

339 1596 435 1649 τοῦ
474 1598 677 1668 Πέτρου
714 1598 834 1651 κατ’
886 1598 1059 1668 ἀρχὰς
1095 1599 1188 1651 τὸν
1229 1598 1385 1666 λόγον
1426 1601 1483 1652 ἐν
1514 1598 1918 1669 πολυανθρώπῳ

2018 429 2115 467 nec
2148 414 2552 475 auctoritatem,
2585 430 2686 469 nec
2718 423 2953 481 anatem,
2988 432 3162 486 neque
3188 417 3428 486 gentium
3467 418 3584 473 dis-

2016 519 2247 559 cernens
2297 505 2658 561 dill'erentiam
2716 506 3035 576 (propterea
3093 508 3238 562 enim
3303 509 3355 562 in
3408 511 3586 577 primo

2020 595 2178 649 initio
2206 596 2644 665 praedicationis,
2674 596 2857 653 divina
2906 598 3285 666 inspiratione,
3321 602 3486 655 unius
3530 611 3587 657 et

2016 688 2263 757 ejusdem
2296 689 2518 757 lingua,
2545 688 2707 757 cujus
2738 704 2931 742 omnes
2953 698 3164 759 gentes,
3203 700 3425 757 repente
3460 692 3586 745 l‘acti

2018 789 2142 835 sunt
2178 780 2270 847 qui
2304 781 2531 833 verbum
2563 779 2969 841 ministrabant,
3001 790 3060 834 ut
3100 795 3261 835 nemo
3296 789 3444 836 esset
3495 797 3588 837 ex-

2019 888 2145 943 pers
2191 874 2533 939 bonorum),
2565 872 3023 941 quemadmodum
3077 872 3244 928 fuerit
3298 884 3588 930 consenta-

2017 979 2204 1026 neum,
2237 973 2295 1016 ut
2322 962 2491 1018 Deum
2514 962 2693 1017 adhuc
2719 969 2999 1023 accusent,
3034 964 3180 1031 quod
3208 963 3584 1021 Verbumnon

2018 1056 2077 1111 in
2111 1070 2303 1110 omnes
2334 1056 2673 1110 dominatum
2712 1054 3057 1109 obtinuerit?
3087 1054 3222 1108 Nam
3251 1057 3344 1125 qui
3377 1058 3429 1110 in
3461 1058 3585 1110 uni-

2016 1147 2331 1203 versitatem
2387 1146 2611 1223 liberam
2673 1145 2905 1199 habebat
2960 1152 3305 1213 potestatem,
3366 1157 3588 1218 propter

2018 1253 2295 1294 summum
2330 1237 2383 1291 iu
2422 1238 2671 1291 homines
2699 1236 2987 1296 honorem,
3017 1237 3230 1291 dimisit
3270 1238 3436 1291 etiam
3489 1242 3588 1292 ali-

2018 1328 2149 1399 quid
2185 1328 2239 1382 in
2277 1338 2467 1382 nostra
2504 1334 2793 1397 potestate,
2852 1328 3011 1395 cujus
3065 1328 3443 1396 unusquisque
3492 1345 3590 1381 no-

2019 1429 2194 1476 strum
2233 1420 2384 1475 solus
2430 1427 2514 1474 est
2577 1417 2854 1472 dominus.
2917 1416 3030 1471 lloc
3059 1429 3239 1471 autem
3306 1425 3390 1472 est
3430 1420 3587 1473 liberi

2018 1512 2234 1567 arbitrii
2267 1512 2437 1567 libera
2480 1510 2694 1572 electio,
2742 1525 2863 1575 qua:
2912 1510 3107 1578 subjici
3163 1511 3371 1579 nequit,
3418 1520 3471 1564 et
3505 1511 3587 1562 sui

2015 1604 2157 1672 juris
2188 1609 2272 1656 est
2318 1602 2370 1654 in
2415 1601 2667 1655 libertate
2726 1600 2926 1674 mentis
2954 1607 3009 1654 et
3059 1600 3409 1667 cegitationis
3460 1601 3585 1655 sita.

340 1687 449 1740 τῶν
509 1689 779 1743 Ἰουδαίων
850 1689 1145 1760 Ἐκκλησία
1200 1690 1553 1760 κηρύξαντος,
1606 1690 1917 1760 τρισχιλίων

2031 1690 2209 1758 itaque
2238 1689 2294 1742 in
2333 1703 2427 1743 eos
2463 1688 2554 1755 qui
2585 1687 2650 1741 ad
2684 1687 2841 1740 ﬁdem
2873 1688 3089 1742 adducti
3123 1705 3230 1742 non
3278 1697 3431 1753 sunt,
3468 1690 3582 1745 eri-

342 1779 485 1833 κατὰ
512 1778 705 1834 ταύτὸν
736 1779 1191 1849 παραδεξαμένων
1220 1780 1317 1851 τὴν
1355 1780 1555 1845 πίστιν,
1590 1781 1806 1844 πλείους
1833 1782 1920 1834 δν-

342 1884 433 1929 τες
460 1867 567 1920 τῶν
605 1870 1043 1923 πεπιστευκότων
1077 1873 1125 1923 οἱ
1154 1866 1570 1941 ἀπειθήσαντες,
1606 1872 1920 1941 ἐμέμψαντο

341 1956 435 2009 τδν
480 1958 801 2012 Ἀπόστολον
856 1961 939 2028 ἐφ’
979 1955 1060 2022 οἷς
1110 1960 1459 2031 ἐπείσθησαν.
1509 1962 1643 2015 Οὐδὲ
1692 1962 1801 2032 γὰρ
1853 1958 1921 2032 ἦν

342 2051 510 2115 εἰκὸς.
545 2053 603 2105 ἐν
646 2052 810 2123 κοινῷ
840 2051 1204 2123 προταθείσης
1232 2053 1330 2123 τῆς
1373 2052 1615 2123 χάριτος,
1645 2052 1733 2105 τὸν
1768 2054 1923 2105 ἐκου-

346 2143 477 2205 σίως
504 2143 966 2214 ἀποφοιτήσαντα,
1002 2141 1077 2213 μὴ
1103 2141 1313 2206 ἑαυτὸν,
1333 2140 1446 2195 ἀλλ’
1469 2141 1655 2213 ἕτερον
1677 2142 1775 2213 τῆς
1800 2142 1920 2195 δυσ-

341 2231 577 2303 κληρίας
608 2231 980 2287 ἐπαιτιᾶσθαι.

2021 1780 2249 1833 minatio
2280 1779 2450 1833 multo
2476 1778 2679 1847 justius
2708 1778 2990 1833 transferri
3029 1787 3221 1848 queat,
3256 1796 3361 1834 non
3394 1782 3447 1834 in
3465 1797 3586 1835 eum

2020 1872 2114 1939 qui
2154 1870 2371 1925 vocavit
2425 1870 2493 1922 ad
2528 1870 2968 1922 ‘consensionem.
3006 1869 3191 1939 Neque
3250 1873 3393 1925 enim
3465 1888 3588 1924 eum

2024 1963 2216 2018 Petrus
2251 1962 2303 2014 in
2331 1960 2484 2014 initio
2516 1960 2737 2015 verbum
2770 1961 3120 2029 praedicasset
3155 1962 3207 2015 in
3263 1962 3593 2030 frequentis-

2039 2053 2178 2107 sima
2226 2048 2536 2105 Judaorum
2596 2051 2877 2113 concione,
2946 2059 3000 2106 et
3058 2052 3161 2104 tria
3213 2053 3380 2107 millia
3429 2053 3590 2108 simul

2027 2143 2190 2198 ﬁdem
2247 2141 2607 2210 accepissent,
2641 2141 2681 2194 ii
2730 2140 2822 2209 qui
2875 2156 2982 2194 non
3041 2142 3411 2204 crediderunt,
3467 2159 3589 2197 cum

2030 2235 2215 2304 plures
2239 2231 2509 2286 essentiis
2534 2231 2624 2300 qui
2644 2230 3009 2296 crediderant,
3039 2232 3090 2285 in
3115 2234 3433 2302 Apostoium
3464 2248 3595 2286 cau—

342 2339 463 2378 sam
511 2326 882 2390 contulerunt,
933 2323 1076 2395 quod
1142 2340 1249 2379 non
1306 2325 1674 2381 crediderunt.
1737 2326 1921 2397 Neque
1958 2328 2102 2383 enim
2138 2339 2234 2395 par
2264 2332 2403 2388 erat,
2432 2332 2516 2388 ut,
2560 2323 2734 2394 gratia
2764 2322 2817 2377 in
2847 2339 3135 2380 commune
3174 2327 3474 2396 proposita,
3547 2326 3593 2378 is

341 2418 442 2486 qui
503 2416 811 2471 voluntarie
844 2417 913 2471 ab
977 2432 1040 2471 ea
1096 2417 1459 2481 abscesserat,
1514 2434 1620 2474 non
1661 2419 1787 2482 sibi,
1829 2419 1923 2475 sed
1964 2418 2053 2473 alii
2087 2418 2281 2473 malam
2314 2431 2467 2471 suam
2499 2423 2702 2471 sortem
2744 2415 3055 2471 ascriberet.

866 2528 871 2531 '
926 2511 1176 2564 ΚΕΦΔΛ.
1217 2510 1340 2563 AA'.

431 2600 569 2653 Ἀλλ’
611 2598 712 2655 οὐκ
757 2598 1054 2669 ἀποροῦσιν
1092 2600 1211 2656 οὐδὲ
1260 2602 1395 2672 πρὸς
1444 2602 1511 2654 τὰ
1559 2602 1784 2658 τοιαῦτα
1829 2605 1929 2675 τῆς

343 2690 630 2760 ἐριστικῆς
650 2689 974 2757 ἀντιλογίας.
1001 2691 1231 2759 Λέγουσι
1254 2691 1362 2763 γὰρ
1384 2691 1640 2748 δύνασθαι
1662 2694 1753 2746 τὸν
1772 2694 1925 2758 Θεὸν,

344 2783 507 2851 εἰπερ
536 2780 808 2841 ἐϐούλετο,
838 2781 932 2836 καὶ
959 2780 1081 2844 τοὺς
1110 2781 1415 2844 ἀντιτύπως
1443 2783 1662 2851 ἔχοντας
1687 2784 1930 2851 ἀναγκα-

348 2874 557 2935 πικῶς
593 2872 987 2940 ὲφελκύσασθαι
1037 2871 1170 2942 πρὸς
1209 2873 1308 2943 τὴν
1356 2874 1663 2944 παραδοχὴν
1703 2875 1797 2929 τοῦ
1832 2894 1931 2946 κη-

2587 2508 2815 2565 CAPUT
2861 2508 3050 2563 XXXI.

2101 2602 2209 2659 Sed
2238 2616 2415 2672 neque
2443 2600 2510 2655 ad
2540 2602 2653 2656 lucc
2687 2601 2923 2670 litigiosa
2954 2610 3114 2671 egent
3142 2603 3594 2659 contradictione.

2029 2696 2229 2750 Dicunt
2266 2694 2412 2749 enim
2444 2692 2611 2747 Deum
2649 2707 2829 2762 posse,
2862 2694 2905 2746 si
2954 2692 3102 2755 velit,
3150 2708 3244 2745 eos
3290 2693 3449 2746 etiam
3504 2693 3597 2762 qui
3692 2732 3696 2737 .

2028 2784 2337 2845 resistunt,
2400 2781 2715 2837 necessario
2771 2780 3148 2850 componendo
3204 2782 3475 2835 attrahere
3532 2783 3597 2834 :nl

2033 2873 2437 2945 suscipiendam
2472 2872 2939 2942 praedicationem.
2980 2872 3084 2927 Ubi
3118 2879 3202 2927 est
3246 2888 3375 2942 ergo
3404 2874 3458 2926 in
3514 2875 3601 2928 his

350 2970 657 3043 ρῦγματος.
688 2962 797 3016 Ποῦ
823 2962 999 3015 τοίνυν
1025 2962 1080 3014 ἐν
1101 2962 1303 3025 τούτοις
1331 2963 1388 3015 τὸ
1420 2964 1795 3031 αὐτεξούσιον;
1826 2966 1931 3019 Ποῦ

2036 2967 2267 3022 liberum
2297 2963 2628 3019 arbitrium?
2665 2963 2768 3018 Ubi
2796 2970 2976 3017 autem
3007 2971 3091 3017 est
3120 2963 3340 3018 virtus?
3385 2962 3484 3018 Ubi
3519 2975 3603 3019 est

349 3062 412 3117 δὲ
436 3060 542 3113 τῶν
569 3054 978 3126 κατορθούντων
1000 3058 1027 3107 ὀ
1054 3054 1299 3120 ἓπαινος;
1323 3056 1511 3110 Μὸνων
1536 3057 1645 3127 γὰρ
1671 3057 1777 3109 τῶν
1798 3056 1933 3126 add-

352 3168 469 3222 χων
498 3149 533 3220 ἦ
559 3147 672 3201 τῶν
695 3146 905 3214 ἀλόγων
936 3146 1052 3199 ἐστὶ
1078 3145 1157 3215 τῷ
1183 3146 1446 3218 ἀλλοτρίῳ
1477 3147 1774 3219 βουλήματι
1802 3150 1935 3218 πρὸς

353 3241 420 3294 τὸ
450 3238 640 3293 δοκοῦν
682 3236 1060 3309 περιάγεσθαι.
1113 3237 1179 3292 Ἠ
1210 3237 1268 3290 δὲ
1300 3237 1490 3309 λογική
1543 3257 1603 3292 τε
1649 3240 1741 3292 καὶ
1774 3239 1937 3310 νοερᾶ

356 3330 542 3399 φύσις,
578 3328 672 3381 ἐὰν
695 3327 755 3381 τὸ
782 3328 901 3381 κατ’
928 3325 1174 3391 ἐξουσίαν
1205 3327 1498 3399 ἀπόθηται,
1529 3330 1622 3382 καὶ
1648 3330 1747 3399 τὴν
1777 3331 1935 3399 χάριν

357 3424 454 3483 τοῦ
479 3420 665 3494 νοεροῦ
696 3418 1090 3473 συναπώλεσεν.
1117 3420 1210 3483 Εἰς
1232 3418 1283 3472 τί
1309 3419 1417 3490 γὰρ
1442 3421 1702 3491 χρήσεται
1730 3423 1794 3491 τῇ
1820 3421 1935 3474 δια·

359 3514 480 3584 vei;
506 3513 604 3582 τῆς
635 3508 728 3563 τοῦ
759 3510 1136 3581 προαιρεῖσθαι
1160 3527 1213 3562 τι
1234 3508 1341 3562 τῶν
1364 3509 1504 3562 κατὰ
1532 3508 1755 3580 γνώμην
1784 3510 1936 3574 ἐξου-

362 3603 592 3670 σίαςνέςν
624 3600 794 3671 ἑτέρῳ
825 3598 1118 3669 κειμένης;
1151 3598 1215 3651 Εἰ
1241 3597 1296 3650 δὲ
1318 3597 1597 3669 ἄπρακτος
1623 3598 1655 3666 ἡ
1685 3596 1938 3666 προαίρε-

364 3713 450 3759 σις
505 3695 680 3766 μένοι,
733 3693 1023 3761 ἠφάνισται
1074 3690 1193 3743 κατ’
1240 3690 1485 3759 ἀνάγκην
1535 3691 1567 3759 ή
1613 3689 1816 3760 ἀρετὴ.
1870 3689 1934 3758 τῇ

362 3786 620 3857 ἀκινησία
666 3785 765 3855 τῆς
798 3783 1167 3853 προαιρέσεως
1201 3779 1613 3851 ἐμπώισθεῖσα·
1647 3780 1845 3849 ἀρετῆς
1882 3780 1938 3831 δέ

365 3883 440 3951 μὴ
480 3879 667 3949 οὔσης,
706 3878 735 3929 ὁ
779 3876 891 3946 βίος
931 3874 1236 3945 ἠτίμωται,
1288 3872 1383 3926 καὶ
1428 3870 1551 3925 καθ’
1600 3871 1939 3941 εἱμαρμένην

362 3972 532 4041 χωρεῖ
566 3970 594 4021 ὁ
634 3967 821 4035 λόγος,
854 3965 1129 4036 ἀφῄρηται
1160 3961 1268 4015 τῶν
1297 3960 1699 4033 κατορθούντων
1725 3962 1753 4013 ὁ
1780 3960 1936 4013 ἐπαι-

363 4080 481 4125 νοςο
517 4060 771 4128 ἀνίκητος
808 4059 842 4128 ἡ
884 4054 1157 4127 ἁμαρτία,
1192 4054 1414 4123 ἄκριτος
1451 4053 1484 4123 ἡ
1525 4051 1665 4105 κατὰ
1696 4052 1787 4106 τὸν
1828 4051 1939 4119 βίον

365 4152 613 4222 διαφορά.
644 4149 738 4211 Τίς
764 4148 870 4219 γὰρ
898 4147 965 4200 ἂν
994 4145 1073 4201 ἔτι
1101 4146 1242 4199 κατὰ
1268 4142 1329 4197 τὺ
1356 4142 1573 4211 εὔλογον
1603 4143 1638 4211 ἢ
1666 4142 1939 4195 διαϐάλλοι

367 4244 463 4298 τὸν
508 4242 825 4301 ἀκόλαστον,
883 4239 917 4309 ἦ
958 4236 1203 4306 ἐπαινοίη
1255 4234 1346 4288 τὸν
1403 4233 1688 4305 σώφρονα;
1726 4234 1939 4305 Ταύτης

368 4335 507 4391 κατά
528 4334 590 4387 τὸ
623 4302 917 4401 πρόχειρον.
936 4326 1099 4398 οὔσης
1126 4302 1339 4395 ἐκᾶστῳ
1364 4327 1461 4397 τῆς
1488 4302 1850 4396 ἀποκρίσεως,
1878 4302 1939 4379 τὸ
1973 4302 2018 4357 D

369 4424 533 4496 μηδὲν
570 4422 654 4491 ἐφ’
703 4423 835 4492 ἡμῖν
868 4420 974 4473 τῶν
1007 4416 1150 4471 κατὰ
1189 4415 1413 4487 γνώμην
1454 4411 1616 4481 εἶναι,
1652 4416 1939 4486 δυναστεία

364 4518 421 4571 δὲ
447 4514 710 4586 κρείττονι
744 4512 842 4574 τὰς
869 4509 1214 4581 ἀνθρωπίνας
1245 4507 1591 4578 προαιρέσεις
1616 4508 1752 4580 πρὸς
1778 4507 1839 4562 τὸ
1864 4507 1939 4577 τῷ

368 4604 655 4676 κρατοῦντι
680 4601 867 4656 δοκοῦν
896 4599 1271 4670 περιάγεσθαι.
1298 4596 1506 4651 Οὐκοῦν
1535 4598 1596 4650 οὐ
1618 4599 1715 4668 τῆς
1738 4590 1939 4666 ἁγαθὸἒ

366 4713 525 4765 τητος
558 4693 650 4747 τοῦ
681 4693 814 4747 Θεοῦ
848 4692 908 4745 τὸ
937 4691 1205 4761 ἔγκλημα,
1234 4690 1295 4743 τὸ
1325 4689 1399 4760 μὴ
1430 4691 1593 4743 πᾶσιν
1622 4690 1938 4758 ἐγγενέσθαι

368 4788 464 4855 τὴν
511 4786 727 4849 πίστιν,
766 4785 901 4841 ἀλλὰ
938 4784 1035 4854 τῆς
1071 4781 1362 4846 διαθέσεως
1404 4781 1512 4835 τῶν
1542 4782 1845 4852 δεχομένων
1877 4782 1939 4836 τὸ

372 4894 647 4947 κηρυγμα-

2037 3058 2159 3113 laus
2186 3071 2377 3111 eorum
2415 3056 2507 3125 qui
2539 3070 2599 3109 se
2628 3062 2777 3108 recte
2837 3054 3070 3123 gerunt?
3101 3053 3195 3109 Est
3228 3056 3371 3108 enim
3426 3056 3601 3110 solum

2035 3148 2427 3208 inanimorum,
2447 3155 2540 3199 aut
2569 3160 2760 3200 eorum
2789 3160 2910 3214 quae
2934 3156 3063 3201 sunt
3083 3149 3326 3215 expertia
3357 3149 3601 3209 rationis.

2036 3238 2215 3293 aliena
2244 3236 2524 3291 voluntate
2553 3235 2621 3288 ad
2656 3236 2707 3288 id
2741 3234 2883 3303 quod
2919 3236 3132 3288 videtur
3163 3236 3381 3291 adduci.
3416 3237 3608 3293 [tatio-

2037 3325 2123 3381 nis
2152 3331 2331 3380 autem
2369 3324 2644 3394 particeps
2696 3332 2751 3376 et
2780 3323 3088 3393 intelligens
3120 3335 3333 3389 natura,
3382 3329 3427 3383 si
3472 3329 3607 3384 libe-

2037 3433 2158 3473 rum
2224 3415 2544 3486 deposuerit
2598 3414 2925 3476 arbitrium,
2973 3415 3138 3469 simul
3204 3418 3368 3471 etiam
3429 3420 3605 3486 perdit

2037 3509 2271 3580 gratiam
2307 3507 2698 3576 intelligentia
2746 3505 2823 3559 Ad
2871 3505 3005 3575 quid
3054 3507 3199 3560 enim
3252 3524 3351 3563 sua
3425 3518 3608 3565 utetur

2038 3608 2219 3653 mente
2245 3610 2307 3650 ac
2336 3596 2683 3665 cogitatione,
2705 3594 2749 3648 si
2776 3603 3019 3664 potestas
3041 3596 3161 3665 ejus
3180 3599 3434 3668 eligendi,
3462 3602 3608 3670 quod

2039 3702 2141 3741 suo
2171 3687 2439 3741 arbitratur
2471 3685 2777 3745 constituit,
2810 3685 2913 3739 sita
2945 3694 3031 3740 est
3058 3686 3111 3739 in
3141 3687 3297 3740 alio?
3328 3687 3383 3742 Si
3431 3699 3611 3744 manet

1996 3846 2013 3860 Ι
2039 3789 2219 3832 autem
2261 3775 2505 3831 inefﬁcax
2539 3784 2592 3827 et
2618 3775 2823 3830 nullius
2856 3792 2991 3832 usus
3031 3777 3259 3831 liberum
3297 3779 3463 3833 animi
3524 3781 3608 3833 in-

2040 3874 2294 3927 stitutum
2326 3878 2382 3923 et
2411 3868 2631 3929 electio,
2677 3869 2993 3923 necessario
3041 3870 3204 3923 etiam
3273 3871 3471 3926 abolita
3526 3881 3613 3926 est

2040 3963 2239 4024 virtus.
2269 3959 2528 4029 impedita
2562 3959 2942 4013 immobilitate
2970 3960 3123 4015 liberi
3149 3962 3381 4017 arbitrii.
3418 3962 3472 4016 Si
3504 3980 3609 4015 non

2040 4053 2113 4107 sit
2151 4058 2334 4106 autem
2374 4051 2568 4113 virtus,
2606 4050 2815 4103 honore
2846 4049 3055 4118 privata
3098 4056 3183 4104 est
3212 4051 3341 4114 vita,
3398 4059 3451 4105 et
3503 4050 3613 4104 fato

2040 4144 2290 4215 procedit
2319 4143 2480 4205 ratio,
2521 4143 2701 4197 ablata
2740 4150 2824 4196 est
2851 4142 2970 4198 lous
3003 4157 3194 4197 eorum
3222 4144 3312 4211 qui
3351 4158 3409 4195 se
3468 4152 3615 4197 recte

2042 4244 2259 4307 gerunt,
2316 4250 2542 4304 peccare
2598 4234 2775 4289 cuivis
2822 4233 3042 4303 impune
3092 4235 3235 4295 licet,
3283 4231 3408 4287 Vitae
3453 4236 3612 4288 insti-

2048 4328 2263 4383 tuendas
2289 4327 2588 4381 discrimen
2620 4328 2832 4381 nullum
2864 4332 3135 4394 superest.
3187 4323 3323 4389 Quis
3353 4326 3523 4387 enim,
3556 4339 3617 4380 ut

2045 4428 2130 4475 est
2160 4418 2360 4472 rationi
2391 4427 2841 4478 consentaneum,
2873 4416 3110 4485 amplius
3133 4416 3217 4471 vel
3250 4418 3617 4487 intemperan-

2046 4519 2155 4567 tem
2187 4509 2623 4578 reprehenderit,
2676 4508 2759 4562 vel
2818 4515 3215 4577 temperantem
3273 4509 3620 4564 laudaverit?

2046 4616 2172 4656 cum
2204 4599 2437 4670 quilibet
2468 4600 2523 4652 in
2567 4607 2822 4669 promptu
2882 4598 3026 4654 hanc
3074 4600 3268 4655 habeat
3305 4603 3618 4671 responsio—

2048 4707 2195 4756 nem,
2230 4690 2375 4761 quod
2406 4690 2539 4745 nihil
2571 4704 2759 4745 eorum
2802 4706 2925 4760 qua:
2966 4699 3154 4746 nostro
3186 4693 3452 4747 arbitratu
3503 4700 3619 4745 sta-

2044 4785 2273 4849 tuimus,
2305 4783 2359 4837 in
2393 4792 2578 4837 nostra
2620 4782 2693 4837 sit
2722 4790 2987 4852 potestate
3014 4822 3029 4845 ,
3072 4784 3271 4852 majori
3305 4795 3483 4839 autem
3518 4800 3617 4853 pn-

2047 4875 2213 4929 tcntia
2244 4875 2480 4929 humana
2535 4875 2818 4928 trahantur
2852 4874 3102 4929 instituta
3140 4884 3195 4929 et
3225 4878 3504 4946 proposita
3552 4875 3619 4927 ad

375 4972 426 5029 id
474 4973 616 5039 quod
666 4971 817 5024 lubet
847 4969 897 5023 ei
932 4968 1023 5038 qui
1075 4967 1419 5022 dominatum
1464 4968 1696 5022 obtinet.
1734 4966 1788 5022 In
1848 4969 1937 5023 Dei
1974 4984 2107 5039 ergo
2174 4970 2474 5024 bonitatem
2532 4968 2694 5038 culpa
2753 4983 2862 5024 non
2912 4977 2999 5024 est
3066 4968 3421 5034 conferenda,
3475 4970 3620 5039 quod

377 5077 480 5115 non
530 5061 584 5113 in
631 5058 888 5115 omnibus
958 5057 1123 5112 fuerit
1152 5057 1309 5121 ﬁdes,
1361 5058 1458 5113 sed
1488 5058 1543 5113 in
1597 5058 1941 5115 all‘ectioncm
1981 5075 2195 5125 eorum,
2226 5061 2319 5131 qui
2353 5058 2792 5129 praedicationem
2822 5059 2971 5113 verbi
3002 5059 3253 5115 audiunt.

942 5152 1193 5205 ΚΕΦΑΛ.
1257 5152 1380 5206 ΛΒ’.

444 5241 510 5293 Τί
547 5241 682 5314 πρὸς
712 5240 919 5304 τούτοις
952 5242 1030 5298 ἔτι
1071 5241 1220 5312 παρὰ
1252 5241 1361 5295 τῶν
1398 5241 1783 5310 ἀντιλεγόντων
1814 5262 1950 5316 προ-

377 5334 635 5404 φέρεται;
666 5334 739 5387 Τὸ
765 5334 1000 5407 μάλιστα
1036 5333 1135 5404 μὲν
1182 5334 1256 5404 μὴ
1298 5334 1433 5397 ὅλως
1473 5334 1579 5387 δεῖν
1612 5336 1690 5396 είς
1720 5335 1947 5392 θανάτου

2598 5152 2829 5209 CAPUT
2864 5153 3079 5209 XXXII.

2122 5244 2263 5311 Quid
2296 5252 2490 5314 prater
2524 5244 2640 5298 haec
2687 5242 2913 5298 aﬂ'ertur
2964 5246 3034 5298 ab
3073 5245 3142 5299 iis
3197 5245 3289 5312 qui
3341 5243 3623 5297 contradi-

2051 5338 2215 5391 cunt?
2232 5336 2462 5391 Maxime
2481 5336 2721 5406 quidem.
2744 5336 2888 5405 quod
2922 5352 3027 5390 non
3061 5341 3337 5405 oporteret
3354 5349 3623 5388 summam

379 5428 568 5495 πεῖραν
596 5424 770 5477 ἐλθεῖν
796 5424 897 5493 τὴν
934 5424 1308 5494 ὑπερέχουσαν
1337 5424 1520 5492 φύσιν,
1544 5423 1677 5478 ἀλλὰ
1704 5425 1796 5477 καὶ
1825 5424 1931 5494 δὶχο

2049 5437 2104 5484 et
2132 5430 2627 5498 superemincntem
2659 5436 2909 5482 naturam
2941 5428 3164 5481 omnino
3193 5426 3390 5480 mortis
3439 5426 3625 5481 subire

378 5512 559 5566 τούτου
586 5516 652 5582 τῇ
682 5514 969 5583 περιουσίᾳ
992 5515 1089 5583 τῆς
1117 5514 1394 5584 δυνάμεως
1421 5514 1680 5569 δύνασθαι
1710 5516 1775 5569 ἂν
1808 5516 1945 5586 μετὰ

384 5605 656 5674 ῥᾳστώνης
689 5604 749 5657 τὸ
776 5604 961 5659 δοκοῦν
995 5606 1450 5675 κατεργάσασθαι.
1493 5608 1554 5661 Εἰ
1596 5609 1651 5662 δὲ
1686 5609 1774 5663 καὶ
1812 5609 1947 5662 πάν-

2050 5520 2461 5590 experientlam,
2493 5518 2588 5574 sed
2625 5520 2832 5587 absque
2860 5533 2922 5572 ea
2952 5531 3053 5570 sua
3105 5514 3304 5586 insigni
3334 5523 3388 5571 et
3441 5516 3623 5572 cxcelv

2054 5610 2196 5665 lente
2228 5614 2424 5665 virtute
2455 5618 2637 5682 posset
2675 5609 2931 5663 facillime
2972 5607 3115 5676 quod
3168 5608 3451 5663 videbatur
3508 5606 3622 5661 elli-
