4006 6148
353 206 414 256 τι)
1429 203 1456 251 .’
1573 259 1584 273 ,
1615 209 1671 259 s.
1705 207 1912 261 (ιιικιςι

2021 211 2029 260 i
2074 206 2364 263 NYSSE‘NI
3527 210 3595 260 80

341 344 482 385 cere.
517 329 676 393 Quod
739 327 785 381 si
831 328 995 383 etiam
1032 343 1230 381 arcana
1299 329 1480 397 aliqua
1510 311 1742 382 ratione
1809 328 1909 380 hoc

2021 345 2119 391 τως
2153 327 2257 382 ἔδει
2291 329 2446 382 τοῦτο
2481 327 2617 382 κατά
2650 344 2767 381 τινα
2807 327 2960 396 λόγον
2992 325 3327 399 ἀπόρρητον
3363 323 3473 379 ἀ).λ’
3503 324 3595 382 οὖν

341 419 564 474 omnino
593 417 710 473 ﬁeri
766 419 1069 486 oportebat.
1125 435 1234 472 non
1297 428 1476 474 tamen
1540 419 1914 488 ignominiosae

343 509 537 564 mortis
571 509 708 564 allici
739 507 1032 563 dedecore.
1062 511 1193 575 Qua:
1236 510 1382 564 enim
1431 526 1600 575 mors,
1639 511 1912 579 inquiunt,

353 608 439 654 est
468 598 885 669 ignominiosior
913 612 976 652 ea
1008 613 1134 668 qua:
1186 615 1280 670 per
1306 615 1522 655 erucem
1571 601 1917 656 sustinetur?

343 690 484 756 Quid
506 705 636 762 ergo
673 689 740 744 ad
777 691 890 744 haec
921 707 1140 761 quoque
1171 692 1452 746 dicimus?
1485 693 1676 748 Mortis
1695 693 1912 763 quidem

341 782 725 839 necessitatem
756 779 921 836 etiicit
969 781 1234 836 nascendi
1267 781 1530 836 conditio.
1593 782 1726 836 Eum
1771 784 1915 837 enim

342 875 439 946 qui
490 872 662 930 semel
718 863 998 928 statuerat.
1037 887 1162 928 esse
1207 873 1480 942 particeps
1535 873 1914 937 huanitatis,

342 966 629 1036 oportebat
681 961 976 1035 perva'dere
1033 979 1226 1020 omnes
1274 973 1484 1019 natura
1530 965 1914 1036 proprietates.

347 1055 406 1112 Si
443 1071 576 1127 ergo
602 1071 726 1112 eum
760 1055 978 1110 duobus
1007 1054 1207 1112 ﬁnibus
1233 1063 1534 1124 Intercepta
1565 1055 1638 1109 sit
1681 1055 1918 1109 humans

346 1157 564 1214 natura,
598 1149 650 1201 in
687 1163 798 1201 uno
839 1146 1053 1209 fuisset,
1094 1155 1149 1202 et
1202 1147 1434 1201 alterum
1467 1161 1574 1200 non
1626 1148 1915 1214 attigisset,

345 1238 788 1309 semiperfectuut
842 1238 1135 1293 mansisset
1189 1238 1567 1308 propositum,
1603 1246 1661 1291 ut
1693 1239 1784 1307 qui
1822 1253 1920 1293 no-

345 1339 474 1385 stra:
505 1339 715 1386 natm-tr
765 1329 996 1384 alteram
1031 1344 1141 1383 non
1195 1329 1469 1399 attigisset
1503 1331 1914 1399 proprietatem.

347 1421 602 1477 Fortasse
650 1431 828 1476 autem
865 1422 1161 1492 quispiam,
1209 1436 1334 1476 cum
1392 1423 1708 1492 mysterium
1755 1435 1919 1476 accu-

346 1522 464 1568 rate
496 1521 550 1567 et
576 1521 768 1572 exacte
803 1512 1075 1576 didicerit,
1100 1513 1275 1582 magis
1302 1520 1668 1567 consentanee
1697 1510 1915 1579 dixerit,

346 1619 456 1658 non
491 1605 740 1659 evenisse
769 1616 1000 1658 mortem
1064 1612 1350 1674 propterea
1391 1605 1534 1674 quod
1588 1610 1749 1658 natus
1803 1605 1913 1670 sit,

2019 420 2092 489 μὴ
2125 419 2203 490 τῷ
2232 422 2410 493 ἀτίμῳ
2439 421 2624 491 τρόπῳ
2645 421 2736 473 τοῦ
2764 421 2993 474 θανάτου
3021 418 3472 489 καθυϐρισθῆναι.
3500 419 3596 481 Τίς

2015 511 2122 578 γὰρ
2161 510 2226 564 ἂν
2257 513 2484 579 γένοιτο,
2526 511 2679 581 φησι,
2706 511 2799 564 τοῦ
2831 510 2917 564 διὰ
2949 509 3182 582 σταυροῦ
3217 509 3442 574 θάνατος
3481 511 3596 563 ἀτι-

2019 600 2276 671 μότερος;
2320 601 2385 654 Τί
2430 597 2522 654 οὖν
2569 602 2660 654 καὶ
2699 603 2834 672 πρὶς
2867 601 3037 660 ταῦτά
3072 617 3285 670 φαμενς
3327 599 3452 654 Ὀτι
3506 602 3598 655 τὸν

2015 690 2244 744 θάνατον
2287 692 2386 762 μὲν
2421 694 2714 761 ἀναγκαῖον
2741 695 2774 763 ἠ
2799 691 3010 761 γένεσις
3040 693 3454 764 κατεργάζεται.
3492 695 3598 746 Τὸν

2017 784 2125 853 γάρ
2169 784 2313 848 ἅπαξ
2363 787 2652 854 μετασχεῖν
2694 785 2970 853 ἐγνωκότα
3015 785 3112 854 τῆς
3156 783 3593 858 ἀνθρωπότητος,

2015 871 2104 926 διὰ
2130 873 2344 928 πάντων
2368 874 2473 927 ἔδει
2495 874 2748 942 γενέσθαι
2774 875 2882 928 τῶν
2905 874 3206 944 ἰδιωμάτων
3231 875 3329 944 τῆς
3357 874 3597 944 φύσεως,

2019 963 2083 1016 Εἰ
2106 963 2284 1018 τοίνυν
2315 962 2408 1017 δύο
2443 963 2641 1034 πέρασι
2673 965 2772 1035 τῆς
2803 964 3148 1036 ἀνθρωπίνης
3179 963 3324 1034 ζωῆς
3352 964 3598 1036 διειλημ-

2024 1053 2224 1124 μένης,
2271 1055 2329 1108 ἐν
2372 1052 2449 1124 τῷ
2495 1053 2574 1106 ἐνὶ
2615 1054 2906 1123 γενόμενος
2939 1053 3032 1107 τοῦ
3073 1052 3270 1124 ἑφεξῆς
3314 1056 3389 1125 μὴ
3425 1072 3596 1125 προσ-

2019 1145 2213 1216 ήψατο,
2241 1145 2501 1216 ἡμιτελὴς
2531 1145 2596 1199 ἂν
2618 1147 2650 1215 ἡ
2670 1145 2922 1216 πρόθεσις
2949 1145 3148 1214 ἔμεινε,
3167 1145 3259 1199 τοῦ
3289 1147 3480 1218 ἐτέρου
3499 1149 3597 1222 τῆς

2021 1235 2236 1304 φύσεως
2253 1237 2408 1306 ἡμῶν
2438 1236 2722 1307 ἰδιώματος
2745 1237 2840 1307 οὐχ
2863 1237 3140 1306 ἁψαμένου
3159 1255 3171 1268 ·
3191 1237 3330 1306 τάχα
3348 1237 3392 1289 δ’
3417 1238 3485 1292 ἂν
3513 1256 3600 1300 τις

2017 1326 2088 1380 δι’
2116 1325 2402 1395 ἀκριϐείας
2427 1326 2757 1396 καταμαθὼν
2799 1328 2859 1380 τὸ
2897 1329 3212 1398 μυστήριον,
3237 1327 3598 1398 εὐλογώτερον

2019 1415 2195 1479 εἴποι,
2239 1416 2313 1486 μὴ
2360 1417 2447 1470 διά
2491 1417 2592 1485 τὴν
2641 1417 2852 1485 γένεσιν
2904 1417 3304 1489 συμϐεϐηκέναι
3358 1417 3448 1471 τὸν
3503 1419 3601 1471 θάο

2019 1521 2210 1559 νατονο
2244 1505 2381 1562 ὰ).λά
2410 1507 2471 1560 τὸ
2515 1506 2748 1577 ἔμπαλιν
2788 1506 2880 1559 τοῦ
2939 1506 3168 1561 Θανάτου
3209 1508 3365 1578 χάριν
3420 1527 3600 1579 παρα-

2019 1598 2291 1668 ληφθῆναι
2308 1599 2407 1670 τὴν
2424 1598 2636 1667 γένεσιν
2658 1615 2670 1628 ⁸
2697 1601 2756 1652 οὔ
2777 1599 2884 1669 γὰρ
2901 1599 2993 1652 τοῦ
3012 1599 3450 1672 ζῆσαιδεόμενος.
3471 1605 3496 1654 ὁ
3514 1603 3600 1655 ἀεὶ

347 1691 442 1746 sed
488 1701 677 1744 contra
713 1692 906 1746 mortis
962 1705 1126 1746 causa
1183 1691 1354 1746 fuisse
1387 1692 1457 1747 ab
1509 1687 1576 1746 eo
1640 1700 1915 1762 acceptam

2022 1690 2130 1754 ζῶν
2159 1690 2255 1761 τὴν
2299 1690 2614 1762 σωματικὴν
2663 1691 2951 1745 ὑποδύεται
2979 1691 3229 1762 γέννησιν
3247 1732 3262 1756 ,
3292 1693 3406 1746 ἀλλ’
3451 1695 3598 1764 ἡμᾶς

346 1781 606 1834 nascendi
647 1781 1038 1836 conditionem.
1100 1780 1286 1850 Neque
1338 1783 1483 1836 enim
1543 1792 1780 1837 aeternus
1831 1783 1922 1838 ille

345 1884 666 1940 corpoream
707 1870 914 1925 idcirco
950 1872 1358 1942 generationem
1403 1873 1592 1937 subiit,
1646 1874 1777 1942 quia
1815 1874 1922 1928 vita

343 1967 526 2028 egeret
555 2001 570 2024 ,
614 1957 709 2014 sed
743 1973 771 2012 a
800 1968 1110 2016 mortenos
1139 1958 1208 2013 ad
1235 1962 1402 2015 vitam
1447 1976 1734 2017 revocans.
1773 1962 1922 2028 Quo-

347 2050 492 2103 niam
525 2048 687 2119 igitur
717 2051 1003 2118 oportebat
1043 2057 1103 2104 ut
1165 2051 1336 2106 totius
1370 2058 1584 2106 natura:
1635 2063 1842 2107 nostrae
1893 2068 1921 2106 a

347 2140 578 2194 mortuis
610 2140 942 2193 resurrectio
965 2138 1148 2205 ﬁeret;
1177 2151 1432 2210 tanquam
1465 2156 1688 2194 manum
1718 2143 1920 2210 jacenti

350 2229 655 2298 porrigens,
684 2235 737 2283 et
782 2237 1070 2298 propterea
1103 2229 1171 2282 ad
1214 2237 1462 2285 nostrum
1505 2230 1738 2285 cadaver
1781 2232 1924 2302 aspi-

348 2324 522 2385 t-iens,
557 2323 721 2378 morti
757 2331 968 2377 tantum
992 2323 1472 2393 appropinquavit,
1529 2334 1798 2394 quantum
1840 2335 1924 2380 est

349 2416 596 2483 attigisse
646 2415 1088 2474 mortalitatem;
1134 2422 1188 2467 et
1232 2413 1443 2468 initium
1499 2417 1924 2471 resurrectionis

349 2522 449 2560 suo
477 2521 708 2575 corpore
731 2505 953 2560 dedisse
982 2511 1210 2567 naturae,
1247 2513 1307 2559 ut
1344 2505 1436 2575 qui
1484 2506 1684 2559 virtute
1713 2521 1774 2560 ac
1825 2523 1924 2576 p0-

347 2605 546 2654 testate
571 2607 742 2652 totum
776 2597 1048 2651 hominem
1072 2597 1236 2651 situul
1263 2598 1631 2652 suscitaverit.
1651 2598 1920 2664 Quoniam

348 2689 491 2743 enim
524 2704 634 2743 non
685 2687 904 2740 aliunde
923 2700 1087 2756 quant
1121 2701 1185 2740 ex
1207 2696 1391 2741 nostra
1412 2701 1596 2742 massa
1628 2701 1759 2742 caro
1783 2695 1920 2753 erat,

348 2799 470 2850 qua:
501 2781 670 2836 Deum
717 2785 1066 2848 susceperat,
1105 2793 1230 2848 quae
1255 2778 1473 2848 quidem
1505 2794 1598 2848 per
1644 2794 1923 2834 resurrec-

356 2873 560 2926 tionem
616 2870 776 2924 simul
819 2871 1058 2925 excitata
1108 2867 1213 2924 fuit
1251 2884 1378 2925 eum
1422 2869 1754 2936 divinitate;
1787 2886 1922 2942 gno-

2021 1779 2114 1832 ὲπὶ
2141 1779 2238 1850 τὴν
2266 1779 2410 1852 ζωὴν
2451 1783 2516 1836 ὲκ
2539 1779 2636 1838 τοῦ
2676 1780 2905 1836 θανάτου
2936 1783 3388 1854 ἀνακαλούμενος,
3443 1785 3598 1838 Ἐπεὶ

2019 1865 2115 1925 οὗν
2144 1870 2249 1925 ἔδει
2275 1871 2529 1941 γενέσθαι
2559 1873 2687 1944 ὅλης
2714 1873 2812 1945 τῆς
2849 1873 3061 1941 φύσεως
3094 1875 3250 1945 ἡμῶν
3277 1877 3340 1929 ὲκ
3372 1875 3463 1930 τοῦ
3505 1875 3600 1930 θα-

2019 1961 2184 2016 νάτου
2249 1962 2413 2019 πάλιν
2470 1964 2725 2018 ἐπάνοδον
2750 2004 2764 2028 ,
2822 1966 2982 2018 οἱονεὶ
3031 1969 3186 2036 χεῖρα
3237 1965 3310 2036 τῷ
3363 1967 3597 2039 κειμένῳ

2022 2053 2248 2124 ὀρέγων,
2283 2055 2376 2108 καὶ
2419 2054 2506 2110 διά
2553 2054 2712 2107 τοῦτο
2749 2055 2885 2126 πρὸς
2923 2053 2982 2107 τὸ
3024 2057 3289 2128 ἡμέτερον
3327 2057 3598 2126 ἐπικύψας

2022 2143 2245 2212 πτῶμα,
2275 2144 2524 2200 τοσοῦτον
2560 2146 2638 2216 τῷ
2677 2146 2890 2218 θανάτῳ
2921 2150 3312 2220 προσήγγισεν,
3345 2151 3466 2203 ὅσον
3498 2153 3598 2222 τῆς

2022 2236 2344 2307 νεκρότητος
2367 2235 2606 2304 ἅψασθαι
2623 2254 2638 2272 ο
2664 2237 2758 2294 καὶ
2787 2239 2958 2310 ἀρχὴν
2983 2238 3163 2293 δοῦναι
3191 2241 3286 2314 τὴν
3317 2240 3477 2311 φύσιν
3499 2240 3599 2312 τῆς

2023 2326 2368 2388 ἀναστάσεως
2391 2325 2469 2395 τῷ
2498 2325 2613 2396 ἰδίῳ
2643 2319 2878 2396 σώματιξ
2905 2328 3022 2380 ὅλον
3065 2333 3472 2402 συναναστήσας
3507 2333 3597 2384 τὸν

2023 2417 2305 2490 ἄνθρωπον
2330 2420 2396 2488 τῇ
2429 2417 2674 2488 δυνάμει.
2719 2417 2934 2488 Ἐπειδὴ
2957 2420 3064 2490 γάρ
3090 2421 3189 2474 οὐκ
3214 2421 3452 2485 ἄλλοθεν,
3479 2421 3596 2475 ἀλλ’

2023 2508 2086 2560 ἐκ
2119 2506 2212 2559 τοῦ
2251 2507 2518 2577 ἡμετέρου
2549 2508 2870 2578 φυράματος
2911 2511 2943 2578 ἡ
2983 2509 3226 2581 θεοδόχος
3263 2511 3399 2584 σάρξ
3436 2508 3524 2583 ἦν,
3560 2515 3595 2583 ἡ

2021 2598 2110 2652 διὰ
2136 2601 2235 2668 τῆς
2258 2597 2606 2660 ἀναστάσεως
2633 2597 3028 2668 συνεπαρθεῗσα
3053 2602 3117 2670 τῇ
3147 2599 3377 2670 θεότητι,
3409 2601 3596 2672 ὥσπερ

2023 2693 2112 2744 ἐπὶ
2139 2689 2235 2743 τοῦ
2286 2689 2408 2742 καθ’
2457 2691 2603 2760 ἡμᾶς
2634 2689 2882 2759 σώματος
2907 2693 2939 2761 ή
2969 2689 3062 2744 τοῦ
3109 2693 3224 2755 ἑνὸς
3269 2693 3375 2745 τῶν
3409 2694 3595 2762 αἰσθη-

2021 2780 2222 2851 τηρίων
2237 2779 2490 2852 ἐνέργεια
2519 2779 2652 2851 πρὸς
2686 2780 2830 2833 ἀπαν
2873 2781 2970 2850 τὴν
3003 2771 3349 2852 συναίσθησιν
3379 2782 3497 2851 ἄγει
3537 2783 3598 2836 τδ

2022 2872 2300 2943 ἡνωμένον
2321 2872 2398 2942 τῷ
2425 2872 2580 2942 μέρει
2608 2887 2624 2905 ·
2647 2871 2818 2935 οὕτως
2845 2872 3096 2942 καθάπερ
3118 2871 3261 2936 τινὸς
3286 2872 3436 2936 ὄντος
3460 2869 3598 2937 ζώου

349 2962 512 3018 modo
547 2962 602 3017 in
632 2971 823 3016 nostro
863 2977 1114 3032 corpore,
1140 2961 1303 3018 unius
1339 2977 1402 3016 es
1430 2976 1692 3017 sensuum
1713 2962 1920 3016 instru-

2024 2964 2206 3034 πάσης
2231 2963 2330 3033 τῆς
2372 2961 2604 3032 φύσεως,
2643 2964 2676 3032 ἡ
2717 2962 2810 3016 τοῦ
2847 2963 3043 3034 μέρους
3088 2965 3380 3026 ἀνάστασις
3416 2967 3505 3018 ἐπὶ
3537 2965 3598 3016 τδ

349 3054 548 3108 mentis
576 3054 824 3122 operatio
863 3053 1083 3108 deducit
1126 3068 1459 3110 consensum
1503 3053 1570 3108 ad
1605 3054 1920 3108 universum

350 3144 489 3212 parti
517 3145 726 3197 unitum
757 3163 770 3198 :
800 3145 870 3198 ita
901 3145 1065 3200 etiam
1095 3145 1324 3215 perinde
1345 3159 1412 3199 ac
1446 3145 1493 3200 si
1526 3155 1673 3200 esset
1699 3145 1920 3213 aliquod

349 3233 551 3288 animal
580 3235 835 3290 universa
868 3243 1086 3298 natura,
1121 3235 1296 3305 partis
1339 3235 1674 3290 resurrectio
1723 3235 1922 3288 transit

349 3325 414 3380 ad
440 3326 778 3390 universum,
805 3334 858 3379 et
893 3343 988 3394 pro
1024 3326 1387 3379 continuitate
1420 3325 1922 3393 coniunctioneque

349 3427 558 3473 natura:
587 3425 762 3472 totum
791 3433 855 3471 ex
887 3425 1037 3484 parte
1059 3416 1359 3470 concurrit.
1388 3414 1528 3478 Quid
1553 3415 1696 3469 enim
1745 3429 1922 3468 remo-

349 3519 462 3563 tum
493 3524 524 3562 a
549 3507 932 3577 probabilitate
958 3514 1012 3559 et
1048 3505 1523 3559 verisimilitudine
1559 3503 1822 3558 discimus
1866 3507 1920 3560 in

351 3599 632 3670 mysterio,
671 3599 714 3660 si
755 3595 845 3665 qui
871 3604 1002 3654 stat.
1034 3594 1327 3650 inclinatur
1355 3593 1420 3646 ad
1445 3608 1569 3650 eum
1593 3592 1685 3662 qui
1705 3593 1920 3660 cecidit,

349 3697 443 3742 atat
479 3688 542 3740 ad
584 3685 931 3739 excitandum
957 3701 1080 3737 eum
1109 3686 1198 3752 qui
1227 3685 1397 3748 jacet?
1421 3685 1564 3737 Crux
1586 3694 1765 3738 autem
1792 3702 1919 3738 num

354 3781 589 3847 aliquam
615 3778 778 3832 etiam
806 3776 965 3835 aliam
1006 3774 1411 3845 profundiorem
1443 3777 1719 3830 contineat
1755 3779 1922 3829 ratio-

353 3885 499 3932 nem,
536 3868 772 3924 viderint
803 3868 839 3921 ii
882 3867 975 3936 qui
1030 3884 1116 3923 res
1157 3881 1386 3922 arcanas
1427 3876 1716 3922 noverunt.
1762 3868 1920 3933 Quod

350 3970 530 4016 autem
562 3960 627 4013 ad
657 3975 756 4016 nos
799 3960 945 4014 venit
983 3974 1048 4014 ex
1109 3959 1421 4019 traditione,
1457 3967 1542 4012 est
1567 3959 1918 4026 hujusmodi:

348 4052 619 4118 Quoniam
675 4050 862 4106 omnia
909 4050 1298 4106 convenienter
1339 4048 1647 4104 sublimiori
1700 4049 1824 4104 vita:
1865 4049 1922 4106 in

349 4143 648 4216 Evangelia
666 4143 812 4198 dicta
845 4151 900 4198 et
935 4142 1074 4196 farta
1101 4149 1271 4205 sunt,
1306 4156 1481 4210 neque
1514 4139 1806 4210 quidquam
1839 4147 1925 4196 est

349 4237 642 4307 ejusmodi,
667 4245 724 4292 ut
753 4237 879 4291 inde
906 4250 1014 4290 non
1055 4242 1240 4304 aperte
1281 4240 1542 4302 appareat
1579 4233 1802 4285 omnino
1840 4233 1924 4287 di-

2025 3059 2132 3110 πᾶν
2156 3054 2504 3126 διεξέρχεται,
2529 3055 2669 3107 κατὰ
2688 3053 2748 3108 τὸ
2773 3055 2985 3125 συνεχές
3010 3072 3066 3108 τε
3091 3055 3183 3108 καὶ
3205 3055 3478 3125 ἡνωμένον
3498 3055 3596 3122 τῆς

2025 3151 2254 3218 φύσεως,
2292 3150 2355 3200 ὲκ
2403 3146 2496 3198 τοῦ
2530 3145 2727 3216 μέρους
2765 3147 2855 3200 ἐπὶ
2882 3151 2946 3199 τὸ
2984 3147 3103 3200 ὅλον
3131 3146 3498 3218 συνδιδομένη.
3531 3151 3596 3201 Τί

2022 3236 2112 3292 οὖν
2141 3239 2243 3303 ἔξω
2268 3237 2362 3289 τοῦ
2389 3235 2594 3297 εἰκότος
2632 3237 2690 3286 ὲν
2715 3233 2792 3305 τῷ
2836 3235 3117 3306 μυστηρίῳ
3153 3227 3513 3307 μανθάνομεν,
3548 3239 3596 3290 εἰ

2022 3330 2217 3381 κύπτει
2253 3327 2385 3397 πρὸς
2406 3328 2496 3381 τὸν
2529 3330 2853 3381 πεπτωκότα
2895 3331 2923 3382 ὁ
2963 3329 3152 3392 ἑστὼς,
3192 3327 3223 3398 ἦ
3258 3329 3349 3380 ἐπὶ
3375 3329 3436 3382 τὸ
3470 3329 3596 3381 ἀνα-

2024 3420 2216 3488 στῆσαι
2263 3417 2354 3469 τὸν
2387 3417 2668 3487 κείμενονς
2713 3419 2741 3470 ὁ
2785 3418 2840 3470 δὲ
2876 3417 3106 3488 σταυρὸς
3146 3419 3194 3469 εἰ
3232 3418 3304 3488 μή
3339 3435 3458 3470 τινα
3505 3418 3597 3470 mi.

2022 3509 2208 3579 ἕτερον
2249 3509 2492 3579 περιέχει
2531 3507 2686 3577 λόγον
2717 3507 3042 3578 βαθύτερον,
3075 3507 3260 3561 εἰδοῖεν
3299 3506 3366 3561 ἂν
3392 3509 3439 3560 οἱ
3487 3506 3596 3561 τῶν

2023 3601 2410 3672 κρυπτομένων
2441 3599 2741 3670 ὲπὶστπρες.
2773 3602 2836 3652 ὐ
2863 3600 2906 3652 δ’
2927 3595 3018 3652 οὖν
3047 3602 3126 3662 εἰς
3154 3601 3299 3668 ἡμᾶς
3330 3603 3391 3651 ἐκ
3421 3616 3596 3669 παρα-

2021 3695 2220 3756 δόσεως
2265 3695 2421 3765 ἦκει,
2465 3692 2704 3745 τοιοῦτον
2752 3693 2931 3744 ἐστιν·
2979 3693 3195 3762 Ἐπειδὴ
3243 3693 3417 3745 πάντα
3451 3691 3593 3744 κατά

2021 3783 2113 3837 τὸν
2136 3783 2363 3852 ὑψηλάτε
2375 3782 2464 3854 ρόν
2482 3799 2541 3834 τε
2561 3781 2658 3834 καὶ
2676 3781 2943 3851 θειότερον
2968 3779 3079 3850 βίον
3103 3782 3160 3832 ἐν
3179 3779 3254 3850 τῷ
3277 3780 3592 3850 Εὑαγγελίῳ

2022 3875 2232 3945 εἴρηται
2263 3875 2357 3927 καὶ
2395 3872 2685 3944 γεγένηται
2707 3891 2719 3902 ·
2755 3873 2845 3925 καὶ
2874 3872 3023 3925 οῦδὲν
3051 3871 3287 3924 τοιοῦτόν
3315 3874 3459 3925 ἐστιν
3479 3914 3492 3935 ,
3536 3872 3596 3924 ἐν

2020 3959 2065 4032 ᾧ
2093 3965 2211 4035 οὐχὶ
2253 3966 2468 4028 πάντως
2501 3964 2757 4036 μῖξις-τις
2796 3965 3115 4034 ἐμφαίνεται
3147 3963 3239 4017 τοῦ
3274 3963 3416 4017 θείου
3456 3964 3594 4035 πρὸς

2022 4055 2082 4109 τὸ
2111 4053 2448 4125 ἀνθρώπινον
2468 4093 2483 4117 ,
2514 4053 2615 4123 τῆς
2650 4055 2748 4122 μὲν
2781 4052 2964 4122 φωνῆς
3000 4053 3032 4122 ἢ
3072 4053 3171 4122 τῆς
3218 4052 3465 4125 πράξεως
3498 4055 3592 4105 άν-

2024 4141 2312 4214 θρωπικῶς
2352 4139 2768 4209 διεξαγομένης,
2821 4139 2916 4192 τοῦ
2966 4141 3022 4193 δὲ
3066 4141 3208 4194 κατὰ
3249 4143 3309 4194 τὸ
3357 4141 3596 4212 κρυπτὸν

2023 4235 2310 4305 νοουμένου
2353 4232 2414 4285 τὸ
2453 4233 2595 4287 θεῖον
2631 4233 3024 4302 ἐμφαίνοντος·
3060 4233 3348 4287 ἀκόλουθον
3394 4235 3459 4287 ἂν
3505 4234 3592 4304 εἴη

348 4331 592 4385 vinitatis
621 4330 804 4384 mistio
836 4344 959 4384 cum
1003 4326 1365 4390 immanitate,
1397 4339 1522 4378 eum
1557 4339 1659 4377 vox
1697 4323 1916 4393 quidem

2021 4328 2114 4380 καὶ
2137 4328 2195 4378 ὲν
2222 4323 2300 4394 τῷ
2335 4322 2490 4394 μέρει
2522 4323 2695 4394 τούτῳ
2715 4365 2730 4387 ,
2764 4323 2837 4393 μὴ
2863 4323 2922 4376 τὸ
2955 4323 3052 4393 μὲν
3081 4323 3313 4393 βλέπειν,
3349 4327 3594 4396 παρορᾷν

349 4429 442 4475 aut
469 4422 611 4475 actio
635 4430 882 4477 transeat
909 4419 1248 4480 humanitus,
1291 4415 1344 4470 id
1372 4425 1552 4470 autem
1575 4415 1720 4486 quod
1744 4431 1810 4470 ex
1835 4431 1922 4471 oc-

348 4513 494 4567 ruito
545 4513 906 4584 intelligitur.
971 4511 1228 4567 ostendat
1285 4507 1666 4564 divinitatem:
1723 4510 1778 4561 in
1820 4508 1924 4562 hac

348 4603 508 4658 etiam
539 4613 688 4671 parte
729 4602 892 4657 fuerit
921 4615 1286 4668 consequens.
1345 4609 1404 4652 ut
1461 4614 1569 4653 non
1621 4599 1924 4665 aspiciatnr

353 4709 542 4755 imum,
569 4693 796 4748 alterum
823 4702 1003 4746 autem
1031 4690 1393 4758 despicimus,
1419 4691 1513 4743 sed
1549 4690 1600 4741 in
1629 4689 1922 4742 immortali

349 4787 568 4856 quidem
599 4787 827 4840 mortale
857 4785 1262 4844 consideretur.
1289 4783 1352 4836 in
1383 4783 1602 4835 hmnine
1629 4790 1809 4834 autem
1867 4782 1920 4835 id

349 4879 492 4948 quod
532 4885 619 4932 est
657 4877 900 4932 divinius
951 4875 1101 4930 etnni
1133 4873 1320 4929 studio
1375 4871 1738 4942 disquiratur.
1785 4869 1918 4925 Nam

347 4971 605 5040 quoniam
637 4971 916 5039 preprium
941 4977 1024 5024 est
1048 4967 1350 5022 divinitatis
1385 4965 1570 5019 omnia
1603 4964 1920 5033 pervadere,

348 5076 402 5119 et
428 5081 551 5119 cum
593 5077 782 5116 eortnn
812 5075 933 5130 qum
964 5070 1091 5114 sunt
1121 5067 1314 5112 natura
1338 5072 1434 5125 per
1463 5071 1680 5111 omnem
1713 5063 1924 5125 partem

347 5155 563 5210 extendi
595 5152 739 5224 (non
775 5151 920 5205 enim
960 5150 1220 5204 manserit
1247 5147 1526 5218 quippiam
1563 5147 1616 5199 in
1663 5149 1919 5209 essentia,

350 5249 452 5303 nisi
485 5249 540 5302 in
571 5261 639 5302 eo
689 5243 833 5314 quod
873 5250 956 5297 est
1003 5250 1238 5296 maneat.
1272 5241 1426 5306 Quod
1459 5249 1639 5295 autem
1705 5239 1922 5310 proprie

347 5346 511 5394 estet
536 5338 735 5408 primo,
767 5335 954 5390 divina
983 5343 1068 5388 est
1103 5342 1338 5388 natura:
1373 5347 1538 5401 quam
1581 5342 1640 5386 ut
1662 5346 1921 5387 necessa-

349 5431 433 5484 rio
471 5429 762 5484 credamus
781 5443 906 5484 esse
950 5427 1004 5481 in
1039 5425 1257 5480 cunctis
1285 5439 1407 5493 quae
1441 5431 1588 5485 sunt,
1633 5438 1733 5476 nos
1781 5423 1926 5490 cogit

345 5537 535 5574 eorum
565 5535 685 5590 quze
713 5529 842 5574 sunt
877 5517 1245 5588 permansio),
1289 5516 1391 5570 hoc
1437 5531 1530 5584 per
1557 5529 1774 5568 crucem
1822 5514 1922 5566 do-

345 5628 562 5670 cemur.
601 5627 723 5666 cum
757 5611 876 5676 ejus
914 5609 1307 5680 quadrifariam
1371 5607 1541 5677 ﬁgura
1594 5607 1664 5660 sit
1703 5605 1876 5658 divisa
1908 5644 1922 5666 ,

2021 4415 2076 4468 δὲ
2104 4414 2163 4468 τὸ
2188 4414 2374 4484 ἕτερον
2391 4428 2406 4442 ·
2431 4411 2546 4465 ἀλλ’
2571 4415 2629 4465 ὲν
2662 4413 2760 4483 μὲν
2780 4412 2857 4482 τῷ
2884 4412 3137 4482 ἀθανάτῳ
3162 4411 3398 4482 καθορᾷν
3417 4413 3474 4464 rb
3501 4414 3595 4464 ἀν-

2023 4503 2312 4576 θρώπινον,
2355 4505 2412 4557 ἐν
2456 4503 2513 4556 δὲ
2570 4503 2649 4573 τῷ
2699 4501 2968 4575 ἀνθρώπῳ
3017 4502 3489 4573 πολυπραγμονεῖν
3535 4504 3595 4557 τὸ

2023 4597 2309 4668 θειότερον.
2353 4596 2569 4667 Ἐπειδὴ
2611 4596 2720 4667 γάρ
2764 4595 2895 4649 ἴδιόν
2930 4595 3046 4648 ἐστι
3088 4595 3190 4664 τῆς
3233 4595 3503 4666 θειότητος
3536 4595 3595 4647 τὸ

2023 4687 2110 4740 διὰ
2139 4689 2353 4742 πάντων
2382 4689 2556 4758 ήκειν,
2587 4688 2679 4740 καὶ
2706 4689 2776 4757 τῇ
2804 4685 2963 4754 φύσει
2991 4685 3097 4738 τῶν
3125 4686 3292 4737 ὄντων
3321 4686 3458 4738 κατὰ
3487 4685 3594 4738 πᾶν

2027 4781 2189 4853 μέρος
2227 4779 2813 4850 συμπαρεκτείνεσθαι·
2851 4777 2912 4830 οὐ
2942 4776 3049 4847 γάρ
3089 4777 3155 4829 ἄν
3183 4793 3234 4828 τι
3265 4776 3507 4844 διαμένοι
3538 4779 3596 4827 ἐν

2022 4871 2099 4942 τῷ
2123 4867 2281 4936 εἶναι,
2310 4871 2384 4941 μὴ
2415 4871 2471 4923 ἐν
2493 4869 2570 4940 τῷ
2589 4869 2699 4922 ὄντι
2726 4869 2902 4938 μένον.
2928 4867 3000 4919 Τὸ
3026 4867 3082 4919 δὲ
3106 4867 3307 4936 κυρίως
3328 4866 3421 4918 καὶ
3446 4866 3594 4936 πρώ-

2021 4981 2129 5026 τως
2153 4963 2233 5028 ὃν,
2265 4963 2298 5033 ἡ
2327 4962 2445 5015 θεία
2475 4961 2638 5032 φύσις
2667 4960 2838 5021 ἐστὶν,
2861 4962 2928 5029 ἢν
2961 4959 3020 5022 ἐξ
3050 4960 3293 5029 ἀνάγκης
3323 4958 3596 5012 πιστεύειν

2023 5057 2079 5107 ὲν
2124 5056 2289 5108 πᾶσιν
2337 5051 2475 5108 εἶναι
2511 5057 2623 5116 τοῖς
2655 5049 2836 5114 οὖσιν,
2879 5053 2914 5120 ή
2969 5049 3194 5119 διαμονὴ
3255 5049 3361 5102 τῶν
3427 5050 3596 5106 δντων

2024 5145 2448 5214 καταναγκάζει·
2496 5143 2654 5200 τοῦτο
2687 5145 2774 5198 διὰ
2801 5142 2898 5197 τοῦ
2937 5142 3169 5212 σταυροῦ
3209 5144 3590 5215 διδασκόμεθα,

2022 5240 2258 5308 τετραχῆ
2291 5237 2385 5290 τοῦ
2417 5239 2534 5290 κατ’
2557 5237 2718 5290 αὑτὸν
2743 5236 3020 5305 σχήματος
3039 5235 3370 5306 διῃρημένου
3389 5253 3401 5266 ·
3429 5236 3503 5299 ὡς
3533 5240 3595 5289 ὲκ

2023 5330 2116 5383 τοῦ
2154 5331 2342 5400 μέσου,
2383 5331 2518 5383 καθὸ
2559 5331 2694 5402 πρὸς
2725 5329 2914 5382 ἑαυτὸν
2946 5329 3293 5395 συνάπτεται,
3331 5331 3594 5401 τέσσαρας

2024 5422 2372 5492 ἀριθμεῖσθαι
2416 5421 2514 5484 τὰς
2563 5421 2864 5492 προϐολάς·
2900 5422 2980 5474 ὅτι
3025 5424 3052 5475 ὁ
3087 5423 3177 5476 ἐπὶ
3208 5424 3394 5476 τούτου
3435 5425 3492 5474 ἐν
3520 5420 3598 5492 τῷ

2026 5510 2201 5582 καιρῷ
2237 5514 2335 5580 τῆς
2364 5509 2503 5562 κατὰ
2529 5509 2620 5561 τὸν
2657 5509 2882 5563 θάνατον
2907 5511 3216 5581 οἰκονομίας
3255 5510 3538 5572 διατεθεὶς.
3569 5511 3597 5562 ὁ

2027 5603 2086 5654 τὸ
2117 5602 2223 5653 πᾶν
2251 5601 2382 5669 προς
2416 5599 2593 5670 ἐαυτῷ
2623 5600 2850 5654 συνδέων
2880 5619 2933 5656 τε
2972 5603 3062 5657 καὶ
3099 5601 3466 5671 συναρμόζων,
3500 5600 3594 5662 τὰς
