3980 6198
446 301 517 356 εὖ
1677 305 1734 361 S.
1775 304 2018 359 GREGQ

2144 304 2436 360 NYSSENI
3623 310 3692 364 εει

445 428 573 469 cum
601 431 666 471 ex
697 434 755 473 se
792 419 908 488 ipsa
938 419 1113 472 oratio
1142 419 1275 473 satis
1308 419 1509 473 indicet
1557 434 1621 473 ea
1679 434 1803 475 esse
1854 435 2017 490 supra

2122 422 2347 492 κονομία
2365 440 2380 454 ο
2400 422 2430 473 ὃ
2451 423 2558 474 εἴτε
2585 423 2884 492 βάπτισμα,
2916 423 3023 476 εἴτε
3051 424 3331 495 φώτισμα,
3359 426 3467 478 εἴτε
3498 425 3693 493 παλιγ-

446 516 718 562 naturam»
755 509 859 564 Sed
884 511 1138 580 quoniam
1179 512 1532 581 mysticorum
1564 512 2016 568 documentorum

2125 513 2369 581 γενεσίαν
2402 514 2640 583 βούλοιτό
2665 529 2749 577 τις
2769 513 3073 583 ὀνομάζειν,
3105 512 3255 568 οὐδὲν
3289 512 3424 586 πρὸς
3451 515 3549 585 τὴν
3578 513 3697 569 όνο-

446 611 575 665 pars
604 606 687 652 est
714 601 875 653 etiam
907 600 1107 669 aliqua,
1142 614 1263 669 quae
1308 601 1369 654 .in
1398 600 1615 655 lavacro
1659 605 1717 656 lit
1743 602 2018 674 dispensa-

2127 606 2327 673 μασίαν
2354 605 2737 677 διαφερόμεθα,
2766 607 2945 670 καλῶς
2980 607 3045 660 ἃν
3073 606 3184 678 ἔχοι
3218 608 3309 662 καὶ
3342 610 3470 679 περὶ
3504 607 3695 662 τούτου

445 687 558 740 tio:
614 690 759 757 quod
786 691 1005 759 quidem
1037 706 1135 746 seu
1159 691 1513 761 baptismum,
1544 707 1641 748 seu
1676 694 2017 749 illuminatio—

1090 706 1135 745 ιιι
1159 691 1513 761 baptismum,
1544 707 1641 748 seu
1676 694 2021 749 illuminatioo
2126 695 2329 766 βραχέα
2361 695 2662 762 διεξελθεῖν.

446 794 592 844 nem,
671 796 765 835 seu
836 784 1301 852 regenerationem
1381 785 1514 838 velis
1547 784 1847 851 nominare,
1905 786 1973 842 de
2024 789 2245 847 nomine
2301 803 2410 842 non
2464 785 2864 851 contendimus,
2915 788 3054 844 bene
3098 789 3203 844 erit
3232 788 3468 844 breviter
3512 787 3581 843 de
3625 797 3698 844 eo

447 870 651 925 dicere.
908 872 911 877 ’
1686 925 1691 929 .

977 964 1207 1019 CAPUT
1252 964 1496 1019 XXXIII.

2688 961 2937 1017 ΚΕΦΔᾹ.
2978 963 3097 1016 ΔΡ.

518 1050 651 1104 Nam
703 1062 993 1121 postquam
1045 1068 1073 1107 a
1138 1054 1296 1109 nobis
1342 1058 1669 1120 audiverint,
1720 1057 1863 1126 quod
1898 1073 2022 1110 cum

2204 1056 2450 1109 Ἐπειδὰν
2477 1058 2585 1127 γὰρ
2635 1058 2764 1127 παρ’
2799 1055 2956 1125 ἡμῶν
2982 1054 3045 1107 τὸ
3097 1053 3334 1107 τοιοῦτον
3366 1054 3694 1123 ἀκούσωσιν,

450 1141 679 1195 mortale
731 1151 970 1197 transeat
995 1143 1059 1197 ad
1086 1144 1273 1208 vitam,
1310 1160 1653 1215 consequens
1674 1155 1810 1207 erat,
1849 1144 2022 1213 prima

2156 1166 2197 1201 τι
2222 1147 2315 1200 τοῦ
2360 1147 2554 1218 θνητοῦ
2584 1147 2722 1217 πρὸς
2745 1146 2844 1217 τὴν
2894 1145 3039 1216 ζωὴν
3085 1144 3509 1215 μεταϐαίνοντος
3529 1188 3543 1213 ,
3570 1148 3700 1203 ἀκό-

450 1233 802 1302 generatione
839 1234 907 1287 ad
948 1235 1114 1288 vitam
1166 1238 1451 1289 mortalem
1490 1235 1810 1298 deducente,
1858 1234 2021 1288 aliam

2124 1240 2299 1293 λουθον
2323 1235 2390 1309 ἦν
2411 1239 2511 1309 τῆς
2538 1239 2758 1310 πρώτης
2778 1238 3041 1306 γενέσεως
3080 1238 3176 1290 ἐπὶ
3204 1237 3296 1291 τὸν
3335 1237 3527 1309 θνητὸν
3558 1252 3696 1310 παρ-

452 1324 684 1379 inveniri
732 1326 1155 1395 generationem,
1206 1344 1328 1398 quae
1373 1343 1551 1398 neque
1582 1328 1651 1383 ab
1686 1328 1910 1383 interitu
1936 1327 2019 1381 itt-

2121 1330 2355 1401 αγούσης
2395 1330 2545 1400 βίον,
2592 1329 2785 1400 ἑτέραν
2824 1328 3075 1399 γέννησιν
3115 1328 3496 1399 ἐξευρεθῆναι,
3552 1332 3693 1402 μήτε

448 1415 679 1482 ciperet,
709 1432 891 1485 neque
918 1417 1194 1473 desineret
1218 1421 1272 1472 in
1299 1418 1575 1473 interitum
1602 1461 1618 1486 ,
1654 1419 1749 1474 sed
1776 1433 1897 1473 eum
1925 1418 2017 1486 qui

2122 1423 2227 1476 ἀπὸ
2252 1422 2455 1493 φθορᾶς
2480 1422 2807 1493 ἀρχομένην,
2841 1422 2974 1492 μήτε
3008 1422 3090 1483 εἰς
3121 1420 3327 1490 φθοράν
3356 1421 3694 1492 καταλήγουο

451 1506 649 1561 fuisset
698 1517 1009 1578 generatus,
1054 1510 1122 1564 ad
1182 1512 1347 1565 vitam
1394 1510 1688 1565 deduceret
1739 1510 2022 1564 immorta-

2122 1526 2220 1566 σαν
2245 1528 2259 1546 ο
2292 1513 2404 1566 ἀλλ’
2427 1514 2505 1576 si;
2519 1512 2784 1566 ἀθάνατον
2813 1511 2956 1583 ζωὴν
2980 1513 3073 1565 τὸν
3096 1508 3491 1581 γεγεννημένον
3514 1513 3694 1584 παρά-

453 1599 558 1651 lem
586 1596 881 1668 (quomodo
923 1602 1067 1654 enim
1114 1615 1183 1655 ex
1228 1601 1446 1655 mortali
1494 1601 1844 1671 generatione
1871 1615 2021 1655 mor-

2122 1620 2339 1672 γουσαν.
2370 1605 2580 1674 Ὠσπερ
2605 1602 2714 1674 γὰρ
2741 1605 2804 1656 ὲκ
2848 1602 3049 1673 θνητῆς
3078 1604 3383 1672 γεννήσεως
3410 1601 3602 1673 θνητόν
3632 1604 3694 1669 ἐξ

451 1691 561 1744 tale
611 1691 923 1746 necessario
972 1693 1181 1747 exstitit
1212 1693 1265 1747 id
1310 1692 1457 1763 quod
1503 1694 1604 1747 {uit
1659 1703 2014 1762 generatum:

2122 1695 2361 1764 ἀνάγκης
2411 1693 2473 1746 τὸ
2513 1692 2907 1763 γεγεννημένον
2955 1691 3161 1761 ὑπέστη
3190 1709 3205 1725 ο
3244 1692 3417 1756 οὕτως
3470 1696 3533 1746 ὲκ
3589 1693 3694 1763 τῆς

452 1781 528 1834 ita
553 1780 699 1850 quod
725 1796 790 1835 ex
821 1783 1169 1852 generatione
1195 1783 1247 1836 in
1271 1798 1431 1853 quam
1461 1798 1572 1838 non
1598 1783 1744 1837 cadit
1767 1784 2019 1839 interitus

2122 1784 2200 1855 μὴ
2241 1785 2687 1856 παραδεχομένης
2736 1783 2938 1853 φθορὰν
2969 1785 3273 1853 γεννήσεως
3297 1780 3389 1837 τὸν
3416 1784 3693 1855 γεννώμε-

450 1884 762 1943 generatur,
798 1875 993 1930 melius
1025 1873 1189 1929 fuerit
1239 1889 1303 1928 ac
1351 1874 1720 1945 praestantius,
1756 1884 1919 1944 quam
1958 1884 2019 1929 ut

2119 1892 2207 1929 νον
2229 1915 2246 1941 ,
2284 1878 2531 1945 κρεῖττον
2574 1875 2798 1945 γένηται
2832 1875 2932 1944 τῆς
2979 1875 3045 1926 ἐκ
3080 1872 3172 1926 τοῦ
3204 1874 3433 1928 θανάτου
3463 1875 3687 1945 φθορᾶς·

450 1980 481 2016 a
522 1974 695 2019 morte
743 1966 983 2036 patiatur
1027 1964 1352 2036 interitum),
1410 1973 1721 2036 postquam,
1772 1966 2016 2035 inquam,

2163 1966 2375 2021 ἐπειδάν
2405 1964 2609 2019 τούτων
2653 1965 2749 2018 καὶ
2788 1963 2898 2019 τῶν
2930 1964 3184 2016 τοιούτων
3238 1963 3512 2017 ἀκούσωσι
3533 2004 3548 2028 ,
3594 1965 3694 2018 καὶ

449 2056 566 2110 ι]ωο
593 2056 924 2123 audiverim,
952 2065 1009 2112 et
1037 2071 1160 2126 quae
1198 2064 1326 2111 sunt
1356 2056 1692 2126 hujusmodi,
1720 2065 1774 2111 et
1798 2057 2019 2112 modum

2121 2054 2516 2127 προδιδαχθῶσι
2540 2054 2633 2108 τὸν
2658 2054 2895 2125 τρόπον,
2935 2054 3017 2107 ὅτι
3057 2052 3189 2124 εὐχὴ
3224 2054 3360 2124 πρὸς
3400 2053 3563 2117 Θεὸν,
3595 2053 3693 2108 καὶ

448 2147 605 2214 prius
643 2146 958 2212 didicerint,
1002 2162 1197 2218 nempe
1234 2147 1379 2217 quod
1417 2147 1486 2201 ad
1532 2146 1699 2201 Deum
1728 2161 1940 2216 preces,
1967 2155 2020 2203 et

2120 2146 2339 2215 χάριτος
2365 2146 2620 2216 οὐρανίας
2656 2143 2971 2212 ἐπίκλησις,
3006 2145 3101 2197 καὶ
3144 2144 3288 2216 ὕδωρ
3315 2185 3330 2209 ,
3372 2146 3467 2198 καὶ
3507 2144 3692 2209 πίστις

450 2239 641 2307 gratia:
681 2238 923 2293 ccelestis
973 2240 1268 2301 invocatio,
1297 2247 1350 2292 et
1397 2252 1560 2307 aqua,
1608 2242 1681 2293 et
1707 2238 1864 2302 ﬁdes,
1894 2248 2022 2293 sunt

2124 2239 2258 2303 ιστὶ,
2288 2238 2356 2290 δι’
2386 2230 2461 2290 ὧν
2493 2236 2559 2289 τὸ
2584 2236 2683 2305 τῆς
2711 2237 3121 2306 ἀναγεννήσεως
3157 2235 3457 2307 πληροῦται
3485 2239 3696 2307 μυστή-

448 2343 513 2380 ea
551 2340 645 2395 per
676 2342 801 2395 quae
830 2319 1087 2397 impletur
1119 2328 1443 2397 mysterium
1477 2330 1928 2397 regenerationis,
1954 2341 2020 2385 ea

2124 2344 2257 2397 ριον,
2294 2327 2596 2390 δυσπειθῶς
2635 2326 2819 2397 ἔχουσι
2841 2368 2856 2391 ,
2907 2327 3043 2395 πρὸς
3086 2325 3149 2379 τὸ
3196 2326 3514 2397 φαινόμενον
3565 2326 3693 2397 eis-

449 2417 741 2472 dilliciliter
778 2418 860 2472 eis
910 2417 1328 2487 persuadeatur,
1381 2430 1438 2473 ut
1484 2423 1577 2490 qui
1628 2421 1694 2474 ad
1747 2421 1893 2491 quod
1926 2436 2021 2491 ap-

2122 2438 2311 2484 ποντες
2335 2461 2349 2484 ,
2382 2421 2456 2484 ὡς
2498 2421 2560 2473 οὑ
2591 2421 2882 2491 συμϐαῖνον
2910 2423 2976 2491 τῇ
3014 2421 3315 2492 ἐπαγγελίᾳ
3351 2419 3412 2473 τὸ
3444 2437 3694 2491 σωματι-

450 2516 605 2578 paret
650 2508 940 2578 aspiciant,
981 2517 1171 2578 utpote
1227 2510 1371 2578 quod
1419 2509 1472 2565 id
1516 2512 1662 2580 quod
1714 2514 1772 2565 lit
1823 2525 2022 2582 corpo-

2121 2514 2231 2576 κῶς
2255 2512 2658 2583 ὲνεργούμενον.
2687 2510 2814 2574 Πῶς
2843 2510 2952 2580 γὰρ
2974 2549 2988 2573 ,
3028 2510 3214 2578 φησὶν,
3243 2510 3377 2581 εὐχὴ
3407 2511 3503 2564 καὶ
3539 2510 3693 2565 δυνά-

452 2599 663 2663 raliter,
707 2616 818 2654 non
871 2600 1084 2654 accidat
1140 2601 1511 2669 promissioni.
1544 2602 1823 2668 Quomodo
1854 2605 2019 2670 enim,

2125 2623 2268 2675 μεως
2316 2605 2467 2668 θείας
2515 2604 2799 2673 ἐπίκλησις
2838 2604 2929 2656 ἐπὶ
2982 2601 3077 2655 τοῦ
3128 2600 3319 2663 ὕδατος
3368 2600 3690 2671 γιγνομένη,

450 2692 728 2760 inquiunt,
764 2706 977 2761 preces,
1010 2700 1065 2746 et
1095 2692 1295 2747 divinat
1323 2693 1539 2747 virtutis
1577 2694 1869 2760 invocatio,
1902 2711 2022 2763 quae

2122 2694 2263 2766 ζωῆς
2313 2695 2552 2767 ἀρχηγὸς
2581 2697 2711 2757 τοῖς¹
2734 2692 3058 2764 μυουμένοις
3106 2691 3347 2760 γίνεται;
3387 2689 3530 2761 Πρὸς
3558 2688 3652 2754 οὓς
3674 2731 3693 2755 ,

453 2782 510 2835 lit
560 2797 726 2850 super
766 2798 989 2852 aquam,
1044 2784 1101 2836 lit
1151 2783 1262 2838 dux
1318 2794 1369 2841 et
1418 2785 1744 2854 principium
1796 2789 1917 2840 vita:
1956 2788 2024 2843 iis

2122 2788 2277 2858 εἴπερ
2306 2787 2425 2839 λίαν
2456 2787 2626 2855 ἔχοιεν
2655 2785 2962 2845 ἀντιτύπως
2981 2824 2996 2848 ,
3019 2782 3224 2845 ἁπλοῦς
3259 2780 3480 2853 ἐξαρκεῖ
3510 2781 3693 2850 λόγος,

451 2874 545 2943 qui
593 2872 921 2929 initiantur?
960 2874 1041 2929 Ad
1094 2891 1254 2948 quos.
1317 2876 1364 2931 si
1412 2891 1520 2930 non
1560 2877 1668 2931 sint
1708 2879 1870 2934 nimis
1900 2878 2023 2933 duri

2126 2878 2258 2950 πρὸς
2292 2878 2391 2949 τὴν
2420 2878 2514 2930 τοῦ
2546 2877 2815 2944 δόγματος
2848 2875 3075 2941 ἀγαγεῖν
3096 2868 3513 2940 συγκατάθεσιν.
3541 2869 3698 2921 Ἀντ-

450 2974 505 3018 et
537 2963 870 3033 pervicaces,
907 2965 1138 3037 simplex
1169 2965 1441 3021 suﬂ‘ecerit
1470 2967 1649 3021 oratio
1674 2966 1741 3021 ad
1780 2966 2021 3023 efﬁcien-

2124 2967 2380 3037 ςρωτήσω
2419 2968 2517 3037 μὲν
2558 2966 2691 3035 γάρ,
2717 2962 2812 3016 τοῦ
2839 2963 3041 3032 τρόπου
3065 2960 3162 3028 τῆς
3186 2957 3326 3011 κατὰ
3359 2956 3539 3026 σάρκα
3568 2972 3696 3023 γεν-

453 3056 583 3109 dum
615 3067 673 3109 ut
721 3056 1094 3111 assentiamur
1147 3057 1403 3126 dogmati.
1454 3057 1587 3111 Nam
1638 3059 1881 3114 vicissim
1924 3073 2022 3114 eos

2127 3067 2330 3129 νήσεως
2362 3061 2526 3112 πᾶσιν
2551 3059 2705 3121 ὄντος
2728 3054 3017 3127 προδήλου,
3046 3051 3165 3113 πῶς
3205 3049 3487 3121 ἅνθρωπος
3515 3050 3699 3103 έκεῖνο

457 3148 878 3216 interrogemus,
930 3164 1052 3202 cum
1111 3149 1306 3204 modus
1340 3148 1459 3217 ejus
1491 3164 1613 3219 qua:
1652 3164 1716 3204 ex
1760 3164 1924 3205 carne
1965 3151 2022 3203 lit

2371 3109 2899 3216 *ἐξερέορᾲὴῶ
2924 3109 3026 3213 τῆς
3070 3109 3379 3202 συστάσεως
3414 3109 3510 3191 τοῦ
3553 3136 3696 3202 ζώου

451 3239 814 3305 generationis
834 3239 905 3293 sit
924 3239 1180 3295 erunibus
1201 3238 1543 3306 manifestus,
1567 3241 2022 3308 quemadmodum

2128 3238 2625 3307 καταϐαλλόμενονς
2664 3234 2824 3288 Ἀλλὰ
2864 3234 2969 3304 μὴν
3018 3231 3192 3295 οὐδεὶς
3230 3232 3317 3283 ἐπ’
3362 3231 3573 3283 ἐκείνου
3606 3227 3700 3280 λό-

452 3328 512 3382 lit
561 3328 729 3384 homo
774 3330 828 3383 id
891 3331 1037 3400 quod
1088 3332 1365 3399 dejicitur,
1407 3339 1468 3385 ut
1521 3347 1588 3385 ex
1642 3346 1710 3385 eo
1759 3332 2024 3387 consistat

2126 3350 2219 3401 γος
2240 3332 2408 3395 ἐστὶν,
2433 3333 2461 3383 ὁ
2498 3327 2744 3399 λογισμῷ
2766 3345 2871 3380 τινι
2901 3326 2961 3379 τὸ
3001 3324 3224 3378 πιθανὸν
3252 3322 3599 3393 ἐξευρίσκων.
3628 3320 3698 3372 Τί

452 3421 654 3473 animal
684 3421 707 3472 ’ί
734 3420 899 3488 Atqui
934 3421 989 3473 in
1022 3435 1088 3475 eo
1114 3422 1249 3474 nihil
1288 3421 1397 3475 dici
1432 3430 1631 3489 potest,
1659 3422 1807 3490 quod
1844 3423 2024 3491 aliqua

2127 3422 2231 3493 γὰρ
2255 3421 2432 3474 κοινὸν
2466 3419 2737 3488 σπέρματι
2772 3415 3055 3485 ἀνθρώπου
3098 3411 3236 3483 πρὸς
3280 3413 3379 3481 τὴν
3413 3414 3471 3464 ὲν
3504 3411 3699 3477 ἐκείνῳ

456 3512 671 3565 ratione
713 3512 881 3565 ullam
922 3512 1165 3566 inveniat
1200 3512 1656 3582 probabilitatem.
1711 3514 1849 3580 Quid
1881 3518 2023 3568 enim

2126 3514 2503 3587 θεωρουμένην
2552 3512 2840 3580 ποιότητα;
2889 3507 3318 3578 Συγκρινόμενος
3350 3506 3378 3557 ὁ
3408 3502 3698 3574 ἄνθρωπος

451 3618 745 3656 commune
780 3603 940 3657 habet
978 3619 1161 3658 semen
1198 3604 1433 3660 hominis
1482 3619 1610 3658 cum
1667 3622 1728 3660 ea
1760 3605 2023 3676 qualitate

2130 3607 2338 3675 λογικόν
2362 3622 2415 3658 τι
2452 3603 2639 3674 χρῆμα
2664 3603 2758 3655 καὶ
2778 3598 3115 3669 διανοητικόν
3148 3600 3262 3650 ὲστι
3282 3635 3297 3660 ,
3328 3594 3420 3649 νοῦ
3449 3596 3542 3648 καὶ
3574 3597 3702 3648 ὲπυ-

453 3710 575 3762 ψιευ
634 3693 687 3746 in
750 3694 841 3746 illo
890 3694 1308 3748 consideratur?
1348 3693 1520 3748 Homo
1562 3697 1896 3763 compositus
1940 3705 2023 3750 est

2128 3700 2342 3769 στήμης
2380 3693 2660 3748 δεκτικόν·
2705 3693 2880 3745 ὲκεῖνο
2914 3690 2972 3743 δὲ
3017 3689 3159 3759 ὑγρᾷ
3200 3705 3305 3741 τινι
3348 3685 3700 3756 ὲνθεωρεῖται

454 3801 544 3836 res
605 3783 853 3852 qumdam
904 3784 1177 3853 particeps
1234 3785 1460 3840 rationis
1521 3794 1573 3840 et
1633 3786 2021 3854 intelligentiae.

2127 3792 2370 3860 ποιότητι
2395 3828 2409 3853 ,
2440 3786 2530 3840 καὶ
2560 3785 2743 3839 πλεῖον
2773 3783 2925 3836 οὐδὲν
2971 3780 3065 3834 τοῦ
3111 3779 3233 3833 κατ’
3259 3778 3512 3847 αἴσθησιν
3555 3777 3699 3847 ὁρω-

454 3876 592 3928 lllud
650 3890 828 3929 autem
873 3877 1249 3931 consideratur
1277 3877 1331 3930 in
1369 3879 1601 3946 quadam
1641 3878 1862 3931 humida
1890 3891 2026 3946 qua-

2129 3884 2288 3953 μένου
2322 3879 2729 3949 καταλαμϐάνει
2772 3876 2965 3928 ἔννοια.
2997 3874 3099 3927 ’Ἢν
3142 3871 3319 3924 τοίνυν
3360 3869 3505 3931 εἰκός
3546 3868 3698 3920 ἐστιν

456 3968 606 4020 litate
627 4008 641 4031 ,
694 3976 749 4021 et
778 3967 912 4022 nihil
950 3969 1182 4038 amplius
1206 3969 1620 4039 comprehendit.
1659 3969 1858 4023 mentis
1888 3983 2025 4023 con-

2124 3975 2415 4044 ἀπόκρισιν
2454 3971 2709 4041 γενέσθαι
2753 3971 2886 4039 ἡμῖν
2938 3965 3091 4038 παρά
3144 3964 3253 4017 τῶν
3288 3958 3696 4033 ἐρωτηθέντων,

452 4057 652 4125 reptio,
687 4072 847 4126 quam
879 4057 1022 4126 quod
1062 4074 1128 4113 ex
1180 4074 1346 4114 sensu
1392 4060 1650 4115 cernitur.
1694 4058 1849 4125 Quod
1894 4074 2024 4129 ergo

2126 4063 2206 4116 ὅτι
2234 4063 2357 4127 Πῶς
2380 4062 2497 4115 ἐστι
2521 4058 2709 4113 πιστὸν
2753 4058 2812 4123 ἐξ
2844 4055 3053 4109 ἐκείνου
3093 4054 3353 4123 συστῆναι
3385 4048 3698 4118 άνθρωπονς

454 4151 522 4202 ab
544 4150 912 4220 interrogatis,
937 4151 1212 4219 quomodo
1238 4152 1308 4206 sit
1329 4152 1591 4206 credibile
1605 4165 1673 4205 ex
1704 4151 1796 4204 illo
1816 4150 2024 4205 consti-

2132 4153 2285 4205 τοῦτο
2319 4152 2414 4203 καὶ
2439 4151 2569 4221 περὶ
2604 4150 2704 4219 τῆς
2733 4149 2820 4204 διὰ
2861 4146 2955 4200 τοῦ
3000 4145 3191 4208 ὓδατος
3233 4141 3525 4212 γινομένης
3572 4140 3704 4193 ἁνα-

455 4239 586 4293 tisse
613 4241 909 4305 hominem,
931 4248 1358 4295 consentaneum
1380 4250 1464 4296 est
1485 4240 1644 4295 nobis
1668 4240 1783 4295 ﬁeri
1806 4254 2025 4308 respon-

2131 4246 2427 4313 γεννήσεως
2448 4240 2811 4313 ἐρωτηθέντες
2839 4236 3295 4309 ἀποκρινούμεθα.
3330 4234 3478 4288 Ἐκεῖ
3499 4246 3561 4284 τε
3587 4231 3703 4300 γάρ

452 4347 597 4395 sum,
628 4330 731 4385 hoc
761 4333 926 4387 etiam
967 4332 1034 4387 de
1059 4332 1474 4402 regeneratione
1498 4347 1593 4402 per
1619 4346 1815 4402 aquam
1855 4332 2024 4387 inter-

2131 4334 2389 4405 πρότερόν
2420 4334 2569 4384 ἐστιν
2595 4332 2808 4401 ἑκάστῳ
2840 4328 2949 4383 τῶν
2982 4326 3350 4398 ὴρωτημένων
3379 4323 3554 4376 εἰπεῖν
3573 4358 3590 4383 ,
3614 4321 3703 4374 ὃτι

454 4423 625 4491 rogati
652 4424 1120 4494 respondebimus.
1147 4423 1283 4477 Nam
1306 4432 1359 4478 et
1385 4423 1496 4477 illic
1520 4424 1814 4494 unicuique
1833 4436 2021 4478 eorum

2134 4425 2247 4496 θείᾳ
2276 4424 2500 4493 δυνάμει
2529 4424 2733 4482 ἐκεῖνος
2751 4417 3036 4490 ἄνθρωπος
3064 4417 3329 4485 γίγνεται,
3354 4407 3424 4485 ἧς
3456 4411 3531 4483 μὴ
3556 4427 3706 4479 ⁶παρ-

453 4514 546 4582 qui
598 4515 1004 4585 interrogantur
1046 4517 1100 4591 in
1158 4526 1409 4586 promptu
1448 4525 1533 4572 est
1586 4515 1801 4580 dicere,
1876 4514 2025 4585 quod

2134 4519 2294 4585 ούσης
2314 4555 2330 4578 ,
2372 4513 2627 4584 ἀκίνητόν
2663 4514 2781 4566 ἐστι
2824 4518 2919 4565 καί
2946 4507 3322 4590 ἀνενέργητον.
3355 4505 3419 4558 Et
3460 4499 3555 4557 οὖν
3580 4504 3706 4555 ἐκεῖ

452 4604 636 4669 divina
662 4606 862 4659 virtute
883 4607 970 4659 ille
993 4607 1049 4658 lit
1068 4607 1252 4671 homo,
1282 4624 1402 4677 qua:
1423 4608 1470 4663 si
1504 4624 1610 4663 non
1639 4607 1803 4670 adsit,
1836 4621 2021 4663 semen

2134 4610 2189 4661 οὑ
2215 4608 2276 4660 τὸ
2305 4606 2661 4674 ὑποκείμενον
2701 4604 2845 4656 ποιεί
2871 4600 2965 4653 τὸν
3013 4598 3295 4669 ἄνθρωπον
3314 4636 3331 4659 ,
3364 4595 3479 4648 ἀλλ’
3514 4595 3547 4663 ἡ
3577 4592 3706 4647 θεία

453 4705 539 4749 est
591 4695 867 4750 immobile
912 4704 968 4751 et
1018 4696 1292 4753 inefﬁcax.
1330 4700 1387 4753 Si
1423 4714 1552 4766 ergo
1588 4699 1702 4752 illic
1751 4712 1860 4751 non
1892 4697 2025 4753 sub-

2135 4700 2355 4768 δύναμις
2392 4699 2472 4760 είς
2498 4694 2783 4767 ἀνθρώπου
2817 4692 2979 4762 φύσιν
3024 4690 3306 4760 μεταποιεῖ
3345 4687 3410 4739 τὸ
3437 4685 3707 4756 φαινόμε-

452 4786 657 4853 jectmu
710 4785 842 4838 facit
886 4787 1180 4851 hominem,
1218 4788 1325 4842 sed
1348 4788 1431 4843 vis
1474 4789 1656 4841 divina
1697 4796 2024 4844 transmutat

2136 4808 2237 4855 νον,
2262 4792 2362 4861 τῆς
2390 4788 2624 4859 ἐσχάτης
2672 4787 2740 4841 ἂν
2775 4786 2860 4856 εἴη
2900 4782 3325 4853 ἀγνωμοσύνης,
3360 4782 3476 4833 ἐκεῖ
3502 4778 3708 4832 τοσαύ-

457 4877 508 4929 id
557 4878 702 4944 quod
763 4887 987 4946 apparet
1031 4881 1088 4934 in
1156 4887 1407 4940 naturam
1459 4879 1715 4944 hominis,
1772 4888 2026 4935 extremae

2135 4898 2224 4951 την
2247 4878 2324 4947 τῷ
2353 4878 2471 4948 Θεῷ
2502 4872 3056 4948 προσμαρτυροῦντας
3102 4871 3328 4941 δύναμιν
3352 4908 3367 4934 ,
3394 4869 3605 4921 ἀτονιῖν
3643 4870 3707 4921 ἑν

458 4970 623 5025 fuerit
673 4969 1001 5039 insipientia:
1046 4972 1354 5043 ingratique
1378 4982 1432 5027 et
1465 4973 1799 5028 immemoris
1831 4974 2024 5038 animi,

2136 4969 2205 5040 τῷ
2235 4970 2387 5039 μέρει
2413 4966 2588 5037 τούτῳ
2612 4968 2673 5020 τὸ
2695 4969 2849 5021 Θιίον
2872 4963 3077 5036 οἴεσθαι
3108 4961 3245 5033 πρὸς
3272 4959 3372 5030 τὴν
3411 4958 3708 5029 ἐκπλήρω-

456 5063 569 5116 illic
606 5060 716 5115 Deo
766 5069 973 5115 tantam
1032 5063 1337 5119 tribuentes
1368 5064 1646 5130 virtutem,
1706 5065 2025 5119 existimare

2132 5079 2214 5115 σιν
2234 5060 2329 5113 τοῦ
2356 5060 2678 5129 θελήματος.
2713 5057 2776 5108 Τί
2815 5056 3011 5120 κοινὸν,
3041 5053 3225 5124 φασὶν,
3258 5052 3409 5105 ὑδατι
3437 5051 3532 5104 καὶ
3560 5052 3704 5120 Coiﬁ;

455 5153 624 5210 Deum
677 5155 781 5209 hac
814 5154 870 5209 in
919 5168 1073 5225 parte
1096 5173 1219 5213 esse
1256 5160 1585 5214 imbecillum
1632 5160 1698 5213 ad
1733 5173 1888 5213 suam
1925 5158 2025 5211 im-

2136 5152 2193 5206 Τί
2214 5152 2270 5205 δὲ
2302 5150 2498 5216 κοινὸν,
2529 5150 2665 5221 πρὸς
2688 5137 2848 5202 αὑτδν
2876 5145 3107 5217 ἐροῦμεν
3131 5184 3148 5210 ,
3190 5143 3449 5215 ὑγρότητι
3481 5143 3577 5195 καὶ
3624 5144 3708 5195 εί-

454 5245 708 5312 plendam
727 5244 1081 5299 voluntatem.
1099 5246 1237 5312 Quid
1255 5262 1560 5309 commune,
1575 5247 1846 5315 inquiunt,
1867 5243 2026 5299 habet

2134 5243 2245 5296 κόνι
2272 5241 2407 5295 Θεοῦ
2432 5258 2446 5307 ;
2500 5240 2638 5293 Ἀλλ’
2668 5239 2819 5292 οὐδὲν
2849 5240 2965 5292 ἐκεῖ
2993 5238 3056 5290 τὸ
3100 5233 3434 5306 παράδοξον,
3466 5235 3515 5287 εἰ
3560 5232 3706 5287 Θεοῦ

456 5334 564 5388 vita
608 5351 732 5389 cum
773 5336 959 5406 aqua?
994 5334 1137 5402 Quid
1191 5346 1371 5392 autem
1422 5338 1525 5406 (eis
1565 5336 1834 5405 dicemus)
1880 5352 2027 5391 cem-

2138 5336 2451 5407 βουλομένου
2501 5332 2639 5403 πρὸς
2673 5331 2735 5384 τὸ
2758 5330 3084 5401 τιμιώτατον
3129 5326 3265 5392 ζῶον
3301 5325 3362 5378 τὸ
3392 5322 3556 5395 ὑγρὸν
3603 5339 3710 5392 μισ

456 5441 620 5480 ιιιυιιο
662 5428 825 5483 habet
876 5428 1070 5483 humor
1107 5436 1162 5483 et
1199 5430 1378 5499 imago
1414 5430 1551 5483 Dei?
1590 5429 1695 5483 Sed
1730 5429 1864 5483 nihil
1915 5430 2025 5483 illic

2140 5426 2390 5481 ra6aivst.
2436 5425 2510 5477 Τὸ
2555 5420 2670 5476 ἴσον
2727 5422 2821 5475 καὶ
2878 5421 2972 5475 ἐπὶ
3023 5421 3212 5473 τούτου
3259 5417 3438 5488 φαμὲν
3458 5457 3472 5481 ,
3533 5413 3712 5484 μηδὲν

454 5524 539 5568 est
601 5515 938 5582 admirabile,
987 5521 1032 5576 si
1076 5519 1184 5576 Deo
1236 5522 1449 5577 volente
1495 5522 1692 5575 humor
1724 5521 1919 5576 transit
1971 5521 2023 5574 in

2142 5514 2266 5570 εἶναι
2319 5514 2647 5586 θαυμαστὸν,
2690 5516 2738 5565 εί
2774 5512 2922 5574 θείας
2950 5510 3226 5579 δυνάμεως
3263 5506 3534 5578 παρουσία
3563 5504 3714 5575 πρὸς

457 5608 655 5660 animal
714 5613 1243 5677 prmstantissimum.
1295 5612 1367 5667 Dc
1409 5614 1512 5668 hoc
1572 5613 1733 5667 etiam
1775 5612 2025 5668 similiter

2144 5607 2434 5677 ὶφθαρσέαν
2466 5603 2853 5676 μετασκευάζει
2888 5604 2947 5657 τὸ
2976 5604 3033 5657 ἐν
3070 5604 3137 5673 τῇ
3173 5600 3386 5670 φθαρτῇ
3415 5596 3574 5667 φύσει
3604 5611 3716 5665 γε·-

456 5697 721 5766 diccmus,
776 5702 996 5761 minime
1044 5721 1165 5764 esse
1208 5706 1540 5776 mirandum,
1591 5706 1635 5761 si
1681 5705 1879 5763 divina:
1911 5705 2020 5760 vir-

798 5702 996 5761 uin'nne
1044 5721 1165 5764 esse
1208 5706 1540 5776 mirandum,
1591 5706 1635 5761 si
1681 5705 1879 5763 divina:
1911 5705 2020 5760 vir-
2130 5699 2370 5772 νόμενον-
