4006 6148
305 226 383 278 ss;
1302 288 1308 296 ,
1544 224 1800 285 onmo
1822 228 1907 281 ca

2013 226 2324 285 CIIETICA.
3512 219 3579 273 86

317 334 452 384 tutis
504 342 794 401 pucsentla
847 334 1201 395 transformat
1242 342 1308 396 ad
1341 343 1808 417 incorruptionem
1841 346 1891 399 id
1934 345 2078 417 quod
2131 355 2318 398 natum
2369 343 2543 397 fuerat
2587 342 2640 396 in
2726 350 2918 396 natura
2966 341 3018 394 in
3070 353 3233 410 quam
3279 339 3426 394 cadit
3493 338 3579 394 itt-

318 423 537 477 teritus.

415 597 420 601 i
890 522 1142 577 ΚΕΦΑΛ.
1178 526 1298 577 ΔΔ’.
1757 582 1771 591 ,

406 608 563 662 Ἀλλά
600 608 855 678 ζητοῦσιν
900 614 1172 681 ἀπόδειξιν
1204 616 1297 669 τοῦ
1346 621 1597 693 παρεῖναι
1645 618 1704 672 τὸ
1744 620 1898 673 Θεῖον

318 700 413 751 ἐπὶ
444 701 733 772 άγιασμῶν
762 702 870 756 τῶν
890 706 1187 776 γινομένων
1215 706 1562 781 καλούμενον.
1581 709 1637 763 Ὀ
1662 708 1718 762 δὲ
1742 708 1901 762 τοῦτο

318 788 519 859 ζητῶν,
556 791 851 860 ἀναγνώτω
884 794 1044 847 πάλιν
1069 796 1137 849 τὰ
1170 798 1399 852 κατόπιν
1429 797 1790 870 ἐξητασμένα.
1836 801 1899 853 Ἡ

317 881 430 953 γὰρ
456 885 769 956 κατασκευὴ
806 887 898 940 τοῦ
924 889 1021 960 τὴν
1046 889 1135 943 διὰ
1156 892 1357 962 σαρκὸς
1386 892 1518 962 ἡμῖν
1547 894 1899 961 ἐπιφανεῖσαν

316 973 571 1044 δύναμιν,
597 974 816 1043 άληθῶς
848 975 996 1031 θείαν
1014 975 1169 1050 εἶναι,
1188 979 1282 1032 τοῦ
1304 979 1569 1052 παρόντος
1598 980 1758 1048 λόγου
1785 996 1903 1032 συν-

315 1067 519 1136 ηγορία
553 1066 781 1135 γίνεται.
815 1070 1125 1139 Δειχθέντος
1175 1070 1283 1141 γὰρ
1329 1070 1423 1123 τοῦ
1468 1069 1600 1124 θεὸν
1629 1065 1766 1123 εἶναι
1809 1070 1900 1125 τὸν

320 1163 382 1213 ἐν
411 1161 576 1231 σαρκὶ
613 1163 1016 1233 φανερωθέντα,
1044 1166 1155 1228 τοϊς
1186 1165 1275 1217 διὰ
1298 1163 1405 1217 τῶν
1434 1165 1732 1235 γινομένων
1765 1165 1899 1218 θαύ-

321 1268 461 1319 μασι
492 1252 589 1322 τὴν
642 1252 804 1319 φύσιν
848 1254 1040 1309 ἑαυτοῦ
1067 1255 1355 1323 δείξαντα,
1408 1254 1797 1327 συναπεδείχθη
1840 1254 1901 1308 τὸ

324 1345 577 1413 παρεῖναι
612 1346 723 1407 τοῖς
776 1344 1078 1416 γινομένοις
1123 1344 1285 1400 αὐτὸν
1334 1346 1473 1401 κατὰ
1506 1347 1681 1401 πάντα
1710 1346 1901 1417 καιρὸν

326 1434 688 1504 ἐπικλήσεως.
708 1434 920 1507 Ὥσπερ
946 1436 1053 1509 γὰρ
1078 1436 1307 1490 ἑκάστου
1338 1438 1447 1492 τῶν
1472 1438 1638 1490 ὄντων
1672 1438 1787 1491 ἐστί
1818 1455 1900 1500 τις

331 1523 529 1593 ἰδιότης
573 1526 605 1594 ἡ
655 1524 754 1595 τὴν
787 1524 946 1593 φύσιν
977 1528 1316 1599 γνωρίζουσα
1342 1544 1356 1559 ·
1408 1527 1579 1592 οὕτως
1610 1527 1737 1583 ἴδιόν
1784 1531 1901 1581 ἐστι

324 1614 429 1683 τῆς
466 1613 615 1677 θείας
651 1615 865 1684 φύσεως
902 1619 934 1688 ἠ
968 1617 1214 1689 ἀλήθεια.
1260 1618 1417 1673 Ἀλλά
1469 1618 1574 1690 μὴν
1622 1619 1709 1673 ἀεὶ
1758 1636 1899 1690 παρ-

324 1704 547 1758 έσεσθαι
574 1708 685 1769 τοῖς
706 1707 1153 1779 ἐπικαλουμένοις
1184 1711 1534 1780 ἐπήγγελται,
1554 1712 1647 1764 καὶ
1669 1712 1727 1763 ἐν
1754 1710 1902 1780 μέσῳ

324 1796 436 1848 τῶν
467 1797 823 1850 πιστευόντων
854 1794 1011 1864 εἶναι,
1045 1802 1137 1854 καὶ
1170 1803 1225 1854 ἐν
1263 1804 1396 1855 πᾶσι
1440 1801 1746 1871 μένειν-καὶ
1774 1802 1901 1855 ἐκά-

1926 532 1973 587 Α

2512 514 2744 571 CAPUT
2825 514 3059 569 XXXIV.

2074 612 2181 666 Sed
2230 617 2481 679 quaerunt
2547 616 2605 663 ut
2660 608 2760 663 sibi
2825 606 3179 668 ostendatur,
3236 603 3380 675 quod
3439 603 3580 660 Deus

2002 704 2145 760 adsit
2186 703 2471 757 invocatus
2507 702 2561 754 in
2596 700 2665 755 iis
2705 715 2826 769 quae
2856 699 2991 753 [lunt
3025 697 3577 754 sanctiﬁcationibus.

2000 795 2101 862 Qui
2150 804 2329 848 autem
2359 792 2463 845 hoc
2488 789 2706 863 qurerit,
2737 796 2956 843 revocet
2991 789 3045 842 in
3078 799 3317 844 mentem
3369 801 3432 842 ea
3461 792 3583 857 quae

2000 895 2149 942 retro
2172 894 2301 941 sunt
2333 884 2665 939 examinata.
2692 880 3053 937 Conlirmatio
3085 881 3261 947 enim,
3286 881 3429 951 quod
3459 896 3581 953 quae

2000 994 2097 1048 per
2126 992 2345 1031 carnem
2389 975 2552 1029 nobis
2592 974 2845 1044 apparuit
2875 972 3071 1039 virtus,
3099 988 3227 1028 vere
3263 974 3335 1029 sit
3366 972 3575 1036 divina,

2001 1065 2245 1121 defendit
2294 1064 2347 1120 id
2396 1065 2542 1135 quod
2584 1063 2819 1118 dicimus
2853 1063 2907 1116 in
2952 1062 3262 1132 prmsentia.
3288 1060 3423 1116 Nam
3458 1076 3581 1116 cum

2000 1169 2283 1215 ostensum
2349 1157 2421 1213 sit
2477 1156 2621 1227 quod
2680 1155 2752 1212 sit
2799 1154 2941 1211 Deus
2988 1155 3081 1225 qui
3140 1170 3296 1210 suam
3345 1156 3586 1212 ostendit

2001 1258 2255 1305 naturam
2299 1248 2581 1305 miraculis
2618 1262 2715 1321 per
2750 1263 2815 1303 ea
2848 1263 2970 1319 qua:
3013 1246 3169 1313 ﬁunt,
3224 1246 3385 1303 simul
3417 1247 3582 1302 etiam

2000 1351 2279 1399 ostensum
2327 1349 2431 1408 est,
2488 1357 2611 1397 eum
2655 1339 2857 1396 adesse
2889 1340 2957 1395 iis
3007 1355 3129 1410 quae
3168 1340 3304 1394 fiunt
3338 1348 3583 1409 tempore

2002 1433 2388 1489 invocationis.
2442 1431 2729 1498 Quomodo
2773 1431 2918 1486 enim
2950 1432 3007 1485 in
3039 1447 3369 1502 unoquoque
3392 1445 3582 1486 eorum

2000 1543 2121 1599 quae
2143 1534 2291 1591 sunt,
2325 1536 2409 1581 est
2428 1525 2675 1596 quaedam
2707 1525 3017 1596 proprietas
3045 1540 3167 1596 qua:
3184 1531 3366 1580 notam
3403 1523 3587 1578 reddit

2001 1628 2277 1683 naturam,
2346 1618 2423 1671 ita
2457 1617 2659 1671 divina:
2694 1626 2904 1671 naturae
2938 1615 3218 1686 proprium
3241 1623 3326 1670 est
3357 1614 3581 1670 veritas.

2001 1710 2163 1779 Atqui
2219 1709 2604 1764 invocantibus
2635 1724 2694 1764 se
2726 1724 2941 1778 semper
2972 1707 3277 1763 amtturum
3296 1716 3379 1763 est
3424 1706 3585 1778 polli-

2003 1802 2171 1865 citus,
2218 1808 2272 1855 et
2324 1800 2568 1855 futurum
2609 1800 2663 1853 in
2697 1799 2877 1854 medio
2905 1798 3267 1863 credentium,
3300 1807 3353 1853 et
3375 1800 3431 1853 in
3460 1813 3584 1853 om-

325 1906 439 1957 στῳ
464 1890 716 1953 συνεῖναι,
742 1889 836 1943 καὶ
853 1889 1029 1943 οὐκέτ’
1053 1891 1118 1945 ἂν
1140 1893 1331 1964 ἐτέρας
1357 1895 1437 1958 είς
1464 1894 1526 1947 τὸ
1552 1896 1806 1966 παρεῖναι
1839 1892 1901 1948 τὸ

2013 1895 2171 1948 nibus
2221 1907 2564 1956 mansurum,
2603 1898 2658 1945 et
2686 1906 2809 1944 cum
2848 1905 3179 1961 unoquoque
3227 1897 3585 1945 conversatu—

323 1974 484 2028 Θεῖον
506 1978 616 2039 τοῖς
647 1980 947 2050 γινομένοις
989 1982 1314 2048 ἀποδείξεως
1349 1985 1740 2056 προσδεοίμεθα
1761 2003 1777 2018 ο
1811 1986 1903 2041 τὸν

325 2064 434 2134 μὲν
463 2066 595 2118 Θεὸν
629 2061 763 2121 εἶναι
796 2069 881 2124 διὰ
910 2070 1020 2123 τῶν
1065 2070 1354 2142 θαυμάτων
1397 2073 1575 2127 αὐτῶν
1615 2092 1903 2129 πεπιστευ-

321 2158 487 2220 κότες
508 2199 523 2223 ,
548 2159 604 2210 ἐν
633 2159 689 2212 δὲ
715 2160 791 2230 τῷ
819 2160 1040 2230 ἀψευδεί
1062 2163 1164 2233 τῆς
1189 2165 1533 2235 ὑποσχέσεως
1568 2169 1817 2240 παρεῖναι
1843 2167 1904 2219 τὸ

320 2247 734 2318 ἐπηγγελμένον
759 2251 857 2302 οὐκ
879 2251 1329 2321 ἀμφιϐάλλοντες.
1363 2252 1436 2305 Τὸ
1465 2252 1521 2305 δὲ
1546 2254 1903 2321 προηγεῖσθαι

317 2339 426 2410 τὴν
451 2340 539 2394 διὰ
566 2344 663 2413 τῆς
689 2341 851 2411 εὐχῆς
879 2342 1067 2411 κλῆσιν
1100 2343 1201 2412 τῆς
1236 2342 1386 2407 θείας
1425 2345 1733 2413 οἰκονομίας
1758 2385 1772 2409 ,
1810 2361 1903 2397 πε-

319 2432 544 2499 ριουσία
571 2432 653 2495 τίς
682 2435 797 2487 ἐστι
830 2435 928 2501 τῆς
962 2432 1287 2499 ἀποδείξεως
1319 2434 1412 2488 τοῦ
1448 2436 1589 2488 κατὰ
1620 2436 1752 2489 Θεὸν
1785 2437 1902 2487 ἐπι-

314 2519 596 2572 τελεῖσθαι
619 2521 678 2573 τὸ
703 2522 1109 2593 ὲνεργούμενον.
1134 2522 1197 2575 Εἰ
1224 2522 1334 2595 γὰρ
1358 2523 1450 2576 ἐπὶ
1474 2523 1565 2576 τοῦ
1593 2524 1779 2594 ἐτέρου
1806 2524 1903 2594 τῆς

314 2610 765 2679 ἅνθρωποποιῖας
802 2611 972 2676 εἴδους
1000 2654 1013 2678 ,
1070 2615 1124 2665 αἱ
1183 2612 1292 2665 τῶν
1348 2613 1659 2681 γεννώντων
1713 2613 1903 2684 ὁρμαὶ,

317 2700 434 2751 κᾶν
468 2699 543 2769 μὴ
574 2684 842 2773 ἐῗτικληθῇ
880 2702 1011 2771 παρ’
1048 2701 1229 2756 αὐτῶν
1253 2702 1319 2755 δι’
1341 2702 1503 2771 εὐχῆς
1532 2702 1592 2753 τὸ
1620 2702 1773 2755 Θείον
1792 2742 1807 2766 ,
1839 2703 1904 2773 τῇ

314 2789 419 2842 τοῦ
448 2790 589 2842 Θεοῦ
619 2791 867 2860 δυνάμει,
899 2792 1075 2855 καθὼς
1110 2794 1166 2844 ἐν
1193 2796 1303 2855 τοῖς
1334 2793 1639 2864 ἔμπροσθεν
1668 2792 1904 2864 εἴρηται,

317 2880 726 2934 διαπλάσσουσι
762 2882 823 2934 τὸ
852 2882 1182 2953 γεννώμενον
1202 2901 1217 2915 ·
1252 2878 1320 2958 ἦς
1341 2885 1699 2956 χωρισθεὶσης
1728 2886 1908 2955 ἄπρα-

316 2973 456 3034 κτός
484 2974 635 3024 ἐστιν
668 2975 699 3042 ἡ
744 2973 946 3044 σπουδὴ
976 2974 1069 3026 καὶ
1110 2975 1388 3046 ἀνόνητος·
1426 2976 1576 3046 πόσῳ
1606 2976 1802 3045 μᾶλλον
1850 2978 1909 3028 ἐν

315 3064 410 3133 τῷ
441 3064 797 3135 πνευματικῷ
822 3067 919 3135 τῆς
942 3067 1245 3136 γεννήσεως
1267 3068 1472 3138 τρόπῳ,
1490 3068 1584 3120 καὶ
1604 3067 1737 3119 Θεοῦ
1765 3082 1909 3138 παρ-

320 3156 554 3209 έσεσθαι
600 3159 711 3219 τοῖς
745 3158 1057 3228 γενομένοις
1083 3159 1515 3229 ὲπηγγελμένου,
1540 3161 1632 3213 καὶ
1661 3159 1757 3231 τὴν
1780 3160 1908 3231 παρ’

321 3249 531 3302 ἑαυτοῦ
565 3248 789 3320 δύναμιν
818 3249 1181 3315 ὲντεθεικότος
1213 3251 1289 3322 τῷ
1320 3251 1466 3321 ἔργῳ
1487 3295 1501 3316 ,
1535 3250 1718 3315 καθὼς
1752 3270 1910 3305 πεπι-

326 3341 644 3411 στεύκαμεν
670 3356 682 3369 ·
713 3342 805 3394 καὶ
847 3341 944 3412 τῆς
973 3342 1247 3413 ἡμετέρας
1283 3345 1653 3415 προαιρέσεως
1691 3344 1825 3413 πρὸς
1852 3344 1912 3397 τὸ

329 3432 771 3501 σπουδαζόμενον
803 3432 901 3503 τὴν
940 3434 1114 3505 ὁρμὴν
1141 3436 1369 3505 ἐχούσης
1396 3452 1410 3467 ο
1456 3438 1504 3488 εί
1552 3434 1911 3506 συμπαραλη-

329 3522 501 3593 φθείη
532 3523 876 3592 καθηκόντως
908 3525 941 3594 ἡ
986 3524 1074 3577 διὰ
1100 3524 1199 3595 τῆς
1230 3525 1395 3595 εὐχῆς
1429 3526 1710 3596 συμμαχία
1734 3567 1748 3591 ,
1780 3526 1915 3594 μαλ-

330 3617 431 3668 λον
464 3615 704 3680 ἐπιτελὲς
734 3615 885 3670 ἔσται
922 3616 983 3669 τὸ
1007 3616 1465 3688 σπουδαζόμενονς
1492 3616 1759 3688 Καθάπερ
1784 3617 1841 3669 δὲ
1866 3618 1914 3670 οἱ

333 3709 607 3777 ἐπιφᾶναι
646 3708 736 3761 τὸν
764 3708 913 3779 ἥλιον
955 3708 1135 3772 αὐτοῖς
1174 3708 1455 3778 εὐχόμενοι
1479 3707 1557 3777 τῷ
1584 3708 1702 3778 Θεῷ
1725 3748 1740 3773 ,
1767 3708 1915 3761 οὐδὲν

336 3799 677 3869 ἀμϐλύνουσι
724 3800 785 3853 τὸ
831 3800 1045 3863 πάντως
1076 3800 1387 3869 γινόμενον·
1430 3797 1549 3851 οὐδὲ
1592 3800 1701 3869 μὴν
1748 3800 1918 3872 ἄχρη-

343 3907 472 3944 στον
508 3887 648 3943 εἶναί
679 3908 764 3954 τις
797 3891 958 3961 φήσει
987 3892 1084 3962 τὴν
1120 3890 1228 3943 τῶν
1262 3889 1711 3960 προσευχομένων
1750 3907 1917 3943 σπου-

340 3983 462 4055 δὴν,
487 3985 533 4036 εἰ
561 3982 689 4053 περὶ¹
718 3981 812 4036 τοῦ
836 3983 1053 4045 πάντως
1084 3981 1339 4051 ἐσομένου
1368 3979 1462 4033 τὸν
1490 3981 1621 4034 Θεὸν
1646 3982 1917 4035 ἱκετεύου-

346 4090 433 4126 σιν
458 4088 473 4101 ⁸
505 4072 680 4136 οὕτως
714 4075 762 4126 οἱ
790 4072 1207 4143 πεπιστευμένοι
1227 4113 1241 4138 ,
1280 4070 1421 4126 κατὰ
1446 4071 1546 4141 τὴν
1586 4073 1795 4144 ἀψευδῆ
1824 4072 1917 4127 τοῦ

345 4164 819 4234 ἐπαγγειλαμένου
847 4164 1137 4233 ὑπόσχεσιν
1172 4163 1389 4227 πάντως
1418 4166 1671 4235 ’παρεῖναι
1700 4164 1796 4237 τὴν
1828 4166 1920 4236 χά-

351 4275 435 4327 ριν
458 4261 572 4320 τοῖς
595 4256 683 4311 διὰ
708 4257 806 4328 τῆς
835 4259 1103 4328 μυστικῆς
1124 4254 1327 4326 ταύτης
1355 4256 1665 4326 οἰκονομίας
1690 4259 1921 4325 ἀναγεν-

347 4350 637 4423 νωμένοις,
665 4348 696 4420 ἢ
737 4350 1053 4421 προσθήκην
1084 4348 1206 4403 τινὰ
1238 4347 1515 4403 ποιοῦνται
1540 4351 1641 4421 τῆς
1678 4352 1918 4426 χάριτος,

346 4442 381 4512 ἢ
410 4440 509 4513 τὴν
528 4438 586 4494 οὗ
596 4458 691 4493 σαν
715 4441 815 4493 οὐκ
839 4439 1289 4510 άποστρέφουσιν.
1318 4440 1393 4493 Τὸ
1418 4440 1527 4513 γάρ
1555 4442 1773 4507 πάντως
1796 4462 1923 4497 συν-

2005 2001 2175 2049 rum;
2235 1998 2412 2054 neque
2461 1983 2564 2035 alia
2614 1981 2778 2036 fuerit
2828 1981 2990 2036 nobis
3043 1996 3183 2051 opus
3236 1980 3585 2051 probatione,

2000 2077 2149 2147 quod
2192 2072 2337 2129 Deus
2377 2073 2522 2129 adsit
2562 2073 2628 2127 iis
2673 2088 2793 2145 quae
2819 2074 2979 2135 fiunt,
3003 2086 3128 2126 eum
3165 2069 3334 2126 Deum
3366 2071 3587 2141 quidem

2002 2184 2123 2223 esse
2152 2182 2246 2236 per
2273 2165 2389 2235 ipsa
2421 2164 2684 2217 miracula
2730 2160 3148 2225 crediderimus,
3199 2177 3377 2232 neque
3426 2161 3587 2224 dubi-

2003 2266 2202 2318 temus,
2246 2257 2299 2309 id
2342 2253 2489 2325 quod
2550 2252 2884 2322 promissum
2938 2262 3023 2306 est
3074 2251 3269 2308 adesse
3317 2252 3483 2308 certis
3534 2256 3591 2307 et

2002 2365 2034 2404 a
2091 2347 2379 2403 mendacio
2439 2344 2631 2400 alienis
2679 2344 3157 2413 promissionibus.
3206 2342 3362 2410 Quod
3408 2354 3589 2398 autem

2002 2456 2125 2511 quite
2175 2454 2269 2510 per
2331 2451 2522 2507 preces
2567 2434 2625 2489 fit
2675 2435 2971 2499 invocatio,
3022 2435 3262 2489 divinam
3319 2432 3591 2506 praecedat

2006 2530 2494 2601 dispensationem,
2553 2528 2686 2584 satis
2741 2542 3015 2597 superque
3069 2528 3285 2598 probat,
3335 2525 3481 2597 quod
3534 2525 3591 2579 id

2006 2623 2148 2692 quod
2193 2621 2271 2685 lit,
2325 2636 2390 2674 ex
2440 2618 2550 2673 Deo
2601 2619 2892 2690 peragitur.
2956 2616 3015 2671 Si
3080 2619 3225 2674 enim
3285 2616 3341 2671 in
3410 2617 3587 2671 altero

2008 2728 2203 2786 genere
2250 2711 2530 2766 hominum
2582 2710 3008 2781 procreationis,
3056 2724 3246 2764 eorum
3286 2708 3380 2778 qui
3430 2722 3589 2779 gene—

2008 2815 2132 2861 rant
2186 2807 2255 2861 ad
2307 2807 2362 2861 id
2426 2806 2668 2860 incitatae
2712 2805 3096 2875 appetitioncs,
3146 2800 3362 2859 etiamsi
3410 2801 3477 2856 ab
3521 2801 3590 2855 iis

2008 2898 2154 2952 Deus
2185 2896 2441 2967 precibus
2483 2911 2592 2950 non
2627 2896 2935 2961 invocetur,
2967 2895 3153 2950 divina
3185 2894 3409 2957 virtute,
3446 2893 3596 2947 sicut

2012 2990 2165 3060 prius
2224 2988 2433 3043 dictum
2486 2995 2597 3049 est,
2651 2986 2921 3057 effingunt
2972 2986 3024 3041 id
3064 2984 3211 3056 quod
3256 2990 3593 3053 generatur,

2012 3096 2117 3150 qua
2139 3088 2391 3148 separata
2414 3078 2664 3133 inefﬁcax
2701 3085 2756 3134 et
2782 3078 2993 3132 inutilis
3018 3092 3081 3132 ac
3110 3075 3262 3130 irrita
3285 3082 3369 3134 est
3403 3088 3594 3130 eorum

2012 3186 2179 3242 opera
2219 3190 2231 3225 :
2260 3172 2465 3239 quanto
2490 3169 2661 3238 magis
2695 3169 2751 3222 in
2787 3168 3059 3239 Spirituali
3093 3166 3255 3221 modo
3283 3163 3595 3237 generatio-

2013 3265 2121 3327 nis,
2165 3277 2288 3316 cum
2320 3267 2373 3314 et
2402 3259 2547 3315 Deus
2594 3259 2663 3315 iis
2696 3275 2815 3329 qua:
2857 3257 3000 3313 facta
3044 3264 3173 3312 sunt
3203 3271 3261 3311 se
3294 3256 3593 3310 allaturum

2014 3354 2085 3408 sit
2125 3351 2436 3421 pollicitus,
2495 3358 2550 3405 et
2605 3363 2758 3404 suam
2806 3348 2960 3418 operi
3007 3346 3267 3401 virtutem
3317 3344 3596 3411 indiderit,

2016 3453 2074 3497 ut
2096 3440 2472 3507 credidimus,
2511 3449 2871 3510 nostrumque
2904 3439 3247 3509 propositum
3293 3449 3346 3494 et
3375 3436 3599 3492 institu-

2016 3543 2128 3588 tum
2168 3533 2372 3587 feratur
2418 3532 2485 3586 ad
2526 3532 2580 3587 id
2628 3532 2682 3585 in
2715 3530 2869 3601 quod
2889 3530 3127 3587 studium
3161 3539 3217 3585 et
3262 3546 3427 3601 opera
3462 3544 3596 3585 con-

2019 3625 2219 3689 fertur,
2275 3624 2319 3677 si
2352 3638 2541 3678 eorum
2590 3638 2821 3693 quorum
2866 3620 3021 3678 decet
3062 3621 3227 3678 simul
3274 3636 3370 3691 per
3411 3635 3601 3692 preces

2018 3722 2329 3769 assumatur
2347 3712 2628 3778 auxilium,
2654 3711 2826 3783 magis
2846 3713 2950 3766 erit
2979 3711 3279 3783 perfectum
3301 3712 3351 3768 id
3376 3712 3430 3766 in
3454 3711 3601 3783 quod

2018 3805 2296 3862 confertur
2315 3802 2577 3859 studium?
2598 3803 2720 3870 Quo
2748 3803 2910 3859 modo
2940 3812 3121 3859 autem
3151 3804 3244 3874 qui
3280 3802 3447 3858 Deum
3479 3818 3603 3874 pre-

2019 3906 2215 3955 cantur
2245 3903 2305 3952 at
2326 3896 2429 3952 sibi
2463 3896 2545 3951 sol
2570 3896 2870 3959 illucescat,
2921 3895 2974 3950 id
3002 3896 3145 3966 quod
3174 3894 3231 3950 fit
3258 3910 3601 3967 nequaquam

2019 3993 2328 4048 obtundunt
2349 4004 2401 4050 et
2423 3996 2720 4050 obscurant
2749 3994 2767 4061 (
2783 3994 2878 4050 sed
2919 4008 3021 4050 nec
3045 3994 3237 4050 inutile
3263 3994 3604 4066 precantium

2023 4084 2226 4140 dixeris
2253 4102 2375 4142 esse
2398 4087 2660 4153 studium,
2690 4088 2734 4143 si
2759 4087 2826 4142 de
2855 4102 2921 4143 eo
2948 4087 3093 4157 quod
3116 4087 3339 4141 omnino
3360 4086 3603 4141 futurum

2019 4183 2103 4231 est
2124 4175 2233 4232 Deo
2257 4178 2610 4250 supplicant):
2630 4178 2703 4233 ita
2736 4177 2771 4232 ii
2797 4177 2890 4249 qui
2913 4177 3283 4242 crediderunt,
3308 4191 3608 4247 congruen-

2020 4273 2103 4322 ter
2131 4276 2293 4323 certaa
2351 4276 2406 4324 et
2435 4284 2466 4324 a
2497 4268 2784 4325 mendacio
2819 4269 3010 4324 alienae
3047 4268 3169 4338 ejus
3200 4266 3293 4337 qui
3328 4267 3605 4337 pollicitus

2024 4357 2125 4412 fuit
2168 4359 2543 4429 promissioni.
2569 4361 2794 4416 omnino
2816 4359 3009 4416 adesse
3038 4359 3269 4430 gratiam
3294 4359 3362 4415 iis
3396 4359 3489 4431 qui
3520 4375 3609 4414 re-

2021 4459 2355 4520 generantur
2379 4468 2473 4522 per
2497 4453 2640 4507 hanc
2672 4451 2958 4523 mysticam
3000 4451 3485 4522 dispensationem,
3512 4461 3611 4507 aut

346 4538 487 4588 εῖναι
535 4533 623 4587 διὰ
663 4533 722 4586 τὸ
753 4533 889 4585 Θεὸν
926 4528 1063 4587 εἶναι
1108 4532 1201 4587 τὸν
1234 4534 1698 4605 ἐπαγγειλάμενον
1755 4532 1907 4587 πεπί·

2025 4541 2216 4621 gratia:
2249 4541 2488 4611 aliquam
2528 4542 2735 4596 faciunt
2765 4541 3133 4597 accessionem
3154 4584 3170 4609 ,
3199 4551 3292 4597 aut
3315 4550 3463 4599 certe
3488 4558 3609 4598 eam

349 4637 592 4676 στευται.
624 4620 690 4675 Ἦ
704 4621 756 4674 δὲ
777 4620 879 4690 τῆς
911 4622 1175 4693 Θεότητος
1214 4624 1487 4696 μαρτυρία
1522 4626 1611 4680 διὰ
1649 4628 1748 4697 τῆς
1793 4627 1907 4681 θαυ·

2025 4648 2147 4703 quaa
2171 4620 2253 4689 est
2282 4633 2505 4689 minime
2527 4641 2799 4689 avertunt.
2843 4632 2977 4687 Nam
3007 4634 3152 4705 quod
3184 4635 3406 4689 omnino
3440 4634 3608 4701 adsit,

349 4711 535 4779 μάτων
558 4710 724 4766 ἐστίν.
764 4711 928 4763 Ὥστε
949 4712 1035 4767 διὰ
1056 4716 1269 4768 πάντων
1296 4716 1354 4769 τὸ
1388 4718 1639 4785 παρεῖναι
1665 4719 1724 4772 τὸ
1740 4721 1916 4787 Θεῖον,

346 4798 599 4867 οὐδεμίαν
620 4801 950 4873 ἀμφιϐολίαν
975 4802 1105 4874 ἔχει.
1340 4818 1341 4821 ‘

945 5076 1171 5131 ΚΕΦΑΛ
1183 5118 1195 5131 .
1233 5080 1354 5133 AE'.

434 5165 493 5217 'H
522 5168 579 5219 δὲ
617 5169 704 5231 εἰς
724 5168 785 5221 τὸ
822 5168 964 5239 ὓδωρ
997 5171 1256 5235 κάθοδος,
1293 5172 1386 5226 καὶ
1416 5174 1477 5226 τὸ
1524 5175 1643 5245 τρὶς
1680 5177 1741 5229 ἐν
1775 5179 1924 5249 αὐτῴ

355 5259 600 5327 γενέσθαι
633 5261 724 5313 τὸν
764 5262 1079 5333 ἄνθρωπον,
1111 5265 1297 5338 ἕτερον
1354 5267 1673 5338 ἐμπεριέχει
1720 5273 1925 5343 μυστήο

2025 4739 2093 4779 ex
2145 4739 2211 4779 eo
2254 4734 2485 4790 constat,
2527 4725 2673 4797 quod
2717 4724 2861 4782 Deus
2896 4726 2967 4781 sit
3012 4728 3103 4798 qui
3136 4727 3402 4797 promisit.
3439 4728 3610 4782 Caete—

2030 4830 2149 4869 rum
2200 4815 2549 4873 Divinitatem
2608 4833 2731 4874 esse
2766 4818 3031 4873 miracula
3084 4827 3375 4876 testantur.
3420 4820 3613 4889 Itaque

2027 4906 2159 4976 quin
2198 4907 2340 4964 Deus
2387 4908 2439 4963 in
2488 4911 2746 4967 omnibus
2775 4910 2938 4976 adsit,
2974 4911 3122 4966 nulla
3151 4922 3236 4968 est
3256 4911 3475 4967 occasio
3505 4912 3611 4965 du-

2030 4998 2264 5052 bitandi.

2561 5092 2791 5148 CAPUT
2861 5092 3078 5149 XXXV.

2104 5180 2410 5237 Descensus
2428 5189 2608 5238 autem
2634 5183 2689 5238 in
2715 5198 2933 5254 aquam,
2965 5191 3021 5239 et
3049 5184 3191 5255 quod
3225 5183 3279 5237 in
3305 5197 3421 5237 eam
3446 5179 3610 5237 homo

2031 5278 2115 5325 ter
2150 5270 2423 5328 demissus
2453 5273 2546 5339 sit,
2571 5274 2801 5330 alterum
2825 5275 3066 5331 continet
3100 5273 3438 5345 mysterium.
3476 5270 3609 5328 Nam

352 5366 500 5450 ριον..
528 5350 746 5450 Ἐπειδὴ
771 5351 880 5423 γὰρ
923 5354 952 5405 ό
976 5352 1076 5450 τῆς
1111 5354 1380 5425 σωτηρίας
1408 5356 1566 5426 ἡμῶν
1592 5358 1793 5428 τρόπος
1863 5362 1907 5414 οι

2031 5363 2289 5432 quoniam
2325 5364 2520 5420 modus
2570 5374 2773 5422 nostra:
2807 5368 2999 5423 salutis
3030 5365 3095 5419 ad
3124 5365 3370 5420 effectum
3393 5370 3445 5419 et
3472 5379 3609 5435 opus

350 5443 601 5532 τοσοῦτον
628 5444 694 5495 ἐκ
717 5445 819 5512 τῆς
862 5443 1001 5497 κατὰ
1040 5445 1287 5518 διαδοχὴν
1335 5448 1660 5519 ὐφηγήσεως
1706 5451 1907 5522 ἐνεργὸς

2032 5474 2142 5513 non
2165 5462 2300 5515 adeo
2337 5468 2421 5516 est
2436 5462 2705 5518 deductus
2728 5478 2794 5518 ex
2823 5469 3095 5532 prmeunte
3129 5457 3402 5523 doctrina,
3438 5476 3605 5531 quan-

352 5531 570 5599 γὲγονεν
593 5575 609 5599 ,
642 5535 769 5587 ὅσον
798 5533 864 5587 δι’
884 5535 1062 5590 αὐτῶν
1090 5531 1165 5591 ὧν
1196 5539 1450 5610 ἐποίησεν
1481 5543 1511 5595 ό
1544 5540 1642 5612 τὴν
1670 5542 1805 5613 πρὸς
1835 5542 1907 5595 τὸε

2035 5558 2149 5604 ιυιη
2192 5566 2288 5620 per
2338 5568 2402 5607 ea
2446 5553 2561 5623 ipsa
2585 5570 2706 5624 quae
2730 5531 2973 5621 fecitqui
3028 5565 3152 5603 cum
3186 5549 3406 5607 homine
3438 5552 3607 5607 subiit

355 5622 633 5719 ἄνθρωπον
665 5625 903 5692 ὑποστὰς
934 5630 1215 5685 κοινωνίαν
1240 5672 1253 5696 ,
1300 5632 1444 5705 ἔργῳ
1474 5634 1570 5706 τὴν
1597 5635 1741 5707 ζωὴν
1782 5640 1906 5711 ὲνερ

2038 5640 2374 5712 societatem,
2421 5622 2479 5699 ut
2506 5622 2617 5714 quit
2645 5643 2824 5712 reipsa
2868 5641 3034 5698 vitam
3071 5642 3142 5699 sit
3193 5650 3453 5714 operatus
3480 5680 3497 5705 ,
3548 5646 3607 5695 ut
