3980 6198
412 270 477 324 87
1455 260 1457 262 ’
1683 263 1740 328 s.
1783 270 2108 331 GREGORll
2143 273 2439 334 NYSSENI
2684 291 2691 299 -
3599 274 3672 334 88'

411 364 510 455 per
551 394 773 440 carnem
827 398 1018 442 rursus
1071 393 1404 456 a‘sswnpt‘am
1461 386 1515 441 et
1566 388 1728 443 simul
1763 383 1983 442 deifica-

2090 389 2291 461 γήσας.
2343 389 2430 443 ἵνα
2476 389 2563 444 διὰ
2604 391 2703 462 τῆς
2749 375 3150 462 ἀναληφθείσης
3205 385 3338 461 παρ’
3378 389 3542 444 αὐτοῦ
3571 391 3668 444 καὶ

411 487 524 530 tam
586 476 750 530 simul
798 476 1103 530 salvaretur
1150 477 1418 547 quidquid
1465 485 1552 534 est
1598 473 1646 534 ei
1693 485 1984 547 cognatum

411 571 465 644 et
508 577 706 636 genere
755 562 1109 633 conjunctum
1158 583 1172 618 :

410 667 528 710 crat
574 655 771 724 aliquis
812 651 1030 722 modus,
1085 655 1139 709 in
1187 672 1296 726 quo
1337 658 1391 711 in
1423 657 1490 714 iis
1520 672 1639 728 quae
1682 656 1816 711 littnt
1843 665 1989 712 esset

409 745 664 824 cognatio
687 745 869 816 aliqua
901 746 1021 815 ejus
1051 745 1144 820 qtti
1178 749 1426 817 sequitur
1448 763 1573 802 cum
1605 759 1669 804 e‘o
1711 747 1802 818 qui
1833 748 1988 818 prazit

409 852 473 890 ac
518 836 688 891 ducit.
736 830 964 915 Oportet
1014 854 1144 911 ergo
1203 841 1386 895 videre
1429 842 1482 893 in
1532 840 1856 910 quibusnam
1905 847 1988 895 est

410 929 790 985 consideratus
838 931 931 999 qui
974 931 1082 983 dux
1124 926 1225 985 fuit
1257 940 1310 985 et
1353 935 1544 986 auctor
1580 933 1780 986 nostrae
1830 925 1982 986 vita):

413 1012 492 1088 ut,
525 1023 668 1076 sicut
719 1015 854 1076 dicit
887 1016 1184 1092 Ap03toius
1232 1023 1296 1089 “,
1331 1024 1718 1078 cenvenienter
1773 1015 1896 1078 duci
1936 1031 1989 1078 et

309 1117 330 1124 ⁴
411 1113 620 1174 auctori
664 1103 869 1166 noStrae
919 1112 1114 1168 salutis
1143 1106 1498 1182 sequentibus
1543 1123 1688 1168 recte
1729 1109 1988 1183 procedat

410 1191 670 1256 imitatio.
718 1187 843 1268 ﬁQuo
888 1189 1049 1257 modo
1100 1199 1266 1267 enim,
1299 1197 1390 1272 qui
1433 1200 1498 1256 ad
1541 1203 1884 1257 numerosam
1933 1199 1986 1257 et

409 1291 698 1346 militarem
736 1292 792 1345 in
845 1289 1015 1347 armis
1065 1291 1360 1346 motionem
1413 1287 1759 1357 erudiuntur,
1797 1292 1867 1345 ab
1917 1287 1984 1347 iis

407 1384 502 1456 qui
547 1369 865 1439 ordinanda:
894 1385 1027 1439 aciei
1065 1395 1191 1440 sunt
1225 1385 1409 1454 periti,
1440 1385 1541 1454 per
1582 1399 1644 1439 ea
1690 1387 1809 1454 qua:
1837 1385 1984 1454 aspi-

407 1480 584 1549 ciunt,
621 1471 966 1534 deducuntur
1018 1479 1085 1532 ad
1131 1483 1233 1534 rite
1271 1479 1679 1532 tractandorum
1708 1494 1981 1532 armorum

408 1570 800 1642 experientiam
827 1589 842 1638 ;
879 1571 968 1640 qui
1001 1579 1180 1626 autem
1213 1573 1323 1626 nOn
1361 1569 1471 1641 agit
1503 1568 1558 1625 id
1585 1569 1728 1640 quod
1753 1571 1800 1625 ci
1831 1570 1984 1640 prius

407 1647 1004 1728 ostenditurjremanct
1028 1657 1222 1733 expers
1247 1661 1366 1732 ejus
1390 1659 1766 1732 experientiae:
1794 1663 1981 1716 eodem

1235 567 1548 621 necessario
1599 567 1987 635 excogitandus
2027 579 2032 583 ‘

2093 479 2597 551 συναποθεωθείσης
2661 481 2860 552 σαρκὸς
2926 481 3071 536 ἅπαν
3124 479 3555 550 συνδιασωθῆναι
3607 481 3670 533 τὺ

2092 571 2349 640 συγγενὲς
2375 571 2510 643 αὐτῇ
2539 573 2630 626 καὶ
2671 571 2938 643 ὁμόφυλον
2959 613 2974 638 ,
3023 573 3317 641 ἀναγκαῖον
3350 567 3418 643 ἦν
3446 573 3668 643 ἐπινοη-

2092 649 2248 733 θῆναί
2272 681 2392 717 τινα
2417 664 2616 735 τρόπον
2643 704 2658 729 ,
2703 661 2762 717 ἓν
2799 648 2842 735 ᾧ
2887 684 2971 730 τις
3014 660 3082 736 ἦν
3131 664 3418 733 συγγένειά
3464 681 3524 717 τε
3579 665 3673 718 καὶ

2095 747 2345 821 ὁμοιότης
2367 753 2424 805 έν
2448 755 2556 816 τοῖς
2576 753 2883 825 ’γινομένοις
2946 755 3095 824 παρὰ
3115 751 3207 806 τοῦ
3238 753 3503 823 ἑπομένου
3535 753 3674 823 πρὸς

2094 842 2187 896 τὸν
2207 842 2534 914 ἡγούμενον.
2565 835 2682 916 Χρὴ
2711 846 2886 899 τοίνυν
2921 831 3048 900 ἰδεῖν
3077 847 3134 898 ὲν
3164 846 3303 902 τίσιν
3333 845 3360 897 ό
3392 845 3491 915 τῆς
3525 838 3674 913 ζωῆς

2094 933 2249 1003 ἡμῶν
2281 935 2735 1006 καθηγησάμενος
2763 931 3042 1007 ἐθεωρήθη
3068 933 3216 1001 οἴνα,
3235 932 3416 997 καθώς
3448 950 3610 1004 φησιν
3645 936 3677 987 ὁ

2111 1023 2455 1100 ῘΑπόστολος,
2483 1026 2621 1080 κατὰ
2653 1027 2742 1080 τὸν
2784 1025 3023 1098 ἀρχηγὸν
3067 1023 3165 1094 τῆς
3214 1024 3483 1096 σωτηρίας
3514 1022 3676 1095 ἡμῶν

2097 1114 2414 1190 κατορθωθῇ
2451 1109 2560 1183 τοῖς
2604 1117 2889 1190 ἑπομένοις
2937 1116 2970 1188 ἦ
3023 1116 3271 1187 μίμησις.
3301 1115 3517 1188 ’Ὥσπερ
3563 1117 3680 1188 γὰρ

2097 1208 2249 1278 παρὰ
2284 1203 2390 1262 τῶν
2413 1207 2854 1280 πεπαιδευμένων
2879 1206 2948 1260 τὰ
2975 1204 3208 1258 τακτικᾶ
3238 1204 3375 1276 πρὸς
3400 1203 3497 1283 τὴν
3521 1205 3675 1258 ὁπλι-

2094 1297 2250 1370 τικὴν
2285 1300 2576 1370 ἐμπειρίαν
2603 1298 2914 1366 ἀνάγονται,
2943 1289 3008 1349 δι’
3042 1287 3116 1348 ὧν
3149 1285 3434 1365 βλέπουσιν
3459 1295 3508 1346 οἱ
3535 1292 3677 1363 πρὸς

2094 1393 2192 1463 τὴν
2217 1387 2488 1464 εὔρυθμόν
2519 1395 2574 1445 τε
2607 1392 2701 1464 καὶ
2739 1387 2983 1446 ὲνόπλιον
3015 1387 3229 1459 κίνησιν
3269 1385 3672 1454 παιδευόμενοι.

2105 1475 2163 1538 ⁵0
2196 1482 2252 1537 δὲ
2285 1485 2360 1556 μὴ
2397 1483 2650 1556 πράττων
2679 1483 2739 1536 τὸ
2767 1480 3240 1553 προδεικνύμενον,
3277 1477 3545 1548 ἀμέτοχος
3573 1477 3675 1547 τῆς

2091 1577 2346 1648 τοιαύτης
2378 1577 2670 1649 ἐμπειρίας
2711 1575 2881 1646 μένει.
2919 1568 3076 1628 Κατὰ
3131 1565 3222 1626 τόν
3268 1570 3428 1624 αὐτὸν
3469 1569 3676 1640 τρόπον

2093 1668 2172 1740 τῷ
2212 1665 2348 1740 πρὸς
2391 1661 2487 1738 τὴν
2542 1669 2813 1739 σωτήριαν
2862 1664 3018 1737 ἡμῶν
3056 1651 3418 1734 ’ἐξηγουμένῳ
3456 1661 3676 1722 πάντως

408 1751 573 1807 modo
620 1743 851 1808 necesse
882 1761 987 1818 est,
1039 1758 1099 1808 ut
1133 1752 1340 1825 quibus
1391 1753 1631 1808 studium
1669 1770 1766 1823 par
1795 1751 1879 1808 es't
1911 1751 1978 1807 ad

2090 1756 2164 1826 οἷς
2197 1761 2286 1831 ἴση
2329 1758 2465 1832 πρὸς
2494 1749 2553 1814 τό
2583 1760 2784 1829 ἀγαθόν
2826 1758 2973 1810 ἐστιν
3002 1757 3036 1828 ἡ
3082 1754 3314 1825 σπουδὴ,
3341 1752 3540 1824 ὁμοίως
3571 1752 3673 1805 ὲπ-

406 1845 634 1911 bonum,
658 1845 882 1900 oninino
905 1843 1160 1900 similiter
1179 1845 1482 1916 sequantur
1503 1857 1598 1916 per
1626 1845 1984 1901 imitationem

406 1931 531 1990 cum
583 1936 675 2005 qui
727 1927 828 1992 nos
870 1935 1024 1991 ducit
1084 1937 1151 1990 ad
1203 1938 1460 2001 salutem,
1516 1935 1582 1988 ad
1632 1951 1772 2006 opus
1810 1929 1986 1990 dedu-

405 2026 581 2082 cendo
629 2027 680 2080 id
736 2026 890 2099 ‘quod
935 2017 1090 2097 [tritis
1125 2013 1194 2082 ab
1225 2043 1290 2082 eo
1327 2025 1442 2082 'l'uit
1489 2035 1802 2086 ostenSum.
1865 2022 1985 2081 Non

404 2125 589 2188 potest
637 2117 781 2173 enim
830 2108 945 2173 ﬁeri
975 2107 1052 2173 ὀι
1100 2106 1167 2173 ad
1212 2133 1398 2190 parem
1431 2119 1592 2173 finem
1638 2119 1984 2191 perveniant,

404 2208 502 2280 qui
545 2225 655 2264 non
689 2205 788 2278 per
815 2202 959 2264 viam
994 2202 1228 2266 similem
1256 2222 1385 2267 sunt
1415 2211 1672 2282 ingressi.
1702 2212 1988 2279 Quomodo

404 2298 552 2352 enim
593 2300 689 2369 qui
731 2291 1027 2372 labyrinthi
1065 2317 1280 2356 errores
1313 2318 1422 2357 non
1465 2313 1698 2374 possunt
1752 2301 1861 2357 ulla
1893 2319 1985 2357 ra-

405 2389 556 2444 tione
593 2383 862 2459 evadere,
899 2392 944 2446 si
975 2393 1029 2446 in
1064 2393 1300 2464 aliquem
1335 2393 1641 2450 inciderint
1673 2395 1766 2466 qui
1793 2410 1982 2450 eorum

404 2481 479 2534 sit
504 2483 742 2552 peritus,
775 2481 898 2538 eum
946 2499 1087 2553 pone
1115 2495 1431 2556 sequentes,
1464 2488 1649 2543 varios
1677 2497 1731 2543 et
1762 2486 1986 2544 fallaces

405 2571 694 2627 domorum
733 2563 917 2630 'ﬂexus
949 2575 1347 2647 anfractUSque
1380 2579 1684 2648 permeant,
1716 2594 1827 2635 non
1862 2593 1986 2650 per-

406 2667 639 2720 meaturi
686 2667 792 2722 nisi
842 2666 964 2736 ejus
1009 2668 1102 2738 qui
1139 2669 1420 2739 praecedit,
1455 2670 1778 2726 insisterent
1808 2671 1980 2726 vesti-

402 2755 510 2826 giis
533 2773 547 2810 :
577 2757 651 2810 ita
673 2757 850 2812 ‘ctiam
870 2754 1004 2811 mihi
1031 2759 1210 2830 cogita
1239 2759 1404 2831 hujus
1429 2751 1555 2815 vitae
1573 2757 1978 2832 labyrinthum,

403 2864 568 2920 quem
601 2849 843 2930 hamana
868 2857 1066 2907 natura
1100 2853 1325 2909 minime
1361 2861 1545 2923 potest
1577 2853 1838 2918 transire,
1879 2854 1982 2909 nisi

395 2929 681 3015 quispiam
728 2943 975 2999 eamdem
1019 2946 1166 3001 Viam
1217 2953 1425 3009 teneat,
1473 2961 1572 3016 per
1610 2961 1774 3016 quam
1805 2946 1898 3016 qui
1931 2950 1985 3000 in

399 3031 471 3094 eo
510 3035 636 3102 fuit,
667 3045 928 3108 egressus
963 3045 1047 3094 est
1079 3039 1369 3094 ambitum.
1393 3025 1635 3108 TrOpice
1660 3049 1838 3093 autem
1863 3038 1987 3093 dico

404 3117 800 3200 labyrinthum,
841 3130 935 3200 qui
972 3130 1298 3200 pertransiri
1330 3147 1440 3185 non
1481 3139 1682 3202 potest,
1717 3130 1842 3184 vita:
1866 3144 1986 3183 car-

405 3234 613 3286 cerem,
645 3221 704 3274 in
753 3236 862 3294 quo
893 3222 1172 3278 detentum
1215 3221 1315 3278 fuit
1354 3221 1544 3279 infelix
1573 3237 1760 3293 genus
1797 3223 1988 3273 huma-

403 3313 558 3366 nam.
607 3301 750 3379 Quid
804 3330 938 3386 ergo
986 3315 1305 3384 aspeximus
1361 3314 1418 3369 in
1473 3313 1614 3369 duce
1652 3323 1706 3369 et
1759 3320 1989 3366 auctore

393 3393 608 3460 nostrae
686 3406 918 3460 salutis?
981 3405 1321 3459 Triduanam
1383 3414 1614 3460 mortem
1686 3415 1741 3459 et
1793 3419 1987 3459 rursus

402 3497 593 3552 vitam.
642 3495 875 3564 Oportet
919 3511 1049 3565 ergo
1098 3496 1151 3573 in
1213 3496 1376 3551 nobis
1417 3511 1641 3566 quoque
1676 3497 1837 3551 talem
1891 3512 1986 3550 ex-

401 3587 633 3659 cogitari
680 3586 1122 3642 similitudinem.
1176 3587 1447 3654 Quidnam
1486 3595 1730 3658 estergo
1761 3587 1981 3658 excogi-

402 3689 604 3746 tatum,
639 3695 748 3751 per
792 3679 938 3749 quod
985 3681 1150 3735 etiam
1197 3681 1253 3735 in
1285 3678 1445 3736 nobis
1475 3681 1596 3752 ejus
1626 3681 1772 3751 quod
1815 3682 1885 3736 ab
1917 3697 1984 3740 eo

404 3774 610 3827 factum
655 3779 740 3826 est
770 3770 1031 3840 impletur
1069 3772 1340 3826 imitatio?
1364 3769 1646 3844 Quidquid
1686 3780 1772 3831 est
1807 3783 1984 3833 morte

403 3865 682 3931 affectum,
732 3865 1022 3936 quemdam
1069 3866 1352 3936 proprium
1391 3866 1554 3922 habet
1595 3867 1772 3921 locum
1804 3877 1857 3923 et
1898 3883 1982 3923 sc-

402 3956 646 4011 cuudum
684 3971 978 4023 naturam,
1023 3973 1223 4028 nempe
1272 3961 1473 4013 terram
1521 3958 1576 4012 in
1621 3974 1784 4028 quam
1823 3960 1983 4015 incli-

401 4053 589 4110 natur,
628 4045 778 4101 etin
828 4060 935 4114 qua
988 4043 1269 4100 conditur.
1309 4037 1560 4115 Magnam
1616 4052 1798 4099 autem
1841 4045 1984 4102 inter

403 4153 464 4194 sc
505 4129 710 4192 habent
762 4133 1144 4206 cognationem
1192 4141 1339 4191 terra
1385 4145 1439 4192 ct
1498 4145 1662 4206 aqua,
1707 4153 1826 4206 quae
1867 4139 1981 4192 sola"

400 4247 466 4286 cx
515 4221 802 4285 elementis
855 4219 985 4285 sunt
1025 4217 1245 4300 'gravia,
1289 4238 1344 4286 ct
1395 4227 1653 4286 feruntur
1698 4232 1977 4298 deorsum,

400 4330 456 4375 et
493 4325 711 4376 manent
753 4320 806 4375 in
852 4335 912 4376 se
947 4320 1206 4387 invicem,
1255 4328 1310 4377 ct
1338 4338 1435 4392 per
1465 4339 1524 4378 se
1575 4323 1808 4382 invicem
1843 4340 1978 4379 con-

2091 1852 2327 1920 άναγκες
2359 1851 2447 1906 διὰ
2478 1848 2764 1924 μιμῆσεως
2797 1841 3048 1912 ἕπεσθαι,
3075 1845 3136 1900 τὸ
3175 1847 3304 1918 παρ’
3340 1842 3505 1898 αὑτοῦ
3534 1861 3675 1916 προ-

2089 1931 2298 2011 δειχθὲν
2341 1943 2421 2005 εἰς
2463 1937 2621 2013 ἔργον
2650 1939 2974 2009 ἀγαγόντας.
3015 1937 3092 1991 Οὔ
3140 1935 3248 2010 γὰρ
3293 1927 3405 1988 ἔστι
3436 1934 3573 2006 πρὸς
3612 1933 3678 1986 τὸ

2089 2019 2204 2086 ίσον
2234 2033 2557 2104 καταρτίσαι
2585 2030 2798 2103 πέρας,
2835 2029 2910 2103 μὴ
2937 2030 3027 2084 διὰ
3051 2029 3162 2082 τῶν
3193 2027 3395 2098 ὁμοίιον
3419 2025 3676 2080 όόεύσανὀ

2087 2145 2205 2190 τας.
2238 2125 2502 2198 Καθάπερ
2545 2123 2652 2197 γάρ
2709 2123 2757 2178 οἱ
2798 2122 2897 2189 τὰς
2940 2121 3048 2176 τῶν
3098 2117 3436 2192 λαϐυρίνθων
3466 2119 3676 2182 πλάνας

2088 2215 2373 2283 διεξελθεῖν
2411 2213 2820 2289 ἀμηχανοῦντες
2843 2254 2858 2280 ,
2895 2215 2948 2268 εί
2971 2229 3116 2276 τινος
3147 2209 3426 2282 ἐμπείρως
3459 2208 3675 2279 ἔχοντος

2087 2297 2437 2378 ἐπιτύχοιεν,
2470 2305 2698 2360 κατόπιν
2735 2297 2990 2376 ἑπόμενοι
3036 2301 3135 2365 τὰς
3182 2299 3430 2363 ποικίλας
3467 2317 3528 2352 τε
3575 2297 3676 2352 καὶ

2089 2398 2378 2471 ditat-niti;
2413 2395 2521 2451 τῶν
2554 2395 2716 2451 οἴκων
2750 2392 3094 2466 ἀναστροφὰς
3129 2392 3492 2464 διεξέρχονται
3516 2432 3530 2456 ,
3570 2391 3678 2444 οὐκ

2089 2486 2153 2542 ἂν
2184 2483 2572 2554 διεξελθόντες,
2613 2485 2662 2538 εἰ
2691 2483 2766 2557 μὴ
2813 2483 2933 2538 κατ’
2967 2483 3111 2554 ἴχνος
3150 2482 3406 2552 ἑπόμενοι
3435 2479 3512 2550 τῷ
3544 2496 3676 2548 προ-

2089 2579 2298 2648 ἀγοντν
2339 2572 2479 2629 οὕτω
2496 2594 2585 2646 μοι
2612 2577 2800 2646 νόησον
2836 2573 2930 2627 καὶ
2955 2567 3046 2626 τδν
3075 2571 3168 2626 τοῦ
3207 2571 3322 2642 βίου
3353 2569 3544 2623 τούτου
3574 2568 3680 2621 λαδ

2087 2665 2339 2742 Βύρινθον
2368 2668 2700 2740 ἀδιεξίτητον
2741 2663 2883 2721 εἶναι
2924 2667 2990 2737 τῇ
3037 2663 3362 2736 ἀνθρωπίνῃ
3396 2661 3592 2732 φύσει,
3622 2663 3676 2713 εί

2092 2767 2167 2837 μή
2200 2781 2284 2827 τις
2324 2763 2422 2832 τῆς
2456 2759 2628 2830 αὐτῆς
2673 2749 2793 2813 6δοῦ
2832 2757 3049 2812 λάϐοιτο
3073 2800 3088 2823 ,
3135 2756 3201 2818 δι’
3241 2749 3308 2826 ἧς
3412 2756 3468 2808 ὲν
3518 2752 3674 2822 αὐτῷ

2089 2849 2376 2927 γενόμενος
2401 2854 2504 2918 ἔξω
2538 2851 2777 2920 κατέστη
2807 2849 2900 2902 τοῦ
2935 2843 3302 2920 περιέχοντος.
3334 2844 3676 2916 Λαϐύρινθον

2091 2943 2148 2996 δέ
2177 2961 2318 3015 φημι
2346 2939 2621 3013 τροπικῶς
2641 2981 2657 3006 ,
2692 2939 2788 3010 τὴν
2813 2931 3087 3002 ’ἀδιέξοδον
3119 2937 3218 2990 ’τοῦ
3265 2932 3494 2989 θανάτου
3542 2934 3679 3004 φθοε

2097 3037 2194 3109 ρὰν
2217 3076 2232 3100 ,
2322 3034 2384 3088 τὸ
2411 3033 2639 3087 δείλαιον
2665 3030 2759 3084 τοῦ
2804 3029 3089 3102 ἀνθρώπου
3127 3028 3281 3098 γένος
3313 3025 3678 3100 περιεσχέθηε

2089 3130 2154 3184 Τί
2180 3124 2272 3182 οὖν
2301 3127 2428 3198 περὶ
2456 3123 2549 3180 τὸν
2582 3124 2822 3197 ἀρχηγὸν
2857 3124 2955 3194 τῆς
2985 3121 3256 3192 σωτηρίας
3284 3117 3669 3189 ἐθεασάμεθα;

2089 3222 2383 3293 τριήμερόν
2413 3219 2676 3289 νέκρωσιν
2702 3249 2717 3282 ,
2742 3217 2836 3272 καὶ
2866 3215 3023 3270 πάλιν
3051 3209 3215 3285 ζωήν.
3244 3211 3451 3266 Οὐκοῦν
3479 3212 3586 3282 χρή
3614 3227 3674 3264 τε

2087 3313 2325 3366 τοιοῦτον
2357 3311 2453 3363 καὶ
2497 3311 2555 3362 ἐν
2594 3311 2725 3380 ἡμῖν
2760 3307 3110 3379 ἐπινοηθῆναι
3142 3305 3412 3374 ὁμοίωμα.
3449 3303 3546 3366 Τίς
3574 3297 3673 3355 οὖν

2089 3406 2236 3458 ἐστιν
2267 3403 2301 3474 ἡ
2346 3402 2592 3463 ἐπίνοια,
2640 3392 2709 3454 διὸ
2750 3395 2817 3472 ἧς
2852 3400 2945 3452 καὶ
2995 3400 3052 3451 ὲν
3075 3400 3216 3469 ἠμῖν
3244 3395 3544 3466 πληροῦται
3571 3392 3674 3448 τοῦ

2089 3498 2220 3570 παρ’
2257 3497 2464 3551 ἐκείνου
2491 3496 2773 3564 γεγονότος
2810 3497 2842 3566 ἡ
2888 3494 3159 3564 μίμησις;
3191 3491 3335 3546 ἅπαν
3366 3490 3426 3544 τὸ
3455 3506 3668 3560 νεκρω-

2088 3589 2180 3644 θὲν
2206 3590 2404 3644 οἰκεῖόν
2434 3607 2555 3645 τινα
2584 3589 2678 3642 καὶ
2706 3586 2847 3641 κατὰ
2874 3585 3036 3656 φύσιν
3063 3585 3173 3656 ἔχει
3202 3584 3378 3654 χῶρον
3399 3623 3412 3648 ,
3439 3584 3535 3652 τὴν
3562 3583 3674 3651 γῆν

2086 3685 2146 3739 ὲν
2187 3678 2220 3758 ᾗ
2254 3684 2492 3737 κλίνεται
2538 3681 2632 3735 καὶ
2679 3678 3143 3750 κατακρύπτεται.
3190 3669 3398 3745 Πολλὴν
3441 3675 3500 3728 δὲ
3529 3675 3674 3744 πρὸς

2085 3777 2289 3850 ἄλληλα
2331 3776 2431 3849 τὴν
2473 3774 2792 3844 συγγένειαν
2836 3771 2948 3844 ἔχει
2978 3773 3047 3842 γῆ
3073 3788 3131 3823 τε
3169 3769 3264 3822 καὶ
3299 3761 3669 3837 ὕδωρ,”μόνα

2071 3871 2194 3928 ,τῶν
2223 3869 2501 3941 στοιχείων
2527 3867 2700 3939 βαρέα
2729 3883 2789 3919 τε
2819 3866 2970 3929 ὄντα,
2999 3857 3093 3916 καὶ
3122 3860 3417 3931 κατωφερῆ
3435 3899 3452 3925 ,
3481 3857 3572 3910 καὶ
3609 3858 3670 3910 ὲν

2084 3963 2336 4034 ἀλλήλοις
2381 3961 2623 4031 μένοντα
2646 4000 2660 4025 ,
2721 3959 2815 4012 καὶ⁵
2878 3955 2944 4009 δι’
2994 3954 3235 4025 ἀλλήλων
3294 3949 3668 4022 κρατούμενα.

2097 4048 2372 4110 Ἐπεὶ-οὗν
2405 4051 2498 4104 τοῦ
2535 4047 2946 4119 καθηγουμένου
2986 4050 3084 4118 τῆς
3124 4045 3266 4115 ζωῆς
3296 4042 3453 4113 ἡμῶν
3504 4043 3532 4094 ό
3571 4041 3672 4094 θά-

2084 4163 2242 4210 νατος
2281 4132 2568 4213 ὑπόγειος,
2602 4142 2866 4196 καὶκατὰ
2903 4139 3002 4210 τὴν
3041 4139 3224 4209 κοινὴν
3264 4135 3446 4225 γέγονε
3476 4134 3670 4204 φύσιν,

2065 4241 2115 4308 ,ὴ
2167 4236 2260 4290 τοῦ
2292 4235 2522 4289 θανάτου
2575 4234 2868 4306 μίμησιςή
2919 4231 3048 4303 παρ’
3088 4230 3245 4304 ἡμῶν
3293 4227 3571 4297 γινομένη,
3607 4229 3670 4280 ὲν

2081 4328 2160 4397 τῷ
2189 4327 2388 4396 γείτονι
2415 4324 2792 4382 ἀποτυποῦται
2827 4323 3096 4398 στοιχείῳ.
3129 4319 3240 4375 Καὶ
3272 4319 3347 4382 ὼς
3382 4321 3592 4381 ἐκεῖνος
3642 4322 3673 4372 ὁ

403 4414 666 4468 tinentur.
717 4405 990 4481 Quoniam
1052 4419 1184 4485 ergo
1244 4405 1402 4471 ducis
1450 4423 1504 4469 et
1563 4418 1808 4472 auctoris
1856 4417 1981 4471 vita:

2090 4421 2296 4482 ἀνωθεν
2331 4419 2656 4491 ἅνθρωπος,
2695 4415 2986 4492 ,ἀναλαὸὼν
3040 4415 3138 4484 τὴν
3188 4401 3487 4483 νϐιρότητα
3527 4411 3674 4481 μετὰ

402 4513 605 4560 nostra:
642 4523 790 4561 man
839 4506 944 4560 fuit
1000 4507 1103 4562 sub
1156 4516 1322 4571 terra,
1381 4516 1437 4563 ct
1485 4509 1790 4564 secundum
1832 4525 1984 4564 com-

377 4587 623 4653 'tnun‘em
661 4611 912 4654 naturam
951 4619 964 4654 :
995 4617 1117 4669 quae
1146 4601 1204 4654 tit
1237 4617 1266 4654 a
1304 4603 1463 4658 nobis
1491 4603 1690 4658 mortis
1721 4601 1979 4666 imitatio,

401 4692 456 4746 in
511 4693 822 4761 propinquo
866 4693 1198 4762 exprimitur
1249 4695 1544 4748 elemento.
1595 4693 1662 4748 Et
1702 4693 1849 4750 sicut
1892 4693 1982 4748 iile

317 4785 320 4787 ’
399 4781 646 4836 οωιοειίδ
698 4782 860 4837 homo
925 4793 1052 4837 cum
1121 4782 1508 4839 mortalitatem
1560 4783 1975 4854 assumpsisset,

397 4884 691 4945 postquam
730 4875 834 4930 sub
862 4882 1008 4930 terra
1060 4865 1255 4930 fuisset
1288 4876 1523 4945 positus,
1575 4876 1735 4931 tcrtio
1761 4875 1851 4932 die
1890 4892 1978 4932 rc-

398 4981 596 5022 vcrsus
633 4972 717 5020 est
773 4967 838 5018 ad
900 4967 1070 5020 vitam
1124 4986 1138 5022 :
1193 4967 1267 5021 ita
1322 4970 1486 5023 etiam
1529 4969 1622 5039 qui
1678 4971 1978 5025 secandum

397 5069 653 5116 naturam
691 5059 943 5129 corporis
968 5066 1055 5114 est
1078 5061 1156 5114 illi
1180 5060 1534 5131 conjunctus,
1561 5063 1626 5116 ad
1665 5062 1805 5116 idem
1835 5060 1980 5130 quod

2087 4513 2185 4584 τὴν
2233 4511 2484 4583 ὑπόγειον
2534 4507 2716 4573 θέσιν,
2767 4510 3006 4580 τριταῖος
3045 4506 3138 4558 ἐπὶ
3177 4504 3274 4576 τὴν
3309 4502 3454 4573 ζωὴν
3503 4503 3672 4555 πάλιν

2087 4604 2416 4676 ἀνέδραμεν·
2445 4602 2587 4658 οὕτω
2637 4604 2745 4665 πᾶς
2792 4603 2820 4654 ό
2851 4597 3192 4670 συνημμένος
3239 4597 3381 4650 κατὰ
3428 4595 3528 4666 τὴν
3571 4594 3667 4646 τοῦ

2088 4695 2339 4767 σώματος
2393 4694 2553 4764 φύσιν
2603 4692 2826 4763 ἐκείνῳ,
2886 4690 3022 4757 πρὸς
3063 4688 3126 4741 τὸ
3151 4687 3288 4741 αὐτὸ
3332 4685 3669 4755 κατόρθωμα

2087 4788 2301 4858 βλέπων
2322 4827 2336 4852 ,
2361 4786 2422 4839 τὸ
2455 4783 2596 4838 κατά
2647 4783 2748 4853 τὴν
2795 4782 2939 4852 ζωὴν
2970 4780 3112 4848 λέγω
3161 4779 3365 4848 πέρας,
3401 4777 3523 4829 ἀντὶ
3562 4778 3670 4846 γῆς

2086 4878 2148 4931 τὺ
2185 4877 2330 4946 ὕδωρ
2373 4875 2730 4945 ὲπιχεάμενος
2754 4915 2768 4940 ,
2800 4873 2894 4925 καὶ
2936 4870 3135 4932 ὑποδὺς
3179 4868 3256 4922 τὸ-
3281 4869 3544 4936 στοιχεῖον
3565 4905 3579 4928 ,
3608 4867 3670 4918 ὲν

2089 4969 2238 5040 τρισὶ
2270 4967 2538 5038 περιόδοις
2563 4966 2662 5036 τὴν
2682 4967 2979 5035 τριήμερον
3008 4963 3106 5033 τῆς
3127 4960 3474 5022 ἀναστάσεως
3506 4959 3670 5029 χάριν

2088 5060 2497 5129 ἀπεμιμήσατο.

397 5159 468 5214 ab
499 5158 621 5228 ipso
651 5164 801 5212 recte
833 5166 1046 5228 gestum
1069 5158 1420 5223 estintuens,
1463 5160 1694 5225 advitaz,
1733 5161 1976 5230 inquam,
2019 5155 2201 5222 linem,
2246 5171 2345 5227 pro
2398 5163 2540 5209 terra
2590 5167 2732 5223 aqua
2761 5153 2808 5206 ei
2838 5150 3042 5211 infusa.
3113 5148 3342 5206 subiens
3419 5146 3671 5202 elemen-

397 5255 534 5317 tum,
581 5251 637 5306 iu
688 5249 868 5306 tribus
909 5251 1206 5309 ambitibus
1240 5253 1488 5310 imitatus
1531 5262 1619 5318 est
1664 5252 1977 5310 triduana»:
2018 5251 2250 5324 gratiam
2293 5247 2740 5304 resurrectionis.

470 5340 687 5398 Dictum
718 5348 804 5426 est
824 5340 992 5397 ctiam
1019 5343 1130 5399 tale
1169 5344 1300 5413 quid
1333 5345 1386 5399 in
1414 5345 1482 5401 iis
1510 5360 1633 5415 quae
1673 5359 1974 5414 praecesse-

394 5439 548 5496 runt,
568 5427 763 5505 nempe
779 5431 951 5504 quod,
981 5434 1237 5506 prudenti
1263 5437 1500 5493 consilio
1517 5437 1977 5508 dispensationis.

397 5538 428 5577 a
461 5523 647 5580 divina
679 5524 1020 5595 providentia
1075 5527 1178 5585 fuit
1202 5528 1498 5601 importata
1543 5547 1691 5588 mors
1721 5531 1975 5586 humana:

509 5695 550 5732 ¹¹
596 5693 758 5754 Hebr.
792 5715 889 5767 xu,-
920 5693 972 5754 ἓξ

2158 5344 2387 5414 Εἴρηται
2416 5340 2473 5393 δὲ
2501 5336 2739 5391 τοιοῦτον
2767 5335 2862 5389 καὶ
2894 5337 2952 5387 ἐν
2976 5336 3087 5396 τοῖς
3117 5331 3408 5401 φθάσασιν,
3431 5330 3512 5382 ὅτι
3548 5329 3674 5382 κατ’

2085 5434 2393 5504 οἰκονομίαν
2407 5431 2642 5500 ἐπῆκται
2657 5431 2722 5499 τῇ
2737 5424 3052 5498 ἀνθρωπίνῃ
3070 5424 3228 5494 φύσει
3241 5421 3392 5493 παρά
3406 5422 3502 5492 τῆς
3518 5421 3674 5482 θείας

2087 5526 2339 5599 προνοίας
2381 5527 2410 5577 ό
2447 5523 2704 5584 θάνατος’
2753 5519 2826 5583 ὡς
2871 5519 2972 5591 τῆς
3013 5515 3209 5580 κακίας
3242 5515 3299 5569 ὲν
3323 5515 3388 5585 τῇ
3424 5511 3676 5566 διαλύσει
