4006 6148
271 204 349 287 ω
1478 239 1734 300 ORATIO
1767 246 2273 308 CATECHE'I‘ICA.
3475 254 3543 311 90

272 345 376 399 τοῦ
403 344 654 437 σῴματος
676 349 771 402 καὶ
793 350 893 421 τῆς
915 350 1093 424 ψυχῆς
1106 354 1419 428 ὲκρυείσης,
1456 359 1621 414 πάλιν
1642 361 1730 415 διὰ
1761 366 1833 435 τῆη

1962 370 2201 433 naturae,
2247 378 2306 423 ut
2335 376 2458 425 eum
2483 368 2786 427 efﬂuxisset
2811 372 3028 437 vitium,
3086 374 3143 429 iu
3176 375 3538 434 dissolutione

273 436 628 534 ἀναστάσεως
686 438 844 508 σῶον,
904 443 1002 495 καὶ
1048 444 1256 515 ἀπαθῆ,
1303 447 1398 499 καὶ
1457 449 1737 520 ἀκέραιον,
1773 469 1833 504 κα

1970 460 2220 529 corporis
2274 468 2335 515 et
2400 461 2614 528 animae,
2665 477 2859 519 rursus
2914 479 3011 534 per
3068 469 3539 526 resurrectionem

603 531 750 623 stata
763 534 963 623 κακίαν
996 536 1275 606 ἐπιμιξίας
1309 538 1587 611 ἀλλότριον
1616 543 1833 597 ἀναστοι

1968 528 2176 615 salvus,
2210 550 2548 621 impatibilis,
2584 559 2640 607 et
2680 528 2931 623 integer;
2952 562 3007 609 et
3030 554 3240 611 alienus
3273 558 3342 613 ab
3385 573 3537 615 omni

270 618 570 689 χειωθῆναι
597 621 692 674 τὸν
721 621 816 675 ἀνθ
828 640 1022 693 ρωπον.
1074 626 1213 681 Ἀλλ’
1242 628 1334 680 ὲπὶ
1359 630 1456 699 μὲν
1484 630 1575 683 τοῦ
1600 632 1866 703 καθηγουο

272 708 439 779 μένου
503 713 607 781 τῆς
663 714 936 785 σωτηρίας
984 716 1166 786 ἡμῶν,
1202 718 1265 771 τὸ
1311 720 1515 773 τέλειον
1547 723 1743 792 ἡκατά
1773 724 1864 777 τὸν

267 800 501 855 θάνατον
522 802 681 873 ἔσχεν
710 806 1013 876 οἰκονομία,
1042 808 1185 862 κατά
1213 811 1304 863 τὸν
1336 810 1465 863 ἴδιον
1496 814 1696 867 σκοπὸν
1720 816 1864 867 ἐντεσ-

266 892 768 965 λῶςπληρωθεῖσα.
796 899 1057 971 Διεστάλη
1085 918 1145 954 τε
1161 902 1268 972 γὰρ
1301 902 1389 955 διὰ
1417 903 1511 956 τοῦ
1537 904 1767 959 θανάτου
1794 907 1862 961 τά

264 984 527 1055 ἡνωμένα
546 1002 561 1015 ⁶
592 988 689 1039 καὶ
742 988 904 1042 πάλιν
950 992 1189 1063 συνήχθη
1230 994 1299 1048 τὰ
1325 995 1719 1066 διακεκριμένα
1739 1014 1751 1025 ·
1782 998 1859 1061 ὡς

262 1073 334 1125 ἂν
365 1074 734 1148 καθαρθείσης
752 1076 852 1148 τῆς
877 1079 1091 1148 φύσεως
1122 1084 1180 1136 ἐν
1212 1087 1276 1155 τῇ
1308 1083 1415 1137 τῶν
1452 1086 1713 1157 συμφυῶν
1741 1088 1857 1141 δια-

261 1162 441 1229 λύσει,
475 1166 652 1238 ψυχῆς
679 1184 736 1221 τε
768 1169 909 1238 λέγω
935 1173 1031 1224 καὶ
1064 1173 1336 1244 σώματος,
1366 1177 1528 1230 πάλιν
1558 1178 1589 1250 ἡ
1620 1180 1728 1231 τῶν
1767 1197 1843 1233 κε-

261 1258 624 1328 χωρισμένων
653 1260 912 1326 ἐπάνοδος
927 1263 1026 1333 τῆς
1040 1264 1322 1337 ἀλλοτρίας
1349 1268 1631 1339 ἐπιμιξίας
1645 1270 1856 1338 γένοιτο

260 1347 670 1419 καθαρεύουσα.
726 1350 849 1405 Ἐπὶ
869 1351 926 1405 δὲ
955 1355 1062 1407 τῶν
1104 1357 1543 1413 ἀκολουθούντων
1574 1361 1651 1432 τῷ
1683 1362 1855 1433 καθη-

259 1440 541 1511 γουμένῳ,
566 1443 629 1495 οὐ
678 1446 849 1514 χωρεῖ
885 1446 984 1515 τὴν
1034 1449 1238 1521 ἀκριϐῆ
1278 1452 1509 1522 μίμησιν
1550 1454 1619 1507 δι’
1648 1454 1784 1508 ὅλων
1816 1457 1850 1527 ἡ

256 1528 431 1595 φύσις
454 1546 468 1560 ο
493 1530 609 1585 ἀλλ’
644 1533 767 1585 ὅσον
794 1528 1035 1600 δυνατῶς
1089 1540 1222 1609 ἔχει,
1256 1541 1508 1598 τοσοῦτον
1538 1544 1631 1597 νῦν
1673 1561 1851 1617 παρα-

1966 642 2343 698 commistione
2372 643 2513 706 vitii,
2544 643 2711 698 homo
2747 644 3156 701 reformaretur.
3181 646 3284 701 Sed
3320 648 3375 701 in
3399 650 3539 705 duce

1962 733 2186 803 quidem
2250 741 2305 789 et
2358 743 2583 789 auctore
2631 744 2835 790 nostrae
2890 737 3087 793 salutis
3142 738 3534 807 perfectionem

1960 824 2155 880 habuit
2176 834 2449 896 susceptae
2478 826 2671 882 mortis
2705 827 3062 896 dispensatio,
3095 839 3154 884 ut
3186 845 3307 901 quae
3332 846 3532 886 conve-

1959 917 2178 971 nienter
2215 918 2317 973 sub
2349 931 2516 986 scopo
2561 926 2616 973 et
2655 918 2911 972 instituto
2940 920 3183 987 perfecte
3231 920 3399 976 fuerit
3437 922 3537 975 ad-

1958 1009 2201 1077 impleta.
2263 1005 2397 1062 Nam
2428 1017 2482 1063 et
2540 1020 2638 1079 per
2694 1008 2924 1064 mortem
2980 1010 3261 1080 disjuncta
3313 1012 3537 1068 fuerunt

1959 1110 2079 1168 quae
2100 1106 2258 1154 erant
2277 1101 2450 1163 unita,
2485 1107 2540 1154 et
2570 1110 2763 1155 rursus
2786 1099 3077 1168 conjuncta
3093 1111 3221 1169 sunt
3243 1116 3363 1172 quae
3379 1110 3537 1157 erant

1955 1190 2227 1255 discreta,
2268 1200 2328 1245 ut
2360 1196 2588 1261 purgata
2617 1198 2815 1244 natura
2839 1190 2894 1243 in
2928 1190 3292 1247 dissolutione
3341 1207 3531 1247 eorum

1955 1294 2077 1351 qua:
2106 1281 2431 1335 naturaliter
2456 1281 2726 1344 coierant,
2765 1281 2984 1344 animm,
3030 1283 3276 1353 inquam,
3324 1291 3384 1337 et
3408 1297 3534 1337 cor—

1955 1371 2127 1440 poris.
2180 1385 2372 1426 eorum
2427 1384 2551 1442 quae
2598 1370 2819 1431 fuerant
2873 1382 3128 1441 separata
3190 1373 3402 1429 reditus
3464 1373 3533 1429 ab

1953 1464 2130 1518 aliena
2183 1462 2515 1518 admistione
2569 1470 2717 1517 esset
2756 1476 2950 1532 purus.
3003 1462 3062 1516 in
3101 1464 3169 1519 iis
3209 1472 3392 1519 autem
3436 1464 3533 1534 qui

1951 1553 2143 1611 ducem
2171 1564 2497 1625 sequuntur,
2533 1562 2846 1609 accuratam
2882 1562 2936 1610 et
2981 1555 3283 1624 perfectam
3335 1556 3523 1610 imita-

256 1618 556 1693 δεξαμένη,
607 1624 669 1676 τὸ
711 1626 896 1681 λεῖπον
934 1631 992 1682 ἐν
1034 1629 1111 1701 τῷ
1142 1633 1280 1701 μετά
1310 1633 1484 1687 ταῦτα
1530 1636 1833 1707 ταμιεύεταε

1946 1646 2157 1701 tionem
2187 1662 2294 1699 non
2318 1647 2544 1701 omnino
2574 1646 2721 1715 capit
2745 1655 2942 1699 natura
2964 1688 2978 1712 ,
3046 1645 3142 1700 sed
3175 1660 3300 1699 cum
3348 1663 3532 1717 quan-

256 1711 459 1807 χρόνῳ.
492 1713 565 1807 ᾈΤί
593 1711 686 1769 οὖν
710 1718 853 1769 ἐστιν
882 1718 910 1770 ὃ
942 1724 1222 1791 μιμεῖται;
1255 1723 1328 1776 Τὸ
1355 1726 1454 1795 τῆς
1491 1704 1833 1799 ὲμμίιχθείσης

1954 1744 2066 1791 tum
2098 1745 2282 1807 potest
2309 1752 2459 1792 nunc
2488 1737 2783 1806 acceperit,
2836 1736 2892 1790 in
2926 1744 3141 1806 tempus
3172 1704 3414 1789 futurum
3443 1751 3532 1791 re-

258 1802 459 1866 κακίας
487 1805 545 1856 ὲν
574 1808 638 1877 τῇ
678 1808 776 1877 τῆς
816 1810 1133 1880 νεκρώσεως
1164 1814 1332 1868 είκόνι
1363 1818 1428 1887 τῇ
1466 1819 1733 1889 γενομένῃ
1764 1820 1851 1872 διὰ

255 1892 350 1944 ’ἰοῦ
380 1892 576 1959 ὓδατος
606 1898 697 1951 τὸν
722 1900 1026 1971 ἀφανισμὸν
1053 1905 1373 1975 ἐμποιῆσαι,
1398 1908 1458 1960 οὐ
1490 1910 1596 1981 μὴν
1628 1909 1846 1974 τελείως

254 1984 593 2057 ἀφανισμὸν,
627 1988 764 2044 ἀλλά
808 2009 930 2045 τινα
973 1994 1239 2067 διακοπὴν
1266 1996 1362 2067 τῆς
1396 1997 1490 2051 τοῦ
1521 2000 1692 2053 κακοῦ
1726 2018 1849 2055 συν·

250 2080 463 2149 εχείας,
516 2085 931 2157 συνδραμόντων
991 2089 1133 2144 δυοῖν
1193 2092 1330 2163 πρὸς
1380 2094 1479 2166 τὴν
1523 2097 1622 2166 τῆς
1651 2099 1847 2164 κακίας

245 2172 559 2244 ἀναίρεσιν,
591 2177 691 2246 τῆς
729 2196 787 2231 τε
816 2180 909 2233 τοῦ
937 2184 1423 2255 πλημμελήσαντος
1455 2189 1841 2258 μεταμελείας,

242 2266 343 2316 καὶ
380 2265 486 2335 τῆς
516 2267 610 2320 τοῦ
644 2266 871 2325 θανάτου
907 2276 1212 2345 μιμήσεως,
1247 2275 1314 2329 δι’
1346 2269 1420 2330 ὧν
1445 2279 1696 2333 ὲκλύεταί
1727 2299 1843 2347 πως

241 2354 271 2442 δ
298 2353 408 2408 ἄνθ
420 2372 600 2425 ρωπος
624 2360 721 2429 τῆς
753 2362 888 2432 πρὸς
904 2364 961 2415 τὸ
982 2365 1148 2418 κακὸν
1176 2369 1472 2437 συμφυΐας,
1501 2372 1568 2440 τῇ
1603 2386 1843 2442 μεταμε-

238 2441 295 2494 λε
306 2444 368 2515 ίᾳ
404 2445 507 2514 μὲν
533 2448 611 2510 είς
637 2450 794 2518 μῖσός
817 2468 876 2504 τε
907 2453 1001 2505 καὶ
1020 2454 1375 2527 ἀλλοτρίωσιν
1390 2458 1488 2527 τῆς
1508 2460 1705 2523 κακίας
1728 2441 1840 2531 χω-

247 2535 383 2605 ρῶν,
414 2538 493 2609 τῷ
518 2538 574 2590 δὲ
602 2538 816 2612 Θανάτῳ
846 2544 938 2597 τοῦ
970 2547 1139 2599 κακοῦ
1168 2542 1258 2601 τὸν
1283 2549 1584 2617 ἀφανισμὸν
1613 2550 1840 2621 ἐργαζό-

242 2643 436 2695 μενος.
472 2630 615 2683 Ἀλλ’
636 2635 683 2685 εί
727 2635 823 2703 μὲν
848 2630 915 2707 ἦν
947 2637 1189 2704 δυνατὸν,
1216 2639 1273 2691 ὲν
1303 2639 1490 2710 τελείῳ
1521 2641 1600 2711 τῷ
1624 2641 1840 2713 θανάτῳ

237 2718 504 2785 γενέσθαι
528 2722 622 2774 τὸν
650 2724 1005 2796 μιμούμενον,
1032 2729 1140 2781 οὐδ’
1172 2729 1239 2783 ἂν
1276 2726 1525 2802 μίμησις,
1551 2732 1686 2787 ἀλλά
1712 2736 1839 2788 ταύ-

237 2810 408 2883 τότης
429 2815 492 2866 τὸ
529 2814 816 2887 γινόμενον
862 2815 954 2889 ἦν,
1000 2823 1093 2875 καὶ
1124 2824 1201 2885 είς
1235 2824 1295 2877 τὸ
1317 2820 1577 2889 παντελὲς
1597 2826 1695 2896 τῆς
1734 2822 1837 2896 φύ-

242 2925 382 2970 σεως
420 2908 584 2983 ἡμῶν
609 2910 671 2963 τὸ
696 2912 864 2965 κακὸν
902 2914 1226 2983 ἠφανίζετο·
1265 2916 1424 2983 ὣστε,
1458 2919 1640 2981 καθώς
1674 2937 1836 2989 φησιν

1948 1834 2135 1880 servat
2156 1826 2206 1880 id
2238 1825 2385 1895 quod
2418 1832 2610 1881 restat.
2662 1825 2811 1890 Quid
2856 1839 2995 1895 ergo
3054 1826 3330 1878 imitatur?
3372 1827 3529 1891 Quod

1950 1917 2065 1970 vitii
2100 1916 2326 1971 immisti
2368 1917 2424 1970 in
2456 1916 2694 1987 imagine
2724 1916 2940 1981 martis,
2974 1929 3097 1986 qua:
3130 1914 3277 1968 facta
3314 1922 3400 1970 est
3432 1930 3530 1983 per

1950 2018 2172 2078 aquam,
2221 2010 2557 2077 expresserit
2597 2006 2945 2070 deietionem,
2992 2021 3100 2061 non
3128 2007 3425 2076 perfectam
3454 2014 3531 2060 ta-

1944 2102 2072 2157 men
2142 2102 2502 2166 deletionem,
2564 2100 2662 2156 sed
2719 2100 3015 2169 quamdam
3069 2099 3525 2167 interruptionem

1942 2192 2378 2247 continuationis
2420 2192 2558 2257 vitii,
2595 2205 2721 2245 cum
2755 2192 2863 2246 duo
2901 2189 3289 2244 concurrerint
3322 2188 3389 2241 ad
3416 2188 3527 2243 tol-

1943 2285 2164 2338 iendum
2192 2283 2406 2347 vitium,
2438 2297 2635 2353 nempe
2658 2292 2710 2337 et
2743 2282 2864 2351 ejus
2899 2282 2991 2352 qui
3043 2283 3290 2351 peccavit
3330 2282 3514 2351 poeni-

1944 2376 2194 2435 nitentia,
2217 2383 2272 2429 et
2301 2374 2536 2428 imitatio
2573 2373 2791 2437 mortis,
2854 2388 2951 2442 per
3001 2387 3124 2442 quae
3175 2373 3340 2427 homo
3378 2388 3523 2443 quo-

1944 2466 2238 2522 dammodo
2286 2466 2615 2522 dissolvitur
2672 2478 2708 2520 a
2745 2465 3038 2535 congenita
3083 2480 3207 2519 cum
3237 2466 3369 2519 vitio
3392 2480 3523 2519 con-

1936 2555 2241 2626 junctione,
2274 2556 2595 2627 pmnitontia
2625 2555 2846 2626 quidem
2886 2553 3191 2623 procedens
3230 2553 3296 2606 ad
3328 2552 3516 2606 odium

1940 2647 2058 2700 vitii
2109 2653 2163 2702 et
2224 2646 2635 2707 alienationem,
2678 2651 2853 2698 morte
2893 2651 3075 2697 autem
3122 2643 3239 2697 vitii
3283 2657 3519 2711 eperans

1940 2738 2289 2794 deletienem.
2323 2736 2427 2793 Sed
2452 2737 2498 2792 si
2532 2736 2645 2791 ﬁeri
2675 2736 2894 2805 quidem
2926 2743 3133 2804 posset,
3158 2742 3219 2787 ut
3246 2734 3301 2787 in
3335 2733 3517 2803 perfe-

1942 2836 2031 2884 cta
2060 2836 2236 2883 morte
2268 2837 2415 2884 esset
2459 2827 2506 2882 is
2541 2826 2636 2895 qui
2673 2825 2936 2889 imitatur,
2972 2838 3081 2876 non
3113 2832 3259 2878 esset
3290 2823 3342 2875 id
3372 2821 3520 2891 quod

1942 2919 2000 2973 ﬁt
2037 2918 2394 2983 imitatio,sed
2425 2934 2514 2973 res
2542 2918 2754 2980 eadem,
2809 2922 2864 2969 et
2892 2930 2922 2969 a
2948 2924 3135 2968 nostra
3168 2923 3365 2968 natura
3401 2928 3518 2966 ma-

234 2996 261 3047 δ
305 3000 667 3084 Ἅπασα).οῇ
707 3004 797 3073 ἐφ’
836 3004 983 3072 ἅπαξ
998 3007 1256 3080 ἀποθάνῃ
1286 3012 1348 3081 τῇ
1377 3010 1639 3081 ἁμαρτίᾳ.
1686 3012 1833 3065 Ἐπεὶ

1946 3010 2054 3066 lum
2081 3012 2318 3081 perfecte
2347 3009 2645 3072 deleretur,
2703 3007 2839 3062 adeo
2875 3014 2955 3070 ut,
3002 3006 3148 3061 sicut
3182 3006 3317 3059 dicit
3357 3006 3505 3075 Apo-

234 3089 307 3155 δὲ,
368 3089 562 3154 καθὼς
616 3092 847 3165 εἴρηται,
881 3097 1131 3151 τοσοῦτον
1170 3098 1484 3169 μιμούμεθα
1517 3102 1617 3170 τῆς
1662 3096 1832 3170 ύπερ-

233 3180 480 3251 εχούσης
514 3182 812 3254 δυνάμεως,
848 3187 969 3243 ὅσον
1014 3192 1182 3259 χωρεῖ
1210 3186 1365 3261 ἡμῶν
1395 3193 1428 3262 ἡ
1466 3190 1702 3261 πτωχεία
1734 3192 1833 3261 τῆς

234 3270 464 3337 φύσεως
488 3288 502 3301 ⁸
527 3271 588 3323 τὸ
614 3268 757 3343 ὕδωρ
798 3273 917 3345 τρὶς
969 3278 1341 3349 ὲπιχεάμενοι,
1372 3282 1466 3334 καὶ
1497 3281 1658 3334 πάλιν
1700 3282 1831 3334 ἀνα-

235 3360 443 3424 εᾶντες
471 3361 579 3413 ἀπὸ
603 3362 695 3416 τοῦ
724 3358 935 3429 ὕδατος,
966 3365 1062 3437 τὴν
1095 3369 1359 3439 σωτήριον
1386 3368 1562 3440 ταψὴν
1592 3368 1685 3423 καὶ
1706 3369 1833 3423 ἀνά-

235 3468 437 3503 στασιν
475 3452 573 3523 τὴν
618 3455 675 3506 ὲν
718 3456 1002 3528 τριημέρῳ
1035 3458 1333 3530 γενομένην
1372 3458 1450 3530 τῷ
1488 3461 1662 3531 χρόνῳ
1691 3462 1829 3513 ἀπο-

235 3542 566 3614 κρινόμεθα,
594 3544 753 3599 τοῦτο
778 3546 1033 3610 λαϐόντες
1053 3549 1191 3602 κατά
1215 3550 1473 3617 διάνοιαν,
1499 3553 1579 3605 ὅτι
1605 3554 1680 3616 ὡς
1699 3555 1829 3624 ἡμῖν

232 3636 292 3688 τὸ
330 3634 487 3705 ὕδωρ
510 3637 567 3689 ἐν
599 3637 815 3707 ἐξουσίᾳ
848 3640 982 3703 ἐστὶ,
1016 3640 1109 3693 καὶ
1153 3642 1211 3694 ἐν
1243 3643 1390 3713 αύτῷ
1419 3642 1694 3711 γενέσθαι,
1735 3647 1829 3700 καὶ

230 3724 291 3792 ἐξ
318 3724 497 3779 αὑτοῦ
526 3728 688 3782 πάλιν
707 3730 985 3795 ἀναδῦναι,
1018 3734 1160 3787 κατά
1202 3735 1293 3787 τὸν
1331 3737 1491 3789 αὑτὸν
1514 3738 1714 3809 τρόπον
1741 3741 1828 3793 ἐπ’

237 3819 493 3883 ἐξουσίας
520 3815 588 3890 ἦν
634 3822 663 3873 ὁ
710 3822 803 3874 τοῦ
855 3826 1055 3888 παντὸς
1093 3826 1232 3897 ἔχων
1260 3827 1358 3897 τὴν
1384 3828 1717 3897 δεσποτείαν,
1754 3828 1829 3896 ὼς

237 3912 403 3980 ἡμεῖς
432 3911 491 3962 ἐν
513 3910 591 3980 τῷ
611 3910 785 3977 ὖδατι,
800 3911 971 3979 οὕτως
997 3917 1206 3979 ἐκεῖνος
1228 3919 1290 3970 ἐν
1314 3918 1391 3988 τῷ
1415 3919 1626 3990 θανάτῳ
1652 3939 1824 3977 καταε-

234 4001 404 4069 δυεὶς,
439 4003 598 4056 πάλιν
633 4004 727 4057 ἐπὶ
767 4004 865 4077 τὴν
902 4007 1037 4062 ίδίαν
1064 4006 1315 4063 ἀναλύειν
1351 4013 1747 4086 μακαριότητα.

302 4184 373 4235 Εἰ
407 4176 502 4237 οὖν
563 4203 645 4248 τις
674 4185 813 4257 πρὸς
845 4185 905 4240 τὸ
939 4188 1085 4252 εἰκὸς
1137 4187 1346 4259 βλέποι,
1410 4193 1504 4245 καὶ
1550 4195 1691 4249 κατά
1724 4195 1823 4268 τὴν

1944 3104 2119 3158 stolus
2139 3104 2204 3165 η,
2236 3101 2462 3156 omnino
2493 3108 2797 3153 moreretur
2824 3105 3071 3167 peccato.
3107 3097 3379 3162 Quoniam
3415 3110 3513 3149 au-

1941 3203 2073 3259 tem,
2109 3195 2253 3251 sicut
2277 3193 2484 3247 dictum
2536 3199 2640 3255 est,
2701 3204 2971 3259 suprema:
3020 3188 3172 3241 illius
3224 3187 3515 3255 potestatis

1941 3292 2153 3341 tantum
2197 3282 2503 3343 imitamur,
2547 3288 2814 3351 quantum
2864 3278 3011 3346 capit
3043 3283 3247 3331 nostra:
3303 3276 3516 3330 natura:

1942 3373 2270 3431 mendicitas
2302 3392 2316 3427 :
2347 3386 2488 3441 aqua
2519 3377 2604 3424 ter
2634 3368 2838 3433 infusa,
2887 3384 2950 3421 ex
2976 3382 3039 3421 ea
3074 3380 3271 3420 rursus
3317 3379 3515 3419 ascen-

1940 3467 2153 3530 dentes,
2217 3465 2511 3519 salutarem
2543 3460 2826 3514 imitamur
2870 3458 3206 3527 sepulturam
3245 3462 3297 3510 et
3329 3470 3512 3509 resur-

1936 3560 2232 3614 rectionem
2257 3566 2376 3624 qua:
2396 3552 2549 3606 facta
2581 3558 2663 3606 est
2694 3551 2747 3603 in
2782 3557 3030 3618 tempore
3069 3545 3348 3608 triduano,
3368 3544 3511 3599 hanc

1936 3649 2297 3717 suscipientes
2328 3645 2731 3715 cogitationem,
2760 3640 2908 3711 quod
2942 3640 3085 3694 sicut
3118 3653 3259 3707 aqua
3304 3639 3359 3690 in
3407 3650 3507 3690 no-

1937 3752 2052 3797 stra
2069 3746 2153 3795 est
2179 3743 2469 3808 potestate,
2496 3742 2556 3788 ut
2584 3740 2638 3787 et
2661 3734 2714 3785 in
2748 3746 2812 3785 ea
2836 3730 3029 3794 simus,
3056 3736 3110 3784 et
3130 3745 3193 3784 ex
3230 3744 3291 3783 ca
3312 3740 3507 3781 rursus

1935 3845 2300 3901 emergamus,
2327 3828 2516 3883 eodem
2545 3825 2707 3880 modo
2736 3823 2790 3877 in
2815 3825 2959 3892 ejus,
3004 3823 3099 3890 qui
3133 3817 3508 3874 universitatis

1931 3924 2270 3978 dominatum
2328 3918 2562 3982 obtinet,
2630 3923 2716 3970 est
2762 3921 3051 3984 potestate,
3103 3919 3166 3965 ut
3207 3911 3350 3966 sicut
3404 3924 3501 3963 nos

1931 4029 2124 4085 aquas,
2158 4013 2231 4066 ita
2263 4011 2351 4065 ille
2382 4016 2613 4063 mortem
2644 4002 2888 4070 subiens,
2914 4019 3105 4058 rursus
3144 4000 3213 4056 ad
3230 4000 3504 4072 prepriam

1924 4109 2151 4164 reducat
2176 4104 2594 4160 beatitudinem.

1997 4198 2055 4254 Si
2085 4199 2379 4268 quisquam
2409 4211 2539 4267 ergo
2575 4193 2807 4263 aspiciat
2840 4190 2907 4244 ad
2940 4184 3500 4247 verisimilitudinem,

232 4269 505 4341 ἑκατέρου
546 4271 771 4344 δύναμιν
821 4272 890 4329 τὰ
938 4276 1197 4347 γινόμενα
1232 4280 1425 4351 κρίνοι,
1466 4284 1722 4356 οὐδεμίαν
1765 4288 1822 4339 ἐν

1941 4300 1978 4346 ει
2000 4305 2062 4344 ex
2097 4288 2382 4357 utriusque
2410 4286 2611 4338 virtute
2640 4298 2704 4337 ea
2739 4296 2860 4352 quae
2912 4279 3049 4332 fiunt
3092 4274 3325 4344 judicet,
3377 4270 3496 4325 nul-

231 4365 345 4425 τοῖς
375 4362 683 4432 γινομένοις
717 4365 942 4437 εὑρήσει
962 4368 1256 4439 διαφωνίαν
1288 4374 1570 4445 ἐκατέρου,
1596 4378 1738 4431 κατά
1763 4380 1823 4432 τὸ

1944 4397 2029 4435 am
2066 4381 2118 4433 in
2155 4379 2221 4433 iis
2251 4392 2371 4448 qua:
2404 4376 2540 4429 liunt
2568 4373 2810 4427 inveniet
2852 4368 3141 4436 utriusque
3179 4364 3501 4432 discrepan-

230 4455 331 4524 τῆς
358 4456 576 4525 φύσεως
609 4457 803 4530 μέτρον
831 4458 1271 4534 ἐξεργασαμένου
1302 4466 1367 4518 τὰ
1393 4467 1531 4521 κατά
1569 4468 1831 4540 δύναμιν)-

1948 4472 2075 4537 iam,
2098 4478 2154 4524 ut
2187 4468 2278 4539 qui
2310 4472 2675 4537 congruenter
2711 4460 2873 4515 modo
2911 4473 3022 4515 suae
3050 4463 3264 4510 natura:
3319 4468 3382 4509 ea
3411 4452 3497 4508 οἷδ-

241 4545 331 4610 Ὢς
362 4547 474 4618 γάρ
508 4549 657 4601 ἐστιν
683 4549 958 4623 ἀνθρώπῳ
1000 4554 1059 4606 τὸ
1090 4552 1254 4627 ὕδωρ,
1279 4559 1412 4628 πρὸς
1441 4559 1501 4611 τὸ
1520 4560 1816 4627 ἀκινδύνως

222 4638 633 4728 λεπιθιγγάνειν,
695 4643 745 4694 εἱ
791 4643 1052 4713 βούλοιτο,
1102 4648 1541 4724 ἀπειροπλασίως
1580 4657 1647 4725 τῇ
1699 4656 1818 4728 θείᾳ

232 4726 460 4800 δυνάμει
508 4732 630 4785 κατ’
686 4734 934 4789 εὐκολίαν
998 4736 1225 4802 θάνατος
1271 4742 1576 4812 πρόκειται,
1627 4746 1720 4799 καὶ
1759 4726 1817 4801 ἐν

233 4820 379 4891 αύτῷ
413 4822 691 4889 γενέσθαι,
745 4825 840 4878 καὶ
898 4827 972 4896 μὴ
1015 4831 1289 4899 τραπῆναι
1326 4834 1461 4903 πρὸς
1490 4835 1679 4899 πάθος.
1718 4840 1815 4893 Διά

230 4906 388 4960 τοῦτο
414 4909 596 4963 τοίνυν
626 4912 924 4981 ἀναγκαῖον
945 4917 1075 4984 ἡμῖν
1118 4918 1179 4971 τὸ
1211 4921 1268 4973 ἐν
1306 4921 1384 4992 τῷ
1425 4916 1575 4977 ὕδατι
1611 4944 1815 4998 προμε-

230 4995 452 5087 λετῆσαι
479 5001 578 5071 τὴν
604 5005 703 5072 τῆς
737 5003 1085 5069 ἀναστάσεως
1110 5008 1289 5079 χάριν,
1324 5010 1399 5074 ὡς
1427 5012 1492 5067 ἂν
1522 4995 1811 5087 εἰδείημεν,

230 5088 391 5142 ὅτιτὸ
441 5086 556 5143 ἴσον
583 5095 713 5164 ἡμῖν
754 5096 833 5159 εἰς
866 5097 1113 5153 εὐκολίαν
1145 5101 1313 5167 ἐστὶν,
1346 5101 1498 5157 ὕδατί
1523 5125 1583 5158 τε
1614 5086 1810 5178 βαπτι-

234 5177 444 5247 σθῆναι,
487 5181 580 5233 καὶ
640 5184 703 5236 ἐκ
756 5183 849 5236 τοῦ
899 5186 1128 5242 θανάτου
1167 5192 1327 5246 πάλιν
1361 5177 1637 5251 ἀναδῦναι.
1676 5200 1813 5254 Ἀλλ’

230 5267 412 5343 ὥσπερ
445 5274 505 5326 ὲν
554 5277 669 5337 τοῖς
723 5277 863 5330 κατὰ
897 5280 988 5333 τὸν
1026 5281 1139 5350 βίον
1163 5284 1473 5356 γενομένοις
1500 5289 1623 5342 τινά
1650 5289 1810 5345 τινών

231 5361 370 5454 εστιν
389 5366 841 5437 ἀρχηγικὼτερα,
865 5363 940 5424 ὧν
965 5371 1092 5427 ἀνευ
1127 5374 1227 5429 κᾶν
1242 5378 1302 5430 τὸ
1323 5379 1601 5449 γινόμενον
1624 5399 1808 5454 κατορ-

231 5449 443 5526 θοιθείη,
498 5457 677 5512 καίτοι
732 5460 780 5511 εί
812 5462 945 5535 πρὸς
999 5466 1059 5518 τό
1096 5468 1329 5543 πέραςή
1372 5472 1513 5545 ἀρχὴ
1551 5449 1807 5546 κρίνοιτο,

338 5632 378 5663 ¹¹
409 5632 571 5689 lium.
608 5650 731 5699 vm,
772 5638 859 5693 12.

1923 4562 2115 4619 fecerit
2161 4575 2281 4631 qua:
2310 4574 2423 4613 sua:
2468 4566 2626 4611 erant
2675 4552 2982 4625 potestatis.
3030 4546 3314 4615 Quomodo
3352 4544 3498 4598 enim

1922 4664 2006 4712 est
2041 4656 2095 4709 in
2124 4659 2391 4725 potestate
2420 4648 2677 4712 hominis,
2702 4659 2923 4715 aquam,
2956 4642 3001 4698 si
3026 4642 3176 4703 velit,
3231 4639 3370 4693 citra
3409 4637 3497 4691 uls

1923 4748 2037 4802 lum
2065 4755 2288 4817 tangere
2325 4741 2651 4813 periculum,
2696 4737 2924 4793 infinitis
2976 4733 3221 4805 partibus
3278 4729 3496 4784 facilius

1924 4853 2073 4893 mors
2103 4844 2186 4892 est
2229 4834 2505 4905 proposita
2548 4832 2749 4885 divina:
2783 4826 2994 4891 virtuti,
3051 4833 3110 4878 ut
3144 4831 3197 4879 et
3226 4823 3281 4876 in
3310 4837 3372 4876 ea
3401 4820 3492 4883 sit.

1920 4936 1974 4984 et
2013 4940 2121 4981 non
2148 4935 2503 4981 convertatur
2534 4924 2599 4977 ad
2632 4922 2976 4977 affectionem
3011 4933 3133 4989 qua:
3168 4932 3235 4970 ex
3268 4915 3361 4968 illa
3397 4927 3490 4968 ac-

1919 5020 2140 5091 cipitur.
2164 5019 2461 5088 Propterea
2500 5032 2630 5087 ergo
2668 5015 2825 5069 nobis
2877 5027 3101 5067 necesse
3136 5017 3221 5064 est
3256 5008 3311 5061 in
3350 5013 3491 5076 aqua

1919 5112 2284 5184 praemeditari
2340 5114 2572 5181 gratiam
2622 5106 3073 5168 resurrectionis,
3129 5112 3186 5158 ut
3249 5102 3491 5156 sciamus

1917 5205 2062 5275 quod
2092 5220 2160 5259 ex
2192 5218 2348 5272 aequo
2372 5202 2532 5258 nobis
2581 5208 2665 5257 est
2691 5201 2847 5255 facile
2870 5207 2924 5254 et
2974 5212 3116 5267 aqua
3168 5193 3327 5261 tingi,
3367 5196 3422 5241 ct
3458 5198 3489 5241 θ

1917 5302 2093 5349 morte
2122 5310 2318 5350 rursus
2352 5308 2654 5364 cmergere.
2692 5290 2797 5346 Sed
2824 5305 2933 5362 quo
2977 5288 3141 5343 modo
3182 5285 3237 5336 in
3272 5282 3340 5334 iis
3370 5291 3490 5348 quae

1921 5384 2056 5439 fiunt
2101 5386 2154 5440 in
2182 5387 2312 5450 vita,
2359 5393 2487 5441 sunt
2530 5385 2712 5455 aliqua
2738 5381 3010 5453 aliquibus
3071 5372 3484 5446 principalium,

1920 5479 2037 5535 sine
2074 5480 2271 5550 quibus
2299 5480 2463 5537 etiam
2513 5478 2565 5533 id
2622 5477 2768 5548 quod
2819 5475 2900 5539 fit,
2942 5482 3283 5541 nequaquam
3340 5474 3486 5522 recte
