4006 6148
478 258 540 315 91
1725 249 1783 307 S.
1823 248 2149 311 GliEGOBlI
2174 252 2466 312 NYSSENI
3662 257 3729 310 92

490 370 815 425 successerit
882 368 1239 438 (quanquam
1296 370 1341 422 si
1397 382 1521 421 cum
1580 367 1685 423 ﬁne
1732 371 2048 426 conferatur

2156 373 2263 428 ἀντ’
2291 373 2501 436 οὐδενὸς
2535 368 2672 425 εἶναι
2701 373 2839 439 δόξει
2880 373 2974 425 τοῦ
3016 371 3336 442 πράγματος
3370 370 3567 442 ἡάρχὴ
3598 391 3731 443 συγ-

484 460 838 531 principium,
892 474 990 528 pro
1016 458 1187 512 nihilo
1214 473 1338 514 esse
1397 457 1670 513 videbitur
1721 460 1803 513 rei
1853 462 2052 530 princi-

485 552 630 619 pium
660 566 783 604 cum
818 551 921 604 line
952 559 1361 619 comparatum:
1393 565 1555 619 quam
1580 551 1724 605 enim
1746 552 1945 607 habent
1972 570 2047 608 te-

484 643 801 712 qnalitatem
834 643 1019 708 homo,
1054 651 1108 697 et
1133 642 1278 711 quod
1315 641 1380 695 ad
1412 642 1812 711 procreandum
1846 646 2050 701 animal

483 732 779 802 dejicitur?
806 732 900 787 sed
934 739 1113 787 tamen
1144 732 1250 786 nisi
1289 732 1421 785 illud
1462 733 1556 798 sit,
1603 732 1708 787 huc
1746 749 1858 788 non
1892 733 2043 805 (iet):

484 825 558 878 ita
583 825 747 878 etiam
770 824 917 893 quod
951 826 1009 877 in
1034 838 1230 893 magna
1265 824 1322 877 fit
1352 825 1780 887 resurrectione,
1816 840 1939 878 cum
1977 827 2049 881 sit

485 915 663 983 majus
693 924 915 977 natura,
972 915 1100 968 hinc
1132 914 1296 969 habet
1352 914 1508 968 initia
1566 925 1620 970 et
1670 931 1889 971 causas.
1929 914 2048 970 Non

483 1014 664 1074 potest
691 1006 835 1060 enim
865 1005 980 1060 fieri
1007 1013 1066 1058 ut
1094 1005 1225 1058 illud
1260 1006 1373 1069 fiat,
1403 1005 1511 1060 nisi
1546 1006 1649 1060 hoc
1680 1006 2045 1075 praecesserit.

483 1096 614 1151 Dico
646 1105 825 1151 autem
857 1098 972 1151 fieri
1018 1113 1125 1152 non
1159 1113 1319 1167 posse
1365 1106 1425 1152 ut
1457 1097 1620 1153 homo
1654 1098 1725 1153 sit
1767 1098 1822 1151 in
1862 1114 2048 1154 resur-

483 1187 727 1242 rectione
754 1188 962 1258 absque
1006 1189 1206 1243 lavacri
1256 1191 1688 1258 regeneratione,
1746 1206 1854 1245 non
1908 1191 2052 1259 aspi-

483 1278 635 1332 ciens
664 1278 730 1331 ad
746 1293 953 1335 massae
980 1287 1183 1333 nostra
1238 1280 1570 1335 relictionem
1612 1288 1667 1335 et
1705 1281 2050 1336 reformatio-

483 1384 630 1422 nem.
662 1369 743 1422 Ad
778 1371 880 1423 hoc
916 1371 1061 1426 enim
1095 1372 1318 1426 omnino
1348 1380 1561 1441 oportet
1591 1371 1848 1429 devenire
1890 1382 2052 1428 natu-

483 1476 622 1525 ram,
663 1462 876 1531 propria
897 1463 1221 1517 necessitate
1249 1465 1583 1533 compulsam
1622 1480 1686 1518 ex
1731 1466 2051 1536 praescripto

482 1552 909 1620 dispensationis
953 1552 1072 1621 ejus
1096 1553 1191 1622 qui
1231 1554 1521 1618 ordinavit,
1549 1553 1664 1609 sive
1697 1554 1903 1608 lavacri
1928 1570 2052 1624 gra—

483 1644 614 1695 tiam
643 1644 1024 1712 assumpserit,
1070 1644 1187 1699 sive
1233 1644 1562 1700 initiationis
1607 1645 1922 1714 huiusmodi
1957 1662 2049 1700 ex:

482 1748 609 1800 pers
640 1734 922 1797 manserit,
957 1734 1053 1790 sed
1102 1734 1505 1789 restitutionem
1552 1734 1932 1800 beatitudinis,
1963 1736 2046 1790 di-
2081 1715 2123 1770 Β

482 1824 724 1881 vinitatis
758 1833 812 1880 et
865 1827 934 1881 ab
991 1827 1141 1881 omni
1205 1842 1442 1883 maerore
1493 1827 1875 1882 immunitatis.
1926 1826 2048 1883 Non

479 1914 625 1968 enim
654 1930 995 1987 quaecunque
1031 1932 1128 1986 per
1158 1917 1623 1972 resurrectionem
1661 1906 1895 1972 reditum
1956 1932 2049 1971 ac—

481 2006 689 2074 cipiunt
719 2007 787 2062 ad
836 2010 1151 2074 essentiam,
1180 2010 1247 2064 ad
1298 2009 1546 2065 eamdem
1584 2009 1751 2063 vitam
1794 2010 2045 2064 redeunt.

482 2097 589 2151 Sed
621 2098 848 2151 multum
881 2099 1110 2155 interest
1138 2101 1280 2154 inter
1313 2114 1408 2154 eos
1438 2100 1531 2169 qui
1578 2108 1707 2154 sunt
1739 2101 2046 2170 expurgati,

480 2194 537 2237 et
566 2200 660 2238 eos
689 2186 781 2254 qui
820 2187 1065 2256 indigent
1084 2189 1502 2258 expurgatione.
1546 2190 1606 2241 In
1654 2189 1856 2259 quibus
1899 2190 2048 2243 enim

482 2276 537 2329 in
594 2277 696 2331 hac
749 2277 858 2330 vita
888 2276 1167 2347 praecessit
1218 2294 1316 2349 per
1376 2279 1657 2335 lavacrum
1703 2282 2045 2351 expurgatio,

482 2367 550 2419 iis
577 2368 680 2421 erit
709 2368 917 2424 reditus
957 2367 1027 2421 ad
1065 2368 1118 2422 id
1153 2369 1301 2439 quod
1353 2379 1438 2424 est
1464 2370 1570 2424 sibi
1617 2380 1930 2440 cognatum.
1986 2371 2047 2426 Ei

482 2464 663 2511 autem
694 2459 838 2526 quod
866 2465 950 2513 est
982 2474 1180 2529 purum
1220 2466 1274 2514 et
1300 2459 1588 2522 mundum,
1643 2461 1920 2530 proprium
1965 2468 2049 2517 est

478 2556 535 2602 et
568 2547 943 2605 familiaritate
997 2550 1352 2619 conjunctum
1416 2549 1738 2619 impatibile.
1774 2550 1919 2618 Quin
1957 2567 2049 2606 au-

479 2650 587 2692 tem
622 2641 676 2694 in
715 2642 1117 2710 impatibilitate
1144 2642 1217 2697 sit
1260 2643 1480 2697 beatum
1512 2658 1654 2709 esse,
1683 2644 1906 2699 minime
1940 2646 2048 2699 du-

483 2727 707 2784 bitatur.
731 2730 942 2795 Quibus
965 2740 1147 2786 autem
1190 2730 1455 2787 induratae
1485 2734 1861 2789 occalluerunt
1915 2734 2049 2789 aifa-

478 2820 711 2885 ctiones,
739 2835 914 2890 neque
944 2820 1185 2875 sordium
1208 2833 1261 2877 et
1283 2824 1623 2877 macularum
1661 2825 1770 2879 ulla
1824 2824 1925 2877 fuit
1954 2824 2069 2888 ad-_

483 2906 651 2965 hibita
683 2913 958 2983 purgatio,
981 2930 1087 2968 non
1120 2929 1261 2984 aqua
1289 2915 1543 2985 mystica,
1572 2930 1679 2968 non
1718 2914 1914 2968 divinae
1944 2916 2050 2969 vir-

482 3000 949 3067 tutisinvOCatio,
999 3019 1107 3058 non
1162 3003 1500 3059 inconcinna:
1548 3005 1826 3074 pravitatis
1868 3020 2049 3060 corre-

480 3092 591 3146 ctio
616 3135 632 3160 ,
662 3108 889 3149 necesse
911 3105 996 3150 est
1020 3106 1075 3149 ut
1104 3098 1141 3151 ii
1180 3114 1398 3168 quoque
1427 3097 1538 3152 sint
1569 3098 1621 3151 in
1652 3112 1716 3152 eo
1744 3096 1889 3168 quod
1925 3112 2049 3151 con-

480 3186 650 3239 venit.
685 3184 1037 3243 Manifestum
1079 3199 1163 3245 est
1192 3198 1375 3244 autem
1414 3204 1551 3242 auro
1581 3189 1891 3243 adulterino
1918 3203 2051 3241 con—

479 3271 709 3342 fusoque
774 3282 831 3330 et
880 3292 987 3330 non
1025 3277 1242 3332 sincero
1292 3277 1583 3330 convenire
1640 3276 1943 3342 fornacem,
1992 3282 2052 3327 ut

479 3375 602 3413 cum
633 3362 715 3415 eis
760 3362 978 3414 mistum
1012 3364 1200 3415 vitium
1260 3361 1425 3414 fuerit
1457 3360 1825 3429 liquefactum,
1876 3360 2052 3429 longis

482 3458 666 3518 postea
693 3451 910 3504 saeculis
955 3450 1063 3504 Deo
1092 3465 1226 3519 pura
1264 3457 1621 3505 conservetur
1655 3457 1871 3503 natura.
1899 3450 2051 3514 Quo-

481 3544 626 3595 niam
662 3542 864 3611 ergoin
905 3557 1044 3610 aqua
1077 3549 1130 3595 et
1161 3542 1284 3610 igne
1305 3552 1389 3597 est
1428 3542 1512 3596 vis
1543 3542 1791 3612 quaedam
1835 3544 2049 3598 abster-

482 3633 640 3702 gendi
669 3642 723 3686 et
750 3631 1072 3697 mundandi,
1123 3634 1215 3704 qui
1252 3648 1349 3703 per
1379 3648 1573 3701 aquam
1607 3635 1890 3704 mysticam
1932 3634 2048 3687 vitii

2150 462 2445 532 κρινομένη
2503 460 2580 531 τῷ
2623 460 2785 514 τέλει.
2818 461 2881 512 Τί
2905 460 3013 528 γὰρ
3050 456 3163 511 ἴσον
3196 458 3499 527 ἄνθρωπος,
3532 463 3628 513 καὶ
3668 462 3731 515 τδ

2152 553 2286 624 πρὸς
2310 554 2408 622 τὴν
2441 551 2696 604 σύστασιν
2730 549 2821 604 τοῦ
2853 549 2989 615 ζώου
3021 548 3492 618 καταϐαλλόμενον
3520 567 3535 616 ;
3587 553 3729 605 Ἀλλ’

2147 646 2296 713 ὅμως
2327 646 2373 696 εί
2399 644 2471 714 μὴ
2504 645 2677 697 ἐκεῖνο
2713 645 2820 712 εἴη,
2855 642 2963 695 οὐδ’
2997 641 3063 696 ἂν
3090 641 3248 694 τοῦτο
3280 641 3511 708 γένοιτο.
3540 642 3731 708 Οὕτως

2151 736 2242 788 καὶ
2262 734 2321 787 τὸ
2353 734 2495 788 κατά
2522 736 2623 804 τὴν
2653 736 2891 806 μεγάλην
2920 733 3212 788 ἀνάστασιν
3232 734 3417 803 μεῖζον
3446 734 3505 788 ὃν
3534 738 3600 807 τῇ
3629 735 3733 804 φύ-

2151 842 2252 889 σει,
2287 824 2385 886 τὰς
2432 824 2606 896 ἀρχάς
2628 824 2874 877 ἐντεῦθεν
2902 824 3113 887 καὶτὰς
3143 823 3321 886 αἰτίας
3352 824 3485 893 ἔχει.
3515 827 3588 879 Οὐ
3620 827 3732 897 γάρ

2149 919 2265 969 ἐστι
2298 916 2519 971 δυνατὸν
2559 919 2737 970 ἐκεῖνο
2766 916 3036 984 γενέσθαι,
3069 918 3117 969 εἰ
3150 915 3223 987 μὴ
3253 915 3410 969 τοῦτο
3449 917 3731 987 προκαθη-

2148 1008 2394 1077 γήσαιτο.
2421 1006 2512 1076 Μὴ
2543 1006 2800 1061 δύνασθαι
2835 1006 2890 1059 δέ
2911 1024 3054 1077 φημι
3079 1006 3198 1077 δίχα
3225 1007 3321 1076 τῆς
3347 1006 3491 1061 κατά
3523 1008 3585 1059 τὸ
3612 1007 3732 1061 λου-

2148 1096 2276 1166 τρὸν
2311 1096 2716 1164 ἀναγεννήσεως
2731 1097 2788 1147 ἐν
2813 1094 3104 1148 ἀναστάσει
3133 1092 3383 1161 γενέσθαι
3406 1094 3497 1149 τὸν
3530 1095 3734 1167 ἄνθρω-

2151 1204 2271 1249 πον,
2304 1186 2364 1238 ού
2395 1186 2531 1256 πρὸς
2563 1186 2661 1254 τὴν
2691 1185 2785 1238 τοῦ
2838 1184 3207 1256 συγκρίματος
3234 1184 3389 1255 ἡμῶν
3425 1186 3732 1241 ἁνάπλασίν

2150 1293 2210 1328 τε
2236 1276 2329 1328 καὶ
2351 1276 2791 1345 ἀναστοιχείωσιν
2817 1274 3230 1339 ἀναϐλέποντες.
3262 1275 3405 1345 Πρὸς
3436 1276 3594 1329 τοῦτο
3622 1276 3732 1348 γὰρ

2150 1365 2230 1418 δεῖ
2260 1366 2470 1429 πάντως
2500 1365 2826 1436 πορευθῆναι
2882 1366 2983 1437 τὴν
3010 1366 3170 1435 φύσιν
3205 1366 3432 1430 οἰκείαις
3463 1367 3733 1435 ἀνάγκαις

2152 1457 2292 1512 κατὰ
2316 1457 2412 1528 τὴν
2433 1456 2528 1510 τοῦ
2559 1457 2817 1523 τάξαντος
2845 1458 3152 1527 οἰκονομίαν
3172 1457 3604 1527 συνωθουμένην,
3627 1458 3732 1512 κᾶν

2153 1542 2433 1617 προσλάϐῃ
2488 1546 2585 1616 τὴν
2642 1548 2706 1599 ἐκ
2763 1545 2856 1598 τοῦ
2887 1545 3110 1616 λουτροῦ
3156 1546 3338 1616 χάριν,
3370 1544 3474 1598 κᾶν
3503 1546 3731 1616 ἄμοιρος

2156 1637 2312 1708 μείνῃ
2344 1638 2441 1706 τῆς
2474 1637 2728 1707 τοιαύτης
2766 1637 3033 1707 μυήσεως,
3058 1635 3191 1689 ἀλλὰ
3222 1636 3319 1705 τὴν
3340 1636 3432 1688 ἐπὶ
3457 1636 3518 1689 τὸ
3552 1636 3731 1707 μακά-

2158 1729 2268 1800 ριόν
2297 1746 2355 1780 τε
2390 1729 2484 1781 καὶ
2506 1729 2653 1781 θεῖον
2700 1728 2793 1781 καὶ
2829 1728 3009 1796 πάσης
3047 1728 3347 1797 κατηφείας
3388 1728 3733 1798 κεχωρισμέ-

2156 1836 2242 1872 νον
2287 1820 2746 1874 ἀποκατάστασιν.
2796 1819 2871 1870 Οὐ
2913 1818 3020 1887 γὰρ
3051 1818 3149 1870 ὅσα
3177 1818 3242 1870 δι’
3264 1819 3609 1881 ἀναστάσεως
3634 1819 3732 1889 τὴν

2156 1911 2248 1962 ἐπὶ
2272 1911 2334 1962 τὸ
2356 1906 2495 1962 εἶναι
2546 1910 2707 1962 πάλιν
2752 1910 3006 1964 ἐπάνοδον
3035 1910 3265 1979 δέχεται,
3298 1911 3431 1981 πρὸς
3452 1910 3539 1963 τὸν
3569 1911 3731 1963 αὑτὸν

2156 2003 2399 2055 ἐπάνεισι
2425 2001 2555 2071 βίον.
2600 2000 2760 2055 Ἀλλὰ
2788 2001 2920 2055 πολὺ
2949 2001 3009 2053 τὸ
3044 2001 3206 2071 μέσον
3230 2001 3338 2053 τῶν
3371 2019 3429 2054 τε
3458 2001 3731 2072 κεκαθαρ-

2158 2095 2351 2165 μένων,
2380 2096 2471 2147 καὶ
2521 2093 2626 2146 τῶν
2655 2093 2749 2147 τοῦ
2795 2093 3087 2163 καθαρσίου
3125 2094 3533 2164 προσδεομένων
3558 2094 3727 2147 ἐστίν.

2168 2182 2284 2250 Ἐφ’
2308 2176 2383 2237 ὧν
2410 2182 2517 2252 γὰρ
2551 2180 2690 2233 κατὰ
2720 2180 2810 2233 τὸν
2837 2182 2949 2251 βίον
2974 2182 3159 2235 τοῦτον
3194 2183 3227 2252 ή
3254 2182 3338 2235 διὰ
3372 2181 3465 2236 τοῦ
3504 2180 3730 2251 λουτροῦ

2156 2273 2620 2344 προκαθηγήσατο
2654 2272 2938 2345 κάθαρσις,
2956 2273 3090 2342 πρὸς
3125 2273 3185 2325 τὸ
3234 2272 3492 2341 συγγενὲς
3522 2271 3732 2335 τούτοις

2154 2364 2498 2435 ἀναχώρησις
2552 2363 2724 2418 ἔσται.
2758 2363 2848 2433 Τῷ
2875 2364 2931 2415 δὲ
2985 2363 3207 2434 καθαρῷ
3244 2364 3303 2416 τὸ
3330 2364 3533 2426 ἀπαθὲς
3560 2380 3731 2435 προσ-

2156 2457 2443 2526 ῳκείωται.
2484 2454 2571 2508 Ἐν
2605 2454 2661 2508 δέ
2698 2457 2763 2526 τῇ
2816 2456 3052 2525 ἀπαθείᾳ
3088 2457 3148 2508 τὸ
3179 2457 3444 2527 μακάριον
3464 2449 3600 2509 εἶναι
3631 2455 3735 2509 οὐκ

2154 2547 2570 2618 ἀμφιϐάλλεται.
2614 2542 2707 2608 Οἷς
2757 2547 2814 2601 δὲ
2864 2547 3273 2618 προσεπωρώθη
3324 2547 3393 2600 τά
3431 2547 3600 2618 πάθη,
3634 2548 3735 2601 καὶ

2153 2639 2303 2692 οὐδὲν
2329 2640 2571 2709 προήχθη
2603 2638 2699 2709 τῆς
2720 2638 2932 2709 κηλίδος
2956 2638 3250 2709 καθάρσιον
3271 2654 3283 2665 ·
3318 2638 3416 2708 οὐχ
3451 2638 3595 2707 ὕδωρ
3627 2657 3734 2708 μυ-

2157 2730 2361 2793 στικὸν,
2414 2730 2513 2781 οὐκ
2557 2728 2841 2798 ἐπίκλησις
2909 2728 3058 2793 θείας
3107 2729 3407 2799 δυνάμεως,
3439 2730 3539 2799 οὐχ
3587 2731 3620 2800 ή
3666 2730 3734 2783 ὲκ

2157 2818 2515 2891 μεταμελείας
2545 2818 2772 2890 ὅρθωσις
2799 2835 2813 2851 ·
2846 2821 3057 2889 ἀνάγκη
3104 2821 3270 2883 πᾶσα,
3299 2820 3390 2872 καὶ
3422 2820 3644 2883 τούτους
3671 2821 3732 2873 ἐν

2153 2912 2231 2982 τῷ
2266 2910 2582 2982 καταλλήλῳ
2605 2911 2872 2980 γενέσθαι.
2912 2911 3256 2983 Κατάλληλον
3288 2911 3343 2965 δέ
3371 2910 3450 2982 τῷ
3476 2911 3730 2981 κεκιΰδη-

2155 3000 2397 3070 λευμένῳ
2422 2999 2626 3070 χρυσίῳ
2653 3000 2713 3052 τὸ
2743 3001 3121 3073 χωνευτήριον,
3154 3000 3228 3063 ὡς
3247 3001 3343 3071 τῆς
3368 2999 3732 3071 ἐμμιχθείσης

2151 3092 2333 3152 αὐτοῖς
2386 3090 2583 3152 κακίας
2616 3091 2998 3160 ἀποτακείσης,
3052 3093 3280 3162 μακροῖς
3322 3089 3543 3161 ὕστερον
3568 3088 3731 3142 αἰῶσι

2151 3178 2394 3249 καθαρὰν
2444 3179 2793 3249 ἀποσωθῆναι
2840 3180 2916 3251 τῷ
2950 3180 3069 3251 Θεῷ
3101 3181 3197 3252 τὴν
3228 3180 3408 3252 φύσιν.
3451 3179 3600 3234 Ἐπεὶ
3637 3174 3732 3233 οῦν

2154 3268 2387 3338 ρυπτική
2420 3268 2503 3330 τίς
2534 3271 2648 3322 ἐστι
2697 3270 2924 3341 δύναμις
2954 3272 3010 3322 ἐν
3051 3271 3129 3341 τῷ
3164 3273 3293 3344 πυρὶ
3322 3274 3417 3324 καὶ
3445 3270 3521 3341 τῷ
3551 3270 3729 3335 ῦδατι,

2152 3357 2201 3409 οἱ
2230 3356 2317 3410 διὰ
2340 3357 2432 3409 τοῦ
2465 3357 2654 3424 ὕδατος
2677 3359 2770 3412 τοῦ
2801 3360 3061 3430 μυστικοῦ
3091 3360 3182 3413 τὸν
3205 3362 3303 3431 τῆς
3332 3360 3527 3422 κακίας
3560 3356 3734 3429 ῥύπον

2153 3447 2609 3518 ἀποκλυσάμενοι,
2662 3450 2755 3503 τοῦ
2814 3452 2999 3525 ἐτέρου
3052 3452 3159 3505 τῶν
3206 3451 3513 3522 καθαρσίων
3554 3448 3729 3512 εἴδους

2155 3541 2255 3594 ούκ
2312 3541 2632 3595 ἐπιδέονται.
2674 3542 2736 3594 Ol
2772 3542 2828 3594 δέ
2874 3542 3077 3613 ταύτης
3119 3542 3353 3614 ἀμύητοι
3396 3544 3493 3612 τῆς
3525 3540 3733 3612 καθάρ-

2159 3651 2294 3696 σεως
2343 3633 2647 3701 ἀναγκαίως
2670 3631 2749 3702 τῷ
2772 3651 2841 3685 πυ
2853 3632 2904 3703 ρὶ
2935 3632 3339 3705 καθαρίζονται.

482 3726 672 3779 sordes
755 3723 1087 3790 abluerunt,
1156 3740 1265 3779 non
1325 3740 1461 3795 opus
1523 3725 1722 3780 habent
1790 3726 1963 3780 altero
2009 3740 2208 3797 genere
2275 3726 2635 3796 purgationis.
2697 3724 2801 3791 Qui
2861 3732 3042 3779 autem
3090 3740 3200 3781 non
3267 3724 3471 3780 fuerint
3529 3723 3735 3780 initiati

481 3816 741 3887 mysterio
785 3815 950 3884 hujus
1002 3816 1365 3887 purgationis,
1416 3819 1539 3888 igne
1601 3825 1904 3889 purgantur
1952 3817 2278 3874 necessario.

1008 3947 1239 4002 CAPUT
1279 3947 1519 4002 XXXVI.

551 4079 683 4134 Nam
718 4089 769 4134 et
801 4079 1109 4133 communis
1151 4079 1292 4131 ratio
1322 4086 1376 4133 ct
1416 4076 1821 4146 Seripturarum
1865 4085 2049 4131 osten-

480 4173 560 4227 dit
583 4173 854 4237 doctrina,
917 4172 1162 4225 divinum
1194 4177 1419 4225 chorum
1468 4186 1573 4224 non
1607 4185 1766 4240 posse
1822 4168 2051 4237 ingredi,

480 4266 571 4333 qui
599 4281 787 4319 onmes
837 4280 900 4319 ex
948 4264 1079 4317 vitio
1118 4271 1430 4317 contractas
1478 4262 1667 4315 sordes
1707 4276 1769 4314 ac
1809 4260 2051 4313 maculas

2720 3949 2971 4003 ΚΕΦΑΛ.
3016 3950 3157 4016 Λίῖι.

2228 4083 2318 4152 Μὴ
2346 4082 2453 4153 γὰρ
2482 4078 2617 4136 εἶναι
2667 4081 2890 4135 δυνατὸν
2930 4082 2958 4135 ὃ
3003 4099 3062 4134 τε
3095 4081 3268 4145 κοινὸς
3291 4083 3524 4137 δείκνυσι
3554 4084 3732 4153 λόγος,

2157 4174 2249 4227 καὶ
2275 4176 2306 4243 ὴ
2346 4173 2451 4225 τῶν
2482 4172 2710 4243 ι’ραφῶν
2739 4173 3050 4226 διδασκαλία
3068 4214 3081 4237 ,
3114 4172 3259 4236 ἐντὸς
3285 4173 3376 4226 τοῦ
3414 4173 3555 4227 θείου
3579 4177 3735 4243 γενέ-

2161 4267 2281 4318 σθαι
2319 4263 2481 4335 χοροῦ
2509 4264 2599 4316 τὸν
2629 4265 2703 4335 μὴ
2738 4262 2991 4335 καθαρῶς
3038 4263 3245 4326 πάντας
3277 4266 3401 4328 τοὺς
3439 4267 3503 4319 ἐκ
3534 4269 3737 4332 κακίας

481 4372 589 4410 non
634 4359 847 4412 eluerit.
904 4354 1017 4410 Hoc
1066 4354 1198 4409 illud
1233 4364 1336 4418 est,
1393 4355 1538 4425 quod
1581 4370 1701 4408 cum
1759 4354 1830 4409 sit
1883 4369 1946 4407 ex
1988 4368 2047 4407 sc

2156 4357 2373 4419 σπίλους
2416 4356 2889 4427 ἀποῤῥυψάμενον.
2946 4355 3115 4408 Τοῦτό
3160 4358 3308 4409 ἐστιν
3363 4357 3391 4408 ὃ
3432 4358 3628 4431 μικρὸν
3670 4358 3735 4413 ὃν

483 4462 730 4513 parvum,
778 4462 1099 4516 magnorum
1134 4455 1220 4500 est
1262 4445 1526 4498 bonorum
1570 4446 1781 4498 initium
1824 4454 1879 4498 et
1927 4443 2048 4497 fun-

480 4537 817 4590 damentum.
872 4536 1105 4590 Parvum
1143 4546 1324 4591 autem
1372 4536 1494 4590 dico
1545 4536 1615 4589 ob
1674 4547 1818 4591 recte
1858 4537 2048 4605 agendi

482 4622 817 4678 facilitatem.
849 4624 983 4690 Quis
1008 4626 1153 4680 enim
1176 4634 1258 4680 est
1290 4628 1390 4680 hae
1425 4628 1477 4680 in
1513 4644 1567 4681 re
1605 4628 1778 4693 labor,
1828 4627 2051 4681 credere

487 4714 649 4767 Deum
681 4731 804 4770 esse
852 4717 1096 4785 ubique:
1158 4733 1281 4771 cum
1304 4727 1482 4773 autem
1532 4720 1603 4773 sit
1661 4719 1712 4773 in
1769 4719 2045 4783 omnibus,

485 4801 675 4856 adesse
702 4805 867 4858 etiam
914 4806 1299 4862 invocantibus
1333 4810 1550 4863 vitalem
1601 4810 1721 4878 ejus
1770 4811 2046 4873 virtutem,

486 4902 804 4962 praesentem
833 4904 1013 4952 autem
1050 4897 1228 4953 facere
1257 4899 1307 4951 id
1343 4901 1484 4969 quod
1511 4908 1594 4955 est
1630 4900 1730 4955 sibi
1767 4902 2047 4971 proprium

484 4994 536 5037 et
568 4988 934 5041 conveniens?
968 4987 1172 5043 Divina:
1202 4999 1383 5045 autem
1419 4992 1754 5061 operationis
1801 5001 1886 5047 est
1925 5007 2052 5062 pro-

485 5076 599 5145 pria
628 5076 777 5131 salus
808 5092 996 5133 eorum
1042 5082 1134 5151 qui
1179 5082 1441 5148 indigent.
1491 5084 1609 5154 Ipsa
1633 5094 1815 5140 autem
1847 5085 1905 5138 fit
1940 5085 2052 5140 clli-

483 5183 581 5221 cax
615 5177 668 5221 et
698 5167 764 5221 ad
794 5184 931 5238 opus
955 5169 1246 5225 deducitur
1281 5189 1375 5241 per
1404 5190 1522 5227 eam
1558 5192 1679 5244 quae
1729 5175 1782 5228 in
1816 5190 1955 5246 aqua
1995 5178 2051 5231 lit

484 5275 544 5315 ex
559 5260 954 5331 purgationem.
975 5260 1076 5326 Qui
1100 5272 1185 5316 est
1212 5271 1389 5318 autem
1420 5276 1770 5335 expurgatus,
1792 5269 1898 5322 erit
1923 5284 2051 5338 par-

487 5353 660 5420 ticeps
690 5352 965 5422 puritatis.
992 5351 1146 5417 Quod
1187 5366 1363 5408 autem
1395 5372 1520 5411 vere
1568 5373 1760 5427 purum
1796 5367 1903 5424 est,
1965 5368 2050 5414 est

487 5439 766 5495 divinitas.
797 5442 960 5498 Vides
992 5459 1153 5513 quam
1184 5444 1255 5500 sit
1288 5462 1537 5515 parvum,
1587 5456 1642 5503 et
1677 5465 1841 5520 quam
1886 5450 2049 5506 facile

488 5534 638 5582 recte
669 5529 785 5584 lieri
816 5538 995 5599 potest
1052 5533 1102 5587 id
1136 5535 1278 5602 quod
1306 5544 1389 5589 cst
1423 5538 1477 5591 in
1525 5538 1813 5609 principio,
1846 5557 2043 5609 nempe

487 5616 618 5674 fides
652 5625 705 5673 et
742 5635 879 5691 aqua
911 5641 923 5677 :
956 5624 1047 5679 illa
1079 5626 1295 5695 quidem
1344 5628 1447 5684 sita
1474 5630 1526 5687 in
1574 5633 1799 5688 arbitrio
1853 5632 2038 5688 liberae

2156 4449 2278 4501 καθ’
2311 4448 2471 4500 ἑαυτὸ
2518 4446 2767 4517 μεγάλων
2815 4445 3033 4514 ἀγαθῶν
3062 4447 3203 4518 ἀρχή
3238 4464 3298 4501 τε
3345 4449 3435 4500 καὶ
3480 4450 3736 4516 ὑπόθεσις

2158 4543 2382 4610 γίνεται.
2419 4538 2626 4609 Μικρὸν
2648 4539 2706 4591 δέ
2741 4556 2881 4608 φημι
2909 4541 2975 4610 τῇ
3008 4538 3227 4610 εὐκολίᾳ
3256 4539 3348 4591 τοῦ
3379 4540 3741 4612 κατορθώμα-

2155 4650 2267 4695 τος.
2292 4631 2386 4693 Τίς
2411 4628 2521 4701 γὰρ
2551 4629 2782 4699 πάρεστι
2812 4629 2972 4691 πόνος
3002 4627 3080 4698 τῷ
3109 4629 3411 4698 πράγματι,
3443 4628 3739 4682 πιστεῦσαι

2157 4721 2434 4791 πανταχοῦ
2471 4720 2561 4772 τὸν
2587 4719 2716 4773 Θεὸν
2740 4716 2878 4772 εἶναι
2902 4734 2916 4749 ⁸
2957 4720 3015 4772 ἐν
3049 4720 3182 4771 πᾶσι
3220 4717 3275 4770 δὲ
3302 4718 3453 4783 ὄντα,
3484 4722 3739 4789 παρεῖναι

2156 4816 2251 4867 καὶ
2277 4816 2385 4877 τοῖς
2412 4811 2856 4881 ἐπικαλουμένοις
2898 4811 2994 4880 τὴν
3024 4809 3256 4880 ζωτικὴν
3284 4810 3447 4863 αὐτοῦ
3482 4809 3736 4881 δύναμιν,

2158 4907 2399 4976 παρόντα
2448 4906 2505 4958 δὲ
2551 4905 2611 4958 τὸ
2669 4898 2864 4957 οἰκεῖον
2914 4905 3124 4967 madv;
3153 4902 3309 4953 Ἴδιον
3343 4901 3399 4953 δὲ
3443 4905 3541 4973 τῆς
3586 4903 3739 4967 θείας

2159 4997 2438 5069 ἐνεργείας
2508 4999 2540 5067 ἡ
2589 4996 2696 5049 τῶν
2728 4994 2993 5066 δεομένων
3030 4994 3146 5047 ἐστὶ
3196 4992 3456 5063 σωτηρία.
3491 4993 3642 5064 Αὕτη
3681 4995 3739 5047 δὲ

2157 5089 2244 5141 διὰ
2282 5091 2377 5157 τῆς
2410 5090 2465 5140 ἐν
2492 5085 2644 5139 ὓδατι
2690 5085 3005 5156 καθάρσεως
3047 5082 3263 5153 ἐνεργὸς
3314 5083 3544 5149 γίνεται.
3588 5083 3648 5136 '0
3679 5083 3738 5137 δὲ

2159 5178 2511 5250 καθαρισθεὶς
2540 5179 2597 5230 ἐν
2635 5176 2891 5246 μετουσίᾳ
2920 5178 3020 5245 τῆς
3061 5173 3428 5244 καθαρότητος
3458 5173 3630 5227 ἔσται.
3662 5172 3737 5227 τὸ

2158 5268 2213 5321 δὲ
2237 5266 2451 5335 ἀληθῶς
2474 5264 2712 5334 καθαρὸν
2745 5264 2776 5332 ὴ
2808 5263 2999 5332 θεότης
3038 5261 3204 5317 ἐστίν.
3247 5262 3409 5332 Ὁρᾷς
3462 5263 3609 5325 ὅπως
3646 5280 3737 5333 μι-

2159 5359 2288 5428 κρόν
2319 5375 2370 5409 τι
2410 5357 2470 5409 τὸ
2502 5356 2644 5409 κατά
2695 5354 2791 5423 τὴν
2820 5354 2991 5423 ἀρχήν
3028 5354 3140 5405 ἐστι
3185 5353 3276 5405 καὶ
3304 5351 3737 5421 εὐκατόρθωτον,

2161 5450 2341 5508 πίστις
2366 5446 2456 5498 καὶ
2484 5445 2627 5515 ὕδωρ
2646 5459 2659 5473 ·
2686 5445 2718 5513 ἡ
2752 5444 2849 5512 μὲν
2876 5442 3024 5505 ἐντὸς
3052 5443 3147 5511 τῆς
3180 5442 3550 5512 προαιρέσεως
3578 5443 3738 5513 ἡμῶν

2161 5536 2529 5606 ἀποκειμένη·
2583 5535 2644 5588 τὸ
2676 5536 2733 5588 δὲ
2792 5522 3083 5604 σύντροςον
3124 5535 3189 5602 τῇ
3235 5532 3549 5605 ἀνθρωπίνη
3594 5535 3733 5608 ζωῇ.

2174 5629 2329 5685 ’Λλλά
2396 5630 2455 5682 τὸ
2520 5632 2582 5684 ἐκ
2642 5628 2843 5683 τούτων
2899 5628 3269 5697 ἀναφυόμενον
3344 5627 3549 5697 ἀγαθὸν
3612 5633 3735 5685 ὅσον
