3980 6198
534 280 606 341 95
1806 273 1865 329 S.
1898 238 2097 330 GltEGt

2209 273 2228 329 1
2266 270 2560 341 ΝἶδδΕΝΙ
3728 272 3802 327 96

537 403 632 451 tua
662 393 901 449 motione
930 391 994 446 ad
1027 406 1085 446 se
1113 389 1395 446 attrahens
1430 388 1480 444 id
1527 389 1673 459 quod
1715 389 1907 459 deest,
1938 399 1993 446 et
2024 406 2097 447 re-

2214 392 2464 463 πυθμένα
2518 392 2578 445 τὸ
2622 391 2935 463 ἐγκείμενον
2965 364 3190 458 ὑπεξίοι,
3221 392 3321 446 οὐκ
3347 392 3413 447 ἂν
3445 392 3709 461 φυλάσσοι
3740 389 3805 443 τὺ

538 489 745 558 pellens
793 487 844 541 id
875 486 1016 554 quod
1062 492 1147 537 cst
1180 483 1677 552 supervacaneum?
1722 482 1789 537 Et
1832 485 2111 551 quomodo

536 590 660 634 uter
683 577 882 647 aliquis
907 576 1091 645 aliquo
1111 576 1342 629 humore
1363 576 1577 644 plenus,
1604 575 1651 630 si
1668 575 1721 629 in
1741 575 1909 630 fundo
1947 582 2107 629 exeat

534 669 588 722 id
631 668 774 738 quod
823 668 873 719 in
914 682 980 722 eo
1022 676 1110 723 est
1142 668 1417 736 positum,
1455 668 1510 722 in
1541 668 1921 739 magnitudine
1952 683 2109 723 suam

535 774 646 813 non
680 760 977 813 servaverit
1011 759 1237 829 ﬁguram
1259 800 1273 821 ,
1315 759 1421 823 nisi
1463 775 1698 830 superne
1733 775 1835 826 pro
1861 774 1927 813 eo
1964 760 2109 829 quod

533 852 667 907 exiit
695 851 1033 920 ingrediatur
1064 851 1211 905 aliud
1243 850 1311 905 ad
1344 850 1398 904 id
1424 851 1567 920 quod
1592 850 1903 905 exinanitur
1929 869 1943 905 ε
1975 852 2111 906 adeo

534 952 593 996 ut
640 942 761 1011 qui,
789 940 953 1004 videt.
984 940 1357 1012 magnitudine
1409 940 1705 996 distentum
1752 941 1915 1010 hujus
1962 942 2111 999 vasis

531 1033 798 1086 ambitum
818 1070 835 1094 ,
864 1032 1003 1087 sciat
1032 1046 1154 1095 eum
1188 1048 1294 1087 non
1337 1047 1460 1089 esse
1500 1032 1781 1102 proprium
1810 1032 1930 1101 ejus
1964 1034 2109 1102 quod

530 1131 758 1191 apparet
788 1165 804 1191 ,
835 1124 929 1179 sed
956 1124 1010 1179 id
1040 1124 1184 1194 quod
1204 1120 1423 1190 inﬂuit,
1453 1138 1576 1179 eum
1612 1125 1675 1178 itr
1694 1139 1761 1179 eo
1793 1124 1955 1179 fuerit
1980 1124 2112 1194 ligu-

529 1228 655 1267 rare
709 1213 765 1268 id
822 1214 966 1283 quod
1010 1214 1251 1269 continet
1299 1212 1774 1284 magnitudinem:
1809 1216 1884 1270 ita
1940 1216 2107 1271 etiam

529 1306 782 1373 corporis
830 1307 1005 1365 nostri
1056 1306 1394 1367 constructio
1442 1306 1589 1371 nihil
1664 1307 1887 1376 quidem
1942 1307 2108 1364 habet

530 1398 815 1466 proprium
849 1397 1010 1453 nobis
1038 1398 1319 1469 cognitum
1371 1397 1441 1461 ad
1491 1397 1578 1452 sui
1620 1398 2107 1463 constitutionem,

528 1504 627 1558 per
654 1505 776 1546 eam
814 1499 995 1544 autem
1026 1506 1149 1559 qua:
1188 1488 1577 1567 intromittitur
1617 1489 1878 1545 virtutem
1923 1497 2108 1553 manet

529 1582 584 1635 in
616 1580 874 1655 essgtia.
926 1580 998 1634 Ea
1040 1589 1223 1635 autem
1253 1580 1431 1635 virtus
1460 1580 1777 1636 alimentum
1820 1587 1875 1635 et
1925 1588 2011 1635 est
2056 1588 2110 1635 et

524 1660 749 1728 dicitur.
780 1672 1048 1728 Praeterea
1094 1680 1280 1727 autem
1331 1684 1439 1727 non
1481 1671 1623 1727 idem
1671 1671 1929 1727 omnibus
1984 1687 2106 1741 quae

2214 486 2341 554 περὶ
2367 484 2457 538 τὸν
2482 485 2643 553 ὄγκον
2670 484 2860 538 ἑαυτοῦ
2883 484 3086 553 σχῆμα,
3111 484 3184 554 μὴ
3207 485 3565 547 ἀντειπόντος
3589 483 3803 536 ἄνωθεν

2211 579 2400 648 ἐτέρου
2458 579 2594 648 πρὸς
2642 576 2701 629 τὸ
2754 575 3115 646 κενούμενονο
3160 572 3301 627 ὥστε
3336 576 3426 628 τὸν
3463 576 3672 645 ὁρῶντα
3697 576 3802 646 τὴν

2210 668 2422 740 ὀγκώδη
2439 668 2532 721 τοῦ
2559 668 2778 737 ἀγγείου
2810 668 2997 720 τούτου
3020 662 3297 737 περιοχὴν,
3328 667 3523 719 εἰδέναι
3549 666 3625 736 μὴ
3659 666 3802 719 ἰδίαν

2210 756 2350 813 εἶναι
2380 759 2472 813 τοῦ
2497 760 2817 829 φαινομένου
2844 776 2856 788 ·
2880 758 3012 811 ἀλλά
3051 757 3112 808 τὸ
3151 757 3361 827 εἰσρέον
3390 758 3445 809 ἐν
3479 756 3629 824 αὑτῷ
3650 756 3801 821 γινόο

2212 866 2373 919 μενον
2415 848 2764 921 σχηματίζειν
2804 846 2865 901 τὸ
2886 848 3152 923 περιέχον
3186 849 3273 901 τὸν
3306 847 3491 915 ὄγκον·
3531 840 3678 902 οὕτω
3703 849 3801 900 καὶ

2210 943 2243 1011 ἡ
2268 940 2360 995 τοῦ
2409 941 2655 1011 σώματος
2712 940 2868 1012 ἡμῶν
2899 940 3212 1010 κατασκευὴ
3243 939 3371 992 ἴδιον
3400 939 3498 1007 μὲν
3532 939 3671 1010 πρὸς
3699 939 3800 1009 τὴν

2210 1035 2409 1104 ἑαυτῆς
2431 1033 2685 1087 σύστασιν
2705 1027 2855 1085 οὐδὲν
2886 1032 3013 1101 ἡμῖν
3035 1031 3309 1102 γνώριμον
3335 1030 3468 1100 ἔχει,
3496 1030 3585 1084 διὰ
3617 1030 3676 1082 δὲ
3697 1033 3801 1100 τῆς

2209 1124 2642 1195 ὲπεισαγομένης
2696 1124 2997 1193 δυνάμεως,
3039 1125 3097 1175 ὲν
3143 1122 3221 1194 τῷ
3254 1119 3393 1176 εἷναι
3436 1122 3608 1193 μένει.
3647 1124 3714 1175 Ἡ
3742 1123 3799 1176 δὲ

2208 1214 2435 1284 δύναμις
2465 1212 2600 1285 αῦτη
2635 1214 2806 1286 τροφὴ
2835 1213 2930 1268 καὶ
2955 1214 3070 1267 ἔστι
3094 1216 3187 1268 καὶ
3202 1214 3435 1282 λέγεται.
3472 1212 3593 1266 Ἔτι
3617 1213 3676 1271 δὲ
3700 1213 3799 1283 οὐχ

2207 1305 2241 1375 ὴ
2277 1304 2413 1374 αὑτὴ
2438 1306 2573 1369 πᾶσι
2602 1308 2712 1368 τοῖς
2741 1306 3091 1375 τρεφομένοις
3119 1304 3355 1376 σώμασι,
3385 1304 3520 1381 ἀλλά
3556 1322 3640 1367 τις
3663 1304 3797 1357 ἑκά·

2211 1412 2321 1466 στῳ
2364 1396 2695 1466 κατάλληλος
2736 1395 2889 1467 παρὰ
2934 1396 3026 1449 τοῦ
3069 1397 3167 1467 τὴν
3198 1396 3357 1465 φύσιν
3384 1395 3796 1465 οἰκονομοῦντος

2209 1488 2678 1559 ἀποκεκλήρωται.
2716 1487 2800 1542 Τὰ
2827 1489 2923 1559 μὲν
2948 1488 3058 1559 γὰρ
3082 1484 3191 1538 τῶν
3211 1482 3365 1549 ζώων
3388 1487 3795 1560 ριζωρυχοῦντα

2207 1577 2467 1647 τρέφεται
2490 1592 2504 1607 '
2551 1577 2761 1648 ἑτέροις
2789 1578 2936 1631 ἐστὶν
2968 1579 3002 1647 ἡ
3047 1578 3153 1631 πόα
3204 1578 3471 1648 τρόφιμος
3499 1596 3511 1611 ·
3548 1576 3715 1630 τινῶν
3738 1576 3796 1629 δὲ

2209 1670 2243 1739 ή
2276 1668 2449 1740 τροφὴ
2480 1669 2681 1739 σάρκες
2730 1668 2887 1725 εἰσίν.
2928 1668 3225 1739 Ἀνθρώπῳ
3257 1665 3314 1721 δὲ
3353 1668 3493 1722 κατά
3524 1663 3587 1720 τὸ
3625 1684 3797 1737 προηιι-

528 1762 751 1816 aluutur
780 1762 1141 1831 corporibus,
1183 1760 1276 1816 sed
1319 1760 1592 1831 quoddam
1635 1761 1933 1830 unicuique
1972 1776 2097 1817 con-

2204 1759 2467 1831 γούμενον
2493 1760 2675 1831 ἄρτος,
2715 1759 2810 1812 καὶ⁸
2845 1761 2925 1823 εἰς
2950 1761 3047 1830 τὴν
3082 1761 3179 1814 τοῦ
3208 1759 3376 1831 ὑγροῦ
3416 1759 3680 1829 διαμονὴν
3703 1760 3796 1814 καὶ

526 1866 730 1919 gruens
757 1853 1079 1907 attributum
1109 1860 1192 1907 est
1218 1852 1286 1906 ab
1312 1866 1378 1907 eo
1407 1851 1502 1921 qui
1532 1861 1783 1907 naturam
1802 1851 2100 1923 ldispensat

525 1954 578 1998 et
613 1943 982 1998 administrat.
1032 1942 1165 1999 Nam
1198 1945 1303 1997 alia
1337 1945 1554 2013 quidem
1587 1943 1843 1998 animalia
1876 1944 2099 1998 aluntur

524 2036 741 2092 eﬁ'ossis
770 2037 1049 2093 radicibus
1078 2055 1093 2102 ;
1129 2037 1235 2091 alia
1269 2045 1451 2092 autem
1487 2038 1712 2091 aluntur
1744 2036 1931 2092 herbis
1958 2052 1972 2100 ;
2003 2036 2102 2090 ali-

522 2143 757 2195 quorum
798 2136 984 2181 autem
1027 2128 1423 2181 nutrimentum
1459 2134 1588 2181 sunt
1618 2140 1836 2181 carnes.
1883 2123 2103 2178 Homini

526 2226 707 2270 autem
737 2216 1011 2285 praecipue
1038 2224 1123 2271 est
1156 2217 1313 2285 panis
1334 2256 1349 2280 ,
1380 2223 1434 2270 et
1464 2216 1532 2269 ad
1565 2216 1810 2271 humoris
1837 2214 2102 2285 perdura-

525 2305 731 2359 tionem
777 2314 831 2361 et
879 2306 1350 2361 conservationem
1402 2316 1601 2375 potus,
1650 2320 1759 2360 non
1813 2306 1930 2375 ipsa
1985 2305 2103 2359 sola

524 2411 699 2466 aqua,
738 2398 834 2453 sed
862 2399 994 2452 vino
1023 2412 1166 2467 saepe
1205 2398 1464 2464 condita,
1508 2398 1578 2454 ad
1619 2413 1777 2468 opem
1821 2397 2098 2453 ferendam

524 2486 741 2541 interno
786 2494 976 2543 nostro
1022 2488 1214 2543 calori.
1245 2486 1347 2553 Qui
1376 2501 1507 2556 ergo
1535 2488 1603 2542 ad
1646 2502 1710 2542 ea
1741 2487 1973 2556 aspicit.
2004 2499 2097 2555 po-

2207 1850 2534 1922 συντήρησιν
2584 1845 2743 1903 ποτὸν
2772 1851 2999 1919 γίνεται,
3033 1852 3134 1905 οὐκ
3158 1852 3289 1907 αὐτὸ
3324 1851 3485 1920 μόνον
3520 1851 3597 1911 Δτὸ
3625 1851 3792 1921 ὕδωρ,

2204 1934 2320 1993 ἀλλ’
2348 1938 2475 2009 οἴνῳ
2504 1937 2760 2003 πολλάκις
2799 1937 3214 2007 ὲφηδυνόμενον,
3250 1937 3385 2007 πρὸς
3409 1936 3505 2006 τὴν
3529 1935 3625 1988 τοῦ
3670 1935 3794 2005 Οερ-

2208 2030 2308 2101 μοῦ
2336 2029 2428 2084 τοῦ
2457 2031 2517 2082 ὲν
2548 2031 2678 2100 ἡμῖν
2738 2030 3072 2099 συμμαχίαν.
3109 2026 3317 2082 Οὐκοῦν
3353 2029 3383 2080 ὁ
3436 2026 3572 2098 πρὸς
3616 2025 3792 2080 ταῦτα

2209 2121 2442 2191 βλέπων,
2472 2118 2697 2189 δυνάμει
2724 2116 2860 2190 πρὸς
2887 2120 2977 2172 τὸν
2997 2117 3159 2188 ὄγκον
3177 2118 3271 2173 τοῦ
3301 2117 3569 2189 ἡμετέρου
3605 2116 3791 2187 σώμα-

2206 2222 2296 2275 τος
2319 2210 2526 2281 βλέπει.
2569 2210 2656 2262 Ἐν
2704 2211 2827 2280 ἐμοὶ
2862 2208 2970 2280 γὰρ
3013 2211 3199 2263 ἐκεῖνα
3231 2210 3497 2280 γενόμενα
3527 2203 3677 2278 αἷμα
3700 2207 3794 2261 καὶ

2204 2302 2365 2369 σῶμα
2399 2301 2607 2370 γίνεται
2643 2301 3015 2371 καταλλήλως,
3042 2301 3129 2354 διὰ
3158 2304 3257 2372 τῆς
3295 2299 3662 2370 ἀλλοιωτικῆς
3703 2299 3791 2352 δυ-

2202 2393 2417 2463 νάμεως
2447 2393 2581 2463 πρὸς
2610 2391 2671 2445 τὸ
2700 2389 2791 2445 τοῦ
2825 2389 3076 2461 σώματος
3104 2386 3242 2457 εἶδος
3269 2394 3368 2464 τῆς
3400 2391 3607 2464 τροφῆς
3633 2390 3791 2446 καθι-

2199 2482 2495 2553 σταμένης.

520 2585 720 2634 testate
766 2579 963 2646 aspicit
1012 2578 1077 2632 ad
1120 2576 1378 2645 corporis
1420 2577 1595 2632 nostri
1643 2577 2099 2648 magnitudinem.
2140 2570 2276 2626 Nam
2312 2588 2434 2626 cum
2470 2571 2561 2626 illa
2594 2572 2649 2627 in
2684 2588 2774 2627 me
2806 2568 3039 2638 fuerint,
3108 2569 3245 2627 ﬁunt
3312 2572 3539 2644 sanguis
3569 2577 3625 2625 et
3667 2583 3791 2624 cor-

522 2682 661 2740 pus.
706 2671 1045 2725 nutrimento
1094 2685 1191 2738 per
1240 2670 1344 2724 vim
1395 2671 1664 2727 alterandi
1720 2676 2088 2742 congruenter
2125 2667 2345 2723 redacto
2374 2668 2440 2721 ad
2474 2668 2703 2721 formam
2734 2671 3004 2738 corporis.

594 2761 690 2815 llis
716 2778 746 2815 a
772 2761 937 2817 nobis
964 2762 1066 2819 hoc
1098 2763 1257 2817 modo
1282 2762 1557 2817 distinctis
1584 2777 1649 2817 ac
1675 2762 1966 2817 declaratis
1986 2801 2002 2825 ,
2029 2762 2094 2821 ad

522 2869 586 2909 ea
633 2870 753 2924 quae
803 2862 932 2910 sunt
980 2856 1296 2926 preposita,
1341 2854 1648 2911 revocanda
1692 2861 1777 2908 est
1817 2853 2095 2925 cogitatio.

520 2944 883 3010 Qumebatur
906 2946 1052 2999 enim
1091 2943 1550 3015 quemadmodum
1580 2943 1727 3015 quod
1767 2952 1853 3000 est
1906 2945 1961 2999 in
2001 2944 2096 3001 illo

520 3048 724 3103 eorws
747 3034 952 3090 Christi
971 3034 1242 3099 ,viviﬁcat
1264 3049 1479 3090 omnem
1505 3036 1787 3091 hominum
1809 3043 2091 3100 naturam,

522 3122 577 3174 in
620 3123 821 3191 quibus
868 3130 951 3179 est
990 3122 1160 3187 ﬁdes,
1206 3125 1463 3180 omnibus
1506 3123 1899 3189 distributum,
1932 3134 1985 3179 et
2013 3124 2093 3193 ip-

518 3227 639 3267 sum
670 3213 896 3269 minime
922 3214 1270 3270 diminutum.
1298 3213 1563 3271 Fortasse
1590 3230 1724 3286 ergo
1750 3231 1860 3270 non
1904 3216 2098 3283 procul

520 3304 784 3361 absumus
822 3321 853 3360 a
893 3306 1163 3374 probabili
1193 3306 1429 3360 ratione.
1454 3305 1588 3359 Nam
1618 3306 1663 3361 si
1694 3306 1944 3374 cujusvis
1984 3320 2101 3360 cor-

518 3396 669 3463 poris
694 3396 1056 3450 subsistentia
1080 3396 1441 3457 nutrimento.
1467 3396 1725 3455 nimirum
1751 3396 1876 3450 cibo
1896 3404 1949 3450 et
1970 3405 2097 3466 potu

519 3492 770 3546 constet,
805 3485 879 3538 sit
905 3492 1089 3538 autem
1122 3485 1281 3541 cibus
1317 3484 1405 3539 ille
1435 3486 1592 3553 panis
1611 3526 1626 3550 ,
1661 3497 1929 3554 potusque
1959 3502 2098 3557 aqua

518 3573 649 3626 vino
687 3572 1033 3638 exhilarata;
1079 3572 1174 3627 Dei
1219 3581 1400 3629 autem
1448 3572 1722 3641 Verbum,
1760 3576 1905 3630 sicut
1945 3579 2097 3647 prius

518 3672 603 3719 est
630 3664 916 3719 deﬁnitum
937 3703 952 3727 ,
986 3663 1133 3733 quod
1172 3671 1256 3719 est
1296 3664 1441 3721 Deus
1468 3674 1522 3721 et
1550 3665 1786 3723 Verbum
1807 3709 1822 3735 ,
1859 3668 2095 3724 humana

519 3768 604 3810 est
634 3764 828 3809 natura
859 3765 1325 3824 contemperatum
1353 3774 1368 3822 ;
1396 3763 1452 3811 et
1484 3772 1608 3813 cum
1641 3768 1787 3814 esset
1820 3759 1875 3813 in
1908 3770 2097 3816 nostro

510 3856 779 3909 corpore,
809 3855 919 3895 non
950 3843 1188 3911 aliquam
1221 3844 1382 3898 aliam
1414 3840 1666 3901 humanm
1697 3856 1904 3901 naturae
1937 3850 2097 3904 inno-

517 3931 671 3985 vavit
693 3931 1143 3984 constitutionem
1173 3973 1186 3995 ,
1210 3930 1304 3986 sed
1333 3946 1428 4000 per
1447 3947 1511 3986 ea
1539 3948 1660 4002 quae
1682 3942 1809 3988 sunt
1832 3943 2096 3991 consueta

516 4031 573 4076 et
598 4023 983 4090 congruentia,
1027 4036 1129 4075 suo
1170 4021 1390 4090 corpori
1429 4022 1577 4078 dedit
1614 4026 2048 4093 permansionem
2078 4072 2092 4097 ,

514 4114 644 4167 cibo
691 4119 745 4167 et
782 4121 913 4182 potu
958 4112 1251 4170 continens
1292 4114 1679 4170 substantiam.
1719 4116 1884 4175 Cibus
1915 4128 2092 4175 autem

518 4212 637 4258 erat
667 4205 847 4273 panis.
876 4204 1162 4270 Quomodo
1185 4221 1315 4276 ergo
1341 4208 1395 4260 in
1422 4207 1582 4263 nobis
1602 4241 1617 4272 ,
1649 4209 1926 4279 sicutjam
1952 4228 2095 4282 saepe

514 4295 723 4350 dictum
751 4305 836 4351 est
855 4337 869 4360 ,
900 4298 992 4366 qui
1022 4313 1217 4367 panem
1248 4297 1409 4362 vidit,
1450 4299 1747 4354 humanum
1788 4317 1989 4372 corpus
2016 4304 2095 4358 vi-

516 4388 607 4442 det
632 4390 1032 4457 quodammodo
1052 4431 1067 4454 ,
1098 4389 1243 4459 quod
1275 4405 1398 4444 cum
1444 4390 1536 4445 ille
1577 4390 1632 4444 in
1660 4406 1726 4447 eo
1761 4391 1921 4446 fuerit
1946 4429 1961 4456 ,
1991 4393 2093 4449 hoc

2275 2757 2490 2811 Τούτων
2528 2760 2660 2828 ἡμῖν
2703 2759 2890 2813 τοῦτον
2933 2756 3415 2833 διευκρινηθέντων
3444 2756 3536 2813 τδν
3568 2757 3793 2829 τρόπον,

2204 2848 2538 2903 ἐπανακτέον
2570 2850 2727 2904 πάλιν
2756 2850 2892 2922 πρὸς
2929 2851 2997 2905 τὰ
3034 2852 3368 2924 προκείμενα
3399 2850 3499 2922 τὴν
3528 2849 3791 2904 διάνοιαν.

2215 2939 2485 3011 Ἐξητεῖτο
2515 2941 2643 3011 γὰρ,
2676 2940 2793 3005 πῶς
2820 2941 2881 2994 τὸ
2906 2943 2964 2993 ἐν
2995 2943 3185 3012 ἐκείνῳ
3224 2942 3381 3013 σῶμα
3408 2941 3502 2995 τοῦ
3529 2939 3791 3012 Χριστοῦ,

2204 3033 2381 3086 πᾶσαν
2408 3032 2661 3097 ζωοποιεί
2691 3033 2787 3102 τὴν
2819 3033 2924 3084 τῶν
2968 3033 3267 3104 ἀνθρώπων
3297 3032 3457 3103 φύσιν
3477 3074 3493 3099 ,
3539 3035 3597 3085 ἐν
3646 3033 3793 3094 ὅσοις

2202 3123 2234 3193 ἠ
2265 3122 2444 3185 πίστις
2472 3121 2608 3185 ἐστὶ,
2640 3123 2774 3191 πρὸς
2801 3121 3005 3185 πάντας
3040 3121 3415 3194 μεριζόμενον,
3447 3124 3540 3176 καὶ
3569 3122 3705 3177 αὐτὸ
3734 3118 3795 3177 οὐ

2205 3213 2543 3283 μειούμενον.
2594 3214 2746 3282 Τάχα
2796 3213 2972 3267 τοίνυν
3017 3214 3183 3282 ἐγγὺς
3228 3214 3322 3267 τοῦ
3374 3213 3584 3278 εἰκότος
3629 3213 3793 3283 λόγου

2201 3304 2475 3373 γινόμεθα.
2518 3304 2581 3356 Εἰ
2625 3304 2732 3372 γὰρ
2775 3304 2971 3368 παντὸς
3014 3304 3261 3374 σώματος
3309 3307 3342 3376 ἡ
3383 3306 3686 3368 ὑπόστασις
3729 3308 3791 3358 ὲκ

2198 3396 2297 3465 τῆς
2328 3394 2531 3464 τροφῆς
2564 3394 2788 3462 γίνεται,
2825 3392 2961 3465 αὕτη
2987 3393 3044 3447 δὲ
3077 3395 3277 3465 βρῶσις
3307 3396 3402 3449 καὶ
3436 3396 3595 3460 πόσις
3616 3395 3791 3449 ἐστίν’

2199 3486 2313 3539 ἔστι
2343 3486 2398 3538 δὲ
2437 3488 2494 3540 ἐν
2520 3490 2584 3557 τῇ
2615 3486 2813 3557 βρώσει
2842 3488 3024 3558 ἄρτος,
3061 3491 3118 3541 ὲν
3156 3488 3212 3541 δὲ
3245 3490 3311 3560 τῇ
3358 3484 3513 3541 πόσει
3549 3488 3611 3541 τὸ
3642 3487 3791 3559 ὕδωρ

2200 3576 2566 3646 ἒφηδυσμένον
2595 3576 2672 3647 τῷ
2697 3578 2823 3647 οἴνῳ
2845 3594 2855 3606 ·
2887 3578 2913 3631 ό
2936 3578 2993 3631 δὲ
3021 3578 3111 3632 τοῦ
3138 3578 3273 3631 Θεοῦ
3300 3580 3491 3647 Λόγος,
3516 3578 3704 3642 καθὼς
3735 3582 3792 3633 ὲν

2197 3671 2310 3730 τοῖς
2338 3669 2573 3740 πρώτοις
2598 3669 2869 3741 διῄρηται,
2900 3672 2927 3724 ό
2968 3671 3062 3723 καὶ
3102 3670 3234 3735 Θεὸς
3271 3669 3346 3724 ὢν
3370 3672 3463 3724 καὶ
3491 3671 3685 3739 Λόγος,
3724 3671 3794 3742 τῇ

2197 3758 2512 3834 ἀνθρωπίνῃ
2541 3762 2851 3832 συνεκράθη
2877 3761 3056 3831 φύσει,
3090 3762 3182 3814 καὶ
3215 3762 3271 3813 ἐν
3300 3762 3375 3832 τῷ
3414 3761 3627 3832 σώματι
3656 3763 3799 3833 ἡμε-

2196 3851 2338 3920 τέρῳ
2385 3854 2707 3921 γενόμενος,
2753 3853 2852 3907 οὐκ
2897 3854 3063 3923 ἄλλην
3111 3853 3231 3905 τινὰ
3278 3854 3793 3925 παρεκαινοτόμησε

2196 3943 2261 4009 τῇ
2292 3940 2603 4013 ἀνθρωπίνῃ
2627 3942 2785 4011 φύσει
2812 3944 2909 4013 τὴν
2940 3943 3195 3995 σύστασιν
3213 3958 3228 3973 θ
3259 3943 3395 3997 ἀλλά
3416 3944 3506 3997 διὰ
3524 3944 3633 3998 τῶν
3664 3962 3797 3998 συν·-

2197 4030 2341 4101 ήθων
2369 4048 2428 4083 τε
2464 4032 2555 4085 καὶ
2587 4033 2936 4103 καταλλήλων
2965 4034 3132 4088 ἔδωκε
3164 4035 3241 4107 τῷ
3289 4034 3409 4088 καθ’
3455 4036 3648 4089 ἑαυτὸν
3676 4035 3793 4092 σώ-

2198 4144 2328 4197 ματι
2353 4129 2449 4199 τὴν
2474 4128 2750 4200 διαμονὴν,
2780 4130 2977 4201 βρώσει
3003 4133 3096 4185 καὶ
3123 4131 3277 4184 πόσει
3306 4127 3655 4202 περικρατῶν
3687 4128 3795 4201 τὴν

2197 4217 2511 4273 ὑπόστασιν.
2554 4221 2616 4273 Ἦ
2666 4221 2721 4274 δὲ
2768 4221 2967 4292 βρῶσις
3011 4223 3174 4292 ἄρτος
3219 4218 3308 4293 ἦν.
3352 4222 3562 4289 Ὠσπερ
3603 4217 3795 4271 τοίνυν

2194 4306 2279 4374 ἐφ’
2314 4307 2489 4377 ἡμῶν,
2524 4308 2704 4371 καθὼς
2740 4310 2838 4379 ἤδη
2872 4310 3129 4373 πολλάκις
3164 4310 3397 4381 εἴρηται,
3436 4310 3465 4361 ό
3493 4308 3586 4361 τὸν
3620 4307 3793 4377 ἄρτον

2199 4397 2343 4463 ἰδὼν,
2367 4400 2564 4469 τρόπον
2586 4402 2707 4455 τινὰ
2734 4402 2794 4454 τὸ
2817 4403 3152 4475 ἀνθρώπινον
3183 4405 3366 4473 βλέπει
3406 4401 3585 4472 σῶμα,
3615 4401 3699 4454 ὅτι
3731 4404 3791 4454 ὲν

516 4480 613 4535 ﬁt:
650 4482 721 4536 ita
756 4482 867 4538 illic
906 4499 1126 4553 quoque
1152 4484 1299 4553 quod
1342 4483 1515 4541 Deum
1564 4486 1807 4554 suscepit
1851 4501 2085 4556 corpus,

2202 4486 2364 4556 τούτῳ
2400 4488 2577 4542 ἐκεῖνο
2621 4493 2927 4561 γενόμενον,
2976 4493 3133 4546 τοῦτο
3163 4493 3370 4560 γίνεται
3392 4508 3403 4519 ’
3439 4489 3582 4544 οὓτω
3621 4491 3793 4543 κάκεῖ

512 4589 638 4628 cum
671 4577 825 4643 panis
868 4578 1186 4631 alimentum
1226 4579 1560 4648 accepisset,
1589 4579 1826 4651 quadam
1866 4582 2080 4638 ratione

514 4662 658 4717 idem
684 4673 802 4718 erat
827 4667 971 4735 quod
999 4668 1108 4730 ille,
1134 4669 1417 4733 alimento,
1442 4677 1502 4724 ut
1527 4670 1733 4725 dictum
1762 4679 1846 4727 est
1867 4709 1882 4735 ,
1912 4680 2090 4729 trans-

506 4762 679 4809 eunte
722 4756 775 4810 in
821 4766 1072 4812 naturam
1104 4762 1373 4828 corporis.
1402 4761 1536 4815 Nam
1564 4762 1709 4831 quod
1740 4770 1822 4817 est
1844 4766 2084 4818 omnium

514 4845 795 4915 proprium
822 4887 834 4909 ,
870 4846 925 4902 id
956 4864 1177 4918 quoque
1211 4865 1309 4919 pro
1342 4859 1493 4905 certo
1523 4859 1577 4905 et
1609 4854 1882 4907 constanti
1917 4864 1998 4909 est
2032 4855 2085 4909 in

516 4937 606 4989 illa
639 4950 839 5000 carne,
874 4955 1072 5010 nempe
1104 4941 1250 5012 quod
1290 4942 1423 4997 illud
1457 4959 1674 5012 quoque
1704 4960 1904 5014 corpus
1947 4961 2088 5016 pane

511 5026 919 5082 continebatur.
954 5031 1168 5101 Corpus
1211 5041 1392 5088 autem
1458 5033 1550 5089 Dei
1608 5025 1767 5089 Verbi
1812 5036 2086 5091 inhabita-

510 5119 665 5172 tione
696 5119 760 5173 ad
780 5119 1020 5176 divinam
1056 5130 1478 5177 transmutatam
1498 5132 1581 5179 est
1610 5125 1947 5196 dignitatem.
1982 5125 2087 5182 Re-

508 5217 601 5264 cte
628 5222 760 5279 ergo
786 5227 943 5265 .nunc
971 5224 1192 5282 quoque
1222 5212 1319 5269 Dei
1351 5212 1528 5270 Verbi
1553 5216 1954 5273 sanctiﬁcatum
1974 5234 2085 5288 ipa-

511 5309 635 5354 nem
671 5298 727 5353 in
755 5297 847 5355 Dei
874 5296 1034 5355 Verbi
1062 5315 1262 5372 corpus
1287 5301 1449 5357 credo
1474 5305 1846 5359 transmutari.
1872 5304 2080 5360 Etenim

513 5390 671 5457 panis
702 5402 822 5446 erat
858 5400 1126 5463 potestate
1159 5393 1293 5449 illud
1322 5409 1545 5464 corpus.
1588 5393 1712 5448 Fuit
1743 5403 1921 5450 autem
1956 5412 2082 5451 san-

516 5479 789 5540 ctiﬁcatus
820 5485 1162 5541 habitatione
1192 5483 1352 5540 Verbi
1375 5528 1389 5551 ,
1423 5485 1565 5555 quod
1608 5494 1865 5556 tanquam
1913 5488 1966 5542 in
2004 5497 2084 5541 ta-

517 5569 816 5626 bernaculo
862 5576 1129 5631 habitavit
1182 5577 1232 5630 in
1282 5592 1463 5632 carne.
1513 5578 1679 5645 Igitur
1711 5579 1851 5633 unde
1893 5580 1945 5632 in
1997 5580 2087 5634 illo

517 5674 753 5733 corpore
801 5673 1197 5725 transmutatus
1256 5670 1409 5741 panis
1473 5670 1666 5726 transit
1748 5671 1801 5725 in
1849 5670 2086 5725 divinam

2191 4578 2251 4631 τὸ
2279 4578 2519 4649 θεοδόχον
2546 4580 2705 4652 σῶμα
2732 4582 2831 4652 τὴν
2855 4585 3061 4653 τροφὴν
3102 4585 3266 4655 ἄρτου
3314 4583 3788 4655 παραδεξάμενον,

2184 4669 2332 4740 λόγῳ
2355 4673 2459 4726 τινὶ
2482 4673 2680 4726 ταύτὸν
2697 4668 2764 4745 ἦν
2797 4674 3008 4744 ἐκείνῳ,
3042 4676 3139 4746 τῆς
3164 4676 3388 4746 τροφῆς,
3424 4674 3609 4737 καθὼς
3630 4676 3791 4745 εἴρη-

2189 4777 2299 4824 ται,
2336 4761 2470 4831 πρὸς
2506 4762 2602 4831 τὴν
2635 4763 2724 4815 τοῦ
2758 4763 3008 4834 σώματος
3045 4765 3204 4834 φύσιν
3253 4766 3675 4836 μεθισταμένης.
3710 4767 3789 4818 Τὸ

2190 4848 2297 4919 γὰρ
2327 4849 2541 4903 πάντων
2575 4850 2723 4916 ἴδιον,
2752 4852 2842 4905 καὶ
2863 4852 2949 4906 ἐπ’
2976 4853 3189 4924 ἐκείνης
3216 4856 3315 4924 τῆς
3344 4853 3545 4924 σαρκὸς
3569 4853 3787 4923 ὡμολο-

2193 4936 2358 5007 γήθη,
2385 4938 2465 4990 ὃτι
2497 4937 2646 5008 ἄρτῳ
2683 4940 2901 5013 κάκεῖνο
2946 4940 3006 4994 τὸ
3045 4938 3203 5011 σῶμα
3238 4942 3589 5013 διεκρατεῖτο.
3625 4941 3700 4995 Τὸ
3725 4944 3786 4997 δὲ

2196 5027 2353 5096 σῶμα
2384 5031 2450 5099 τῇ
2488 5030 2756 5100 ἐνοικήσει
2789 5029 2880 5083 τοῦ
2904 5030 3037 5083 Θεοῦ
3063 5033 3235 5102 Λόγου
3270 5034 3411 5104 πρὸς
3453 5032 3549 5104 τὴν
3590 5034 3789 5105 Οεῐκὴν

2192 5118 2345 5183 ἀξίαν
2377 5123 2724 5193 μετεποιήθη.
2757 5120 2945 5186 Καλῶς
2984 5118 3076 5179 οὖν
3115 5125 3207 5178 καὶ
3258 5124 3351 5179 νῦν
3392 5125 3481 5178 τὸν
3513 5126 3591 5195 τῷ
3623 5127 3789 5196 Λόγῳ

2191 5211 2284 5264 τοῦ
2316 5211 2448 5264 Θεοῦ
2475 5211 2834 5283 ἀγιαζόμενον
2868 5214 3028 5285 ἄρτον
3070 5218 3149 5279 εἰς
3189 5215 3347 5286 σῶμα
3370 5216 3464 5269 τοῦ
3497 5215 3633 5269 Θεοῦ
3672 5218 3790 5271 Λό-

2192 5318 2288 5369 γου
2324 5304 2728 5373 μεταποιεῖσθαι
2777 5305 3125 5376 πιστεύομαι.
3177 5307 3287 5360 Καὶ
3336 5306 3444 5379 γάρ
3495 5308 3671 5373 ὲοιεῖνο
3724 5312 3791 5362 τὸ

2192 5396 2370 5465 σῶμα,
2404 5397 2565 5465 ἄρτος
2606 5398 2672 5467 τῇ
2716 5397 2940 5469 δυνάμει
2984 5394 3070 5469 ἦν.
3112 5400 3376 5469 Ἡγιάσθη
3434 5400 3489 5454 δὲ
3532 5404 3597 5471 τῇ
3655 5403 3790 5455 ὲπι-

2196 5486 2491 5555 σκνηνώσει
2521 5487 2612 5540 τοῦ
2646 5488 2816 5557 Λόγου
2847 5489 2939 5543 τοῦ
2976 5489 3349 5562 σκηνώσαντος
3382 5494 3439 5545 ὲν
3478 5496 3542 5563 τῇ
3590 5497 3785 5565 σαρκί.

2198 5578 2404 5629 Οὐκοῦν
2444 5579 2565 5631 ὅθεν
2611 5580 2639 5631 ὁ
2684 5582 2741 5632 ἐν
2784 5581 2974 5652 ἐκείνῳ
3016 5581 3094 5651 τῷ
3136 5572 3345 5652 σώματι
3388 5585 3786 5654 μεταποιηοεὶς

2200 5670 2380 5739 ἄρτος,
2412 5670 2486 5733 εἰς
2525 5668 2672 5725 θείαν
2704 5672 2924 5741 {alliam
2953 5672 3195 5743 δύναμιν,
3231 5673 3316 5727 διὰ
3350 5673 3443 5727 τοῦ
3488 5674 3653 5729 αὑτοῦ
3689 5678 3785 5728 καὶ
