4006 6148
516 173 588 230 99
1762 175 1822 231 S.
1851 176 2176 235 GREGORII
2202 177 2493 239 NYSSENI
3662 193 3766 247 100

517 300 667 345 stare
696 295 965 344 naturam.
997 287 1208 342 Dictum
1253 294 1337 342 est
1380 288 1527 344 enim
1560 289 1704 360 quod
1752 293 1824 349 sit
1859 294 1913 349 in
1964 294 2083 365 ejus

2197 300 2307 361 τοὺς
2335 302 2660 373 γεννήτορας
2692 304 2719 356 ὁ
2754 303 2991 369 τοιοῦτος
3026 304 3260 376 αἱρεῖται
3286 305 3463 369 τόκος.
3495 307 3626 379 Διχῆ
3656 311 3766 363 τοίη

517 387 790 450 potestate
812 379 1010 450 eligere
1039 378 1333 448 genitores.
1368 381 1503 435 Cum
1527 397 1659 452 ergo
1688 399 1751 438 ea
1784 400 1905 455 qua:
1933 394 2082 449 sunt,

2197 408 2282 443 νυν
2327 391 2437 445 τῶν
2486 394 2652 447 όντων
2704 396 3138 467 μεμερισμένων,
3187 398 3267 461 εἰς
3310 397 3371 450 τὸ
3419 378 3635 452 κτιστδν
3670 401 3768 454 καὶ

519 471 803 541 dispertita
837 469 943 524 sint
972 467 1245 534 bgfariam,
1295 485 1488 540 nempe
1532 472 1588 526 in
1617 483 1861 530 creatum
1900 484 1954 532 et
2001 478 2087 531 in-

2197 480 2246 533 τὸ
2275 480 2548 545 ἇκτιστον,
2582 486 2676 538 καὶ
2707 485 2804 555 τῆς
2840 486 2937 555 μὶν
2973 485 3224 543 ἀκτίστου
3259 485 3473 554 φύσεως
3507 487 3569 540 τὸ
3599 488 3768 559 ἀτρεο

519 568 784 625 creatum,
839 566 894 614 et
937 560 1178 614 increata
1210 561 1431 630 quidem
1480 571 1679 619 natura
1734 567 2086 623 stabilitatem

2197 571 2319 624 πτὸν
2348 588 2409 625 τε
2459 575 2553 627 καὶ
2594 575 2925 643 ἀμετάθετον
2957 577 3013 629 ὲν
3046 578 3210 647 ἑαυτῇ
3263 578 3633 649 κεκτημένης·
3665 581 3768 649 τῆς

519 652 575 706 in
604 667 661 707 se
704 650 898 706 habeat
942 657 997 707 et
1041 651 1569 722 immutabilitatem,
1625 657 1691 711 ad
1730 660 2086 714 mutationem

2197 660 2241 713 Ξὲ
2283 663 2509 726 κτίσεως
2543 665 2682 735 πρὸς
2734 668 2939 739 τροπὴν
2975 668 3391 739 ἀλλοιουμένης·
3425 670 3455 722 ὁ
3498 670 3637 724 κατὰ
3678 672 3764 725 λοο

518 754 698 801 autem
729 744 992 800 alteretur
1020 752 1302 801 creatura:
1336 746 1433 816 qui
1463 748 1811 805 considerate
1842 751 1992 821 eligit
2032 750 2086 805 id

2197 754 2382 823 γισμὺν
2411 755 2471 808 τὸ
2501 755 2808 812 λυσιτελοῦν
2825 760 3270 830 προαιρούμενος,
3298 761 3440 824 τίνος
3471 762 3764 832 αἱρήσεται

520 838 665 908 quod
694 846 782 894 est
826 837 1192 902 conducibile,
1223 838 1509 907 cuiusnam
1545 841 1711 895 malet
1757 857 1878 897 esse
1921 843 2085 907 Illius,

2197 844 2386 913 μᾶλλον
2415 847 2665 914 γενέσθαι
2697 849 2902 909 τέκνον,
2935 852 3033 922 τῆς
3063 853 3122 904 ὲν
3150 854 3323 922 τροπῇ
3358 851 3761 923 θεωρουμένης,

518 930 712 998 ejasne
736 944 859 997 quae
885 928 1263 984 consideratur
1283 930 1339 983 in
1373 931 1696 993 mutatione,
1728 946 1795 986 an
1824 932 1945 1001 ejus
1963 948 2090 1003 quae

2197 926 2217 998 ἡ
2248 934 2346 1004 τῆς
2372 935 2741 1005 ἀμετάστατόν
2767 956 2826 992 τε
2871 938 2963 991 καὶ
3002 940 3207 1007 παγίαν
3253 940 3345 993 καὶ
3376 941 3459 994 ἀεὶ
3497 941 3760 1004 ὡσαύτως

520 1023 731 1076 ﬁrmam
751 1029 805 1075 et
828 1019 1073 1076 stabilem
1098 1020 1603 1092 immutabilemque
1632 1022 1792 1078 habet
1812 1033 2086 1088 naturam,

2197 1025 2411 1093 ἔχουσαν
2443 1027 2499 1078 ὲν
2530 1025 2606 1096 τῷ
2647 1027 2835 1098 ἀγαθῷ
2871 1029 3213 1099 κεκτημένης
3259 1029 3358 1098 τὴν
3389 1030 3575 1099 eam;
3606 1033 3760 1085 Ἐπεὶ

518 1122 573 1169 et
619 1116 674 1168 in
701 1113 847 1167 bono
872 1127 1086 1180 semper
1118 1112 1378 1170 similiter
1406 1122 1462 1169 et
1493 1114 1680 1169 eodem
1712 1114 1872 1170 modo
1897 1130 1957 1170 se
1986 1115 2089 1169 ha-

2197 1109 2276 1169 ιῦν
2303 1117 2362 1169 ὲν
2412 1116 2489 1188 τῷ
2529 1119 2844 1190 Εύαγγελίῳ
2875 1121 2942 1174 τὰ
2965 1121 3089 1192 τρία
3116 1121 3469 1192 παραδέδοται
3499 1122 3768 1194 πρόσωπά

517 1204 771 1259 bentem?
800 1202 1066 1270 Quoniam
1088 1218 1217 1274 ergo
1245 1204 1301 1259 in
1328 1204 1623 1272 Evangelio
1656 1213 1767 1261 tres
1803 1214 1930 1261 sunt
1960 1222 2087 1276 per-

2197 1223 2244 1259 τε
2297 1208 2390 1261 καὶ
2440 1208 2697 1279 ὀνόματα,
2738 1210 2803 1263 δι’
2842 1204 2916 1263 ὧν
2966 1213 2998 1282 ἡ
3046 1211 3255 1279 γένεσις
3290 1214 3401 1275 τοῖς
3450 1215 3767 1270 πιστεύουςι

519 1311 667 1351 sonas
698 1302 754 1350 et
790 1296 1032 1361 nomina,
1068 1310 1164 1366 per
1190 1310 1312 1365 quae
1344 1296 1411 1352 iis
1444 1296 1537 1366 qui
1575 1297 1806 1352 credunt
1844 1298 1997 1367 origo
2025 1298 2088 1352 ﬁt

2197 1298 2413 1366 γίνεται,
2446 1302 2696 1368 γεννᾶται
2723 1301 2779 1355 δὲ
2805 1302 2943 1356 κατά
2975 1303 3034 1354 τὸ
3055 1299 3169 1355 ἴσον
3195 1303 3223 1355 ὁ
3247 1305 3303 1355 ὲν
3333 1306 3399 1374 τῇ
3420 1304 3609 1373 Τριάδι
3638 1322 3769 1372 γεν-

521 1404 584 1442 ac
618 1389 896 1458 generatio
918 1390 982 1452 η,
1037 1396 1331 1459 generatur
1376 1396 1558 1443 autem
1597 1404 1662 1444 ex
1711 1404 1866 1457 azquo
1898 1390 1989 1459 qui
2029 1390 2085 1445 in

2197 1391 2422 1458 νώμενος
2459 1393 2609 1463 παρά
2640 1394 2734 1446 τοῦ
2764 1395 2973 1465 Πατρός
3008 1412 3067 1448 τε
3112 1395 3206 1449 κειιί⁵
3244 1395 3337 1448 τοῦ
3380 1395 3509 1448 Υἰοῦ
3542 1397 3636 1450 καὶ
3668 1398 3764 1449 τοῦ

518 1478 787 1533 Trinitate
833 1485 1124 1549 generatur
1180 1492 1211 1531 a
1266 1478 1426 1532 Patre
1477 1487 1532 1533 et
1584 1479 1723 1533 Filio
1769 1488 1825 1535 et
1881 1478 2084 1549 Spiritu

2197 1481 2499 1551 Πνεύματος
2530 1484 2702 1551 ἀγίου.
2736 1482 2895 1536 Οῦτω
2918 1484 3026 1553 γάρ
3061 1502 3194 1554 φησι
3228 1485 3354 1555 περί
3382 1485 3473 1539 τοῦ
3509 1486 3764 1556 Πνεύμα-

519 1570 741 1624 sancto?
764 1570 844 1623 Ita
870 1570 1013 1624 enim
1038 1568 1105 1624 de
1131 1567 1337 1639 Spiritu
1371 1568 1506 1622 dicit
1528 1569 1901 1640 Evangelium,
1939 1570 2084 1640 quod

2197 1589 2276 1635 τος
2306 1572 2656 1641 Εὐαγγέλιον,
2689 1574 2770 1627 ὅτι
2795 1574 2866 1627 Τὸ
2888 1575 3281 1645 γεγεννημένον
3304 1578 3368 1630 ἐκ
3387 1576 3481 1630 τοῦ
3513 1579 3762 1648 Πνεύμα-

519 1661 572 1715 id
607 1660 755 1730 quod
788 1668 874 1717 est
911 1629 1227 1730 generatum
1277 1676 1344 1715 ex
1378 1660 1608 1729 Spiritu,
1636 1629 1741 1716 ιιι-ει
1769 1629 1994 1732 spiritu-5
2021 1665 2085 1727 ¹⁷,

2197 1629 2277 1725 τος
2314 1629 2532 1730 πνεῦμά
2578 1629 2718 1727 ἐστι,
2767 1664 2863 1718 καὶ
2895 1629 2923 1718 ὁ
2958 1629 3170 1729 Παῦλός
3209 1667 3267 1719 ὲν
3310 1667 3530 1738 Χριστῷ
3572 1629 3762 1739 {ev},

518 1760 572 1807 et
600 1750 799 1805 Paulus
824 1750 998 1822 gignit
1038 1752 1091 1804 in
1115 1750 1334 1805 Christo
1359 1751 1424 1826 Ψ,
1471 1758 1525 1805 et
1554 1750 1715 1805 Pater
1736 1753 1977 1807 omnium
2004 1761 2088 1809 est

2197 1754 2281 1808 καὶ
2305 1755 2333 1806 ὁ
2366 1754 2556 1827 Πατὴρ
2588 1755 2803 1809 πάντων
2836 1755 2950 1808 ἐστὶ
2984 1756 3189 1827 πατήρ.
3226 1769 3239 1779 ”

517 1853 674 1914 pater
700 1848 763 1898 ³⁸.
1784 1884 1791 1889 .

588 1932 688 1988 Hic
714 1933 845 1987 mihi
873 1933 946 1991 sit
974 1932 1156 1988 sobria
1186 1947 1342 1989 mens
1375 1933 1662 1998 auditoris,
1705 1949 1774 1989 ne
1801 1949 1859 1990 se
1889 1933 2085 1989 eiliciat

517 2025 727 2095 prolem
745 2031 955 2079 natura:
987 2024 1286 2087 instabilis,
1317 2038 1443 2079 cum
1473 2024 1723 2079 stabilem
1753 2032 1808 2079 et
1837 2025 2092 2079 inaltera-

518 2115 683 2170 bilem
738 2115 845 2169 sibi
889 2114 1054 2169 liceat
1092 2128 1206 2168 suae
1250 2114 1377 2167 vita:
1430 2115 1730 2183 principem
1777 2113 1988 2170 efﬁcere
2032 2123 2089 2171 et

517 2211 819 2259 auctorem.
862 2201 999 2256 Nam
1046 2211 1209 2272 prout
1236 2202 1357 2272 ejus
1398 2204 1489 2272 qui
1521 2203 1588 2257 ad
1623 2203 2085 2273 dispensationem

518 2292 752 2355 accedit,
787 2306 884 2346 cor
913 2289 1165 2346 aﬂeetum
1192 2300 1297 2355 est,
1352 2291 1407 2346 id
1440 2291 1606 2347 etiam
1634 2294 1777 2363 quod
1825 2294 2086 2365 gignitur,

519 2386 662 2443 vires
690 2383 871 2440 habet.
903 2381 1162 2453 Quisquis
1189 2398 1319 2455 ergo
1365 2392 1611 2439 sanctam
1632 2386 1951 2442 Trinitatem
2000 2387 2088 2442 in-

515 2484 754 2533 creatam
782 2491 905 2532 esse
932 2476 1247 2541 conﬁtetur,
1276 2477 1579 2544 ingreditur
1617 2481 1784 2531 vitam
1825 2478 2053 2532 immuta
2073 2505 2086 2517 -

516 2568 682 2625 bilem
724 2576 780 2624 et
826 2567 1263 2634 inalterabilem;
1312 2576 1549 2622 creatam
1583 2574 1765 2623 autem
1814 2567 2088 2637 aspiciens

515 2666 771 2713 naturam
798 2657 855 2711 in
884 2655 1153 2712 Trinitate
1184 2656 1319 2712 falsa
1348 2658 1777 2719 existimatione,
1811 2666 1865 2713 et
1891 2658 2087 2714 deinde

517 2750 573 2802 in
597 2763 661 2804 ea
687 2748 1016 2818 baptizatus,
1048 2748 1397 2819 ingeneratur
1430 2764 1625 2803 rursus
1672 2750 1727 2803 in
1758 2750 1871 2803 vita
1902 2757 2079 2804 muta-

2271 1936 2533 1992 Ἐνταῦθά
2566 1955 2657 2008 μοι.
2693 1938 2909 2009 νηφὲτω
2946 1938 3039 1992 τοῦ
3070 1922 3339 2011 ἀκροατοῦ
3366 1942 3399 2012 ἡ
3427 1940 3652 2005 διάνοια,
3685 1944 3760 2013 μὴ

2186 2032 2285 2100 τῆς
2311 2029 2648 2100 ἀστατούσης
2666 2029 2877 2097 φύσεως
2912 2028 3108 2099 ἑαυτὴν
3137 2029 3355 2098 ἔκγονον
3388 2032 3606 2102 ποιήσῃ,
3644 2032 3762 2096 ἐξὸν
3862 2036 3865 2037 ⁷

2185 2118 2285 2196 τὴν
2313 2117 2579 2189 ἀτρεπτὸν
2624 2135 2683 2170 τε
2730 2119 2824 2171 καὶ
2870 2118 3223 2172 ἀναλλοίωτον
3261 2121 3501 2191 ἀρχηγὸν
3534 2122 3764 2191 ποιήσα-

2189 2208 2312 2262 σθαι
2336 2210 2433 2281 τῆς
2486 2208 2638 2272 ἰδίας.
2675 2208 2830 2261 Κατὰ
2869 2209 2977 2278 γὰρ
3020 2208 3119 2279 τὴν
3147 2209 3383 2263 διάθεσιν
3415 2210 3511 2281 τῆς
3540 2211 3766 2280 καρδίας

2186 2299 2279 2353 τοῦ
2326 2300 2638 2371 προσιόντος
2674 2302 2740 2370 τῇ
2793 2299 3090 2370 οἰκονομίᾳ,
3122 2300 3304 2354 καὶτὸ
3340 2300 3617 2371 γινόμενον
3664 2301 3766 2372 τὴν

2186 2388 2413 2459 δύναμιν
2456 2388 2589 2458 ἔχει.
2625 2390 2785 2442 Ὥστε
2847 2390 2928 2441 τὸν
2974 2388 3074 2459 μὲν
3116 2389 3366 2443 ἀκτιστον
3402 2390 3767 2460 ὁμολογοῦντα

2186 2480 2285 2551 τὴν
2318 2481 2474 2549 ἁγίαν
2504 2480 2726 2552 Τριὰδα,
2756 2481 2835 2543 εἰς
2865 2481 2961 2550 τὴν
2989 2478 3254 2550 ἄτρεπτόν
3278 2498 3335 2535 τε
3361 2479 3773 2533 καὶοάναλλοίω-

2185 2590 2277 2625 τον
2300 2574 2558 2627 εἰσελθεῖν
2583 2572 2748 2638 ζωὴν,
2767 2572 2865 2641 τὴν
2892 2571 2947 2624 δὲ
2971 2572 3192 2644 κτιστὴν
3213 2571 3373 2639 φύσιν
3398 2573 3456 2625 ἐν
3475 2574 3541 2643 τῇ
3574 2572 3765 2643 Τριάδι

2186 2661 2275 2715 διά
2300 2662 2398 2732 τῆς
2424 2660 2780 2733 ἠπατημένης
2811 2659 3128 2730 ὑπολήψεως
3167 2659 3447 2729 βλέποντα,
3476 2660 3667 2715 ἔπειτα
3702 2662 3764 2714 ὲν

2186 2750 2324 2821 αὐτῇ
2356 2748 2765 2821 βαπτιζόμενον,
2793 2748 2954 2801 πάλιν
2977 2747 3054 2819 τῷ
3073 2748 3290 2818 τρεπτῷ
3314 2765 3372 2800 τε
3402 2748 3493 2801 καὶ
3516 2748 3730 2801 ἀλλοιοιι
3748 2777 3762 2784 -

517 2841 615 2896 bili
640 2850 833 2911 etquae
861 2840 1148 2895 alteratur.
1175 2838 1310 2893 Nam
1334 2840 1479 2910 quod
1504 2840 1767 2901 nascitur,
1793 2848 1875 2895 est
1897 2855 2090 2896 neces-

2197 2840 2334 2910 μένῳ
2365 2836 2979 2910 ἐγγεννηθῆναιβίῳ.Τῇ
3013 2837 3119 2908 γὰρ
3140 2838 3246 2893 τῶν
3269 2837 3575 2906 γεννώντων
3603 2838 3766 2907 φύσει

517 2935 665 2990 sario
691 2932 935 3003 ejusdem
962 2933 1200 3003 generis,
1227 2933 1386 3002 cujus
1414 2941 1500 2988 est
1530 2940 1723 2985 natura
1749 2947 1937 2987 eorum
1963 2948 2085 3002 qua:

2197 2931 2308 2983 κατ’
2338 2930 2581 3001 ἀνάγκην
2622 2931 2879 3001 ὁμογενὲς
2924 2932 3039 2983 ἐστι
3089 2932 3182 2983 καὶ
3222 2930 3283 2983 τὸ
3325 2932 3657 3001 τικτόμενον.
3700 2934 3770 2985 Τί

518 3033 801 3095 generant.
850 3023 994 3089 Quid
1041 3037 1171 3093 ergo
1216 3022 1379 3077 fuerit
1419 3021 1842 3085 conducibilius,
1898 3022 1951 3075 in
2006 3021 2085 3074 vi-

2197 3017 2279 3075 οὗν
2317 3020 2381 3074 ἂν
2414 3020 2499 3091 εἴη
2546 3021 3002 3091 λυσιτελέστερον,
3048 3022 3127 3084 εἰς
3166 3021 3264 3092 τὴν
3314 3020 3581 3091 ἄτρεπτον
3623 3024 3774 3095 ζωὴν

517 3124 701 3171 tamne
740 3115 948 3186 ingredi
998 3112 1415 3175 immutabilem,
1460 3128 1527 3166 an
1578 3128 1773 3168 rursus
1822 3111 2087 3166 ﬂuctuare

2197 3111 2531 3182 εἰσελθεῖν,ἢ
2578 3112 2738 3165 πάλιν
2782 3111 2858 3182 τῷ
2898 3112 3215 3165 ἀστατοῦντι
3264 3115 3357 3168 καί
3402 3114 3765 3186 ἀλλοιουμένῳ

516 3208 574 3261 in
594 3207 704 3263 vita
736 3206 980 3263 instabili
1006 3212 1061 3261 et
1091 3220 1213 3275 quae
1243 3205 1551 3258 alteratur?
1588 3205 1722 3259 Cum
1753 3218 1884 3273 ergo
1911 3203 2087 3257 cuivis

2197 3203 2623 3275 ὲγκυματοῦσθαι
2651 3204 2784 3274 βίῳς
2827 3202 2978 3256 Ἐπεὶ
3011 3199 3103 3257 οῦν
3137 3206 3297 3258 παντὶ
3338 3205 3497 3275 δῆλόν
3524 3208 3659 3270 ἐστι,
3684 3207 3769 3277 τῷ

517 3298 587 3351 sit
604 3297 970 3366 perspicuum,
996 3294 1088 3363 qui
1113 3294 1185 3349 sit
1208 3293 1386 3362 aliqua
1409 3291 1665 3361 praeditus
1686 3290 2079 3360 intelligentia,

2197 3298 2283 3350 καὶ
2305 3294 2551 3350 ὁπωσοῦν
2574 3295 2805 3358 διανοίας
2830 3295 3129 3365 μετέχοντι,
3155 3295 3236 3348 ὅτι
3274 3295 3333 3348 τὸ
3367 3294 3536 3359 ἑστὼς
3562 3296 3657 3349 τοῦ
3690 3297 3772 3367 μὴ

516 3388 665 3457 quod
692 3387 745 3440 id
772 3386 918 3454 quod
948 3392 1057 3439 stat
1085 3399 1193 3438 non
1217 3391 1396 3438 stante
1422 3391 1504 3437 est
1533 3382 1902 3451 praestantius,
1932 3390 1985 3435 et
2022 3396 2088 3436 eo

2197 3388 2420 3451 ἑστῶτος
2442 3387 2573 3441 πολὺ
2621 3386 2963 3458 τιμιώτερον,
3004 3388 3098 3441 καὶ
3135 3386 3229 3442 τοῦ
3268 3387 3544 3450 ὲλλειποῦς
3582 3387 3641 3440 τὸ
3677 3393 3774 3439 τέ-

518 3479 666 3548 quod
717 3477 899 3533 deﬁcit
951 3474 1005 3528 id
1058 3475 1202 3545 quod
1254 3485 1337 3531 est
1387 3474 1708 3544 perfectum,
1747 3482 1896 3528 eteo
1942 3475 2089 3544 quod

2197 3481 2349 3544 λειον,
2384 3480 2590 3535 καὶτοῦ
2622 3478 2873 3550 δεομένου
2904 3479 2964 3533 τὸ
3000 3479 3076 3551 μὴ
3115 3479 3385 3550 δεόμενον,
3419 3480 3511 3533 καὶ
3546 3478 3639 3532 τοῦ
3679 3479 3777 3535 διὰ

522 3577 666 3641 eget,
720 3569 774 3624 id
818 3567 963 3639 quod
1017 3582 1126 3621 non
1166 3575 1305 3636 eget,
1356 3574 1411 3623 et
1458 3582 1524 3622 eo
1576 3567 1719 3636 quod
1756 3565 2090 3636 proﬁciendo

2197 3570 2476 3643 προκοπῆς
2507 3570 2745 3632 ἀνιόντος
2773 3569 2833 3621 τὸ
2873 3568 2947 3640 μὴ
2972 3568 3095 3639 ἕχον
3136 3571 3215 3632 εἰς
3242 3569 3270 3623 ὅ
3290 3586 3344 3623 τι
3375 3568 3630 3642 προέλθῃ,
3655 3569 3774 3621 ἀλλ’

521 3660 790 3722 ascendit,
828 3659 881 3713 id
914 3659 1057 3729 quod
1088 3674 1196 3712 non
1230 3658 1391 3714 habet
1422 3674 1530 3729 quo
1560 3659 1961 3731 progrediatur,
1993 3660 2089 3714 sed

2197 3662 2285 3713 ἐπὶ
2317 3660 2414 3730 τῆς
2446 3660 2773 3728 τελειότητος
2801 3658 2893 3711 τοῦ
2940 3657 3143 3727 ἀγαθοῦ
3193 3658 3349 3728 μένον
3384 3659 3493 3722 ἀεὶ,
3537 3660 3778 3727 ὲπάναγ-
3818 3700 3823 3705 ς

521 3769 736 3823 semper
764 3760 946 3807 manet
977 3753 1031 3806 in
1058 3752 1186 3808 boni
1230 3750 1599 3822 perfectione:
1660 3769 1886 3809 necesse
1929 3752 2092 3807 fuerit

2197 3768 2285 3813 κες
2328 3750 2394 3804 ἂν
2432 3750 2515 3819 εἴη
2556 3749 2614 3802 ἓν
2646 3747 2706 3814 ἐξ
2747 3748 3070 3820 ἀμφοτέρων
3114 3747 3382 3819 αἱρεῖσθαι
3420 3748 3512 3801 τόν
3542 3765 3605 3816 γε
3647 3750 3779 3803 νοῦν

522 3853 584 3900 ιιι
609 3845 705 3915 qui
735 3845 897 3914 sapit,
932 3860 1102 3901 unum
1132 3860 1198 3899 ex
1226 3844 1442 3899 duobus
1472 3844 1656 3913 eligat,
1687 3860 1882 3915 nempe
1912 3854 1971 3898 ιιι
1997 3851 2091 3899 aut

2197 3842 2465 3914 ἐχοντα,ἢ
2507 3842 2604 3912 τῆς
2647 3840 2899 3895 ἀκτίστου
2940 3838 3151 3909 φύσεως
3200 3837 3335 3895 εἶναι
3373 3840 3649 3894 πιστεύειν
3674 3843 3779 3911 τὴν

523 3936 783 3990 ἰηοιειιιιε
811 3942 1022 3989 natura:
1073 3940 1319 3989 sanctam
1365 3932 1555 3988 credat
1597 3948 1719 3989 esse
1747 3932 2090 3999 Trinitatem,

2197 3936 2357 4005 ἁγίαν
2383 3934 2607 4005 Τριάδα,
2642 3921 2736 3988 καὶ
2772 3932 2943 3993 οὕτως
2975 3931 3214 4002 ἀρχηγὸν
3250 3931 3338 3983 διὰ
3380 3931 3480 3999 τῆς
3528 3948 3780 3999 πνευμα-

521 4033 578 4082 et
608 4027 682 4080 ita
737 4040 833 4096 per
879 4025 1218 4095 spiritualem
1268 4024 1673 4094 generationem
1723 4038 1843 4079 eam
1898 4022 2093 4077 elliciat

2197 4030 2352 4098 τικῆς
2375 4025 2637 4092 γενέσεως
2672 4022 2938 4076 ποιεῖσθαι
2986 4023 3083 4093 τῆς
3131 4021 3266 4084 ἰδίας
3303 4021 3535 4093 ζωῆςοή
3574 4022 3622 4074 εἰ
3668 4021 3780 4086 ἔξω

522 4117 824 4187 principem
877 4123 932 4169 et
982 4122 1266 4168 auctorem
1320 4128 1433 4168 suae
1478 4114 1637 4169 vitae:
1686 4121 1779 4166 aut
1840 4112 1886 4166 si
1942 4120 2093 4167 extra

2197 4119 2293 4189 τῆς
2330 4116 2423 4171 τοῦ
2461 4115 2677 4185 πρώτου
2718 4115 2813 4169 καὶ
2847 4113 3094 4184 ἀληθινοῦ
3136 4114 3229 4169 καὶ
3269 4112 3469 4181 ἀγαθοῦ
3511 4110 3647 4168 Θεοῦ
3675 4112 3783 4180 φύ-

523 4209 687 4280 primi
713 4217 767 4263 et
794 4206 910 4263 veri
936 4214 991 4262 et
1028 4208 1157 4262 boni
1182 4205 1279 4263 Dei
1308 4215 1585 4271 naturam,
1619 4205 1820 4271 Patris,
1850 4207 2093 4278 inquam,

2200 4223 2357 4269 σεως,
2392 4205 2488 4274 τῆς
2524 4203 2616 4257 τοῦ
2661 4202 2875 4273 Πατρδς
2918 4202 3080 4272 λέγω,
3107 4203 3314 4273 νομίζοι
3353 4198 3490 4257 εἶναι
3529 4200 3618 4255 τὸν
3647 4201 3783 4254 Υίὸν

523 4301 721 4357 Filium
748 4314 874 4357 esse
906 4298 1203 4364 existimat,
1247 4307 1342 4353 aut
1378 4298 1642 4369 Spiritum
1680 4308 1952 4364 sanctum,
1986 4316 2093 4355 non

2200 4297 2233 4367 ἢ
2256 4296 2316 4349 τὸ
2342 4294 2565 4365 Πνεῦμα
2591 4295 2651 4349 τὸ
2676 4296 2849 4363 ἆγιον,
2877 4294 2952 4365 μὴ
2979 4294 3532 4365 συμπαραλαμϐἀνων
3568 4292 3664 4364 τήν
3698 4296 3785 4357 εἰς

526 4392 690 4448 simul
726 4408 1013 4448 assumens
1042 4406 1161 4447 eam
1188 4407 1311 4462 quae
1335 4402 1418 4447 est
1447 4391 1501 4446 in
1531 4391 1648 4446 haec
1678 4391 1836 4447 ﬁdem
1872 4393 1925 4446 in
1957 4399 2097 4447 tem-

526 4500 659 4555 pore
713 4484 1102 4554 generationis,
1156 4498 1225 4538 ne
1263 4482 1581 4555 imprudens
1632 4483 1871 4553 seipsum
1917 4483 2098 4538 tradat

526 4588 735 4627 maneas
772 4574 1105 4643 delectaeque
1141 4582 1373 4638 naturae,
1431 4581 1486 4629 et
1517 4589 1637 4644 quae
1674 4582 1792 4645 eget
1840 4588 1906 4630 eo
1951 4573 2093 4641 quod

531 4668 735 4722 bonum
769 4666 969 4730 reddit,
1021 4676 1070 4719 et
1115 4680 1175 4720 se
1203 4667 1605 4736 quodammodo
1637 4681 1835 4739 rursus.
1873 4664 2099 4720 reducat

529 4754 598 4809 ad
630 4754 683 4808 id
716 4754 862 4825 quod
899 4762 985 4810 est
1016 4755 1262 4825 ejusdem
1293 4756 1529 4826 generis,
1555 4766 1615 4811 ut
1651 4758 1810 4827 cujus
1835 4756 1970 4813 lides
2002 4756 2098 4813 de-

532 4846 720 4902 fecerit
740 4860 770 4899 a
792 4862 1004 4901 summa
1032 4855 1087 4902 et
1111 4849 1549 4917 supereminente
1582 4858 1799 4905 natura.
1825 4848 1927 4916 Qui
1953 4850 2098 4904 enim

528 4938 692 4992 alicui
722 4953 788 4992 ex
820 4939 983 4993 rebus
1012 4940 1214 4996 creatis
1240 4941 1479 5010 seipsum
1513 4941 1817 5010 subjunxit,
1850 4957 1958 4995 non
1989 4941 2102 4997 ani-

531 5029 845 5095 madvertit,
882 5044 943 5083 se
970 5029 1024 5083 in
1052 5028 1160 5085 Deo
1185 5046 1335 5101 spem
1366 5047 1471 5087 non
1506 5033 1706 5088 habere
1732 5032 1948 5088 salutis.
1971 5034 2100 5087 Om—

531 5123 619 5177 nis
646 5122 787 5176 enim
810 5129 1082 5186 creatura,
1117 5136 1184 5177 ex
1222 5137 1286 5177 eo
1311 5123 1457 5193 quod
1488 5139 1552 5179 ex
1582 5138 1737 5194 :equo
1760 5124 1830 5177 ab
1857 5139 1923 5179 eo
1957 5124 2101 5196 quod

532 5231 641 5271 non
677 5222 761 5271 est
797 5214 1045 5285 procedit
1071 5214 1139 5269 ad
1165 5218 1483 5282 essentiam,
1515 5216 1621 5271 sibi
1648 5216 1753 5285 ipsi
1780 5224 1864 5272 est
1882 5217 2101 5287 propria

533 5304 941 5363 necessitudine
967 5304 1260 5374 conjuncta
1286 5323 1301 5371 ;
1344 5313 1398 5361 et
1425 5305 1702 5375 quomodo
1732 5305 1784 5359 in
1812 5319 2100 5374 corporum

534 5395 943 5451 constructione
1020 5394 1203 5450 omnia
1261 5394 1502 5451 membra
1551 5404 1678 5450 sunt
1723 5395 1827 5452 sibi
1872 5394 2100 5451 invicem

647 5599 689 5627 “
722 5597 907 5650 Matth.
933 5613 1124 5666 xxvru,
1169 5598 1252 5653 l9.
1335 5600 1373 5630 ¹⁷
1400 5597 1555 5653 Joan.
1582 5611 1661 5663 ιιι,
1695 5599 1748 5651 6.

1866 5600 1905 5629 ¹³
1936 5596 1953 5651 1
1982 5597 2109 5651 Cor.
2135 5614 2208 5661 Iv,
2248 5597 2331 5648 15.

2198 4388 2370 4441 ταῦτα
2398 4387 2579 4439 πίστιν
2599 4389 2657 4440 ἐν
2676 4386 2755 4457 τῷ
2777 4387 2952 4457 καιρῷ
2976 4386 3074 4457 τῆς
3092 4387 3375 4454 γενέσεως.
3410 4387 3616 4457 μήποτε
3640 4385 3784 4459 λάοῃ

2200 4479 2265 4548 τῇ
2297 4476 2533 4529 ἐλλειπεῖ
2560 4475 2716 4544 φύσει
2745 4476 2839 4529 καὶ
2878 4476 3106 4547 δεομένῃ
3138 4475 3231 4528 τοῦ
3268 4476 3625 4543 ἀγαθύνοντος
3653 4476 3785 4529 ἑαυα-

2201 4568 2289 4621 τὺν
2313 4565 2587 4630 εἰσποιῶν,
2612 4567 2708 4621 καὶ
2733 4567 2932 4638 τρόπον
2969 4566 3089 4620 τινὰ
3129 4565 3287 4621 πάλιν
3324 4568 3401 4629 εἰς
3435 4566 3494 4618 τὸ
3520 4567 3784 4637 ὁμογενὲς

2202 4657 2393 4712 ἑαυτὸν
2413 4657 2700 4729 εἰσαγάγῃ,
2722 4659 2821 4729 τῆς
2840 4658 3208 4731 ὑπερεχούσης
3232 4658 3445 4728 φύσεως
3465 4658 3786 4726 ἀποστήσας

2201 4750 2300 4819 τὴν
2326 4749 2529 4804 πίστιν.
2565 4749 2621 4803 ’0
2645 4749 2753 4821 γάρ
2776 4767 2879 4803 τινι
2913 4750 3020 4803 τῶν
3062 4749 3293 4805 κτιστῶν
3328 4747 3517 4804 ἑαυτὸν
3546 4736 3787 4811 ὑποζεύ-

2204 4841 2320 4907 ξας,
2344 4840 2564 4911 λέληθεν
2595 4842 2783 4894 ἐαυτὺν
2808 4843 2908 4896 οὐκ
2938 4844 3018 4905 είς
3058 4842 3119 4897 τὸ
3149 4845 3303 4899 Θεῖον
3332 4840 3431 4911 τὴν
3474 4839 3661 4893 ἐλπίδα
3682 4838 3790 4907 τῆς

2206 4932 2477 5003 σωτηρίας
2500 4932 2660 5002 ἔχων.
2697 4934 2853 4989 Πᾶσα
2880 4932 2987 5003 γάρ
3013 4935 3046 5003 ἡ
3085 4931 3281 4996 κτίσις,
3308 4931 3385 5004 τῷ
3413 4930 3556 4983 κατά
3581 4930 3641 4982 τὺ
3666 4924 3788 4981 ἴσον

2205 5027 2270 5077 ὲκ
2292 5024 2385 5079 τοῦ
2420 5025 2494 5096 μὴ
2532 5024 2684 5087 ὄντος
2719 5027 2797 5089 εἰς
2828 5025 2888 5078 τὸ
2928 5020 3064 5079 εἶναι
3094 5024 3372 5094 προήκειν,
3402 5023 3615 5085 οἰκείως
3646 5021 3789 5093 πρὸς

2210 5116 2406 5185 ἑαυτὴν
2441 5115 2551 5186 ἔχει
2570 5132 2586 5147 ·
2613 5116 2706 5170 καὶ
2732 5115 2917 5185 ὥσπερ
2940 5116 3030 5170 ἐπὶ
3051 5116 3150 5187 τῆς
3176 5113 3284 5168 τῶν
3313 5114 3578 5185 σωμάτων
3615 5129 3789 5165 κατα-

2212 5209 2409 5279 σκευῆς
2434 5207 2613 5262 πάντα
2637 5207 2705 5260 τὰ
2735 5207 2869 5278 μέλη
2891 5206 3026 5275 πρὸς
3046 5206 3212 5260 ἑαυτὰ
3244 5204 3505 5278 σύμφυσις
3528 5204 3613 5273 ἔχε
3623 5220 3656 5267 ι,
3680 5203 3792 5258 κᾶν

2210 5300 2277 5353 τὰ
2304 5299 2400 5369 μὲν
2423 5297 2819 5367 ύποὸεΰηκότα.
2849 5296 2918 5349 τά
2958 5297 3014 5350 δὲ
3044 5296 3459 5367 ὑπερανεστῶτα
3493 5294 3631 5364 τύχῃ
3653 5311 3664 5323 ·
3694 5292 3795 5345 οῦ-

2210 5409 2316 5455 τως
2343 5391 2375 5461 ἡ
2402 5390 2589 5460 κτιστὴ
2612 5388 2770 5459 φύσις
2796 5389 2995 5461 ἥνωται
3021 5389 3156 5461 πρὸς
3200 5388 3393 5460 ἑαυτήν
3420 5386 3560 5441 κατὰ
3582 5384 3674 5439 τὸν
3702 5382 3797 5441 λό-

2435 5596 2475 5625 ¹⁹
2506 5590 2621 5645 Phil
2686 5606 2723 5655 ι,
2753 5591 2807 5645 ﬂ.
