4006 6148
274 230 367 282 illi

1483 230 1751 290 ORATIO
1780 229 2286 289 CATECHETICA.

3412 236 3514 290 102

269 352 365 406 γον
394 340 492 411 τῆς
519 340 765 403 κτίσεως,
802 344 893 397 καὶ
934 345 1148 417 οὐδὲνή
1192 349 1331 402 κατὰ
1367 350 1423 403 τὸ
1454 352 1715 422 ὑπερέχον
1754 351 1830 403 κα¹

1948 347 2242 416 conjuncta
2272 346 2613 412 naturaliter,
2640 346 2850 402 etiamsi
2886 347 2986 401 alia
3016 349 3233 418 quidem
3265 362 3390 405 sunt
3434 353 3514 407 iu-

268 431 447 483 ὲνὶιὲον
468 433 527 483 ὲν
554 432 685 501 ήμῖν
705 432 939 504 διαφορὰ
964 435 1228 507 διίστησιν
1250 440 1419 513 αὐτὴν
1442 443 1540 511 τῆς
1562 442 1694 513 πρὸς
1722 442 1845 493 ὲαυυ

267 520 369 588 τήν
422 522 716 589 συμφυΐας.
768 516 869 575 Ὧν
920 524 1027 595 γάρ
1074 528 1269 597 ἐπίσης
1333 534 1731 598 προεπινοεῖται
1807 532 1841 599 ή

266 610 593 681 ἁνυπαρξία,
630 612 732 665 κᾶν
776 615 834 666 ev
871 616 983 677 τοῖς
1013 615 1193 680 ἄλλοις
1233 618 1296 671 τὸ
1330 619 1580 689 διάφορον
1608 615 1663 692 ᾗ,
1697 619 1846 671 οὐδε-

270 700 398 768 μίαν
428 701 569 755 κατὰ
599 702 663 755 τὸ
696 703 864 773 μέρος
903 704 1059 759 τοῦτο
1098 708 1200 776 τῆς
1238 708 1452 777 φύσεως
1493 708 1845 779 παραλλαγὴν

265 795 675 865 ὲξευρίσκομεν.
720 797 784 851 Εἰ
839 794 931 851 οὖν
980 800 1195 864 κτιστὸς
1230 803 1327 871 μὲν
1371 800 1445 855 ὢν
1475 802 1503 853 ό
1538 803 1841 871 ἄνθρωπος,

263 885 480 939 κτιστὸν
517 886 573 938 δὲ
611 888 706 940 καὶ
746 889 807 940 τὸ
857 890 1101 961 Πνεῦμα,
1131 893 1356 946 καὶτὸν
1406 894 1664 964 μονογενῆ
1714 894 1844 947 Θεὸν

264 974 401 1028 εἶναι
444 974 675 1045 νομίζοι,
708 979 938 1047 μάταιος
989 982 1056 1037 ἂν
1105 984 1187 1054 εἴη
1236 984 1477 1038 ἀνελπίδι
1514 987 1613 1055 τῆς
1652 989 1744 1040 ἐπὶ
1785 987 1845 1039 τὸ

261 1070 511 1137 κρεῖττον
539 1071 926 1138 μεταστάσεως
949 1074 1085 1143 πρὸς
1116 1076 1307 1129 ἑαυτὸν
1332 1078 1593 1131 ἀναλύων.
1622 1079 1844 1148 Ὅμοιον

259 1160 370 1227 γάρ
401 1161 523 1222 ταῖς
552 1158 645 1212 τοῦ
694 1162 999 1233 Νικοδήμου
1030 1165 1358 1237 ὑπολήψεσίν
1393 1171 1508 1222 ἐστι
1540 1168 1599 1222 τὺ
1631 1170 1846 1240 γινόμε-

258 1267 368 1311 νον,
397 1251 455 1314 ὃς
490 1254 620 1322 περὶ
664 1251 761 1305 τοῦ
796 1253 906 1307 δεῖν
949 1253 1155 1308 ἄνωθεν
1186 1254 1513 1329 γεννηθῆναι
1546 1258 1699 1329 παρὰ
1747 1258 1842 1312 τοῦ

258 1339 463 1411 Κυρίου
500 1342 705 1412 μαθὼν,
740 1342 827 1396 διὰ
860 1343 919 1396 τὸ
949 1345 1114 1415 μήπω
1141 1345 1389 1418 χωρῆσαι
1414 1348 1510 1401 τοῦ
1543 1351 1841 1421 μυστηρίου

256 1428 349 1480 τὸν
384 1429 561 1497 λόγον,
609 1431 703 1484 ἐπὶ
746 1432 839 1485 τὸν
890 1434 1138 1505 μητρῷον
1187 1436 1386 1490 κόλπον
1432 1442 1543 1501 τοῖς
1566 1438 1843 1510 λογισμοῖς

256 1520 610 1592 κατεσύρετο.
647 1523 809 1575 Ὥστε
839 1524 886 1576 εί
919 1524 993 1595 μὴ
1028 1526 1164 1596 πρὸς
1206 1528 1456 1581 ἂκτιστον
1494 1529 1674 1597 φύσιν,
1707 1531 1843 1584 ἀλλά

255 1610 398 1680 πρὸς
427 1612 529 1681 τὴν
561 1613 797 1683 συγγενῆ
830 1612 925 1667 καὶ
955 1614 1240 1684 ὁμόδουλον
1270 1618 1441 1672 κτίσιν
1481 1620 1672 1673 ἑαυτὸν
1696 1621 1840 1675 ἀπά-

1948 437 2167 501 l‘eriora,
2201 436 2304 489 alia
2338 451 2468 490 vero
2501 438 2786 506 superiora
2810 456 2827 490 :
2856 439 2928 492 ita
2962 448 3143 494 creata
3179 449 3374 494 natura
3407 443 3512 498 sibi

1944 538 2031 584 est
2064 528 2237 592 unita,
2278 528 2422 598 quod
2455 527 2520 581 ad
2552 530 2816 583 rationem
2862 530 3054 584 attinet
3083 542 3365 597 creaturae,
3412 549 3515 588 nec

1944 632 2065 687 quae
2106 617 2160 670 in
2199 632 2265 671 eo
2312 615 2459 686 quod
2510 626 2801 684 exsuperat
2846 623 2900 670 et
2934 618 3112 671 deﬁcit
3140 625 3223 672 est
3262 618 3318 674 in
3356 621 3514 677 nobis

1944 708 2272 769 ditIcrentia,
2320 723 2439 763 eam
2470 708 2755 777 disiungit,
2791 724 2857 763 ne
2888 709 2987 763 sibi
3037 711 3139 778 ipsi
3168 710 3241 765 sit
3275 712 3512 764 naturali

1942 802 2236 869 conjuncta
2279 799 2686 868 conjunctione.
2730 798 2786 852 In
2833 800 3032 868 quibus
3073 801 3217 855 enim
3262 817 3326 855 ex
3355 814 3513 869 aequo

1943 893 2213 962 cogitatur
2256 892 2403 961 quod
2442 906 2550 944 non
2581 891 2692 946 sint
2732 904 2798 944 ac
2834 891 3156 955 consistant,
3197 892 3407 945 etiamsi
3457 893 3511 946 in

1942 984 2065 1037 aliis
2095 982 2367 1043 diﬂerant,
2416 996 2604 1036 eorum
2644 981 2697 1034 in
2735 982 2835 1034 hac
2874 988 3024 1048 parte
3065 997 3169 1035 non
3208 984 3512 1038 invenimus

1945 1078 2108 1131 ullam
2157 1084 2369 1131 natura:
2404 1078 2781 1132 mutationem.
2823 1076 2879 1130 Si
2923 1091 3053 1146 ergo
3086 1075 3246 1128 homo
3288 1091 3410 1128 cum
3440 1075 3513 1129 sit

1942 1174 2191 1232 creatus,
2233 1167 2494 1236 Spiritum
2543 1182 2762 1236 quoque
2812 1178 3050 1223 creatum
3081 1181 3221 1231 esse,
3278 1166 3513 1234 itemque

1943 1259 2279 1329 unigenitum
2326 1257 2494 1312 Deum
2530 1257 2781 1323 afﬁrmat,
2839 1258 2885 1312 is
2930 1272 3065 1311 vana
3114 1272 3210 1326 spe
3258 1256 3510 1318 ducetur,

1940 1349 2143 1419 quippe
2169 1348 2263 1418 qui
2310 1349 2550 1417 seipsum
2587 1347 2656 1401 ab
2702 1347 2792 1399 illa
2831 1346 2883 1399 in
2916 1346 3113 1399 melius
3167 1343 3514 1398 restitutione

1941 1441 2182 1495 alienum
2231 1439 2417 1493 faciat.
2456 1438 2600 1492 Idem
2642 1438 2786 1491 enim
2814 1438 2869 1491 in
2915 1436 3019 1490 hac
3050 1451 3107 1490 re
3133 1434 3331 1489 accidit
3368 1432 3514 1503 quod

1940 1530 2267 1585 Nicodemus
2317 1530 2687 1593 existimabat,
2741 1530 2834 1599 qui
2878 1543 3001 1583 cum
3038 1544 3065 1580 a
3098 1527 3331 1581 Domino
3373 1526 3515 1579 didi-

1941 1624 2108 1678 cisset
2155 1637 2393 1692 superne
2439 1624 2591 1676 nasci
2629 1627 2904 1691 oportere,
2957 1618 3085 1688 quia
3120 1616 3362 1671 nondum
3398 1630 3516 1686 my-

252 1718 364 1769 γοι,
397 1706 500 1773 τῆς
543 1703 806 1767 κάτωθεν,
852 1706 912 1758 οὺ
963 1683 1061 1778 τῆς
1110 1694 1329 1763 ἄνωθέν’
1363 1712 1477 1764 ἐστι
1511 1714 1830 1784 γεννήσεως.

1942 1716 2094 1771 sterii
2122 1715 2390 1769 rationem
2427 1719 2666 1782 caperet,
2696 1712 2765 1766 ad
2793 1719 3101 1765 maternum
3130 1716 3343 1763 uterum
3372 1683 3516 1776 cogi-

252 1794 391 1863 Φησὶ
419 1793 477 1846 δὲ
507 1794 568 1847 τὸ
596 1795 941 1865 Εὑαγγέλιον,
970 1799 1174 1853 ἀνωθεν
1203 1797 1338 1855 εἶναι
1374 1803 1485 1857 τῶν
1517 1803 1835 1874 σωζομένων

250 1884 349 1953 τὴν
381 1884 655 1955 γέννησιν.

1945 1806 2246 1862 tationibus
2278 1804 2667 1860 devolvebatur
2690 1805 2756 1857 ¹⁰.
2796 1801 3155 1868 Quamobrem
3206 1799 3250 1853 si
3288 1814 3394 1852 non
3446 1797 3513 1850 ad

1943 1896 2243 1950 increatam
2273 1904 2548 1959 naturam,
2578 1893 2674 1949 sed
2699 1892 2765 1946 ad
2799 1898 3086 1961 cognatam
3109 1897 3162 1943 et
3189 1901 3511 1944 conservam

250 1982 564 2028 creaturam
606 1991 666 2031 se
692 1977 949 2046 abducat,
974 1988 1058 2036 est
1082 1984 1451 2052 generationis
1485 2000 1606 2055 quae
1630 1992 1715 2043 est
1746 1986 1980 2050 inferne,
2012 2002 2120 2042 non
2150 1986 2271 2057 ejus
2299 2001 2420 2057 quae
2437 1992 2519 2041 est
2575 1984 2829 2054 desuper.
2896 1981 3035 2035 Dicit
3097 1991 3274 2036 autem
3337 1978 3513 2035 Evan-

250 2063 479 2135 gelium,
518 2064 756 2138 desuper
781 2085 904 2127 esse
950 2073 1366 2142 generationem
1396 2090 1589 2130 eorum
1621 2077 1715 2148 qui
1743 2077 1879 2133 salvi
1915 2076 2075 2132 ﬁunt.

844 2165 1096 2219 ΚΕΦΑΛ.
1136 2167 1229 2222 Μ’.

332 2251 474 2305 Ἀλλ’
500 2252 561 2307 οὗ
593 2271 683 2325 μοι
714 2254 861 2309 δοκεῖ
908 2257 1068 2328 μέχρι
1096 2258 1206 2325 τῶν
1243 2259 1550 2332 εἰρημένων
1578 2262 1827 2336 αὐτάρκη

241 2342 350 2411 τήν
379 2344 729 2400 διδασκαλίαν
770 2349 804 2417 ἡ
850 2350 1151 2421 κατήχησις
1182 2350 1345 2421 ἔχειν.
1377 2354 1468 2406 Δεῖ
1490 2353 1620 2426 γὰρ,
1654 2348 1827 2425 οἶμαι,

239 2436 343 2488 καὶ
374 2434 438 2488 τὸ
469 2439 607 2506 μετὰ
638 2438 794 2492 τοῦτο
824 2443 1065 2506 σκοπεῖν,
1094 2441 1125 2494 ὃ
1157 2441 1339 2496 πολλοὶ
1362 2443 1471 2497 τῶν
1495 2448 1827 2516 προσιόντων

238 2530 313 2597 τῇ
335 2527 432 2580 τοῦ
461 2529 839 2602 βαπτίσματος
859 2532 1039 2603 χάριτι
1056 2534 1356 2604 παρορῶσι,
1373 2535 1438 2590 δι’
1467 2536 1677 2607 ἀπάτης
1694 2540 1825 2592 ἑαυ-

239 2620 374 2681 τοὺς
404 2622 763 2691 παράγοντες,
797 2624 889 2676 καὶ
920 2624 999 2695 τῷ
1028 2625 1203 2679 δοκεῖν
1244 2627 1425 2695 μόνον,
1451 2631 1570 2701 οὐχὶ
1610 2630 1688 2701 τῷ
1716 2632 1828 2689 ὄντι

243 2708 607 2782 γεννώμενοι.
644 2711 710 2765 Ἦ
729 2711 838 2783 γὰρ
856 2714 945 2767 διὰ
983 2716 1084 2786 τῆς
1111 2719 1518 2791 ἀναγεννήσεως
1568 2726 1825 2796 γινομένη

242 2803 347 2871 τῆς
372 2801 523 2885 ζωῆς
550 2802 710 2871 ήμῶν
734 2805 1116 2876 μεταποίησις,
1131 2810 1229 2862 οὐκ
1246 2810 1313 2863 ἂν
1337 2811 1420 2881 εἴη
1449 2815 1824 2885 μεταποίησις,

251 2892 296 2943 εί
327 2891 389 2943 ἐν
422 2883 469 2957 ᾧ
501 2891 673 2959 ἐσμεν
715 2890 1079 2964 διαμένοιμεν.
1125 2896 1229 2949 Τὸν
1256 2897 1365 2969 γὰρ
1398 2901 1455 2952 ὲν
1487 2904 1600 2965 τοῖς
1641 2883 1825 2969 αυτοῖς

249 2982 407 3076 ὄντα,
435 2982 539 3035 οὐκ
579 2977 697 3076 οῐόα
736 2983 852 3076 πῶς
880 2980 1024 3037 ἔστιν
1064 2986 1217 3041 ἄλλον
1245 2988 1718 3062 τινὰγεγενῆσθαι
1743 3012 1826 3047 νο-
1851 3017 1893 3076 c

252 3072 429 3142 μίσαι,
476 3076 561 3143 ἐφ’
594 3069 655 3129 οὗ
684 3075 852 3146 μηδὲν
887 3077 995 3130 τῶν
1031 3081 1423 3150 γνωρισμάτων
1473 3087 1820 3158 μετεποιήθη.

248 3162 320 3215 Τὸ
352 3162 465 3233 γὰρ
494 3164 589 3217 ἐπὶ
619 3165 999 3236 ἀνακαινισμῷ
1032 3169 1124 3221 καὶ
1154 3172 1221 3241 τῇ
1272 3172 1539 3245 μεταϐολῇ
1587 3176 1686 3245 τῆς
1724 3177 1826 3245 φύ-

249 3270 388 3315 σεως
410 3254 572 3324 ἡμῶν
596 3255 694 3326 τήν
724 3257 990 3327 σωτήριον
1012 3260 1528 3329 παραλαμϐάνεσθαι
1550 3266 1821 3337 γέννησιν,

248 3348 414 3399 παντὶ
450 3346 608 3417 δῆλόν
645 3351 812 3404 ἐστιν.
872 3350 1031 3405 ’Ᾱλλά
1079 3354 1186 3422 μὴν
1229 3352 1647 3430 ήάνθρωπότης
1687 3359 1823 3431 αὑτὴ

248 3436 373 3489 καθ’
398 3438 596 3508 ἑαυτὴν
631 3440 931 3511 μεταϐολὴν
959 3442 1024 3494 ὲκ
1051 3441 1143 3494 τοῦ
1168 3442 1542 3516 βαπτίσματος
1570 3448 1628 3500 οὐ
1659 3466 1825 3519 προσ-

250 3528 420 3592 ίεται,
450 3528 575 3582 οὔτε
606 3530 667 3583 τὸ
702 3531 943 3600 λογικὸν,
971 3533 1094 3585 οὔτε
1129 3533 1190 3586 τὸ
1221 3536 1581 3607 διανοητικὸν,
1611 3539 1734 3592 οὔτε
1765 3540 1824 3592 τὸ

246 3620 561 3690 ἐπιστήμης
605 3621 880 3688 δεκτικὸν,
928 3624 1049 3678 οὐδὲ
1097 3626 1224 3680 ἄλλο
1267 3645 1319 3681 τι
1350 3628 1458 3682 τῶν
1485 3648 1822 3701 χαρακτηρι-

246 3711 455 3776 ζὸντων
501 3712 644 3776 ἰδίως
684 3717 783 3785 τὴν
812 3716 1160 3789 ἀνθρωπίνην
1200 3717 1362 3786 φύσιν
1387 3720 1444 3772 ὲν
1471 3721 1823 3792 μεταποιήσει

246 3803 483 3869 γίνεται.
524 3805 634 3858 Καὶ
662 3805 770 3876 γὰρ
808 3807 873 3860 ἂν
910 3808 1048 3879 πρὸς
1083 3810 1146 3863 τὸ
1179 3812 1360 3882 χεῖρον
1393 3813 1425 3881 ή
1473 3812 1825 3882 μεταποίησις

246 3898 356 3966 εῖη,
387 3895 438 3947 εἰ
472 3912 520 3947 τι
542 3896 748 3950 τούτων
770 3898 1135 3972 ὑπαμειφθείη
1163 3900 1274 3953 τῶν
1299 3901 1443 3954 ίδίων
1467 3901 1567 3971 τῆς
1588 3901 1819 3971 φύσεως.

244 3988 307 4042 El
363 3982 524 4057 οὗνὴ
575 3988 781 4041 ἀνωθεν
831 3990 1081 4060 γέννησις
1134 3992 1574 4061 ἀναστοιχείωσίς
1623 4010 1683 4047 τε
1728 3993 1822 4047 τοῦ

241 4078 536 4149 ἀνθρώπου
551 4079 784 4149 γίνεται,
804 4081 977 4136 ταῦτα
1007 4083 1063 4137 δὲ
1089 4084 1187 4155 τὴν
1222 4084 1525 4156 μεταϐολὴν
1552 4086 1612 4138 οὐ
1650 4103 1818 4157 προσ-

244 4172 425 4236 ίεται,
457 4172 717 4225 σκεπτέον
761 4173 906 4237 τίνος
949 4174 1432 4246 μεταωιηθέντος,
1477 4176 1693 4247 ἐντελὴς
1725 4180 1823 4248 τῆς

240 4264 658 4333 ἁναγεννήσεως
684 4266 717 4333 ἡ
750 4264 907 4334 χάρις
950 4265 1086 4318 ἐστί.
1131 4266 1379 4336 Δηλονότι
1422 4266 1530 4321 τῶν
1571 4267 1822 4339 πονηρῶν

2531 2166 2762 2224 CAPUT
2790 2164 2905 2223 XL.

2005 2262 2110 2320 Sed
2131 2262 2262 2318 mihi
2291 2276 2401 2317 non
2432 2260 2652 2317 videtur
2678 2260 2981 2316 catecbesis
3007 2271 3182 2328 usque
3208 2257 3275 2312 ad
3305 2272 3366 2313 ea
3387 2272 3509 2327 qua:

1934 2358 2084 2413 dicta
2121 2364 2251 2413 sunt
2283 2355 2587 2411 doctrinam
2618 2353 2820 2408 habere
2864 2350 3241 2407 sullicientem.
3283 2348 3509 2418 Oportet

1931 2447 2098 2511 enim,
2128 2447 2342 2518 Opinor,
2372 2447 2426 2499 id
2456 2460 2675 2516 quoque
2703 2444 2847 2513 quod
2883 2450 3070 2513 postea
3105 2442 3353 2512 sequitur
3375 2456 3507 2495 con-

1931 2537 2193 2602 siderare,
2220 2537 2367 2609 quod
2399 2538 2558 2592 multi
2592 2536 2874 2608 negligunt
2900 2550 2967 2591 ex
3008 2536 3075 2590 iis
3104 2535 3197 2604 qui
3237 2535 3508 2589 accedunt

1928 2629 1995 2684 ad
2028 2630 2254 2699 gratiam
2300 2629 2666 2699 baptismatis,
2720 2626 2933 2697 seipsps
2962 2625 3017 2680 in
3058 2624 3302 2679 fraudem
3342 2623 3504 2678 indu-

1929 2730 2134 2784 cenles,
2168 2720 2313 2789 quod
2343 2721 2632 2775 videantur
2659 2726 2893 2782 tantum,
2942 2726 2993 2772 et
3024 2731 3133 2770 non
3171 2716 3282 2771 sint
3315 2728 3504 2770 revera

1926 2811 2191 2881 generati.
2241 2809 2374 2864 Nam
2408 2825 2529 2879 qua:
2563 2824 2662 2879 per
2711 2806 3173 2877 regenerationem
3214 2812 3416 2859 nostrae
3446 2803 3505 2858 iit

1926 2901 2053 2955 vitae
2094 2900 2503 2963 transmutatio,
2558 2914 2667 2953 non
2699 2897 2861 2953 fuerit
2901 2896 3310 2958 transmutatio,
3369 2894 3414 2948 si
3448 2894 3503 2948 in

1926 3006 1992 3046 eo
2026 2994 2079 3045 in
2112 3008 2221 3061 quo
2252 3008 2463 3054 sumus,
2496 3004 2897 3060 permanemus.
2928 2986 3063 3042 Nam
3094 2987 3186 3056 qui
3225 2987 3278 3039 in
3309 2984 3501 3041 iisdem

1926 3092 2200 3143 versatur,
2247 3097 2354 3135 non
2404 3080 2561 3134 video
2596 3081 3054 3149 quemadmodum
3102 3077 3503 3133 existimandus

1926 3172 1999 3228 sit
2031 3171 2209 3226 factus
2246 3185 2370 3226 esse
2403 3170 2565 3234 alius,
2614 3170 2669 3223 in
2710 3183 2818 3238 quo
2848 3168 2984 3222 nihil
3029 3175 3114 3222 est
3144 3175 3408 3221 mutatum
3434 3182 3501 3220 ex

1927 3262 1995 3318 iis
2019 3262 2219 3332 quibus
2247 3262 2615 3331 cognoscitur.
2647 3260 2802 3325 Quod
2824 3259 2969 3314 enim
2995 3257 3063 3311 ad
3097 3258 3500 3313 renovationem

1924 3361 1978 3408 et
2017 3353 2371 3408 mutationem
2416 3358 2619 3407 nostrae
2655 3356 2863 3404 naturae
2897 3347 3153 3404 salutaris
3194 3353 3503 3401 assumatur

1925 3444 2222 3514 generatio,
2246 3442 2423 3498 cuivis
2447 3450 2533 3498 est
2562 3441 2936 3512 perspicuum.
2960 3441 3121 3509 Atqui
3156 3441 3273 3509 ipsa
3312 3439 3501 3493 buma-

1925 3533 2071 3590 nitas
2106 3549 2203 3604 per
2246 3549 2304 3589 se
2350 3532 2710 3587 mutationem
2746 3546 2852 3584 non
2904 3529 3145 3583 admittit
3195 3530 3249 3582 in
3286 3528 3496 3596 baptis-

1926 3637 2089 3688 mate,
2146 3640 2323 3695 neque
2368 3624 2451 3679 vis
2509 3622 2872 3678 ratiocinandi
2925 3629 2981 3677 et
3042 3619 3380 3689 intelligendi
3444 3628 3499 3673 et

1926 3716 2211 3771 scientiam
2261 3715 2619 3785 percipiendi,
2671 3728 2848 3783 neque
2897 3712 3102 3782 aliquid
3158 3710 3302 3765 aliud
3334 3709 3500 3764 exiis

1926 3820 2047 3876 quae
2073 3805 2366 3860 humanam
2401 3812 2651 3859 naturam
2685 3803 2904 3873 preprie
2946 3801 3281 3871 exprimunt,
3319 3808 3498 3855 trans-

1924 3905 2209 3963 mutatur;
2263 3904 2409 3952 esset
2438 3895 2585 3951 enim
2612 3895 2840 3948 mutatio
2869 3894 2923 3948 in
2969 3892 3232 3958 deterius,
3283 3892 3327 3947 si
3370 3892 3498 3961 quid

1923 3988 2199 4043 deleretur
2230 4002 2298 4043 ex
2329 3987 2395 4041 iis
2423 4000 2545 4056 quae
2573 3994 2704 4041 sunt
2746 3984 2968 4055 propria
3018 3993 3243 4038 naturae.
3281 3980 3338 4035 Si
3368 3997 3500 4051 ergo

1923 4096 2045 4150 quae
2073 4081 2130 4135 tit
2161 4079 2398 4149 desuper
2431 4078 2735 4149 generatio,
2770 4075 3088 4132 reformatio
3118 4075 3363 4144 quaedam
3412 4080 3499 4125 est

1923 4171 2161 4226 hominis
2187 4213 2201 4236 ,
2254 4171 2368 4225 haec
2403 4178 2582 4225 autem
2634 4169 2986 4223 mutationem
3034 4182 3141 4221 non
3175 4166 3493 4226 admittunt,

1924 4263 2380 4319 considerandum
2412 4270 2496 4317 est
2516 4276 2753 4330 quanam
2783 4260 2998 4314 tandem
3025 4274 3085 4311 rc
3108 4263 3311 4311 mutata
3340 4270 3496 4324 rege-

240 4352 644 4421 γνωρισμάτων
694 4350 1115 4422 ὲξαλειφθέντων
1165 4356 1261 4426 τῆς
1308 4355 1523 4425 φύσεως
1566 4357 1755 4428 ἡμῶν,
1789 4360 1823 4429 ή

1932 4353 2236 4408 nerationis
2264 4354 2437 4424 gratia
2473 4353 2803 4423 perﬁciatur.
2836 4351 2990 4406 Malis
3020 4348 3231 4403 scilicet
3259 4347 3404 4403 notis
3443 4354 3498 4403 et

240 4442 385 4513 πρὸς
416 4441 477 4493 τὸ
502 4445 745 4513 κρεῖττον
776 4444 1102 4514 μετάστασις
1123 4446 1351 4515 γίνεται.
1382 4448 1588 4501 Οὐκοῦν
1621 4450 1691 4513 εί,
1723 4466 1824 4502 κα-

241 4533 357 4595 θώς
410 4551 575 4604 φησιν
630 4536 658 4587 ὁ
716 4536 1029 4607 προφήτης,
1080 4537 1399 4609 λουσάμενοι
1448 4541 1526 4611 τῷ
1580 4541 1825 4614 μυστικῷ

240 4623 421 4694 τούτῳ
464 4624 704 4697 λουτρῷ,
735 4626 965 4698 καθαροὶ
999 4628 1099 4692 τὰς
1130 4630 1475 4703 προαιρέσεις
1512 4633 1821 4704 γινοίμεθα,

240 4714 343 4779 τὰς
392 4716 656 4787 πονηρίας
700 4716 806 4770 τῶν
851 4719 1037 4789 ψυχῶν
1074 4721 1506 4789 ἀποκλύσαντες,
1544 4725 1826 4795 κρείττους

241 4807 569 4877 γεγόναμεν,
597 4809 693 4862 καὶ
720 4809 853 4877 πρὸς
886 4810 945 4863 τὸ
969 4813 1211 4881 κρεῖττον
1232 4816 1567 4886 μεταπεποιή
1579 4815 1736 4885 μεθα.
1760 4816 1824 4871 El

238 4896 301 4950 δὲ
332 4897 392 4947 τὸ
444 4896 668 4967 λουτρὸν
716 4898 815 4967 μὲν
848 4899 1109 4971 ὲπαχθείη
1152 4902 1229 4975 τῷ
1257 4902 1490 4973 σώματι,
1529 4907 1561 4974 ἡ
1594 4906 1651 4959 δὲ
1678 4905 1822 4977 ψυχὴ

235 4988 343 5050 τὰς
372 4988 640 5057 ἐμπαθεῖς
669 4987 893 5059 κηλίδας
939 4991 1012 5061 μὴ
1040 4993 1427 5066 ἀπορῤίψοιτο·
1474 4995 1588 5049 ἀλλ’
1626 4997 1654 5047 ὁ
1689 4996 1824 5067 μετά

234 5078 339 5149 τὴν
375 5077 577 5149 μύησιν
606 5078 729 5148 βίος
752 5080 1038 5151 συμϐαίνει
1067 5084 1145 5155 τῷ
1173 5086 1405 5157 ἀμυήτῳ
1431 5086 1549 5157 βίῳ,
1581 5088 1682 5141 κᾶν
1706 5090 1825 5142 τολ-

238 5170 420 5241 μηρὸν
453 5171 630 5224 είπεῖν
662 5168 718 5243 ᾖ,
744 5170 912 5236 λέξω,
953 5176 1046 5229 καὶ
1079 5177 1179 5230 οὐκ
1208 5179 1697 5249 ἀποτραπήσομαι,
1734 5181 1817 5233 ὅτι

234 5262 333 5314 ἐπὶ
364 5264 574 5318 τούτων
593 5263 656 5315 τὸ
685 5262 847 5334 ὕδωρ,
868 5262 1010 5336 ὕδωρ
1030 5267 1174 5319 ἐστὶν
1189 5304 1206 5332 ,
1228 5267 1461 5338 οὐδαμοῦ
1485 5268 1582 5337 τῆς
1611 5269 1817 5339 δωρεᾶς

233 5351 332 5421 τοῦ
358 5354 517 5422 ἁγίου
547 5355 866 5425 Πνεύματος
894 5359 1249 5430 ἐπιφανείσης
1273 5358 1347 5430 τῷ
1380 5352 1666 5430 γινομένῳ,
1694 5361 1818 5414 ὅταν

236 5445 315 5517 μὴ
343 5447 508 5517 μόνον
535 5446 598 5499 τὸ
622 5446 767 5500 κατὰ
793 5448 883 5501 τὸν
918 5449 1087 5519 θυμὸν
1110 5447 1295 5521 αἶσχος
1324 5451 1516 5524 ὑϐρίζῃ
1540 5452 1639 5525 τὴν
1670 5452 1817 5507 θείαν

338 5627 383 5660 ’⁵
406 5626 571 5684 Joan.
608 5640 693 5692 ut,
726 5627 763 5678 2
795 5640 915 5696 sqq.

1920 4447 2092 4517 lignis
2122 4460 2191 4500 ex
2219 4445 2403 4499 anima
2448 4452 2636 4499 nostra
2671 4442 2888 4505 deletis,
2942 4441 3002 4495 ﬁt
3044 4440 3310 4494 transitus
3344 4440 3410 4494 ad
3442 4440 3495 4494 id

1921 4539 2068 4610 quod
2096 4548 2178 4594 est
2206 4537 2422 4593 melius.
2455 4534 2509 4590 Si
2536 4551 2685 4605 ergo,
2711 4543 2770 4589 ut
2794 4534 2926 4589 dicit
2947 4531 3234 4603 propheta,
3266 4532 3498 4602 mystico

1920 4632 2141 4687 lavacro
2170 4632 2287 4694 loti,
2325 4629 2512 4684 mundi
2539 4628 2861 4692 eiﬁciamur,
2901 4640 3125 4696 pravam
3158 4625 3495 4680 voluntatem

1920 4733 1973 4778 et
1995 4724 2138 4777 mala
2160 4721 2341 4778 studia
2364 4734 2428 4775 ac
2451 4719 2702 4775 instituta
2721 4719 2966 4774 eluentes
2988 4732 3051 4772 ex
3077 4716 3296 4780 animis,
3321 4714 3495 4769 echcti

1923 4830 2114 4870 sumus
2157 4813 2432 4877 meliores,
2467 4820 2522 4867 et
2552 4810 2899 4866 transmutati
2940 4824 3132 4864 sumus
3163 4809 3217 4863 in
3253 4807 3305 4863 id
3348 4807 3495 4877 quod

1921 4918 2004 4962 est
2033 4907 2251 4962 melius.
2280 4907 2377 4961 Sin
2406 4912 2587 4961 autem
2622 4906 2897 4958 lavacrum
2936 4901 3159 4972 quidem
3191 4900 3493 4955 adhibitum

1921 4997 1993 5052 sit
2011 4996 2251 5066 corpori,
2272 4996 2452 5049 anima
2477 5001 2656 5049 autem
2680 5000 2924 5047 motuum
2946 5001 2995 5047 et
3022 4990 3492 5062 perturbatiomun

1920 5089 2167 5143 maculas
2217 5103 2325 5142 non
2361 5085 2587 5150 eluerit,
2625 5086 2720 5141 sed
2761 5099 2882 5154 quae
2921 5091 3044 5153 post
3094 5090 3492 5138 sacramentum

1923 5189 2237 5249 susceptum
2267 5179 2479 5249 degitur
2506 5179 2636 5242 vita,
2667 5176 2924 5232 convenit
2966 5176 3014 5230 ei
3048 5189 3168 5244 qua:
3198 5172 3494 5241 degebatnr

1925 5273 2237 5342 priusquam
2264 5277 2606 5326 sacramento
2630 5268 2968 5323 initiaretur:
2999 5264 3212 5320 etiamsi
3240 5261 3291 5314 id
3312 5260 3491 5313 dicere

1926 5364 1998 5418 sit
2028 5362 2313 5427 audacius,
2343 5361 2521 5416 dicam
2554 5369 2758 5423 tamen,
2780 5374 2878 5413 nec
2903 5365 3151 5410 avertar:
3184 5353 3311 5415 Quae
3340 5347 3393 5400 in
3425 5348 3491 5402 iis

1926 5454 2167 5509 adhibita
2217 5462 2301 5510 est
2354 5466 2516 5522 aqua,
2556 5465 2696 5520 aqua
2747 5457 2851 5515 est,
2900 5462 3020 5500 cum
3073 5442 3273 5495 donum
3318 5438 3491 5493 sancti
