4006 6148
452 238 473 287 Ι
484 232 552 288 illi

1719 223 1776 277 S.
1822 221 2150 283 GREGDﬂll
2176 221 2472 277 NYSSENI

3584 224 3681 291 uti

452 347 692 416 Spiritus
713 344 759 398 ei
791 344 885 411 qui
908 346 1199 411 generatur
1227 337 1451 391 minime
1480 335 1781 407 advenerit,
1805 340 2023 410 quando

2138 340 2364 413 μορφὴν,
2399 340 2431 410 ἢ
2462 338 2522 391 1:6
2552 336 2693 390 κατά
2738 333 3046 401 πλεονεξίαν
3081 333 3278 396 πάθος,
3309 330 3404 386 καὶ
3429 333 3463 403 ἠ
3498 331 3695 386 ἀκόλα-

450 454 559 493 non
589 438 764 493 solum
790 434 958 488 animi
997 431 1281 502 turpitudo
1300 430 1530 483 formam
1559 430 1799 488 divinam
1823 432 2025 500 probro

450 529 634 591 adicit,
673 533 767 579 aut
805 523 996 576 vitium
1045 522 1305 587 avaritiae,
1337 520 1759 590 impudicusque
1789 529 1845 576 et
1873 522 2028 576 inho-

450 626 643 671 aestus
688 612 927 678 animus,
959 610 1266 680 fastusque,
1322 618 1374 665 et
1410 608 1633 675 invidia,
1667 618 1721 665 et
1745 611 2023 681 superbia,

450 707 543 765 sed
578 715 631 761 et
664 707 816 760 lucra
852 718 977 773 quae
1009 702 1141 757 fecit
1164 717 1231 761 ex
1260 701 1549 770 iniustitia,
1584 702 1727 773 apud
1755 717 1879 757 eum
1910 719 2029 774 per.

448 808 695 864 manent,
722 808 777 853 et
798 812 918 868 qua:
946 795 1219 849 adulterio
1245 802 1327 849 est
1350 795 1397 848 ei
1426 800 1616 863 parata
1644 794 1841 849 mulier
1863 795 2026 849 etiam

449 901 637 963 postea
660 890 781 959 ejus
810 890 976 943 servit
1002 886 1395 955 voluptatibus.
1424 884 1479 939 Si
1513 886 1646 950 haec,
1670 893 1726 941 et
1755 900 1876 955 quze
1899 894 2028 940 sunt

451 980 786 1051 hujusmodi,
824 993 933 1032 non
992 992 1152 1032 secus
1203 982 1367 1044 atque
1420 974 1594 1043 prius,
1648 983 1776 1029 sunt
1822 974 1876 1026 in
1918 973 2029 1027 vita

450 1078 570 1146 ejus
594 1075 685 1145 qui
714 1074 922 1127 tinctus
952 1071 1054 1125 fuit
1082 1068 1429 1137 baptismate,
1460 1081 1568 1121 non
1598 1080 1820 1136 possum
1851 1064 2031 1120 videre

448 1172 501 1224 in
521 1183 757 1240 quonam
791 1168 860 1221 sit
878 1172 1139 1227 mutatus,
1168 1177 1290 1216 cum
1317 1161 1566 1216 eumdem
1591 1159 1849 1227 aspiciam
1869 1172 2028 1227 quem

451 1258 626 1326 prius,
656 1256 747 1324 qui
782 1254 958 1308 fuerat
987 1251 1189 1320 injuria
1217 1248 1460 1311 affectus,
1493 1249 1584 1317 qui
1612 1247 1903 1302 calumniis
1933 1261 2031 1316 ap-

451 1350 675 1417 petitus,
706 1348 800 1416 qui
834 1344 993 1399 bonis
1025 1343 1140 1399 suis
1167 1348 1392 1398 eversus
1423 1354 1487 1394 ac
1532 1338 1797 1408 dejectns,
1826 1336 2028 1391 nullam

453 1439 644 1493 videns
687 1436 1041 1491 mutationem
1095 1433 1218 1503 ejus
1267 1433 1358 1503 qui
1411 1438 1497 1487 est
1550 1438 1863 1502 generatus.
1911 1426 2031 1482 Non

456 1527 746 1583 audierunt
773 1526 839 1579 ab
865 1540 932 1581 eo
954 1538 1142 1579 vocem
1172 1522 1384 1581 Zachaai
1408 1539 1421 1575 :
1453 1521 1513 1577 Si
1542 1534 1691 1591 quem
1719 1519 2031 1573 οἰνοηθηωηί

454 1634 545 1687 per
575 1616 917 1676 calumniam,
952 1614 1112 1668 reddo
1143 1614 1498 1684 quadruplum
1521 1612 1587 1665 “.
1616 1610 1747 1675 Quae
1776 1609 2031 1664 dicebant

2127 451 2248 496 στος
2278 433 2369 486 καὶ
2394 434 2427 503 ἡ
2455 431 2717 502 ἀσχήμων
2748 429 2973 490 διάνοια,
3002 427 3096 480 καὶ
3119 426 3284 494 τύφος
3303 466 3316 490 ,
3342 424 3436 479 καὶ
3465 425 3660 498 φδόνος
3680 463 3696 487 ,

2124 526 2220 581 καὶ
2267 524 2613 596 ὑπερηφανία
2636 539 2648 551 ⁸
2700 522 2835 575 ἀλλὰ
2885 519 2979 574 καὶ
3036 518 3105 571 τά
3157 517 3215 583 ἒξ
3267 516 3479 580 ἀδικίας
3529 516 3699 585 κέρδη

2124 615 2420 691 παραμένῃ
2467 613 2616 683 αὐτῷ
2661 613 2753 665 καὶ
2798 613 2831 682 ἠ
2868 611 2931 663 ὲκ
2963 602 3207 679 μοιχεῆις
3250 606 3400 676 αὐτῷ
3436 606 3699 675 κτηθείσα

2127 710 2262 780 γυνὴ
2310 710 2432 771 ταῖς
2472 705 2689 776 ἡδοναῖς
2726 701 2889 757 αὐτοῦ
2921 701 3015 755 καὶ
3048 697 3186 769 μετὰ
3222 696 3379 750 τοῦτο
3411 697 3703 767 ὑπηρετεί-

2120 817 2231 856 νται.
2273 798 2399 852 Ἐὰν
2426 797 2600 856 ταῦτα
2628 796 2724 849 καὶ⁴
2750 792 2971 847 τοιαῦτα
3001 789 3201 860 ὁμοίως
3223 787 3485 859 πρότερον
3514 804 3573 839 τε
3605 786 3700 838 καὶ

2132 892 2270 960 μετὰ
2311 889 2480 942 ταῦτα
2529 888 2656 957 περὶ
2702 885 2792 939 τὸν
2839 884 2949 955 βίον
2983 882 3076 935 τοῦ
3114 879 3500 951 βαπτισθέντος
3534 873 3591 951 ᾗ,
3646 878 3700 930 τί

2133 981 2563 1052 μεταπεποίηται
2615 978 2741 1031 ίδεϊν
2783 976 2883 1029 οὐκ
2934 972 3012 1027 ἔνι
3043 973 3180 1026 ’τὸν
3233 972 3394 1029 αὐτὸν
3450 971 3699 1041 βλέπων,

2128 1076 2297 1145 ὅνπερ
2328 1074 2423 1127 καὶ
2464 1071 2757 1143 πρότερον,
2788 1070 2817 1121 6
2842 1064 3164 1137 ἠδικημένος
3184 1103 3199 1127 ,
3238 1065 3267 1116 6
3298 1079 3699 1131 σεσυκοφαντη-

2134 1167 2324 1237 μένος,
2365 1164 2394 1218 6
2421 1164 2528 1216 τῶν
2562 1163 2705 1216 ἰδίων
2746 1158 3050 1224 ἀπωσθεὶς,
3086 1156 3338 1226 οὐδεμίαν
3386 1153 3589 1223 ὁρῶσιν
3615 1154 3700 1221 ἐφ’

2131 1259 2336 1311 ἑαυτῶν
2377 1257 2475 1326 τὴν
2505 1253 2600 1308 τοῦ
2643 1251 2932 1321 λεγομένου
2968 1248 3284 1320 μεταϐολήν.
3321 1247 3434 1299 Οὐκ
3462 1244 3701 1314 ἤκουσαν

2129 1351 2226 1404 καὶ
2254 1348 2404 1418 παρὰ
2427 1346 2614 1400 τούτου
2657 1345 2757 1415 τὴν
2787 1342 3054 1413 Ζακχαίου
3083 1340 3268 1409 φωνήν
3289 1378 3301 1401 ,
3340 1338 3421 1390 ὅτι
3445 1336 3518 1391 El
3540 1336 3703 1400 τινός

2130 1459 2186 1495 τι
2245 1436 2751 1507 ἐσυκοφάντησα,
2816 1432 3142 1500 ἀποδίδωμι
3199 1427 3698 1497 rapiendae-lora.

2137 1534 2205 1585 Ἀ
2255 1532 2359 1603 πρὸ
2391 1529 2484 1583 τοῦ
2520 1528 2888 1598 βαπτίσματος
2934 1525 3146 1591 ἔλεγον,
3176 1521 3247 1574 τὰ
3281 1520 3419 1573 αὐτά
3461 1520 3555 1572 καὶ
3606 1518 3702 1571 νῦν

2134 1624 2263 1694 περὶ
2292 1619 2386 1675 τοῦ
2418 1620 2580 1675 αὐτοῦ
2612 1618 3070 1690 διεξέρχονται,ὲκ
3091 1612 3199 1667 τῶν
3225 1610 3399 1666 αὐτῶν
3426 1610 3704 1679 ὀνομάτων

458 1718 582 1764 ante
616 1708 972 1776 baptismum,
1010 1706 1201 1760 cadent
1241 1707 1406 1760 etiam
1437 1703 1504 1759 de
1537 1716 1603 1756 eo
1638 1716 1787 1756 nunc
1815 1700 2025 1765 dicunt,

2138 1692 2589 1784 κατονομάζουσι,
2603 1710 2948 1778 πλεονέκτην,
2981 1705 3089 1759 τῶν
3111 1702 3403 1774 ἀλλοτρίων
3431 1700 3703 1771 ἐπιθυμη-

456 1810 510 1854 et
570 1800 760 1855 iisdem
820 1800 982 1855 etiam
1041 1798 1357 1853 nominibus
1413 1796 1727 1865 appellant,
1779 1807 2024 1859 avarum,

457 1894 758 1949 alienorum
794 1892 1061 1951 bonorum
1098 1898 1463 1965 appetentem,
1503 1905 1567 1945 ex
1620 1889 1899 1943 hominum
1932 1902 2026 1942 ea-

456 1983 795 2045 lamitatibus
830 1982 1059 2037 delicias
1114 1982 1215 2042 sibi
1252 1991 1555 2051 parantem.
1588 1979 1692 2046 Qui
1735 1994 1869 2050 ergo
1905 1993 2029 2033 ver.

459 2084 613 2130 satur
648 2076 702 2129 in
736 2075 951 2139 iisdem,
1001 2082 1056 2128 et
1106 2073 1303 2133 deinde
1336 2073 1506 2141 jactat
1540 2073 1595 2125 in
1627 2072 1825 2139 vulgus
1873 2085 2029 2125 suam

460 2182 557 2241 per
591 2167 929 2236 baptismum
962 2166 1016 2219 in
1039 2163 1238 2221 melius
1260 2164 1637 2228 mutationem,
1667 2162 1853 2216 audiat
1876 2160 2031 2215 Pauli

458 2274 645 2314 vocem
675 2277 687 2312 :
723 2259 785 2312 Si
810 2258 929 2326 quis
952 2256 1155 2310 videtur
1185 2255 1287 2309 sibi
1336 2270 1448 2309 esse
1477 2253 1701 2323 aliquid,
1749 2269 1865 2307 cum
1899 2254 2033 2307 nihil

459 2348 552 2411 sit,
582 2348 807 2415 “ipsum
835 2347 1025 2414 decipit
1051 2347 1117 2400 ⁸³.
1144 2343 1261 2399 Non
1290 2358 1350 2399 es
1378 2344 1522 2399 enim
1551 2343 1693 2414 quod
1717 2358 1829 2398 non
1855 2342 2032 2398 factus

458 2452 540 2492 es.
620 2436 927 2505 Quicunque
982 2452 1100 2491 eum
1162 2444 1507 2503 acceperunt,
1572 2433 1641 2490 de
1698 2434 2032 2505 regeneratis

460 2530 596 2583 dicit
626 2529 999 2599 Evangelium,
1045 2528 1187 2582 dedit
1230 2529 1304 2582 eis
1344 2534 1660 2595 potestatem
1709 2536 1762 2580 ut
1798 2528 1901 2595 ﬁlii
1939 2526 2033 2579 Dei

460 2622 645 2689 fierent
667 2622 732 2673 ³³.
781 2621 883 2685 Qui
930 2629 1109 2673 autem
1160 2618 1339 2675 factus
1375 2629 1459 2675 est
1504 2619 1741 2691 alicujus
1790 2622 1952 2685 ﬁlius,
1988 2621 2033 2675 is

461 2720 546 2765 est
579 2712 806 2764 omnino
852 2709 1101 2778 ejusdem
1137 2712 1354 2781 generis
1387 2711 1548 2781 cujus
1592 2712 1638 2766 is
1683 2711 1776 2782 qui
1826 2713 2031 2781 genuit.

466 2802 524 2855 Si
565 2816 696 2871 ergo
740 2800 911 2854 Deum
963 2802 1243 2871 accepisti,
1290 2813 1345 2857 et
1395 2802 1570 2858 factus
1625 2818 1685 2858 es
1733 2802 1826 2857 Dei
1871 2803 2034 2871 tilius,

462 2890 690 2945 ostende
717 2892 881 2944 etiam
936 2890 1012 2947 tui
1066 2892 1231 2945 animi
1268 2892 1437 2947 libero
1486 2894 1773 2963 proposito
1818 2909 1881 2948 ac
1919 2895 2034 2951 ele-

469 2981 658 3035 ctione
686 2980 851 3035 Deum
882 2981 975 3051 qui
1013 2980 1069 3035 in
1124 2992 1176 3036 te
1210 2990 1315 3037 est.
1347 2984 1585 3039 Ostende
1632 2985 1688 3039 in
1715 2992 1768 3039 te
1790 2999 1914 3039 eum
1941 2986 2034 3054 qui

2131 1809 2253 1878 τὴν,
2287 1779 2396 1861 ἀπὸ
2432 1779 2724 1874 συμξορῶν
2767 1797 3115 1871 ἀνθρωπίνων
3144 1792 3448 1865 τρυφῶντα.
3497 1793 3557 1844 '0
3590 1791 3704 1843 τοί-

2130 1916 2226 1953 νυν
2258 1900 2315 1951 ἐν
2342 1899 2453 1959 τοῖς
2492 1896 2671 1957 αὐτοῖς
2701 1890 2795 1957 ὣν,
2826 1890 3016 1943 ἔπειτα
3045 1884 3378 1965 ὲπιθρυλλῶν
3410 1884 3586 1952 ἑαυτῷ
3612 1882 3706 1935 διὰ

2130 1990 2223 2052 τοῦ
2265 1989 2638 2061 βαπτίσματος
2675 1983 2774 2054 τὴν
2823 1981 2959 2052 πρὸς
2989 1980 3050 2032 τὸ
3081 1981 3326 2050 κρεῖττον
3367 1974 3699 2061 μεταϐολὴν,

2132 2060 2416 2136 ἀκουσάτω
2440 2077 2540 2148 τῆς
2569 2075 2778 2129 Παύλου
2803 2072 3016 2142 φωνῆς·
3049 2071 3131 2122 ὅτι
3148 2068 3224 2121 Et
3249 2084 3338 2133 τις
3364 2064 3532 2120 δοκεῖ
3550 2060 3706 2118 εἶναι

2127 2172 2320 2244 μηδὲν
2373 2171 2476 2234 ὢν,
2523 2164 2869 2238 φρεναπατᾷ
2915 2162 3153 2220 ἑαυτόν.
3210 2163 3275 2215 Ὃ
3329 2159 3437 2230 γὰρ
3489 2160 3563 2228 μὴ
3613 2157 3707 2225 γέ-

2132 2282 2294 2343 γονας
2324 2264 2423 2317 οὐκ
2449 2250 2529 2318 εἴ.
2550 2262 2724 2314 Ὅσοι
2754 2258 2974 2311 ἔλαϐον
3014 2256 3220 2312 αὑτὸν.
3256 2253 3390 2322 φησὶ
3428 2249 3556 2321 περὶ
3595 2247 3705 2303 τῶν

2132 2340 2600 2425 ἀναγεννηθέντων
2674 2351 2737 2403 τὸ
2794 2346 3161 2417 Εὐαγγέλιον,
3218 2343 3471 2405 ἔδωκεν
3502 2340 3708 2406 αὐτοῖς

2133 2447 2428 2513 ἐξουσίαν
2450 2445 2629 2498 τέκνα
2658 2440 2806 2497 Θεοῦ
2834 2437 3127 2508 γενέσθαι.
3154 2436 3226 2489 T6
3253 2435 3311 2488 δὲ
3335 2435 3528 2489 τέκνον
3553 2432 3709 2501 γενό-

2138 2539 2295 2609 μενόν
2325 2553 2497 2599 τινος,
2544 2533 2800 2604 ὁμογενὲς
2824 2527 3042 2590 πάντως
3077 2527 3193 2580 ἐστὶ
3236 2524 3315 2595 τῷ
3359 2526 3687 2594 γεννήσαντι

2135 2632 2198 2683 El
2251 2625 2343 2682 οὖν
2395 2626 2585 2689 ἔλαϐες
2628 2624 2717 2677 τὸν
2770 2621 2920 2685 Θεὸν,
2957 2619 3049 2673 καὶ
3098 2618 3287 2671 τέκνον
3320 2615 3507 2685 ἐγένου
3548 2612 3709 2676 Θεοῦ,

2134 2721 2305 2787 δεῖξον
2335 2719 2422 2774 διὰ
2446 2719 2544 2789 τῆς
2572 2713 2940 2787 προαιρέσεως
2957 2712 3050 2769 καὶ
3075 2710 3169 2763 τὸν
3197 2710 3253 2760 ἐν
3285 2708 3368 2760 σοὶ
3398 2707 3528 2758 ὄντα
3554 2704 3708 2757 Θεὸν.

2137 2812 2318 2878 Δεῖξον
2362 2814 2419 2864 ἐν
2466 2808 2677 2878 σεαυτῷ
2718 2806 2810 2858 τὸν
2843 2803 3195 2873 γεννήσαντα.
3228 2799 3317 2865 Ἐξ
3346 2792 3420 2851 ὧν
3452 2795 3713 2849 τὸνλθεδν

2138 2902 2474 2974 γνωρίζομεν
2496 2942 2509 2961 ,
2543 2899 2610 2953 δι’
2644 2897 2866 2951 ἐκείνων
2889 2895 3156 2964 προσήκει
3181 2890 3454 2961 δειχθῆναι
3487 2887 3582 2940 τοῦ
3620 2904 3713 2954 γε-

2142 2995 2365 3065 νομένου
2404 2990 2522 3046 υἱοῦ
2572 2989 2705 3051 Θεοῦ
2748 2988 2846 3059 τὴν
2894 2986 3030 3057 πρὸς
3059 2985 3151 3037 τὸν
3204 2982 3337 3035 Θεὸν
3382 2980 3711 3047 οἰκειότητα.

466 3073 675 3143 genuit.
731 3071 835 3127 Per
891 3074 982 3127 illa
1038 3088 1104 3128 ex
1143 3074 1345 3142 quibus
1400 3074 1570 3130 Deum
1628 3076 2033 3145 cognoscimus,

2154 3057 2418 3150 ’ἐκεῖνος
2431 3084 2651 3150 ἀνοίγει
2670 3080 2784 3147 τὴν
2805 3057 2994 3146 χεῖρα,
3022 3075 3119 3128 καὶ
3145 3070 3411 3143 ὲμπιπλᾷ
3429 3069 3552 3125 πᾶν
3568 3069 3717 3130 ζῶον

467 3170 685 3233 Oportet
723 3165 938 3219 ostendi
972 3179 1095 3220 cum
1141 3165 1252 3221 Deo
1286 3167 1734 3237 conjunctionem
1765 3178 1817 3222 et
1848 3182 2039 3222 neces-

465 3256 763 3311 situdinem
792 3256 913 3326 ejus
959 3258 1052 3327 qui
1086 3257 1264 3314 factus
1295 3268 1381 3313 est
1420 3259 1563 3313 ﬁlius
1594 3259 1705 3314 Dei.
1740 3257 1842 3313 Ille
1869 3260 2036 3327 aperit

463 3364 700 3413 manum,
734 3358 781 3402 et
812 3351 995 3418 implet
1053 3364 1203 3403 omne
1230 3351 1437 3405 animal
1467 3351 1603 3404 bona
1661 3351 2037 3405 voluntate“:

462 3440 706 3492 transilit
748 3439 1103 3508 iniquitates,
1151 3442 1219 3495 de
1267 3442 1412 3495 malo
1469 3442 1578 3512 agit
1634 3443 2036 3511 paenitentiam.

467 3527 658 3581 Suavis
716 3527 979 3583 Dominus
1033 3531 1330 3596 universis,
1380 3547 1485 3584 non
1538 3531 1699 3601 infert
1766 3533 1902 3586 iram
1946 3548 2040 3599 per

467 3617 701 3684 singulos
734 3616 847 3670 dies
872 3616 919 3650 “
953 3633 972 3671 :
1026 3628 1201 3672 rectas
1248 3620 1503 3674 Dominus
1534 3620 1710 3688 Deus,
1737 3632 1786 3676 et
1817 3639 1921 3678 non
1961 3631 2040 3677 est

466 3710 524 3763 in
551 3726 612 3763 eo
652 3710 908 3779 iniquitas
942 3712 1010 3774 ³⁸,
1044 3720 1098 3766 et
1137 3728 1480 3783 quaecunque
1529 3716 1841 3785 hujusmodi
1879 3733 2039 3787 spar~

469 3801 574 3854 sim
598 3801 861 3856 docemur
881 3819 909 3857 a
929 3818 1085 3858 sacra
1106 3803 1411 3875 Scriptura.
1441 3806 1498 3860 Si
1524 3808 1579 3861 in
1602 3808 1686 3862 his
1710 3809 2037 3873 versabaris,

470 3894 651 3950 factus
690 3912 750 3951 es
799 3912 926 3953 vere
963 3897 1106 3953 {ilius
1168 3899 1283 3953 Dei.
1320 3898 1379 3953 Si
1432 3908 1613 3955 autem
1661 3916 1952 3971 permancs
1986 3905 2040 3959 in

469 3989 641 4057 signis
688 3990 940 4059 notisque
976 3990 1114 4053 vitii,
1145 3997 1350 4046 temere
1393 3998 1447 4046 te
1491 3993 1558 4046 de
1595 4006 1829 4063 superna
1862 3995 2040 4063 jactas

471 4080 840 4148 generatione.
878 4079 999 4135 Tibi
1045 4080 1191 4135 dicet
1225 4082 1506 4151 prOphetia
1538 4102 1551 4138 :
1588 4082 1660 4136 Es
1689 4083 1835 4153 ﬁlius
1870 4085 2041 4139 homi-

470 4168 577 4231 nis,
613 4185 716 4221 non
745 4170 891 4237 ﬁlius
933 4171 1216 4224 Altissimi.
1267 4169 1462 4242 Diligis
1494 4175 1810 4239 vanitatem,
1845 4176 2041 4246 quieris

471 4261 804 4314 mendacium
845 4264 910 4313 ’⁷.
962 4261 1154 4318 Nescis
1212 4265 1355 4332 quod
1410 4265 1572 4319 homo
1624 4280 1731 4319 non
1793 4267 1953 4321 aliter
1983 4266 2041 4321 ﬁt

470 4351 564 4405 Dei
601 4354 763 4417 filius,
794 4370 953 4425 quam
986 4355 1031 4409 si
1071 4354 1163 4408 ﬁat
1196 4358 1471 4410 sanctus?

542 4442 775 4500 Necesse
802 4454 982 4501 autem
1030 4447 1188 4502 fuerit
1240 4450 1404 4502 etiam
1446 4449 1531 4503 his
1570 4450 1772 4505 addere
1812 4451 1862 4505 id
1892 4452 2039 4520 quod

470 4543 663 4601 restat,
701 4554 894 4607 nempe
923 4538 1067 4607 quod
1121 4539 1263 4592 bona
1302 4555 1424 4609 quae
1476 4544 1529 4593 in
1582 4542 2043 4609 promissionibus

474 4634 606 4678 sunt
654 4629 935 4696 proposita
989 4630 1058 4684 iis
1092 4631 1181 4700 qui
1235 4639 1386 4685 recte
1414 4632 1709 4698 vixerunt,
1770 4648 1877 4686 non
1917 4640 2046 4688 sunt

472 4715 767 4781 ejusmodi,
818 4729 873 4772 ut
926 4720 1108 4774 verbis
1164 4722 1380 4789 possint
1436 4722 1696 4776 describi.
1756 4722 2044 4788 Quomodo

472 4805 643 4869 enim,
675 4824 798 4875 qua:
835 4824 1010 4879 neque
1043 4812 1236 4865 oculus
1286 4812 1442 4874 vidit,
1477 4828 1578 4866 nec
1620 4815 1767 4869 auris
1813 4816 2044 4879 audivit,

474 4912 657 4966 neque
684 4900 737 4952 in
759 4915 856 4953 cor
879 4902 1117 4957 hominis
1137 4903 1506 4958 ascenderunt
1531 4905 1575 4937 ³³
1595 4906 1618 4957 ?
1640 4904 1825 4977 Neque
1855 4910 2053 4964 misera

474 5000 531 5046 et
576 4993 769 5047 dolore
810 4996 966 5063 plena
1023 4997 1134 5051 vita
1192 5012 1381 5051 eorum
1423 4999 1514 5067 qui
1556 5015 1922 5069 peccaverunt
1976 5013 2060 5057 est

476 5084 677 5142 similis
711 5086 807 5139 ulli
852 5102 915 5140 ex
970 5087 1037 5142 iis
1064 5104 1186 5159 quae
1237 5103 1460 5145 sensum
1497 5090 1588 5145 hic
1640 5092 1907 5147 cruciant.
1949 5093 2055 5148 Sed

480 5179 584 5235 etsi
622 5178 845 5248 aliquod
894 5193 959 5233 ex
993 5180 1061 5235 iis
1091 5196 1210 5252 quae
1241 5182 1352 5237 illic
1375 5192 1503 5239 sunt
1532 5185 1841 5249 tormentis,
1876 5187 2058 5241 nomi-

480 5279 668 5325 natum
709 5271 872 5326 fuerit
906 5273 1221 5328 nominibus
1247 5288 1367 5343 quae
1390 5275 1479 5329 hic
1504 5285 1635 5331 sunt
1662 5276 1902 5346 cognita,
1939 5292 2043 5331 nou

478 5370 565 5415 est
629 5370 813 5418 tamen
866 5376 1090 5434 parvum
1141 5363 1461 5420 discrimen.
1519 5365 1653 5419 Nam
1712 5380 1834 5421 cum
1871 5368 2048 5439 ignem

2142 3178 2441 3241 εὐδοκίας,
2468 3172 2782 3243 ὑπερϐαίνει
2817 3170 3063 3239 ἀνομίας,
3089 3166 3338 3236 μετανοεῖ
3360 3163 3453 3216 ἐπὶ
3492 3158 3711 3220 κακίας.

2144 3267 2414 3337 Χρηστὸς
2444 3268 2655 3331 Κύριος
2682 3262 2807 3327 τοῖς
2837 3261 3132 3329 σύμπασι,
3156 3256 3236 3326 μὴ
3262 3255 3449 3325 ὁρτὴν
3481 3248 3719 3318 ἐπάγων

2143 3362 2273 3414 καθ’
2290 3354 2811 3425 ἐκάστηνήμέραν·
2834 3352 3016 3416 εὐθὺς
3033 3351 3242 3416 Κύριος
3260 3351 3292 3401 ὁ
3314 3347 3476 3411 Θεὸς,
3497 3344 3589 3396 καὶ
3606 3344 3718 3395 οὐκ

2144 3453 2315 3505 ἐστιν
2338 3450 2537 3505 ἀδικία
2560 3447 2628 3499 ἐν
2661 3442 2853 3509 αὐτῷ,
2904 3443 2999 3496 καὶ
3032 3442 3129 3494 ὅσα
3177 3439 3400 3492 τοιαῦτα
3444 3434 3716 3505 σποράδην

2146 3546 2296 3617 παρὰ
2326 3546 2425 3615 τῆς
2466 3542 2688 3615 Γραφῆς
2720 3537 3102 3609 διδασκόμεθα.
3149 3535 3273 3588 Ἐὰν
3308 3535 3365 3586 ὲν
3394 3531 3600 3593 τούτοις
3625 3526 3715 3600 ἧς,

2144 3634 2361 3706 ἀληθῶς
2405 3633 2591 3703 ἐγένου
2657 3630 2845 3685 τέκνον
2875 3628 3031 3681 Θεοῦ.
3068 3627 3130 3679 El
3169 3626 3226 3678 δὲ
3257 3627 3367 3686 τοῖς
3397 3624 3495 3692 τῆς
3522 3621 3719 3681 κακίας

2146 3727 2422 3798 ὲπιμένεις
2467 3725 2845 3796 γνωρίσμασι,
2902 3722 3077 3791 μάτην
3118 3716 3457 3788 ἑπιθρυλλεῖς
3508 3712 3720 3782 σεαυτῷ

2145 3820 2245 3889 τὴν
2290 3818 2494 3873 ἀνωθεν
2535 3816 2806 3885 γέννησιν.
2858 3814 3003 3880 Ἐρεί
3045 3809 3180 3881 πρὸς
3216 3809 3337 3877 σὲὴ
3379 3804 3715 3877 προφητεία,

2146 3910 2368 3976 ὅτιΥἱὸς
2384 3908 2694 3978 ἀνθρώπου
2710 3904 2929 3972 εἶ,οὐχὶ
2955 3903 3084 3967 υίὸς
3113 3901 3427 3968 Ὑψίστου.
3458 3893 3720 3965 Ἀγαπᾷς

2142 4004 2538 4073 ματαιότητα,
2595 3998 2781 4067 ζητεῖς
2833 3996 3079 4070 ψεῦδος.
3120 3994 3233 4047 Οὐκ
3281 3992 3449 4060 ἔγνως
3495 3990 3575 4043 ὅτι
3626 3988 3723 4041 ἄν·

2149 4097 2365 4168 θρωπος
2402 4094 2502 4147 οὐκ
2541 4091 2716 4155 ἄλλως
2758 4090 2874 4152 υίὸς
2913 4086 3046 4142 Θεοῦ
3098 4086 3334 4157 γίνεται,
3381 4085 3429 4135 εἱ
3464 4082 3538 4153 μὴ
3576 4081 3724 4145 ὅσιος

2149 4187 2370 4257 γένηται
2390 4200 2406 4249 ;

2231 4456 2550 4523 Ἀναγκαῖον
2578 4452 2643 4505 ἂν
2684 4450 2768 4521 εἴη
2806 4450 3013 4512 τούτοις
3045 4450 3355 4519 προσθεῖναι
3394 4448 3487 4500 καὶ
3516 4447 3575 4499 τὸ
3609 4446 3723 4498 λει-

2152 4547 2411 4617 τῇμενον,
2454 4546 2535 4597 ὄτι
2567 4542 2689 4596 οὕτε
2721 4542 2789 4595 τὰ
2825 4540 3004 4610 ἀγαθὰ
3030 4539 3099 4590 τὰ
3126 4540 3183 4589 ὲν
3227 4536 3577 4605 ἐπαγγελίαις
3611 4537 3725 4599 τοῖς

2150 4636 2209 4695 εὖ
2243 4639 2528 4709 βεϐιωκόσι
2560 4636 2895 4708 προκείμενα
2923 4633 3144 4687 τοιαῦτα
3173 4634 3337 4693 ἐστιν,
3366 4630 3441 4693 ὡς
3471 4630 3551 4692 εἰς
3586 4630 3725 4685 ὑπο-

2149 4731 2367 4805 γραφὴν
2393 4730 2548 4798 λὸγου
2579 4728 2769 4782 ἐλθεῖν.
2794 4726 2914 4790 Πῶς
2941 4726 3065 4796 γὰρ,
3086 4723 3120 4778 ἃ.
3137 4723 3261 4776 οὔτε
3282 4715 3726 4793 ὁφθαλμδςεῖδεν,

2151 4822 2275 4875 οὒτε
2300 4818 2388 4885 οὖς
2417 4806 2666 4892 ἤκουσεν,
2692 4819 2815 4872 οὔτε
2838 4820 2929 4871 ἐπὶ
2957 4817 3181 4887 καρδίαν
3204 4813 3487 4885 ἀνθρώπου
3520 4808 3685 4877 ἀνέϐη
3708 4825 3723 4871 ;

2152 4912 2289 4967 Οὔτε
2322 4914 2427 4987 μὴν
2449 4911 2717 4983 ἡὰλγεινὴ
2744 4909 2849 4964 τῶν
2879 4906 3414 4979 πεπλημμεληκὸτων
3447 4903 3559 4971 ζωὴ
3590 4900 3728 4969 πρός

2151 5022 2202 5057 τι
2234 5003 2339 5056 τῶν
2376 5004 2499 5074 τῇδε
2532 5002 2840 5056 λυπούντων
2869 5000 2968 5070 τὴν
3007 4999 3256 5068 αἴσθησιν
3282 4993 3557 5065 ὁμοτίμως
3592 4992 3724 5061 ἔχει.

2166 5094 2323 5148 Ἀλλὰ
2352 5095 2452 5148 κᾶν
2487 5093 2829 5165 ἐπονομασθῇ
2857 5110 2909 5145 τι
2941 5092 3046 5145 τῶν
3078 5092 3192 5143 ἐκεῖ
3216 5085 3586 5156 κολαστηρίων
3616 5086 3729 5144 τοῖς

2152 5180 2251 5239 ὧδε
2274 5187 2691 5259 γνωριζομένοις
2711 5184 2984 5255 ὀνόμασιν,
3006 5184 3105 5235 οὐκ
3130 5183 3185 5234 ὲν
3204 5179 3372 5250 ὀλίγῳ
3392 5177 3488 5247 τὴν
3520 5174 3733 5245 παραλ-

2155 5279 2325 5348 λαγὴν
2373 5278 2504 5349 ἔχει.
2556 5278 2668 5350 Πῦρ
2714 5276 2821 5346 γὰρ
2866 5273 3109 5336 ἀκούων,
3154 5270 3281 5325 ἄλλο
3313 5286 3366 5321 τι
3394 5266 3545 5337 παρὰ
3570 5261 3734 5316 τοῦτο

2158 5373 2298 5424 νοεῖν
2326 5370 2627 5440 ἐδιδάχθης,
2653 5371 2715 5422 ὲκ
2746 5366 2839 5421 τοῦ
2864 5364 3181 5439 προκεῖσθαί
3210 5381 3262 5417 τι
3281 5360 3359 5433 τῷ
3385 5377 3457 5414 πυ
3468 5358 3520 5429 pi.
3541 5354 3735 5424 ἐκείνῳ

555 5561 595 5636 ⁹λ¹
630 5562 760 5618 Luc.
783 5567 970 5630 xnt,8.
1048 5570 1091 5601 ”
1124 5569 1299 5624 Galat.
1333 5570 1481 5635 νι,5.
1560 5568 1606 5600 ’³
1645 5567 1801 5623 Joan.
1836 5586 1873 5633 ι,
1902 5571 1987 5625 12.
2054 5573 2098 5604 ³³
2133 5571 2275 5630 Psal.
2307 5588 2483 5636 cxuv,
2527 5572 2612 5626 lii.
2684 5574 2727 5603 ’³
2760 5571 2906 5628 Psal.
2942 5588 3038 5636 vn,
3068 5572 3154 5625 12.
3234 5569 3278 5600 “
3308 5565 3452 5622 Psal-
3487 5577 3617 5629 XCII.
3644 5560 3733 5617 "'3-

482 5627 525 5659 "
566 5632 711 5689 Psal.
750 5652 821 5701 Iv,
860 5627 912 5691 5.
1019 5641 1063 5671 ’⁸
1104 5627 1480 5709 Ιειι.ι.χιν,’4;
1530 5639 1546 5693 Ι
1579 5641 1703 5696 Cor.
1739 5658 1797 5709 ιι,
1834 5627 1885 5697 9.
