4006 6148
251 306 357 362 105

1491 303 1746 360 ORATIO
1769 303 2266 361 CATECHETICA.

3397 309 3493 363 106

246 419 275 474 ὃ
312 419 374 476 ἐν
402 414 577 485 τούτῳ
614 415 714 468 οὐκ
741 415 874 469 ἔστι.
910 416 981 469 Τὸ
1010 416 1109 487 μὲν
1142 420 1248 490 γὰρ
1271 419 1331 473 οὐ
1362 419 1671 474 σϐέννυται·
1704 424 1817 473 τοὺ-

1928 419 2106 485 audis,
2132 420 2373 476 didicisti
2398 421 2634 491 aliquem
2655 422 2723 477 ab
2756 423 2849 479 illo
2868 426 3141 479 diversum
3169 423 3491 495 intelligere,

244 524 342 561 mu
394 507 453 560 δὲ
495 506 665 559 πολλὰ
712 507 862 577 παρὰ
906 508 1004 578 τῆς
1037 510 1231 580 πείρας
1278 510 1562 583 ἐξεύρηται
1595 512 1661 565 τὰ
1702 512 1821 566 σϐε-

247 600 447 669 στήρια
467 616 479 628 ·
512 598 683 668 πολλὴ
711 598 768 651 δὲ
794 599 888 652 τοῦ
912 600 1269 671 σϐεννυμένου
1302 604 1437 675 πρὸς
1467 606 1528 657 τὸ
1556 605 1630 674 μὴ
1656 621 1827 675 παρα-

243 691 533 760 δεχόμενον
559 690 743 743 σϐέσιν
766 691 798 760 ἡ
820 690 1070 760 διαφορά.
1103 694 1310 747 Οὐκοῦν
1338 695 1462 749 ἄλλο
1486 713 1559 758 τι,
1593 697 1685 749 καὶ
1706 697 1825 765 οὐχ).

244 779 401 833 τοῦτο
441 781 577 832 ἐστι.
606 780 775 833 Πάλιν
815 780 1070 852 σκώληκά
1105 801 1189 846 τις
1215 784 1471 849 ἀκούσας,
1508 786 1581 856 μὴ
1612 787 1700 840 διὰ
1725 788 1823 857 τῆς

243 871 561 941 ὁμωνυμίας
610 870 750 940 πρὸς
790 871 851 923 τὸ
892 872 1129 941 ἐπίγειον
1190 874 1346 927 τοῦτο
1392 875 1576 945 θηρίον
1618 877 1822 946 ἀποφε-

245 962 425 1033 ρέσθω
445 965 511 1033 τῇ
542 961 769 1032 διανοίᾳ.
800 962 862 1014 Ἦ
896 962 1002 1033 γὰρ
1029 963 1311 1035 προσθήκη
1345 965 1438 1017 τοῦ
1469 965 1822 1037 ἀτελεύτητον

242 1050 415 1121 εἶναι,
465 1054 630 1125 ἄλλην
681 1054 803 1109 τινὰ
849 1054 1009 1122 φύσιν
1059 1056 1207 1130 παρηὶς
1259 1058 1357 1129 τὴν
1414 1060 1821 1130 γινωσκομένην

242 1150 386 1200 νοεῖν
432 1146 766 1200 ὑποτίθεται.
808 1147 961 1199 Ἐπεὶ
999 1143 1089 1200 οῦν
1120 1148 1291 1202 ταῦτα
1322 1152 1611 1221 πρόκειται
1636 1154 1700 1222 τῇ
1732 1152 1821 1204 ἐλ-

243 1238 358 1291 πίδι
387 1239 481 1291 τοῦ
523 1238 661 1308 μετά
701 1237 873 1291 ταῦτα
909 1237 1052 1306 βίου,
1084 1240 1426 1312 καταλλήλως
1460 1244 1523 1295 ὲκ
1555 1243 1653 1312 τῆς
1690 1243 1820 1296 ἐκά-

244 1348 371 1383 στου
403 1329 792 1400 προαιρέσεως,
823 1330 962 1383 κατά
1001 1330 1096 1401 τὴν
1119 1331 1332 1385 δικαίαν
1354 1332 1447 1384 τοῦ
1479 1333 1612 1386 Θεοῦ
1641 1334 1819 1404 κρίσιν

244 1421 595 1491 ἀναφυόμενα
626 1419 705 1490 τῷ
739 1419 837 1490 βίῳ
859 1463 874 1486 ,
906 1422 1320 1490 σωφρονούντων
1349 1422 1414 1477 ἂν
1443 1425 1547 1495 εἴη,
1583 1424 1656 1496 μὴ
1686 1426 1817 1495 πρὸς

241 1512 305 1565 τὸ
340 1512 530 1582 παρὸν,
552 1511 689 1564 ἀλλὰ
721 1511 855 1581 πρὸς
878 1511 939 1564 τὸ
966 1512 1102 1581 μετά
1136 1512 1292 1565 τοῦτο
1323 1513 1560 1583 βλέπειν,
1596 1516 1687 1568 καὶ
1720 1517 1818 1587 τῆς

245 1605 531 1673 ἀφράστου
563 1603 959 1673 μακαριότητος
986 1604 1043 1655 ὲν
1067 1606 1133 1674 τῇ
1161 1603 1313 1675 ὀλίγῃ
1339 1605 1508 1678 ταύτῃ
1530 1607 1623 1660 καὶ
1654 1624 1819 1678 προσ-

243 1697 422 1768 καίρῳ
469 1696 580 1765 ζωῇ
618 1694 717 1758 τὰς
755 1695 1008 1767 ἀφορμὰς
1049 1697 1510 1761 καταϐάλλεσθαι,
1572 1699 1665 1752 καὶ
1716 1702 1817 1771 τῆς

242 1787 349 1839 τῶν
396 1787 583 1840 κακῶν
633 1787 827 1857 πείρας
867 1786 935 1839 δι’
992 1788 1204 1857 ἀγαθῆς
1245 1790 1616 1860 προαιρέσεως
1662 1790 1816 1843 ἀλλο·
1848 1776 1888 1829 Β

241 1876 520 1947 τριοῦσοαι
549 1893 563 1906 ο
611 1875 706 1930 νῦν
755 1878 851 1944 μὲν
883 1877 1024 1929 κατὰ
1061 1876 1150 1929 τὸν
1202 1876 1336 1947 βίον,
1369 1878 1503 1947 μετὰ
1542 1878 1719 1931 ταῦτα
1761 1879 1815 1932 δὲ

245 1969 383 2020 κατά
432 1967 531 2037 τὴν
590 1967 811 2020 αἰωνίαν
869 1967 1133 2020 ἀντίδοσιν
1189 1970 1217 2021 ὁ
1272 1968 1507 2038 Χριστὸς
1569 1968 1815 2040 βούλεται

243 2061 491 2131 θεωρεῖν,
526 2059 618 2112 δύο
657 2059 845 2129 φύσεις
869 2059 1138 2123 οὑσιωδῶς
1161 2061 1447 2130 ἡνωμένας
1480 2060 1815 2130 ὁμολογοῦσα

240 2154 348 2206 κάκ
380 2152 572 2206 τούτου
607 2152 929 2223 παριστῶσα
951 2151 1011 2204 τὸ
1043 2151 1326 2222 μεγαλεῖον
1354 2151 1446 2204 τοῦ
1480 2152 1691 2218 ἐλέους,
1722 2152 1814 2205 καὶ

236 2243 348 2296 τῶν
374 2244 669 2313 οἰκτιρμῶν
702 2243 794 2296 τοῦ
820 2242 952 2297 Θεοῦ
994 2260 1055 2295 πε
1068 2245 1118 2312 pi
1158 2244 1338 2313 ἡμᾶς,
1371 2244 1813 2314 καταδεξαμένου

235 2334 321 2387 διὲι
356 2335 456 2404 τὴν
495 2335 629 2406 πρὸς
664 2336 810 2404 ἡμᾶς
850 2335 1115 2405 στοργὴν,
1160 2333 1396 2387 συνεῖναί
1441 2351 1500 2387 τε
1552 2335 1647 2388 καὶ
1693 2352 1814 2388 συν-

233 2426 587 2497 αριθμεῖσθαι
646 2429 712 2497 τῇ
768 2427 959 2479 ἑαυτοῦ
1013 2427 1171 2495 φύσει
1222 2427 1320 2497 τὴν
1377 2426 1670 2498 ἡμετέραν.
1712 2426 1814 2481 Καὶ

233 2520 396 2589 χάρις
440 2519 519 2588 τῷ
563 2518 680 2588 Θεῷ
727 2520 819 2571 ἐπὶ
862 2521 925 2589 τῇ
983 2519 1355 2589 ἀνεκδιηγήτῳ
1402 2517 1566 2571 αὑτοῦ
1614 2519 1811 2591 δωρεᾷ.

233 2613 346 2665 Καὶ
394 2611 568 2665 ταῦτα
604 2611 702 2682 μὲν
737 2612 815 2674 είς
842 2611 1112 2664 τοσοῦτον.
1168 2611 1384 2681 Ἐπειδὴ
1417 2609 1473 2662 δὲ
1507 2612 1535 2663 ὁ
1574 2611 1815 2683 Σευῆρος

232 2701 413 2770 ψιλαῖς
458 2700 851 2772 προκαθέζεται
897 2707 1125 2770 φωναῖς,
1176 2702 1233 2754 ὲν
1285 2700 1490 2773 ῥήμασί
1533 2719 1592 2755 τε
1634 2703 1813 2772 μόνοις

233 2795 326 2846 καὶ
352 2794 524 2864 ’ἤχοις
563 2794 663 2864 τὴν
709 2792 986 2846 εὐσέϐειαν
1031 2794 1370 2860 ὑποτίθεται,
1402 2794 1579 2849 καίτοι
1624 2812 1690 2865 γε
1719 2796 1813 2849 τοῦ

246 2884 577 2938 Ἀποστόλου
601 2883 878 2951 λέγοντοςο
911 2886 992 2938 Οὺ
1020 2883 1128 2953 Δμὰρ
1157 2885 1225 2937 ἐν
1252 2887 1411 2955 λόγῳ
1454 2887 1493 2955 ἡ
1522 2889 1813 2951 ,βασιλεία

232 2977 338 3031 τοῦ
368 2976 519 3030 Θεοῦ
539 3015 555 3041 ,
591 2975 729 3029 ἀλλ’
768 2975 837 3026 ἐν
860 2973 1107 3043 δυνάμει
1137 2975 1233 3028 καὶ
1261 2977 1538 3045 ἀληθείςν
1576 2972 1728 3042 οὗτος
1756 2980 1812 3034 δὲ

233 3070 363 3140 ’παρ’
407 3067 560 3138 αὑτῷ
592 3068 813 3137 Σευῆρῳ
846 3066 1134 3138 κράτιστος
1165 3067 1411 3136 θεολόγος
1454 3070 1807 3138 γνωρίζεται,
1843 3105 1883 3162 C

230 3163 289 3225 ὃς
324 3162 392 3214 ἂν
432 3160 535 3224 τὰς
569 3159 901 3231 κατηγορίας
956 3159 1383 3230 Ἀριστοτέλους,
1425 3162 1519 3214 καὶ
1552 3162 1621 3215 τὰ
1652 3162 1813 3217 λοιπά

230 3253 341 3306 τῶν
397 3252 504 3316 ἔξω
552 3250 857 3319 φιλοσόφων
916 3248 1102 3320 κομψὰ
1152 3251 1461 3322 ἠσκημένος
1518 3252 1773 3322 τυγχάνοι
1796 3296 1810 3321 ,

229 3345 531 3412 ἀναγκαῖον
560 3344 707 3413 ἡμᾶς
729 3343 796 3395 τὰ
830 3343 1203 3412 σημαινόμενα
1222 3344 1457 3414 ἑκάστης
1481 3343 1677 3408 λέξεως
1703 3345 1811 3399 τῶν

229 3437 313 3497 εἰς
347 3433 418 3486 τὰ
459 3432 593 3503 πρὸς
630 3432 790 3486 αὐτὸν
813 3432 1049 3502 Σευῆρον
1078 3432 1347 3502 λεγόμενα
1376 3434 1649 3503 χρειωδῶς
1670 3433 1810 3505 λαμ-

229 3525 569 3594 ϐανομένων,
600 3526 692 3577 ἐπὶ
723 3523 913 3595 καιροῦ
948 3525 1241 3595 σαφηνίσαι
1272 3524 1411 3577 κατὰ
1436 3524 1526 3578 τὸν
1549 3525 1671 3579 νοῦν
1703 3525 1811 3579 τῶν

230 3615 703 3687 ἑκκλησιαστικῶν
751 3615 1115 3681 διδασκάλων,
1171 3614 1292 3668 καθ’
1346 3614 1405 3667 ὃν
1453 3615 1627 3669 ταῦτα
1676 3617 1812 3683 ἐξει-

229 3711 469 3781 λήφασιν
493 3725 507 3741 ·
561 3710 647 3762 ἵνα
697 3708 865 3779 ἔχοιεν
910 3709 957 3761 οἱ
1008 3709 1425 3778 ἐντυγχάνοντες
1468 3712 1580 3772 τοῖς
1611 3710 1810 3776 ὑπογε-

229 3801 576 3874 γραμμένοις
621 3801 831 3869 λόγοις,
861 3802 926 3853 ἐκ
957 3800 1179 3872 πρώτης
1213 3800 1500 3866 ἐντεύξεως
1540 3802 1680 3853 νοεῖν
1706 3800 1812 3855 τῶν

230 3895 544 3965 λεγομένων
590 3894 851 3964 δύναμινο
897 3894 991 3947 καὶ
1044 3892 1118 3964 μὴ
1161 3892 1249 3946 διὰ
1300 3892 1399 3962 τὴν
1452 3890 1675 3959 ἄγνοιαν
1717 3891 1812 3945 τοῦ

231 3986 639 4059 σημαινομένου
677 3985 784 4039 τῶν
815 3984 1012 4051 λέξεων
1051 3983 1187 4054 πρὸς
1225 3983 1325 4053 τὴν
1373 3982 1675 4053 κατάληψιν
1703 3982 1812 4036 τῶν

229 4081 291 4132 ἐν
318 4080 505 4140 αὐτοῖς
534 4076 907 4146 θεωρημάτων
933 4072 1429 4146 παραποδίζωνται.

1928 522 1993 562 ex
2040 523 2106 563 eo
2143 509 2286 578 quod
2321 510 2400 563 illi
2430 511 2539 580 igni
2574 510 2779 581 aliquid
2808 512 2878 567 sit
2909 512 3152 567 additum
3186 512 3331 582 quod
3384 528 3495 567 non
3538 564 3539 567 η

1929 599 2100 653 estin
2154 600 2279 655 hoc.
2340 599 2476 655 Nam
2530 602 2620 656 ille
2672 602 2892 671 quidem
2950 618 3058 656 non
3106 606 3493 673 exstinguitur,

1929 689 2075 744 hunc
2110 701 2289 746 autem
2325 692 2494 746 multa
2532 694 2749 747 inventa
2788 702 2915 748 sunt
2949 710 3069 764 quae
3100 695 3448 765 exstinguant
3478 714 3493 761 ;

1927 794 2120 851 magna
2152 789 2236 837 est
2264 789 2444 837 autem
2478 782 2785 838 diii‘erentia
2817 785 2957 839 inter
2983 800 3106 840 eum
3157 786 3249 856 qui
3287 786 3495 841 exstin-

1924 871 2197 939 guitur,et
2217 889 2341 927 eum
2363 875 2455 943 qui
2481 875 2685 929 nullam
2714 876 2954 941 admittit
2973 879 3396 932 cxstinctionem
3423 879 3491 930 '9.

1925 961 2022 1018 Est
2067 980 2197 1034 ergo
2245 965 2445 1035 aliquis
2487 967 2650 1031 alius,
2686 976 2738 1022 et
2786 983 2893 1021 non
2946 968 3034 1021 hic
3080 970 3241 1038 ignis.
3276 967 3493 1025 Rursus

1923 1070 2047 1110 eum
2081 1071 2317 1111 vermem
2351 1057 2613 1122 audieris,
2638 1074 2707 1114 ne
2752 1069 3038 1129 propterea
3070 1059 3213 1129 quod
3248 1060 3389 1115 idem
3423 1060 3495 1115 sit

1923 1163 2143 1213 nomen,
2172 1148 2238 1202 ad
2296 1157 2556 1205 terrestre
2591 1150 2695 1205 hoc
2727 1150 2929 1204 animal
2982 1161 3073 1205 tua
3108 1150 3313 1205 feratur
3348 1152 3494 1221 cogi-

1922 1239 2078 1292 talio.
2134 1239 2384 1308 Adjectio
2441 1241 2589 1295 enim
2648 1241 2768 1311 ejus
2832 1241 2977 1310 quod
3032 1258 3140 1296 non
3202 1242 3490 1308 moriatur,

1922 1330 2168 1401 suggerit
2201 1332 2360 1385 aliam
2389 1347 2511 1387 esse
2542 1332 2946 1403 intelligendam
2998 1340 3273 1396 naturam,
3326 1347 3491 1402 quam

1920 1436 2041 1476 eam
2092 1438 2213 1491 qua:
2269 1423 2639 1492 cegnoseitur.
2695 1422 2966 1490 Quoniam
3017 1439 3149 1493 ergo
3199 1423 3315 1477 haec
3364 1432 3492 1477 sunt

1920 1515 2201 1583 proposita
2255 1516 2371 1587 spei
2424 1516 2551 1570 vitae
2597 1524 2722 1585 post
2762 1515 2875 1570 [uec
2924 1514 3142 1580 futurae,
3184 1529 3307 1585 quae
3357 1528 3493 1568 cou-

1918 1615 2179 1673 gruenter
2210 1622 2275 1660 ex
2311 1606 2484 1662 libero
2530 1608 2965 1678 uniuscujusque
3003 1608 3253 1671 arbitrio,
3288 1621 3491 1663 conve-

1919 1696 2133 1752 nienter
2181 1698 2333 1769 justo
2367 1698 2462 1755 Dei
2507 1699 2717 1770 judicio
2774 1700 2902 1755 vitae
2953 1701 3296 1765 exoriuntur,
3328 1700 3492 1754 fuerit

1918 1791 2252 1860 sapientum,
2299 1806 2409 1845 non
2453 1791 2519 1846 ad
2552 1806 2794 1862 praesens
2843 1792 3065 1858 intueri,
3098 1791 3194 1847 sed
3224 1791 3292 1845 ad
3338 1790 3488 1845 futu-

1919 1896 2061 1949 rum,
2119 1889 2174 1936 et
2230 1881 2284 1935 in
2340 1882 2443 1937 hac
2497 1882 2644 1937 brevi
2700 1890 2754 1937 et
2810 1882 3095 1950 temporali
3146 1883 3255 1935 vita
3304 1881 3490 1950 jacere

1918 1972 2199 2026 materiam
2228 1980 2283 2026 et
2322 1980 2621 2027 sementem
2666 1972 3024 2028 beatitudinis
3076 1971 3405 2037 inetl‘abilis;
3436 1980 3489 2025 et

1918 2077 2017 2131 per
2046 2062 2251 2117 bonum
2284 2064 2625 2133 propositum
2657 2072 2710 2119 et
2743 2063 3067 2119 electionem
3122 2064 3330 2118 alienos
3369 2062 3487 2116 ﬁeri

1917 2169 1946 2208 a
1974 2155 2239 2208 malorum
2272 2154 2609 2224 experientia
2643 2174 2654 2208 :
2693 2168 2841 2209 nunc
2871 2154 3090 2225 quidem
3124 2155 3178 2209 in
3216 2154 3317 2207 hac
3350 2153 3485 2217 vita,

1916 2252 2037 2315 post
2071 2246 2186 2300 haac
2218 2256 2397 2300 autem
2446 2246 2504 2299 in
2550 2255 2754 2301 aeterna
2785 2247 3248 2311 remuneratione,
3284 2245 3400 2298 vult
3436 2254 3487 2299 te

1915 2335 2171 2392 Christus
2223 2336 2583 2406 contemplari
2643 2336 2780 2392 duas
2839 2343 3066 2391 naturas
3114 2334 3486 2391 essentialiter

1919 2428 2120 2493 unitas,
2151 2428 2495 2493 conﬁtentes,
2552 2434 2606 2482 et
2643 2442 2707 2483 ex
2739 2442 2804 2482 eo
2840 2426 3161 2482 exhibentes
3206 2426 3484 2496 magnitu-

1917 2520 2097 2574 dinem
2128 2518 2525 2573 misericordia‘,
2556 2527 2609 2572 et
2656 2517 3070 2572 miserationum
3121 2516 3212 2571 Dei
3258 2516 3312 2569 in
3358 2531 3482 2581 nos,

1916 2612 2009 2682 qui
2061 2617 2283 2681 prepter
2339 2611 2515 2665 nostri
2581 2623 2821 2663 amorem
2867 2609 2920 2662 in
2975 2608 3215 2661 animum
3270 2605 3487 2660 induxit

1917 2704 2202 2759 nobiscum
2235 2703 2461 2766 versari,
2490 2709 2543 2757 et
2572 2700 2743 2755 voluit
2781 2715 2907 2755 cum
2946 2714 3043 2755 sua
3096 2705 3295 2754 natura
3352 2711 3485 2752 nos-

1917 2804 2057 2850 tram
2121 2793 2527 2851 eonnumerari.
2590 2792 2701 2848 Deo
2759 2798 2941 2845 autem
3008 2790 3119 2845 sint
3175 2788 3364 2860 gratia:
3412 2788 3485 2843 ob

1916 2891 2120 2945 donum
2173 2888 2294 2959 ejus
2328 2886 2622 2942 ineffabile.
2678 2885 2744 2939 Et
2786 2884 2903 2939 haec
2937 2882 3156 2954 quidem
3194 2882 3482 2937 hactenus.

1916 2983 2184 3049 Quoniam
2223 2990 2403 3035 autem
2446 2980 2682 3036 Severus
2720 2990 2745 3019 α
2774 2978 2920 3034 solas
2949 2981 3191 3032 sectatur
3215 2988 3399 3037 voces,
3430 2981 3486 3026 ct

1917 3075 1973 3128 in
2027 3074 2159 3128 solis
2209 3073 2391 3126 verbis
2452 3079 2507 3125 et
2565 3070 2716 3125 sonis
2755 3069 2987 3124 collocat
3042 3066 3321 3136 pietatem,
3356 3064 3487 3118 licet

1918 3167 2063 3220 dicat
2092 3163 2409 3235 Apostolus,
2446 3160 2570 3215 Non
2603 3162 2742 3215 enim
2774 3161 2828 3213 in
2861 3174 3097 3212 sermone
3147 3164 3223 3209 est
3271 3171 3487 3225 regnum

1921 3254 2035 3317 Dei,
2069 3252 2158 3308 sed
2188 3253 2242 3306 in
2270 3253 2461 3307 virtute
2496 3261 2544 3304 et
2576 3250 2793 3305 veritate
2825 3247 2890 3313 ³⁸,
2922 3246 2969 3301 is
3004 3251 3183 3299 autem
3218 3242 3361 3313 apud
3390 3240 3490 3295 Se-

1915 3354 2104 3402 verum
2139 3344 2378 3415 optimus
2403 3341 2716 3412 agnoscitur
2752 3338 3056 3406 theologus,
3088 3333 3183 3404 qui
3236 3332 3294 3385 in
3351 3346 3489 3403 pra:-

1916 3434 2243 3489 dicamentis
2294 3430 2647 3495 Aristotelis,
2698 3428 2836 3484 etin
2894 3423 3107 3480 caeteris
3161 3436 3283 3492 qua:
3340 3418 3484 3490 apud

1915 3531 2173 3579 externos
2204 3521 2561 3592 philosophos
2594 3528 2724 3574 sunt
2758 3516 3042 3589 praeclara,
3080 3513 3244 3569 fuerit
3273 3511 3485 3567 exerci-

1918 3623 2084 3679 tatus,
2134 3628 2364 3669 necesse
2410 3623 2495 3667 est
2539 3626 2639 3667 nos
2693 3609 2999 3681 significata
3047 3603 3487 3674 uniuscujusque

1917 3706 2174 3763 dictionis
2203 3720 2392 3761 eorum
2422 3719 2544 3774 quae
2575 3703 2939 3773 accipiuntur,
2971 3705 3233 3768 tanquam
3267 3703 3488 3752 senten-

1916 3800 2007 3855 tia:
2035 3799 2088 3853 in
2116 3798 2185 3854 iis
2210 3812 2331 3868 quae
2361 3796 2622 3852 dicuntur
2667 3791 2811 3864 apud
2847 3791 3134 3852 Severum,
3178 3795 3487 3857 opportune

1917 3890 2225 3954 declarare,
2248 3903 2313 3944 ex
2338 3885 2610 3943 sententia
2641 3882 2927 3939 doctorum
2959 3878 3482 3942 ecclesiasticorum,

1921 3983 1977 4037 in
2004 3998 2112 4052 qua
2141 3996 2204 4037 ea
2237 3984 2567 4050 acceperunt
2592 4016 2606 4042 ,
2637 3974 2813 4046 utqui
2842 3973 2896 4027 in
2942 3972 3113 4027 libros
3144 3970 3484 4037 subscriptos

1921 4074 2232 4140 inciderint,
2258 4071 2470 4144 possint
2495 4083 2619 4125 cum
2647 4069 2884 4139 primum
2908 4065 3157 4135 legerint,
3182 4062 3484 4131 intelligere

230 4173 343 4226 vim
376 4183 570 4225 eorum
608 4182 733 4237 qua:
786 4166 1087 4229 dicuntur,
1154 4179 1331 4234 neque
1384 4171 1607 4234 prepler
1662 4162 2059 4234 ignorationem
2142 4162 2559 4238 signiﬁcationis
2612 4159 2912 4217 dictionum
2961 4148 3351 4228 impediantur,
3414 4163 3484 4204 ne

229 4256 708 4331 comprehendant
735 4270 799 4310 ea
822 4269 943 4325 quae
969 4262 1095 4310 sunt
1126 4254 1179 4309 in
1212 4252 1346 4323 ipsis
1375 4253 1732 4309 theoremata.

300 4421 345 4452 ’θ
377 4417 573 4475 Matth.
611 4431 698 4483 ιιι,
737 4414 836 4481 32;
876 4413 1038 4467 Marc.
1071 4409 1275 4476 “.42;
1316 4406 1449 4463 Luc.
1493 4425 1573 4477 ιιι,
1618 4408 1703 4463 i7.
1782 4407 1817 4439 ³⁴

1919 4405 2037 4462 Cor.
2071 4420 2144 4469 ιν,
2180 4404 2268 4460 20.

304 4588 328 4617 ‘
355 4578 439 4638 Cf.
476 4578 645 4636 Fabr.
687 4574 922 4639 Notitia,
994 4586 1179 4643 supra,
1223 4571 1326 4625 col.
1368 4568 1457 4622 Ἡ.

560 5857 834 5919 Panos.
882 5852 997 5914 Gn.
1048 5851 1096 5911 Χ
1113 5851 1236 5911 ΙΝ.
